  <div class='ocr_page' id='page_1' title='image "/cluster/home/n/w/nwhite01/storage/ocr_20150623/20/hvd.32044015471352/483.png"; bbox 0 0 4070 6346; ppageno 0'>
   <div class='ocr_carea' id='block_1_1' title="bbox 501 227 600 285">
    <p class='ocr_par' dir='ltr' id='par_1_1' title="bbox 501 227 600 285">
     <span class='ocr_line' id='line_1_1' title="bbox 501 227 600 285; baseline 0.02 -2"><span class='ocrx_word' id='word_1_1' title='bbox 501 227 600 285; x_wconf 81' lang='grc'><strong>951</strong></span> 
     </span>
    </p>
   </div>
   <div class='ocr_carea' id='block_1_2' title="bbox 1562 221 2697 283">
    <p class='ocr_par' dir='ltr' id='par_1_2' title="bbox 1562 221 2697 283">
     <span class='ocr_line' id='line_1_2' title="bbox 1562 221 2697 283; baseline -0.004 -1"><span class='ocrx_word' id='word_1_2' title='bbox 1562 225 1616 282; x_wconf 89' lang='lat' dir='ltr'><strong>S.</strong></span> <span class='ocrx_word' id='word_1_3' title='bbox 1663 221 2040 283; x_wconf 83' lang='lat' dir='ltr'><strong>GAUDENTII</strong></span> <span class='ocrx_word' id='word_1_4' title='bbox 2081 222 2342 280; x_wconf 68' lang='lat' dir='ltr'><strong>BRIXM‘J</strong></span> <span class='ocrx_word' id='word_1_5' title='bbox 2384 221 2697 280; x_wconf 80' lang='lat' dir='ltr'><strong>EPISCOPI</strong></span> 
     </span>
    </p>
   </div>
   <div class='ocr_carea' id='block_1_3' title="bbox 3689 221 3790 280">
    <p class='ocr_par' dir='ltr' id='par_1_3' title="bbox 3689 221 3790 280">
     <span class='ocr_line' id='line_1_3' title="bbox 3689 221 3790 280; baseline 0 0"><span class='ocrx_word' id='word_1_6' title='bbox 3689 221 3790 280; x_wconf 67' lang='lat'><strong>952</strong></span> 
     </span>
    </p>
   </div>
   <div class='ocr_carea' id='block_1_4' title="bbox 499 337 3791 415">
    <p class='ocr_par' dir='ltr' id='par_1_4' title="bbox 499 337 3791 415">
     <span class='ocr_line' id='line_1_4' title="bbox 499 337 3791 415; baseline -0.002 -16"><span class='ocrx_word' id='word_1_7' title='bbox 499 343 630 415; x_wconf 86' lang='lat' dir='ltr'><strong>legii</strong></span> <span class='ocrx_word' id='word_1_8' title='bbox 657 343 914 411; x_wconf 87' lang='lat' dir='ltr'><strong>discutit,</strong></span> <span class='ocrx_word' id='word_1_9' title='bbox 947 351 1040 398; x_wconf 91' lang='lat' dir='ltr'><strong>aut</strong></span> <span class='ocrx_word' id='word_1_10' title='bbox 1068 343 1290 414; x_wconf 87' lang='lat' dir='ltr'><strong>impune</strong></span> <span class='ocrx_word' id='word_1_11' title='bbox 1316 341 1639 399; x_wconf 90' lang='lat' dir='ltr'><strong>contemnit.</strong></span> <span class='ocrx_word' id='word_1_12' title='bbox 1671 339 1802 394; x_wconf 86' lang='lat' dir='ltr'><strong>Nam</strong></span> <span class='ocrx_word' id='word_1_13' title='bbox 1834 355 2013 409; x_wconf 91' lang='lat' dir='ltr'><strong>neque</strong></span> <span class='ocrx_word' id='word_1_14' title='bbox 2044 340 2098 395; x_wconf 91' lang='lat' dir='ltr'><strong>in</strong></span> <span class='ocrx_word' id='word_1_15' title='bbox 2125 343 2178 404; x_wconf 83' lang='grc' dir='ltr'><strong>Α</strong></span> <span class='ocrx_word' id='word_1_16' title='bbox 2204 339 2516 415; x_wconf 87' lang='lat' dir='ltr'><strong>mandatum</strong></span> <span class='ocrx_word' id='word_1_17' title='bbox 2545 353 2766 395; x_wconf 88' lang='lat' dir='ltr'><strong>servare</strong></span> <span class='ocrx_word' id='word_1_18' title='bbox 2795 341 2968 406; x_wconf 90' lang='lat' dir='ltr'><strong>potuit</strong></span> <span class='ocrx_word' id='word_1_19' title='bbox 2992 346 3047 395; x_wconf 91' lang='lat' dir='ltr'><strong>et</strong></span> <span class='ocrx_word' id='word_1_20' title='bbox 3077 353 3182 394; x_wconf 91' lang='lat' dir='ltr'><strong>non</strong></span> <span class='ocrx_word' id='word_1_21' title='bbox 3217 338 3449 395; x_wconf 90' lang='lat' dir='ltr'><strong>studuit.</strong></span> <span class='ocrx_word' id='word_1_22' title='bbox 3475 337 3654 394; x_wconf 84' lang='lat' dir='ltr'><strong>Arbor</strong></span> <span class='ocrx_word' id='word_1_23' title='bbox 3678 339 3791 409; x_wconf 89' lang='lat' dir='ltr'><strong>qui-</strong></span> 
     </span>
    </p>
   </div>
   <div class='ocr_carea' id='block_1_5' title="bbox 500 434 2097 506">
    <p class='ocr_par' dir='ltr' id='par_1_5' title="bbox 500 434 2097 506">
     <span class='ocr_line' id='line_1_5' title="bbox 500 434 2097 506; baseline -0.004 -12"><span class='ocrx_word' id='word_1_24' title='bbox 500 440 593 495; x_wconf 89' lang='lat' dir='ltr'><strong>illa</strong></span> <span class='ocrx_word' id='word_1_25' title='bbox 620 440 816 495; x_wconf 87' lang='lat' dir='ltr'><strong>arbore</strong></span> <span class='ocrx_word' id='word_1_26' title='bbox 854 439 1036 494; x_wconf 88' lang='lat' dir='ltr'><strong>inesse</strong></span> <span class='ocrx_word' id='word_1_27' title='bbox 1065 437 1266 492; x_wconf 85' lang='lat' dir='ltr'><strong>malum</strong></span> <span class='ocrx_word' id='word_1_28' title='bbox 1299 436 1471 506; x_wconf 86' lang='lat' dir='ltr'><strong>potuit</strong></span> <span class='ocrx_word' id='word_1_29' title='bbox 1497 449 1657 506; x_wconf 85' lang='lat' dir='ltr'><strong>quam</strong></span> <span class='ocrx_word' id='word_1_30' title='bbox 1703 434 1845 489; x_wconf 90' lang='lat' dir='ltr'><strong>inter</strong></span> <span class='ocrx_word' id='word_1_31' title='bbox 1869 441 2097 488; x_wconf 63' lang='lat' dir='ltr'><strong>creteras</strong></span> 
     </span>
    </p>
   </div>
   <div class='ocr_carea' id='block_1_6' title="bbox 504 523 2099 595">
    <p class='ocr_par' dir='ltr' id='par_1_6' title="bbox 504 523 2099 595">
     <span class='ocr_line' id='line_1_6' title="bbox 504 523 2099 595; baseline -0.005 -9"><span class='ocrx_word' id='word_1_32' title='bbox 504 530 732 586; x_wconf 82' lang='lat' dir='ltr'><strong>arbores</strong></span> <span class='ocrx_word' id='word_1_33' title='bbox 762 529 1006 584; x_wconf 90' lang='lat' dir='ltr'><strong>Paradisi</strong></span> <span class='ocrx_word' id='word_1_34' title='bbox 1039 529 1216 583; x_wconf 91' lang='lat' dir='ltr'><strong>bonus</strong></span> <span class='ocrx_word' id='word_1_35' title='bbox 1259 527 1486 582; x_wconf 85' lang='lat' dir='ltr'><strong>Creator</strong></span> <span class='ocrx_word' id='word_1_36' title='bbox 1512 525 1852 595; x_wconf 88' lang='lat' dir='ltr'><strong>plantaverat</strong></span> <span class='ocrx_word' id='word_1_37' title='bbox 1887 540 1902 590; x_wconf 90' lang='lat'><strong>;</strong></span> <span class='ocrx_word' id='word_1_38' title='bbox 1939 523 2099 595; x_wconf 84' lang='lat' dir='ltr'><strong>cujus</strong></span> 
     </span>
    </p>
   </div>
   <div class='ocr_carea' id='block_1_7' title="bbox 501 617 2098 690">
    <p class='ocr_par' dir='ltr' id='par_1_7' title="bbox 501 617 2098 690">
     <span class='ocr_line' id='line_1_7' title="bbox 501 617 2098 690; baseline -0.004 -12"><span class='ocrx_word' id='word_1_39' title='bbox 501 623 713 679; x_wconf 81' lang='lat' dir='ltr'><strong>fructus</strong></span> <span class='ocrx_word' id='word_1_40' title='bbox 742 624 814 678; x_wconf 90' lang='lat' dir='ltr'><strong>ita</strong></span> <span class='ocrx_word' id='word_1_41' title='bbox 836 631 955 678; x_wconf 87' lang='lat' dir='ltr'><strong>erat</strong></span> <span class='ocrx_word' id='word_1_42' title='bbox 975 620 1277 690; x_wconf 86' lang='lat' dir='ltr'><strong>speciosus,</strong></span> <span class='ocrx_word' id='word_1_43' title='bbox 1305 634 1369 676; x_wconf 89' lang='lat' dir='ltr'><strong>ac</strong></span> <span class='ocrx_word' id='word_1_44' title='bbox 1389 618 1586 686; x_wconf 83' lang='lat' dir='ltr'><strong>dulcis,</strong></span> <span class='ocrx_word' id='word_1_45' title='bbox 1609 627 1670 674; x_wconf 88' lang='lat' dir='ltr'><strong>ut</strong></span> <span class='ocrx_word' id='word_1_46' title='bbox 1695 617 2098 688; x_wconf 86' lang='lat' dir='ltr'><strong>concupiscen-</strong></span> 
     </span>
    </p>
   </div>
   <div class='ocr_carea' id='block_1_8' title="bbox 502 712 2102 788">
    <p class='ocr_par' dir='ltr' id='par_1_8' title="bbox 502 712 2102 788">
     <span class='ocr_line' id='line_1_8' title="bbox 502 712 2102 788; baseline -0.004 -15"><span class='ocrx_word' id='word_1_47' title='bbox 502 719 635 774; x_wconf 86' lang='lat' dir='ltr'><strong>tiam</strong></span> <span class='ocrx_word' id='word_1_48' title='bbox 664 725 954 788; x_wconf 67' lang='lat' dir='ltr'><strong>praestaret</strong></span> <span class='ocrx_word' id='word_1_49' title='bbox 992 715 1186 779; x_wconf 90' lang='lat' dir='ltr'><strong>oculis,</strong></span> <span class='ocrx_word' id='word_1_50' title='bbox 1234 715 1377 785; x_wconf 70' lang='lat' dir='ltr'><strong>gulae</strong></span> <span class='ocrx_word' id='word_1_51' title='bbox 1410 714 1730 769; x_wconf 88' lang='lat' dir='ltr'><strong>conciliaret</strong></span> <span class='ocrx_word' id='word_1_52' title='bbox 1762 712 2102 767; x_wconf 88' lang='lat' dir='ltr'><strong>illecebram.</strong></span> 
     </span>
    </p>
   </div>
   <div class='ocr_carea' id='block_1_9' title="bbox 511 805 2103 882">
    <p class='ocr_par' dir='ltr' id='par_1_9' title="bbox 511 805 2103 882">
     <span class='ocr_line' id='line_1_9' title="bbox 511 805 2103 882; baseline -0.008 -12"><span class='ocrx_word' id='word_1_53' title='bbox 511 812 786 882; x_wconf 86' lang='lat' dir='ltr'><strong>Scriptum</strong></span> <span class='ocrx_word' id='word_1_54' title='bbox 829 819 913 866; x_wconf 86' lang='lat' dir='ltr'><strong>est</strong></span> <span class='ocrx_word' id='word_1_55' title='bbox 949 809 1094 864; x_wconf 88' lang='lat' dir='ltr'><strong>enim</strong></span> <span class='ocrx_word' id='word_1_56' title='bbox 1129 825 1142 860; x_wconf 90' lang='lat'><strong>:</strong></span> <span class='ocrx_word' id='word_1_57' title='bbox 1187 806 1254 861; x_wconf 86' lang='lat' dir='ltr'><strong>Et</strong></span> <span class='ocrx_word' id='word_1_58' title='bbox 1295 807 1422 862; x_wconf 81' lang='lat' dir='ltr'><strong>uidit</strong></span> <span class='ocrx_word' id='word_1_59' title='bbox 1451 806 1638 860; x_wconf 80' lang='lat' dir='ltr'><strong>mulier</strong></span> <span class='ocrx_word' id='word_1_60' title='bbox 1677 807 1902 877; x_wconf 80' lang='lat' dir='ltr'><strong>fructum</strong></span> <span class='ocrx_word' id='word_1_61' title='bbox 1942 805 2103 877; x_wconf 80' lang='lat' dir='ltr'><strong>ligni,</strong></span> 
     </span>
    </p>
   </div>
   <div class='ocr_carea' id='block_1_10' title="bbox 506 899 2106 978">
    <p class='ocr_par' dir='ltr' id='par_1_10' title="bbox 506 899 2106 978">
     <span class='ocr_line' id='line_1_10' title="bbox 506 899 2106 978; baseline -0.006 -19"><span class='ocrx_word' id='word_1_62' title='bbox 506 906 632 978; x_wconf 83' lang='lat' dir='ltr'><strong>quia</strong></span> <span class='ocrx_word' id='word_1_63' title='bbox 659 911 838 974; x_wconf 88' lang='lat' dir='ltr'><strong>gratus</strong></span> <span class='ocrx_word' id='word_1_64' title='bbox 866 910 938 956; x_wconf 88' lang='lat' dir='ltr'><strong>est</strong></span> <span class='ocrx_word' id='word_1_65' title='bbox 968 900 1037 954; x_wconf 89' lang='lat' dir='ltr'><strong>ad</strong></span> <span class='ocrx_word' id='word_1_66' title='bbox 1064 908 1327 972; x_wconf 78' lang='lat' dir='ltr'><strong>aspectum</strong></span> <span class='ocrx_word' id='word_1_67' title='bbox 1349 945 1362 967; x_wconf 94' lang='lat'><strong>,</strong></span> <span class='ocrx_word' id='word_1_68' title='bbox 1406 909 1452 954; x_wconf 81' lang='lat' dir='ltr'><strong>et</strong></span> <span class='ocrx_word' id='word_1_69' title='bbox 1479 899 1648 954; x_wconf 77' lang='lat' dir='ltr'><strong>dulcis</strong></span> <span class='ocrx_word' id='word_1_70' title='bbox 1685 902 1754 953; x_wconf 88' lang='lat' dir='ltr'><strong>ad</strong></span> <span class='ocrx_word' id='word_1_71' title='bbox 1792 915 1962 954; x_wconf 85' lang='lat' dir='ltr'><strong>escam</strong></span> <span class='ocrx_word' id='word_1_72' title='bbox 1995 913 2013 950; x_wconf 85' lang='lat'><strong><em>:</em></strong></span> <span class='ocrx_word' id='word_1_73' title='bbox 2059 904 2106 950; x_wconf 88' lang='lat' dir='ltr'><strong>et</strong></span> 
     </span>
    </p>
   </div>
   <div class='ocr_carea' id='block_1_11' title="bbox 509 989 2107 1069">
    <p class='ocr_par' dir='ltr' id='par_1_11' title="bbox 509 989 2107 1069">
     <span class='ocr_line' id='line_1_11' title="bbox 509 989 2107 1069; baseline -0.004 -19"><span class='ocrx_word' id='word_1_74' title='bbox 509 1000 722 1069; x_wconf 85' lang='lat' dir='ltr'><strong>accepit,</strong></span> <span class='ocrx_word' id='word_1_75' title='bbox 755 1005 801 1051; x_wconf 88' lang='lat' dir='ltr'><strong>et</strong></span> <span class='ocrx_word' id='word_1_76' title='bbox 823 994 1172 1060; x_wconf 78' lang='lat' dir='ltr'><strong>manducavit,</strong></span> <span class='ocrx_word' id='word_1_77' title='bbox 1198 1002 1244 1046; x_wconf 88' lang='lat' dir='ltr'><strong>et</strong></span> <span class='ocrx_word' id='word_1_78' title='bbox 1263 993 1405 1048; x_wconf 84' lang='lat' dir='ltr'><strong>dedit</strong></span> <span class='ocrx_word' id='word_1_79' title='bbox 1426 995 1538 1047; x_wconf 88' lang='lat' dir='ltr'><strong>viro</strong></span> <span class='ocrx_word' id='word_1_80' title='bbox 1567 1010 1663 1048; x_wconf 90' lang='lat' dir='ltr'><strong>suo</strong></span> <span class='ocrx_word' id='word_1_81' title='bbox 1686 991 1844 1064; x_wconf 87' lang='lat' dir='ltr'><strong>(Gen.</strong></span> <span class='ocrx_word' id='word_1_82' title='bbox 1871 990 1974 1061; x_wconf 88' lang='lat' dir='ltr'><strong>tu).</strong></span> <span class='ocrx_word' id='word_1_83' title='bbox 1998 989 2107 1046; x_wconf 86' lang='lat' dir='ltr'><strong>Sed</strong></span> 
     </span>
    </p>
   </div>
   <div class='ocr_carea' id='block_1_12' title="bbox 507 1085 2112 1158">
    <p class='ocr_par' dir='ltr' id='par_1_12' title="bbox 507 1085 2112 1158">
     <span class='ocr_line' id='line_1_12' title="bbox 507 1085 2112 1158; baseline -0.004 -13"><span class='ocrx_word' id='word_1_84' title='bbox 507 1090 554 1146; x_wconf 88' lang='lat' dir='ltr'><strong>si</strong></span> <span class='ocrx_word' id='word_1_85' title='bbox 587 1089 725 1144; x_wconf 81' lang='lat' dir='ltr'><strong>forte</strong></span> <span class='ocrx_word' id='word_1_86' title='bbox 752 1088 957 1143; x_wconf 81' lang='lat' dir='ltr'><strong>dixeris</strong></span> <span class='ocrx_word' id='word_1_87' title='bbox 979 1131 994 1154; x_wconf 92' lang='lat'><strong>,</strong></span> <span class='ocrx_word' id='word_1_88' title='bbox 1031 1103 1138 1142; x_wconf 89' lang='lat' dir='ltr'><strong>non</strong></span> <span class='ocrx_word' id='word_1_89' title='bbox 1176 1102 1339 1141; x_wconf 90' lang='lat' dir='ltr'><strong>omne</strong></span> <span class='ocrx_word' id='word_1_90' title='bbox 1369 1087 1510 1156; x_wconf 89' lang='lat' dir='ltr'><strong>quod</strong></span> <span class='ocrx_word' id='word_1_91' title='bbox 1539 1095 1756 1158; x_wconf 87' lang='lat' dir='ltr'><strong>gratum</strong></span> <span class='ocrx_word' id='word_1_92' title='bbox 1793 1085 2028 1150; x_wconf 88' lang='lat' dir='ltr'><strong>videtur,</strong></span> <span class='ocrx_word' id='word_1_93' title='bbox 2056 1093 2112 1138; x_wconf 88' lang='lat' dir='ltr'><strong>et</strong></span> 
     </span>
    </p>
   </div>
   <div class='ocr_carea' id='block_1_13' title="bbox 508 1178 2112 1252">
    <p class='ocr_par' dir='ltr' id='par_1_13' title="bbox 508 1178 2112 1252">
     <span class='ocr_line' id='line_1_13' title="bbox 508 1178 2112 1252; baseline -0.001 -14"><span class='ocrx_word' id='word_1_94' title='bbox 508 1183 706 1248; x_wconf 88' lang='lat' dir='ltr'><strong>dulce,</strong></span> <span class='ocrx_word' id='word_1_95' title='bbox 739 1183 940 1237; x_wconf 88' lang='lat' dir='ltr'><strong>bonum</strong></span> <span class='ocrx_word' id='word_1_96' title='bbox 971 1196 1188 1251; x_wconf 90' lang='lat' dir='ltr'><strong>quoque</strong></span> <span class='ocrx_word' id='word_1_97' title='bbox 1235 1196 1380 1246; x_wconf 79' lang='lat' dir='ltr'><strong>esse,</strong></span> <span class='ocrx_word' id='word_1_98' title='bbox 1417 1180 1544 1252; x_wconf 89' lang='lat' dir='ltr'><strong>quia</strong></span> <span class='ocrx_word' id='word_1_99' title='bbox 1578 1181 1688 1235; x_wconf 92' lang='lat' dir='ltr'><strong>sint</strong></span> <span class='ocrx_word' id='word_1_100' title='bbox 1721 1180 1899 1250; x_wconf 87' lang='lat' dir='ltr'><strong>aliqua</strong></span> <span class='ocrx_word' id='word_1_101' title='bbox 1938 1178 2112 1238; x_wconf 85' lang='lat' dir='ltr'><strong>etiam</strong></span> 
     </span>
    </p>
   </div>
   <div class='ocr_carea' id='block_1_14' title="bbox 512 1273 2108 1346">
    <p class='ocr_par' dir='ltr' id='par_1_14' title="bbox 512 1273 2108 1346">
     <span class='ocr_line' id='line_1_14' title="bbox 512 1273 2108 1346; baseline 0.001 -16"><span class='ocrx_word' id='word_1_102' title='bbox 512 1277 646 1332; x_wconf 86' lang='lat' dir='ltr'><strong>mala</strong></span> <span class='ocrx_word' id='word_1_103' title='bbox 675 1318 689 1342; x_wconf 95' lang='lat'><strong>,</strong></span> <span class='ocrx_word' id='word_1_104' title='bbox 739 1291 859 1344; x_wconf 65' lang='lat' dir='ltr'><strong>quae</strong></span> <span class='ocrx_word' id='word_1_105' title='bbox 904 1285 1055 1345; x_wconf 88' lang='lat' dir='ltr'><strong>grata</strong></span> <span class='ocrx_word' id='word_1_106' title='bbox 1097 1274 1406 1340; x_wconf 88' lang='lat' dir='ltr'><strong>videantur,</strong></span> <span class='ocrx_word' id='word_1_107' title='bbox 1465 1285 1520 1327; x_wconf 91' lang='lat' dir='ltr'><strong>et</strong></span> <span class='ocrx_word' id='word_1_108' title='bbox 1574 1273 1760 1328; x_wconf 82' lang='lat' dir='ltr'><strong>dulcia</strong></span> <span class='ocrx_word' id='word_1_109' title='bbox 1814 1290 1828 1339; x_wconf 93' lang='lat'><strong>;</strong></span> <span class='ocrx_word' id='word_1_110' title='bbox 1877 1283 1901 1311; x_wconf 71' lang='grc'><strong><em>⁸</em></strong></span> <span class='ocrx_word' id='word_1_111' title='bbox 1943 1277 2108 1346; x_wconf 90' lang='lat' dir='ltr'><strong>cedo,</strong></span> 
     </span>
    </p>
   </div>
   <div class='ocr_carea' id='block_1_15' title="bbox 506 1366 2114 1440">
    <p class='ocr_par' dir='ltr' id='par_1_15' title="bbox 506 1366 2114 1440">
     <span class='ocr_line' id='line_1_15' title="bbox 506 1366 2114 1440; baseline 0 -16"><span class='ocrx_word' id='word_1_112' title='bbox 506 1371 822 1440; x_wconf 82' lang='lat' dir='ltr'><strong>acquiesco,</strong></span> <span class='ocrx_word' id='word_1_113' title='bbox 849 1367 1156 1423; x_wconf 87' lang='lat' dir='ltr'><strong>consentio.</strong></span> <span class='ocrx_word' id='word_1_114' title='bbox 1191 1367 1299 1421; x_wconf 82' lang='lat' dir='ltr'><strong>Mel</strong></span> <span class='ocrx_word' id='word_1_115' title='bbox 1333 1367 1478 1423; x_wconf 89' lang='lat' dir='ltr'><strong>enim</strong></span> <span class='ocrx_word' id='word_1_116' title='bbox 1505 1366 1754 1431; x_wconf 83' lang='lat' dir='ltr'><strong>distillat,</strong></span> <span class='ocrx_word' id='word_1_117' title='bbox 1789 1375 1847 1421; x_wconf 91' lang='lat' dir='ltr'><strong>ut</strong></span> <span class='ocrx_word' id='word_1_118' title='bbox 1869 1367 1945 1422; x_wconf 90' lang='lat' dir='ltr'><strong>ait</strong></span> <span class='ocrx_word' id='word_1_119' title='bbox 1967 1368 2114 1425; x_wconf 89' lang='lat' dir='ltr'><strong>Scri-</strong></span> 
     </span>
    </p>
   </div>
   <div class='ocr_carea' id='block_1_16' title="bbox 511 1461 2117 1532">
    <p class='ocr_par' dir='ltr' id='par_1_16' title="bbox 511 1461 2117 1532">
     <span class='ocr_line' id='line_1_16' title="bbox 511 1461 2117 1532; baseline 0.003 -18"><span class='ocrx_word' id='word_1_120' title='bbox 511 1473 665 1528; x_wconf 86' lang='lat' dir='ltr'><strong>ptura</strong></span> <span class='ocrx_word' id='word_1_121' title='bbox 695 1506 708 1529; x_wconf 93' lang='lat'><strong>,</strong></span> <span class='ocrx_word' id='word_1_122' title='bbox 761 1480 792 1515; x_wconf 91' lang='lat' dir='ltr'><strong>a</strong></span> <span class='ocrx_word' id='word_1_123' title='bbox 840 1462 994 1516; x_wconf 82' lang='lat' dir='ltr'><strong>labiis</strong></span> <span class='ocrx_word' id='word_1_124' title='bbox 1044 1461 1277 1515; x_wconf 78' lang='lat' dir='ltr'><strong>mulieris</strong></span> <span class='ocrx_word' id='word_1_125' title='bbox 1323 1461 1630 1526; x_wconf 85' lang='lat' dir='ltr'><strong>meretricis,</strong></span> <span class='ocrx_word' id='word_1_126' title='bbox 1671 1477 1787 1531; x_wconf 72' lang='lat' dir='ltr'><strong>qua:</strong></span> <span class='ocrx_word' id='word_1_127' title='bbox 1816 1462 1884 1515; x_wconf 91' lang='lat' dir='ltr'><strong>ad</strong></span> <span class='ocrx_word' id='word_1_128' title='bbox 1913 1473 2117 1532; x_wconf 78' lang='lat' dir='ltr'><strong>tempus</strong></span> 
     </span>
    </p>
   </div>
   <div class='ocr_carea' id='block_1_17' title="bbox 511 1555 2116 1628">
    <p class='ocr_par' dir='ltr' id='par_1_17' title="bbox 511 1555 2116 1628">
     <span class='ocr_line' id='line_1_17' title="bbox 511 1555 2116 1628; baseline 0.001 -18"><span class='ocrx_word' id='word_1_129' title='bbox 511 1556 847 1628; x_wconf 78' lang='lat' dir='ltr'><strong>bimpinguat</strong></span> <span class='ocrx_word' id='word_1_130' title='bbox 891 1557 1063 1627; x_wconf 82' lang='lat' dir='ltr'><strong>fauces</strong></span> <span class='ocrx_word' id='word_1_131' title='bbox 1095 1571 1246 1621; x_wconf 86' lang='lat' dir='ltr'><strong>suas;</strong></span> <span class='ocrx_word' id='word_1_132' title='bbox 1291 1555 1631 1609; x_wconf 81' lang='lat' dir='ltr'><strong>novissimum</strong></span> <span class='ocrx_word' id='word_1_133' title='bbox 1673 1565 1845 1610; x_wconf 86' lang='lat' dir='ltr'><strong>autem</strong></span> <span class='ocrx_word' id='word_1_134' title='bbox 1887 1559 2116 1612; x_wconf 79' lang='lat' dir='ltr'><strong>anterius</strong></span> 
     </span>
    </p>
   </div>
   <div class='ocr_carea' id='block_1_18' title="bbox 509 1647 2118 1722">
    <p class='ocr_par' dir='ltr' id='par_1_18' title="bbox 509 1647 2118 1722">
     <span class='ocr_line' id='line_1_18' title="bbox 509 1647 2118 1722; baseline 0.001 -19"><span class='ocrx_word' id='word_1_135' title='bbox 509 1648 636 1722; x_wconf 79' lang='lat' dir='ltr'><strong>felle</strong></span> <span class='ocrx_word' id='word_1_136' title='bbox 677 1649 925 1714; x_wconf 84' lang='lat' dir='ltr'><strong>inuenies,</strong></span> <span class='ocrx_word' id='word_1_137' title='bbox 963 1657 1012 1702; x_wconf 87' lang='lat' dir='ltr'><strong>et</strong></span> <span class='ocrx_word' id='word_1_138' title='bbox 1055 1649 1260 1702; x_wconf 83' lang='lat' dir='ltr'><strong>acutius</strong></span> <span class='ocrx_word' id='word_1_139' title='bbox 1304 1647 1482 1718; x_wconf 84' lang='lat' dir='ltr'><strong>gladio</strong></span> <span class='ocrx_word' id='word_1_140' title='bbox 1525 1657 1742 1718; x_wconf 89' lang='lat' dir='ltr'><strong>utraque</strong></span> <span class='ocrx_word' id='word_1_141' title='bbox 1781 1658 1928 1716; x_wconf 86' lang='lat' dir='ltr'><strong>parte</strong></span> <span class='ocrx_word' id='word_1_142' title='bbox 1965 1658 2118 1704; x_wconf 88' lang='lat' dir='ltr'><strong>acuto</strong></span> 
     </span>
    </p>
   </div>
   <div class='ocr_carea' id='block_1_19' title="bbox 2203 429 3794 502">
    <p class='ocr_par' dir='ltr' id='par_1_19' title="bbox 2203 429 3794 502">
     <span class='ocr_line' id='line_1_19' title="bbox 2203 429 3794 502; baseline 0 -15"><span class='ocrx_word' id='word_1_143' title='bbox 2203 431 2326 487; x_wconf 90' lang='lat' dir='ltr'><strong>dem</strong></span> <span class='ocrx_word' id='word_1_144' title='bbox 2351 431 2514 500; x_wconf 88' lang='lat' dir='ltr'><strong>bona,</strong></span> <span class='ocrx_word' id='word_1_145' title='bbox 2540 443 2593 486; x_wconf 89' lang='lat' dir='ltr'><strong>et</strong></span> <span class='ocrx_word' id='word_1_146' title='bbox 2617 430 2830 486; x_wconf 83' lang='lat' dir='ltr'><strong>fructus</strong></span> <span class='ocrx_word' id='word_1_147' title='bbox 2852 430 3070 502; x_wconf 86' lang='lat' dir='ltr'><strong>quidem</strong></span> <span class='ocrx_word' id='word_1_148' title='bbox 3095 430 3270 485; x_wconf 88' lang='lat' dir='ltr'><strong>bonus</strong></span> <span class='ocrx_word' id='word_1_149' title='bbox 3295 447 3311 497; x_wconf 89' lang='lat'><strong>;</strong></span> <span class='ocrx_word' id='word_1_150' title='bbox 3346 429 3442 486; x_wconf 87' lang='lat' dir='ltr'><strong>sed</strong></span> <span class='ocrx_word' id='word_1_151' title='bbox 3473 430 3794 501; x_wconf 70' lang='lat' dir='ltr'><strong>praevarica-</strong></span> 
     </span>
    </p>
   </div>
   <div class='ocr_carea' id='block_1_20' title="bbox 2203 522 3796 596">
    <p class='ocr_par' dir='ltr' id='par_1_20' title="bbox 2203 522 3796 596">
     <span class='ocr_line' id='line_1_20' title="bbox 2203 522 3796 596; baseline 0.003 -17"><span class='ocrx_word' id='word_1_152' title='bbox 2203 523 2282 580; x_wconf 91' lang='lat' dir='ltr'><strong>tio</strong></span> <span class='ocrx_word' id='word_1_153' title='bbox 2313 522 2553 579; x_wconf 81' lang='lat' dir='ltr'><strong>mandati</strong></span> <span class='ocrx_word' id='word_1_154' title='bbox 2584 525 2724 579; x_wconf 88' lang='lat' dir='ltr'><strong>mala</strong></span> <span class='ocrx_word' id='word_1_155' title='bbox 2745 571 2758 594; x_wconf 94' lang='lat'><strong>,</strong></span> <span class='ocrx_word' id='word_1_156' title='bbox 2792 533 2850 581; x_wconf 88' lang='lat' dir='ltr'><strong>et</strong></span> <span class='ocrx_word' id='word_1_157' title='bbox 2878 533 3226 596; x_wconf 85' lang='lat' dir='ltr'><strong>contemptus</strong></span> <span class='ocrx_word' id='word_1_158' title='bbox 3264 525 3361 579; x_wconf 85' lang='lat' dir='ltr'><strong>Dei</strong></span> <span class='ocrx_word' id='word_1_159' title='bbox 3397 525 3606 580; x_wconf 88' lang='lat' dir='ltr'><strong>malus:</strong></span> <span class='ocrx_word' id='word_1_160' title='bbox 3644 535 3796 596; x_wconf 86' lang='lat' dir='ltr'><strong>atque</strong></span> 
     </span>
    </p>
   </div>
   <div class='ocr_carea' id='block_1_21' title="bbox 2206 617 3799 684">
    <p class='ocr_par' dir='ltr' id='par_1_21' title="bbox 2206 617 3799 684">
     <span class='ocr_line' id='line_1_21' title="bbox 2206 617 3799 684; baseline 0 -10"><span class='ocrx_word' id='word_1_161' title='bbox 2206 619 2280 675; x_wconf 87' lang='lat' dir='ltr'><strong>ita</strong></span> <span class='ocrx_word' id='word_1_162' title='bbox 2308 619 2514 672; x_wconf 86' lang='lat' dir='ltr'><strong>malum</strong></span> <span class='ocrx_word' id='word_1_163' title='bbox 2539 633 2649 683; x_wconf 31' lang='lat' dir='ltr'><strong>non,</strong></span> <span class='ocrx_word' id='word_1_164' title='bbox 2678 619 2730 672; x_wconf 91' lang='lat' dir='ltr'><strong>in</strong></span> <span class='ocrx_word' id='word_1_165' title='bbox 2761 618 2873 674; x_wconf 79' lang='lat' dir='ltr'><strong>tetu</strong></span> <span class='ocrx_word' id='word_1_166' title='bbox 2912 619 3126 673; x_wconf 90' lang='lat' dir='ltr'><strong>arboris</strong></span> <span class='ocrx_word' id='word_1_167' title='bbox 3153 626 3263 684; x_wconf 89' lang='lat' dir='ltr'><strong>est,</strong></span> <span class='ocrx_word' id='word_1_168' title='bbox 3319 628 3331 654; x_wconf 86' lang='grc' dir='ltr'><strong>ι</strong></span> <span class='ocrx_word' id='word_1_169' title='bbox 3375 617 3474 672; x_wconf 88' lang='lat' dir='ltr'><strong>sed</strong></span> <span class='ocrx_word' id='word_1_170' title='bbox 3509 618 3562 673; x_wconf 90' lang='lat' dir='ltr'><strong>in</strong></span> <span class='ocrx_word' id='word_1_171' title='bbox 3610 618 3799 674; x_wconf 89' lang='lat' dir='ltr'><strong>volun-</strong></span> 
     </span>
    </p>
   </div>
   <div class='ocr_carea' id='block_1_22' title="bbox 2208 710 3804 782">
    <p class='ocr_par' dir='ltr' id='par_1_22' title="bbox 2208 710 3804 782">
     <span class='ocr_line' id='line_1_22' title="bbox 2208 710 3804 782; baseline 0.001 -16"><span class='ocrx_word' id='word_1_172' title='bbox 2208 719 2321 766; x_wconf 86' lang='lat' dir='ltr'><strong>tate</strong></span> <span class='ocrx_word' id='word_1_173' title='bbox 2344 710 2587 765; x_wconf 89' lang='lat' dir='ltr'><strong>hominis</strong></span> <span class='ocrx_word' id='word_1_174' title='bbox 2620 711 3067 782; x_wconf 86' lang='lat' dir='ltr'><strong>transgressoris.</strong></span> <span class='ocrx_word' id='word_1_175' title='bbox 3099 711 3267 781; x_wconf 84' lang='lat' dir='ltr'><strong>Igitur</strong></span> <span class='ocrx_word' id='word_1_176' title='bbox 3288 711 3333 765; x_wconf 88' lang='lat' dir='ltr'><strong>si</strong></span> <span class='ocrx_word' id='word_1_177' title='bbox 3357 711 3528 766; x_wconf 91' lang='lat' dir='ltr'><strong>unius</strong></span> <span class='ocrx_word' id='word_1_178' title='bbox 3555 711 3804 767; x_wconf 84' lang='lat' dir='ltr'><strong>arbuscu-</strong></span> 
     </span>
    </p>
   </div>
   <div class='ocr_carea' id='block_1_23' title="bbox 2208 805 3802 876">
    <p class='ocr_par' dir='ltr' id='par_1_23' title="bbox 2208 805 3802 876">
     <span class='ocr_line' id='line_1_23' title="bbox 2208 805 3802 876; baseline 0.001 -16"><span class='ocrx_word' id='word_1_179' title='bbox 2208 805 2274 860; x_wconf 66' lang='lat' dir='ltr'><strong>la:</strong></span> <span class='ocrx_word' id='word_1_180' title='bbox 2313 805 2520 861; x_wconf 77' lang='lat' dir='ltr'><strong>fructus</strong></span> <span class='ocrx_word' id='word_1_181' title='bbox 2541 846 2554 870; x_wconf 89' lang='lat'><strong>,</strong></span> <span class='ocrx_word' id='word_1_182' title='bbox 2603 814 2795 861; x_wconf 84' lang='lat' dir='ltr'><strong>contra</strong></span> <span class='ocrx_word' id='word_1_183' title='bbox 2826 805 2923 862; x_wconf 90' lang='lat' dir='ltr'><strong>Dei</strong></span> <span class='ocrx_word' id='word_1_184' title='bbox 2954 805 3268 861; x_wconf 87' lang='lat' dir='ltr'><strong>mandatum</strong></span> <span class='ocrx_word' id='word_1_185' title='bbox 3303 814 3518 861; x_wconf 87' lang='lat' dir='ltr'><strong>temere</strong></span> <span class='ocrx_word' id='word_1_186' title='bbox 3544 822 3572 860; x_wconf 88' lang='lat' dir='ltr'><strong>a</strong></span> <span class='ocrx_word' id='word_1_187' title='bbox 3623 817 3802 876; x_wconf 87' lang='lat' dir='ltr'><strong>proto-</strong></span> 
     </span>
    </p>
   </div>
   <div class='ocr_carea' id='block_1_24' title="bbox 2211 898 3806 970">
    <p class='ocr_par' dir='ltr' id='par_1_24' title="bbox 2211 898 3806 970">
     <span class='ocr_line' id='line_1_24' title="bbox 2211 898 3806 970; baseline 0.003 -18"><span class='ocrx_word' id='word_1_188' title='bbox 2211 898 2405 969; x_wconf 89' lang='lat' dir='ltr'><strong>plastis</strong></span> <span class='ocrx_word' id='word_1_189' title='bbox 2461 899 2802 969; x_wconf 84' lang='lat' dir='ltr'><strong>degustatus,</strong></span> <span class='ocrx_word' id='word_1_190' title='bbox 2856 907 3086 954; x_wconf 89' lang='lat' dir='ltr'><strong>mortem</strong></span> <span class='ocrx_word' id='word_1_191' title='bbox 3135 899 3328 969; x_wconf 80' lang='lat' dir='ltr'><strong>generi</strong></span> <span class='ocrx_word' id='word_1_192' title='bbox 3383 899 3679 970; x_wconf 90' lang='lat' dir='ltr'><strong>acquisivit</strong></span> <span class='ocrx_word' id='word_1_193' title='bbox 3713 900 3806 956; x_wconf 86' lang='lat' dir='ltr'><strong>bu-</strong></span> 
     </span>
    </p>
   </div>
   <div class='ocr_carea' id='block_1_25' title="bbox 2213 993 3806 1064">
    <p class='ocr_par' dir='ltr' id='par_1_25' title="bbox 2213 993 3806 1064">
     <span class='ocr_line' id='line_1_25' title="bbox 2213 993 3806 1064; baseline 0 -15"><span class='ocrx_word' id='word_1_194' title='bbox 2213 1009 2405 1054; x_wconf 87' lang='lat' dir='ltr'><strong>mano.</strong></span> <span class='ocrx_word' id='word_1_195' title='bbox 2455 994 2630 1064; x_wconf 88' lang='lat' dir='ltr'><strong>potuit</strong></span> <span class='ocrx_word' id='word_1_196' title='bbox 2661 1001 2718 1048; x_wconf 90' lang='lat' dir='ltr'><strong>et</strong></span> <span class='ocrx_word' id='word_1_197' title='bbox 2770 993 3098 1049; x_wconf 81' lang='lat' dir='ltr'><strong>Machabaeis</strong></span> <span class='ocrx_word' id='word_1_198' title='bbox 3143 1006 3271 1048; x_wconf 89' lang='lat' dir='ltr'><strong>tunc</strong></span> <span class='ocrx_word' id='word_1_199' title='bbox 3306 993 3412 1047; x_wconf 87' lang='lat' dir='ltr'><strong>sub</strong></span> <span class='ocrx_word' id='word_1_200' title='bbox 3443 994 3591 1064; x_wconf 84' lang='lat' dir='ltr'><strong>Lege</strong></span> <span class='ocrx_word' id='word_1_201' title='bbox 3623 994 3806 1063; x_wconf 87' lang='lat' dir='ltr'><strong>positis</strong></span> 
     </span>
    </p>
   </div>
   <div class='ocr_carea' id='block_1_26' title="bbox 2212 1085 3810 1158">
    <p class='ocr_par' dir='ltr' id='par_1_26' title="bbox 2212 1085 3810 1158">
     <span class='ocr_line' id='line_1_26' title="bbox 2212 1085 3810 1158; baseline 0.001 -18"><span class='ocrx_word' id='word_1_202' title='bbox 2212 1085 2496 1142; x_wconf 88' lang='lat' dir='ltr'><strong>interitum</strong></span> <span class='ocrx_word' id='word_1_203' title='bbox 2530 1101 2757 1156; x_wconf 83' lang='lat' dir='ltr'><strong>parare,</strong></span> <span class='ocrx_word' id='word_1_204' title='bbox 2792 1086 3033 1141; x_wconf 84' lang='lat' dir='ltr'><strong>mandati</strong></span> <span class='ocrx_word' id='word_1_205' title='bbox 3068 1085 3235 1141; x_wconf 82' lang='lat' dir='ltr'><strong>divini</strong></span> <span class='ocrx_word' id='word_1_206' title='bbox 3261 1086 3671 1157; x_wconf 73' lang='lat' dir='ltr'><strong>transgressio;</strong></span> <span class='ocrx_word' id='word_1_207' title='bbox 3701 1087 3810 1158; x_wconf 86' lang='lat' dir='ltr'><strong>qui-</strong></span> 
     </span>
    </p>
   </div>
   <div class='ocr_carea' id='block_1_27' title="bbox 2216 1178 3812 1253">
    <p class='ocr_par' dir='ltr' id='par_1_27' title="bbox 2216 1178 3812 1253">
     <span class='ocr_line' id='line_1_27' title="bbox 2216 1178 3812 1253; baseline 0.002 -19"><span class='ocrx_word' id='word_1_208' title='bbox 2216 1178 2315 1234; x_wconf 87' lang='lat' dir='ltr'><strong>bus</strong></span> <span class='ocrx_word' id='word_1_209' title='bbox 2340 1194 2483 1234; x_wconf 93' lang='lat' dir='ltr'><strong>nunc</strong></span> <span class='ocrx_word' id='word_1_210' title='bbox 2507 1180 2801 1245; x_wconf 89' lang='lat' dir='ltr'><strong>honorem,</strong></span> <span class='ocrx_word' id='word_1_211' title='bbox 2832 1189 2887 1234; x_wconf 90' lang='lat' dir='ltr'><strong>et</strong></span> <span class='ocrx_word' id='word_1_212' title='bbox 2912 1179 3165 1250; x_wconf 85' lang='lat' dir='ltr'><strong>gloriam,</strong></span> <span class='ocrx_word' id='word_1_213' title='bbox 3192 1182 3456 1253; x_wconf 74' lang='lat' dir='ltr'><strong>praecepti</strong></span> <span class='ocrx_word' id='word_1_214' title='bbox 3489 1183 3614 1250; x_wconf 83' lang='lat' dir='ltr'><strong>ejus</strong></span> <span class='ocrx_word' id='word_1_215' title='bbox 3638 1191 3812 1238; x_wconf 88' lang='lat' dir='ltr'><strong>custo-</strong></span> 
     </span>
    </p>
   </div>
   <div class='ocr_carea' id='block_1_28' title="bbox 2215 1271 3812 1342">
    <p class='ocr_par' dir='ltr' id='par_1_28' title="bbox 2215 1271 3812 1342">
     <span class='ocr_line' id='line_1_28' title="bbox 2215 1271 3812 1342; baseline 0.002 -15"><span class='ocrx_word' id='word_1_216' title='bbox 2215 1272 2304 1327; x_wconf 86' lang='lat' dir='ltr'><strong>dia</strong></span> <span class='ocrx_word' id='word_1_217' title='bbox 2332 1273 2690 1342; x_wconf 83' lang='lat' dir='ltr'><strong>comparavit,</strong></span> <span class='ocrx_word' id='word_1_218' title='bbox 2728 1271 2885 1328; x_wconf 87' lang='lat' dir='ltr'><strong>ﬁdem</strong></span> <span class='ocrx_word' id='word_1_219' title='bbox 2933 1272 3022 1326; x_wconf 89' lang='lat' dir='ltr'><strong>Dei</strong></span> <span class='ocrx_word' id='word_1_220' title='bbox 3046 1272 3099 1326; x_wconf 94' lang='lat' dir='ltr'><strong>in</strong></span> <span class='ocrx_word' id='word_1_221' title='bbox 3130 1272 3249 1340; x_wconf 85' lang='lat' dir='ltr'><strong>ipso</strong></span> <span class='ocrx_word' id='word_1_222' title='bbox 3273 1271 3531 1335; x_wconf 82' lang='lat' dir='ltr'><strong>viriliter,</strong></span> <span class='ocrx_word' id='word_1_223' title='bbox 3558 1283 3812 1330; x_wconf 61' lang='lat' dir='ltr'><strong>constanc</strong></span> 
     </span>
    </p>
   </div>
   <div class='ocr_carea' id='block_1_29' title="bbox 2217 1364 3812 1436">
    <p class='ocr_par' dir='ltr' id='par_1_29' title="bbox 2217 1364 3812 1436">
     <span class='ocr_line' id='line_1_29' title="bbox 2217 1364 3812 1436; baseline 0.001 -16"><span class='ocrx_word' id='word_1_224' title='bbox 2217 1373 2410 1436; x_wconf 79' lang='lat' dir='ltr'><strong>terque</strong></span> <span class='ocrx_word' id='word_1_225' title='bbox 2436 1364 2809 1421; x_wconf 75' lang='lat' dir='ltr'><strong>servantibus.</strong></span> <span class='ocrx_word' id='word_1_226' title='bbox 2843 1364 2976 1418; x_wconf 79' lang='lat' dir='ltr'><strong>Nam</strong></span> <span class='ocrx_word' id='word_1_227' title='bbox 3004 1365 3164 1420; x_wconf 89' lang='lat' dir='ltr'><strong>ﬁdem</strong></span> <span class='ocrx_word' id='word_1_228' title='bbox 3198 1364 3293 1419; x_wconf 88' lang='lat' dir='ltr'><strong>Dei</strong></span> <span class='ocrx_word' id='word_1_229' title='bbox 3325 1373 3512 1421; x_wconf 78' lang='lat' dir='ltr'><strong>servat</strong></span> <span class='ocrx_word' id='word_1_230' title='bbox 3539 1366 3636 1436; x_wconf 90' lang='lat' dir='ltr'><strong>qui</strong></span> <span class='ocrx_word' id='word_1_231' title='bbox 3667 1381 3812 1421; x_wconf 88' lang='lat' dir='ltr'><strong>man-</strong></span> 
     </span>
    </p>
   </div>
   <div class='ocr_carea' id='block_1_30' title="bbox 2219 1457 3814 1529">
    <p class='ocr_par' dir='ltr' id='par_1_30' title="bbox 2219 1457 3814 1529">
     <span class='ocr_line' id='line_1_30' title="bbox 2219 1457 3814 1529; baseline 0.001 -14"><span class='ocrx_word' id='word_1_232' title='bbox 2219 1459 2328 1515; x_wconf 89' lang='lat' dir='ltr'><strong>dati</strong></span> <span class='ocrx_word' id='word_1_233' title='bbox 2381 1459 2500 1528; x_wconf 85' lang='lat' dir='ltr'><strong>ejus</strong></span> <span class='ocrx_word' id='word_1_234' title='bbox 2527 1457 2648 1528; x_wconf 87' lang='lat' dir='ltr'><strong>jura</strong></span> <span class='ocrx_word' id='word_1_235' title='bbox 2681 1472 2788 1513; x_wconf 91' lang='lat' dir='ltr'><strong>non</strong></span> <span class='ocrx_word' id='word_1_236' title='bbox 2819 1459 3014 1524; x_wconf 88' lang='lat' dir='ltr'><strong>violat;</strong></span> <span class='ocrx_word' id='word_1_237' title='bbox 3050 1459 3308 1529; x_wconf 88' lang='lat' dir='ltr'><strong>quoniam</strong></span> <span class='ocrx_word' id='word_1_238' title='bbox 3345 1474 3455 1513; x_wconf 90' lang='lat' dir='ltr'><strong>non</strong></span> <span class='ocrx_word' id='word_1_239' title='bbox 3504 1459 3714 1515; x_wconf 92' lang='lat' dir='ltr'><strong>idcirco</strong></span> <span class='ocrx_word' id='word_1_240' title='bbox 3745 1460 3814 1516; x_wconf 90' lang='lat' dir='ltr'><strong>illi</strong></span> 
     </span>
    </p>
   </div>
   <div class='ocr_carea' id='block_1_31' title="bbox 2222 1551 3814 1624">
    <p class='ocr_par' dir='ltr' id='par_1_31' title="bbox 2222 1551 3814 1624">
     <span class='ocr_line' id='line_1_31' title="bbox 2222 1551 3814 1624; baseline 0.003 -18"><span class='ocrx_word' id='word_1_241' title='bbox 2222 1551 2554 1606; x_wconf 89' lang='lat' dir='ltr'><strong>manducare</strong></span> <span class='ocrx_word' id='word_1_242' title='bbox 2584 1551 2774 1606; x_wconf 90' lang='lat' dir='ltr'><strong>illicita</strong></span> <span class='ocrx_word' id='word_1_243' title='bbox 2804 1551 3120 1616; x_wconf 89' lang='lat' dir='ltr'><strong>noluerunt,</strong></span> <span class='ocrx_word' id='word_1_244' title='bbox 3173 1551 3318 1621; x_wconf 85' lang='lat' dir='ltr'><strong>quod</strong></span> <span class='ocrx_word' id='word_1_245' title='bbox 3344 1555 3632 1608; x_wconf 90' lang='lat' dir='ltr'><strong>horrorem</strong></span> <span class='ocrx_word' id='word_1_246' title='bbox 3668 1561 3814 1624; x_wconf 88' lang='lat' dir='ltr'><strong>pate-</strong></span> 
     </span>
    </p>
   </div>
   <div class='ocr_carea' id='block_1_32' title="bbox 2221 1643 3818 1715">
    <p class='ocr_par' dir='ltr' id='par_1_32' title="bbox 2221 1643 3818 1715">
     <span class='ocr_line' id='line_1_32' title="bbox 2221 1643 3818 1715; baseline 0.003 -17"><span class='ocrx_word' id='word_1_247' title='bbox 2221 1651 2414 1698; x_wconf 89' lang='lat' dir='ltr'><strong>rentur</strong></span> <span class='ocrx_word' id='word_1_248' title='bbox 2433 1644 2482 1697; x_wconf 93' lang='lat' dir='ltr'><strong>in</strong></span> <span class='ocrx_word' id='word_1_249' title='bbox 2517 1643 2703 1712; x_wconf 89' lang='lat' dir='ltr'><strong>specie</strong></span> <span class='ocrx_word' id='word_1_250' title='bbox 2722 1688 2736 1711; x_wconf 95' lang='lat'><strong>,</strong></span> <span class='ocrx_word' id='word_1_251' title='bbox 2764 1643 2860 1698; x_wconf 92' lang='lat' dir='ltr'><strong>sed</strong></span> <span class='ocrx_word' id='word_1_252' title='bbox 2884 1643 3271 1699; x_wconf 89' lang='lat' dir='ltr'><strong>contumeliam</strong></span> <span class='ocrx_word' id='word_1_253' title='bbox 3297 1643 3482 1700; x_wconf 83' lang='lat' dir='ltr'><strong>facere</strong></span> <span class='ocrx_word' id='word_1_254' title='bbox 3511 1645 3818 1715; x_wconf 86' lang='lat' dir='ltr'><strong>prohibenti</strong></span> 
     </span>
    </p>
   </div>
   <div class='ocr_carea' id='block_1_33' title="bbox 514 1733 3818 1818">
    <p class='ocr_par' dir='ltr' id='par_1_33' title="bbox 514 1733 3818 1818">
     <span class='ocr_line' id='line_1_33' title="bbox 514 1733 3818 1818; baseline -0.001 -21"><span class='ocrx_word' id='word_1_255' title='bbox 514 1741 700 1818; x_wconf 81' lang='lat' dir='ltr'><strong>(Prov.</strong></span> <span class='ocrx_word' id='word_1_256' title='bbox 746 1741 827 1812; x_wconf 89' lang='lat' dir='ltr'><strong>v).</strong></span> <span class='ocrx_word' id='word_1_257' title='bbox 863 1741 931 1796; x_wconf 90' lang='lat' dir='ltr'><strong>Et</strong></span> <span class='ocrx_word' id='word_1_258' title='bbox 970 1749 1119 1796; x_wconf 85' lang='lat' dir='ltr'><strong>certe</strong></span> <span class='ocrx_word' id='word_1_259' title='bbox 1149 1740 1351 1794; x_wconf 90' lang='lat' dir='ltr'><strong>malum</strong></span> <span class='ocrx_word' id='word_1_260' title='bbox 1384 1739 1518 1794; x_wconf 86' lang='lat' dir='ltr'><strong>nihil</strong></span> <span class='ocrx_word' id='word_1_261' title='bbox 1560 1751 1643 1794; x_wconf 89' lang='lat' dir='ltr'><strong>est</strong></span> <span class='ocrx_word' id='word_1_262' title='bbox 1686 1740 1767 1795; x_wconf 87' lang='lat' dir='ltr'><strong>vel</strong></span> <span class='ocrx_word' id='word_1_263' title='bbox 1815 1740 1868 1796; x_wconf 92' lang='lat' dir='ltr'><strong>in</strong></span> <span class='ocrx_word' id='word_1_264' title='bbox 1903 1742 2109 1811; x_wconf 89' lang='lat' dir='ltr'><strong>specie,</strong></span> <span class='ocrx_word' id='word_1_265' title='bbox 2147 1749 2192 1809; x_wconf 79' lang='grc' dir='ltr'>Β</span> <span class='ocrx_word' id='word_1_266' title='bbox 2227 1736 2362 1800; x_wconf 91' lang='lat' dir='ltr'><strong>Deo,</strong></span> <span class='ocrx_word' id='word_1_267' title='bbox 2397 1735 2700 1804; x_wconf 88' lang='lat' dir='ltr'><strong>justissime</strong></span> <span class='ocrx_word' id='word_1_268' title='bbox 2729 1733 3115 1790; x_wconf 84' lang='lat' dir='ltr'><strong>formidarunt.</strong></span> <span class='ocrx_word' id='word_1_269' title='bbox 3162 1736 3268 1802; x_wconf 82' lang='lat' dir='ltr'><strong>Qui</strong></span> <span class='ocrx_word' id='word_1_270' title='bbox 3312 1737 3367 1790; x_wconf 88' lang='lat' dir='ltr'><strong>in</strong></span> <span class='ocrx_word' id='word_1_271' title='bbox 3419 1738 3629 1792; x_wconf 86' lang='lat' dir='ltr'><strong>modico</strong></span> <span class='ocrx_word' id='word_1_272' title='bbox 3655 1738 3818 1808; x_wconf 81' lang='lat' dir='ltr'><strong>ﬁdelis</strong></span> 
     </span>
    </p>
   </div>
   <div class='ocr_carea' id='block_1_34' title="bbox 511 1832 2114 1902">
    <p class='ocr_par' dir='ltr' id='par_1_34' title="bbox 511 1832 2114 1902">
     <span class='ocr_line' id='line_1_34' title="bbox 511 1832 2114 1902; baseline 0.002 -14"><span class='ocrx_word' id='word_1_273' title='bbox 511 1836 598 1891; x_wconf 81' lang='lat' dir='ltr'><strong>vel</strong></span> <span class='ocrx_word' id='word_1_274' title='bbox 630 1836 684 1889; x_wconf 90' lang='lat' dir='ltr'><strong>in</strong></span> <span class='ocrx_word' id='word_1_275' title='bbox 707 1850 842 1890; x_wconf 80' lang='lat' dir='ltr'><strong>sexu</strong></span> <span class='ocrx_word' id='word_1_276' title='bbox 886 1834 1132 1889; x_wconf 90' lang='lat' dir='ltr'><strong>mulieris</strong></span> <span class='ocrx_word' id='word_1_277' title='bbox 1162 1851 1177 1900; x_wconf 87' lang='lat'><strong>;</strong></span> <span class='ocrx_word' id='word_1_278' title='bbox 1207 1832 1302 1888; x_wconf 92' lang='lat' dir='ltr'><strong>sed</strong></span> <span class='ocrx_word' id='word_1_279' title='bbox 1331 1841 1416 1889; x_wconf 92' lang='lat' dir='ltr'><strong>est</strong></span> <span class='ocrx_word' id='word_1_280' title='bbox 1435 1833 1622 1902; x_wconf 90' lang='lat' dir='ltr'><strong>utique</strong></span> <span class='ocrx_word' id='word_1_281' title='bbox 1649 1833 1849 1888; x_wconf 91' lang='lat' dir='ltr'><strong>malum</strong></span> <span class='ocrx_word' id='word_1_282' title='bbox 1877 1845 1899 1872; x_wconf 78' lang='grc' dir='ltr'><strong>ο</strong></span> <span class='ocrx_word' id='word_1_283' title='bbox 1934 1835 1988 1890; x_wconf 90' lang='lat' dir='ltr'><strong>in</strong></span> <span class='ocrx_word' id='word_1_284' title='bbox 2019 1851 2114 1891; x_wconf 90' lang='lat' dir='ltr'><strong>vo-</strong></span> 
     </span>
    </p>
   </div>
   <div class='ocr_carea' id='block_1_35' title="bbox 516 1926 2118 1999">
    <p class='ocr_par' dir='ltr' id='par_1_35' title="bbox 516 1926 2118 1999">
     <span class='ocr_line' id='line_1_35' title="bbox 516 1926 2118 1999; baseline -0.001 -17"><span class='ocrx_word' id='word_1_285' title='bbox 516 1929 726 1984; x_wconf 85' lang='lat' dir='ltr'><strong>luntate</strong></span> <span class='ocrx_word' id='word_1_286' title='bbox 769 1927 1069 1999; x_wconf 87' lang='lat' dir='ltr'><strong>peccantis,</strong></span> <span class='ocrx_word' id='word_1_287' title='bbox 1103 1934 1159 1981; x_wconf 90' lang='lat' dir='ltr'><strong>et</strong></span> <span class='ocrx_word' id='word_1_288' title='bbox 1200 1941 1301 1995; x_wconf 91' lang='lat' dir='ltr'><strong>per</strong></span> <span class='ocrx_word' id='word_1_289' title='bbox 1343 1926 1828 1994; x_wconf 89' lang='lat' dir='ltr'><strong>intemperantiam</strong></span> <span class='ocrx_word' id='word_1_290' title='bbox 1858 1928 2118 1997; x_wconf 88' lang='lat' dir='ltr'><strong>concupi-</strong></span> 
     </span>
    </p>
   </div>
   <div class='ocr_carea' id='block_1_36' title="bbox 512 2016 2113 2090">
    <p class='ocr_par' dir='ltr' id='par_1_36' title="bbox 512 2016 2113 2090">
     <span class='ocr_line' id='line_1_36' title="bbox 512 2016 2113 2090; baseline 0.001 -17"><span class='ocrx_word' id='word_1_291' title='bbox 512 2020 736 2075; x_wconf 72' lang='lat' dir='ltr'><strong>scentia:</strong></span> <span class='ocrx_word' id='word_1_292' title='bbox 787 2018 1248 2089; x_wconf 79' lang='lat' dir='ltr'><strong>transgrctlientis</strong></span> <span class='ocrx_word' id='word_1_293' title='bbox 1290 2033 1320 2072; x_wconf 91' lang='lat' dir='ltr'><strong>a</strong></span> <span class='ocrx_word' id='word_1_294' title='bbox 1374 2016 1624 2087; x_wconf 90' lang='lat' dir='ltr'><strong>legitimo</strong></span> <span class='ocrx_word' id='word_1_295' title='bbox 1672 2020 1797 2088; x_wconf 87' lang='lat' dir='ltr'><strong>jure</strong></span> <span class='ocrx_word' id='word_1_296' title='bbox 1849 2019 2113 2090; x_wconf 85' lang='lat' dir='ltr'><strong>conjugii.</strong></span> 
     </span>
    </p>
   </div>
   <div class='ocr_carea' id='block_1_37' title="bbox 515 2112 2122 2180">
    <p class='ocr_par' dir='ltr' id='par_1_37' title="bbox 515 2112 2122 2180">
     <span class='ocr_line' id='line_1_37' title="bbox 515 2112 2122 2180; baseline 0.002 -13"><span class='ocrx_word' id='word_1_297' title='bbox 515 2113 648 2167; x_wconf 87' lang='lat' dir='ltr'><strong>Nam</strong></span> <span class='ocrx_word' id='word_1_298' title='bbox 676 2121 732 2168; x_wconf 90' lang='lat' dir='ltr'><strong>et</strong></span> <span class='ocrx_word' id='word_1_299' title='bbox 763 2114 870 2167; x_wconf 86' lang='lat' dir='ltr'><strong>vini</strong></span> <span class='ocrx_word' id='word_1_300' title='bbox 904 2121 1096 2167; x_wconf 90' lang='lat' dir='ltr'><strong>natura</strong></span> <span class='ocrx_word' id='word_1_301' title='bbox 1125 2127 1250 2168; x_wconf 89' lang='lat' dir='ltr'><strong>cum</strong></span> <span class='ocrx_word' id='word_1_302' title='bbox 1281 2112 1421 2168; x_wconf 89' lang='lat' dir='ltr'><strong>bona</strong></span> <span class='ocrx_word' id='word_1_303' title='bbox 1453 2113 1545 2180; x_wconf 88' lang='lat' dir='ltr'><strong>sit,</strong></span> <span class='ocrx_word' id='word_1_304' title='bbox 1570 2121 1940 2170; x_wconf 40' lang='lat' dir='ltr'><strong>recteotamen</strong></span> <span class='ocrx_word' id='word_1_305' title='bbox 1970 2115 2122 2170; x_wconf 91' lang='lat' dir='ltr'><strong>dam-</strong></span> 
     </span>
    </p>
   </div>
   <div class='ocr_carea' id='block_1_38' title="bbox 518 2205 2120 2276">
    <p class='ocr_par' dir='ltr' id='par_1_38' title="bbox 518 2205 2120 2276">
     <span class='ocr_line' id='line_1_38' title="bbox 518 2205 2120 2276; baseline 0.002 -16"><span class='ocrx_word' id='word_1_306' title='bbox 518 2214 680 2261; x_wconf 85' lang='lat' dir='ltr'><strong>natur</strong></span> <span class='ocrx_word' id='word_1_307' title='bbox 708 2206 966 2261; x_wconf 86' lang='lat' dir='ltr'><strong>ebrietas.</strong></span> <span class='ocrx_word' id='word_1_308' title='bbox 999 2205 1135 2260; x_wconf 85' lang='lat' dir='ltr'><strong>Audi</strong></span> <span class='ocrx_word' id='word_1_309' title='bbox 1165 2205 1326 2260; x_wconf 90' lang='lat' dir='ltr'><strong>modo</strong></span> <span class='ocrx_word' id='word_1_310' title='bbox 1343 2205 1652 2276; x_wconf 80' lang='lat' dir='ltr'><strong>generalem</strong></span> <span class='ocrx_word' id='word_1_311' title='bbox 1681 2206 1749 2262; x_wconf 92' lang='lat' dir='ltr'><strong>de</strong></span> <span class='ocrx_word' id='word_1_312' title='bbox 1775 2209 1979 2263; x_wconf 91' lang='lat' dir='ltr'><strong>creatis</strong></span> <span class='ocrx_word' id='word_1_313' title='bbox 2001 2224 2120 2264; x_wconf 92' lang='lat' dir='ltr'><strong>om-</strong></span> 
     </span>
    </p>
   </div>
   <div class='ocr_carea' id='block_1_39' title="bbox 516 2296 2118 2368">
    <p class='ocr_par' dir='ltr' id='par_1_39' title="bbox 516 2296 2118 2368">
     <span class='ocr_line' id='line_1_39' title="bbox 516 2296 2118 2368; baseline 0.001 -15"><span class='ocrx_word' id='word_1_314' title='bbox 516 2299 724 2367; x_wconf 86' lang='lat' dir='ltr'><strong>nibus,</strong></span> <span class='ocrx_word' id='word_1_315' title='bbox 785 2296 986 2352; x_wconf 74' lang='lat' dir='ltr'><strong>divina:</strong></span> <span class='ocrx_word' id='word_1_316' title='bbox 1033 2297 1333 2368; x_wconf 63' lang='lat' dir='ltr'><strong>Scriptura!</strong></span> <span class='ocrx_word' id='word_1_317' title='bbox 1390 2299 1720 2354; x_wconf 88' lang='lat' dir='ltr'><strong>sententiam</strong></span> <span class='ocrx_word' id='word_1_318' title='bbox 1781 2317 1795 2354; x_wconf 89' lang='lat'><strong>:</strong></span> <span class='ocrx_word' id='word_1_319' title='bbox 1858 2299 1925 2353; x_wconf 84' lang='lat' dir='ltr'><strong>Et</strong></span> <span class='ocrx_word' id='word_1_320' title='bbox 1989 2301 2118 2356; x_wconf 85' lang='lat' dir='ltr'><strong>uidit</strong></span> 
     </span>
    </p>
   </div>
   <div class='ocr_carea' id='block_1_40' title="bbox 517 2390 2113 2468">
    <p class='ocr_par' dir='ltr' id='par_1_40' title="bbox 517 2390 2113 2468">
     <span class='ocr_line' id='line_1_40' title="bbox 517 2390 2113 2468; baseline 0.003 -22"><span class='ocrx_word' id='word_1_321' title='bbox 517 2392 663 2448; x_wconf 86' lang='lat' dir='ltr'><strong>Deus</strong></span> <span class='ocrx_word' id='word_1_322' title='bbox 691 2393 868 2448; x_wconf 85' lang='lat' dir='ltr'><strong>omnia</strong></span> <span class='ocrx_word' id='word_1_323' title='bbox 896 2408 1013 2463; x_wconf 67' lang='lat' dir='ltr'><strong>quae</strong></span> <span class='ocrx_word' id='word_1_324' title='bbox 1043 2394 1183 2463; x_wconf 78' lang='lat' dir='ltr'><strong>fecit,</strong></span> <span class='ocrx_word' id='word_1_325' title='bbox 1214 2390 1240 2428; x_wconf 73' lang='grc' dir='ltr'><em>ἀ</em></span> <span class='ocrx_word' id='word_1_326' title='bbox 1276 2403 1325 2447; x_wconf 90' lang='lat' dir='ltr'><strong>et</strong></span> <span class='ocrx_word' id='word_1_327' title='bbox 1357 2409 1470 2448; x_wconf 89' lang='lat' dir='ltr'><strong>ecce</strong></span> <span class='ocrx_word' id='word_1_328' title='bbox 1501 2395 1633 2446; x_wconf 86' lang='lat' dir='ltr'><strong>bona</strong></span> <span class='ocrx_word' id='word_1_329' title='bbox 1664 2394 1811 2449; x_wconf 70' lang='lat' dir='ltr'><strong>t&#39;alde</strong></span> <span class='ocrx_word' id='word_1_330' title='bbox 1840 2392 2007 2465; x_wconf 86' lang='lat' dir='ltr'><strong>(Gen.</strong></span> <span class='ocrx_word' id='word_1_331' title='bbox 2040 2395 2113 2468; x_wconf 88' lang='grc' dir='ltr'><strong>ι).</strong></span> 
     </span>
    </p>
   </div>
   <div class='ocr_carea' id='block_1_41' title="bbox 513 2486 2120 2558">
    <p class='ocr_par' dir='ltr' id='par_1_41' title="bbox 513 2486 2120 2558">
     <span class='ocr_line' id='line_1_41' title="bbox 513 2486 2120 2558; baseline 0.002 -17"><span class='ocrx_word' id='word_1_332' title='bbox 513 2487 720 2542; x_wconf 91' lang='lat' dir='ltr'><strong>Tamen</strong></span> <span class='ocrx_word' id='word_1_333' title='bbox 770 2487 896 2558; x_wconf 87' lang='lat' dir='ltr'><strong>quia</strong></span> <span class='ocrx_word' id='word_1_334' title='bbox 951 2486 1201 2541; x_wconf 88' lang='lat' dir='ltr'><strong>veritatis</strong></span> <span class='ocrx_word' id='word_1_335' title='bbox 1249 2486 1391 2540; x_wconf 85' lang='lat' dir='ltr'><strong>ratio</strong></span> <span class='ocrx_word' id='word_1_336' title='bbox 1446 2486 1798 2554; x_wconf 84' lang='lat' dir='ltr'><strong>postulabat,</strong></span> <span class='ocrx_word' id='word_1_337' title='bbox 1860 2489 1884 2518; x_wconf 70' lang='grc' dir='ltr'>θ</span> <span class='ocrx_word' id='word_1_338' title='bbox 1915 2497 1972 2543; x_wconf 92' lang='lat' dir='ltr'><strong>ut</strong></span> <span class='ocrx_word' id='word_1_339' title='bbox 2002 2504 2120 2544; x_wconf 85' lang='lat' dir='ltr'><strong>ser-</strong></span> 
     </span>
    </p>
   </div>
   <div class='ocr_carea' id='block_1_42' title="bbox 510 2577 2117 2647">
    <p class='ocr_par' dir='ltr' id='par_1_42' title="bbox 510 2577 2117 2647">
     <span class='ocr_line' id='line_1_42' title="bbox 510 2577 2117 2647; baseline 0.001 -12"><span class='ocrx_word' id='word_1_340' title='bbox 510 2580 634 2635; x_wconf 87' lang='lat' dir='ltr'><strong>vilis</strong></span> <span class='ocrx_word' id='word_1_341' title='bbox 690 2579 926 2634; x_wconf 88' lang='lat' dir='ltr'><strong>humana</strong></span> <span class='ocrx_word' id='word_1_342' title='bbox 955 2578 1199 2634; x_wconf 90' lang='lat' dir='ltr'><strong>conditio</strong></span> <span class='ocrx_word' id='word_1_343' title='bbox 1236 2578 1414 2647; x_wconf 81' lang='lat' dir='ltr'><strong>legem</strong></span> <span class='ocrx_word' id='word_1_344' title='bbox 1454 2577 1555 2632; x_wconf 89' lang='lat' dir='ltr'><strong>Dei</strong></span> <span class='ocrx_word' id='word_1_345' title='bbox 1601 2579 1944 2635; x_wconf 90' lang='lat' dir='ltr'><strong>dominantis</strong></span> <span class='ocrx_word' id='word_1_346' title='bbox 1970 2584 2117 2636; x_wconf 88' lang='lat' dir='ltr'><strong>acci-</strong></span> 
     </span>
    </p>
   </div>
   <div class='ocr_carea' id='block_1_43' title="bbox 512 2671 2121 2747">
    <p class='ocr_par' dir='ltr' id='par_1_43' title="bbox 512 2671 2121 2747">
     <span class='ocr_line' id='line_1_43' title="bbox 512 2671 2121 2747; baseline 0 -20"><span class='ocrx_word' id='word_1_347' title='bbox 512 2682 671 2743; x_wconf 90' lang='lat' dir='ltr'><strong>peret</strong></span> <span class='ocrx_word' id='word_1_348' title='bbox 723 2689 738 2736; x_wconf 89' lang='lat'><strong>;</strong></span> <span class='ocrx_word' id='word_1_349' title='bbox 817 2671 1024 2740; x_wconf 87' lang='lat' dir='ltr'><strong>proprii</strong></span> <span class='ocrx_word' id='word_1_350' title='bbox 1061 2671 1272 2725; x_wconf 89' lang='lat' dir='ltr'><strong>arbitrii</strong></span> <span class='ocrx_word' id='word_1_351' title='bbox 1315 2671 1549 2726; x_wconf 89' lang='lat' dir='ltr'><strong>libertati</strong></span> <span class='ocrx_word' id='word_1_352' title='bbox 1586 2673 1852 2741; x_wconf 89' lang='lat' dir='ltr'><strong>permissa</strong></span> <span class='ocrx_word' id='word_1_353' title='bbox 1881 2718 1894 2741; x_wconf 89' lang='lat'><strong>,</strong></span> <span class='ocrx_word' id='word_1_354' title='bbox 1955 2674 2121 2747; x_wconf 75' lang='lat'><strong>329</strong></span> 
     </span>
    </p>
   </div>
   <div class='ocr_carea' id='block_1_44' title="bbox 510 2760 2118 2834">
    <p class='ocr_par' dir='ltr' id='par_1_44' title="bbox 510 2760 2118 2834">
     <span class='ocr_line' id='line_1_44' title="bbox 510 2760 2118 2834; baseline -0.001 -16"><span class='ocrx_word' id='word_1_355' title='bbox 510 2779 672 2819; x_wconf 89' lang='lat' dir='ltr'><strong>unam</strong></span> <span class='ocrx_word' id='word_1_356' title='bbox 708 2763 854 2817; x_wconf 88' lang='lat' dir='ltr'><strong>Deus</strong></span> <span class='ocrx_word' id='word_1_357' title='bbox 899 2761 1068 2831; x_wconf 82' lang='lat' dir='ltr'><strong>elegit</strong></span> <span class='ocrx_word' id='word_1_358' title='bbox 1099 2760 1350 2816; x_wconf 90' lang='lat' dir='ltr'><strong>arborem</strong></span> <span class='ocrx_word' id='word_1_359' title='bbox 1395 2761 1463 2817; x_wconf 90' lang='lat' dir='ltr'><strong>de</strong></span> <span class='ocrx_word' id='word_1_360' title='bbox 1503 2761 1755 2817; x_wconf 90' lang='lat' dir='ltr'><strong>omnibus</strong></span> <span class='ocrx_word' id='word_1_361' title='bbox 1803 2763 1964 2833; x_wconf 83' lang='lat' dir='ltr'><strong>lignis</strong></span> <span class='ocrx_word' id='word_1_362' title='bbox 2019 2782 2118 2834; x_wconf 88' lang='lat' dir='ltr'><strong>pa-</strong></span> 
     </span>
    </p>
   </div>
   <div class='ocr_carea' id='block_1_45' title="bbox 513 2855 2120 2927">
    <p class='ocr_par' dir='ltr' id='par_1_45' title="bbox 513 2855 2120 2927">
     <span class='ocr_line' id='line_1_45' title="bbox 513 2855 2120 2927; baseline 0.001 -13"><span class='ocrx_word' id='word_1_363' title='bbox 513 2858 683 2914; x_wconf 89' lang='lat' dir='ltr'><strong>radisi</strong></span> <span class='ocrx_word' id='word_1_364' title='bbox 717 2899 731 2922; x_wconf 88' lang='lat'><strong>,</strong></span> <span class='ocrx_word' id='word_1_365' title='bbox 789 2872 896 2912; x_wconf 92' lang='lat' dir='ltr'><strong>non</strong></span> <span class='ocrx_word' id='word_1_366' title='bbox 928 2857 1118 2927; x_wconf 91' lang='lat' dir='ltr'><strong>utique</strong></span> <span class='ocrx_word' id='word_1_367' title='bbox 1162 2856 1387 2924; x_wconf 89' lang='lat' dir='ltr'><strong>malam,</strong></span> <span class='ocrx_word' id='word_1_368' title='bbox 1412 2856 1512 2912; x_wconf 91' lang='lat' dir='ltr'><strong>sed</strong></span> <span class='ocrx_word' id='word_1_369' title='bbox 1540 2855 1558 2894; x_wconf 72' lang='grc' dir='ltr'><strong><em>ΐ</em></strong></span> <span class='ocrx_word' id='word_1_370' title='bbox 1585 2857 1636 2911; x_wconf 92' lang='lat' dir='ltr'><strong>in</strong></span> <span class='ocrx_word' id='word_1_371' title='bbox 1661 2873 1763 2926; x_wconf 88' lang='lat' dir='ltr'><strong>qua</strong></span> <span class='ocrx_word' id='word_1_372' title='bbox 1795 2872 1917 2915; x_wconf 88' lang='lat' dir='ltr'><strong>esse</strong></span> <span class='ocrx_word' id='word_1_373' title='bbox 1938 2859 2120 2915; x_wconf 91' lang='lat' dir='ltr'><strong>scien-</strong></span> 
     </span>
    </p>
   </div>
   <div class='ocr_carea' id='block_1_46' title="bbox 513 2951 2116 3023">
    <p class='ocr_par' dir='ltr' id='par_1_46' title="bbox 513 2951 2116 3023">
     <span class='ocr_line' id='line_1_46' title="bbox 513 2951 2116 3023; baseline -0.001 -13"><span class='ocrx_word' id='word_1_374' title='bbox 513 2954 590 3010; x_wconf 88' lang='lat' dir='ltr'><strong>tia</strong></span> <span class='ocrx_word' id='word_1_375' title='bbox 621 2953 750 3008; x_wconf 92' lang='lat' dir='ltr'><strong>boni</strong></span> <span class='ocrx_word' id='word_1_376' title='bbox 778 2963 834 3009; x_wconf 90' lang='lat' dir='ltr'><strong>et</strong></span> <span class='ocrx_word' id='word_1_377' title='bbox 858 2953 984 3007; x_wconf 90' lang='lat' dir='ltr'><strong>mali</strong></span> <span class='ocrx_word' id='word_1_378' title='bbox 1014 2952 1328 3018; x_wconf 87' lang='lat' dir='ltr'><strong>videretur;</strong></span> <span class='ocrx_word' id='word_1_379' title='bbox 1358 2951 1410 3006; x_wconf 91' lang='lat' dir='ltr'><strong>in</strong></span> <span class='ocrx_word' id='word_1_380' title='bbox 1459 2968 1563 3023; x_wconf 89' lang='lat' dir='ltr'><strong>qua</strong></span> <span class='ocrx_word' id='word_1_381' title='bbox 1585 2967 1867 3008; x_wconf 85' lang='lat' dir='ltr'><strong>servorum</strong></span> <span class='ocrx_word' id='word_1_382' title='bbox 1897 2968 2116 3009; x_wconf 92' lang='lat' dir='ltr'><strong>suorum</strong></span> 
     </span>
    </p>
   </div>
   <div class='ocr_carea' id='block_1_47' title="bbox 513 3046 2117 3116">
    <p class='ocr_par' dir='ltr' id='par_1_47' title="bbox 513 3046 2117 3116">
     <span class='ocr_line' id='line_1_47' title="bbox 513 3046 2117 3116; baseline 0 -12"><span class='ocrx_word' id='word_1_383' title='bbox 513 3046 883 3104; x_wconf 88' lang='lat' dir='ltr'><strong>obedientiam</strong></span> <span class='ocrx_word' id='word_1_384' title='bbox 935 3055 1308 3116; x_wconf 88' lang='lat' dir='ltr'><strong>pertentaret,</strong></span> <span class='ocrx_word' id='word_1_385' title='bbox 1371 3055 1427 3102; x_wconf 89' lang='lat' dir='ltr'><strong>ut</strong></span> <span class='ocrx_word' id='word_1_386' title='bbox 1474 3047 1699 3102; x_wconf 90' lang='lat' dir='ltr'><strong>libertas</strong></span> <span class='ocrx_word' id='word_1_387' title='bbox 1729 3048 1940 3102; x_wconf 88' lang='lat' dir='ltr'><strong>arbitrii</strong></span> <span class='ocrx_word' id='word_1_388' title='bbox 1976 3058 2000 3095; x_wconf 72' lang='grc' dir='ltr'><strong><em>κ</em></strong></span> <span class='ocrx_word' id='word_1_389' title='bbox 2031 3048 2117 3105; x_wconf 88' lang='lat' dir='ltr'><strong>vel</strong></span> 
     </span>
    </p>
   </div>
   <div class='ocr_carea' id='block_1_48' title="bbox 2219 1829 3816 1903">
    <p class='ocr_par' dir='ltr' id='par_1_48' title="bbox 2219 1829 3816 1903">
     <span class='ocr_line' id='line_1_48' title="bbox 2219 1829 3816 1903; baseline 0.003 -20"><span class='ocrx_word' id='word_1_390' title='bbox 2219 1839 2312 1896; x_wconf 81' lang='lat' dir='ltr'><strong>est,</strong></span> <span class='ocrx_word' id='word_1_391' title='bbox 2349 1829 2425 1882; x_wconf 86' lang='lat' dir='ltr'><strong>ait</strong></span> <span class='ocrx_word' id='word_1_392' title='bbox 2450 1829 2736 1893; x_wconf 89' lang='lat' dir='ltr'><strong>Dominus,</strong></span> <span class='ocrx_word' id='word_1_393' title='bbox 2789 1839 2835 1883; x_wconf 90' lang='lat' dir='ltr'><strong>et</strong></span> <span class='ocrx_word' id='word_1_394' title='bbox 2863 1831 2917 1884; x_wconf 88' lang='lat' dir='ltr'><strong>in</strong></span> <span class='ocrx_word' id='word_1_395' title='bbox 2946 1845 3134 1900; x_wconf 83' lang='lat' dir='ltr'><strong>magno</strong></span> <span class='ocrx_word' id='word_1_396' title='bbox 3165 1829 3339 1896; x_wconf 75' lang='lat' dir='ltr'><strong>ﬁdelis</strong></span> <span class='ocrx_word' id='word_1_397' title='bbox 3366 1839 3442 1884; x_wconf 86' lang='lat' dir='ltr'><strong>est</strong></span> <span class='ocrx_word' id='word_1_398' title='bbox 3495 1829 3652 1898; x_wconf 84' lang='lat' dir='ltr'><strong>(Luc.</strong></span> <span class='ocrx_word' id='word_1_399' title='bbox 3685 1832 3816 1903; x_wconf 78' lang='lat' dir='ltr'><strong>xvr).</strong></span> 
     </span>
    </p>
   </div>
   <div class='ocr_carea' id='block_1_49' title="bbox 2221 1920 3820 1995">
    <p class='ocr_par' dir='ltr' id='par_1_49' title="bbox 2221 1920 3820 1995">
     <span class='ocr_line' id='line_1_49' title="bbox 2221 1920 3820 1995; baseline 0.004 -21"><span class='ocrx_word' id='word_1_400' title='bbox 2221 1921 2277 1974; x_wconf 88' lang='lat' dir='ltr'><strong>In</strong></span> <span class='ocrx_word' id='word_1_401' title='bbox 2315 1937 2508 1991; x_wconf 92' lang='lat' dir='ltr'><strong>magno</strong></span> <span class='ocrx_word' id='word_1_402' title='bbox 2540 1921 2761 1976; x_wconf 80' lang='lat' dir='ltr'><strong>luerunt</strong></span> <span class='ocrx_word' id='word_1_403' title='bbox 2793 1922 2880 1976; x_wconf 90' lang='lat' dir='ltr'><strong>isti</strong></span> <span class='ocrx_word' id='word_1_404' title='bbox 2917 1921 3106 1976; x_wconf 91' lang='lat' dir='ltr'><strong>ﬁdeles</strong></span> <span class='ocrx_word' id='word_1_405' title='bbox 3129 1965 3143 1989; x_wconf 93' lang='lat'><strong>,</strong></span> <span class='ocrx_word' id='word_1_406' title='bbox 3187 1921 3201 1970; x_wconf 87' lang='lat' dir='ltr'><strong>i</strong></span> <span class='ocrx_word' id='word_1_407' title='bbox 3247 1937 3373 1976; x_wconf 90' lang='lat' dir='ltr'><strong>cum</strong></span> <span class='ocrx_word' id='word_1_408' title='bbox 3406 1920 3716 1995; x_wconf 86' lang='lat' dir='ltr'><strong>idolothyta</strong></span> <span class='ocrx_word' id='word_1_409' title='bbox 3743 1925 3820 1980; x_wconf 85' lang='lat' dir='ltr'><strong>in-</strong></span> 
     </span>
    </p>
   </div>
   <div class='ocr_carea' id='block_1_50' title="bbox 2222 2007 3818 2088">
    <p class='ocr_par' dir='ltr' id='par_1_50' title="bbox 2222 2007 3818 2088">
     <span class='ocr_line' id='line_1_50' title="bbox 2222 2007 3818 2088; baseline 0.003 -18"><span class='ocrx_word' id='word_1_410' title='bbox 2222 2025 2304 2070; x_wconf 92' lang='lat' dir='ltr'><strong>ter</strong></span> <span class='ocrx_word' id='word_1_411' title='bbox 2333 2007 2975 2085; x_wconf 45' lang='lat' dir='ltr'><strong>supplicia&#39;respuerunt</strong></span> <span class='ocrx_word' id='word_1_412' title='bbox 3005 2033 3019 2070; x_wconf 91' lang='lat'><strong>:</strong></span> <span class='ocrx_word' id='word_1_413' title='bbox 3053 2015 3105 2068; x_wconf 92' lang='lat' dir='ltr'><strong>in</strong></span> <span class='ocrx_word' id='word_1_414' title='bbox 3139 2030 3306 2084; x_wconf 83' lang='lat' dir='ltr'><strong>parvo</strong></span> <span class='ocrx_word' id='word_1_415' title='bbox 3357 2014 3587 2070; x_wconf 81' lang='lat' dir='ltr'><strong>luerunt</strong></span> <span class='ocrx_word' id='word_1_416' title='bbox 3614 2017 3818 2088; x_wconf 84' lang='lat' dir='ltr'><strong>ﬁdeles,</strong></span> 
     </span>
    </p>
   </div>
   <div class='ocr_carea' id='block_1_51' title="bbox 2218 2109 3815 2181">
    <p class='ocr_par' dir='ltr' id='par_1_51' title="bbox 2218 2109 3815 2181">
     <span class='ocr_line' id='line_1_51' title="bbox 2218 2109 3815 2181; baseline 0.002 -17"><span class='ocrx_word' id='word_1_417' title='bbox 2218 2125 2342 2164; x_wconf 91' lang='lat' dir='ltr'><strong>cum</strong></span> <span class='ocrx_word' id='word_1_418' title='bbox 2395 2110 2574 2166; x_wconf 90' lang='lat' dir='ltr'><strong>solum</strong></span> <span class='ocrx_word' id='word_1_419' title='bbox 2613 2117 2673 2164; x_wconf 92' lang='lat' dir='ltr'><strong>ut</strong></span> <span class='ocrx_word' id='word_1_420' title='bbox 2709 2124 2905 2164; x_wconf 88' lang='lat' dir='ltr'><strong>carnes</strong></span> <span class='ocrx_word' id='word_1_421' title='bbox 2933 2109 3239 2181; x_wconf 74' lang='lat' dir='ltr'><strong>prohibitus</strong></span> <span class='ocrx_word' id='word_1_422' title='bbox 3286 2123 3396 2164; x_wconf 93' lang='lat' dir='ltr'><strong>non</strong></span> <span class='ocrx_word' id='word_1_423' title='bbox 3441 2109 3815 2180; x_wconf 87' lang='lat' dir='ltr'><strong>comederent,</strong></span> 
     </span>
    </p>
   </div>
   <div class='ocr_carea' id='block_1_52' title="bbox 2218 2203 3819 2274">
    <p class='ocr_par' dir='ltr' id='par_1_52' title="bbox 2218 2203 3819 2274">
     <span class='ocr_line' id='line_1_52' title="bbox 2218 2203 3819 2274; baseline 0.002 -15"><span class='ocrx_word' id='word_1_424' title='bbox 2218 2219 2346 2259; x_wconf 89' lang='lat' dir='ltr'><strong>suas</strong></span> <span class='ocrx_word' id='word_1_425' title='bbox 2375 2205 2558 2273; x_wconf 88' lang='lat' dir='ltr'><strong>potius</strong></span> <span class='ocrx_word' id='word_1_426' title='bbox 2589 2203 2932 2259; x_wconf 88' lang='lat' dir='ltr'><strong>devorandas</strong></span> <span class='ocrx_word' id='word_1_427' title='bbox 2953 2203 3240 2274; x_wconf 89' lang='lat' dir='ltr'><strong>suppliciis</strong></span> <span class='ocrx_word' id='word_1_428' title='bbox 3268 2204 3644 2260; x_wconf 89' lang='lat' dir='ltr'><strong>tradiderunt.</strong></span> <span class='ocrx_word' id='word_1_429' title='bbox 3685 2205 3819 2262; x_wconf 83' lang='lat' dir='ltr'><strong>Insi-</strong></span> 
     </span>
    </p>
   </div>
   <div class='ocr_carea' id='block_1_53' title="bbox 2217 2298 3818 2370">
    <p class='ocr_par' dir='ltr' id='par_1_53' title="bbox 2217 2298 3818 2370">
     <span class='ocr_line' id='line_1_53' title="bbox 2217 2298 3818 2370; baseline 0.001 -16"><span class='ocrx_word' id='word_1_430' title='bbox 2217 2300 2375 2370; x_wconf 91' lang='lat' dir='ltr'><strong>gnior</strong></span> <span class='ocrx_word' id='word_1_431' title='bbox 2401 2300 2538 2355; x_wconf 88' lang='lat' dir='ltr'><strong>ﬁdes</strong></span> <span class='ocrx_word' id='word_1_432' title='bbox 2566 2308 2652 2355; x_wconf 91' lang='lat' dir='ltr'><strong>est</strong></span> <span class='ocrx_word' id='word_1_433' title='bbox 2671 2314 2794 2370; x_wconf 63' lang='lat' dir='ltr'><strong>qua!</strong></span> <span class='ocrx_word' id='word_1_434' title='bbox 2821 2313 2923 2354; x_wconf 88' lang='lat' dir='ltr'><strong>nec</strong></span> <span class='ocrx_word' id='word_1_435' title='bbox 2953 2299 3005 2352; x_wconf 92' lang='lat' dir='ltr'><strong>in</strong></span> <span class='ocrx_word' id='word_1_436' title='bbox 3031 2298 3264 2354; x_wconf 88' lang='lat' dir='ltr'><strong>modicis</strong></span> <span class='ocrx_word' id='word_1_437' title='bbox 3278 2299 3539 2354; x_wconf 86' lang='lat' dir='ltr'><strong>violatur.</strong></span> <span class='ocrx_word' id='word_1_438' title='bbox 3569 2298 3818 2356; x_wconf 83' lang='lat' dir='ltr'><strong>Formam</strong></span> 
     </span>
    </p>
   </div>
   <div class='ocr_carea' id='block_1_54' title="bbox 2221 2391 3820 2463">
    <p class='ocr_par' dir='ltr' id='par_1_54' title="bbox 2221 2391 3820 2463">
     <span class='ocr_line' id='line_1_54' title="bbox 2221 2391 3820 2463; baseline 0 -13"><span class='ocrx_word' id='word_1_439' title='bbox 2221 2394 2527 2450; x_wconf 70' lang='lat' dir='ltr'><strong>tolerantia:</strong></span> <span class='ocrx_word' id='word_1_440' title='bbox 2556 2393 2907 2463; x_wconf 72' lang='lat' dir='ltr'><strong>praebuerunt</strong></span> <span class='ocrx_word' id='word_1_441' title='bbox 2930 2393 3020 2448; x_wconf 89' lang='lat' dir='ltr'><strong>isti</strong></span> <span class='ocrx_word' id='word_1_442' title='bbox 3052 2393 3354 2448; x_wconf 88' lang='lat' dir='ltr'><strong>beatissimi</strong></span> <span class='ocrx_word' id='word_1_443' title='bbox 3396 2391 3602 2449; x_wconf 78' lang='lat' dir='ltr'><strong>fratres</strong></span> <span class='ocrx_word' id='word_1_444' title='bbox 3631 2393 3820 2450; x_wconf 81' lang='lat' dir='ltr'><strong>futuris</strong></span> 
     </span>
    </p>
   </div>
   <div class='ocr_carea' id='block_1_55' title="bbox 2221 2483 3816 2556">
    <p class='ocr_par' dir='ltr' id='par_1_55' title="bbox 2221 2483 3816 2556">
     <span class='ocr_line' id='line_1_55' title="bbox 2221 2483 3816 2556; baseline 0 -15"><span class='ocrx_word' id='word_1_445' title='bbox 2221 2496 2345 2556; x_wconf 90' lang='lat' dir='ltr'><strong>post</strong></span> <span class='ocrx_word' id='word_1_446' title='bbox 2384 2485 2695 2555; x_wconf 82' lang='lat' dir='ltr'><strong>passionem</strong></span> <span class='ocrx_word' id='word_1_447' title='bbox 2738 2483 2942 2539; x_wconf 85' lang='lat' dir='ltr'><strong>Christi</strong></span> <span class='ocrx_word' id='word_1_448' title='bbox 2972 2484 3326 2556; x_wconf 85' lang='lat' dir='ltr'><strong>martyribus,</strong></span> <span class='ocrx_word' id='word_1_449' title='bbox 3386 2493 3449 2539; x_wconf 89' lang='lat' dir='ltr'><strong>ut</strong></span> <span class='ocrx_word' id='word_1_450' title='bbox 3479 2486 3816 2555; x_wconf 80' lang='lat' dir='ltr'><strong>intelligant,</strong></span> 
     </span>
    </p>
   </div>
   <div class='ocr_carea' id='block_1_56' title="bbox 2221 2575 3816 2649">
    <p class='ocr_par' dir='ltr' id='par_1_56' title="bbox 2221 2575 3816 2649">
     <span class='ocr_line' id='line_1_56' title="bbox 2221 2575 3816 2649; baseline 0.001 -16"><span class='ocrx_word' id='word_1_451' title='bbox 2221 2577 2245 2613; x_wconf 73' lang='grc' dir='ltr'><strong>¹ί</strong></span> <span class='ocrx_word' id='word_1_452' title='bbox 2270 2585 2471 2649; x_wconf 89' lang='lat' dir='ltr'><strong>quanta</strong></span> <span class='ocrx_word' id='word_1_453' title='bbox 2495 2577 2660 2632; x_wconf 89' lang='lat' dir='ltr'><strong>animi</strong></span> <span class='ocrx_word' id='word_1_454' title='bbox 2705 2575 3102 2646; x_wconf 77' lang='lat' dir='ltr'><strong>magnitudine,</strong></span> <span class='ocrx_word' id='word_1_455' title='bbox 3160 2584 3217 2631; x_wconf 90' lang='lat' dir='ltr'><strong>et</strong></span> <span class='ocrx_word' id='word_1_456' title='bbox 3245 2577 3563 2632; x_wconf 88' lang='lat' dir='ltr'><strong>constantia</strong></span> <span class='ocrx_word' id='word_1_457' title='bbox 3592 2593 3691 2648; x_wconf 92' lang='lat' dir='ltr'><strong>pro</strong></span> <span class='ocrx_word' id='word_1_458' title='bbox 3712 2577 3816 2636; x_wconf 83' lang='lat' dir='ltr'><strong>Re-</strong></span> 
     </span>
    </p>
   </div>
   <div class='ocr_carea' id='block_1_57' title="bbox 2220 2671 3818 2744">
    <p class='ocr_par' dir='ltr' id='par_1_57' title="bbox 2220 2671 3818 2744">
     <span class='ocr_line' id='line_1_57' title="bbox 2220 2671 3818 2744; baseline 0 -16"><span class='ocrx_word' id='word_1_459' title='bbox 2220 2671 2526 2743; x_wconf 87' lang='lat' dir='ltr'><strong>demptoris</strong></span> <span class='ocrx_word' id='word_1_460' title='bbox 2555 2671 2776 2726; x_wconf 90' lang='lat' dir='ltr'><strong>nomine</strong></span> <span class='ocrx_word' id='word_1_461' title='bbox 2792 2671 3053 2726; x_wconf 87' lang='lat' dir='ltr'><strong>dimicare</strong></span> <span class='ocrx_word' id='word_1_462' title='bbox 3073 2671 3330 2741; x_wconf 88' lang='lat' dir='ltr'><strong>debeant,</strong></span> <span class='ocrx_word' id='word_1_463' title='bbox 3354 2687 3457 2741; x_wconf 90' lang='lat' dir='ltr'><strong>pro</strong></span> <span class='ocrx_word' id='word_1_464' title='bbox 3482 2673 3649 2744; x_wconf 88' lang='lat' dir='ltr'><strong>cujus</strong></span> <span class='ocrx_word' id='word_1_465' title='bbox 3674 2689 3818 2728; x_wconf 88' lang='lat' dir='ltr'><strong>man-</strong></span> 
     </span>
    </p>
   </div>
   <div class='ocr_carea' id='block_1_58' title="bbox 2221 2762 3818 2840">
    <p class='ocr_par' dir='ltr' id='par_1_58' title="bbox 2221 2762 3818 2840">
     <span class='ocr_line' id='line_1_58' title="bbox 2221 2762 3818 2840; baseline 0.001 -19"><span class='ocrx_word' id='word_1_466' title='bbox 2221 2767 2348 2821; x_wconf 91' lang='lat' dir='ltr'><strong>dato</strong></span> <span class='ocrx_word' id='word_1_467' title='bbox 2378 2775 2488 2820; x_wconf 89' lang='lat' dir='ltr'><strong>tam</strong></span> <span class='ocrx_word' id='word_1_468' title='bbox 2517 2767 2868 2837; x_wconf 89' lang='lat' dir='ltr'><strong>pertinaciter</strong></span> <span class='ocrx_word' id='word_1_469' title='bbox 2899 2762 2917 2802; x_wconf 78' lang='lat'><strong>1</strong></span> <span class='ocrx_word' id='word_1_470' title='bbox 2954 2765 3055 2833; x_wconf 91' lang='lat' dir='ltr'><strong>ipsi</strong></span> <span class='ocrx_word' id='word_1_471' title='bbox 3083 2773 3413 2820; x_wconf 84' lang='lat' dir='ltr'><strong>certassent.</strong></span> <span class='ocrx_word' id='word_1_472' title='bbox 3430 2765 3818 2840; x_wconf 79' lang='lat' dir='ltr'><strong>Nemini33o</strong></span> 
     </span>
    </p>
   </div>
   <div class='ocr_carea' id='block_1_59' title="bbox 2221 2857 3818 2930">
    <p class='ocr_par' dir='ltr' id='par_1_59' title="bbox 2221 2857 3818 2930">
     <span class='ocr_line' id='line_1_59' title="bbox 2221 2857 3818 2930; baseline 0.001 -16"><span class='ocrx_word' id='word_1_473' title='bbox 2221 2860 2516 2916; x_wconf 89' lang='lat' dir='ltr'><strong>absurdum</strong></span> <span class='ocrx_word' id='word_1_474' title='bbox 2545 2859 2798 2914; x_wconf 86' lang='lat' dir='ltr'><strong>videatur</strong></span> <span class='ocrx_word' id='word_1_475' title='bbox 2823 2857 2970 2930; x_wconf 90' lang='lat' dir='ltr'><strong>quod</strong></span> <span class='ocrx_word' id='word_1_476' title='bbox 2995 2872 3090 2913; x_wconf 92' lang='lat' dir='ltr'><strong>eos</strong></span> <span class='ocrx_word' id='word_1_477' title='bbox 3111 2859 3272 2928; x_wconf 90' lang='lat' dir='ltr'><strong>paulo</strong></span> <span class='ocrx_word' id='word_1_478' title='bbox 3297 2866 3428 2916; x_wconf 90' lang='lat' dir='ltr'><strong>ante</strong></span> <span class='ocrx_word' id='word_1_479' title='bbox 3445 2859 3659 2916; x_wconf 83' lang='lat' dir='ltr'><strong>Aniciis</strong></span> <span class='ocrx_word' id='word_1_480' title='bbox 3680 2875 3818 2916; x_wconf 82' lang='lat' dir='ltr'><strong>com-</strong></span> 
     </span>
    </p>
   </div>
   <div class='ocr_carea' id='block_1_60' title="bbox 2221 2952 3815 3025">
    <p class='ocr_par' dir='ltr' id='par_1_60' title="bbox 2221 2952 3815 3025">
     <span class='ocr_line' id='line_1_60' title="bbox 2221 2952 3815 3025; baseline 0.001 -16"><span class='ocrx_word' id='word_1_481' title='bbox 2221 2955 2425 3025; x_wconf 89' lang='lat' dir='ltr'><strong>paravi.</strong></span> <span class='ocrx_word' id='word_1_482' title='bbox 2457 2963 2497 2990; x_wconf 75' lang='grc' dir='ltr'>ω</span> <span class='ocrx_word' id='word_1_483' title='bbox 2529 2953 2706 3009; x_wconf 86' lang='lat' dir='ltr'><strong>Anicii</strong></span> <span class='ocrx_word' id='word_1_484' title='bbox 2737 2954 2939 3023; x_wconf 90' lang='lat' dir='ltr'><strong>quippe</strong></span> <span class='ocrx_word' id='word_1_485' title='bbox 2970 2968 3035 3006; x_wconf 76' lang='lat' dir='ltr'><strong>es</strong></span> <span class='ocrx_word' id='word_1_486' title='bbox 3080 2952 3278 3007; x_wconf 65' lang='lat' dir='ltr'><strong>Grieco</strong></span> <span class='ocrx_word' id='word_1_487' title='bbox 3311 2968 3576 3010; x_wconf 88' lang='lat' dir='ltr'><strong>sermone</strong></span> <span class='ocrx_word' id='word_1_488' title='bbox 3604 2970 3634 3009; x_wconf 88' lang='lat' dir='ltr'><strong>a</strong></span> <span class='ocrx_word' id='word_1_489' title='bbox 3666 2955 3815 3011; x_wconf 85' lang='lat' dir='ltr'><strong>nobis</strong></span> 
     </span>
    </p>
   </div>
   <div class='ocr_carea' id='block_1_61' title="bbox 2221 3045 3817 3117">
    <p class='ocr_par' dir='ltr' id='par_1_61' title="bbox 2221 3045 3817 3117">
     <span class='ocr_line' id='line_1_61' title="bbox 2221 3045 3817 3117; baseline 0.002 -17"><span class='ocrx_word' id='word_1_490' title='bbox 2221 3053 2604 3114; x_wconf 86' lang='lat' dir='ltr'><strong>nuncupantur</strong></span> <span class='ocrx_word' id='word_1_491' title='bbox 2633 3045 2839 3100; x_wconf 87' lang='lat' dir='ltr'><strong>invicti.</strong></span> <span class='ocrx_word' id='word_1_492' title='bbox 2871 3045 3126 3100; x_wconf 83' lang='lat' dir='ltr'><strong>Exercuit</strong></span> <span class='ocrx_word' id='word_1_493' title='bbox 3150 3045 3298 3101; x_wconf 88' lang='lat' dir='ltr'><strong>enim</strong></span> <span class='ocrx_word' id='word_1_494' title='bbox 3340 3047 3491 3101; x_wconf 90' lang='lat' dir='ltr'><strong>varia</strong></span> <span class='ocrx_word' id='word_1_495' title='bbox 3521 3048 3817 3117; x_wconf 89' lang='lat' dir='ltr'><strong>supplicio-</strong></span> 
     </span>
    </p>
   </div>
   <div class='ocr_carea' id='block_1_62' title="bbox 509 3139 3814 3217">
    <p class='ocr_par' dir='ltr' id='par_1_62' title="bbox 509 3139 3814 3217">
     <span class='ocr_line' id='line_1_62' title="bbox 509 3139 3814 3217; baseline 0.002 -22"><span class='ocrx_word' id='word_1_496' title='bbox 509 3140 939 3195; x_wconf 86' lang='lat' dir='ltr'><strong>immortalitatis</strong></span> <span class='ocrx_word' id='word_1_497' title='bbox 981 3139 1270 3209; x_wconf 63' lang='lat' dir='ltr'><strong>praamium</strong></span> <span class='ocrx_word' id='word_1_498' title='bbox 1317 3139 1629 3209; x_wconf 91' lang='lat' dir='ltr'><strong>possideret</strong></span> <span class='ocrx_word' id='word_1_499' title='bbox 1677 3140 1982 3208; x_wconf 84' lang='lat' dir='ltr'><strong>obediens,</strong></span> <span class='ocrx_word' id='word_1_500' title='bbox 2027 3143 2111 3198; x_wconf 80' lang='lat' dir='ltr'><strong>vel</strong></span> <span class='ocrx_word' id='word_1_501' title='bbox 2142 3144 2184 3205; x_wconf 90' lang='lat' dir='ltr'><strong>C</strong></span> <span class='ocrx_word' id='word_1_502' title='bbox 2221 3157 2340 3196; x_wconf 90' lang='lat' dir='ltr'><strong>rum</strong></span> <span class='ocrx_word' id='word_1_503' title='bbox 2388 3156 2590 3211; x_wconf 85' lang='lat' dir='ltr'><strong>genera</strong></span> <span class='ocrx_word' id='word_1_504' title='bbox 2632 3141 2686 3195; x_wconf 91' lang='lat' dir='ltr'><strong>in</strong></span> <span class='ocrx_word' id='word_1_505' title='bbox 2720 3156 2909 3197; x_wconf 90' lang='lat' dir='ltr'><strong>eorum</strong></span> <span class='ocrx_word' id='word_1_506' title='bbox 2951 3141 3278 3209; x_wconf 87' lang='lat' dir='ltr'><strong>corporibus</strong></span> <span class='ocrx_word' id='word_1_507' title='bbox 3328 3143 3702 3200; x_wconf 89' lang='lat' dir='ltr'><strong>crudelissimi</strong></span> <span class='ocrx_word' id='word_1_508' title='bbox 3737 3155 3814 3217; x_wconf 83' lang='lat' dir='ltr'><strong>ty-</strong></span> 
     </span>
    </p>
   </div>
   <div class='ocr_carea' id='block_1_63' title="bbox 509 3234 2112 3303">
    <p class='ocr_par' dir='ltr' id='par_1_63' title="bbox 509 3234 2112 3303">
     <span class='ocr_line' id='line_1_63' title="bbox 509 3234 2112 3303; baseline 0.002 -16"><span class='ocrx_word' id='word_1_509' title='bbox 509 3241 870 3288; x_wconf 87' lang='lat' dir='ltr'><strong>contemnens</strong></span> <span class='ocrx_word' id='word_1_510' title='bbox 905 3234 1185 3303; x_wconf 78' lang='lat' dir='ltr'><strong>exciperet</strong></span> <span class='ocrx_word' id='word_1_511' title='bbox 1231 3235 1424 3288; x_wconf 87' lang='lat' dir='ltr'><strong>mortis</strong></span> <span class='ocrx_word' id='word_1_512' title='bbox 1476 3234 1839 3289; x_wconf 64' lang='lat' dir='ltr'><strong>interminata:</strong></span> <span class='ocrx_word' id='word_1_513' title='bbox 1890 3243 2112 3290; x_wconf 89' lang='lat' dir='ltr'><strong>senten-</strong></span> 
     </span>
    </p>
   </div>
   <div class='ocr_carea' id='block_1_64' title="bbox 508 3323 2112 3396">
    <p class='ocr_par' dir='ltr' id='par_1_64' title="bbox 508 3323 2112 3396">
     <span class='ocr_line' id='line_1_64' title="bbox 508 3323 2112 3396; baseline 0.002 -16"><span class='ocrx_word' id='word_1_514' title='bbox 508 3323 662 3380; x_wconf 89' lang='lat' dir='ltr'><strong>tiam.</strong></span> <span class='ocrx_word' id='word_1_515' title='bbox 693 3324 1043 3380; x_wconf 82' lang='lat' dir='ltr'><strong>Manducavit</strong></span> <span class='ocrx_word' id='word_1_516' title='bbox 1068 3324 1255 3389; x_wconf 89' lang='lat' dir='ltr'><strong>homo,</strong></span> <span class='ocrx_word' id='word_1_517' title='bbox 1281 3327 1407 3396; x_wconf 88' lang='lat' dir='ltr'><strong>quia</strong></span> <span class='ocrx_word' id='word_1_518' title='bbox 1434 3325 1634 3381; x_wconf 89' lang='lat' dir='ltr'><strong>voluit:</strong></span> <span class='ocrx_word' id='word_1_519' title='bbox 1667 3326 1981 3383; x_wconf 90' lang='lat' dir='ltr'><strong>mandatum</strong></span> <span class='ocrx_word' id='word_1_520' title='bbox 2002 3344 2112 3384; x_wconf 93' lang='lat' dir='ltr'><strong>non</strong></span> 
     </span>
    </p>
   </div>
   <div class='ocr_carea' id='block_1_65' title="bbox 506 3419 2112 3494">
    <p class='ocr_par' dir='ltr' id='par_1_65' title="bbox 506 3419 2112 3494">
     <span class='ocr_line' id='line_1_65' title="bbox 506 3419 2112 3494; baseline 0.003 -20"><span class='ocrx_word' id='word_1_521' title='bbox 506 3419 826 3489; x_wconf 87' lang='lat' dir='ltr'><strong>custodivit,</strong></span> <span class='ocrx_word' id='word_1_522' title='bbox 883 3420 1009 3490; x_wconf 90' lang='lat' dir='ltr'><strong>quia</strong></span> <span class='ocrx_word' id='word_1_523' title='bbox 1057 3420 1269 3474; x_wconf 88' lang='lat' dir='ltr'><strong>noluit:</strong></span> <span class='ocrx_word' id='word_1_524' title='bbox 1324 3429 1503 3476; x_wconf 89' lang='lat' dir='ltr'><strong>morte</strong></span> <span class='ocrx_word' id='word_1_525' title='bbox 1552 3421 1868 3489; x_wconf 89' lang='lat' dir='ltr'><strong>mulctatttr,</strong></span> <span class='ocrx_word' id='word_1_526' title='bbox 1928 3420 2112 3494; x_wconf 81' lang='lat' dir='ltr'><strong>hquia</strong></span> 
     </span>
    </p>
   </div>
   <div class='ocr_carea' id='block_1_66' title="bbox 579 3600 2106 3672">
    <p class='ocr_par' dir='ltr' id='par_1_66' title="bbox 579 3600 2106 3672">
     <span class='ocr_line' id='line_1_66' title="bbox 579 3600 2106 3672; baseline 0 -13"><span class='ocrx_word' id='word_1_527' title='bbox 579 3612 606 3640; x_wconf 69' lang='grc'>⁸</span> <span class='ocrx_word' id='word_1_528' title='bbox 628 3601 740 3659; x_wconf 90' lang='lat' dir='ltr'><strong>Sic.</strong></span> <span class='ocrx_word' id='word_1_529' title='bbox 773 3601 946 3672; x_wconf 71' lang='lat' dir='ltr'><strong>Paris.</strong></span> <span class='ocrx_word' id='word_1_530' title='bbox 977 3600 1170 3668; x_wconf 89' lang='lat' dir='ltr'><strong>editio,</strong></span> <span class='ocrx_word' id='word_1_531' title='bbox 1193 3612 1248 3657; x_wconf 89' lang='lat' dir='ltr'><strong>et</strong></span> <span class='ocrx_word' id='word_1_532' title='bbox 1284 3617 1416 3656; x_wconf 85' lang='lat' dir='ltr'><strong>mss.</strong></span> <span class='ocrx_word' id='word_1_533' title='bbox 1447 3616 1681 3672; x_wconf 88' lang='lat' dir='ltr'><strong>quatuor</strong></span> <span class='ocrx_word' id='word_1_534' title='bbox 1707 3648 1721 3669; x_wconf 93' lang='lat'><strong>,</strong></span> <span class='ocrx_word' id='word_1_535' title='bbox 1753 3603 1950 3670; x_wconf 91' lang='lat' dir='ltr'><strong>quibus</strong></span> <span class='ocrx_word' id='word_1_536' title='bbox 1971 3618 2106 3659; x_wconf 90' lang='lat' dir='ltr'><strong>con-</strong></span> 
     </span>
    </p>
   </div>
   <div class='ocr_carea' id='block_1_67' title="bbox 505 3673 2107 3742">
    <p class='ocr_par' dir='ltr' id='par_1_67' title="bbox 505 3673 2107 3742">
     <span class='ocr_line' id='line_1_67' title="bbox 505 3673 2107 3742; baseline -0.001 -12"><span class='ocrx_word' id='word_1_537' title='bbox 505 3675 674 3730; x_wconf 87' lang='lat' dir='ltr'><strong>sentit</strong></span> <span class='ocrx_word' id='word_1_538' title='bbox 701 3675 837 3727; x_wconf 86' lang='lat' dir='ltr'><strong>libcr</strong></span> <span class='ocrx_word' id='word_1_539' title='bbox 866 3673 1205 3742; x_wconf 87' lang='lat' dir='ltr'><strong>Pantagathi.</strong></span> <span class='ocrx_word' id='word_1_540' title='bbox 1261 3675 1394 3729; x_wconf 71' lang='lat' dir='ltr'><strong>Aliae</strong></span> <span class='ocrx_word' id='word_1_541' title='bbox 1424 3675 1544 3728; x_wconf 69' lang='lat' dir='ltr'><strong>dua:</strong></span> <span class='ocrx_word' id='word_1_542' title='bbox 1575 3673 1842 3730; x_wconf 86' lang='lat' dir='ltr'><strong>editiones</strong></span> <span class='ocrx_word' id='word_1_543' title='bbox 1867 3718 1880 3740; x_wconf 92' lang='lat'><strong>,</strong></span> <span class='ocrx_word' id='word_1_544' title='bbox 1910 3677 2063 3729; x_wconf 84' lang='lat' dir='ltr'><strong>credo</strong></span> <span class='ocrx_word' id='word_1_545' title='bbox 2093 3717 2107 3738; x_wconf 95' lang='lat'><strong>,</strong></span> 
     </span>
    </p>
   </div>
   <div class='ocr_carea' id='block_1_68' title="bbox 505 3761 2111 3886">
    <p class='ocr_par' dir='ltr' id='par_1_68' title="bbox 505 3761 2111 3886">
     <span class='ocr_line' id='line_1_68' title="bbox 505 3761 796 3800; baseline -0.007 0"><span class='ocrx_word' id='word_1_546' title='bbox 505 3763 567 3800; x_wconf 91' lang='lat' dir='ltr'><strong>ac</strong></span> <span class='ocrx_word' id='word_1_547' title='bbox 603 3761 796 3799; x_wconf 78' lang='lat' dir='ltr'><strong>utesco.</strong></span> 
     </span>
     <span class='ocr_line' id='line_1_69' title="bbox 569 3763 2111 3886; baseline 0.001 -15"><span class='ocrx_word' id='word_1_548' title='bbox 569 3763 604 3855; x_wconf 52' lang='grc' dir='ltr'><strong>ἵ)</strong></span> <span class='ocrx_word' id='word_1_549' title='bbox 636 3816 724 3871; x_wconf 91' lang='lat' dir='ltr'><strong>Sic</strong></span> <span class='ocrx_word' id='word_1_550' title='bbox 751 3815 903 3870; x_wconf 87' lang='lat' dir='ltr'><strong>editi.</strong></span> <span class='ocrx_word' id='word_1_551' title='bbox 929 3814 1057 3870; x_wconf 78' lang='lat' dir='ltr'><strong>Mss.</strong></span> <span class='ocrx_word' id='word_1_552' title='bbox 1085 3829 1236 3878; x_wconf 87' lang='lat' dir='ltr'><strong>vero,</strong></span> <span class='ocrx_word' id='word_1_553' title='bbox 1260 3815 1548 3886; x_wconf 81' lang='lat' dir='ltr'><strong>impingunt</strong></span> <span class='ocrx_word' id='word_1_554' title='bbox 1577 3820 1752 3886; x_wconf 81' lang='lat' dir='ltr'><strong>fauces</strong></span> <span class='ocrx_word' id='word_1_555' title='bbox 1779 3827 1916 3882; x_wconf 85' lang='lat' dir='ltr'><strong>tuas,</strong></span> <span class='ocrx_word' id='word_1_556' title='bbox 1941 3819 2111 3872; x_wconf 86' lang='lat' dir='ltr'><strong>nouis—</strong></span> 
     </span>
    </p>
   </div>
   <div class='ocr_carea' id='block_1_69' title="bbox 503 3890 846 3943">
    <p class='ocr_par' dir='ltr' id='par_1_69' title="bbox 503 3890 846 3943">
     <span class='ocr_line' id='line_1_70' title="bbox 503 3890 846 3943; baseline -0.006 0"><span class='ocrx_word' id='word_1_557' title='bbox 503 3890 632 3943; x_wconf 87' lang='lat' dir='ltr'><strong>sime</strong></span> <span class='ocrx_word' id='word_1_558' title='bbox 651 3897 846 3941; x_wconf 86' lang='lat' dir='ltr'><strong>autem.</strong></span> 
     </span>
    </p>
   </div>
   <div class='ocr_carea' id='block_1_70' title="bbox 577 3957 2111 4031">
    <p class='ocr_par' dir='ltr' id='par_1_70' title="bbox 577 3957 2111 4031">
     <span class='ocr_line' id='line_1_71' title="bbox 577 3957 2111 4031; baseline 0.002 -18"><span class='ocrx_word' id='word_1_559' title='bbox 577 3972 599 4000; x_wconf 76' lang='grc' dir='ltr'>ο</span> <span class='ocrx_word' id='word_1_560' title='bbox 634 3957 770 4014; x_wconf 87' lang='lat' dir='ltr'><strong>Cod.</strong></span> <span class='ocrx_word' id='word_1_561' title='bbox 803 3957 959 4022; x_wconf 87' lang='lat' dir='ltr'><strong>Urb.,</strong></span> <span class='ocrx_word' id='word_1_562' title='bbox 992 3959 1046 4012; x_wconf 88' lang='lat' dir='ltr'><strong>in</strong></span> <span class='ocrx_word' id='word_1_563' title='bbox 1070 3959 1330 4031; x_wconf 81' lang='lat' dir='ltr'><strong>voluptate</strong></span> <span class='ocrx_word' id='word_1_564' title='bbox 1352 3960 1633 4028; x_wconf 84' lang='lat' dir='ltr'><strong>peccantis,</strong></span> <span class='ocrx_word' id='word_1_565' title='bbox 1667 3960 1758 4015; x_wconf 85' lang='lat' dir='ltr'><strong>sed</strong></span> <span class='ocrx_word' id='word_1_566' title='bbox 1802 3960 1981 4015; x_wconf 86' lang='lat' dir='ltr'><strong>minus</strong></span> <span class='ocrx_word' id='word_1_567' title='bbox 2022 3977 2111 4016; x_wconf 90' lang='lat' dir='ltr'><strong>re-</strong></span> 
     </span>
    </p>
   </div>
   <div class='ocr_carea' id='block_1_71' title="bbox 497 4030 2104 4100">
    <p class='ocr_par' dir='ltr' id='par_1_71' title="bbox 497 4030 2104 4100">
     <span class='ocr_line' id='line_1_72' title="bbox 497 4030 2104 4100; baseline -0.001 -12"><span class='ocrx_word' id='word_1_568' title='bbox 497 4041 586 4089; x_wconf 91' lang='lat' dir='ltr'><strong>cte</strong></span> <span class='ocrx_word' id='word_1_569' title='bbox 613 4049 628 4097; x_wconf 89' lang='lat'><strong>;</strong></span> <span class='ocrx_word' id='word_1_570' title='bbox 663 4040 717 4086; x_wconf 94' lang='lat' dir='ltr'><strong>et</strong></span> <span class='ocrx_word' id='word_1_571' title='bbox 745 4032 814 4084; x_wconf 85' lang='lat' dir='ltr'><strong>ita</strong></span> <span class='ocrx_word' id='word_1_572' title='bbox 849 4031 1048 4100; x_wconf 83' lang='lat' dir='ltr'><strong>legitur</strong></span> <span class='ocrx_word' id='word_1_573' title='bbox 1075 4033 1236 4085; x_wconf 89' lang='lat' dir='ltr'><strong>etiam</strong></span> <span class='ocrx_word' id='word_1_574' title='bbox 1269 4030 1321 4085; x_wconf 91' lang='lat' dir='ltr'><strong>in</strong></span> <span class='ocrx_word' id='word_1_575' title='bbox 1349 4031 1470 4086; x_wconf 91' lang='lat' dir='ltr'><strong>cod.</strong></span> <span class='ocrx_word' id='word_1_576' title='bbox 1502 4031 1705 4087; x_wconf 80' lang='lat' dir='ltr'><strong>Octavii</strong></span> <span class='ocrx_word' id='word_1_577' title='bbox 1735 4031 2058 4099; x_wconf 73' lang='lat' dir='ltr'><strong>Panlztgnlhi</strong></span> <span class='ocrx_word' id='word_1_578' title='bbox 2090 4049 2104 4098; x_wconf 92' lang='lat'><strong>;</strong></span> 
     </span>
    </p>
   </div>
   <div class='ocr_carea' id='block_1_72' title="bbox 496 4101 2108 4170">
    <p class='ocr_par' dir='ltr' id='par_1_72' title="bbox 496 4101 2108 4170">
     <span class='ocr_line' id='line_1_73' title="bbox 496 4101 2108 4170; baseline 0.001 -14"><span class='ocrx_word' id='word_1_579' title='bbox 496 4113 551 4158; x_wconf 88' lang='lat' dir='ltr'><strong>at.</strong></span> <span class='ocrx_word' id='word_1_580' title='bbox 588 4101 963 4170; x_wconf 89' lang='lat' dir='ltr'><strong>Gaudentius,</strong></span> <span class='ocrx_word' id='word_1_581' title='bbox 996 4103 1189 4157; x_wconf 90' lang='lat' dir='ltr'><strong>eodem</strong></span> <span class='ocrx_word' id='word_1_582' title='bbox 1236 4104 1401 4158; x_wconf 88' lang='lat' dir='ltr'><strong>modo</strong></span> <span class='ocrx_word' id='word_1_583' title='bbox 1449 4104 1605 4169; x_wconf 87' lang='lat' dir='ltr'><strong>panlo</strong></span> <span class='ocrx_word' id='word_1_584' title='bbox 1648 4103 1785 4157; x_wconf 80' lang='lat' dir='ltr'><strong>infra</strong></span> <span class='ocrx_word' id='word_1_585' title='bbox 1833 4123 1845 4158; x_wconf 87' lang='lat'><strong>:</strong></span> <span class='ocrx_word' id='word_1_586' title='bbox 1902 4103 2108 4158; x_wconf 86' lang='lat' dir='ltr'><strong>Malum</strong></span> 
     </span>
    </p>
   </div>
   <div class='ocr_carea' id='block_1_73' title="bbox 494 4173 2107 4239">
    <p class='ocr_par' dir='ltr' id='par_1_73' title="bbox 494 4173 2107 4239">
     <span class='ocr_line' id='line_1_74' title="bbox 494 4173 2107 4239; baseline 0.001 -10"><span class='ocrx_word' id='word_1_587' title='bbox 494 4192 599 4230; x_wconf 87' lang='lat' dir='ltr'><strong>non</strong></span> <span class='ocrx_word' id='word_1_588' title='bbox 621 4177 674 4229; x_wconf 85' lang='lat' dir='ltr'><strong>in</strong></span> <span class='ocrx_word' id='word_1_589' title='bbox 704 4175 815 4239; x_wconf 83' lang='lat' dir='ltr'><strong>fetu</strong></span> <span class='ocrx_word' id='word_1_590' title='bbox 854 4175 1053 4228; x_wconf 89' lang='lat' dir='ltr'><strong>arboris</strong></span> <span class='ocrx_word' id='word_1_591' title='bbox 1077 4185 1168 4237; x_wconf 85' lang='lat' dir='ltr'><strong>est,</strong></span> <span class='ocrx_word' id='word_1_592' title='bbox 1200 4174 1290 4227; x_wconf 83' lang='lat' dir='ltr'><strong>sed</strong></span> <span class='ocrx_word' id='word_1_593' title='bbox 1312 4177 1364 4228; x_wconf 87' lang='lat' dir='ltr'><strong>in</strong></span> <span class='ocrx_word' id='word_1_594' title='bbox 1394 4173 1658 4229; x_wconf 82' lang='lat' dir='ltr'><strong>voluntate</strong></span> <span class='ocrx_word' id='word_1_595' title='bbox 1681 4174 1905 4230; x_wconf 86' lang='lat' dir='ltr'><strong>hominis</strong></span> <span class='ocrx_word' id='word_1_596' title='bbox 1934 4186 2107 4230; x_wconf 87' lang='lat' dir='ltr'><strong>trans—</strong></span> 
     </span>
    </p>
   </div>
   <div class='ocr_carea' id='block_1_74' title="bbox 492 4247 764 4318">
    <p class='ocr_par' dir='ltr' id='par_1_74' title="bbox 492 4247 764 4318">
     <span class='ocr_line' id='line_1_75' title="bbox 492 4247 764 4318; baseline -0.011 -18"><span class='ocrx_word' id='word_1_597' title='bbox 492 4247 742 4318; x_wconf 87' lang='lat' dir='ltr'><strong>gressoris</strong></span> <span class='ocrx_word' id='word_1_598' title='bbox 755 4288 764 4298; x_wconf 94' lang='lat'><strong>.</strong></span> 
     </span>
    </p>
   </div>
   <div class='ocr_carea' id='block_1_75' title="bbox 564 4316 1629 4387">
    <p class='ocr_par' dir='ltr' id='par_1_75' title="bbox 564 4316 1629 4387">
     <span class='ocr_line' id='line_1_76' title="bbox 564 4316 1629 4387; baseline -0.004 -13"><span class='ocrx_word' id='word_1_599' title='bbox 564 4320 589 4356; x_wconf 71' lang='grc' dir='ltr'>α</span> <span class='ocrx_word' id='word_1_600' title='bbox 623 4317 796 4387; x_wconf 90' lang='lat' dir='ltr'><strong>Lugd.</strong></span> <span class='ocrx_word' id='word_1_601' title='bbox 829 4316 1018 4382; x_wconf 89' lang='lat' dir='ltr'><strong>editio,</strong></span> <span class='ocrx_word' id='word_1_602' title='bbox 1051 4328 1096 4371; x_wconf 85' lang='lat' dir='ltr'><strong>et</strong></span> <span class='ocrx_word' id='word_1_603' title='bbox 1125 4326 1275 4372; x_wconf 87' lang='lat' dir='ltr'><strong>erant</strong></span> <span class='ocrx_word' id='word_1_604' title='bbox 1303 4316 1437 4371; x_wconf 84' lang='lat' dir='ltr'><strong>bona</strong></span> <span class='ocrx_word' id='word_1_605' title='bbox 1460 4317 1629 4371; x_wconf 85' lang='lat' dir='ltr'><strong>ualde.</strong></span> 
     </span>
    </p>
   </div>
   <div class='ocr_carea' id='block_1_76' title="bbox 572 4387 2184 4458">
    <p class='ocr_par' dir='ltr' id='par_1_76' title="bbox 572 4387 2184 4458">
     <span class='ocr_line' id='line_1_77' title="bbox 572 4387 2184 4458; baseline 0.002 -14"><span class='ocrx_word' id='word_1_606' title='bbox 572 4401 596 4427; x_wconf 74' lang='grc' dir='ltr'>θ</span> <span class='ocrx_word' id='word_1_607' title='bbox 627 4391 702 4444; x_wconf 87' lang='lat' dir='ltr'><strong>Ita</strong></span> <span class='ocrx_word' id='word_1_608' title='bbox 747 4389 925 4442; x_wconf 91' lang='lat' dir='ltr'><strong>locum</strong></span> <span class='ocrx_word' id='word_1_609' title='bbox 960 4392 1120 4443; x_wconf 88' lang='lat' dir='ltr'><strong>istum</strong></span> <span class='ocrx_word' id='word_1_610' title='bbox 1159 4388 1567 4444; x_wconf 79' lang='lat' dir='ltr'><strong>reformandum</strong></span> <span class='ocrx_word' id='word_1_611' title='bbox 1602 4387 1942 4458; x_wconf 88' lang='lat' dir='ltr'><strong>putavimus,</strong></span> <span class='ocrx_word' id='word_1_612' title='bbox 1977 4405 2102 4446; x_wconf 88' lang='lat' dir='ltr'><strong>cum</strong></span> <span class='ocrx_word' id='word_1_613' title='bbox 2132 4389 2184 4448; x_wconf 89' lang='lat' dir='ltr'><strong>D</strong></span> 
     </span>
    </p>
   </div>
   <div class='ocr_carea' id='block_1_77' title="bbox 496 4458 2106 4529">
    <p class='ocr_par' dir='ltr' id='par_1_77' title="bbox 496 4458 2106 4529">
     <span class='ocr_line' id='line_1_78' title="bbox 496 4458 2106 4529; baseline 0.002 -15"><span class='ocrx_word' id='word_1_614' title='bbox 496 4459 743 4529; x_wconf 81' lang='lat' dir='ltr'><strong>legerent</strong></span> <span class='ocrx_word' id='word_1_615' title='bbox 789 4458 909 4513; x_wconf 77' lang='lat' dir='ltr'><strong>duae</strong></span> <span class='ocrx_word' id='word_1_616' title='bbox 941 4460 1235 4529; x_wconf 88' lang='lat' dir='ltr'><strong>editiones,</strong></span> <span class='ocrx_word' id='word_1_617' title='bbox 1278 4470 1325 4512; x_wconf 88' lang='lat' dir='ltr'><strong>et</strong></span> <span class='ocrx_word' id='word_1_618' title='bbox 1373 4461 1570 4514; x_wconf 83' lang='lat' dir='ltr'><strong>servilis</strong></span> <span class='ocrx_word' id='word_1_619' title='bbox 1616 4461 1846 4513; x_wconf 82' lang='lat' dir='ltr'><strong>humana</strong></span> <span class='ocrx_word' id='word_1_620' title='bbox 1875 4463 2106 4521; x_wconf 84' lang='lat' dir='ltr'><strong>conditio</strong></span> 
     </span>
    </p>
   </div>
   <div class='ocr_carea' id='block_1_78' title="bbox 494 4529 2106 4605">
    <p class='ocr_par' dir='ltr' id='par_1_78' title="bbox 494 4529 2106 4605">
     <span class='ocr_line' id='line_1_79' title="bbox 494 4529 2106 4605; baseline 0.002 -19"><span class='ocrx_word' id='word_1_621' title='bbox 494 4533 656 4605; x_wconf 63' lang='lat' dir='ltr'><strong>legent</strong></span> <span class='ocrx_word' id='word_1_622' title='bbox 688 4529 783 4584; x_wconf 96' lang='lat' dir='ltr'><strong>Dei</strong></span> <span class='ocrx_word' id='word_1_623' title='bbox 811 4530 1129 4605; x_wconf 76' lang='lat' dir='ltr'><strong>dominantis</strong></span> <span class='ocrx_word' id='word_1_624' title='bbox 1162 4542 1450 4605; x_wconf 84' lang='lat' dir='ltr'><strong>accepera_t._</strong></span> <span class='ocrx_word' id='word_1_625' title='bbox 1493 4530 1662 4605; x_wconf 84' lang='lat' dir='ltr'><strong>Lugd.</strong></span> <span class='ocrx_word' id='word_1_626' title='bbox 1693 4541 1875 4605; x_wconf 67' lang='lat' dir='ltr'><strong>autem</strong></span> <span class='ocrx_word' id='word_1_627' title='bbox 1900 4577 1912 4598; x_wconf 95' lang='lat'><strong>,</strong></span> <span class='ocrx_word' id='word_1_628' title='bbox 1943 4535 2106 4603; x_wconf 79' lang='lat' dir='ltr'><strong>legem</strong></span> 
     </span>
    </p>
   </div>
   <div class='ocr_carea' id='block_1_79' title="bbox 494 4599 2104 4671">
    <p class='ocr_par' dir='ltr' id='par_1_79' title="bbox 494 4599 2104 4671">
     <span class='ocr_line' id='line_1_80' title="bbox 494 4599 2104 4671; baseline 0 -14"><span class='ocrx_word' id='word_1_629' title='bbox 494 4599 594 4657; x_wconf 58' lang='lat' dir='ltr'><strong>D&#39;ei</strong></span> <span class='ocrx_word' id='word_1_630' title='bbox 619 4603 917 4656; x_wconf 88' lang='lat' dir='ltr'><strong>damnantis</strong></span> <span class='ocrx_word' id='word_1_631' title='bbox 947 4611 1212 4666; x_wconf 86' lang='lat' dir='ltr'><strong>acceperat</strong></span> <span class='ocrx_word' id='word_1_632' title='bbox 1241 4619 1260 4667; x_wconf 88' lang='lat'><em>;</em></span> <span class='ocrx_word' id='word_1_633' title='bbox 1299 4609 1356 4655; x_wconf 89' lang='lat' dir='ltr'><strong>at</strong></span> <span class='ocrx_word' id='word_1_634' title='bbox 1393 4601 1539 4656; x_wconf 88' lang='lat' dir='ltr'><strong>Flor.</strong></span> <span class='ocrx_word' id='word_1_635' title='bbox 1569 4599 1595 4670; x_wconf 59' lang='grc'><strong>,⁷</strong></span> <span class='ocrx_word' id='word_1_636' title='bbox 1618 4603 1778 4671; x_wconf 86' lang='lat' dir='ltr'><strong>legem</strong></span> <span class='ocrx_word' id='word_1_637' title='bbox 1809 4599 1910 4655; x_wconf 86' lang='lat' dir='ltr'><strong>Dei</strong></span> <span class='ocrx_word' id='word_1_638' title='bbox 1951 4599 2104 4657; x_wconf 77' lang='lat' dir='ltr'><strong>dam-</strong></span> 
     </span>
    </p>
   </div>
   <div class='ocr_carea' id='block_1_80' title="bbox 495 4672 2105 4740">
    <p class='ocr_par' dir='ltr' id='par_1_80' title="bbox 495 4672 2105 4740">
     <span class='ocr_line' id='line_1_81' title="bbox 495 4672 2105 4740; baseline 0.001 -13"><span class='ocrx_word' id='word_1_639' title='bbox 495 4675 670 4728; x_wconf 87' lang='lat' dir='ltr'><strong>nantis</strong></span> <span class='ocrx_word' id='word_1_640' title='bbox 696 4672 972 4740; x_wconf 85' lang='lat' dir='ltr'><strong>acciperet.</strong></span> <span class='ocrx_word' id='word_1_641' title='bbox 1021 4673 1129 4726; x_wconf 82' lang='lat' dir='ltr'><strong>Alii</strong></span> <span class='ocrx_word' id='word_1_642' title='bbox 1175 4682 1286 4726; x_wconf 89' lang='lat' dir='ltr'><strong>tres</strong></span> <span class='ocrx_word' id='word_1_643' title='bbox 1334 4687 1459 4727; x_wconf 87' lang='lat' dir='ltr'><strong>mss.</strong></span> <span class='ocrx_word' id='word_1_644' title='bbox 1488 4712 1505 4738; x_wconf 88' lang='lat'><strong>,</strong></span> <span class='ocrx_word' id='word_1_645' title='bbox 1551 4683 1599 4727; x_wconf 88' lang='lat' dir='ltr'><strong>et</strong></span> <span class='ocrx_word' id='word_1_646' title='bbox 1649 4672 1847 4726; x_wconf 87' lang='lat' dir='ltr'><strong>seruilis</strong></span> <span class='ocrx_word' id='word_1_647' title='bbox 1875 4673 2105 4729; x_wconf 85' lang='lat' dir='ltr'><strong>humana</strong></span> 
     </span>
    </p>
   </div>
   <div class='ocr_carea' id='block_1_81' title="bbox 494 4742 2100 4815">
    <p class='ocr_par' dir='ltr' id='par_1_81' title="bbox 494 4742 2100 4815">
     <span class='ocr_line' id='line_1_82' title="bbox 494 4742 2100 4815; baseline 0.002 -18"><span class='ocrx_word' id='word_1_648' title='bbox 494 4745 725 4815; x_wconf 82' lang='lat' dir='ltr'><strong>conditio</strong></span> <span class='ocrx_word' id='word_1_649' title='bbox 786 4742 948 4810; x_wconf 87' lang='lat' dir='ltr'><strong>legem</strong></span> <span class='ocrx_word' id='word_1_650' title='bbox 1000 4742 1094 4796; x_wconf 88' lang='lat' dir='ltr'><strong>Dei</strong></span> <span class='ocrx_word' id='word_1_651' title='bbox 1160 4743 1478 4815; x_wconf 83' lang='lat' dir='ltr'><strong>dominantis</strong></span> <span class='ocrx_word' id='word_1_652' title='bbox 1526 4745 1818 4815; x_wconf 85' lang='lat' dir='ltr'><strong>acciperet_;</strong></span> <span class='ocrx_word' id='word_1_653' title='bbox 1867 4744 2100 4814; x_wconf 88' lang='lat' dir='ltr'><strong>deinde,</strong></span> 
     </span>
    </p>
   </div>
   <div class='ocr_carea' id='block_1_82' title="bbox 491 4813 2100 4884">
    <p class='ocr_par' dir='ltr' id='par_1_82' title="bbox 491 4813 2100 4884">
     <span class='ocr_line' id='line_1_83' title="bbox 491 4813 2100 4884; baseline 0.002 -17"><span class='ocrx_word' id='word_1_654' title='bbox 491 4814 658 4874; x_wconf 87' lang='lat' dir='ltr'><strong>male,</strong></span> <span class='ocrx_word' id='word_1_655' title='bbox 714 4815 914 4884; x_wconf 81' lang='lat' dir='ltr'><strong>proprii</strong></span> <span class='ocrx_word' id='word_1_656' title='bbox 943 4815 1145 4884; x_wconf 81' lang='lat' dir='ltr'><strong>arbitrii</strong></span> <span class='ocrx_word' id='word_1_657' title='bbox 1172 4814 1405 4868; x_wconf 77' lang='lat' dir='ltr'><strong>libertate</strong></span> <span class='ocrx_word' id='word_1_658' title='bbox 1435 4813 1704 4883; x_wconf 79' lang='lat' dir='ltr'><strong>permissa.</strong></span> <span class='ocrx_word' id='word_1_659' title='bbox 1753 4813 1864 4868; x_wconf 85' lang='lat' dir='ltr'><strong>Nos</strong></span> <span class='ocrx_word' id='word_1_660' title='bbox 1895 4813 2100 4884; x_wconf 87' lang='lat' dir='ltr'><strong>autem,</strong></span> 
     </span>
    </p>
   </div>
   <div class='ocr_carea' id='block_1_83' title="bbox 490 4883 2106 4956">
    <p class='ocr_par' dir='ltr' id='par_1_83' title="bbox 490 4883 2106 4956">
     <span class='ocr_line' id='line_1_84' title="bbox 490 4883 2106 4956; baseline 0.004 -18"><span class='ocrx_word' id='word_1_661' title='bbox 490 4883 921 4956; x_wconf 7' lang='lat' dir='ltr'><strong>propriigurbitrii</strong></span> <span class='ocrx_word' id='word_1_662' title='bbox 951 4883 1177 4956; x_wconf 76' lang='lat' dir='ltr'><strong>libertati</strong></span> <span class='ocrx_word' id='word_1_663' title='bbox 1197 4886 1463 4956; x_wconf 81' lang='lat' dir='ltr'><strong>permissa,</strong></span> <span class='ocrx_word' id='word_1_664' title='bbox 1493 4886 1640 4956; x_wconf 92' lang='lat' dir='ltr'><strong>quod</strong></span> <span class='ocrx_word' id='word_1_665' title='bbox 1663 4885 1731 4939; x_wconf 82' lang='lat' dir='ltr'><strong>ab</strong></span> <span class='ocrx_word' id='word_1_666' title='bbox 1758 4885 1919 4941; x_wconf 88' lang='lat' dir='ltr'><strong>editis</strong></span> <span class='ocrx_word' id='word_1_667' title='bbox 1949 4883 2106 4944; x_wconf 84' lang='lat' dir='ltr'><strong>acce-</strong></span> 
     </span>
    </p>
   </div>
   <div class='ocr_carea' id='block_1_84' title="bbox 495 4954 2104 5027">
    <p class='ocr_par' dir='ltr' id='par_1_84' title="bbox 495 4954 2104 5027">
     <span class='ocr_line' id='line_1_85' title="bbox 495 4954 2104 5027; baseline 0.004 -18"><span class='ocrx_word' id='word_1_668' title='bbox 495 4954 646 5024; x_wconf 87' lang='lat' dir='ltr'><strong>ptum</strong></span> <span class='ocrx_word' id='word_1_669' title='bbox 679 4954 915 5027; x_wconf 80' lang='lat' dir='ltr'><strong>libenter</strong></span> <span class='ocrx_word' id='word_1_670' title='bbox 957 4954 1306 5027; x_wconf 82' lang='lat' dir='ltr'><strong>retinuimus.</strong></span> <span class='ocrx_word' id='word_1_671' title='bbox 1362 4954 1526 5012; x_wconf 79' lang='lat' dir='ltr'><strong>Liber</strong></span> <span class='ocrx_word' id='word_1_672' title='bbox 1555 4957 1872 5027; x_wconf 85' lang='lat' dir='ltr'><strong>Pantagathi</strong></span> <span class='ocrx_word' id='word_1_673' title='bbox 1899 4957 1977 5014; x_wconf 89' lang='lat' dir='ltr'><strong>sic</strong></span> <span class='ocrx_word' id='word_1_674' title='bbox 2009 4959 2104 5015; x_wconf 84' lang='lat' dir='ltr'><strong>ha-</strong></span> 
     </span>
    </p>
   </div>
   <div class='ocr_carea' id='block_1_85' title="bbox 488 5024 2102 5101">
    <p class='ocr_par' dir='ltr' id='par_1_85' title="bbox 488 5024 2102 5101">
     <span class='ocr_line' id='line_1_86' title="bbox 488 5024 2102 5101; baseline 0.002 -21"><span class='ocrx_word' id='word_1_675' title='bbox 488 5029 583 5101; x_wconf 87' lang='lat' dir='ltr'><strong>bet</strong></span> <span class='ocrx_word' id='word_1_676' title='bbox 613 5045 628 5082; x_wconf 89' lang='lat'>:</span> <span class='ocrx_word' id='word_1_677' title='bbox 655 5035 712 5101; x_wconf 81' lang='lat' dir='ltr'><strong>ut</strong></span> <span class='ocrx_word' id='word_1_678' title='bbox 741 5025 941 5079; x_wconf 80' lang='lat' dir='ltr'><strong>seruilis</strong></span> <span class='ocrx_word' id='word_1_679' title='bbox 971 5024 1208 5101; x_wconf 71' lang='lat' dir='ltr'><strong>humana</strong></span> <span class='ocrx_word' id='word_1_680' title='bbox 1229 5027 1457 5101; x_wconf 81' lang='lat' dir='ltr'><strong>conditio</strong></span> <span class='ocrx_word' id='word_1_681' title='bbox 1489 5029 1649 5101; x_wconf 88' lang='lat' dir='ltr'><strong>legem</strong></span> <span class='ocrx_word' id='word_1_682' title='bbox 1680 5024 1777 5082; x_wconf 75' lang='grc' dir='ltr'><strong>ι)ὲὶ</strong></span> <span class='ocrx_word' id='word_1_683' title='bbox 1821 5029 2102 5084; x_wconf 83' lang='lat' dir='ltr'><strong>dominan-</strong></span> 
     </span>
    </p>
   </div>
   <div class='ocr_carea' id='block_1_86' title="bbox 487 5098 2104 5170">
    <p class='ocr_par' dir='ltr' id='par_1_86' title="bbox 487 5098 2104 5170">
     <span class='ocr_line' id='line_1_87' title="bbox 487 5098 2104 5170; baseline 0.003 -18"><span class='ocrx_word' id='word_1_684' title='bbox 487 5100 554 5170; x_wconf 82' lang='lat' dir='ltr'><strong>tis</strong></span> <span class='ocrx_word' id='word_1_685' title='bbox 584 5099 840 5170; x_wconf 85' lang='lat' dir='ltr'><strong>acciperet</strong></span> <span class='ocrx_word' id='word_1_686' title='bbox 871 5098 1068 5170; x_wconf 81' lang='lat' dir='ltr'><strong>proprii</strong></span> <span class='ocrx_word' id='word_1_687' title='bbox 1095 5098 1298 5151; x_wconf 84' lang='lat' dir='ltr'><strong>arbitrii</strong></span> <span class='ocrx_word' id='word_1_688' title='bbox 1332 5098 1565 5154; x_wconf 77' lang='lat' dir='ltr'><strong>libertate</strong></span> <span class='ocrx_word' id='word_1_689' title='bbox 1600 5102 1870 5169; x_wconf 78' lang='lat' dir='ltr'><strong>permissa.</strong></span> <span class='ocrx_word' id='word_1_690' title='bbox 1906 5101 2104 5157; x_wconf 83' lang='lat' dir='ltr'><strong>Facilis</strong></span> 
     </span>
    </p>
   </div>
   <div class='ocr_carea' id='block_1_87' title="bbox 487 5168 2100 5238">
    <p class='ocr_par' dir='ltr' id='par_1_87' title="bbox 487 5168 2100 5238">
     <span class='ocr_line' id='line_1_88' title="bbox 487 5168 2100 5238; baseline 0.001 -13"><span class='ocrx_word' id='word_1_691' title='bbox 487 5168 840 5226; x_wconf 74' lang='lat' dir='ltr'><strong>libraridrum</strong></span> <span class='ocrx_word' id='word_1_692' title='bbox 873 5168 1060 5238; x_wconf 79' lang='lat' dir='ltr'><strong>lapSus</strong></span> <span class='ocrx_word' id='word_1_693' title='bbox 1082 5169 1438 5225; x_wconf 88' lang='lat' dir='ltr'><strong>scribentium</strong></span> <span class='ocrx_word' id='word_1_694' title='bbox 1477 5168 1709 5226; x_wconf 80' lang='lat' dir='ltr'><strong>libertate</strong></span> <span class='ocrx_word' id='word_1_695' title='bbox 1735 5188 1831 5238; x_wconf 90' lang='lat' dir='ltr'><strong>pro</strong></span> <span class='ocrx_word' id='word_1_696' title='bbox 1859 5173 2100 5227; x_wconf 85' lang='lat' dir='ltr'><strong>libertati.</strong></span> 
     </span>
    </p>
   </div>
   <div class='ocr_carea' id='block_1_88' title="bbox 566 5239 2098 5310">
    <p class='ocr_par' dir='ltr' id='par_1_88' title="bbox 566 5239 2098 5310">
     <span class='ocr_line' id='line_1_89' title="bbox 566 5239 2098 5310; baseline 0.002 -15"><span class='ocrx_word' id='word_1_697' title='bbox 566 5241 586 5278; x_wconf 69' lang='grc' dir='ltr'><em>τ</em></span> <span class='ocrx_word' id='word_1_698' title='bbox 617 5241 764 5295; x_wconf 87' lang='lat' dir='ltr'><strong>Vatt.</strong></span> <span class='ocrx_word' id='word_1_699' title='bbox 799 5239 932 5308; x_wconf 90' lang='lat' dir='ltr'><strong>duo,</strong></span> <span class='ocrx_word' id='word_1_700' title='bbox 968 5241 1062 5294; x_wconf 84' lang='lat' dir='ltr'><strong>sed</strong></span> <span class='ocrx_word' id='word_1_701' title='bbox 1090 5245 1144 5295; x_wconf 85' lang='lat' dir='ltr'><strong>in</strong></span> <span class='ocrx_word' id='word_1_702' title='bbox 1171 5257 1274 5310; x_wconf 86' lang='lat' dir='ltr'><strong>qua</strong></span> <span class='ocrx_word' id='word_1_703' title='bbox 1299 5251 1432 5294; x_wconf 88' lang='lat' dir='ltr'><strong>esset</strong></span> <span class='ocrx_word' id='word_1_704' title='bbox 1456 5244 1672 5296; x_wconf 87' lang='lat' dir='ltr'><strong>scientia</strong></span> <span class='ocrx_word' id='word_1_705' title='bbox 1705 5243 1847 5307; x_wconf 86' lang='lat' dir='ltr'><strong>boni,</strong></span> <span class='ocrx_word' id='word_1_706' title='bbox 1869 5254 1917 5296; x_wconf 89' lang='lat' dir='ltr'><strong>et</strong></span> <span class='ocrx_word' id='word_1_707' title='bbox 1949 5247 2098 5310; x_wconf 89' lang='lat' dir='ltr'><strong>mali,</strong></span> 
     </span>
    </p>
   </div>
   <div class='ocr_carea' id='block_1_89' title="bbox 491 5311 2101 5383">
    <p class='ocr_par' dir='ltr' id='par_1_89' title="bbox 491 5311 2101 5383">
     <span class='ocr_line' id='line_1_90' title="bbox 491 5311 2101 5383; baseline 0.003 -17"><span class='ocrx_word' id='word_1_708' title='bbox 491 5312 731 5367; x_wconf 87' lang='lat' dir='ltr'><strong>uidelicet</strong></span> <span class='ocrx_word' id='word_1_709' title='bbox 760 5313 816 5383; x_wconf 82' lang='lat' dir='ltr'><strong>in</strong></span> <span class='ocrx_word' id='word_1_710' title='bbox 837 5329 987 5382; x_wconf 83' lang='lat' dir='ltr'><strong>qua;</strong></span> <span class='ocrx_word' id='word_1_711' title='bbox 1038 5321 1093 5367; x_wconf 89' lang='lat' dir='ltr'><strong>et</strong></span> <span class='ocrx_word' id='word_1_712' title='bbox 1139 5311 1332 5366; x_wconf 90' lang='lat' dir='ltr'><strong>eadem</strong></span> <span class='ocrx_word' id='word_1_713' title='bbox 1378 5314 1540 5367; x_wconf 92' lang='lat' dir='ltr'><strong>lectio</strong></span> <span class='ocrx_word' id='word_1_714' title='bbox 1597 5325 1829 5383; x_wconf 88' lang='lat' dir='ltr'><strong>apparet</strong></span> <span class='ocrx_word' id='word_1_715' title='bbox 1873 5315 1923 5369; x_wconf 91' lang='lat' dir='ltr'><strong>in</strong></span> <span class='ocrx_word' id='word_1_716' title='bbox 1957 5316 2101 5371; x_wconf 89' lang='lat' dir='ltr'><strong>libro</strong></span> 
     </span>
    </p>
   </div>
   <div class='ocr_carea' id='block_1_90' title="bbox 491 5382 2096 5453">
    <p class='ocr_par' dir='ltr' id='par_1_90' title="bbox 491 5382 2096 5453">
     <span class='ocr_line' id='line_1_91' title="bbox 491 5382 2096 5453; baseline 0.001 -15"><span class='ocrx_word' id='word_1_717' title='bbox 491 5382 822 5452; x_wconf 87' lang='lat' dir='ltr'><strong>Pantagathi</strong></span> <span class='ocrx_word' id='word_1_718' title='bbox 848 5401 862 5445; x_wconf 90' lang='lat'><strong>;</strong></span> <span class='ocrx_word' id='word_1_719' title='bbox 899 5383 1036 5440; x_wconf 88' lang='lat' dir='ltr'><strong>Urb.</strong></span> <span class='ocrx_word' id='word_1_720' title='bbox 1064 5397 1222 5443; x_wconf 89' lang='lat' dir='ltr'><strong>vero.</strong></span> <span class='ocrx_word' id='word_1_721' title='bbox 1249 5383 1339 5435; x_wconf 84' lang='lat' dir='ltr'><strong>sed</strong></span> <span class='ocrx_word' id='word_1_722' title='bbox 1364 5383 1420 5436; x_wconf 87' lang='lat' dir='ltr'><strong>in</strong></span> <span class='ocrx_word' id='word_1_723' title='bbox 1447 5400 1549 5450; x_wconf 85' lang='lat' dir='ltr'><strong>qua</strong></span> <span class='ocrx_word' id='word_1_724' title='bbox 1579 5382 1687 5439; x_wconf 82' lang='lat' dir='ltr'><strong>esse</strong></span> <span class='ocrx_word' id='word_1_725' title='bbox 1717 5387 1930 5440; x_wconf 84' lang='lat' dir='ltr'><strong>scientia</strong></span> <span class='ocrx_word' id='word_1_726' title='bbox 1956 5387 2096 5453; x_wconf 82' lang='lat' dir='ltr'><strong>boni,</strong></span> 
     </span>
    </p>
   </div>
   <div class='ocr_carea' id='block_1_91' title="bbox 490 5453 2100 5526">
    <p class='ocr_par' dir='ltr' id='par_1_91' title="bbox 490 5453 2100 5526">
     <span class='ocr_line' id='line_1_92' title="bbox 490 5453 2100 5526; baseline 0.003 -18"><span class='ocrx_word' id='word_1_727' title='bbox 490 5462 542 5508; x_wconf 87' lang='lat' dir='ltr'><strong>et</strong></span> <span class='ocrx_word' id='word_1_728' title='bbox 569 5456 716 5518; x_wconf 88' lang='lat' dir='ltr'><strong>mali,</strong></span> <span class='ocrx_word' id='word_1_729' title='bbox 775 5455 1012 5510; x_wconf 89' lang='lat' dir='ltr'><strong>uidelicet</strong></span> <span class='ocrx_word' id='word_1_730' title='bbox 1041 5456 1095 5510; x_wconf 88' lang='lat' dir='ltr'><strong>in</strong></span> <span class='ocrx_word' id='word_1_731' title='bbox 1139 5470 1264 5526; x_wconf 87' lang='lat' dir='ltr'><strong>qua.</strong></span> <span class='ocrx_word' id='word_1_732' title='bbox 1296 5453 1615 5511; x_wconf 90' lang='lat' dir='ltr'><strong>Lectionem</strong></span> <span class='ocrx_word' id='word_1_733' title='bbox 1655 5457 1928 5514; x_wconf 89' lang='lat' dir='ltr'><strong>editorum</strong></span> <span class='ocrx_word' id='word_1_734' title='bbox 1963 5460 2100 5514; x_wconf 84' lang='lat' dir='ltr'><strong>reti-</strong></span> 
     </span>
    </p>
   </div>
   <div class='ocr_carea' id='block_1_92' title="bbox 493 5541 740 5581">
    <p class='ocr_par' dir='ltr' id='par_1_92' title="bbox 493 5541 740 5581">
     <span class='ocr_line' id='line_1_93' title="bbox 493 5541 740 5581; baseline -0.008 0"><span class='ocrx_word' id='word_1_735' title='bbox 493 5541 566 5581; x_wconf 93' lang='lat' dir='ltr'><strong>nu</strong></span> <span class='ocrx_word' id='word_1_736' title='bbox 597 5541 740 5580; x_wconf 90' lang='lat' dir='ltr'><strong>tnus.</strong></span> 
     </span>
    </p>
   </div>
   <div class='ocr_carea' id='block_1_93' title="bbox 625 5596 2100 5672">
    <p class='ocr_par' dir='ltr' id='par_1_93' title="bbox 625 5596 2100 5672">
     <span class='ocr_line' id='line_1_94' title="bbox 625 5596 2100 5672; baseline 0.004 -21"><span class='ocrx_word' id='word_1_737' title='bbox 625 5597 812 5672; x_wconf 81' lang='lat' dir='ltr'><strong>Lectio</strong></span> <span class='ocrx_word' id='word_1_738' title='bbox 843 5597 1042 5672; x_wconf 71' lang='lat' dir='ltr'><strong>Urbin.</strong></span> <span class='ocrx_word' id='word_1_739' title='bbox 1080 5596 1282 5655; x_wconf 76' lang='lat' dir='ltr'><strong>Caeteri</strong></span> <span class='ocrx_word' id='word_1_740' title='bbox 1317 5606 1427 5654; x_wconf 85' lang='lat' dir='ltr'><strong>tam</strong></span> <span class='ocrx_word' id='word_1_741' title='bbox 1462 5614 1595 5655; x_wconf 88' lang='lat' dir='ltr'><strong>mss.</strong></span> <span class='ocrx_word' id='word_1_742' title='bbox 1623 5616 1788 5672; x_wconf 88' lang='lat' dir='ltr'><strong>quam</strong></span> <span class='ocrx_word' id='word_1_743' title='bbox 1823 5600 1990 5667; x_wconf 89' lang='lat' dir='ltr'><strong>editi,</strong></span> <span class='ocrx_word' id='word_1_744' title='bbox 2024 5601 2100 5657; x_wconf 82' lang='lat' dir='ltr'><strong>vel</strong></span> 
     </span>
    </p>
   </div>
   <div class='ocr_carea' id='block_1_94' title="bbox 486 5667 2100 5746">
    <p class='ocr_par' dir='ltr' id='par_1_94' title="bbox 486 5667 2100 5746">
     <span class='ocr_line' id='line_1_95' title="bbox 486 5667 2100 5746; baseline 0.005 -26"><span class='ocrx_word' id='word_1_745' title='bbox 486 5667 806 5746; x_wconf 69' lang='lat' dir='ltr'><strong>immortalis</strong></span> <span class='ocrx_word' id='word_1_746' title='bbox 857 5671 1176 5746; x_wconf 64' lang='lat' dir='ltr'><strong>premi-um;</strong></span> <span class='ocrx_word' id='word_1_747' title='bbox 1230 5679 1286 5725; x_wconf 89' lang='lat' dir='ltr'><strong>at</strong></span> <span class='ocrx_word' id='word_1_748' title='bbox 1313 5672 1436 5726; x_wconf 85' lang='lat' dir='ltr'><strong>cod.</strong></span> <span class='ocrx_word' id='word_1_749' title='bbox 1499 5667 1846 5746; x_wconf 79' lang='lat' dir='ltr'><strong>Pantagathi,</strong></span> <span class='ocrx_word' id='word_1_750' title='bbox 1899 5673 2100 5728; x_wconf 85' lang='lat' dir='ltr'><strong>uelim-</strong></span> 
     </span>
    </p>
   </div>
   <div class='ocr_carea' id='block_1_95' title="bbox 488 5739 1148 5812">
    <p class='ocr_par' dir='ltr' id='par_1_95' title="bbox 488 5739 1148 5812">
     <span class='ocr_line' id='line_1_96' title="bbox 488 5739 1148 5812; baseline 0.006 -20"><span class='ocrx_word' id='word_1_751' title='bbox 488 5739 827 5796; x_wconf 82' lang='lat' dir='ltr'><strong>mortalitatis</strong></span> <span class='ocrx_word' id='word_1_752' title='bbox 853 5742 1148 5812; x_wconf 71' lang='lat' dir='ltr'><strong>praemium.</strong></span> 
     </span>
    </p>
   </div>
   <div class='ocr_carea' id='block_1_96' title="bbox 2222 3235 3816 3295">
    <p class='ocr_par' dir='ltr' id='par_1_96' title="bbox 2222 3235 3816 3295">
     <span class='ocr_line' id='line_1_97' title="bbox 2222 3235 3816 3295; baseline 0.003 -5"><span class='ocrx_word' id='word_1_753' title='bbox 2222 3235 2382 3290; x_wconf 89' lang='lat' dir='ltr'><strong>ranni</strong></span> <span class='ocrx_word' id='word_1_754' title='bbox 2413 3235 2633 3291; x_wconf 76' lang='lat' dir='ltr'><strong>feritas:</strong></span> <span class='ocrx_word' id='word_1_755' title='bbox 2661 3243 2717 3290; x_wconf 91' lang='lat' dir='ltr'><strong>et</strong></span> <span class='ocrx_word' id='word_1_756' title='bbox 2737 3251 2860 3290; x_wconf 90' lang='lat' dir='ltr'><strong>cum</strong></span> <span class='ocrx_word' id='word_1_757' title='bbox 2893 3251 2998 3289; x_wconf 91' lang='lat' dir='ltr'><strong>non</strong></span> <span class='ocrx_word' id='word_1_758' title='bbox 3019 3235 3284 3290; x_wconf 88' lang='lat' dir='ltr'><strong>valuisset</strong></span> <span class='ocrx_word' id='word_1_759' title='bbox 3305 3237 3673 3293; x_wconf 88' lang='lat' dir='ltr'><strong>constantiam</strong></span> <span class='ocrx_word' id='word_1_760' title='bbox 3703 3237 3816 3295; x_wconf 89' lang='lat' dir='ltr'><strong>ﬁdei</strong></span> 
     </span>
    </p>
   </div>
   <div class='ocr_carea' id='block_1_97' title="bbox 2223 3327 3819 3399">
    <p class='ocr_par' dir='ltr' id='par_1_97' title="bbox 2223 3327 3819 3399">
     <span class='ocr_line' id='line_1_98' title="bbox 2223 3327 3819 3399; baseline 0.003 -16"><span class='ocrx_word' id='word_1_761' title='bbox 2223 3328 2278 3383; x_wconf 88' lang='lat' dir='ltr'><strong>in</strong></span> <span class='ocrx_word' id='word_1_762' title='bbox 2309 3344 2408 3382; x_wconf 81' lang='lat' dir='ltr'><strong>sex</strong></span> <span class='ocrx_word' id='word_1_763' title='bbox 2437 3327 2694 3382; x_wconf 82' lang='lat' dir='ltr'><strong>fratribus</strong></span> <span class='ocrx_word' id='word_1_764' title='bbox 2721 3336 2746 3363; x_wconf 77' lang='grc' dir='ltr'><strong><em>η</em></strong></span> <span class='ocrx_word' id='word_1_765' title='bbox 2779 3327 3064 3384; x_wconf 83' lang='lat' dir='ltr'><strong>atrocitate</strong></span> <span class='ocrx_word' id='word_1_766' title='bbox 3095 3328 3347 3398; x_wconf 89' lang='lat' dir='ltr'><strong>supplicii</strong></span> <span class='ocrx_word' id='word_1_767' title='bbox 3375 3343 3648 3399; x_wconf 88' lang='lat' dir='ltr'><strong>superare</strong></span> <span class='ocrx_word' id='word_1_768' title='bbox 3672 3332 3819 3387; x_wconf 83' lang='lat' dir='ltr'><strong>calli-</strong></span> 
     </span>
    </p>
   </div>
   <div class='ocr_carea' id='block_1_98' title="bbox 2221 3421 3816 3496">
    <p class='ocr_par' dir='ltr' id='par_1_98' title="bbox 2221 3421 3816 3496">
     <span class='ocr_line' id='line_1_99' title="bbox 2221 3421 3816 3496; baseline 0.003 -18"><span class='ocrx_word' id='word_1_769' title='bbox 2221 3421 2325 3479; x_wconf 88' lang='lat' dir='ltr'><strong>dus</strong></span> <span class='ocrx_word' id='word_1_770' title='bbox 2355 3431 2693 3493; x_wconf 88' lang='lat' dir='ltr'><strong>persecutor,</strong></span> <span class='ocrx_word' id='word_1_771' title='bbox 2726 3422 2781 3477; x_wconf 91' lang='lat' dir='ltr'><strong>in</strong></span> <span class='ocrx_word' id='word_1_772' title='bbox 2825 3421 3083 3492; x_wconf 89' lang='lat' dir='ltr'><strong>septimo,</strong></span> <span class='ocrx_word' id='word_1_773' title='bbox 3141 3422 3267 3493; x_wconf 89' lang='lat' dir='ltr'><strong>quia</strong></span> <span class='ocrx_word' id='word_1_774' title='bbox 3313 3432 3467 3480; x_wconf 90' lang='lat' dir='ltr'><strong>esset</strong></span> <span class='ocrx_word' id='word_1_775' title='bbox 3515 3425 3728 3496; x_wconf 90' lang='lat' dir='ltr'><strong>junior,</strong></span> <span class='ocrx_word' id='word_1_776' title='bbox 3753 3425 3816 3482; x_wconf 88' lang='lat' dir='ltr'><strong>ad</strong></span> 
     </span>
    </p>
   </div>
   <div class='ocr_carea' id='block_1_99' title="bbox 2293 3602 3817 3680">
    <p class='ocr_par' dir='ltr' id='par_1_99' title="bbox 2293 3602 3817 3680">
     <span class='ocr_line' id='line_1_100' title="bbox 2293 3602 3817 3680; baseline 0.005 -22"><span class='ocrx_word' id='word_1_777' title='bbox 2293 3602 2323 3641; x_wconf 74' lang='lat' dir='ltr'><strong>h</strong></span> <span class='ocrx_word' id='word_1_778' title='bbox 2367 3603 2425 3659; x_wconf 87' lang='lat' dir='ltr'><strong>In</strong></span> <span class='ocrx_word' id='word_1_779' title='bbox 2454 3614 2691 3675; x_wconf 84' lang='lat' dir='ltr'><strong>quatuor</strong></span> <span class='ocrx_word' id='word_1_780' title='bbox 2740 3620 2874 3661; x_wconf 90' lang='lat' dir='ltr'><strong>mss.</strong></span> <span class='ocrx_word' id='word_1_781' title='bbox 2933 3613 2990 3661; x_wconf 87' lang='lat' dir='ltr'><strong>et</strong></span> <span class='ocrx_word' id='word_1_782' title='bbox 3021 3607 3076 3680; x_wconf 88' lang='lat' dir='ltr'><strong>in</strong></span> <span class='ocrx_word' id='word_1_783' title='bbox 3114 3606 3256 3662; x_wconf 91' lang='lat' dir='ltr'><strong>libro</strong></span> <span class='ocrx_word' id='word_1_784' title='bbox 3307 3607 3674 3678; x_wconf 85' lang='lat' dir='ltr'><strong>Pantagathi,</strong></span> <span class='ocrx_word' id='word_1_785' title='bbox 3705 3611 3817 3680; x_wconf 81' lang='lat' dir='ltr'><strong>quia</strong></span> 
     </span>
    </p>
   </div>
   <div class='ocr_carea' id='block_1_100' title="bbox 2221 3679 3817 3754">
    <p class='ocr_par' dir='ltr' id='par_1_100' title="bbox 2221 3679 3817 3754">
     <span class='ocr_line' id='line_1_101' title="bbox 2221 3679 3817 3754; baseline 0.004 -23"><span class='ocrx_word' id='word_1_786' title='bbox 2221 3688 2799 3754; x_wconf 72' lang='lat' dir='ltr'><strong>prteceptumseruare;</strong></span> <span class='ocrx_word' id='word_1_787' title='bbox 2832 3688 2888 3732; x_wconf 92' lang='lat' dir='ltr'><strong>et</strong></span> <span class='ocrx_word' id='word_1_788' title='bbox 2921 3679 3080 3747; x_wconf 90' lang='lat' dir='ltr'><strong>paulo</strong></span> <span class='ocrx_word' id='word_1_789' title='bbox 3115 3689 3263 3746; x_wconf 90' lang='lat' dir='ltr'><strong>post,</strong></span> <span class='ocrx_word' id='word_1_790' title='bbox 3293 3689 3343 3754; x_wconf 82' lang='lat' dir='ltr'><strong>et</strong></span> <span class='ocrx_word' id='word_1_791' title='bbox 3371 3681 3580 3750; x_wconf 84' lang='lat' dir='ltr'><strong>fructus</strong></span> <span class='ocrx_word' id='word_1_792' title='bbox 3600 3679 3817 3754; x_wconf 22' lang='lat' dir='ltr'><strong>ejus’bo-</strong></span> 
     </span>
    </p>
   </div>
   <div class='ocr_carea' id='block_1_101' title="bbox 2219 3749 3817 3822">
    <p class='ocr_par' dir='ltr' id='par_1_101' title="bbox 2219 3749 3817 3822">
     <span class='ocr_line' id='line_1_102' title="bbox 2219 3749 3817 3822; baseline 0.004 -20"><span class='ocrx_word' id='word_1_793' title='bbox 2219 3765 2342 3814; x_wconf 85' lang='lat' dir='ltr'><strong>nus,</strong></span> <span class='ocrx_word' id='word_1_794' title='bbox 2370 3749 2459 3804; x_wconf 78' lang='lat' dir='ltr'><strong>tibi</strong></span> <span class='ocrx_word' id='word_1_795' title='bbox 2491 3749 2621 3804; x_wconf 90' lang='lat' dir='ltr'><strong>editi</strong></span> <span class='ocrx_word' id='word_1_796' title='bbox 2658 3749 2866 3822; x_wconf 84' lang='lat' dir='ltr'><strong>legunt,</strong></span> <span class='ocrx_word' id='word_1_797' title='bbox 2899 3759 2944 3822; x_wconf 83' lang='lat' dir='ltr'><strong>et</strong></span> <span class='ocrx_word' id='word_1_798' title='bbox 2981 3754 3184 3822; x_wconf 77' lang='lat' dir='ltr'><strong>fructus</strong></span> <span class='ocrx_word' id='word_1_799' title='bbox 3215 3749 3427 3820; x_wconf 85' lang='lat' dir='ltr'><strong>quidem</strong></span> <span class='ocrx_word' id='word_1_800' title='bbox 3459 3749 3647 3808; x_wconf 67' lang='lat' dir='ltr'><strong>bonus.</strong></span> <span class='ocrx_word' id='word_1_801' title='bbox 3685 3755 3817 3809; x_wconf 63' lang='lat' dir='ltr'><strong>Prae-</strong></span> 
     </span>
    </p>
   </div>
   <div class='ocr_carea' id='block_1_102' title="bbox 2219 3820 3816 3894">
    <p class='ocr_par' dir='ltr' id='par_1_102' title="bbox 2219 3820 3816 3894">
     <span class='ocr_line' id='line_1_103' title="bbox 2219 3820 3816 3894; baseline 0.004 -20"><span class='ocrx_word' id='word_1_802' title='bbox 2219 3829 2440 3894; x_wconf 80' lang='lat' dir='ltr'><strong>ceptum</strong></span> <span class='ocrx_word' id='word_1_803' title='bbox 2476 3837 2585 3874; x_wconf 92' lang='lat' dir='ltr'><strong>non</strong></span> <span class='ocrx_word' id='word_1_804' title='bbox 2631 3820 2957 3894; x_wconf 81' lang='lat' dir='ltr'><strong>comedendi</strong></span> <span class='ocrx_word' id='word_1_805' title='bbox 2982 3820 3077 3875; x_wconf 65' lang='lat' dir='ltr'><strong>&#39;de</strong></span> <span class='ocrx_word' id='word_1_806' title='bbox 3106 3821 3257 3894; x_wconf 81' lang='lat' dir='ltr'><strong>ligno</strong></span> <span class='ocrx_word' id='word_1_807' title='bbox 3301 3824 3557 3878; x_wconf 72' lang='lat' dir='ltr'><strong>scientize</strong></span> <span class='ocrx_word' id='word_1_808' title='bbox 3608 3825 3732 3880; x_wconf 90' lang='lat' dir='ltr'><strong>boni</strong></span> <span class='ocrx_word' id='word_1_809' title='bbox 3769 3835 3816 3880; x_wconf 89' lang='lat' dir='ltr'><strong>ct</strong></span> 
     </span>
    </p>
   </div>
   <div class='ocr_carea' id='block_1_103' title="bbox 2223 3891 3813 3960">
    <p class='ocr_par' dir='ltr' id='par_1_103' title="bbox 2223 3891 3813 3960">
     <span class='ocr_line' id='line_1_104' title="bbox 2223 3891 3813 3960; baseline 0.004 -16"><span class='ocrx_word' id='word_1_810' title='bbox 2223 3891 2349 3944; x_wconf 88' lang='lat' dir='ltr'><strong>mali</strong></span> <span class='ocrx_word' id='word_1_811' title='bbox 2378 3905 2605 3946; x_wconf 88' lang='lat' dir='ltr'><strong>vocatur</strong></span> <span class='ocrx_word' id='word_1_812' title='bbox 2630 3907 2658 3944; x_wconf 90' lang='lat' dir='ltr'><strong>a</strong></span> <span class='ocrx_word' id='word_1_813' title='bbox 2691 3891 2999 3948; x_wconf 84' lang='lat' dir='ltr'><strong>Gaudentio</strong></span> <span class='ocrx_word' id='word_1_814' title='bbox 3033 3891 3339 3948; x_wconf 86' lang='lat' dir='ltr'><strong>mandatum</strong></span> <span class='ocrx_word' id='word_1_815' title='bbox 3371 3911 3480 3950; x_wconf 91' lang='lat' dir='ltr'><strong>non</strong></span> <span class='ocrx_word' id='word_1_816' title='bbox 3504 3896 3684 3950; x_wconf 83' lang='lat' dir='ltr'><strong>solum</strong></span> <span class='ocrx_word' id='word_1_817' title='bbox 3717 3897 3813 3960; x_wconf 86' lang='lat' dir='ltr'><strong>hic.</strong></span> 
     </span>
    </p>
   </div>
   <div class='ocr_carea' id='block_1_104' title="bbox 2222 3964 3816 4034">
    <p class='ocr_par' dir='ltr' id='par_1_104' title="bbox 2222 3964 3816 4034">
     <span class='ocr_line' id='line_1_105' title="bbox 2222 3964 3816 4034; baseline 0.004 -18"><span class='ocrx_word' id='word_1_818' title='bbox 2222 3964 2319 4016; x_wconf 82' lang='lat' dir='ltr'><strong>setl</strong></span> <span class='ocrx_word' id='word_1_819' title='bbox 2351 3964 2515 4018; x_wconf 85' lang='lat' dir='ltr'><strong>etiam</strong></span> <span class='ocrx_word' id='word_1_820' title='bbox 2546 3972 2704 4017; x_wconf 90' lang='lat' dir='ltr'><strong>tract.</strong></span> <span class='ocrx_word' id='word_1_821' title='bbox 2737 3965 2824 4028; x_wconf 82' lang='lat' dir='ltr'><strong>tu,</strong></span> <span class='ocrx_word' id='word_1_822' title='bbox 2861 3980 2914 4033; x_wconf 92' lang='lat' dir='ltr'><strong>p.</strong></span> <span class='ocrx_word' id='word_1_823' title='bbox 2941 3964 3081 4030; x_wconf 71' lang='lat'><strong>298,</strong></span> <span class='ocrx_word' id='word_1_824' title='bbox 3115 3967 3205 4020; x_wconf 89' lang='lat' dir='ltr'><strong>ubi</strong></span> <span class='ocrx_word' id='word_1_825' title='bbox 3231 3981 3496 4034; x_wconf 82' lang='lat' dir='ltr'><strong>expresse</strong></span> <span class='ocrx_word' id='word_1_826' title='bbox 3513 3967 3816 4023; x_wconf 74' lang='lat' dir='ltr'><strong>diciturlea:</strong></span> 
     </span>
    </p>
   </div>
   <div class='ocr_carea' id='block_1_105' title="bbox 2220 4035 3649 4093">
    <p class='ocr_par' dir='ltr' id='par_1_105' title="bbox 2220 4035 3649 4093">
     <span class='ocr_line' id='line_1_106' title="bbox 2220 4035 3649 4093; baseline 0.003 -7"><span class='ocrx_word' id='word_1_827' title='bbox 2220 4035 2477 4088; x_wconf 87' lang='lat' dir='ltr'><strong>mandati.</strong></span> <span class='ocrx_word' id='word_1_828' title='bbox 2517 4035 2654 4089; x_wconf 84' lang='lat' dir='ltr'><strong>Vitle</strong></span> <span class='ocrx_word' id='word_1_829' title='bbox 2680 4046 2938 4089; x_wconf 89' lang='lat' dir='ltr'><strong>annotata</strong></span> <span class='ocrx_word' id='word_1_830' title='bbox 2974 4046 3157 4090; x_wconf 85' lang='lat' dir='ltr'><strong>nostra</strong></span> <span class='ocrx_word' id='word_1_831' title='bbox 3191 4038 3244 4091; x_wconf 93' lang='lat' dir='ltr'><strong>in</strong></span> <span class='ocrx_word' id='word_1_832' title='bbox 3269 4053 3393 4092; x_wconf 91' lang='lat' dir='ltr'><strong>eum</strong></span> <span class='ocrx_word' id='word_1_833' title='bbox 3430 4042 3649 4093; x_wconf 89' lang='lat' dir='ltr'><strong>locum.</strong></span> 
     </span>
    </p>
   </div>
   <div class='ocr_carea' id='block_1_106' title="bbox 2294 4104 3815 4178">
    <p class='ocr_par' dir='ltr' id='par_1_106' title="bbox 2294 4104 3815 4178">
     <span class='ocr_line' id='line_1_107' title="bbox 2294 4104 3815 4178; baseline 0.005 -20"><span class='ocrx_word' id='word_1_834' title='bbox 2294 4104 2307 4142; x_wconf 75' lang='grc' dir='ltr'><strong>ί</strong></span> <span class='ocrx_word' id='word_1_835' title='bbox 2344 4105 2518 4172; x_wconf 88' lang='lat' dir='ltr'><strong>Flor.,</strong></span> <span class='ocrx_word' id='word_1_836' title='bbox 2547 4105 2680 4161; x_wconf 86' lang='lat' dir='ltr'><strong>Urb.</strong></span> <span class='ocrx_word' id='word_1_837' title='bbox 2715 4115 2773 4162; x_wconf 90' lang='lat' dir='ltr'><strong>et</strong></span> <span class='ocrx_word' id='word_1_838' title='bbox 2797 4107 2934 4163; x_wconf 87' lang='lat' dir='ltr'><strong>liber</strong></span> <span class='ocrx_word' id='word_1_839' title='bbox 2965 4109 3308 4178; x_wconf 85' lang='lat' dir='ltr'><strong>Pantagathi,</strong></span> <span class='ocrx_word' id='word_1_840' title='bbox 3343 4111 3434 4162; x_wconf 86' lang='lat' dir='ltr'><strong>sed</strong></span> <span class='ocrx_word' id='word_1_841' title='bbox 3474 4114 3531 4163; x_wconf 86' lang='lat' dir='ltr'><strong>in</strong></span> <span class='ocrx_word' id='word_1_842' title='bbox 3561 4109 3815 4165; x_wconf 78' lang='lat' dir='ltr'><strong>uoluntate</strong></span> 
     </span>
    </p>
   </div>
   <div class='ocr_carea' id='block_1_107' title="bbox 2210 4178 3816 4248">
    <p class='ocr_par' dir='ltr' id='par_1_107' title="bbox 2210 4178 3816 4248">
     <span class='ocr_line' id='line_1_108' title="bbox 2210 4178 3816 4248; baseline 0.004 -19"><span class='ocrx_word' id='word_1_843' title='bbox 2210 4188 2285 4231; x_wconf 81' lang='lat' dir='ltr'><strong>est</strong></span> <span class='ocrx_word' id='word_1_844' title='bbox 2316 4178 2580 4243; x_wconf 85' lang='lat' dir='ltr'><strong>hominis;</strong></span> <span class='ocrx_word' id='word_1_845' title='bbox 2626 4187 2682 4234; x_wconf 90' lang='lat' dir='ltr'><strong>et</strong></span> <span class='ocrx_word' id='word_1_846' title='bbox 2709 4181 2869 4246; x_wconf 91' lang='lat' dir='ltr'><strong>paulo</strong></span> <span class='ocrx_word' id='word_1_847' title='bbox 2903 4192 3026 4248; x_wconf 86' lang='lat' dir='ltr'><strong>post</strong></span> <span class='ocrx_word' id='word_1_848' title='bbox 3055 4181 3108 4233; x_wconf 92' lang='lat' dir='ltr'><strong>in</strong></span> <span class='ocrx_word' id='word_1_849' title='bbox 3133 4181 3327 4236; x_wconf 89' lang='lat' dir='ltr'><strong>eodem</strong></span> <span class='ocrx_word' id='word_1_850' title='bbox 3359 4180 3525 4247; x_wconf 90' lang='lat' dir='ltr'><strong>libro,</strong></span> <span class='ocrx_word' id='word_1_851' title='bbox 3562 4183 3816 4236; x_wconf 84' lang='lat' dir='ltr'><strong>interitum</strong></span> 
     </span>
    </p>
   </div>
   <div class='ocr_carea' id='block_1_108' title="bbox 2207 4249 3812 4375">
    <p class='ocr_par' dir='ltr' id='par_1_108' title="bbox 2207 4249 3812 4375">
     <span class='ocr_line' id='line_1_109' title="bbox 2207 4249 3812 4375; baseline 0.005 -75"><span class='ocrx_word' id='word_1_852' title='bbox 2207 4264 2408 4375; x_wconf 47' lang='grc' dir='ltr'><strong>ἔανρὶζρ,</strong></span> <span class='ocrx_word' id='word_1_853' title='bbox 2439 4250 2529 4304; x_wconf 91' lang='lat' dir='ltr'><strong>ubi</strong></span> <span class='ocrx_word' id='word_1_854' title='bbox 2558 4251 2830 4303; x_wconf 86' lang='lat' dir='ltr'><strong>interitum</strong></span> <span class='ocrx_word' id='word_1_855' title='bbox 2861 4268 3046 4320; x_wconf 86' lang='lat' dir='ltr'><strong>parare</strong></span> <span class='ocrx_word' id='word_1_856' title='bbox 3071 4253 3269 4322; x_wconf 84' lang='lat' dir='ltr'><strong>legitur</strong></span> <span class='ocrx_word' id='word_1_857' title='bbox 3303 4249 3360 4306; x_wconf 83' lang='lat' dir='ltr'><strong>in</strong></span> <span class='ocrx_word' id='word_1_858' title='bbox 3391 4252 3562 4307; x_wconf 92' lang='lat' dir='ltr'><strong>editis</strong></span> <span class='ocrx_word' id='word_1_859' title='bbox 3594 4262 3652 4310; x_wconf 87' lang='lat' dir='ltr'><strong>et</strong></span> <span class='ocrx_word' id='word_1_860' title='bbox 3673 4253 3812 4308; x_wconf 77' lang='lat' dir='ltr'><strong>Vatt.</strong></span> 
     </span>
     <span class='ocr_line' id='line_1_110' title="bbox 2250 4335 2444 4374; baseline -0.005 -1"><span class='ocrx_word' id='word_1_861' title='bbox 2250 4335 2318 4373; x_wconf 92' lang='lat' dir='ltr'><strong>uo</strong></span> <span class='ocrx_word' id='word_1_862' title='bbox 2362 4335 2444 4374; x_wconf 90' lang='lat' dir='ltr'><strong>us.</strong></span> 
     </span>
    </p>
   </div>
   <div class='ocr_carea' id='block_1_109' title="bbox 2250 4335 2444 4374">
    <p class='ocr_par' dir='ltr' id='par_1_109' title="bbox 2250 4335 2444 4374">
     <span class='ocr_line' id='line_1_111' title="bbox 2250 4335 2444 4374; baseline -0.005 -1"><span class='ocrx_word' id='word_1_863' title='bbox 2250 4335 2444 4374; x_wconf 84' lang='lat' dir='ltr'><strong>llODllS.</strong></span> 
     </span>
    </p>
   </div>
   <div class='ocr_carea' id='block_1_110' title="bbox 2287 4391 3816 4464">
    <p class='ocr_par' dir='ltr' id='par_1_110' title="bbox 2287 4391 3816 4464">
     <span class='ocr_line' id='line_1_112' title="bbox 2287 4391 3816 4464; baseline 0.008 -24"><span class='ocrx_word' id='word_1_864' title='bbox 2287 4391 2300 4440; x_wconf 89' lang='lat' dir='ltr'><strong>i</strong></span> <span class='ocrx_word' id='word_1_865' title='bbox 2338 4391 2714 4462; x_wconf 86' lang='lat' dir='ltr'><strong>Mss.quatuor</strong></span> <span class='ocrx_word' id='word_1_866' title='bbox 2743 4391 3119 4448; x_wconf 90' lang='lat' dir='ltr'><strong>codd.eodem</strong></span> <span class='ocrx_word' id='word_1_867' title='bbox 3150 4394 3316 4448; x_wconf 88' lang='lat' dir='ltr'><strong>modo</strong></span> <span class='ocrx_word' id='word_1_868' title='bbox 3346 4396 3544 4464; x_wconf 88' lang='lat' dir='ltr'><strong>legunt</strong></span> <span class='ocrx_word' id='word_1_869' title='bbox 3569 4397 3616 4449; x_wconf 88' lang='lat' dir='ltr'><strong>si</strong></span> <span class='ocrx_word' id='word_1_870' title='bbox 3649 4413 3816 4452; x_wconf 83' lang='lat' dir='ltr'><strong>carnes</strong></span> 
     </span>
    </p>
   </div>
   <div class='ocr_carea' id='block_1_111' title="bbox 2211 4463 3817 4536">
    <p class='ocr_par' dir='ltr' id='par_1_111' title="bbox 2211 4463 3817 4536">
     <span class='ocr_line' id='line_1_113' title="bbox 2211 4463 3817 4536; baseline 0.004 -21"><span class='ocrx_word' id='word_1_871' title='bbox 2211 4463 2533 4534; x_wconf 82' lang='lat' dir='ltr'><strong>idolothytas</strong></span> <span class='ocrx_word' id='word_1_872' title='bbox 2573 4464 2708 4536; x_wconf 87' lang='lat' dir='ltr'><strong>inter</strong></span> <span class='ocrx_word' id='word_1_873' title='bbox 2736 4465 2992 4535; x_wconf 86' lang='lat' dir='ltr'><strong>supplicia</strong></span> <span class='ocrx_word' id='word_1_874' title='bbox 3015 4475 3331 4534; x_wconf 82' lang='lat' dir='ltr'><strong>respuerant</strong></span> <span class='ocrx_word' id='word_1_875' title='bbox 3357 4481 3376 4531; x_wconf 89' lang='lat'><em>;</em></span> <span class='ocrx_word' id='word_1_876' title='bbox 3409 4463 3547 4536; x_wconf 65' lang='lat' dir='ltr'><strong>quas</strong></span> <span class='ocrx_word' id='word_1_877' title='bbox 3577 4469 3817 4536; x_wconf 80' lang='lat' dir='ltr'><strong>profecto</strong></span> 
     </span>
    </p>
   </div>
   <div class='ocr_carea' id='block_1_112' title="bbox 2210 4535 3821 4606">
    <p class='ocr_par' dir='ltr' id='par_1_112' title="bbox 2210 4535 3821 4606">
     <span class='ocr_line' id='line_1_114' title="bbox 2210 4535 3821 4606; baseline 0.001 -18"><span class='ocrx_word' id='word_1_878' title='bbox 2210 4537 2392 4606; x_wconf 84' lang='lat' dir='ltr'><strong>aptior</strong></span> <span class='ocrx_word' id='word_1_879' title='bbox 2428 4536 2595 4589; x_wconf 86' lang='lat' dir='ltr'><strong>lectio</strong></span> <span class='ocrx_word' id='word_1_880' title='bbox 2618 4535 2834 4590; x_wconf 77' lang='lat' dir='ltr'><strong>videtur</strong></span> <span class='ocrx_word' id='word_1_881' title='bbox 2857 4577 2871 4600; x_wconf 93' lang='lat'><strong>,</strong></span> <span class='ocrx_word' id='word_1_882' title='bbox 2903 4545 2961 4589; x_wconf 92' lang='lat' dir='ltr'><strong>ut</strong></span> <span class='ocrx_word' id='word_1_883' title='bbox 2987 4537 3330 4604; x_wconf 66' lang='lat' dir='ltr'><strong>restinndeat</strong></span> <span class='ocrx_word' id='word_1_884' title='bbox 3358 4535 3505 4606; x_wconf 82' lang='lat' dir='ltr'><strong>quod</strong></span> <span class='ocrx_word' id='word_1_885' title='bbox 3541 4535 3668 4594; x_wconf 80' lang='lat' dir='ltr'><strong>mox</strong></span> <span class='ocrx_word' id='word_1_886' title='bbox 3699 4540 3821 4594; x_wconf 88' lang='lat' dir='ltr'><strong>sub-</strong></span> 
     </span>
    </p>
   </div>
   <div class='ocr_carea' id='block_1_113' title="bbox 2211 4605 3817 4678">
    <p class='ocr_par' dir='ltr' id='par_1_113' title="bbox 2211 4605 3817 4678">
     <span class='ocr_line' id='line_1_115' title="bbox 2211 4605 3817 4678; baseline 0.006 -22"><span class='ocrx_word' id='word_1_887' title='bbox 2211 4605 2313 4678; x_wconf 76' lang='lat' dir='ltr'><strong>dit,</strong></span> <span class='ocrx_word' id='word_1_888' title='bbox 2347 4622 2528 4678; x_wconf 81' lang='lat' dir='ltr'><strong>carnes</strong></span> <span class='ocrx_word' id='word_1_889' title='bbox 2561 4607 2896 4676; x_wconf 84' lang='lat' dir='ltr'><strong>prohibitus;</strong></span> <span class='ocrx_word' id='word_1_890' title='bbox 2947 4618 3233 4675; x_wconf 84' lang='lat' dir='ltr'><strong>comparat</strong></span> <span class='ocrx_word' id='word_1_891' title='bbox 3281 4605 3432 4664; x_wconf 78' lang='lat' dir='ltr'><strong>enim</strong></span> <span class='ocrx_word' id='word_1_892' title='bbox 3491 4610 3817 4678; x_wconf 89' lang='lat' dir='ltr'><strong>prohibitum</strong></span> 
     </span>
    </p>
   </div>
   <div class='ocr_carea' id='block_1_114' title="bbox 2213 4675 3816 4749">
    <p class='ocr_par' dir='ltr' id='par_1_114' title="bbox 2213 4675 3816 4749">
     <span class='ocr_line' id='line_1_116' title="bbox 2213 4675 3816 4749; baseline 0.007 -24"><span class='ocrx_word' id='word_1_893' title='bbox 2213 4675 2537 4749; x_wconf 69' lang='lat' dir='ltr'><strong>idolothyto,</strong></span> <span class='ocrx_word' id='word_1_894' title='bbox 2556 4675 2726 4747; x_wconf 87' lang='lat' dir='ltr'><strong>atque</strong></span> <span class='ocrx_word' id='word_1_895' title='bbox 2746 4679 3054 4749; x_wconf 89' lang='lat' dir='ltr'><strong>idolothyto</strong></span> <span class='ocrx_word' id='word_1_896' title='bbox 3069 4681 3213 4734; x_wconf 85' lang='lat' dir='ltr'><strong>vesci</strong></span> <span class='ocrx_word' id='word_1_897' title='bbox 3233 4683 3462 4748; x_wconf 85' lang='lat' dir='ltr'><strong>gravius</strong></span> <span class='ocrx_word' id='word_1_898' title='bbox 3487 4675 3618 4736; x_wconf 72' lang='lat' dir='ltr'><strong>esse</strong></span> <span class='ocrx_word' id='word_1_899' title='bbox 3643 4683 3816 4738; x_wconf 87' lang='lat' dir='ltr'><strong>inlert.</strong></span> 
     </span>
    </p>
   </div>
   <div class='ocr_carea' id='block_1_115' title="bbox 2213 4745 3817 4824">
    <p class='ocr_par' dir='ltr' id='par_1_115' title="bbox 2213 4745 3817 4824">
     <span class='ocr_line' id='line_1_117' title="bbox 2213 4745 3817 4824; baseline 0.004 -24"><span class='ocrx_word' id='word_1_900' title='bbox 2213 4745 2354 4824; x_wconf 61' lang='lat' dir='ltr'><strong>Yide</strong></span> <span class='ocrx_word' id='word_1_901' title='bbox 2386 4745 2511 4824; x_wconf 82' lang='lat' dir='ltr'><strong>sup.</strong></span> <span class='ocrx_word' id='word_1_902' title='bbox 2543 4750 2594 4802; x_wconf 93' lang='lat' dir='ltr'><strong>in</strong></span> <span class='ocrx_word' id='word_1_903' title='bbox 2628 4745 2775 4824; x_wconf 82' lang='lat' dir='ltr'><strong>notis</strong></span> <span class='ocrx_word' id='word_1_904' title='bbox 2799 4750 2866 4824; x_wconf 87' lang='lat' dir='ltr'><strong>ad</strong></span> <span class='ocrx_word' id='word_1_905' title='bbox 2902 4745 2976 4824; x_wconf 57' lang='lat' dir='ltr'><strong>tr:</strong></span> <span class='ocrx_word' id='word_1_906' title='bbox 2999 4753 3052 4815; x_wconf 76' lang='lat'><strong>9,</strong></span> <span class='ocrx_word' id='word_1_907' title='bbox 3086 4745 3294 4824; x_wconf 59' lang='lat' dir='ltr'><strong>p.283.</strong></span> <span class='ocrx_word' id='word_1_908' title='bbox 3330 4752 3467 4807; x_wconf 89' lang='lat' dir='ltr'><strong>Cod.</strong></span> <span class='ocrx_word' id='word_1_909' title='bbox 3495 4752 3817 4824; x_wconf 87' lang='lat' dir='ltr'><strong>Pantagathi</strong></span> 
     </span>
    </p>
   </div>
   <div class='ocr_carea' id='block_1_116' title="bbox 2213 4817 3817 4895">
    <p class='ocr_par' dir='ltr' id='par_1_116' title="bbox 2213 4817 3817 4895">
     <span class='ocr_line' id='line_1_118' title="bbox 2213 4817 3817 4895; baseline 0.002 -23"><span class='ocrx_word' id='word_1_910' title='bbox 2213 4817 2409 4895; x_wconf 74' lang='lat' dir='ltr'><strong>habet:</strong></span> <span class='ocrx_word' id='word_1_911' title='bbox 2441 4823 2487 4895; x_wconf 80' lang='lat' dir='ltr'><strong>si</strong></span> <span class='ocrx_word' id='word_1_912' title='bbox 2517 4837 2700 4875; x_wconf 76' lang='lat' dir='ltr'><strong>carnes</strong></span> <span class='ocrx_word' id='word_1_913' title='bbox 2724 4821 3045 4895; x_wconf 83' lang='lat' dir='ltr'><strong>idolothytas</strong></span> <span class='ocrx_word' id='word_1_914' title='bbox 3070 4817 3322 4895; x_wconf 57' lang='lat' dir='ltr'><strong>{deinde</strong></span> <span class='ocrx_word' id='word_1_915' title='bbox 3347 4825 3403 4876; x_wconf 86' lang='lat' dir='ltr'><strong>in</strong></span> <span class='ocrx_word' id='word_1_916' title='bbox 3427 4839 3592 4893; x_wconf 88' lang='lat' dir='ltr'><strong>paruo</strong></span> <span class='ocrx_word' id='word_1_917' title='bbox 3617 4817 3817 4895; x_wconf 59' lang='lat' dir='ltr'><strong>fuit-unt</strong></span> 
     </span>
    </p>
   </div>
   <div class='ocr_carea' id='block_1_117' title="bbox 2208 4890 3817 4968">
    <p class='ocr_par' dir='ltr' id='par_1_117' title="bbox 2208 4890 3817 4968">
     <span class='ocr_line' id='line_1_119' title="bbox 2208 4890 3817 4968; baseline 0.006 -26"><span class='ocrx_word' id='word_1_918' title='bbox 2208 4890 2414 4968; x_wconf 79' lang='lat' dir='ltr'><strong>ﬁdeles,</strong></span> <span class='ocrx_word' id='word_1_919' title='bbox 2430 4893 2476 4946; x_wconf 87' lang='lat' dir='ltr'><strong>si</strong></span> <span class='ocrx_word' id='word_1_920' title='bbox 2507 4908 2693 4968; x_wconf 81' lang='lat' dir='ltr'><strong>carnes</strong></span> <span class='ocrx_word' id='word_1_921' title='bbox 2716 4894 2890 4968; x_wconf 72' lang='lat' dir='ltr'><strong>solum</strong></span> <span class='ocrx_word' id='word_1_922' title='bbox 2916 4890 3199 4960; x_wconf 75' lang='lat' dir='ltr'><strong>prohibitus</strong></span> <span class='ocrx_word' id='word_1_923' title='bbox 3233 4911 3296 4946; x_wconf 87' lang='lat' dir='ltr'><strong>ne</strong></span> <span class='ocrx_word' id='word_1_924' title='bbox 3319 4890 3683 4961; x_wconf 78' lang='lat' dir='ltr'><strong>comederent,</strong></span> <span class='ocrx_word' id='word_1_925' title='bbox 3707 4911 3817 4968; x_wconf 75' lang='lat' dir='ltr'><strong>qua:</strong></span> 
     </span>
    </p>
   </div>
   <div class='ocr_carea' id='block_1_118' title="bbox 2209 4963 3357 5034">
    <p class='ocr_par' dir='ltr' id='par_1_118' title="bbox 2209 4963 3357 5034">
     <span class='ocr_line' id='line_1_120' title="bbox 2209 4963 3357 5034; baseline 0.003 -18"><span class='ocrx_word' id='word_1_926' title='bbox 2209 4963 2375 5034; x_wconf 82' lang='lat' dir='ltr'><strong>lectio</strong></span> <span class='ocrx_word' id='word_1_927' title='bbox 2405 4973 2486 5018; x_wconf 89' lang='lat' dir='ltr'><strong>est</strong></span> <span class='ocrx_word' id='word_1_928' title='bbox 2519 4967 2682 5018; x_wconf 89' lang='lat' dir='ltr'><strong>etiam</strong></span> <span class='ocrx_word' id='word_1_929' title='bbox 2714 4966 2767 5018; x_wconf 93' lang='lat' dir='ltr'><strong>in</strong></span> <span class='ocrx_word' id='word_1_930' title='bbox 2798 4964 2920 5018; x_wconf 90' lang='lat' dir='ltr'><strong>aliis</strong></span> <span class='ocrx_word' id='word_1_931' title='bbox 2950 4975 3191 5034; x_wconf 89' lang='lat' dir='ltr'><strong>quatuor</strong></span> <span class='ocrx_word' id='word_1_932' title='bbox 3219 4981 3357 5020; x_wconf 88' lang='lat' dir='ltr'><strong>mss.</strong></span> 
     </span>
    </p>
   </div>
   <div class='ocr_carea' id='block_1_119' title="bbox 2280 5032 3816 5112">
    <p class='ocr_par' dir='ltr' id='par_1_119' title="bbox 2280 5032 3816 5112">
     <span class='ocr_line' id='line_1_121' title="bbox 2280 5032 3816 5112; baseline 0.004 -25"><span class='ocrx_word' id='word_1_933' title='bbox 2280 5032 2304 5070; x_wconf 72' lang='grc' dir='ltr'>ιί</span> <span class='ocrx_word' id='word_1_934' title='bbox 2357 5034 2412 5088; x_wconf 92' lang='lat' dir='ltr'><strong>ln</strong></span> <span class='ocrx_word' id='word_1_935' title='bbox 2455 5044 2885 5112; x_wconf 72' lang='lat' dir='ltr'><strong>qttzttuor_mss._</strong></span> <span class='ocrx_word' id='word_1_936' title='bbox 2906 5032 3098 5105; x_wconf 81' lang='lat' dir='ltr'><strong>quanto</strong></span> <span class='ocrx_word' id='word_1_937' title='bbox 3126 5037 3249 5112; x_wconf 74' lang='lat' dir='ltr'><strong>nisu</strong></span> <span class='ocrx_word' id='word_1_938' title='bbox 3304 5053 3404 5105; x_wconf 88' lang='lat' dir='ltr'><strong>pro</strong></span> <span class='ocrx_word' id='word_1_939' title='bbox 3435 5035 3816 5112; x_wconf 81' lang='lat' dir='ltr'><strong>Redemptoris,</strong></span> 
     </span>
    </p>
   </div>
   <div class='ocr_carea' id='block_1_120' title="bbox 2209 5105 3206 5178">
    <p class='ocr_par' dir='ltr' id='par_1_120' title="bbox 2209 5105 3206 5178">
     <span class='ocr_line' id='line_1_122' title="bbox 2209 5105 3206 5178; baseline 0.006 -21"><span class='ocrx_word' id='word_1_940' title='bbox 2209 5115 2374 5178; x_wconf 73' lang='lat' dir='ltr'><strong>prout</strong></span> <span class='ocrx_word' id='word_1_941' title='bbox 2397 5105 2562 5159; x_wconf 90' lang='lat' dir='ltr'><strong>etiam</strong></span> <span class='ocrx_word' id='word_1_942' title='bbox 2601 5107 2652 5160; x_wconf 90' lang='lat' dir='ltr'><strong>in</strong></span> <span class='ocrx_word' id='word_1_943' title='bbox 2685 5106 2830 5160; x_wconf 87' lang='lat' dir='ltr'><strong>libro</strong></span> <span class='ocrx_word' id='word_1_944' title='bbox 2852 5107 3206 5178; x_wconf 87' lang='lat' dir='ltr'><strong>Pantagathi.</strong></span> 
     </span>
    </p>
   </div>
   <div class='ocr_carea' id='block_1_121' title="bbox 2289 5174 3815 5251">
    <p class='ocr_par' dir='ltr' id='par_1_121' title="bbox 2289 5174 3815 5251">
     <span class='ocr_line' id='line_1_123' title="bbox 2289 5174 3815 5251; baseline 0.006 -21"><span class='ocrx_word' id='word_1_945' title='bbox 2289 5174 2303 5212; x_wconf 77' lang='grc' dir='ltr'>ι</span> <span class='ocrx_word' id='word_1_946' title='bbox 2339 5177 2429 5230; x_wconf 91' lang='lat' dir='ltr'><strong>Sic</strong></span> <span class='ocrx_word' id='word_1_947' title='bbox 2459 5191 2589 5251; x_wconf 76' lang='lat' dir='ltr'><strong>tuss.</strong></span> <span class='ocrx_word' id='word_1_948' title='bbox 2608 5187 2850 5248; x_wconf 86' lang='lat' dir='ltr'><strong>quatuor</strong></span> <span class='ocrx_word' id='word_1_949' title='bbox 2875 5187 2930 5233; x_wconf 91' lang='lat' dir='ltr'><strong>et</strong></span> <span class='ocrx_word' id='word_1_950' title='bbox 2955 5174 3091 5234; x_wconf 81' lang='lat' dir='ltr'><strong>liber</strong></span> <span class='ocrx_word' id='word_1_951' title='bbox 3117 5179 3475 5251; x_wconf 82' lang='lat' dir='ltr'><strong>Pantagathi.</strong></span> <span class='ocrx_word' id='word_1_952' title='bbox 3500 5180 3649 5238; x_wconf 84' lang='lat' dir='ltr'><strong>Editi</strong></span> <span class='ocrx_word' id='word_1_953' title='bbox 3673 5197 3815 5247; x_wconf 78' lang='lat' dir='ltr'><strong>vero.</strong></span> 
     </span>
    </p>
   </div>
   <div class='ocr_carea' id='block_1_122' title="bbox 2207 5249 2998 5320">
    <p class='ocr_par' dir='ltr' id='par_1_122' title="bbox 2207 5249 2998 5320">
     <span class='ocr_line' id='line_1_124' title="bbox 2207 5249 2998 5320; baseline 0.004 -21"><span class='ocrx_word' id='word_1_954' title='bbox 2207 5255 2312 5300; x_wconf 86' lang='lat' dir='ltr'><strong>tam</strong></span> <span class='ocrx_word' id='word_1_955' title='bbox 2337 5249 2673 5320; x_wconf 46' lang='lat' dir='ltr'><strong>pertinaciter</strong></span> <span class='ocrx_word' id='word_1_956' title='bbox 2693 5258 2998 5304; x_wconf 84' lang='lat' dir='ltr'><strong>certassent.</strong></span> 
     </span>
    </p>
   </div>
   <div class='ocr_carea' id='block_1_123' title="bbox 2277 5319 3814 5389">
    <p class='ocr_par' dir='ltr' id='par_1_123' title="bbox 2277 5319 3814 5389">
     <span class='ocr_line' id='line_1_125' title="bbox 2277 5319 3814 5389; baseline 0.003 -14"><span class='ocrx_word' id='word_1_957' title='bbox 2277 5328 2317 5354; x_wconf 71' lang='grc' dir='ltr'><strong>τη</strong></span> <span class='ocrx_word' id='word_1_958' title='bbox 2340 5319 2539 5375; x_wconf 62' lang='lat' dir='ltr'><strong>Graece</strong></span> <span class='ocrx_word' id='word_1_959' title='bbox 2563 5320 2712 5374; x_wconf 87' lang='lat' dir='ltr'><strong>enim</strong></span> <span class='ocrx_word' id='word_1_960' title='bbox 2743 5320 3021 5388; x_wconf 70' lang='lat' dir='ltr'><strong>’Avixmog,</strong></span> <span class='ocrx_word' id='word_1_961' title='bbox 3045 5323 3294 5388; x_wconf 85' lang='lat' dir='ltr'><strong>invictus,</strong></span> <span class='ocrx_word' id='word_1_962' title='bbox 3327 5324 3400 5378; x_wconf 85' lang='lat' dir='ltr'><strong>ab</strong></span> <span class='ocrx_word' id='word_1_963' title='bbox 3423 5348 3458 5380; x_wconf 88' lang='grc' dir='ltr'><em>α</em></span> <span class='ocrx_word' id='word_1_964' title='bbox 3479 5334 3535 5379; x_wconf 84' lang='lat' dir='ltr'><strong>et</strong></span> <span class='ocrx_word' id='word_1_965' title='bbox 3562 5329 3735 5389; x_wconf 78' lang='grc' dir='ltr'><strong>νικάω,</strong></span> <span class='ocrx_word' id='word_1_966' title='bbox 3767 5324 3814 5380; x_wconf 90' lang='lat' dir='ltr'><strong>id</strong></span> 
     </span>
    </p>
   </div>
   <div class='ocr_carea' id='block_1_124' title="bbox 2204 5392 3812 5464">
    <p class='ocr_par' dir='ltr' id='par_1_124' title="bbox 2204 5392 3812 5464">
     <span class='ocr_line' id='line_1_126' title="bbox 2204 5392 3812 5464; baseline 0.009 -20"><span class='ocrx_word' id='word_1_967' title='bbox 2204 5400 2289 5446; x_wconf 91' lang='lat' dir='ltr'><strong>est</strong></span> <span class='ocrx_word' id='word_1_968' title='bbox 2315 5392 2484 5464; x_wconf 87' lang='lat' dir='ltr'><strong>vinco,</strong></span> <span class='ocrx_word' id='word_1_969' title='bbox 2533 5409 2744 5458; x_wconf 86' lang='lat' dir='ltr'><strong>supero.</strong></span> <span class='ocrx_word' id='word_1_970' title='bbox 2781 5394 3072 5460; x_wconf 85' lang='lat' dir='ltr'><strong>Hesiodus,</strong></span> <span class='ocrx_word' id='word_1_971' title='bbox 3133 5394 3348 5464; x_wconf 82' lang='lat' dir='ltr'><strong>Theog.</strong></span> <span class='ocrx_word' id='word_1_972' title='bbox 3399 5397 3529 5455; x_wconf 67' lang='lat'><strong>489.</strong></span> <span class='ocrx_word' id='word_1_973' title='bbox 3566 5399 3812 5460; x_wconf 76' lang='grc' dir='ltr'><strong>ἀνίκητσς.</strong></span> 
     </span>
    </p>
   </div>
   <div class='ocr_carea' id='block_1_125' title="bbox 2204 5463 3812 5536">
    <p class='ocr_par' dir='ltr' id='par_1_125' title="bbox 2204 5463 3812 5536">
     <span class='ocr_line' id='line_1_127' title="bbox 2204 5463 3812 5536; baseline 0.003 -17"><span class='ocrx_word' id='word_1_974' title='bbox 2204 5463 2527 5536; x_wconf 24' lang='grc' dir='ltr'><strong>δαὶᾼάκηδής.</strong></span> <span class='ocrx_word' id='word_1_975' title='bbox 2560 5464 2780 5518; x_wconf 87' lang='lat' dir='ltr'><strong>invictus</strong></span> <span class='ocrx_word' id='word_1_976' title='bbox 2812 5475 2860 5518; x_wconf 85' lang='lat' dir='ltr'><strong>et</strong></span> <span class='ocrx_word' id='word_1_977' title='bbox 2888 5481 3120 5518; x_wconf 88' lang='lat' dir='ltr'><strong>securus.</strong></span> <span class='ocrx_word' id='word_1_978' title='bbox 3164 5463 3335 5520; x_wconf 86' lang='lat' dir='ltr'><strong>Vetus</strong></span> <span class='ocrx_word' id='word_1_979' title='bbox 3364 5467 3655 5535; x_wconf 81' lang='lat' dir='ltr'><strong>inscriptio</strong></span> <span class='ocrx_word' id='word_1_980' title='bbox 3681 5469 3812 5536; x_wconf 89' lang='lat' dir='ltr'><strong>apud</strong></span> 
     </span>
    </p>
   </div>
   <div class='ocr_carea' id='block_1_126' title="bbox 2205 5533 3812 5604">
    <p class='ocr_par' dir='ltr' id='par_1_126' title="bbox 2205 5533 3812 5604">
     <span class='ocr_line' id='line_1_128' title="bbox 2205 5533 3812 5604; baseline 0.004 -17"><span class='ocrx_word' id='word_1_981' title='bbox 2205 5533 2457 5598; x_wconf 82' lang='lat' dir='ltr'><strong>Reines.,</strong></span> <span class='ocrx_word' id='word_1_982' title='bbox 2485 5537 2648 5591; x_wconf 82' lang='lat' dir='ltr'><strong>class.</strong></span> <span class='ocrx_word' id='word_1_983' title='bbox 2671 5552 2710 5604; x_wconf 88' lang='grc' dir='ltr'><strong>ι,</strong></span> <span class='ocrx_word' id='word_1_984' title='bbox 2740 5554 2797 5593; x_wconf 90' lang='lat' dir='ltr'><strong>n.</strong></span> <span class='ocrx_word' id='word_1_985' title='bbox 2848 5536 2916 5593; x_wconf 73' lang='lat'><strong>49</strong></span> <span class='ocrx_word' id='word_1_986' title='bbox 2943 5555 2957 5592; x_wconf 89' lang='lat'><strong>:</strong></span> <span class='ocrx_word' id='word_1_987' title='bbox 2988 5547 3132 5593; x_wconf 64' lang='lat' dir='ltr'><strong>nam</strong></span> <span class='ocrx_word' id='word_1_988' title='bbox 3161 5545 3432 5594; x_wconf 76' lang='lat' dir='ltr'><strong>ANlKHTQ</strong></span> <span class='ocrx_word' id='word_1_989' title='bbox 3455 5533 3679 5598; x_wconf 70' lang='lat' dir='ltr'><strong>ETXHN.</strong></span> <span class='ocrx_word' id='word_1_990' title='bbox 3706 5533 3812 5596; x_wconf 84' lang='lat' dir='ltr'><strong>Soli</strong></span> 
     </span>
    </p>
   </div>
   <div class='ocr_carea' id='block_1_127' title="bbox 2210 5605 2634 5661">
    <p class='ocr_par' dir='ltr' id='par_1_127' title="bbox 2210 5605 2634 5661">
     <span class='ocr_line' id='line_1_129' title="bbox 2210 5605 2634 5661; baseline 0.007 -3"><span class='ocrx_word' id='word_1_991' title='bbox 2210 5605 2411 5660; x_wconf 78' lang='lat' dir='ltr'><strong>Invicto</strong></span> <span class='ocrx_word' id='word_1_992' title='bbox 2440 5617 2634 5661; x_wconf 83' lang='lat' dir='ltr'><strong>uotum.</strong></span> 
     </span>
    </p>
   </div>
   <div class='ocr_carea' id='block_1_128' title="bbox 2273 5678 3808 5753">
    <p class='ocr_par' dir='ltr' id='par_1_128' title="bbox 2273 5678 3808 5753">
     <span class='ocr_line' id='line_1_130' title="bbox 2273 5678 3808 5753; baseline 0.001 -18"><span class='ocrx_word' id='word_1_993' title='bbox 2273 5679 2472 5753; x_wconf 76' lang='lat' dir='ltr'><strong>&quot;_Vatt.</strong></span> <span class='ocrx_word' id='word_1_994' title='bbox 2501 5680 2611 5753; x_wconf 87' lang='lat' dir='ltr'><strong>duo</strong></span> <span class='ocrx_word' id='word_1_995' title='bbox 2634 5689 2689 5736; x_wconf 90' lang='lat' dir='ltr'><strong>et</strong></span> <span class='ocrx_word' id='word_1_996' title='bbox 2708 5678 2887 5753; x_wconf 86' lang='lat' dir='ltr'><strong>Flor.,</strong></span> <span class='ocrx_word' id='word_1_997' title='bbox 2928 5682 3202 5753; x_wconf 75' lang='lat' dir='ltr'><strong>atrocitate</strong></span> <span class='ocrx_word' id='word_1_998' title='bbox 3241 5683 3614 5747; x_wconf 87' lang='lat' dir='ltr'><strong>cruciatuum,</strong></span> <span class='ocrx_word' id='word_1_999' title='bbox 3659 5698 3808 5753; x_wconf 90' lang='lat' dir='ltr'><strong>quam</strong></span> 
     </span>
    </p>
   </div>
   <div class='ocr_carea' id='block_1_129' title="bbox 2203 5747 3811 5829">
    <p class='ocr_par' dir='ltr' id='par_1_129' title="bbox 2203 5747 3811 5829">
     <span class='ocr_line' id='line_1_131' title="bbox 2203 5747 3811 5829; baseline 0.004 -27"><span class='ocrx_word' id='word_1_1000' title='bbox 2203 5747 2497 5807; x_wconf 89' lang='lat' dir='ltr'><strong>lectionem</strong></span> <span class='ocrx_word' id='word_1_1001' title='bbox 2540 5751 2705 5808; x_wconf 86' lang='lat' dir='ltr'><strong>habet</strong></span> <span class='ocrx_word' id='word_1_1002' title='bbox 2735 5747 2902 5828; x_wconf 85' lang='lat' dir='ltr'><strong>etiam</strong></span> <span class='ocrx_word' id='word_1_1003' title='bbox 2954 5753 3080 5810; x_wconf 89' lang='lat' dir='ltr'><strong>cod.</strong></span> <span class='ocrx_word' id='word_1_1004' title='bbox 3123 5752 3498 5823; x_wconf 85' lang='lat' dir='ltr'><strong>Pantagathi;</strong></span> <span class='ocrx_word' id='word_1_1005' title='bbox 3551 5764 3610 5810; x_wconf 88' lang='lat' dir='ltr'><strong>et</strong></span> <span class='ocrx_word' id='word_1_1006' title='bbox 3655 5747 3811 5829; x_wconf 77' lang='lat' dir='ltr'><strong>paul0</strong></span> 
     </span>
    </p>
   </div>
  </div>
