4070 6346
248 309 350 365 955

1053 305 1285 365 SERMO
1321 306 1441 377 XV,
1483 302 1573 366 DE
1612 309 1935 371 DIVERSIS
1976 305 2344 368 CAPITULIS
2380 307 2707 379 QUINTUS.
2758 354 2761 357 λ

3442 308 3550 367 951

246 422 745 480 blandimentorum
787 434 908 477 sese
951 428 1221 478 tormenta
1278 424 1587 490 convertit;
1624 424 1841 481 divitia-
1868 432 1921 493 Α
1947 428 2011 480 ab
2042 426 2352 491 immolatis,
2382 423 2410 463 τι
2430 434 2479 480 et
2511 440 2543 477 a
2574 422 2945 495 fornicatione,
2998 429 3046 477 et
3074 439 3106 478 a
3131 424 3387 495 sanguine
3407 422 3547 496 (Act.

246 533 365 574 rum
412 518 673 587 praemiis,
725 524 780 571 et
806 515 1076 570 honorum
1121 516 1572 586 promissionibus
1615 533 1841 587 puerum

251 620 531 680 torquens,
579 623 740 680 quem
774 617 952 664 tamen
987 607 1318 678 detorquere
1349 624 1454 662 non
1493 611 1686 679 potuit.
1714 610 1845 665 Erat

250 704 395 760 enim
446 703 677 757 fratrum
702 716 925 757 suorum
960 702 1154 765 frater;
1210 709 1264 757 et
1296 700 1442 756 ﬁlius
1474 702 1662 757 matris
1701 702 1846 757 illius

249 814 370 867 qua:
418 797 547 852 dum
601 798 846 867 singulos
896 796 1038 851 filios
1100 812 1197 865 pro
1246 796 1341 850 Dei
1390 797 1611 852 nomine
1668 798 1847 867 puniri

251 892 371 947 laeta
405 902 462 945 et
508 890 725 960 aspicit,
758 900 812 945 et
846 890 1098 944 hortatur
1123 932 1138 955 ,
1183 899 1260 943 tot
1294 890 1553 961 martyria
1599 890 1843 959 pertulit,

250 995 381 1055 quot
410 985 635 1055 pignora
664 984 1007 1039 consecravit
1026 1001 1039 1036 :
1058 992 1083 1019 λ
1106 984 1310 1050 septies
1342 982 1398 1037 in
1427 983 1664 1053 propriis
1688 998 1843 1053 passa

248 1077 578 1140 visceribus,
607 1084 797 1130 octava
820 1085 875 1131 et
904 1075 1019 1145 ipsa
1049 1075 1281 1130 accessit
1306 1089 1560 1140 numero,
1602 1074 1668 1130 ad
1697 1085 1848 1130 octa-

250 1186 373 1225 vum
404 1170 613 1224 Christi
638 1169 1063 1224 resurrectionis
1083 1168 1226 1224 diem
1247 1184 1370 1223 cum
1396 1167 1576 1222 charis
1604 1168 1850 1239 pignori-

249 1263 349 1319 bus
377 1278 696 1318 occursura.
731 1262 886 1319 Unde
937 1277 1044 1316 non
1073 1261 1347 1316 immerito
1372 1263 1718 1329 prmsumitur
1744 1262 1846 1315 ista

247 1366 426 1413 mater
445 1357 762 1412 beatissima
782 1397 796 1421 ,
824 1357 1083 1412 Ecclesiae
1104 1364 1306 1411 sancta;
1329 1356 1619 1426 imaginem
1644 1354 1671 1393 ι’
1703 1371 1845 1426 pra!-

247 1459 614 1515 monstrasse,
630 1464 749 1520 qua:
774 1449 1088 1521 spirituales
1110 1449 1219 1504 Deo
1244 1448 1386 1503 filios
1401 1464 1593 1519 parere
1610 1463 1846 1504 Consue-

246 1546 349 1613 vit,
383 1543 515 1600 nihil
550 1543 618 1599 de
643 1560 809 1599 carne
839 1553 893 1598 et
920 1544 1191 1616 sanguine
1221 1543 1547 1613 cogitantes.
1570 1543 1689 1598 Jam
1715 1559 1845 1600 vero

244 1638 291 1695 si
320 1639 444 1707 quis
472 1654 499 1691 a
530 1652 616 1692 me
669 1637 969 1705 superioris
1010 1636 1398 1706 disputationis
1447 1637 1706 1705 reliquias
1732 1637 1845 1692 exi.

241 1740 350 1802 gat,
372 1730 655 1800 inquirens
673 1729 862 1784 curilli
884 1729 991 1784 cibi
1016 1729 1106 1799 qui
1131 1727 1346 1783 fuerant
1363 1743 1527 1783 causa
1554 1730 1845 1784 continen-

1948 517 2063 587 xv),
2102 528 2126 555 ε
2151 517 2204 572 id
2235 528 2323 572 est
2354 532 2382 570 a
2410 515 2715 572 suffocatis.
2756 515 2774 553 τ
2809 515 3292 571 Prtetermiserunt
3321 516 3554 572 homici-

1945 611 2118 680 dium,
2178 611 2337 684 331
2388 610 2741 681 adulterium,
2803 608 3103 678 veneﬁcia;
3151 612 3409 682 quoniam
3452 626 3554 667 nec

1946 704 2219 759 nominari
2266 719 2329 759 ea
2388 704 2440 758 in
2502 704 3103 773 Ecclesiis'oporteret
3157 720 3281 775 quas
3338 702 3555 774 legibus

1948 797 2111 853 etiam
2130 796 2425 853 Gentilium
2450 798 2810 866 punirentur:
2838 796 3313 865 praetermiserunt
3334 808 3555 866 quoque

1946 891 2068 946 illas
2114 905 2307 945 omnes
2351 889 2613 945 minutias
2658 888 3113 944 Observationum
3168 888 3464 959 legalium,
3498 897 3554 945 et

1947 988 2063 1043 sola
2094 988 2210 1043 hinc
2236 1002 2359 1058 quae
2400 987 2785 1057 praediximus,
2830 986 3191 1043 custodienda
3226 996 3554 1055 sanxerunt,

1948 1096 2019 1137 ne
2042 1082 2130 1136 vel
2164 1081 2487 1135 sacrificatis
2517 1081 2739 1136 diabolo
2764 1080 2901 1136 cibis
2931 1083 3284 1151 prolanemur
3314 1080 3555 1136 immun-

1949 1175 2067 1242 dis,
2096 1175 2183 1229 vel
2215 1190 2280 1228 ne
2317 1184 2570 1229 emortuo
2621 1188 2717 1243 per
2756 1174 2970 1229 viscera
3016 1174 3405 1230 sul‘focatorum
3436 1174 3557 1229 ani-

1950 1265 2168 1322 malium
2219 1266 2489 1337 sanguine
2538 1265 2850 1337 polluamnr
2880 1308 2894 1333 ,
2937 1266 3022 1321 vel
3077 1282 3145 1322 ne
3194 1265 3560 1321 immunditiis

1948 1360 2371 1417 fornicationum
2394 1374 2627 1429 corpora
2658 1368 2871 1426 nostra,
2899 1376 3021 1428 qua:
3052 1361 3252 1430 templa
3274 1360 3371 1416 Dei
3402 1370 3553 1429 sunt,

1948 1453 2239 1509 violemus.
2275 1453 2365 1507 Sic
2395 1468 2526 1523 ergo
2564 1454 2940 1522 permiserunt
2984 1453 3167 1508 omnia
3211 1454 3553 1525 manducari,

1946 1555 2008 1601 ut
2062 1545 2485 1601 fornicationem
2540 1546 2907 1615 prteciperent
2959 1545 3304 1615 fugiendam.
3366 1546 3553 1602 Nostri

1942 1643 2057 1714 jam
2084 1642 2249 1698 debet
2278 1657 2400 1697 esse
2428 1641 2820 1696 moderaminis
2850 1650 2875 1689 κ
2901 1650 3110 1696 tantum
3161 1641 3349 1697 laxare
3388 1642 3557 1697 habe-

1947 1750 2048 1791 nas
2088 1735 2348 1802 licentiae,
2398 1750 2465 1789 ne
2494 1735 2805 1806 praecipites
2855 1734 3101 1791 feramur
3134 1736 3188 1790 in
3217 1736 3425 1803 luxum,
3457 1736 3555 1793 sed

243 1827 331 1879 tiae
354 1827 407 1879 in
424 1825 568 1896 Lege
588 1824 870 1895 prohibiti,
897 1827 1180 1879 nonetiam
1199 1840 1340 1880 nunc
1361 1824 1602 1893 ejusdem
1625 1826 1844 1897 reigra-
1873 1828 1920 1889 B
1949 1838 2006 1884 ut
2037 1828 2300 1899 pudicitia
2344 1836 2459 1883 tnta
2491 1843 2616 1883 esse
2664 1828 2857 1898 possit,
2891 1844 3053 1898 quam
3106 1829 3299 1885 beatus
3353 1830 3555 1885 Paulus

241 1922 313 1976 tia
346 1931 659 1987 arceantur,
714 1921 972 1988 breviter,
1017 1929 1075 1975 ut
1104 1920 1311 1986 sentio,
1362 1920 1721 1989 respondebo.
1752 1921 1843 1976 Sic

240 2016 452 2070 ablatas
475 2014 643 2069 fuisse
668 2013 737 2069 de
770 2014 969 2077 medio,
996 2013 1249 2084 legalium
1276 2023 1667 2084 praceptorum
1703 2014 1843 2069 mul-

242 2110 459 2181 tiplices
484 2109 899 2165 observationes
930 2123 1075 2174 reor,
1106 2116 1167 2163 ut
1191 2108 1466 2179 generalia
1490 2117 1759 2179 praecepta
1785 2107 1838 2162 in

238 2212 385 2259 statu
420 2204 661 2273 pristino
695 2203 1079 2271 perdurarent.
1120 2201 1386 2268 Diximus,
1423 2200 1699 2271 pudicitiae
1727 2218 1844 2257 ser-

240 2300 434 2355 vanda:
462 2314 651 2365 causa,
685 2297 917 2354 Judaico
948 2297 1155 2368 populo
1187 2298 1571 2353 abstinentiam
1602 2299 1687 2353 vel
1719 2314 1843 2369 por-

244 2396 384 2451 cime
415 2394 625 2460 carnis,
680 2394 767 2449 vel
799 2393 1063 2448 similium
1096 2393 1532 2463 quadrupedum,
1595 2410 1692 2449 nec
1732 2410 1839 2449 non

242 2501 296 2546 et
349 2488 716 2560 quorumdam
747 2489 1086 2553 volatilium,
1144 2498 1306 2559 atque
1359 2489 1587 2558 piscium
1622 2500 1643 2527 ο
1675 2490 1843 2545 fuisse

244 2583 553 2639 indictam:
614 2581 1022 2637 adhaerentibus
1071 2581 1195 2636 licet
1237 2582 1380 2652 typis
1428 2580 1839 2636 rationabilium

246 2678 572 2747 figurarum,
606 2690 745 2746 quas
773 2675 968 2729 doctor
995 2674 1298 2744 spiritualis
1347 2675 1585 2745 propriis
1615 2675 1845 2744 quibus-

242 2785 351 2842 que
382 2768 523 2824 locis
558 2768 882 2837 singillatim
914 2766 1077 2823 debet
1108 2782 1423 2837 exponere:
1459 2768 1553 2823 sed
1579 2768 1840 2839 quoniam

244 2874 590 2921 terrenorum
623 2870 856 2925 mentes,
876 2862 1242 2933 perplexitate
1273 2861 1659 2931 multiplicium
1693 2878 1844 2917 man-

242 2963 500 3020 datorum
533 2964 755 3019 onerari
791 2964 996 3031 potius,
1057 2977 1217 3030 quam
1266 2961 1460 3015 instrui
1495 2962 1843 3025 videbantur,

241 3060 519 3115 indefessa
551 3067 609 3114 et
635 3057 692 3112 in
726 3058 830 3111 hac
858 3066 1017 3128 parte
1047 3071 1171 3126 erga
1217 3055 1517 3110 humanum
1564 3070 1737 3125 genus
1765 3054 1847 3108 di-

242 3153 366 3208 vina
391 3151 764 3222 providentia,
785 3165 879 3219 per
902 3148 1229 3217 Pr0phetam
1256 3148 1598 3216 promittitur
1615 3146 1842 3201 Isaiam:

1947 1923 2066 1978 sine
2090 1922 2517 1979 circumcisione
2548 1923 2689 1993 gulae
2719 1924 2902 1979 sciens
2934 1923 3199 1979 custodiri
3228 1939 3336 1978 non
3371 1939 3553 1995 posse,

1947 2020 2027 2076 sic
2055 2020 2131 2074 ait
2160 2037 2171 2072 :
2202 2020 2392 2073 Omnia
2416 2021 2625 2090 quidem
2652 2020 2849 2073 munda
2877 2028 2998 2073 sunt
3023 2034 3042 2072 :
3072 2029 3121 2073 et
3149 2017 3279 2072 nihil
3301 2018 3557 2091 abjicien‘

1947 2116 2071 2168 dum
2099 2113 2237 2185 quod
2269 2130 2385 2167 cum
2416 2114 2706 2183 gratiarum
2734 2112 2941 2165 actione
2972 2112 3260 2181 percipitur
3288 2126 3308 2165 :
3328 2111 3421 2164 sed
3441 2126 3559 2164 ma-

1947 2206 2055 2261 lum
2097 2215 2173 2260 est
2202 2206 2402 2259 homini
2443 2206 2530 2274 qui
2563 2221 2656 2273 per
2684 2202 3023 2271 offensionem
3067 2202 3351 2256 manducat
3373 2201 3554 2274 (Rom.

1952 2316 2063 2363 xiv,
2097 2299 2227 2371 20);
2263 2296 2290 2335 ιι
2322 2298 2374 2353 id
2400 2310 2485 2354 est
2509 2296 2604 2369 qui
2628 2296 2990 2351 offensionem
3024 2296 3232 2366 patitur
3254 2310 3376 2349 cum
3406 2310 3561 2350 man—

1955 2392 2145 2447 ducat.
2178 2392 2241 2445 Et
2266 2389 2705 2461 subjecitstatim
2725 2390 2967 2443 salutare
3001 2387 3293 2442 consilium
3324 2385 3559 2441 :Bomtm

1951 2495 2052 2553 est,
2085 2485 2282 2556 inquit,
2300 2501 2401 2538 non
2416 2484 2736 2536 manducare
2749 2498 2982 2547 carnem,
2998 2497 3160 2551 neque
3174 2480 3343 2534 bibere
3358 2481 3557 2548 tinum,

1947 2594 2109 2646 neque
2130 2580 2180 2631 in
2200 2595 2299 2647 quo
2324 2578 2486 2648 frater
2530 2584 2651 2630 tuus
2672 2573 2978 2641 offenditur,
3008 2584 3099 2628 aut
3131 2574 3556 2640 scandalizatur,

1947 2681 2036 2725 aut
2067 2671 2363 2741 inlinuntur
2408 2668 2585 2737 (Rom.
2622 2682 2739 2733 xw,
2770 2668 2887 2737 2|).
2916 2665 3051 2733 Quis
3076 2665 3172 2720 ille
3204 2666 3559 2737 conjunctior

1947 2762 2140 2830 frater,
2173 2778 2334 2833 quam
2382 2764 2549 2815 homo
2597 2772 2787 2815 noster
2812 2759 3094 2814 exterior?
3123 2761 3208 2814 cui
3256 2773 3323 2814 ne
3366 2768 3557 2815 nostra

1947 2856 2165 2913 licentia
2216 2858 2301 2913 vel
2350 2856 2779 2919 oll'endiculum,
2837 2855 2922 2912 vel
2990 2854 3411 2923 inﬁrmitatem,
3470 2853 3557 2910 vel

1948 2951 2267 3006 scandalum
2309 2951 2509 3021 pariat,
2561 2950 2825 3005 utendum
2870 2958 2955 3003 est
3002 2947 3256 3002 ciborum
3300 2947 3554 3013 licentia,

1948 3058 2057 3098 nou
2106 3043 2470 3108 abutendum;
2533 3052 2592 3097 ut
2643 3043 2907 3108 sciamus,
2959 3040 2973 3078 ί
3037 3056 3139 3096 nos
3189 3057 3295 3095 non
3350 3040 3555 3096 edendi

1948 3151 2112 3193 causa
2165 3152 2289 3193 esse
2333 3145 2522 3202 natos,
2575 3136 2669 3191 sed
2714 3138 2853 3191 bene
2915 3134 3156 3190 vivendi.
3205 3135 3556 3204 Quapropter

247 3248 512 3317 Quoniam
536 3246 745 3300 verbum
773 3243 1120 3298 abbreviatum
1151 3243 1324 3312 faciet,
1356 3240 1552 3310 inquit,
1590 3239 1844 3293 Dominus
1872 3225 1919 3291 C
1951 3230 2183 3300 imperio
2225 3231 2424 3286 anima:
2465 3231 2646 3285 carnis
2692 3228 2941 3283 conditio
2979 3228 3342 3293 obsecundet,
3374 3242 3444 3282 ne
3473 3224 3555 3282 ef-

241 3358 395 3412 super
422 3349 618 3393 terram
650 3337 751 3408 (Is.
786 3353 843 3402 χ,
869 3335 986 3404 25).
1045 3335 1111 3389 Ει
1141 3334 1348 3389 idcirco
1368 3336 1573 3389 beatus
1601 3331 1837 3388 Iacobus

244 3432 615 3489 cumcarteris
645 3428 924 3498 Apostolis
968 3429 1251 3484 decretum
1302 3428 1407 3483 tale
1460 3425 1751 3481 constituit
1783 3425 1836 3480 in

245 3527 511 3584 Ecclesiis
545 3522 948 3582 observandum
978 3542 990 3578 :
1029 3522 1097 3578 Ut
1126 3522 1430 3577 abstineatis
1468 3536 1576 3589 vos,
1634 3520 1831 3591 inquit,

246 3725 410 3782 supra
455 3708 511 3763 in
547 3707 741 3782 eodem
781 3707 950 3782 libro,
995 3721 1095 3782 pro
1134 3707 1343 3777 tyranni
1372 3707 1589 3782 feritas,
1627 3703 1839 3775 tyranni

247 3778 508 3856 fer'alitas;
525 3780 619 3856 sed
642 3790 835 3856 neutro
864 3781 915 3833 in
940 3780 1062 3834 loco
1087 3781 1379 3856 immutare
1399 3778 1624 3847 placuit,
1648 3790 1841 3845 quam-

245 3850 329 3910 vis
386 3854 593 3924 tyranni
647 3852 881 3921 feralitas
924 3861 1175 3906 occurrat
1218 3852 1268 3905 in
1323 3850 1471 3906 lt‘lnr.
1523 3864 1741 3919 quoque
1784 3855 1840 3901 et

250 3928 394 3983 Vatt.
429 3924 664 3979 duobus.

320 4010 345 4036 δ
371 3997 571 4053 Notum
605 4004 691 4051 est
718 3994 845 4049 illud
879 3993 1130 4064 Gregorii
1158 3992 1334 4061 Magni
1364 3993 1432 4048 de
1460 3993 1615 4047 beata
1646 3989 1843 4043 Felici-

249 4081 400 4125 tate:
465 4067 545 4122 Ad
576 4084 781 4135 poenam
812 4067 982 4135 prima
1008 4067 1165 4132 venit,
1222 4065 1311 4117 sed
1358 4065 1587 4131 pervenit
1639 4072 1839 4135 octaua.

249 4143 387 4197 Male
435 4133 607 4195 editio
664 4133 909 4205 Lugd‘un.
970 4140 1272 4201 etllolon.,
1316 4137 1500 4206 septies
1530 4135 1583 4187 in
1615 4133 1842 4203 propriis

247 4218 447 4282 pascha
475 4211 793 4273 visceribus;
825 4211 917 4264 sed
952 4209 1124 4262 Paris.
1157 4220 1210 4261 et
1240 4223 1396 4272 mss.,
1444 4223 1617 4282 passa.

321 4285 348 4325 ι)
375 4286 469 4341 Sic
493 4284 665 4338 Paris.
691 4282 879 4347 editio,
911 4289 969 4335 et
994 4296 1125 4334 mss.
1160 4291 1396 4348 quatuor
1418 4278 1542 4333 cod.
1572 4279 1697 4333 Dum
1725 4279 1844 4333 alia:

249 4358 526 4425 editiones
571 4357 983 4418 demonstrasse;
1040 4362 1095 4405 at
1144 4360 1572 4423 prtemonstrasse
1622 4350 1844 4419 praefert

249 4432 414 4486 etiam
448 4428 589 4483 liber
611 4426 962 4496 Pantagatlii.

326 4513 348 4541 ο
381 4500 518 4555 Tres
545 4493 844 4562 editiones,
871 4495 1154 4561 mendose,
1178 4495 1528 4548 interdictam.
1560 4493 1671 4549 Sed
1694 4493 1843 4548 Vatt.

247 4574 378 4640 duo,
440 4581 495 4625 et
520 4571 657 4627 Urb.
685 4570 938 4623 indictam
967 4583 985 4630 ,'
1032 4566 1179 4637 quod
1210 4567 1439 4620 verbum
1481 4573 1565 4618 est
1594 4568 1760 4620 etiam
1793 4566 1845 4619 in

249 4647 397 4701 libro
427 4643 769 4711 Pantagathi.

321 4717 348 4755 «³
370 4716 544 4771 Verba
568 4708 683 4780 illa,
717 4723 761 4767 et
785 4730 815 4765 a
840 4711 1202 4783 fornicatione,
1220 4708 1501 4783 reddimus
1524 4725 1589 4763 ex
1614 4717 1851 4779 quatuor

250 4805 414 4851 mss.,
443 4800 565 4858 qua!
598 4796 725 4840 ante
754 4786 805 4858 in
835 4782 1002 4838 editis
1022 4782 1508 4858 tlesiderabantur;
1534 4796 1707 4858 eaque
1725 4796 1851 4849 sug-

248 4863 394 4933 gerit
411 4852 575 4915 et'iam
598 4859 740 4933 liber
758 4854 1291 4933 Pantagatlii.,atqne
1305 4855 1533 4906 omnino
1554 4852 1641 4907 hic
1666 4867 1851 4933 neces-

247 4924 391 4989 saria
418 4946 543 4987 esse
565 4939 677 4983 tum
697 4927 944 4997 Vulgata:
968 4940 1290 4990 consensus,
1308 4935 1415 4979 tum
1446 4940 1685 4995 sequens
1704 4924 1850 4997 Gau-

246 5003 497 5061 dentiani
524 4996 1120 5056 sermoniscontexlus
1151 4998 1445 5051 manifeste
1478 4996 1794 5067 persuadet.

323 5087 347 5113 θ
382 5077 535 5131 Hanc
563 5070 857 5128 Gaudentii
894 5071 1216 5136 lectionem,
1270 5084 1377 5140 qua
1428 5084 1621 5124 vocem
1654 5084 1687 5120 a
1729 5084 1853 5121 san-

248 5150 410 5221 guine
440 5148 839 5221 interpretatur
867 5143 1009 5221 idem
1051 5156 1176 5221 esse
1205 5155 1327 5221 a_c_a
1348 5140 1638 5221 suffocatis,
1693 5140 1851 5221 valde

250 5210 493 5275 illustrat
513 5210 665 5271 locus
686 5213 964 5269 Ambrosii
988 5213 1039 5266 in
1064 5214 1159 5275 Ep.
1180 5213 1247 5265 ad
1267 5213 1445 5267 Galat.
1477 5227 1601 5279 cap.
1636 5228 1669 5264 ll
1692 5229 1704 5265 :
1724 5210 1851 5264 Tria

252 5294 361 5346 haec
410 5288 662 5343 mandata
707 5285 954 5350 sophista:
998 5283 1300 5338 Grazcorum
1331 5300 1435 5337 non
1480 5285 1850 5355 intelligentes,

250 5366 467 5417 scientes
509 5371 735 5412 tamena
762 5357 1015 5427 sanguine
1052 5355 1435 5417 abstinendum,
1491 5353 1853 5427 adulterarum

256 5435 611 5501 Scripturam,
636 5424 879 5500 quartum
911 5428 1211 5501 mandatum
1239 5427 1507 5501 addentes,
1541 5436 1597 5480 et
1627 5442 1655 5501 a
1688 5424 1854 5501 suffo-

253 5495 813 5566 cato'observan'dum;
838 5499 977 5567 quod
1009 5508 1135 5571 puto
1162 5515 1298 5551 nunc
1335 5496 1431 5550 Dei
1462 5507 1589 5571 nutu
1610 5495 1853 5571 intelleco

256 5578 359 5632 turi
388 5584 531 5639 sunt,
551 5574 675 5640 quia
686 5575 802 5643 jam
824 5588 986 5641 supra
1008 5567 1202 5643 dictum
1222 5579 1335 5643 erat
1360 5567 1497 5637 quod
1511 5569 1850 5643 addiderunt.

254 5648 460 5705 Confer
491 5640 779 5708 Irenaeum,
806 5640 898 5697 lib.
932 5642 1248 5707 n1,advers.
1282 5641 1417 5695 haer.
1454 5655 1503 5694 c.
1534 5640 1621 5704 12,
1655 5640 1854 5695 θάὶιίο-

256 5722 342 5777 nis
364 5716 742 5775 Feu—ardentii
768 5730 887 5786 pag.
922 5714 1046 5771 188.

331 5791 350 5831 ί
392 5792 557 5846 Vetus
588 5780 932 5844 lectio'fcéde
970 5792 1228 5853 corrupta
1279 5786 1362 5840 sic
1413 5783 1618 5839 habet:
1654 5780 1856 5837 Prwter

254 5866 503 5919 miserum
526 5859 866 5915 homicidium
906 5874 924 5924 ;
955 5859 1051 5915 sed
1075 5855 1331 5913 mendum
1375 5870 1473 5925 per
1500 5868 1561 5911 se
1595 5853 1853 5909 manifes-

1949 3323 2162 3385 frenata
2192 3326 2437 3394 licentia,
2469 3335 2527 3379 ut
2550 3325 2629 3380 ait
2655 3324 2917 3380 Salomon
2947 3321 3221 3393 (Prorerb.
3248 3320 3404 3393 xxx),
3438 3336 3558 3377 ser-

1948 3441 2048 3481 vus
2080 3435 2293 3495 regnet,
2346 3434 2398 3477 et
2430 3421 2636 3476 stultus
2672 3427 2979 3484 saturetur,
3032 3427 3085 3471 et
3137 3416 3335 3471 ancilla
3369 3416 3558 3485 ejiciat

1946 3518 2228 3575 dominam
2252 3530 2433 3580 suam,
2463 3511 2725 3569 cum-Lex
2747 3510 3032 3581 praecipiat
3060 3526 3072 3562 :
3106 3506 3255 3580 Ejice
3280 3506 3555 3575 ancillam,

1944 3711 2055 3757 tum
2084 3696 2633 3771 expunximustreti
2678 3695 2845 3771 etiam
2875 3692 3131 3771 subsidio
3162 3708 3296 3747 mss.
3332 3692 3559 3771 Dissent-

1944 3775 2010 3829 tit
2041 3764 2223 3829 autem
2255 3783 2442 3842 aperte
2474 3767 2812 3842 Gaudentius
2838 3768 3124 3842 abacorum
3154 3764 3431 3842 sententia
3454 3766 3554 3842 qui

1945 3836 2318 3916 Apustolicum
2354 3844 2596 3916 edictum
2619 3836 2945 3916 _:_iltstitt_ettdi
2972 3854 3003 3889 α
3028 3838 3419 3916 sanguine,_d_e
3453 3838 3552 3891 ho-

1946 3908 2193 3981 tn'icidio,
2228 3932 2291 3971 ac
2318 3914 2469 3969 cmde
2501 3911 3072 3981 intelligendunresse
3102 3908 3541 3981 contendebant,

1948 3997 2086 4042 teste
2125 3979 2292 4055 Atlg.,
2325 3986 2418 4039 lib.
2473 3999 2619 4037 xxx"
2654 3979 2846 4055 contra
2899 3979 3087 4055 Faust.
3115 3994 3235 4055 cap.
3291 3980 3548 4055 περιείη

1947 4058 2099 4115 dicit.
2127 4061 2194 4111 ab
2214 4051 2497 4125 Apostolis
2519 4053 2947 4125 prmtermissnm
2964 4051 3148 4125 fuisse
3171 4051 3548 4125 homicidium.

1950 4129 2089 4194 Quid
2119 4144 2249 4183 vero
2267 4119 2378 4195 'per
2407 4126 2498 4178 illa
2519 4119 2691 4177 verba
2728 4140 2765 4195 να
2789 4122 3059 4195 sanguine,
3094 4121 3148 4172 id
3173 4132 3295 4195 asta
3318 4119 3551 4195 suﬁoca-

1950 4192 2038 4264 tis,
2075 4192 2490 4269 intelligendum
2520 4194 2791 4269 senserit,
2812 4192 2997 4245 statim
3032 4192 3233 4269 aperit,
3267 4193 3508 4269 subdens
3536 4210 3551 4247 :

1953 4288 2017 4325 ne
2036 4263 2282 4324 emortuo'
2318 4286 2407 4337 per
2444 4268 2636 4319 viscera
2656 4336 2662 4337 γ
2682 4263 3411 4337 su/focatorum__animalium
3426 4280 3554 4337 san-

1953 4344 2107 4412 guine
2132 4333 2450 4412 polluantur.
2483 4338 2601 4404 Quo
2642 4336 2712 4412 fit
2743 4346 2795 4387 ut
2834 4333 3314 4412 mirer,‘lliacriu’t_u
3345 4334 3397 4412 in
3424 4334 3555 4412 Hie-

1954 4403 2198 4468 rnlexico
2225 4427 2416 4467 vocem
2443 4403 2581 4462 hanc
2599 4405 2879 4472 snﬂ'ocato,
2910 4403 3011 4457 hoc
3043 4406 3163 4457 loco
3192 4420 3218 4456 a
3246 4404 3555 4458 Gaudentio

1958 4501 2061 4555 pro
2093 4486 2365 4558 sanguinis
2390 4480 2645 4558 effusione
2660 4489 2963 4558 acceptam,
2986 4474 3263 4558 affirmare
3280 4475 3547 4558 potuisse.

2027 4567 2053 4604 κ
2085 4546 2228 4610 γεεί.
2278 4546 2425 4618 duo,
2450 4566 2504 4606 et
2537 4546 2714 4607 Flor..
2744 4550 3001 4602 intantum
3050 4548 3249 4611 laxare,
3297 4559 3351 4601 et
3385 4546 3557 4616 paulo

1957 4639 2079 4699 post
2104 4629 2194 4682 ubi
2222 4627 2349 4682 editi
2384 4625 2608 4699 habent.
2634 4622 2733 4699 sed
2759 4631 2813 4674 ut
2847 4618 3122 4699 pudicitia,
3152 4620 3353 4699 sig'sed
3378 4618 3556 4699 quoad

1956 4687 2240 4770 pudicitia;
2286 4700 2369 4753 cui
2421 4695 2645 4770 lectioni
2690 4687 2974 4770 consentit
3003 4687 3344 4770 etiamHUrb.
3372 4687 3557 4770 Codex

1956 4760 2277 4842 Pantagathi
2326 4779 2492 4823 totum
2549 4767 2726 4842 locum
2776 4763 2856 4817 sic
2897 4760 3101 4842 effert:
3148 4761 3559 4842 _Nostrum‘jam

1954 4846 2100 4897 debet
2122 4833 2251 4909 Esse,
2285 4842 2600 4895 moderatius
2624 4838 2879 4909 intantum
2909 4836 3089 4887 laxare
3139 4834 3361 4909 habenas
3396 4833 3559 4909 licen-

1955 4917 2059 4978 tiae,
2090 4921 2151 4969 ne
2183 4906 2470 4982 pra'cipites
2501 4912 2731 4983 feramur
2761 4910 2815 4961 in
2843 4908 3047 4970 luxum,
3076 4908 3167 4959 sed
3193 4910 3362 4973 quoad
3393 4906 3555 4979 pndi-

1953 4987 2075 5040 citia
2100 4996 2211 5039 tuta
2232 5003 2339 5040 esse
2360 4986 2547 5057 possit.

2016 5057 2057 5096 ἀι
2090 5058 2263 5113 Verba
2296 5047 2411 5110 haec
2454 5057 2504 5109 in
2536 5064 2771 5125 quatuor
2803 5066 2935 5125 mss.
2970 5049 3214 5125 desunt;
3245 5048 3366 5104 ideo
3398 5047 3559 5125 facile

1955 5131 2234 5196 suspicor,
2270 5120 2708 5197 glossema'iesse
2746 5138 2777 5177 a
2810 5123 3052 5197 librariis
3091 5120 3343 5176 additum
3367 5161 3381 5187 ,
3410 5121 3557 5189 quod

1955 5195 2113 5256 abest
2136 5195 2304 5255 etiam
2341 5213 2372 5253 a
2397 5200 2541 5252 libro
2570 5195 2919 5265 Pantagathi.

2034 5273 2049 5308 ί
2078 5271 2229 5326 Flor.
2280 5272 2401 5325 cod.
2430 5311 2444 5333 ,
2484 5284 2577 5321 nos
2601 5284 2703 5320 non
2731 5263 2921 5320 edendi
2952 5281 3111 5317 causa
3131 5280 3241 5319 esse
3264 5271 3433 5333 natos,
3468 5263 3558 5316 sed

1954 5362 2061 5400 esse
2103 5342 2327 5407 vivendi,
2384 5332 2468 5395 cui
2516 5340 2737 5394 lectioni
2793 5340 2943 5392 favet
2983 5339 3147 5391 etiam
3181 5335 3316 5407 liber
3346 5332 3562 5407 _Octavii

1956 5416 2279 5484 Pantagathi
2302 5404 2323 5479 ;'
2349 5413 2622 5467 editiOnes
2654 5421 2859 5484 autem,
2913 5425 3005 5462 nos
3053 5423 3155 5484 non
3189 5404 3374 5458 edendi
3404 5420 3563 5461 causa

1955 5505 2066 5543 esse
2089 5477 2260 5550 natos,
2280 5477 2373 5541 sed
2393 5484 2617 5539 vivendi.
2664 5482 2737 5537 At
2779 5495 2919 5537 unus
2953 5495 3021 5534 ex
3059 5477 3420 5550 vatt.,gquem
3452 5492 3561 5530 ca:-

1955 5564 2089 5616 teris
2119 5560 2221 5613 hoc
2246 5546 2368 5612 loco
2397 5555 2754 5627 praetulimus,
2789 5570 2883 5627 nos
2913 5567 3014 5627 non
3056 5546 3244 5627 edendi
3274 5562 3432 5627 causa
3454 5564 3562 5627 esse

1956 5643 2125 5701 natos,
2151 5631 2238 5685 sed
2271 5619 2639 5684 bene-vivendi.
2672 5626 2784 5681 Vox
2810 5626 2934 5678 bene
2957 5621 3235 5701 incuriose
3263 5634 3291 5669 a
3317 5619 3561 5701 librariis

1955 5690 2160 5762 omissa
2191 5701 2554 5757 Gaudentium
2583 5708 2827 5753 nostrum
2860 5707 3003 5774 pene
3031 5690 3236 5774 fecerat
3260 5702 3395 5774 .cum
3431 5690 3561 5774 Epi-

1955 5777 2070 5834 curi
2103 5774 2253 5831 scola
2274 5774 2640 5837 sentientem;
2664 5784 2835 5839 quare
2858 5768 3085 5821 omnlino
3107 5768 3226 5817 erat
3258 5768 3313 5815 in
3346 5770 3559 5818 textum

1955 5846 2291 5905 reducenda.
