4070 6346
538 334 646 391 955

1623 336 1683 395 S.
1723 335 2109 395 GAUDENTII
2149 331 2414 398 BRIXIAE
2454 339 2764 401 EPISCOPI

3742 353 3836 412 956

541 461 590 505 et
623 451 792 522 ﬁlium
823 453 974 528 ejus;
1003 468 1106 506 non
1139 453 1274 510 enim
1303 453 1463 512 haeres
1491 453 1588 512 erit
1617 452 1760 523 [ilius
1791 451 2000 516 ancilla:
2030 471 2145 508 cum
2173 453 2226 516 Α
2253 457 2417 522 tiens,
2467 471 2609 514 onus
2656 458 2800 522 istud
2856 461 2987 518 totis
3028 460 3238 520 viribus
3275 472 3509 520 conatus
3533 477 3655 522 sum
3688 465 3846 528 decli-

547 547 660 615 ﬁlio
690 563 799 599 meo
818 543 971 600 Isaac
1002 543 1156 613 (Gen.
1203 547 1333 617 XXI).
1375 545 1668 618 Ejiciamus
1715 561 1850 622 ergo
1883 546 2143 608 ancillam

543 642 1077 718 concupiscentiam,
1124 652 1178 696 et
1223 641 1389 694 tilium
1428 641 1546 709 ejus
1597 649 1904 709 peccatum,
1951 651 2006 698 ιιι
2035 642 2152 697 eili-

544 734 762 788 ciamur
788 733 1034 788 haeredes
1070 731 1190 806 Dei,
1224 732 1543 788 cohaeredes
1570 742 1748 786 autem
1780 731 2011 804 Christi,
2057 737 2148 804 qui

548 829 941 910 lignum
970 830 1148 884 crucis
1179 844 1289 880 sum
1326 827 1564 898 propriis
1609 829 1882 898 portando
1916 831 2155 888 humeris

551 920 733 1002 (Joan.
753 937 866 985 χιχ,
891 921 978 993 17)
1007 921 1297 993 imaginem
1321 920 1618 986 Passionis,
1640 936 1800 988 quam
1831 921 1932 975 sub
1960 921 2151 984 umbra

553 1013 717 1088 Legis
749 1013 803 1076 in
834 1025 1020 1068 saneto
1048 1012 1198 1068 Isaac
1238 1022 1764 1086 puerinon—traverat
1790 1012 1948 1090 (Gen.
1982 1031 2039 1092 tt,
2072 1011 2152 1088 6),

550 1107 605 1164 in
656 1107 891 1162 veritate
943 1106 1182 1160 hominis
1231 1111 1471 1184 suscepti
1531 1109 1862 1178 complevit,
1914 1109 2156 1178 pretioso

550 1198 820 1268 sanguine
865 1213 965 1253 suo
1002 1199 1169 1253 vitam
1219 1209 1460 1256 nostram
1507 1201 1792 1260 redimens
1829 1202 1898 1254 ab
1933 1212 2156 1259 :rterua:

563 1293 756 1357 mortis
789 1293 982 1356 exitio.
1011 1292 1132 1364 Ipse
1181 1302 1266 1349 est
1307 1295 1453 1351 enim
1489 1307 1678 1351 nostra
1710 1296 2036 1374 redemptio,
2069 1296 2156 1356 cui

553 1386 738 1450 omnis
790 1385 988 1455 honor,
1027 1389 1224 1454 virtus,
1267 1397 1322 1444 et
1353 1390 1542 1459 gloria,
1577 1406 1700 1445 cum
1747 1389 2012 1462 Patre,et
2033 1407 2156 1446 cum

554 1480 766 1560 Spiritu
799 1489 1018 1552 sancto,
1054 1498 1152 1550 per
1182 1484 1363 1536 omnia
1398 1484 1619 1538 smcula.
1652 1484 1850 1540 Amen.

1092 1611 1115 1636 ο
1149 1597 1423 1666 SEBMO
1467 1599 1636 1664 XVI.

816 1741 900 1783 DB
931 1740 1226 1785 DIVBBBIS
1259 1742 1589 1787 CAPITULIS
1625 1743 1892 1788 SEXTUS.

2255 568 2409 606 nare.
2463 551 2570 612 Sed
2639 555 2831 620 beatus
2906 555 3071 618 Pater
3134 558 3465 622 Ambrosius
3500 605 3513 630 ,
3561 562 3844 634 ca'lerique

2252 643 2413 722 333
2444 647 2747 701 venerandi
2769 649 3067 715 antistites,
3100 661 3475 722 sacramento,
3507 668 3617 722 quo
3653 665 3846 712 temere

2253 753 2351 792 vos
2382 739 2529 809 ipsos
2560 740 2868 814 obligastis,
2907 743 3154 811 astricti,
3201 744 3338 804 tales
3367 745 3436 802 ad
3468 761 3556 801 me
3599 747 3850 816 epistolas

2255 848 2378 890 cum
2442 846 2622 896 vestra
2685 836 2963 906 legatione
3012 838 3322 912 miserunt,
3378 846 3438 902 ut
3485 841 3607 896 sine
3661 840 3850 898 damno

2256 929 2451 983 animae
2477 944 2609 990 loetc
2637 930 2777 994 ultra
2805 931 2920 1004 jam
2950 931 3208 990 resistere
3235 946 3342 994 non
3377 933 3653 1004 valerem,
3683 933 3769 990 cui
3793 934 3852 990 ab

2257 1021 2633 1086 Orientalibus
2661 1039 2877 1100 quoque
2905 1026 3211 1096 episcopis.
3259 1026 3364 1088 nisi
3413 1042 3599 1086 meum
3652 1028 3718 1086 ad
3770 1043 3854 1086 vos

2259 1117 2492 1178 reditum
2526 1119 2841 1192 pollicerer.
2873 1120 3128 1182 salutaris
3168 1121 3492 1186 communio
3545 1132 3851 1193 negaretur.

2258 1208 2374 1271 Tali
2411 1211 2572 1282 igitur
2610 1212 2904 1274 conclusus
2934 1213 3188 1278 articulo,
3233 1223 3293 1274 et.
3324 1215 3657 1274 auctoritate
3699 1215 3856 1272 Sanc-

2261 1314 2436 1366 torum
2471 1307 2824 1375 praesentium
2863 1306 3185 1378 subjugatus
3210 1348 3225 1371 ,
3279 1307 3499 1377 suscepi
3535 1307 3641 1362 hoc
3675 1307 3860 1368 :umtni

2259 1398 2554 1460 sacerdotii
2609 1415 2838 1470 munus,
2891 1415 2990 1462 nec
3034 1399 3236 1456 merito
3281 1400 3500 1471 dignus,
3529 1410 3554 1447 ες
3585 1416 3688 1460 nec
3717 1411 3859 1462 relate

2261 1494 2536 1564 aptabilis,
2589 1509 2688 1553 nec
2738 1493 2987 1552 doctrina
3040 1505 3310 1551 maturus.
3365 1495 3663 1556 Intuemini
3717 1511 3855 1568 ergo,

2260 1588 2389 1658 quid
2422 1588 2613 1662 patiar,
2647 1588 2736 1657 qui
2768 1603 2890 1648 cum
2922 1589 3066 1662 loqui
3097 1589 3363 1658 nesciam,
3399 1597 3584 1650 tacere
3614 1604 3724 1648 non
3750 1605 3859 1662 pos-

2261 1694 2404 1738 sum.
2438 1679 2614 1752 Cogt-r
2644 1682 2788 1740 enim
2821 1683 3100 1744 seniorum
3136 1693 3414 1754 pracepto
3444 1683 3682 1756 obsequi
3723 1683 3851 1742 ultra

2265 1773 2410 1836 vires
2458 1790 2627 1844 meas,
2683 1792 2780 1832 nec
2812 1784 3140 1846 potestatem
3174 1775 3374 1834 silendi
3411 1777 3658 1844 habens.
3716 1775 3744 1815 ιι
3772 1793 3862 1836 nec

555 1845 584 1886 δ
605 1844 673 1902 1η
695 1864 763 1942 leo
794 1849 931 1918 quod
958 1849 1017 1906 S.
1045 1847 1365 1942 JEpiscopum
1396 1851 1564 1919 prima
1594 1850 2043 1942 die‘ordinationis
2078 1851 2159 1923 ip-

2268 1865 2572 1922 facondiam
2624 1844 3003 1942 proloqitendi.
3074 1866 3179 1926 Sed
3233 1869 3602 1938 spiritualium
3654 1869 3861 1932 Palmm

665 1922 774 1976 sius
813 1922 1162 1992 quorumdam
1210 1923 1393 1975 civium
1429 1933 1452 1961 ε
1495 1924 1685 1975 notarit
1719 1932 2046 1994 exceperunt.

630 2050 921 2132 Imperitiae
948 2069 1082 2108 meae
1103 2053 1374 2120 conscius,
1405 2063 1461 2108 et
1490 2051 1515 2090 ά
1540 2055 1721 2108 mtatis
1750 2055 1930 2125 ipsius
1973 2057 2167 2110 imma-

563 2151 701 2204 tura:
757 2145 824 2198 ad
878 2146 1171 2200 sacerdotii
1222 2146 1540 2217 dignitatem
1586 2147 1794 2220 pudore
1842 2148 2164 2222 deterritus,

563 2236 762 2290 merito
806 2236 1009 2291 silendi
1043 2238 1322 2292 licentiam
1370 2255 1397 2296 a
1435 2247 1456 2274 °
1499 2240 1728 2294 summis
1777 2240 2164 2295 sacerdotibus

564 2329 935 2404 postulabam.
977 2330 1158 2385 Metuo
1202 2332 1351 2386 enim
1395 2333 1651 2406 primum,
1685 2335 1697 2370 ί
1735 2349 1803 2390 ne
1844 2333 2016 2388 virtus
2041 2349 2165 2388 ver-

563 2423 760 2478 borum
798 2425 1106 2482 ccelestium
1156 2425 1468 2498 exiguitatis
1517 2443 1654 2481 mea:
1696 2442 1947 2482 sermone
1977 2437 2168 2488 tenue-

559 2526 648 2570 tur
693 2532 707 2571 :
755 2516 958 2573 deinde
999 2518 1305 2586 erubesco,
1357 2518 1502 2592 quod
1548 2528 1712 2573 tanta:
1767 2520 2166 2590 exspectationi

560 2619 816 2682 optatum
875 2611 1142 2670 doctrinae
1191 2614 1424 2668 fructum
1490 2623 1762 2682 przestare
1817 2629 1928 2667 non
1983 2612 2164 2668 valeo.

561 2701 717 2760 Unde
757 2704 1026 2776 imparem
1053 2721 1140 2762 me
1180 2717 1362 2762 vestro
1392 2703 1670 2761 desiderio
1704 2722 1800 2776 per
1820 2706 2003 2761 Omnia
2033 2721 2164 2768 sen-

634 2898 660 2926 ι
691 2888 886 2948 Sermo
932 2891 1035 2946 iste
1086 2905 1116 2945 a
1165 2889 1475 2947 Gaudentio
1506 2906 1693 2946 coram
1738 2891 2030 2950 Ambrosio
2058 2889 2165 2946 Me-

563 2959 869 3032 diolanensi
901 2964 1144 3016 antistite
1176 2961 1396 3018 habitus
1424 2973 1525 3027 est,
1563 2973 1620 3018 ut
1653 2962 1792 3017 infra
1825 2971 1993 3032 patet.

636 3030 664 3072 ³³
691 3034 860 3088 ltecte
905 3035 1226 3089 observavit
1271 3035 1488 3089 Ferrar.
1510 3077 1525 3100 ,
1560 3036 1656 3089 lib.
1685 3050 1744 3090 ιιι
1772 3030 1839 3088 de
1872 3034 1984 3089 Rit.
2017 3049 2160 3090 sacr.

566 3104 716 3160 Eccl.
751 3103 920 3160 Cone.
954 3121 1076 3175 cap.
1127 3107 1216 3170 12,
1280 3124 1384 3162 non
1443 3109 1623 3164 solum
1687 3109 1738 3164 in
1811 3106 1932 3177 ipso
1989 3109 2166 3175 primo

563 3177 916 3248 episcopatus
953 3177 1117 3232 na:ali
1151 3177 1260 3242 die,
1297 3195 1486 3233 verum
1518 3179 1680 3232 ctiam
1714 3188 2036 3234 recurrente
2067 3195 2166 3231 an-

567 3247 896 3320 niversario,
945 3248 1159 3304 habitas
1187 3249 1460 3304 interdum
1497 3249 1666 3305 fuisse
1697 3266 1723 3302 a
1766 3247 1961 3320 priscis
1990 3249 2166 3305 Patri-

563 3319 666 3392 bus
683 3305 1004 3386 conciones,
1037 3321 1182 3390 quod
1209 3322 1476 3389 exemplis
1513 3323 1699 3391 petitis
1731 3305 1795 3377 ei:
1831 3325 2159 3392 Augustino,
2193 3305 2238 3372 C

565 3405 624 3448 et
650 3391 835 3448 Leone
868 3393 1086 3462 Magno,
1121 3394 1424 3450 luculenter
1456 3395 1673 3464 probat.

643 3475 678 3538 ﬁ
705 3465 795 3538 De_
827 3464 1224 3538 Exceptoribus
1277 3465 1399 3538 vide
1446 3482 1568 3536 quae
1605 3465 1928 3538 tradidimus
1978 3481 2165 3538 supra,

567 3535 620 3588 in
652 3535 872 3608 Praefal.
920 3539 984 3588 ad
1014 3552 1074 3590 ea
1107 3537 1269 3589 verba
1300 3556 1312 3592 :
1352 3535 1586 3590 Notariis
1619 3537 1840 3591 latenter
1886 3535 2164 3608 appositis,

570 3607 992 3748 pagdﬁfgiplina
1021 3695 1208 3734 eorum
1233 3691 1544 3750 temporum
1581 3680 1788 3736 ferebat
1834 3689 1894 3736 ut
1921 3680 2166 3748 episcopi

567 3765 682 3804 non
734 3752 834 3804 nisi
885 3763 1096 3804 matura
1158 3764 1209 3806 et
1269 3766 1527 3819 provecta
1573 3753 1685 3818 jam
1737 3755 2164 3816 tetateticrcnt;

566 3837 729 3894 quam
781 3837 1049 3877 annorum
1084 3826 1323 3890 quinque
1369 3834 1426 3879 et
1454 3825 1810 3894 quadraginta
1843 3837 1966 3880 esse
1997 3826 2170 3880 voluit

565 3893 796 3968 Siricitts
837 3897 890 3950 in
929 3897 1160 3962 epistola
1212 3893 1484 3968 Decretali
1523 3897 1587 3949 ad
1622 3897 1923 3950 llimeriutn
1956 3898 2170 3968 episco-

568 3980 694 4034 pum
727 3965 1194 4022 1‘arraconensem
1244 3983 1295 4021 c.
1337 3973 1392 4025 9.
1429 3967 1587 4023 Plura
1641 3965 2006 4024 nihilominus
2041 3977 2170 4024 sunt

566 4040 819 4108 exempla
866 4055 1205 4095 summorum
1243 4041 1514 4104 virorum,
1568 4043 1660 4106 qui
1703 4042 1861 4094 venia
1897 4055 2166 4096 annorum

567 4122 810 4179 accepta,
867 4111 1158 4166 immatura
1203 4121 1361 4166 aetate
1392 4112 1455 4166 ad
1485 4113 1860 4180 episcopatum
1921 4113 2166 4180 provecti

565 4191 720 4248 sunt;
747 4182 909 4253 idque
937 4199 1126 4238 eorum
1158 4185 1344 4238 virtuti
1373 4183 1555 4238 datum
1587 4194 1694 4247 est,
1731 4193 1790 4237 ut
1813 4183 2029 4253 legibus
2056 4184 2170 4238 sol-

566 4262 846 4308 verentur.
879 4257 1106 4321 Ιιῖιιςειι).9
1139 4257 1234 4311 lib.
1271 4271 1319 4309 Vl
1359 4257 1497 4310 ttist.
1537 4256 1685 4310 Eccl.
1720 4270 1770 4310 c.
1803 4256 1892 4320 5t),
1924 4254 1995 4310 de
2024 4254 2166 4311 Gre-

563 4327 722 4394 gorio
769 4325 1216 4397 Thaumaturgo.
1263 4337 1319 4383 et
1375 4328 1752 4389 Athenodoro,
1817 4327 1882 4381 ll.
1947 4326 2168 4383 Valesio

564 4398 864 4465 interprete
892 4418 904 4452 :
945 4399 1116 4468 Igitur
1146 4410 1415 4464 tantopere
1446 4403 1498 4453 in
1527 4400 1715 4453 divinis
1741 4399 1960 4464 eloquiis
1990 4402 2170 4468 profe-

560 4481 762 4546 cerunt.
797 4482 851 4526 ut
871 4467 1020 4525 ambo
1043 4473 1214 4526 adhuc
1239 4472 1521 4525 admodum
1533 4545 1539 4546 γ
1543 4475 1784 4546 juvenes,
1814 4467 2168 4546 Ecalss’iarum

562 4541 621 4617 i_n_
660 4541 830 4597 Ponto
872 4546 1098 4617 ϐρίθεσιιὶ
1137 4547 1334 4617 fuerint
1376 4541 1665 4617 constituti.
1713 4543 1866 4617 ιιιιιρ
1898 4541 2166 4617 Joannem

560 4611 1809 4686 Qhrysostomum,EpiphaniumTicineusem,
1834 4612 2164 4686 Remigium.

562 4683 811 4768 Ifraisons
864 4683 1132 4768 tractatus
1185 4689 1400 4768 insigne
1443 4687 1601 4742 nobis
1630 4687 1855 4742 exhibet
1900 4683 2157 4740 Gauden-
2190 4707 2245 4768 Ι)

562 4755 728 4811 tians
750 4758 1040 4813 modestia:
1072 4755 1379 4827 specimen.

636 4838 662 4866 ο
697 4829 1002 4897 Episcopos
1053 4825 1184 4885 olim
1250 4845 1665 4898 nonnumquam
1711 4833 1936 4883 vocatos
1990 4825 2163 4898 fuisse

560 4910 736 4968 patres
770 4911 994 4967 patrum,
1048 4918 1277 4956 summos
1308 4897 1621 4967 sacerdotes,
1669 4913 1716 4956 et
1738 4899 2004 4971 cpiscopus
2034 4897 2165 4968 Epi-

562 4986 840 5039 sCOporum
869 5015 882 5036 ,
933 4974 1182 5042 pluribus
1211 4975 1526 5042 docetil’er.
1563 4990 1669 5028 rar.
1705 4974 1802 5028 lib.
1838 4987 1896 5025 ιιι
1925 4973 1994 5024 de
2022 4974 2165 5025 anti-

561 5057 673 5116 quo
704 5043 850 5099 Eccl.
880 5047 1043 5112 epist.
1075 5061 1276 5116 genere
1303 5061 1424 5116 cap.
1471 5047 1522 5108 1,
1556 5062 1666 5114 quo
1701 5047 1754 5099 in
1785 5044 1909 5098 loco
1937 5061 1963 5095 ιι
1995 5042 2179 5096 Baro-'

563 5115 658 5169 nio
676 5116 954 5180 dissentit,
983 5115 1172 5189 quiad
1194 5119 1260 5174 A.
1291 5119 1350 5173 C.
1375 5115 1514 5184 916,
1541 5134 1612 5173 ex
1637 5116 1983 5189 Tertulliano
2011 5117 2163 5170 attir-

562 5189 750 5259 gavit,
802 5188 1056 5244 ultimum
1119 5193 1259 5246 hunc
1304 5190 1556 5259 tituluut,
1606 5205 1801 5256 nempe
1845 5188 2164 5256 Episcopum

562 5257 966 5331 EpiscOporum,
1017 5263 1178 5316 unius
1233 5263 1464 5317 Romani
1516 5257 1788 5331 pontiﬁcis
1833 5260 2160 5330 peculiarem

561 5329 752 5387 fuisse.
797 5332 952 5401 Quod
987 5335 1053 5389 ad
1100 5338 1288 5388 summi
1324 5329 1625 5399 sacerdotis,
1655 5335 1737 5386 vel
1780 5336 1942 5387 etiam
1972 5332 2162 5385 summi

561 5403 828 5473 pontiﬁcis
878 5407 1299 5475 appellationem
1353 5409 1628 5474 episcopis
1673 5405 1800 5458 olim
1843 5405 2162 5458 attributam

561 5485 795 5541 spectat.
846 5481 1039 5533 conler
1072 5479 1196 5533 Bar.
1233 5479 1300 5533 ad
1347 5480 1411 5533 A.
1443 5479 1504 5532 Ο.
1539 5478 1667 5540 597,
1715 5491 1866 5530 num.
1898 5475 1989 5539 lit,
2021 5482 2076 5527 ct
2107 5475 2160 5527 in

564 5557 681 5620 not.
715 5550 780 5602 ad
821 5549 1003 5614 Mart,
1039 5552 1072 5606 9
1114 5551 1331 5613 \nriiis.
1377 5565 1485 5620 quo
1514 5548 1837 5620 ntroquein
1869 5547 1986 5600 loca
2015 5544 2164 5601 Gau-

562 5619 809 5674 dentium
851 5623 1058 5678 laudat.
1107 5623 1252 5677 ldem
1307 5619 1646 5676 Gaudentius
1689 5619 1976 5685 episcenos
2017 5633 2162 5670 sum-

564 5707 676 5746 mos
707 5693 1003 5748 sacerdotes
1034 5706 1191 5747 Vocat
1225 5701 1385 5748 tract.
1415 5706 1533 5760 seq.
1565 5708 1580 5744 :
1617 5690 1792 5744 Hodie
1811 5689 1987 5761 adepti
2027 5706 2170 5742 sum-

570 5780 773 5818 morum
843 5767 1175 5819 sacerdotum
1239 5765 1589 5832 prmsentimn.
1649 5762 1955 5829 Utrumque
2026 5761 2172 5816 hunc

573 5834 869 5891 Gaudentii
917 5837 1094 5890 locum
1145 5837 1356 5904 profert
1397 5833 1634 5888 Joannes
1682 5833 1908 5904 Savaro,
1954 5847 2069 5888 not.
2102 5832 2171 5886 ad

577 5905 916 5963 Concionem
941 5903 1156 5978 Sidonii
1183 5904 1516 5983 Apollinaris
1536 5905 1628 5961 lib.
1650 5921 1742 5970 vn,
1759 5921 1846 5974 ep.
1871 5903 1926 5971 9,
1951 5904 2049 5960 sed
2077 5918 2175 5976 pro

2263 1959 2522 2016 salutaria
2565 1975 2684 2018 esse
2738 1969 3030 2032 praecepta,
3079 1960 3279 2018 divinae
3331 1961 3497 2033 Legis
3547 1965 3862 2022 auctoritate

2266 2051 2814 2122 perspiciens,andeo
2847 2053 2898 2108 in
2931 2053 3098 2116 verba
3132 2067 3520 2124 prorumpere,
3552 2070 3618 2110 ac
3655 2063 3861 2118 tenuem

2263 2147 2462 2202 vestris
2517 2146 2741 2201 auribus
2798 2145 3004 2202 inferre
3052 2161 3402 2213 sermonem;
3449 2163 3617 2220 quem
3667 2147 3861 2206 idcirco

2267 2238 2494 2296 forsitan
2531 2240 2805 2312 patienter
2835 2241 3107 2312 accipitis,
3140 2241 3398 2314 quoniam
3435 2244 3641 2312 popqu
3668 2243 3860 2302 Christi

2267 2333 2403 2386 utile
2429 2332 2698 2399 videatur,
2729 2331 3119 2401 obedientiam,
3145 2349 3267 2404 quas
3297 2343 3352 2390 et
3381 2333 3660 2400 sacriﬁcio
3691 2335 3863 2396 divino

2270 2425 2626 2495 prmponitur,
2673 2435 2724 2479 et
2771 2424 3042 2479 mandatis
3095 2426 3192 2480 Dei
3243 2425 3502 2484 omnibus
3544 2428 3856 2495 antefertur,

2269 2519 2522 2590 exemplo
2553 2517 2764 2574 discere
2794 2517 3142 2590 prredicamis
3171 2516 3214 2588 (I
3251 2518 3380 2593 Reg.
3425 2517 3543 2590 xv).
3586 2518 3720 2574 Nam
3751 2536 3860 2576 cum

2273 2613 2506 2685 populus
2537 2611 2888 2670 Hebraeorum
2925 2619 3051 2682 post
3080 2609 3335 2688 Egyptia
3371 2612 3461 2665 illa
3495 2621 3776 2680 portenta,
3797 2613 3856 2668 ad

2269 2707 2427 2761 unius
2461 2705 2554 2762 Dei
2599 2705 2848 2760 notitiam
2896 2714 3202 2770 vocaretur,
3237 2705 3468 2778 primam
3499 2705 3699 2762 didicit
3729 2705 3852 2762 obe-

2270 2908 2590 2945 summorum
2647 2890 2976 2964 sacerdotum
3048 2891 3377 2962 prtesentiam
3450 2893 3595 2947 male
3657 2894 3859 2964 reponit

2268 2978 2588 3017 summorum
2618 2962 2948 3016 sacerdotum
2973 2965 3301 3016 sententiam.
3341 2964 3436 3019 llic
3468 2975 3654 3021 autem
3698 2962 3868 3023 obiter

2271 3036 2532 3092 monitum
2563 3034 2823 3090 lectorem
2855 3035 3041 3100 velim,
3069 3033 3115 3088 si
3145 3036 3276 3105 quid
3299 3034 3442 3091 forte
3465 3036 3782 3105 huiusmodi
3814 3041 3859 3094 in

2271 3109 2377 3164 isto
2423 3122 2680 3164 sermone
2736 3117 3021 3172 occurrat,
3066 3121 3174 3172 quo
3226 3107 3574 3168 Gaudentius
3631 3110 3866 3168 rideatur

2272 3177 2563 3251 magniﬁce
2607 3179 2794 3246 nimis,
2826 3194 2888 3251 ac
2933 3178 3200 3247 pra'clare
3242 3179 3309 3232 de
3359 3179 3657 3238 Ambrosio
3699 3183 3863 3251 loqui;

2273 3250 2581 3305 habendam
2617 3265 2738 3305 esse
2774 3250 3040 3304 rationem
3080 3263 3269 3303 eorum
3303 3259 3646 3320 temporum,
3682 3250 3866 3318 quibus

2270 3340 2335 3376 eo
2365 3322 2654 3378 Mediolani
2675 3323 2938 3391 episcOpo
2959 3325 3280 3383 constituto,
3315 3331 3482 3391 atque
3512 3323 3690 3393 Italia,
3721 3336 3774 3377 ut
3800 3325 3868 3379 ait

2274 3396 2657 3466 Hieronymus,
2706 3395 2772 3466 ad
2823 3403 3028 3466 rectam
3077 3393 3248 3466 ﬁdem
3288 3408 3584 3460 conversa,
3641 3397 3865 3466 egregiis

2274 3463 2546 3524 AmhrnSii
2580 3481 2704 3534 crga
2733 3464 3038 3522 Ecclesiam
3069 3463 3279 3518 meritis
3311 3475 3481 3519 totum
3517 3467 3568 3519 id
3605 3463 3867 3522 tribueba-

2273 3546 2390 3604 tur;
2425 3548 2479 3591 nt
2507 3539 2667 3590 docte
2701 3539 2905 3590 notavit
2940 3537 3010 3589 cl.
3043 3536 3126 3589 vir
3157 3537 3327 3589 abbas
3370 3537 3709 3592 Benedictus
3746 3539 3865 3593 Bac-

2271 3609 2778 3736 chinius,32ilssert.
2818 3608 2885 3662 de
2929 3607 3137 3661 Eccles.
3191 3608 3338 3662 llier.
3379 3611 3713 3679 originibus,
3760 3626 3862 3680 par.

2272 3697 2329 3736 ιι.
2360 3698 2480 3736 una.
2636 3721 2650 3735 .

2272 3697 2329 3745 It.
2360 3698 2480 3745 pag.
2523 3682 2650 3736 547.

2350 3753 2367 3792 ί
2399 3751 2535 3810 Male
2564 3753 2692 3809 editi
2729 3751 2984 3819 legebant
3011 3796 3024 3820 ,
3055 3771 3118 3808 ne
3146 3754 3229 3807 via
3251 3753 3521 3808 verborum
3557 3753 3866 3817 curialium;

2271 3826 2364 3879 sed
2395 3839 2524 3880 mss.
2560 3837 2796 3894 quatuor
2824 3823 3017 3890 codd.,
3072 3841 3136 3880 ne
3171 3827 3337 3880 virtus
3373 3825 3648 3882 verborum
3693 3826 3864 3882 cretes-

2272 3899 2420 3962 tium,
2483 3911 2606 3964 qua:
2661 3896 2822 3950 lcetio
2877 3907 3105 3966 apparet
3154 3898 3318 3952 etiam
3372 3896 3427 3950 in
3479 3896 3613 3951 eod.
3668 3895 3865 3956 Octavii

2272 3968 2623 4032 Pantagathi.

2343 4050 2366 4094 tt
2401 4040 2524 4096 Pari
2551 4039 2729 4102 modo
2771 4037 3046 4110 Reiniglus
3096 4038 3160 4098 ad
3207 4040 3534 4098 Remensem
3578 4039 3864 4100 Ecclesium

2271 4113 2480 4170 electus
2508 4125 2679 4168 annos
2705 4122 2865 4170 natus
2903 4128 3009 4166 non
3040 4111 3272 4176 amplius
3299 4127 3462 4179 quam
3496 4111 3686 4180 viginti
3716 4112 3863 4176 duos,

2271 4195 2484 4238 anatcm
2518 4185 2851 4253 opponebat,
2895 4195 2952 4238 ut
2990 4182 3156 4238 tradit
3185 4182 3482 4238 I'Iodoard.
3529 4182 3627 4238 lib.
3675 4199 3693 4238 ι
3738 4182 3866 4238 Hist.

2274 4255 2427 4311 Item.
2460 4272 2510 4310 c.
2544 4252 2599 4312 ll
2636 4273 2647 4308 :
2682 4252 3054 4310 Sanctissimns
3099 4255 3258 4324 igitur
3307 4255 3614 4312 adolescens
3667 4256 3748 4310 his
3791 4256 3870 4308 dc-

2270 4345 2476 4395 pressus
2505 4328 2782 4400 tutgttstiis,
2805 4328 3062 4400 quoniam
3108 4326 3384 4400 neclegis
3409 4325 3559 4382 locus
3590 4328 3639 4400 ei
3675 4329 3868 4394 rupium

2269 4393 2498 4470 patebat,
2534 4393 2623 4452 ιιὲσ
2655 4399 2844 4469 papula
2867 4407 2920 4451 ut
2952 4398 3014 4450 ab
3047 4393 3326 4454 intentione
3363 4407 3530 4468 empta
3578 4399 3866 4460 desistant.

2269 4469 2379 4526 ulla
2421 4473 2577 4527 modo
2620 4471 2919 4538 satist'acerc
2949 4479 3186 4542 poterat;
3232 4485 3384 4542 super
3432 4469 3606 4526 (etatis
3659 4471 3871 4542 inﬁrma

2269 4545 2419 4611 (cepit
2451 4543 2694 4606 conqueri
2736 4541 2978 4610 tempore,
3025 4552 3073 4596 et
3109 4543 3247 4610 quod
3291 4541 3664 4598 Ecclesiastira
3696 4541 3867 4612 regula

2273 4615 2407 4666 hunc
2457 4624 2662 4668 (etatem
2714 4615 2781 4666 ad
2828 4623 3022 4667 tantam
3065 4629 3167 4666 non
3207 4613 3503 4684 admitteret
3550 4612 3865 4684 dignitatem,

2271 4701 2391 4740 voce
2413 4685 2616 4754 publica
2638 4685 2942 4754 praedicare.
2971 4686 3028 4739 Et
3052 4684 3332 4743 Ennodins
3356 4683 3409 4740 in
3431 4685 3539 4742 vita
3566 4683 3865 4753 lipiphanii,

2269 4773 2391 4810 eum
2417 4774 2560 4811 anno
2582 4758 2758 4812 artatis
2780 4766 2978 4812 octavo
3005 4765 3061 4810 et
3090 4757 3355 4825 vigesimo
3379 4757 3703 4824 episcopum
3730 4755 3868 4809 ordio

2271 4839 2490 4893 natum,
2547 4831 2891 4899 presbyteros
2937 4843 2999 4882 ac
3050 4830 3331 4899 ministros
3384 4831 3465 4882 sic
3503 4827 3868 4899 alloquentetn

2267 4899 2504 4955 inducit:
2529 4898 2773 4965 Quamuis
2797 4916 2894 4965 me,
2923 4902 3109 4970 fratres
3131 4898 3455 4966 charissimi,
3488 4901 3625 4954 inter
3659 4898 3870 4966 primor-

2268 4973 2356 5025 dia
2397 4975 2674 5026 immatura
2724 4971 3050 5037 titubanter»,
3102 4971 3288 5039 iudicii
3336 4971 3488 5026 vestri
3539 4979 3588 5024 et
3631 4979 3872 5036 suscepta:

2268 5044 2539 5114 dignitatis
2575 5043 2774 5116 pondus
2801 5043 3131 5116 Oppresserit.
3184 5042 3379 5116 Verum
3418 5043 3586 5101 surda
3613 5057 3746 5116 aure
3773 5040 3869 5116 bu-

2261 5113 2500 5184 joismodi
2526 5113 2899 5181 querimonias
2928 5113 3112 5182 populi
3143 5114 3530 5182 praeteribant;
3564 5114 3710 5170 unde
3733 5113 3867 5168 idem

2269 5187 2550 5241 Ennodius
2582 5187 2738 5254 paulo
2763 5202 2924 5256 supra
2954 5187 3159 5242 Rustici
3187 5186 3602 5254 praeclarissimi
3634 5187 3732 5243 viri
3755 5199 3871 5239 sen-

2267 5261 2492 5313 tentiam
2522 5258 2589 5313 de
2623 5259 2911 5326 Epiphanii
2949 5266 3108 5314 etate
3149 5256 3318 5313 refert
3349 5257 3402 5312 in
3434 5258 3581 5314 hunc
3612 5256 3865 5310 modum:

2269 5331 2517 5396 Scimus,
2577 5340 2624 5384 et
2681 5331 2944 5401 profunda
2999 5329 3416 5386 consideratione
3475 5329 3866 5401 perspeximus,

2259 5403 2500 5472 juvenem
2540 5400 2697 5457 istum
2729 5400 2830 5455 nan
2861 5413 3097 5471 oportere
3147 5418 3242 5473 pro
3287 5401 3457 5456 (etatis
3508 5400 3870 5456 inmaturitate

2268 5475 2501 5539 censeri;
2544 5490 2635 5528 nec
2679 5474 2862 5527 debere
2904 5473 3076 5543 gravis
3109 5474 3315 5529 consilii
3345 5473 3643 5528 heminibus
3676 5481 3868 5543 teneros

2267 5561 2364 5616 pro
2385 5538 2767 5611 quodamotiicc
2786 5538 2952 5600 annos
2971 5543 3170 5611 omni
3204 5546 3259 5600 in
3287 5559 3418 5599 mes.
3447 5553 3684 5608 quatuor
3714 5538 3863 5616 codd.

2273 5614 2470 5680 legitur
2493 5634 2583 5671 nec
2611 5625 2764 5671 (etate
2790 5628 2942 5678 aptus
2970 5635 2986 5680 ε
3018 5626 3078 5670 ιιι
3105 5629 3158 5672 et
3194 5617 3248 5670 in
3280 5616 3422 5670 libro
3455 5614 3799 5683 Pantagathi.

2348 5687 2374 5726 Ι)
2422 5689 2493 5742 Ita
2544 5688 2918 5758 reponendum
2968 5688 3282 5748 censuimus
3333 5702 3396 5742 ex
3447 5696 3685 5758 quatuor
3743 5696 3865 5758 mss.

2275 5761 2462 5824 codd.,
2495 5771 2550 5816 ιιι
2580 5754 2752 5830 magis
2780 5763 3077 5816 conveniat
3121 5758 3250 5815 illud
3281 5774 3402 5830 sunt
3440 5755 3584 5830 “qui
3629 5754 3866 5830 nesciant.

2278 5832 2422 5890 Editi
2452 5822 2764 5900 'babebavnt,
2816 5847 2906 5885 nec
2950 5832 3194 5900 ﬁduciam
3229 5822 3612 5898 protowettdi;
3651 5837 3705 5888 at
3747 5822 3864 5882 rod.

2279 5904 2624 5975 Pantagathi,
2653 5920 2749 5959 nec
2773 5903 3076 5976 facundiam
3108 5900 3469 5972 prolaquendi.
