  <div class='ocr_page' id='page_1' title='image "/cluster/home/n/w/nwhite01/storage/ocr_20150623/20/hvd.32044015471352/487.png"; bbox 0 0 4070 6346; ppageno 0'>
   <div class='ocr_carea' id='block_1_1' title="bbox 483 253 596 315">
    <p class='ocr_par' dir='ltr' id='par_1_1' title="bbox 483 253 596 315">
     <span class='ocr_line' id='line_1_1' title="bbox 483 253 596 315; baseline -0.009 -1"><span class='ocrx_word' id='word_1_1' title='bbox 483 253 596 315; x_wconf 80' lang='lat'><strong>959</strong></span> 
     </span>
    </p>
   </div>
   <div class='ocr_carea' id='block_1_2' title="bbox 1564 244 2699 308">
    <p class='ocr_par' dir='ltr' id='par_1_2' title="bbox 1564 244 2699 308">
     <span class='ocr_line' id='line_1_2' title="bbox 1564 244 2699 308; baseline 0 -2"><span class='ocrx_word' id='word_1_2' title='bbox 1564 250 1624 306; x_wconf 89' lang='lat' dir='ltr'><strong>S.</strong></span> <span class='ocrx_word' id='word_1_3' title='bbox 1664 246 2043 308; x_wconf 79' lang='lat' dir='ltr'><strong>GAUDENTII</strong></span> <span class='ocrx_word' id='word_1_4' title='bbox 2085 244 2344 304; x_wconf 60' lang='lat' dir='ltr'><strong>BRlezE</strong></span> <span class='ocrx_word' id='word_1_5' title='bbox 2384 245 2699 306; x_wconf 83' lang='lat' dir='ltr'><strong>EPISCOPI</strong></span> 
     </span>
    </p>
   </div>
   <div class='ocr_carea' id='block_1_3' title="bbox 3684 246 3782 306">
    <p class='ocr_par' dir='ltr' id='par_1_3' title="bbox 3684 246 3782 306">
     <span class='ocr_line' id='line_1_3' title="bbox 3684 246 3782 306; baseline 0 -1"><span class='ocrx_word' id='word_1_6' title='bbox 3684 246 3782 306; x_wconf 86' lang='lat'><strong>960</strong></span> 
     </span>
    </p>
   </div>
   <div class='ocr_carea' id='block_1_4' title="bbox 483 369 3784 445">
    <p class='ocr_par' dir='ltr' id='par_1_4' title="bbox 483 369 3784 445">
     <span class='ocr_line' id='line_1_4' title="bbox 483 369 3784 445; baseline -0.002 -12"><span class='ocrx_word' id='word_1_7' title='bbox 483 375 699 434; x_wconf 79' lang='lat' dir='ltr'><strong>scelere.</strong></span> <span class='ocrx_word' id='word_1_8' title='bbox 718 373 830 445; x_wconf 89' lang='lat' dir='ltr'><strong>jam</strong></span> <span class='ocrx_word' id='word_1_9' title='bbox 855 372 1114 430; x_wconf 87' lang='lat' dir='ltr'><strong>damnato</strong></span> <span class='ocrx_word' id='word_1_10' title='bbox 1139 372 1296 441; x_wconf 86' lang='lat' dir='ltr'><strong>Juda,</strong></span> <span class='ocrx_word' id='word_1_11' title='bbox 1327 387 1519 430; x_wconf 90' lang='lat' dir='ltr'><strong>omnes</strong></span> <span class='ocrx_word' id='word_1_12' title='bbox 1548 371 1836 443; x_wconf 60' lang='lat' dir='ltr'><strong>Apostolia</strong></span> <span class='ocrx_word' id='word_1_13' title='bbox 1860 369 2082 425; x_wconf 80' lang='lat' dir='ltr'><strong>Christo</strong></span> <span class='ocrx_word' id='word_1_14' title='bbox 2109 371 2162 432; x_wconf 79' lang='grc' dir='ltr'>Α</span> <span class='ocrx_word' id='word_1_15' title='bbox 2187 370 2488 443; x_wconf 91' lang='lat' dir='ltr'><strong>condignas</strong></span> <span class='ocrx_word' id='word_1_16' title='bbox 2554 372 2765 428; x_wconf 81' lang='lat' dir='ltr'><strong>referre</strong></span> <span class='ocrx_word' id='word_1_17' title='bbox 2820 373 3024 444; x_wconf 89' lang='lat' dir='ltr'><strong>gratias</strong></span> <span class='ocrx_word' id='word_1_18' title='bbox 3086 371 3365 444; x_wconf 86' lang='lat' dir='ltr'><strong>pusillitas</strong></span> <span class='ocrx_word' id='word_1_19' title='bbox 3431 379 3623 429; x_wconf 90' lang='lat' dir='ltr'><strong>nostra</strong></span> <span class='ocrx_word' id='word_1_20' title='bbox 3679 387 3784 428; x_wconf 88' lang='lat' dir='ltr'><strong>non</strong></span> 
     </span>
    </p>
   </div>
   <div class='ocr_carea' id='block_1_5' title="bbox 486 465 2077 539">
    <p class='ocr_par' dir='ltr' id='par_1_5' title="bbox 486 465 2077 539">
     <span class='ocr_line' id='line_1_5' title="bbox 486 465 2077 539; baseline -0.006 -13"><span class='ocrx_word' id='word_1_21' title='bbox 486 479 769 539; x_wconf 84' lang='lat' dir='ltr'><strong>surgente,</strong></span> <span class='ocrx_word' id='word_1_22' title='bbox 798 466 854 522; x_wconf 90' lang='lat' dir='ltr'><strong>in</strong></span> <span class='ocrx_word' id='word_1_23' title='bbox 880 467 1046 524; x_wconf 87' lang='lat' dir='ltr'><strong>Petro</strong></span> <span class='ocrx_word' id='word_1_24' title='bbox 1075 469 1255 523; x_wconf 84' lang='lat' dir='ltr'><strong>claves</strong></span> <span class='ocrx_word' id='word_1_25' title='bbox 1284 466 1591 537; x_wconf 89' lang='lat' dir='ltr'><strong>accipiunt;</strong></span> <span class='ocrx_word' id='word_1_26' title='bbox 1617 465 1924 536; x_wconf 91' lang='lat' dir='ltr'><strong>quinimmo</strong></span> <span class='ocrx_word' id='word_1_27' title='bbox 1953 478 2077 519; x_wconf 89' lang='lat' dir='ltr'><strong>cum</strong></span> 
     </span>
    </p>
   </div>
   <div class='ocr_carea' id='block_1_6' title="bbox 493 555 2083 630">
    <p class='ocr_par' dir='ltr' id='par_1_6' title="bbox 493 555 2083 630">
     <span class='ocr_line' id='line_1_6' title="bbox 493 555 2083 630; baseline -0.004 -12"><span class='ocrx_word' id='word_1_28' title='bbox 493 560 666 618; x_wconf 88' lang='lat' dir='ltr'><strong>Petro</strong></span> <span class='ocrx_word' id='word_1_29' title='bbox 709 561 952 618; x_wconf 75' lang='lat' dir='ltr'><strong>cmlestis</strong></span> <span class='ocrx_word' id='word_1_30' title='bbox 981 560 1135 630; x_wconf 80' lang='lat' dir='ltr'><strong>regni</strong></span> <span class='ocrx_word' id='word_1_31' title='bbox 1167 559 1344 616; x_wconf 77' lang='lat' dir='ltr'><strong>claves</strong></span> <span class='ocrx_word' id='word_1_32' title='bbox 1393 559 1462 614; x_wconf 88' lang='lat' dir='ltr'><strong>ab</strong></span> <span class='ocrx_word' id='word_1_33' title='bbox 1495 559 1613 628; x_wconf 89' lang='lat' dir='ltr'><strong>ipso</strong></span> <span class='ocrx_word' id='word_1_34' title='bbox 1657 557 1890 613; x_wconf 90' lang='lat' dir='ltr'><strong>Domino</strong></span> <span class='ocrx_word' id='word_1_35' title='bbox 1937 555 2083 612; x_wconf 88' lang='lat' dir='ltr'><strong>acci-</strong></span> 
     </span>
    </p>
   </div>
   <div class='ocr_carea' id='block_1_7' title="bbox 497 651 2086 728">
    <p class='ocr_par' dir='ltr' id='par_1_7' title="bbox 497 651 2086 728">
     <span class='ocr_line' id='line_1_7' title="bbox 497 651 2086 728; baseline -0.004 -17"><span class='ocrx_word' id='word_1_36' title='bbox 497 657 676 728; x_wconf 86' lang='lat' dir='ltr'><strong>piunt,</strong></span> <span class='ocrx_word' id='word_1_37' title='bbox 710 654 930 725; x_wconf 84' lang='lat' dir='ltr'><strong>quando</strong></span> <span class='ocrx_word' id='word_1_38' title='bbox 957 656 1034 709; x_wconf 88' lang='lat' dir='ltr'><strong>ait</strong></span> <span class='ocrx_word' id='word_1_39' title='bbox 1061 654 1208 710; x_wconf 88' lang='lat' dir='ltr'><strong>illis:</strong></span> <span class='ocrx_word' id='word_1_40' title='bbox 1254 653 1482 726; x_wconf 76' lang='lat' dir='ltr'><strong>Accipite</strong></span> <span class='ocrx_word' id='word_1_41' title='bbox 1513 651 1772 724; x_wconf 81' lang='lat' dir='ltr'><strong>Spiritum</strong></span> <span class='ocrx_word' id='word_1_42' title='bbox 1800 660 2034 706; x_wconf 84' lang='lat' dir='ltr'><strong>sanctum</strong></span> <span class='ocrx_word' id='word_1_43' title='bbox 2067 667 2086 705; x_wconf 92' lang='lat'><strong><em>:</em></strong></span> 
     </span>
    </p>
   </div>
   <div class='ocr_carea' id='block_1_8' title="bbox 495 745 2085 822">
    <p class='ocr_par' dir='ltr' id='par_1_8' title="bbox 495 745 2085 822">
     <span class='ocr_line' id='line_1_8' title="bbox 495 745 2085 822; baseline -0.004 -15"><span class='ocrx_word' id='word_1_44' title='bbox 495 767 718 822; x_wconf 83' lang='lat' dir='ltr'><strong>quorum</strong></span> <span class='ocrx_word' id='word_1_45' title='bbox 748 759 959 820; x_wconf 87' lang='lat' dir='ltr'><strong>peccata</strong></span> <span class='ocrx_word' id='word_1_46' title='bbox 990 749 1289 803; x_wconf 88' lang='lat' dir='ltr'><strong>dimiseritis</strong></span> <span class='ocrx_word' id='word_1_47' title='bbox 1311 790 1326 816; x_wconf 94' lang='lat'><strong>,</strong></span> <span class='ocrx_word' id='word_1_48' title='bbox 1356 747 1576 803; x_wconf 86' lang='lat' dir='ltr'><strong>dimissa</strong></span> <span class='ocrx_word' id='word_1_49' title='bbox 1597 755 1748 802; x_wconf 88' lang='lat' dir='ltr'><strong>erunt</strong></span> <span class='ocrx_word' id='word_1_50' title='bbox 1784 745 1962 818; x_wconf 80' lang='lat' dir='ltr'><strong>(Joan.</strong></span> <span class='ocrx_word' id='word_1_51' title='bbox 1995 761 2085 810; x_wconf 82' lang='lat' dir='ltr'><strong>xx,</strong></span> 
     </span>
    </p>
   </div>
   <div class='ocr_carea' id='block_1_9' title="bbox 471 841 2088 915">
    <p class='ocr_par' dir='ltr' id='par_1_9' title="bbox 471 841 2088 915">
     <span class='ocr_line' id='line_1_9' title="bbox 471 841 2088 915; baseline -0.002 -16"><span class='ocrx_word' id='word_1_52' title='bbox 471 842 613 915; x_wconf 58' lang='grc' dir='ltr'><strong>εἰ).</strong></span> <span class='ocrx_word' id='word_1_53' title='bbox 649 844 716 899; x_wconf 86' lang='lat' dir='ltr'><strong>Et</strong></span> <span class='ocrx_word' id='word_1_54' title='bbox 738 845 935 898; x_wconf 90' lang='lat' dir='ltr'><strong>iterum</strong></span> <span class='ocrx_word' id='word_1_55' title='bbox 967 861 981 898; x_wconf 89' lang='lat'><strong>:</strong></span> <span class='ocrx_word' id='word_1_56' title='bbox 1011 841 1229 906; x_wconf 87' lang='lat' dir='ltr'><strong>Euntes,</strong></span> <span class='ocrx_word' id='word_1_57' title='bbox 1261 843 1459 912; x_wconf 89' lang='lat' dir='ltr'><strong>inquit,</strong></span> <span class='ocrx_word' id='word_1_58' title='bbox 1487 843 1662 897; x_wconf 89' lang='lat' dir='ltr'><strong>docete</strong></span> <span class='ocrx_word' id='word_1_59' title='bbox 1693 859 1864 896; x_wconf 85' lang='lat' dir='ltr'><strong>omnes</strong></span> <span class='ocrx_word' id='word_1_60' title='bbox 1891 850 2088 915; x_wconf 78' lang='lat' dir='ltr'><strong>gentes,</strong></span> 
     </span>
    </p>
   </div>
   <div class='ocr_carea' id='block_1_10' title="bbox 496 933 2092 1007">
    <p class='ocr_par' dir='ltr' id='par_1_10' title="bbox 496 933 2092 1007">
     <span class='ocr_line' id='line_1_10' title="bbox 496 933 2092 1007; baseline -0.003 -15"><span class='ocrx_word' id='word_1_61' title='bbox 496 946 546 992; x_wconf 89' lang='lat' dir='ltr'><strong>et</strong></span> <span class='ocrx_word' id='word_1_62' title='bbox 571 938 828 1007; x_wconf 79' lang='lat' dir='ltr'><strong>baptizate</strong></span> <span class='ocrx_word' id='word_1_63' title='bbox 851 952 939 990; x_wconf 86' lang='lat' dir='ltr'><strong>eas</strong></span> <span class='ocrx_word' id='word_1_64' title='bbox 969 937 1023 990; x_wconf 87' lang='lat' dir='ltr'><strong>in</strong></span> <span class='ocrx_word' id='word_1_65' title='bbox 1053 935 1259 990; x_wconf 84' lang='lat' dir='ltr'><strong>nomine</strong></span> <span class='ocrx_word' id='word_1_66' title='bbox 1287 935 1484 1002; x_wconf 88' lang='lat' dir='ltr'><strong>Patris,</strong></span> <span class='ocrx_word' id='word_1_67' title='bbox 1513 945 1560 992; x_wconf 85' lang='lat' dir='ltr'><strong>et</strong></span> <span class='ocrx_word' id='word_1_68' title='bbox 1594 934 1750 1001; x_wconf 81' lang='lat' dir='ltr'><strong>Filii,</strong></span> <span class='ocrx_word' id='word_1_69' title='bbox 1775 943 1824 988; x_wconf 90' lang='lat' dir='ltr'><strong>et</strong></span> <span class='ocrx_word' id='word_1_70' title='bbox 1857 933 2092 1006; x_wconf 77' lang='lat' dir='ltr'><strong>Spiritus</strong></span> 
     </span>
    </p>
   </div>
   <div class='ocr_carea' id='block_1_11' title="bbox 494 1027 2091 1102">
    <p class='ocr_par' dir='ltr' id='par_1_11' title="bbox 494 1027 2091 1102">
     <span class='ocr_line' id='line_1_11' title="bbox 494 1027 2091 1102; baseline -0.001 -18"><span class='ocrx_word' id='word_1_71' title='bbox 494 1031 665 1084; x_wconf 78' lang='lat' dir='ltr'><strong>sancti</strong></span> <span class='ocrx_word' id='word_1_72' title='bbox 696 1029 912 1102; x_wconf 78' lang='lat' dir='ltr'><strong>(Matth.</strong></span> <span class='ocrx_word' id='word_1_73' title='bbox 952 1027 1171 1100; x_wconf 76' lang='lat' dir='ltr'><strong>xxvttt).</strong></span> <span class='ocrx_word' id='word_1_74' title='bbox 1205 1028 1379 1084; x_wconf 83' lang='lat' dir='ltr'><strong>Janua</strong></span> <span class='ocrx_word' id='word_1_75' title='bbox 1409 1031 1610 1100; x_wconf 84' lang='lat' dir='ltr'><strong>quippe</strong></span> <span class='ocrx_word' id='word_1_76' title='bbox 1642 1030 1792 1097; x_wconf 81' lang='lat' dir='ltr'><strong>regni</strong></span> <span class='ocrx_word' id='word_1_77' title='bbox 1825 1028 2091 1085; x_wconf 58' lang='lat' dir='ltr'><strong>caelorum</strong></span> 
     </span>
    </p>
   </div>
   <div class='ocr_carea' id='block_1_12' title="bbox 498 1119 2095 1189">
    <p class='ocr_par' dir='ltr' id='par_1_12' title="bbox 498 1119 2095 1189">
     <span class='ocr_line' id='line_1_12' title="bbox 498 1119 2095 1189; baseline -0.001 -13"><span class='ocrx_word' id='word_1_78' title='bbox 498 1120 717 1176; x_wconf 87' lang='lat' dir='ltr'><strong>nonnisi</strong></span> <span class='ocrx_word' id='word_1_79' title='bbox 759 1120 858 1175; x_wconf 87' lang='lat' dir='ltr'><strong>hac</strong></span> <span class='ocrx_word' id='word_1_80' title='bbox 899 1119 1380 1176; x_wconf 86' lang='lat' dir='ltr'><strong>Sacramentornm</strong></span> <span class='ocrx_word' id='word_1_81' title='bbox 1423 1121 1792 1189; x_wconf 85' lang='lat' dir='ltr'><strong>spiritualium</strong></span> <span class='ocrx_word' id='word_1_82' title='bbox 1820 1120 1977 1175; x_wconf 87' lang='lat' dir='ltr'><strong>clave</strong></span> <span class='ocrx_word' id='word_1_83' title='bbox 2008 1135 2095 1176; x_wconf 91' lang='lat' dir='ltr'><strong>re-</strong></span> 
     </span>
    </p>
   </div>
   <div class='ocr_carea' id='block_1_13' title="bbox 495 1212 2098 1284">
    <p class='ocr_par' dir='ltr' id='par_1_13' title="bbox 495 1212 2098 1284">
     <span class='ocr_line' id='line_1_13' title="bbox 495 1212 2098 1284; baseline -0.001 -16"><span class='ocrx_word' id='word_1_84' title='bbox 495 1222 729 1268; x_wconf 83' lang='lat' dir='ltr'><strong>seratur.</strong></span> <span class='ocrx_word' id='word_1_85' title='bbox 762 1212 1076 1268; x_wconf 71' lang='lat' dir='ltr'><strong>Prccentur-</strong></span> <span class='ocrx_word' id='word_1_86' title='bbox 1099 1213 1260 1268; x_wconf 92' lang='lat' dir='ltr'><strong>modo</strong></span> <span class='ocrx_word' id='word_1_87' title='bbox 1289 1213 1342 1266; x_wconf 90' lang='lat' dir='ltr'><strong>hi</strong></span> <span class='ocrx_word' id='word_1_88' title='bbox 1371 1229 1562 1269; x_wconf 91' lang='lat' dir='ltr'><strong>omnes</strong></span> <span class='ocrx_word' id='word_1_89' title='bbox 1593 1212 1884 1284; x_wconf 83' lang='lat' dir='ltr'><strong>apostolici</strong></span> <span class='ocrx_word' id='word_1_90' title='bbox 1914 1227 2098 1268; x_wconf 58' lang='lat' dir='ltr'><strong>sacer.</strong></span> 
     </span>
    </p>
   </div>
   <div class='ocr_carea' id='block_1_14' title="bbox 497 1306 2099 1375">
    <p class='ocr_par' dir='ltr' id='par_1_14' title="bbox 497 1306 2099 1375">
     <span class='ocr_line' id='line_1_14' title="bbox 497 1306 2099 1375; baseline -0.002 -13"><span class='ocrx_word' id='word_1_91' title='bbox 497 1306 654 1362; x_wconf 91' lang='lat' dir='ltr'><strong>dotes</strong></span> <span class='ocrx_word' id='word_1_92' title='bbox 704 1306 1142 1362; x_wconf 89' lang='lat' dir='ltr'><strong>misericordiam</strong></span> <span class='ocrx_word' id='word_1_93' title='bbox 1192 1307 1289 1363; x_wconf 89' lang='lat' dir='ltr'><strong>Dei</strong></span> <span class='ocrx_word' id='word_1_94' title='bbox 1345 1307 1558 1374; x_wconf 86' lang='lat' dir='ltr'><strong>Patris,</strong></span> <span class='ocrx_word' id='word_1_95' title='bbox 1609 1308 1694 1375; x_wconf 87' lang='lat' dir='ltr'><strong>qui</strong></span> <span class='ocrx_word' id='word_1_96' title='bbox 1733 1307 2001 1362; x_wconf 80' lang='lat' dir='ltr'><strong>suscitavit</strong></span> <span class='ocrx_word' id='word_1_97' title='bbox 2037 1307 2099 1360; x_wconf 90' lang='lat' dir='ltr'><strong>de</strong></span> 
     </span>
    </p>
   </div>
   <div class='ocr_carea' id='block_1_15' title="bbox 499 1400 2096 1473">
    <p class='ocr_par' dir='ltr' id='par_1_15' title="bbox 499 1400 2096 1473">
     <span class='ocr_line' id='line_1_15' title="bbox 499 1400 2096 1473; baseline 0 -21"><span class='ocrx_word' id='word_1_98' title='bbox 499 1409 638 1454; x_wconf 89' lang='lat' dir='ltr'><strong>terra</strong></span> <span class='ocrx_word' id='word_1_99' title='bbox 661 1401 888 1472; x_wconf 87' lang='lat' dir='ltr'><strong>inopem,</strong></span> <span class='ocrx_word' id='word_1_100' title='bbox 919 1410 965 1454; x_wconf 90' lang='lat' dir='ltr'><strong>et</strong></span> <span class='ocrx_word' id='word_1_101' title='bbox 1006 1401 1069 1455; x_wconf 87' lang='lat' dir='ltr'><strong>de</strong></span> <span class='ocrx_word' id='word_1_102' title='bbox 1092 1411 1314 1456; x_wconf 76' lang='lat' dir='ltr'><strong>stercore</strong></span> <span class='ocrx_word' id='word_1_103' title='bbox 1344 1402 1506 1455; x_wconf 78' lang='lat' dir='ltr'><strong>erexit</strong></span> <span class='ocrx_word' id='word_1_104' title='bbox 1538 1417 1838 1473; x_wconf 83' lang='lat' dir='ltr'><strong>pauperem,</strong></span> <span class='ocrx_word' id='word_1_105' title='bbox 1869 1408 1922 1452; x_wconf 89' lang='lat' dir='ltr'><strong>ut</strong></span> <span class='ocrx_word' id='word_1_106' title='bbox 1953 1400 2096 1470; x_wconf 76' lang='lat' dir='ltr'><strong>face—</strong></span> 
     </span>
    </p>
   </div>
   <div class='ocr_carea' id='block_1_16' title="bbox 497 1491 2102 1566">
    <p class='ocr_par' dir='ltr' id='par_1_16' title="bbox 497 1491 2102 1566">
     <span class='ocr_line' id='line_1_16' title="bbox 497 1491 2102 1566; baseline -0.001 -20"><span class='ocrx_word' id='word_1_107' title='bbox 497 1502 575 1548; x_wconf 90' lang='lat' dir='ltr'><strong>ret</strong></span> <span class='ocrx_word' id='word_1_108' title='bbox 590 1509 707 1547; x_wconf 88' lang='lat' dir='ltr'><strong>eum</strong></span> <span class='ocrx_word' id='word_1_109' title='bbox 723 1491 939 1547; x_wconf 78' lang='lat' dir='ltr'><strong>sedereb</strong></span> <span class='ocrx_word' id='word_1_110' title='bbox 955 1510 1070 1547; x_wconf 85' lang='lat' dir='ltr'><strong>cum</strong></span> <span class='ocrx_word' id='word_1_111' title='bbox 1091 1495 1410 1566; x_wconf 77' lang='lat' dir='ltr'><strong>principibus</strong></span> <span class='ocrx_word' id='word_1_112' title='bbox 1435 1495 1614 1566; x_wconf 86' lang='lat' dir='ltr'><strong>papnli</strong></span> <span class='ocrx_word' id='word_1_113' title='bbox 1631 1495 1713 1547; x_wconf 88' lang='lat' dir='ltr'><strong>sui</strong></span> <span class='ocrx_word' id='word_1_114' title='bbox 1736 1492 1850 1566; x_wconf 88' lang='lat' dir='ltr'><strong>(Ps.</strong></span> <span class='ocrx_word' id='word_1_115' title='bbox 1871 1492 2028 1564; x_wconf 81' lang='lat' dir='ltr'><strong>cxtt);</strong></span> <span class='ocrx_word' id='word_1_116' title='bbox 2045 1499 2102 1546; x_wconf 87' lang='lat' dir='ltr'><strong>ttt</strong></span> 
     </span>
    </p>
   </div>
   <div class='ocr_carea' id='block_1_17' title="bbox 500 1585 2103 1657">
    <p class='ocr_par' dir='ltr' id='par_1_17' title="bbox 500 1585 2103 1657">
     <span class='ocr_line' id='line_1_17' title="bbox 500 1585 2103 1657; baseline -0.002 -15"><span class='ocrx_word' id='word_1_117' title='bbox 500 1587 668 1642; x_wconf 89' lang='lat' dir='ltr'><strong>etiam</strong></span> <span class='ocrx_word' id='word_1_118' title='bbox 730 1587 902 1642; x_wconf 89' lang='lat' dir='ltr'><strong>sancti</strong></span> <span class='ocrx_word' id='word_1_119' title='bbox 948 1587 1186 1657; x_wconf 83' lang='lat' dir='ltr'><strong>Spiritus</strong></span> <span class='ocrx_word' id='word_1_120' title='bbox 1250 1588 1507 1642; x_wconf 84' lang='lat' dir='ltr'><strong>virtutem</strong></span> <span class='ocrx_word' id='word_1_121' title='bbox 1560 1585 1625 1640; x_wconf 87' lang='lat' dir='ltr'><strong>ad</strong></span> <span class='ocrx_word' id='word_1_122' title='bbox 1673 1585 1932 1640; x_wconf 79' lang='lat' dir='ltr'><strong>Ecclesiae</strong></span> <span class='ocrx_word' id='word_1_123' title='bbox 1991 1600 2103 1640; x_wconf 75' lang='lat' dir='ltr'><strong>suae</strong></span> 
     </span>
    </p>
   </div>
   <div class='ocr_carea' id='block_1_18' title="bbox 505 1677 2100 1748">
    <p class='ocr_par' dir='ltr' id='par_1_18' title="bbox 505 1677 2100 1748">
     <span class='ocr_line' id='line_1_18' title="bbox 505 1677 2100 1748; baseline -0.002 -15"><span class='ocrx_word' id='word_1_124' title='bbox 505 1679 968 1748; x_wconf 69' lang='lat' dir='ltr'><strong>cgubernaculum</strong></span> <span class='ocrx_word' id='word_1_125' title='bbox 993 1679 1286 1736; x_wconf 89' lang='lat' dir='ltr'><strong>tenendum</strong></span> <span class='ocrx_word' id='word_1_126' title='bbox 1311 1681 1443 1736; x_wconf 91' lang='lat' dir='ltr'><strong>mihi</strong></span> <span class='ocrx_word' id='word_1_127' title='bbox 1467 1679 1692 1734; x_wconf 91' lang='lat' dir='ltr'><strong>minimo</strong></span> <span class='ocrx_word' id='word_1_128' title='bbox 1719 1679 1959 1733; x_wconf 91' lang='lat' dir='ltr'><strong>omnium</strong></span> <span class='ocrx_word' id='word_1_129' title='bbox 1991 1677 2100 1730; x_wconf 55' lang='lat' dir='ltr'><strong>lar.</strong></span> 
     </span>
    </p>
   </div>
   <div class='ocr_carea' id='block_1_19' title="bbox 2187 465 3786 534">
    <p class='ocr_par' dir='ltr' id='par_1_19' title="bbox 2187 465 3786 534">
     <span class='ocr_line' id='line_1_19' title="bbox 2187 465 3786 534; baseline 0.004 -15"><span class='ocrx_word' id='word_1_130' title='bbox 2187 467 2480 534; x_wconf 57' lang='lat' dir='ltr'><strong>praevalet.</strong></span> <span class='ocrx_word' id='word_1_131' title='bbox 2523 465 2722 523; x_wconf 80' lang='lat' dir='ltr'><strong>fratres</strong></span> <span class='ocrx_word' id='word_1_132' title='bbox 2767 467 3099 524; x_wconf 83' lang='lat' dir='ltr'><strong>charissimi.</strong></span> <span class='ocrx_word' id='word_1_133' title='bbox 3155 468 3289 523; x_wconf 83' lang='lat' dir='ltr'><strong>Nam</strong></span> <span class='ocrx_word' id='word_1_134' title='bbox 3340 479 3399 524; x_wconf 92' lang='lat' dir='ltr'><strong>ut</strong></span> <span class='ocrx_word' id='word_1_135' title='bbox 3448 468 3786 525; x_wconf 86' lang='lat' dir='ltr'><strong>venerandas</strong></span> 
     </span>
    </p>
   </div>
   <div class='ocr_carea' id='block_1_20' title="bbox 2187 555 3804 630">
    <p class='ocr_par' dir='ltr' id='par_1_20' title="bbox 2187 555 3804 630">
     <span class='ocr_line' id='line_1_20' title="bbox 2187 555 3804 630; baseline 0.004 -16"><span class='ocrx_word' id='word_1_136' title='bbox 2187 555 2515 614; x_wconf 89' lang='lat' dir='ltr'><strong>Sanctorum</strong></span> <span class='ocrx_word' id='word_1_137' title='bbox 2564 559 2828 629; x_wconf 87' lang='lat' dir='ltr'><strong>reliquias</strong></span> <span class='ocrx_word' id='word_1_138' title='bbox 2872 560 3210 617; x_wconf 82' lang='lat' dir='ltr'><strong>haberemus</strong></span> <span class='ocrx_word' id='word_1_139' title='bbox 3239 608 3253 630; x_wconf 91' lang='lat'><strong>,</strong></span> <span class='ocrx_word' id='word_1_140' title='bbox 3289 562 3436 617; x_wconf 90' lang='lat' dir='ltr'><strong>Deus</strong></span> <span class='ocrx_word' id='word_1_141' title='bbox 3467 572 3656 616; x_wconf 88' lang='lat' dir='ltr'><strong>noster</strong></span> <span class='ocrx_word' id='word_1_142' title='bbox 3701 561 3804 622; x_wconf 59' lang='grc' dir='ltr'>ιιι-ι</span> 
     </span>
    </p>
   </div>
   <div class='ocr_carea' id='block_1_21' title="bbox 2187 650 3791 712">
    <p class='ocr_par' dir='ltr' id='par_1_21' title="bbox 2187 650 3791 712">
     <span class='ocr_line' id='line_1_21' title="bbox 2187 650 3791 712; baseline 0.003 -7"><span class='ocrx_word' id='word_1_143' title='bbox 2187 650 2306 706; x_wconf 86' lang='lat' dir='ltr'><strong>buit</strong></span> <span class='ocrx_word' id='word_1_144' title='bbox 2337 669 2350 705; x_wconf 87' lang='lat'><strong>:</strong></span> <span class='ocrx_word' id='word_1_145' title='bbox 2385 651 2583 708; x_wconf 90' lang='lat' dir='ltr'><strong>deinde</strong></span> <span class='ocrx_word' id='word_1_146' title='bbox 2630 662 2689 708; x_wconf 92' lang='lat' dir='ltr'><strong>ut</strong></span> <span class='ocrx_word' id='word_1_147' title='bbox 2723 654 2863 710; x_wconf 91' lang='lat' dir='ltr'><strong>hanc</strong></span> <span class='ocrx_word' id='word_1_148' title='bbox 2893 655 3088 710; x_wconf 87' lang='lat' dir='ltr'><strong>honori</strong></span> <span class='ocrx_word' id='word_1_149' title='bbox 3123 671 3316 712; x_wconf 92' lang='lat' dir='ltr'><strong>eorum</strong></span> <span class='ocrx_word' id='word_1_150' title='bbox 3345 657 3579 712; x_wconf 76' lang='lat' dir='ltr'><strong>fundare</strong></span> <span class='ocrx_word' id='word_1_151' title='bbox 3608 655 3791 711; x_wconf 85' lang='lat' dir='ltr'><strong>basili-</strong></span> 
     </span>
    </p>
   </div>
   <div class='ocr_carea' id='block_1_22' title="bbox 2192 742 3792 818">
    <p class='ocr_par' dir='ltr' id='par_1_22' title="bbox 2192 742 3792 818">
     <span class='ocr_line' id='line_1_22' title="bbox 2192 742 3792 818; baseline 0.003 -22"><span class='ocrx_word' id='word_1_152' title='bbox 2192 755 2311 796; x_wconf 87' lang='lat' dir='ltr'><strong>cam</strong></span> <span class='ocrx_word' id='word_1_153' title='bbox 2338 742 2672 812; x_wconf 89' lang='lat' dir='ltr'><strong>valcremus,</strong></span> <span class='ocrx_word' id='word_1_154' title='bbox 2701 745 2818 814; x_wconf 83' lang='lat' dir='ltr'><strong>ipse</strong></span> <span class='ocrx_word' id='word_1_155' title='bbox 2843 745 3070 816; x_wconf 83' lang='lat' dir='ltr'><strong>largitus</strong></span> <span class='ocrx_word' id='word_1_156' title='bbox 3093 757 3176 802; x_wconf 87' lang='lat' dir='ltr'><strong>est</strong></span> <span class='ocrx_word' id='word_1_157' title='bbox 3201 764 3214 800; x_wconf 92' lang='lat'><strong>:</strong></span> <span class='ocrx_word' id='word_1_158' title='bbox 3239 756 3298 801; x_wconf 90' lang='lat' dir='ltr'><strong>et</strong></span> <span class='ocrx_word' id='word_1_159' title='bbox 3330 746 3493 802; x_wconf 89' lang='lat' dir='ltr'><strong>hodie</strong></span> <span class='ocrx_word' id='word_1_160' title='bbox 3524 756 3586 802; x_wconf 89' lang='lat' dir='ltr'><strong>ut</strong></span> <span class='ocrx_word' id='word_1_161' title='bbox 3615 745 3792 818; x_wconf 85' lang='lat' dir='ltr'><strong>adepti</strong></span> 
     </span>
    </p>
   </div>
   <div class='ocr_carea' id='block_1_23' title="bbox 2193 837 3790 910">
    <p class='ocr_par' dir='ltr' id='par_1_23' title="bbox 2193 837 3790 910">
     <span class='ocr_line' id='line_1_23' title="bbox 2193 837 3790 910; baseline 0.004 -22"><span class='ocrx_word' id='word_1_162' title='bbox 2193 849 2528 890; x_wconf 91' lang='lat' dir='ltr'><strong>summorum</strong></span> <span class='ocrx_word' id='word_1_163' title='bbox 2564 837 2910 893; x_wconf 89' lang='lat' dir='ltr'><strong>sacerdotum</strong></span> <span class='ocrx_word' id='word_1_164' title='bbox 2952 840 3344 910; x_wconf 68' lang='lat' dir='ltr'><strong>prmsentiam,</strong></span> <span class='ocrx_word' id='word_1_165' title='bbox 3383 837 3790 895; x_wconf 81' lang='lat' dir='ltr'><strong>dedicationem</strong></span> 
     </span>
    </p>
   </div>
   <div class='ocr_carea' id='block_1_24' title="bbox 2192 925 3798 1001">
    <p class='ocr_par' dir='ltr' id='par_1_24' title="bbox 2192 925 3798 1001">
     <span class='ocr_line' id='line_1_24' title="bbox 2192 925 3798 1001; baseline 0.003 -20"><span class='ocrx_word' id='word_1_166' title='bbox 2192 925 2472 982; x_wconf 87' lang='lat' dir='ltr'><strong>celebrare</strong></span> <span class='ocrx_word' id='word_1_167' title='bbox 2532 943 2860 994; x_wconf 91' lang='lat' dir='ltr'><strong>mereamur,</strong></span> <span class='ocrx_word' id='word_1_168' title='bbox 2911 929 3032 1001; x_wconf 79' lang='lat' dir='ltr'><strong>ipse</strong></span> <span class='ocrx_word' id='word_1_169' title='bbox 3079 932 3377 988; x_wconf 89' lang='lat' dir='ltr'><strong>concessit.</strong></span> <span class='ocrx_word' id='word_1_170' title='bbox 3411 929 3798 987; x_wconf 89' lang='lat' dir='ltr'><strong>Convenernnt</strong></span> 
     </span>
    </p>
   </div>
   <div class='ocr_carea' id='block_1_25' title="bbox 2194 1020 3794 1096">
    <p class='ocr_par' dir='ltr' id='par_1_25' title="bbox 2194 1020 3794 1096">
     <span class='ocr_line' id='line_1_25' title="bbox 2194 1020 3794 1096; baseline 0.004 -22"><span class='ocrx_word' id='word_1_171' title='bbox 2194 1020 2339 1075; x_wconf 91' lang='lat' dir='ltr'><strong>enim</strong></span> <span class='ocrx_word' id='word_1_172' title='bbox 2372 1024 2547 1076; x_wconf 84' lang='lat' dir='ltr'><strong>Sancti</strong></span> <span class='ocrx_word' id='word_1_173' title='bbox 2581 1024 2889 1094; x_wconf 79' lang='lat' dir='ltr'><strong>antistites,</strong></span> <span class='ocrx_word' id='word_1_174' title='bbox 2919 1039 2968 1080; x_wconf 89' lang='lat' dir='ltr'><strong>et</strong></span> <span class='ocrx_word' id='word_1_175' title='bbox 3002 1025 3288 1096; x_wconf 89' lang='lat' dir='ltr'><strong>apostolici</strong></span> <span class='ocrx_word' id='word_1_176' title='bbox 3320 1026 3458 1096; x_wconf 84' lang='lat' dir='ltr'><strong>viri,</strong></span> <span class='ocrx_word' id='word_1_177' title='bbox 3486 1025 3556 1081; x_wconf 89' lang='lat' dir='ltr'><strong>ad</strong></span> <span class='ocrx_word' id='word_1_178' title='bbox 3588 1025 3794 1092; x_wconf 86' lang='lat' dir='ltr'><strong>persol-</strong></span> 
     </span>
    </p>
   </div>
   <div class='ocr_carea' id='block_1_26' title="bbox 2197 1112 3797 1188">
    <p class='ocr_par' dir='ltr' id='par_1_26' title="bbox 2197 1112 3797 1188">
     <span class='ocr_line' id='line_1_26' title="bbox 2197 1112 3797 1188; baseline 0.006 -23"><span class='ocrx_word' id='word_1_179' title='bbox 2197 1112 2430 1168; x_wconf 74' lang='lat' dir='ltr'><strong>vendum</strong></span> <span class='ocrx_word' id='word_1_180' title='bbox 2465 1115 2797 1173; x_wconf 87' lang='lat' dir='ltr'><strong>beatissimis</strong></span> <span class='ocrx_word' id='word_1_181' title='bbox 2827 1119 3094 1188; x_wconf 88' lang='lat' dir='ltr'><strong>patribus,</strong></span> <span class='ocrx_word' id='word_1_182' title='bbox 3129 1129 3182 1174; x_wconf 90' lang='lat' dir='ltr'><strong>et</strong></span> <span class='ocrx_word' id='word_1_183' title='bbox 3211 1119 3656 1188; x_wconf 71' lang='lat' dir='ltr'><strong>praaceptoribus</strong></span> <span class='ocrx_word' id='word_1_184' title='bbox 3685 1118 3797 1175; x_wconf 87' lang='lat' dir='ltr'><strong>suis</strong></span> 
     </span>
    </p>
   </div>
   <div class='ocr_carea' id='block_1_27' title="bbox 2199 1204 3798 1282">
    <p class='ocr_par' dir='ltr' id='par_1_27' title="bbox 2199 1204 3798 1282">
     <span class='ocr_line' id='line_1_27' title="bbox 2199 1204 3798 1282; baseline 0.005 -22"><span class='ocrx_word' id='word_1_185' title='bbox 2199 1204 2397 1260; x_wconf 64' lang='lat' dir='ltr'><strong>debitae</strong></span> <span class='ocrx_word' id='word_1_186' title='bbox 2420 1207 2733 1265; x_wconf 87' lang='lat' dir='ltr'><strong>devotionis</strong></span> <span class='ocrx_word' id='word_1_187' title='bbox 2756 1211 3100 1279; x_wconf 75' lang='lat' dir='ltr'><strong>obsequium,</strong></span> <span class='ocrx_word' id='word_1_188' title='bbox 3129 1223 3184 1267; x_wconf 92' lang='lat' dir='ltr'><strong>ut</strong></span> <span class='ocrx_word' id='word_1_189' title='bbox 3203 1213 3456 1269; x_wconf 87' lang='lat' dir='ltr'><strong>ubertate</strong></span> <span class='ocrx_word' id='word_1_190' title='bbox 3481 1213 3798 1282; x_wconf 86' lang='lat' dir='ltr'><strong>plenissima</strong></span> 
     </span>
    </p>
   </div>
   <div class='ocr_carea' id='block_1_28' title="bbox 2200 1296 3799 1376">
    <p class='ocr_par' dir='ltr' id='par_1_28' title="bbox 2200 1296 3799 1376">
     <span class='ocr_line' id='line_1_28' title="bbox 2200 1296 3799 1376; baseline 0.006 -24"><span class='ocrx_word' id='word_1_191' title='bbox 2200 1296 2643 1357; x_wconf 87' lang='lat' dir='ltr'><strong>benedictionum</strong></span> <span class='ocrx_word' id='word_1_192' title='bbox 2667 1304 3032 1373; x_wconf 86' lang='lat' dir='ltr'><strong>spiritualium</strong></span> <span class='ocrx_word' id='word_1_193' title='bbox 3056 1305 3367 1362; x_wconf 90' lang='lat' dir='ltr'><strong>ditaremur</strong></span> <span class='ocrx_word' id='word_1_194' title='bbox 3385 1305 3430 1373; x_wconf 67' lang='lat' dir='ltr'><strong>;f</strong></span> <span class='ocrx_word' id='word_1_195' title='bbox 3459 1308 3587 1362; x_wconf 89' lang='lat' dir='ltr'><strong>licet</strong></span> <span class='ocrx_word' id='word_1_196' title='bbox 3614 1308 3799 1376; x_wconf 83' lang='lat' dir='ltr'><strong>impor-</strong></span> 
     </span>
    </p>
   </div>
   <div class='ocr_carea' id='block_1_29' title="bbox 2201 1393 3802 1469">
    <p class='ocr_par' dir='ltr' id='par_1_29' title="bbox 2201 1393 3802 1469">
     <span class='ocr_line' id='line_1_29' title="bbox 2201 1393 3802 1469; baseline 0.007 -24"><span class='ocrx_word' id='word_1_197' title='bbox 2201 1393 2402 1446; x_wconf 90' lang='lat' dir='ltr'><strong>tunitas</strong></span> <span class='ocrx_word' id='word_1_198' title='bbox 2445 1393 2805 1450; x_wconf 85' lang='lat' dir='ltr'><strong>barbarorum</strong></span> <span class='ocrx_word' id='word_1_199' title='bbox 2857 1399 3148 1453; x_wconf 82' lang='lat' dir='ltr'><strong>maximam</strong></span> <span class='ocrx_word' id='word_1_200' title='bbox 3199 1408 3409 1469; x_wconf 91' lang='lat' dir='ltr'><strong>partem</strong></span> <span class='ocrx_word' id='word_1_201' title='bbox 3463 1399 3802 1456; x_wconf 89' lang='lat' dir='ltr'><strong>celebritatis</strong></span> 
     </span>
    </p>
   </div>
   <div class='ocr_carea' id='block_1_30' title="bbox 2202 1484 3801 1560">
    <p class='ocr_par' dir='ltr' id='par_1_30' title="bbox 2202 1484 3801 1560">
     <span class='ocr_line' id='line_1_30' title="bbox 2202 1484 3801 1560; baseline 0.006 -22"><span class='ocrx_word' id='word_1_202' title='bbox 2202 1484 2308 1540; x_wconf 92' lang='lat' dir='ltr'><strong>diei</strong></span> <span class='ocrx_word' id='word_1_203' title='bbox 2328 1485 2588 1541; x_wconf 85' lang='lat' dir='ltr'><strong>hodierno</strong></span> <span class='ocrx_word' id='word_1_204' title='bbox 2610 1489 2998 1557; x_wconf 70' lang='lat' dir='ltr'><strong>subtraxerit,8</strong></span> <span class='ocrx_word' id='word_1_205' title='bbox 3019 1508 3081 1546; x_wconf 92' lang='lat' dir='ltr'><strong>ne</strong></span> <span class='ocrx_word' id='word_1_206' title='bbox 3103 1492 3289 1547; x_wconf 70' lang='lat' dir='ltr'><strong>caeteri</strong></span> <span class='ocrx_word' id='word_1_207' title='bbox 3317 1493 3490 1547; x_wconf 86' lang='lat' dir='ltr'><strong>sancti</strong></span> <span class='ocrx_word' id='word_1_208' title='bbox 3510 1492 3801 1560; x_wconf 87' lang='lat' dir='ltr'><strong>antistites,</strong></span> 
     </span>
    </p>
   </div>
   <div class='ocr_carea' id='block_1_31' title="bbox 2203 1579 3806 1658">
    <p class='ocr_par' dir='ltr' id='par_1_31' title="bbox 2203 1579 3806 1658">
     <span class='ocr_line' id='line_1_31' title="bbox 2203 1579 3806 1658; baseline 0.007 -27"><span class='ocrx_word' id='word_1_209' title='bbox 2203 1594 2340 1648; x_wconf 91' lang='lat' dir='ltr'><strong>quos</strong></span> <span class='ocrx_word' id='word_1_210' title='bbox 2365 1579 2720 1636; x_wconf 81' lang='lat' dir='ltr'><strong>interfuturos</strong></span> <span class='ocrx_word' id='word_1_211' title='bbox 2751 1584 3085 1640; x_wconf 88' lang='lat' dir='ltr'><strong>credidimus</strong></span> <span class='ocrx_word' id='word_1_212' title='bbox 3105 1630 3120 1653; x_wconf 93' lang='lat'><strong>,</strong></span> <span class='ocrx_word' id='word_1_213' title='bbox 3171 1586 3521 1641; x_wconf 88' lang='lat' dir='ltr'><strong>advenirent.</strong></span> <span class='ocrx_word' id='word_1_214' title='bbox 3568 1585 3688 1642; x_wconf 75' lang='lat' dir='ltr'><strong>1am</strong></span> <span class='ocrx_word' id='word_1_215' title='bbox 3719 1588 3806 1658; x_wconf 85' lang='lat' dir='ltr'><strong>qui</strong></span> 
     </span>
    </p>
   </div>
   <div class='ocr_carea' id='block_1_32' title="bbox 2205 1674 3806 1749">
    <p class='ocr_par' dir='ltr' id='par_1_32' title="bbox 2205 1674 3806 1749">
     <span class='ocr_line' id='line_1_32' title="bbox 2205 1674 3806 1749; baseline 0.005 -22"><span class='ocrx_word' id='word_1_216' title='bbox 2205 1683 2334 1727; x_wconf 89' lang='lat' dir='ltr'><strong>sunt</strong></span> <span class='ocrx_word' id='word_1_217' title='bbox 2361 1674 2445 1727; x_wconf 87' lang='lat' dir='ltr'><strong>isti</strong></span> <span class='ocrx_word' id='word_1_218' title='bbox 2469 1690 2698 1744; x_wconf 89' lang='lat' dir='ltr'><strong>quorum</strong></span> <span class='ocrx_word' id='word_1_219' title='bbox 2721 1677 2892 1732; x_wconf 79' lang='lat' dir='ltr'><strong>beatis</strong></span> <span class='ocrx_word' id='word_1_220' title='bbox 2917 1679 3160 1749; x_wconf 84' lang='lat' dir='ltr'><strong>reliquiis</strong></span> <span class='ocrx_word' id='word_1_221' title='bbox 3189 1679 3556 1742; x_wconf 88' lang='lat' dir='ltr'><strong>illustramur,</strong></span> <span class='ocrx_word' id='word_1_222' title='bbox 3583 1679 3710 1735; x_wconf 91' lang='lat' dir='ltr'><strong>hinc</strong></span> <span class='ocrx_word' id='word_1_223' title='bbox 3729 1679 3806 1735; x_wconf 86' lang='lat' dir='ltr'><strong>in-</strong></span> 
     </span>
    </p>
   </div>
   <div class='ocr_carea' id='block_1_33' title="bbox 505 1768 3805 1852">
    <p class='ocr_par' dir='ltr' id='par_1_33' title="bbox 505 1768 3805 1852">
     <span class='ocr_line' id='line_1_33' title="bbox 505 1768 3805 1852; baseline 0.001 -26"><span class='ocrx_word' id='word_1_224' title='bbox 505 1772 611 1844; x_wconf 91' lang='lat' dir='ltr'><strong>giri</strong></span> <span class='ocrx_word' id='word_1_225' title='bbox 657 1772 944 1843; x_wconf 87' lang='lat' dir='ltr'><strong>dignetur,</strong></span> <span class='ocrx_word' id='word_1_226' title='bbox 999 1790 1094 1844; x_wconf 91' lang='lat' dir='ltr'><strong>per</strong></span> <span class='ocrx_word' id='word_1_227' title='bbox 1146 1775 1485 1845; x_wconf 78' lang='lat' dir='ltr'><strong>unigenitum</strong></span> <span class='ocrx_word' id='word_1_228' title='bbox 1537 1773 1734 1828; x_wconf 89' lang='lat' dir='ltr'><strong>Filium</strong></span> <span class='ocrx_word' id='word_1_229' title='bbox 1786 1787 1945 1826; x_wconf 89' lang='lat' dir='ltr'><strong>suum</strong></span> <span class='ocrx_word' id='word_1_230' title='bbox 1993 1771 2097 1824; x_wconf 83' lang='lat' dir='ltr'><strong>Re-</strong></span> <span class='ocrx_word' id='word_1_231' title='bbox 2135 1768 2404 1852; x_wconf 82' lang='lat' dir='ltr'><strong>Bcipiam</strong></span> <span class='ocrx_word' id='word_1_232' title='bbox 2428 1783 2738 1825; x_wconf 87' lang='lat' dir='ltr'><strong>numerare.</strong></span> <span class='ocrx_word' id='word_1_233' title='bbox 2766 1771 2947 1825; x_wconf 90' lang='lat' dir='ltr'><strong>Primo</strong></span> <span class='ocrx_word' id='word_1_234' title='bbox 2972 1773 3023 1826; x_wconf 90' lang='lat' dir='ltr'><strong>in</strong></span> <span class='ocrx_word' id='word_1_235' title='bbox 3046 1773 3419 1828; x_wconf 83' lang='lat' dir='ltr'><strong>locoJoannes</strong></span> <span class='ocrx_word' id='word_1_236' title='bbox 3439 1773 3683 1842; x_wconf 83' lang='lat' dir='ltr'><strong>Baptista</strong></span> <span class='ocrx_word' id='word_1_237' title='bbox 3707 1782 3805 1838; x_wconf 90' lang='lat' dir='ltr'><strong>est,</strong></span> 
     </span>
    </p>
   </div>
   <div class='ocr_carea' id='block_1_34' title="bbox 509 1865 2104 1938">
    <p class='ocr_par' dir='ltr' id='par_1_34' title="bbox 509 1865 2104 1938">
     <span class='ocr_line' id='line_1_34' title="bbox 509 1865 2104 1938; baseline 0 -20"><span class='ocrx_word' id='word_1_238' title='bbox 509 1865 852 1936; x_wconf 88' lang='lat' dir='ltr'><strong>demptorem</strong></span> <span class='ocrx_word' id='word_1_239' title='bbox 881 1876 1148 1936; x_wconf 90' lang='lat' dir='ltr'><strong>nostrum,</strong></span> <span class='ocrx_word' id='word_1_240' title='bbox 1169 1883 1291 1924; x_wconf 91' lang='lat' dir='ltr'><strong>cum</strong></span> <span class='ocrx_word' id='word_1_241' title='bbox 1317 1884 1422 1938; x_wconf 91' lang='lat' dir='ltr'><strong>quo</strong></span> <span class='ocrx_word' id='word_1_242' title='bbox 1444 1867 1573 1920; x_wconf 88' lang='lat' dir='ltr'><strong>vivit</strong></span> <span class='ocrx_word' id='word_1_243' title='bbox 1595 1874 1646 1921; x_wconf 91' lang='lat' dir='ltr'><strong>et</strong></span> <span class='ocrx_word' id='word_1_244' title='bbox 1668 1872 1860 1936; x_wconf 83' lang='lat' dir='ltr'><strong>regnat</strong></span> <span class='ocrx_word' id='word_1_245' title='bbox 1882 1879 2104 1934; x_wconf 86' lang='lat' dir='ltr'><strong>semper</strong></span> 
     </span>
    </p>
   </div>
   <div class='ocr_carea' id='block_1_35' title="bbox 508 1956 2100 2030">
    <p class='ocr_par' dir='ltr' id='par_1_35' title="bbox 508 1956 2100 2030">
     <span class='ocr_line' id='line_1_35' title="bbox 508 1956 2100 2030; baseline 0 -18"><span class='ocrx_word' id='word_1_246' title='bbox 508 1956 682 2023; x_wconf 89' lang='lat' dir='ltr'><strong>Deus,</strong></span> <span class='ocrx_word' id='word_1_247' title='bbox 705 1960 759 2013; x_wconf 90' lang='lat' dir='ltr'><strong>in</strong></span> <span class='ocrx_word' id='word_1_248' title='bbox 780 1961 988 2016; x_wconf 90' lang='lat' dir='ltr'><strong>unitate</strong></span> <span class='ocrx_word' id='word_1_249' title='bbox 1009 1961 1244 2030; x_wconf 91' lang='lat' dir='ltr'><strong>Spiritus</strong></span> <span class='ocrx_word' id='word_1_250' title='bbox 1264 1960 1460 2027; x_wconf 82' lang='lat' dir='ltr'><strong>sancti,</strong></span> <span class='ocrx_word' id='word_1_251' title='bbox 1483 1969 1608 2015; x_wconf 87' lang='lat' dir='ltr'><strong>ante</strong></span> <span class='ocrx_word' id='word_1_252' title='bbox 1629 1959 1835 2024; x_wconf 81' lang='lat' dir='ltr'><strong>omnia,</strong></span> <span class='ocrx_word' id='word_1_253' title='bbox 1862 1967 1916 2012; x_wconf 89' lang='lat' dir='ltr'><strong>et</strong></span> <span class='ocrx_word' id='word_1_254' title='bbox 1937 1971 2100 2026; x_wconf 89' lang='lat' dir='ltr'><strong>nunc,</strong></span> 
     </span>
    </p>
   </div>
   <div class='ocr_carea' id='block_1_36' title="bbox 509 2053 2100 2125">
    <p class='ocr_par' dir='ltr' id='par_1_36' title="bbox 509 2053 2100 2125">
     <span class='ocr_line' id='line_1_36' title="bbox 509 2053 2100 2125; baseline -0.001 -19"><span class='ocrx_word' id='word_1_255' title='bbox 509 2061 565 2106; x_wconf 87' lang='lat' dir='ltr'><strong>et</strong></span> <span class='ocrx_word' id='word_1_256' title='bbox 590 2067 828 2125; x_wconf 89' lang='lat' dir='ltr'><strong>semper,</strong></span> <span class='ocrx_word' id='word_1_257' title='bbox 868 2063 922 2110; x_wconf 90' lang='lat' dir='ltr'><strong>et</strong></span> <span class='ocrx_word' id='word_1_258' title='bbox 953 2055 1005 2110; x_wconf 94' lang='lat' dir='ltr'><strong>in</strong></span> <span class='ocrx_word' id='word_1_259' title='bbox 1039 2064 1234 2111; x_wconf 89' lang='lat' dir='ltr'><strong>cuncta</strong></span> <span class='ocrx_word' id='word_1_260' title='bbox 1280 2057 1479 2110; x_wconf 83' lang='lat' dir='ltr'><strong>saecula</strong></span> <span class='ocrx_word' id='word_1_261' title='bbox 1513 2054 1861 2110; x_wconf 88' lang='lat' dir='ltr'><strong>saeculorum.</strong></span> <span class='ocrx_word' id='word_1_262' title='bbox 1901 2053 2100 2108; x_wconf 85' lang='lat' dir='ltr'><strong>Amen.</strong></span> 
     </span>
    </p>
   </div>
   <div class='ocr_carea' id='block_1_37' title="bbox 1047 2171 1564 2234">
    <p class='ocr_par' dir='ltr' id='par_1_37' title="bbox 1047 2171 1564 2234">
     <span class='ocr_line' id='line_1_37' title="bbox 1047 2171 1564 2234; baseline -0.006 0"><span class='ocrx_word' id='word_1_263' title='bbox 1047 2171 1319 2234; x_wconf 80' lang='lat' dir='ltr'><strong>SERMO</strong></span> <span class='ocrx_word' id='word_1_264' title='bbox 1365 2171 1564 2234; x_wconf 76' lang='lat' dir='ltr'><strong>XVII.</strong></span> 
     </span>
    </p>
   </div>
   <div class='ocr_carea' id='block_1_38' title="bbox 738 2290 1877 2338">
    <p class='ocr_par' dir='ltr' id='par_1_38' title="bbox 738 2290 1877 2338">
     <span class='ocr_line' id='line_1_38' title="bbox 738 2290 1877 2338; baseline -0.004 -2"><span class='ocrx_word' id='word_1_265' title='bbox 738 2294 823 2337; x_wconf 79' lang='lat' dir='ltr'><strong>DE</strong></span> <span class='ocrx_word' id='word_1_266' title='bbox 858 2293 1146 2338; x_wconf 76' lang='lat' dir='ltr'><strong>DIVERSIS</strong></span> <span class='ocrx_word' id='word_1_267' title='bbox 1181 2293 1510 2338; x_wconf 78' lang='lat' dir='ltr'><strong>CAPITULIS</strong></span> <span class='ocrx_word' id='word_1_268' title='bbox 1540 2290 1877 2336; x_wconf 76' lang='lat' dir='ltr'><strong>SEPTIMUS.</strong></span> 
     </span>
    </p>
   </div>
   <div class='ocr_carea' id='block_1_39' title="bbox 544 2397 2049 2457">
    <p class='ocr_par' dir='ltr' id='par_1_39' title="bbox 544 2397 2049 2457">
     <span class='ocr_line' id='line_1_39' title="bbox 544 2397 2049 2457; baseline -0.003 -3"><span class='ocrx_word' id='word_1_269' title='bbox 544 2397 570 2436; x_wconf 74' lang='grc' dir='ltr'><em>ά</em></span> <span class='ocrx_word' id='word_1_270' title='bbox 598 2399 695 2456; x_wconf 92' lang='lat' dir='ltr'><strong>Die</strong></span> <span class='ocrx_word' id='word_1_271' title='bbox 725 2400 1083 2456; x_wconf 84' lang='lat' dir='ltr'><strong>dedicationis</strong></span> <span class='ocrx_word' id='word_1_272' title='bbox 1112 2401 1393 2457; x_wconf 67' lang='lat' dir='ltr'><strong>basilicaee</strong></span> <span class='ocrx_word' id='word_1_273' title='bbox 1422 2398 1658 2455; x_wconf 88' lang='lat' dir='ltr'><strong>Concilii</strong></span> <span class='ocrx_word' id='word_1_274' title='bbox 1693 2397 2049 2455; x_wconf 89' lang='lat' dir='ltr'><strong>Sanctorum.</strong></span> 
     </span>
    </p>
   </div>
   <div class='ocr_carea' id='block_1_40' title="bbox 585 2512 2110 2590">
    <p class='ocr_par' dir='ltr' id='par_1_40' title="bbox 585 2512 2110 2590">
     <span class='ocr_line' id='line_1_40' title="bbox 585 2512 2110 2590; baseline -0.003 -20"><span class='ocrx_word' id='word_1_275' title='bbox 585 2515 750 2590; x_wconf 75' lang='lat'><strong>336</strong></span> <span class='ocrx_word' id='word_1_276' title='bbox 782 2516 992 2573; x_wconf 91' lang='lat' dir='ltr'><strong>Divinis</strong></span> <span class='ocrx_word' id='word_1_277' title='bbox 1020 2518 1360 2586; x_wconf 90' lang='lat' dir='ltr'><strong>muneribus,</strong></span> <span class='ocrx_word' id='word_1_278' title='bbox 1389 2516 1797 2589; x_wconf 52' lang='lat' dir='ltr'><strong>et;ctelestibus</strong></span> <span class='ocrx_word' id='word_1_279' title='bbox 1825 2512 2110 2570; x_wconf 85' lang='lat' dir='ltr'><strong>beueticiis</strong></span> 
     </span>
    </p>
   </div>
   <div class='ocr_carea' id='block_1_41' title="bbox 591 2645 2106 2718">
    <p class='ocr_par' dir='ltr' id='par_1_41' title="bbox 591 2645 2106 2718">
     <span class='ocr_line' id='line_1_41' title="bbox 591 2645 2106 2718; baseline -0.002 -17"><span class='ocrx_word' id='word_1_280' title='bbox 591 2655 618 2684; x_wconf 71' lang='grc' dir='ltr'>α</span> <span class='ocrx_word' id='word_1_281' title='bbox 647 2647 724 2702; x_wconf 89' lang='lat' dir='ltr'><strong>Ita</strong></span> <span class='ocrx_word' id='word_1_282' title='bbox 752 2648 806 2702; x_wconf 92' lang='lat' dir='ltr'><strong>in</strong></span> <span class='ocrx_word' id='word_1_283' title='bbox 830 2649 994 2704; x_wconf 89' lang='lat' dir='ltr'><strong>editis</strong></span> <span class='ocrx_word' id='word_1_284' title='bbox 1015 2649 1281 2716; x_wconf 88' lang='lat' dir='ltr'><strong>habetur;</strong></span> <span class='ocrx_word' id='word_1_285' title='bbox 1314 2649 1411 2707; x_wconf 90' lang='lat' dir='ltr'><strong>sed</strong></span> <span class='ocrx_word' id='word_1_286' title='bbox 1443 2664 1576 2705; x_wconf 91' lang='lat' dir='ltr'><strong>mss.</strong></span> <span class='ocrx_word' id='word_1_287' title='bbox 1608 2658 1862 2718; x_wconf 88' lang='lat' dir='ltr'><strong>quatuor.</strong></span> <span class='ocrx_word' id='word_1_288' title='bbox 1896 2645 2106 2702; x_wconf 89' lang='lat' dir='ltr'><strong>scilicet</strong></span> 
     </span>
    </p>
   </div>
   <div class='ocr_carea' id='block_1_42' title="bbox 513 2718 2108 2787">
    <p class='ocr_par' dir='ltr' id='par_1_42' title="bbox 513 2718 2108 2787">
     <span class='ocr_line' id='line_1_42' title="bbox 513 2718 2108 2787; baseline -0.002 -12"><span class='ocrx_word' id='word_1_289' title='bbox 513 2718 694 2785; x_wconf 78' lang='lat' dir='ltr'><strong>Flor.,</strong></span> <span class='ocrx_word' id='word_1_290' title='bbox 730 2718 860 2776; x_wconf 88' lang='lat' dir='ltr'><strong>Urb.</strong></span> <span class='ocrx_word' id='word_1_291' title='bbox 893 2735 948 2776; x_wconf 83' lang='lat' dir='ltr'><strong>et</strong></span> <span class='ocrx_word' id='word_1_292' title='bbox 975 2721 1126 2777; x_wconf 73' lang='lat' dir='ltr'><strong>Vati.</strong></span> <span class='ocrx_word' id='word_1_293' title='bbox 1164 2723 1274 2778; x_wconf 88' lang='lat' dir='ltr'><strong>duo</strong></span> <span class='ocrx_word' id='word_1_294' title='bbox 1300 2764 1315 2784; x_wconf 92' lang='lat'><strong>,</strong></span> <span class='ocrx_word' id='word_1_295' title='bbox 1365 2723 1514 2776; x_wconf 89' lang='lat' dir='ltr'><strong>nullo</strong></span> <span class='ocrx_word' id='word_1_296' title='bbox 1563 2721 1880 2777; x_wconf 81' lang='lat' dir='ltr'><strong>discrimine</strong></span> <span class='ocrx_word' id='word_1_297' title='bbox 1923 2720 2108 2787; x_wconf 83' lang='lat' dir='ltr'><strong>legunt</strong></span> 
     </span>
    </p>
   </div>
   <div class='ocr_carea' id='block_1_43' title="bbox 515 2789 2108 2866">
    <p class='ocr_par' dir='ltr' id='par_1_43' title="bbox 515 2789 2108 2866">
     <span class='ocr_line' id='line_1_43' title="bbox 515 2789 2108 2866; baseline 0.002 -22"><span class='ocrx_word' id='word_1_298' title='bbox 515 2789 722 2845; x_wconf 81' lang='lat' dir='ltr'><strong>Christo</strong></span> <span class='ocrx_word' id='word_1_299' title='bbox 748 2802 1062 2866; x_wconf 80' lang='lat' dir='ltr'><strong>resurgente,</strong></span> <span class='ocrx_word' id='word_1_300' title='bbox 1093 2791 1240 2849; x_wconf 91' lang='lat' dir='ltr'><strong>Petri</strong></span> <span class='ocrx_word' id='word_1_301' title='bbox 1263 2796 1428 2848; x_wconf 74' lang='lat' dir='ltr'><strong>claros</strong></span> <span class='ocrx_word' id='word_1_302' title='bbox 1452 2795 1740 2866; x_wconf 72' lang='lat' dir='ltr'><strong>accipiunt.</strong></span> <span class='ocrx_word' id='word_1_303' title='bbox 1771 2791 1912 2862; x_wconf 81' lang='lat' dir='ltr'><strong>quod</strong></span> <span class='ocrx_word' id='word_1_304' title='bbox 1933 2792 2108 2866; x_wconf 75' lang='lat' dir='ltr'><strong>plane</strong></span> 
     </span>
    </p>
   </div>
   <div class='ocr_carea' id='block_1_44' title="bbox 517 2861 2110 2930">
    <p class='ocr_par' dir='ltr' id='par_1_44' title="bbox 517 2861 2110 2930">
     <span class='ocr_line' id='line_1_44' title="bbox 517 2861 2110 2930; baseline -0.002 -12"><span class='ocrx_word' id='word_1_305' title='bbox 517 2878 626 2918; x_wconf 89' lang='lat' dir='ltr'><strong>non</strong></span> <span class='ocrx_word' id='word_1_306' title='bbox 656 2870 802 2918; x_wconf 88' lang='lat' dir='ltr'><strong>recte</strong></span> <span class='ocrx_word' id='word_1_307' title='bbox 831 2861 1065 2930; x_wconf 73' lang='lat' dir='ltr'><strong>dictum;</strong></span> <span class='ocrx_word' id='word_1_308' title='bbox 1096 2883 1204 2920; x_wconf 91' lang='lat' dir='ltr'><strong>non</strong></span> <span class='ocrx_word' id='word_1_309' title='bbox 1237 2865 1380 2921; x_wconf 91' lang='lat' dir='ltr'><strong>enim</strong></span> <span class='ocrx_word' id='word_1_310' title='bbox 1411 2861 1647 2928; x_wconf 73' lang='lat' dir='ltr'><strong>loquitur</strong></span> <span class='ocrx_word' id='word_1_311' title='bbox 1676 2863 2014 2919; x_wconf 86' lang='lat' dir='ltr'><strong>Gaudentius</strong></span> <span class='ocrx_word' id='word_1_312' title='bbox 2041 2861 2110 2915; x_wconf 90' lang='lat' dir='ltr'><strong>de</strong></span> 
     </span>
    </p>
   </div>
   <div class='ocr_carea' id='block_1_45' title="bbox 519 2933 2110 3008">
    <p class='ocr_par' dir='ltr' id='par_1_45' title="bbox 519 2933 2110 3008">
     <span class='ocr_line' id='line_1_45' title="bbox 519 2933 2110 3008; baseline -0.003 -20"><span class='ocrx_word' id='word_1_313' title='bbox 519 2935 762 3008; x_wconf 79' lang='lat' dir='ltr'><strong>primatu</strong></span> <span class='ocrx_word' id='word_1_314' title='bbox 784 2934 955 3008; x_wconf 87' lang='lat' dir='ltr'><strong>Petri,</strong></span> <span class='ocrx_word' id='word_1_315' title='bbox 978 2939 1072 2992; x_wconf 84' lang='lat' dir='ltr'><strong>sed</strong></span> <span class='ocrx_word' id='word_1_316' title='bbox 1105 2938 1175 2992; x_wconf 88' lang='lat' dir='ltr'><strong>de</strong></span> <span class='ocrx_word' id='word_1_317' title='bbox 1206 2937 1532 2993; x_wconf 82' lang='lat' dir='ltr'><strong>sacerdotali</strong></span> <span class='ocrx_word' id='word_1_318' title='bbox 1565 2933 2110 3008; x_wconf 84' lang='lat' dir='ltr'><strong>potestateomuibns</strong></span> 
     </span>
    </p>
   </div>
   <div class='ocr_carea' id='block_1_46' title="bbox 517 3004 2113 3078">
    <p class='ocr_par' dir='ltr' id='par_1_46' title="bbox 517 3004 2113 3078">
     <span class='ocr_line' id='line_1_46' title="bbox 517 3004 2113 3078; baseline -0.002 -17"><span class='ocrx_word' id='word_1_319' title='bbox 517 3006 797 3076; x_wconf 81' lang='lat' dir='ltr'><strong>Apostolis</strong></span> <span class='ocrx_word' id='word_1_320' title='bbox 845 3004 1071 3076; x_wconf 86' lang='lat' dir='ltr'><strong>tradita,</strong></span> <span class='ocrx_word' id='word_1_321' title='bbox 1120 3018 1183 3064; x_wconf 90' lang='lat' dir='ltr'><strong>ut</strong></span> <span class='ocrx_word' id='word_1_322' title='bbox 1219 3026 1281 3064; x_wconf 85' lang='lat' dir='ltr'><strong>ex</strong></span> <span class='ocrx_word' id='word_1_323' title='bbox 1315 3004 1778 3078; x_wconf 88' lang='lat' dir='ltr'><strong>consequentibus</strong></span> <span class='ocrx_word' id='word_1_324' title='bbox 1819 3004 2113 3078; x_wconf 86' lang='lat' dir='ltr'><strong>liquet._At</strong></span> 
     </span>
    </p>
   </div>
   <div class='ocr_carea' id='block_1_47' title="bbox 2212 1859 3810 1936">
    <p class='ocr_par' dir='ltr' id='par_1_47' title="bbox 2212 1859 3810 1936">
     <span class='ocr_line' id='line_1_47' title="bbox 2212 1859 3810 1936; baseline 0.006 -24"><span class='ocrx_word' id='word_1_325' title='bbox 2212 1859 2436 1913; x_wconf 88' lang='lat' dir='ltr'><strong>ultimus</strong></span> <span class='ocrx_word' id='word_1_326' title='bbox 2462 1862 2702 1931; x_wconf 90' lang='lat' dir='ltr'><strong>quidem,</strong></span> <span class='ocrx_word' id='word_1_327' title='bbox 2741 1864 2838 1920; x_wconf 87' lang='lat' dir='ltr'><strong>sed</strong></span> <span class='ocrx_word' id='word_1_328' title='bbox 2863 1867 3132 1920; x_wconf 82' lang='lat' dir='ltr'><strong>maximus</strong></span> <span class='ocrx_word' id='word_1_329' title='bbox 3164 1867 3566 1936; x_wconf 81' lang='lat' dir='ltr'><strong>Prophetarum</strong></span> <span class='ocrx_word' id='word_1_330' title='bbox 3596 1886 3608 1921; x_wconf 89' lang='lat'>:</span> <span class='ocrx_word' id='word_1_331' title='bbox 3639 1870 3810 1922; x_wconf 89' lang='lat' dir='ltr'><strong>novis-</strong></span> 
     </span>
    </p>
   </div>
   <div class='ocr_carea' id='block_1_48' title="bbox 2209 1952 3810 2029">
    <p class='ocr_par' dir='ltr' id='par_1_48' title="bbox 2209 1952 3810 2029">
     <span class='ocr_line' id='line_1_48' title="bbox 2209 1952 3810 2029; baseline 0.007 -26"><span class='ocrx_word' id='word_1_332' title='bbox 2209 1952 2384 2006; x_wconf 91' lang='lat' dir='ltr'><strong>simus</strong></span> <span class='ocrx_word' id='word_1_333' title='bbox 2413 1953 2574 2026; x_wconf 82' lang='lat'><strong>337</strong></span> <span class='ocrx_word' id='word_1_334' title='bbox 2601 1964 2846 2027; x_wconf 90' lang='lat' dir='ltr'><strong>tempore</strong></span> <span class='ocrx_word' id='word_1_335' title='bbox 2873 2001 2886 2020; x_wconf 91' lang='lat'><strong>,</strong></span> <span class='ocrx_word' id='word_1_336' title='bbox 2921 1960 3048 2029; x_wconf 87' lang='lat' dir='ltr'><strong>quia</strong></span> <span class='ocrx_word' id='word_1_337' title='bbox 3081 1959 3257 2014; x_wconf 91' lang='lat' dir='ltr'><strong>omnis</strong></span> <span class='ocrx_word' id='word_1_338' title='bbox 3289 1959 3422 2028; x_wconf 74' lang='lat' dir='ltr'><strong>Lex,</strong></span> <span class='ocrx_word' id='word_1_339' title='bbox 3453 1970 3506 2016; x_wconf 86' lang='lat' dir='ltr'><strong>et</strong></span> <span class='ocrx_word' id='word_1_340' title='bbox 3535 1959 3810 2028; x_wconf 73' lang='lat' dir='ltr'><strong>Pmpbeta:</strong></span> 
     </span>
    </p>
   </div>
   <div class='ocr_carea' id='block_1_49' title="bbox 2214 2047 3808 2124">
    <p class='ocr_par' dir='ltr' id='par_1_49' title="bbox 2214 2047 3808 2124">
     <span class='ocr_line' id='line_1_49' title="bbox 2214 2047 3808 2124; baseline 0.006 -25"><span class='ocrx_word' id='word_1_341' title='bbox 2214 2062 2375 2116; x_wconf 85' lang='lat' dir='ltr'><strong>usque</strong></span> <span class='ocrx_word' id='word_1_342' title='bbox 2405 2047 2473 2100; x_wconf 86' lang='lat' dir='ltr'><strong>ad</strong></span> <span class='ocrx_word' id='word_1_343' title='bbox 2492 2047 2746 2104; x_wconf 80' lang='lat' dir='ltr'><strong>Joannem</strong></span> <span class='ocrx_word' id='word_1_344' title='bbox 2765 2051 3070 2119; x_wconf 76' lang='lat' dir='ltr'><strong>(Matth.x1,</strong></span> <span class='ocrx_word' id='word_1_345' title='bbox 3107 2052 3220 2124; x_wconf 72' lang='lat' dir='ltr'><strong>i5);</strong></span> <span class='ocrx_word' id='word_1_346' title='bbox 3244 2049 3272 2088; x_wconf 63' lang='grc' dir='ltr'><strong>ιι</strong></span> <span class='ocrx_word' id='word_1_347' title='bbox 3297 2052 3394 2108; x_wconf 88' lang='lat' dir='ltr'><strong>sed</strong></span> <span class='ocrx_word' id='word_1_348' title='bbox 3423 2055 3626 2108; x_wconf 91' lang='lat' dir='ltr'><strong>merito</strong></span> <span class='ocrx_word' id='word_1_349' title='bbox 3645 2053 3808 2122; x_wconf 89' lang='lat' dir='ltr'><strong>prior,</strong></span> 
     </span>
    </p>
   </div>
   <div class='ocr_carea' id='block_1_50' title="bbox 2214 2138 3811 2216">
    <p class='ocr_par' dir='ltr' id='par_1_50' title="bbox 2214 2138 3811 2216">
     <span class='ocr_line' id='line_1_50' title="bbox 2214 2138 3811 2216; baseline 0.003 -22"><span class='ocrx_word' id='word_1_350' title='bbox 2214 2149 2266 2194; x_wconf 93' lang='lat' dir='ltr'><strong>ct</strong></span> <span class='ocrx_word' id='word_1_351' title='bbox 2288 2138 2551 2211; x_wconf 79' lang='lat' dir='ltr'><strong>dignitate</strong></span> <span class='ocrx_word' id='word_1_352' title='bbox 2583 2145 2945 2211; x_wconf 70' lang='lat' dir='ltr'><strong>prmstantior,</strong></span> <span class='ocrx_word' id='word_1_353' title='bbox 2973 2146 3097 2216; x_wconf 89' lang='lat' dir='ltr'><strong>quia</strong></span> <span class='ocrx_word' id='word_1_354' title='bbox 3132 2145 3207 2198; x_wconf 90' lang='lat' dir='ltr'><strong>ita</strong></span> <span class='ocrx_word' id='word_1_355' title='bbox 3233 2143 3302 2199; x_wconf 91' lang='lat' dir='ltr'><strong>de</strong></span> <span class='ocrx_word' id='word_1_356' title='bbox 3324 2144 3420 2198; x_wconf 90' lang='lat' dir='ltr'><strong>illo</strong></span> <span class='ocrx_word' id='word_1_357' title='bbox 3450 2144 3708 2198; x_wconf 89' lang='lat' dir='ltr'><strong>Christus</strong></span> <span class='ocrx_word' id='word_1_358' title='bbox 3739 2145 3811 2198; x_wconf 84' lang='lat' dir='ltr'><strong>lo-</strong></span> 
     </span>
    </p>
   </div>
   <div class='ocr_carea' id='block_1_51' title="bbox 2214 2233 3812 2304">
    <p class='ocr_par' dir='ltr' id='par_1_51' title="bbox 2214 2233 3812 2304">
     <span class='ocr_line' id='line_1_51' title="bbox 2214 2233 3812 2304; baseline 0.006 -20"><span class='ocrx_word' id='word_1_359' title='bbox 2214 2233 2398 2302; x_wconf 83' lang='lat' dir='ltr'><strong>quitur</strong></span> <span class='ocrx_word' id='word_1_360' title='bbox 2443 2235 2508 2290; x_wconf 89' lang='lat' dir='ltr'><strong>ad</strong></span> <span class='ocrx_word' id='word_1_361' title='bbox 2555 2235 2772 2291; x_wconf 70' lang='lat' dir='ltr'><strong>Judreos</strong></span> <span class='ocrx_word' id='word_1_362' title='bbox 2821 2256 2834 2295; x_wconf 88' lang='lat'><strong>:</strong></span> <span class='ocrx_word' id='word_1_363' title='bbox 2889 2238 3025 2304; x_wconf 83' lang='lat' dir='ltr'><strong>Quid</strong></span> <span class='ocrx_word' id='word_1_364' title='bbox 3073 2237 3252 2292; x_wconf 73' lang='lat' dir='ltr'><strong>existis</strong></span> <span class='ocrx_word' id='word_1_365' title='bbox 3281 2238 3333 2292; x_wconf 89' lang='lat' dir='ltr'><strong>in</strong></span> <span class='ocrx_word' id='word_1_366' title='bbox 3358 2238 3564 2292; x_wconf 89' lang='lat' dir='ltr'><strong>deserto</strong></span> <span class='ocrx_word' id='word_1_367' title='bbox 3606 2239 3812 2294; x_wconf 78' lang='lat' dir='ltr'><strong>videre?</strong></span> 
     </span>
    </p>
   </div>
   <div class='ocr_carea' id='block_1_52' title="bbox 2218 2323 3811 2402">
    <p class='ocr_par' dir='ltr' id='par_1_52' title="bbox 2218 2323 3811 2402">
     <span class='ocr_line' id='line_1_52' title="bbox 2218 2323 3811 2402; baseline 0.004 -24"><span class='ocrx_word' id='word_1_368' title='bbox 2218 2323 2578 2397; x_wconf 80' lang='lat' dir='ltr'><strong>PrOphetam?</strong></span> <span class='ocrx_word' id='word_1_369' title='bbox 2621 2330 2734 2384; x_wconf 87' lang='lat' dir='ltr'><strong>dico</strong></span> <span class='ocrx_word' id='word_1_370' title='bbox 2763 2330 2904 2384; x_wconf 81' lang='lat' dir='ltr'><strong>vobis</strong></span> <span class='ocrx_word' id='word_1_371' title='bbox 2938 2341 2986 2384; x_wconf 87' lang='lat' dir='ltr'><strong>et</strong></span> <span class='ocrx_word' id='word_1_372' title='bbox 3031 2330 3306 2402; x_wconf 84' lang='lat' dir='ltr'><strong>plusquam</strong></span> <span class='ocrx_word' id='word_1_373' title='bbox 3349 2329 3684 2402; x_wconf 85' lang='lat' dir='ltr'><strong>prophetam.</strong></span> <span class='ocrx_word' id='word_1_374' title='bbox 3716 2328 3811 2384; x_wconf 83' lang='lat' dir='ltr'><strong>Hic</strong></span> 
     </span>
    </p>
   </div>
   <div class='ocr_carea' id='block_1_53' title="bbox 2217 2419 3812 2495">
    <p class='ocr_par' dir='ltr' id='par_1_53' title="bbox 2217 2419 3812 2495">
     <span class='ocr_line' id='line_1_53' title="bbox 2217 2419 3812 2495; baseline 0.002 -23"><span class='ocrx_word' id='word_1_375' title='bbox 2217 2431 2292 2472; x_wconf 88' lang='lat' dir='ltr'><strong>est</strong></span> <span class='ocrx_word' id='word_1_376' title='bbox 2338 2421 2474 2474; x_wconf 85' lang='lat' dir='ltr'><strong>enim</strong></span> <span class='ocrx_word' id='word_1_377' title='bbox 2511 2421 2575 2474; x_wconf 91' lang='lat' dir='ltr'><strong>de</strong></span> <span class='ocrx_word' id='word_1_378' title='bbox 2619 2439 2719 2494; x_wconf 85' lang='lat' dir='ltr'><strong>quo</strong></span> <span class='ocrx_word' id='word_1_379' title='bbox 2764 2423 3015 2495; x_wconf 85' lang='lat' dir='ltr'><strong>scriptum</strong></span> <span class='ocrx_word' id='word_1_380' title='bbox 3061 2431 3134 2476; x_wconf 89' lang='lat' dir='ltr'><strong>est</strong></span> <span class='ocrx_word' id='word_1_381' title='bbox 3164 2437 3181 2474; x_wconf 90' lang='lat'><strong><em>:</em></strong></span> <span class='ocrx_word' id='word_1_382' title='bbox 3216 2421 3351 2476; x_wconf 79' lang='lat' dir='ltr'><strong>Ecce</strong></span> <span class='ocrx_word' id='word_1_383' title='bbox 3377 2423 3531 2476; x_wconf 87' lang='lat' dir='ltr'><strong>mitto</strong></span> <span class='ocrx_word' id='word_1_384' title='bbox 3565 2419 3812 2493; x_wconf 81' lang='lat' dir='ltr'><strong>Angelum</strong></span> 
     </span>
    </p>
   </div>
   <div class='ocr_carea' id='block_1_54' title="bbox 2218 2510 3812 2587">
    <p class='ocr_par' dir='ltr' id='par_1_54' title="bbox 2218 2510 3812 2587">
     <span class='ocr_line' id='line_1_54' title="bbox 2218 2510 3812 2587; baseline 0.003 -24"><span class='ocrx_word' id='word_1_385' title='bbox 2218 2527 2387 2566; x_wconf 86' lang='lat' dir='ltr'><strong>meum</strong></span> <span class='ocrx_word' id='word_1_386' title='bbox 2417 2510 2433 2549; x_wconf 76' lang='grc' dir='ltr'><strong>ί</strong></span> <span class='ocrx_word' id='word_1_387' title='bbox 2459 2524 2578 2568; x_wconf 86' lang='lat' dir='ltr'><strong>ante</strong></span> <span class='ocrx_word' id='word_1_388' title='bbox 2607 2516 2790 2586; x_wconf 80' lang='lat' dir='ltr'><strong>[aciem</strong></span> <span class='ocrx_word' id='word_1_389' title='bbox 2817 2525 2982 2585; x_wconf 86' lang='lat' dir='ltr'><strong>tuam,</strong></span> <span class='ocrx_word' id='word_1_390' title='bbox 3032 2516 3124 2587; x_wconf 88' lang='lat' dir='ltr'><strong>qui</strong></span> <span class='ocrx_word' id='word_1_391' title='bbox 3163 2515 3484 2587; x_wconf 76' lang='lat' dir='ltr'><strong>prteparabit</strong></span> <span class='ocrx_word' id='word_1_392' title='bbox 3509 2515 3650 2570; x_wconf 79' lang='lat' dir='ltr'><strong>uiam</strong></span> <span class='ocrx_word' id='word_1_393' title='bbox 3678 2525 3812 2569; x_wconf 88' lang='lat' dir='ltr'><strong>tuam</strong></span> 
     </span>
    </p>
   </div>
   <div class='ocr_carea' id='block_1_55' title="bbox 2215 2643 3812 2718">
    <p class='ocr_par' dir='ltr' id='par_1_55' title="bbox 2215 2643 3812 2718">
     <span class='ocr_line' id='line_1_55' title="bbox 2215 2643 3812 2718; baseline 0.004 -19"><span class='ocrx_word' id='word_1_394' title='bbox 2215 2643 2450 2704; x_wconf 88' lang='lat' dir='ltr'><strong>Basilica</strong></span> <span class='ocrx_word' id='word_1_395' title='bbox 2478 2647 2593 2704; x_wconf 67' lang='lat' dir='ltr'><strong>haec</strong></span> <span class='ocrx_word' id='word_1_396' title='bbox 2625 2648 2852 2704; x_wconf 85' lang='lat' dir='ltr'><strong>Concilii</strong></span> <span class='ocrx_word' id='word_1_397' title='bbox 2884 2648 3222 2718; x_wconf 84' lang='lat' dir='ltr'><strong>Sanctorum,</strong></span> <span class='ocrx_word' id='word_1_398' title='bbox 3247 2649 3314 2705; x_wconf 91' lang='lat' dir='ltr'><strong>de</strong></span> <span class='ocrx_word' id='word_1_399' title='bbox 3342 2664 3446 2718; x_wconf 89' lang='lat' dir='ltr'><strong>qua</strong></span> <span class='ocrx_word' id='word_1_400' title='bbox 3473 2649 3812 2706; x_wconf 88' lang='lat' dir='ltr'><strong>Gaudentius</strong></span> 
     </span>
    </p>
   </div>
   <div class='ocr_carea' id='block_1_56' title="bbox 2215 2718 3809 2791">
    <p class='ocr_par' dir='ltr' id='par_1_56' title="bbox 2215 2718 3809 2791">
     <span class='ocr_line' id='line_1_56' title="bbox 2215 2718 3809 2791; baseline 0.004 -21"><span class='ocrx_word' id='word_1_401' title='bbox 2215 2718 2267 2771; x_wconf 92' lang='lat' dir='ltr'><strong>in</strong></span> <span class='ocrx_word' id='word_1_402' title='bbox 2324 2722 2581 2788; x_wconf 79' lang='lat' dir='ltr'><strong>praesenti</strong></span> <span class='ocrx_word' id='word_1_403' title='bbox 2639 2730 2906 2784; x_wconf 85' lang='lat' dir='ltr'><strong>tractatu,</strong></span> <span class='ocrx_word' id='word_1_404' title='bbox 2942 2721 3144 2776; x_wconf 71' lang='lat' dir='ltr'><strong>Brixia:</strong></span> <span class='ocrx_word' id='word_1_405' title='bbox 3191 2722 3431 2791; x_wconf 87' lang='lat' dir='ltr'><strong>amplius</strong></span> <span class='ocrx_word' id='word_1_406' title='bbox 3463 2738 3574 2777; x_wconf 92' lang='lat' dir='ltr'><strong>non</strong></span> <span class='ocrx_word' id='word_1_407' title='bbox 3611 2733 3809 2788; x_wconf 80' lang='lat' dir='ltr'><strong>exstat;</strong></span> 
     </span>
    </p>
   </div>
   <div class='ocr_carea' id='block_1_57' title="bbox 2213 2791 3809 2863">
    <p class='ocr_par' dir='ltr' id='par_1_57' title="bbox 2213 2791 3809 2863">
     <span class='ocr_line' id='line_1_57' title="bbox 2213 2791 3809 2863; baseline 0.004 -21"><span class='ocrx_word' id='word_1_408' title='bbox 2213 2800 2309 2843; x_wconf 88' lang='lat' dir='ltr'><strong>aut</strong></span> <span class='ocrx_word' id='word_1_409' title='bbox 2363 2794 2405 2846; x_wconf 91' lang='lat' dir='ltr'><strong>si</strong></span> <span class='ocrx_word' id='word_1_410' title='bbox 2462 2793 2640 2863; x_wconf 87' lang='lat' dir='ltr'><strong>aliqua</strong></span> <span class='ocrx_word' id='word_1_411' title='bbox 2705 2794 2808 2846; x_wconf 88' lang='lat' dir='ltr'><strong>alia</strong></span> <span class='ocrx_word' id='word_1_412' title='bbox 2859 2791 3105 2847; x_wconf 87' lang='lat' dir='ltr'><strong>Ecclesia</strong></span> <span class='ocrx_word' id='word_1_413' title='bbox 3145 2793 3271 2863; x_wconf 84' lang='lat' dir='ltr'><strong>ejus</strong></span> <span class='ocrx_word' id='word_1_414' title='bbox 3329 2795 3452 2848; x_wconf 91' lang='lat' dir='ltr'><strong>loco</strong></span> <span class='ocrx_word' id='word_1_415' title='bbox 3504 2797 3809 2859; x_wconf 85' lang='lat' dir='ltr'><strong>succrevit,</strong></span> 
     </span>
    </p>
   </div>
   <div class='ocr_carea' id='block_1_58' title="bbox 2216 2863 3807 2936">
    <p class='ocr_par' dir='ltr' id='par_1_58' title="bbox 2216 2863 3807 2936">
     <span class='ocr_line' id='line_1_58' title="bbox 2216 2863 3807 2936; baseline 0.003 -20"><span class='ocrx_word' id='word_1_416' title='bbox 2216 2877 2411 2936; x_wconf 70' lang='lat' dir='ltr'><strong>nomen</strong></span> <span class='ocrx_word' id='word_1_417' title='bbox 2458 2879 2562 2919; x_wconf 92' lang='lat' dir='ltr'><strong>non</strong></span> <span class='ocrx_word' id='word_1_418' title='bbox 2612 2873 2828 2920; x_wconf 82' lang='lat' dir='ltr'><strong>retinet.</strong></span> <span class='ocrx_word' id='word_1_419' title='bbox 2878 2863 2933 2917; x_wconf 90' lang='lat' dir='ltr'><strong>lu</strong></span> <span class='ocrx_word' id='word_1_420' title='bbox 2969 2864 3216 2936; x_wconf 83' lang='lat' dir='ltr'><strong>catalogo</strong></span> <span class='ocrx_word' id='word_1_421' title='bbox 3274 2879 3375 2919; x_wconf 90' lang='lat' dir='ltr'><strong>ms.</strong></span> <span class='ocrx_word' id='word_1_422' title='bbox 3429 2869 3807 2936; x_wconf 88' lang='lat' dir='ltr'><strong>episcoporum</strong></span> 
     </span>
    </p>
   </div>
   <div class='ocr_carea' id='block_1_59' title="bbox 2217 2933 3808 3008">
    <p class='ocr_par' dir='ltr' id='par_1_59' title="bbox 2217 2933 3808 3008">
     <span class='ocr_line' id='line_1_59' title="bbox 2217 2933 3808 3008; baseline 0.003 -21"><span class='ocrx_word' id='word_1_423' title='bbox 2217 2933 2448 3008; x_wconf 62' lang='lat' dir='ltr'><strong>Drixiae,</strong></span> <span class='ocrx_word' id='word_1_424' title='bbox 2488 2951 2594 2991; x_wconf 93' lang='lat' dir='ltr'><strong>non</strong></span> <span class='ocrx_word' id='word_1_425' title='bbox 2644 2945 2824 2992; x_wconf 88' lang='lat' dir='ltr'><strong>tamen</strong></span> <span class='ocrx_word' id='word_1_426' title='bbox 2865 2933 3160 2990; x_wconf 81' lang='lat' dir='ltr'><strong>admodum</strong></span> <span class='ocrx_word' id='word_1_427' title='bbox 3189 2933 3477 3008; x_wconf 52' lang='lat' dir='ltr'><strong>antiquo,</strong></span> <span class='ocrx_word' id='word_1_428' title='bbox 3508 2933 3808 3008; x_wconf 22' lang='lat' dir='ltr'><strong>baecflegi:</strong></span> 
     </span>
    </p>
   </div>
   <div class='ocr_carea' id='block_1_60' title="bbox 2217 3004 3810 3081">
    <p class='ocr_par' dir='ltr' id='par_1_60' title="bbox 2217 3004 3810 3081">
     <span class='ocr_line' id='line_1_60' title="bbox 2217 3004 3810 3081; baseline 0.003 -22"><span class='ocrx_word' id='word_1_429' title='bbox 2217 3004 2572 3081; x_wconf 60' lang='lat' dir='ltr'><strong>Gaudentius,</strong></span> <span class='ocrx_word' id='word_1_430' title='bbox 2623 3011 2713 3081; x_wconf 86' lang='lat' dir='ltr'><strong>qu_i</strong></span> <span class='ocrx_word' id='word_1_431' title='bbox 2745 3011 2890 3081; x_wconf 86' lang='lat' dir='ltr'><strong>jacet</strong></span> <span class='ocrx_word' id='word_1_432' title='bbox 2933 3009 2985 3081; x_wconf 84' lang='lat' dir='ltr'><strong>in</strong></span> <span class='ocrx_word' id='word_1_433' title='bbox 3011 3009 3232 3081; x_wconf 76' lang='lat' dir='ltr'><strong>ecclesia</strong></span> <span class='ocrx_word' id='word_1_434' title='bbox 3260 3008 3323 3064; x_wconf 88' lang='lat' dir='ltr'><strong>S.</strong></span> <span class='ocrx_word' id='word_1_435' title='bbox 3366 3007 3593 3062; x_wconf 81' lang='lat' dir='ltr'><strong>Joannis</strong></span> <span class='ocrx_word' id='word_1_436' title='bbox 3617 3004 3810 3064; x_wconf 51' lang='lat' dir='ltr'><strong>del&#39;o&#39;ris</strong></span> 
     </span>
    </p>
   </div>
   <div class='ocr_carea' id='block_1_61' title="bbox 519 3075 3806 3162">
    <p class='ocr_par' dir='ltr' id='par_1_61' title="bbox 519 3075 3806 3162">
     <span class='ocr_line' id='line_1_61' title="bbox 519 3075 3806 3162; baseline 0.001 -30"><span class='ocrx_word' id='word_1_437' title='bbox 519 3075 662 3161; x_wconf 41' lang='lat' dir='ltr'><strong>cum.</strong></span> <span class='ocrx_word' id='word_1_438' title='bbox 687 3093 849 3149; x_wconf 88' lang='lat' dir='ltr'><strong>porro</strong></span> <span class='ocrx_word' id='word_1_439' title='bbox 879 3075 1074 3162; x_wconf 71' lang='lat' dir='ltr'><strong>statim</strong></span> <span class='ocrx_word' id='word_1_440' title='bbox 1118 3075 1542 3162; x_wconf 49' lang='grc' dir='ltr'><strong>(ιιιοιΙέιίιρι-ιιῐἶ</strong></span> <span class='ocrx_word' id='word_1_441' title='bbox 1592 3081 1694 3162; x_wconf 79' lang='lat' dir='ltr'><strong>hoc</strong></span> <span class='ocrx_word' id='word_1_442' title='bbox 1740 3078 1906 3162; x_wconf 72' lang='lat' dir='ltr'><strong>modo</strong></span> <span class='ocrx_word' id='word_1_443' title='bbox 1943 3076 2108 3162; x_wconf 69' lang='lat' dir='ltr'><strong>veluti</strong></span> <span class='ocrx_word' id='word_1_444' title='bbox 2141 3098 2188 3162; x_wconf 68' lang='grc' dir='ltr'><strong>ρ</strong></span> <span class='ocrx_word' id='word_1_445' title='bbox 2219 3075 2478 3161; x_wconf 81' lang='lat' dir='ltr'><strong>Brixiam.</strong></span> <span class='ocrx_word' id='word_1_446' title='bbox 2512 3075 2913 3162; x_wconf 42' lang='lat' dir='ltr'><strong>Iiwdﬁcélesia.</strong></span> <span class='ocrx_word' id='word_1_447' title='bbox 2935 3078 3133 3162; x_wconf 74' lang='lat' dir='ltr'><strong>videtur</strong></span> <span class='ocrx_word' id='word_1_448' title='bbox 3163 3082 3495 3162; x_wconf 39' lang='lat' dir='ltr'><strong>cadent-esse,</strong></span> <span class='ocrx_word' id='word_1_449' title='bbox 3530 3097 3650 3149; x_wconf 79' lang='lat' dir='ltr'><strong>qua:</strong></span> <span class='ocrx_word' id='word_1_450' title='bbox 3676 3083 3806 3136; x_wconf 86' lang='lat' dir='ltr'><strong>dicta</strong></span> 
     </span>
    </p>
   </div>
   <div class='ocr_carea' id='block_1_62' title="bbox 521 3148 2112 3224">
    <p class='ocr_par' dir='ltr' id='par_1_62' title="bbox 521 3148 2112 3224">
     <span class='ocr_line' id='line_1_62' title="bbox 521 3148 2112 3224; baseline -0.001 -22"><span class='ocrx_word' id='word_1_451' title='bbox 521 3148 779 3224; x_wconf 73' lang='lat' dir='ltr'><strong>corrigat,</strong></span> <span class='ocrx_word' id='word_1_452' title='bbox 801 3154 1089 3222; x_wconf 86' lang='lat' dir='ltr'><strong>quinimtno</strong></span> <span class='ocrx_word' id='word_1_453' title='bbox 1114 3148 1233 3206; x_wconf 81' lang='lat' dir='ltr'><strong>cum</strong></span> <span class='ocrx_word' id='word_1_454' title='bbox 1265 3152 1422 3207; x_wconf 90' lang='lat' dir='ltr'><strong>Petro</strong></span> <span class='ocrx_word' id='word_1_455' title='bbox 1447 3151 1670 3205; x_wconf 65' lang='lat' dir='ltr'><strong>caelestis</strong></span> <span class='ocrx_word' id='word_1_456' title='bbox 1692 3152 1836 3224; x_wconf 86' lang='lat' dir='ltr'><strong>regni</strong></span> <span class='ocrx_word' id='word_1_457' title='bbox 1860 3151 2025 3204; x_wconf 79' lang='lat' dir='ltr'><strong>claves</strong></span> <span class='ocrx_word' id='word_1_458' title='bbox 2049 3148 2112 3201; x_wconf 89' lang='lat' dir='ltr'><strong>ab</strong></span> 
     </span>
    </p>
   </div>
   <div class='ocr_carea' id='block_1_63' title="bbox 519 3219 2113 3295">
    <p class='ocr_par' dir='ltr' id='par_1_63' title="bbox 519 3219 2113 3295">
     <span class='ocr_line' id='line_1_63' title="bbox 519 3219 2113 3295; baseline 0 -21"><span class='ocrx_word' id='word_1_459' title='bbox 519 3221 632 3295; x_wconf 82' lang='lat' dir='ltr'><strong>ipso</strong></span> <span class='ocrx_word' id='word_1_460' title='bbox 661 3219 890 3278; x_wconf 88' lang='lat' dir='ltr'><strong>Domino</strong></span> <span class='ocrx_word' id='word_1_461' title='bbox 941 3225 1238 3295; x_wconf 88' lang='lat' dir='ltr'><strong>accipiunt,</strong></span> <span class='ocrx_word' id='word_1_462' title='bbox 1292 3232 1470 3292; x_wconf 85' lang='lat' dir='ltr'><strong>potest</strong></span> <span class='ocrx_word' id='word_1_463' title='bbox 1516 3234 1571 3278; x_wconf 89' lang='lat' dir='ltr'><strong>et</strong></span> <span class='ocrx_word' id='word_1_464' title='bbox 1616 3219 1780 3279; x_wconf 71' lang='lat' dir='ltr'><strong>lcetio</strong></span> <span class='ocrx_word' id='word_1_465' title='bbox 1826 3237 1974 3295; x_wconf 89' lang='lat' dir='ltr'><strong>mss._</strong></span> <span class='ocrx_word' id='word_1_466' title='bbox 2005 3235 2113 3295; x_wconf 83' lang='lat' dir='ltr'><strong>non</strong></span> 
     </span>
    </p>
   </div>
   <div class='ocr_carea' id='block_1_64' title="bbox 518 3292 2040 3364">
    <p class='ocr_par' dir='ltr' id='par_1_64' title="bbox 518 3292 2040 3364">
     <span class='ocr_line' id='line_1_64' title="bbox 518 3292 2040 3364; baseline -0.002 -17"><span class='ocrx_word' id='word_1_467' title='bbox 518 3292 845 3364; x_wconf 87' lang='lat' dir='ltr'><strong>improbari,</strong></span> <span class='ocrx_word' id='word_1_468' title='bbox 871 3292 1068 3364; x_wconf 86' lang='lat' dir='ltr'><strong>quibus</strong></span> <span class='ocrx_word' id='word_1_469' title='bbox 1100 3296 1310 3350; x_wconf 76' lang='lat' dir='ltr'><strong>accedit</strong></span> <span class='ocrx_word' id='word_1_470' title='bbox 1341 3297 1506 3351; x_wconf 88' lang='lat' dir='ltr'><strong>etiam</strong></span> <span class='ocrx_word' id='word_1_471' title='bbox 1535 3295 1659 3350; x_wconf 89' lang='lat' dir='ltr'><strong>cod.</strong></span> <span class='ocrx_word' id='word_1_472' title='bbox 1689 3292 2040 3363; x_wconf 84' lang='lat' dir='ltr'><strong>Pantagathi.</strong></span> 
     </span>
    </p>
   </div>
   <div class='ocr_carea' id='block_1_65' title="bbox 592 3363 2118 3439">
    <p class='ocr_par' dir='ltr' id='par_1_65' title="bbox 592 3363 2118 3439">
     <span class='ocr_line' id='line_1_65' title="bbox 592 3363 2118 3439; baseline -0.001 -19"><span class='ocrx_word' id='word_1_473' title='bbox 592 3363 620 3402; x_wconf 70' lang='grc' dir='ltr'>δ</span> <span class='ocrx_word' id='word_1_474' title='bbox 651 3366 783 3422; x_wconf 86' lang='lat' dir='ltr'><strong>Mss.</strong></span> <span class='ocrx_word' id='word_1_475' title='bbox 840 3363 1072 3436; x_wconf 85' lang='lat' dir='ltr'><strong>quatuor</strong></span> <span class='ocrx_word' id='word_1_476' title='bbox 1112 3368 1298 3433; x_wconf 88' lang='lat' dir='ltr'><strong>codd.,</strong></span> <span class='ocrx_word' id='word_1_477' title='bbox 1341 3384 1458 3421; x_wconf 88' lang='lat' dir='ltr'><strong>cum</strong></span> <span class='ocrx_word' id='word_1_478' title='bbox 1501 3367 1856 3439; x_wconf 80' lang='lat' dir='ltr'><strong>principibus,</strong></span> <span class='ocrx_word' id='word_1_479' title='bbox 1887 3381 2010 3439; x_wconf 64' lang='lat' dir='ltr'><strong>cunt</strong></span> <span class='ocrx_word' id='word_1_480' title='bbox 2036 3363 2118 3419; x_wconf 84' lang='lat' dir='ltr'><strong>Itis</strong></span> 
     </span>
    </p>
   </div>
   <div class='ocr_carea' id='block_1_66' title="bbox 518 3435 2118 3510">
    <p class='ocr_par' dir='ltr' id='par_1_66' title="bbox 518 3435 2118 3510">
     <span class='ocr_line' id='line_1_66' title="bbox 518 3435 2118 3510; baseline -0.001 -19"><span class='ocrx_word' id='word_1_481' title='bbox 518 3439 696 3510; x_wconf 82' lang='lat' dir='ltr'><strong>utique</strong></span> <span class='ocrx_word' id='word_1_482' title='bbox 745 3439 1070 3510; x_wconf 78' lang='lat' dir='ltr'><strong>principibus</strong></span> <span class='ocrx_word' id='word_1_483' title='bbox 1113 3440 1295 3507; x_wconf 88' lang='lat' dir='ltr'><strong>populi</strong></span> <span class='ocrx_word' id='word_1_484' title='bbox 1325 3441 1440 3506; x_wconf 86' lang='lat' dir='ltr'><strong>sui;</strong></span> <span class='ocrx_word' id='word_1_485' title='bbox 1471 3435 1615 3506; x_wconf 82' lang='lat' dir='ltr'><strong>quod</strong></span> <span class='ocrx_word' id='word_1_486' title='bbox 1649 3435 1884 3510; x_wconf 77' lang='lat' dir='ltr'><strong>fortasse</strong></span> <span class='ocrx_word' id='word_1_487' title='bbox 1914 3452 1943 3490; x_wconf 87' lang='lat' dir='ltr'><strong>a</strong></span> <span class='ocrx_word' id='word_1_488' title='bbox 1972 3435 2118 3510; x_wconf 75' lang='lat' dir='ltr'><strong>Gau-</strong></span> 
     </span>
    </p>
   </div>
   <div class='ocr_carea' id='block_1_67' title="bbox 519 3507 2114 3580">
    <p class='ocr_par' dir='ltr' id='par_1_67' title="bbox 519 3507 2114 3580">
     <span class='ocr_line' id='line_1_67' title="bbox 519 3507 2114 3580; baseline -0.001 -16"><span class='ocrx_word' id='word_1_489' title='bbox 519 3509 710 3564; x_wconf 89' lang='lat' dir='ltr'><strong>dentio</strong></span> <span class='ocrx_word' id='word_1_490' title='bbox 757 3507 965 3565; x_wconf 88' lang='lat' dir='ltr'><strong>dictum</strong></span> <span class='ocrx_word' id='word_1_491' title='bbox 997 3520 1110 3580; x_wconf 80' lang='lat' dir='ltr'><strong>est,</strong></span> <span class='ocrx_word' id='word_1_492' title='bbox 1145 3521 1201 3565; x_wconf 91' lang='lat' dir='ltr'><strong>ut</strong></span> <span class='ocrx_word' id='word_1_493' title='bbox 1247 3510 1665 3566; x_wconf 88' lang='lat' dir='ltr'><strong>circumstantes</strong></span> <span class='ocrx_word' id='word_1_494' title='bbox 1697 3509 1984 3577; x_wconf 84' lang='lat' dir='ltr'><strong>episcopos</strong></span> <span class='ocrx_word' id='word_1_495' title='bbox 2017 3507 2114 3562; x_wconf 81' lang='lat' dir='ltr'><strong>de-</strong></span> 
     </span>
    </p>
   </div>
   <div class='ocr_carea' id='block_1_68' title="bbox 519 3589 757 3636">
    <p class='ocr_par' dir='ltr' id='par_1_68' title="bbox 519 3589 757 3636">
     <span class='ocr_line' id='line_1_68' title="bbox 519 3589 757 3636; baseline 0 -1"><span class='ocrx_word' id='word_1_496' title='bbox 519 3589 757 3636; x_wconf 89' lang='lat' dir='ltr'><strong>notaret.</strong></span> 
     </span>
    </p>
   </div>
   <div class='ocr_carea' id='block_1_69' title="bbox 601 3649 2113 3726">
    <p class='ocr_par' dir='ltr' id='par_1_69' title="bbox 601 3649 2113 3726">
     <span class='ocr_line' id='line_1_69' title="bbox 601 3649 2113 3726; baseline -0.002 -21"><span class='ocrx_word' id='word_1_497' title='bbox 601 3663 622 3690; x_wconf 78' lang='grc' dir='ltr'><strong>ο</strong></span> <span class='ocrx_word' id='word_1_498' title='bbox 658 3651 803 3706; x_wconf 84' lang='lat' dir='ltr'><strong>Vatt.</strong></span> <span class='ocrx_word' id='word_1_499' title='bbox 831 3652 944 3708; x_wconf 84' lang='lat' dir='ltr'><strong>duo</strong></span> <span class='ocrx_word' id='word_1_500' title='bbox 958 3663 1013 3709; x_wconf 90' lang='lat' dir='ltr'><strong>et</strong></span> <span class='ocrx_word' id='word_1_501' title='bbox 1041 3653 1260 3720; x_wconf 91' lang='lat' dir='ltr'><strong>Urbin.,</strong></span> <span class='ocrx_word' id='word_1_502' title='bbox 1289 3653 1698 3726; x_wconf 81' lang='lat' dir='ltr'><strong>gubernaculum</strong></span> <span class='ocrx_word' id='word_1_503' title='bbox 1726 3649 2113 3707; x_wconf 88' lang='lat' dir='ltr'><strong>continendum.</strong></span> 
     </span>
    </p>
   </div>
   <div class='ocr_carea' id='block_1_70' title="bbox 523 3722 1800 3793">
    <p class='ocr_par' dir='ltr' id='par_1_70' title="bbox 523 3722 1800 3793">
     <span class='ocr_line' id='line_1_70' title="bbox 523 3722 1800 3793; baseline 0.002 -15"><span class='ocrx_word' id='word_1_504' title='bbox 523 3722 702 3792; x_wconf 90' lang='lat' dir='ltr'><strong>Flor.,</strong></span> <span class='ocrx_word' id='word_1_505' title='bbox 733 3726 1030 3793; x_wconf 84' lang='lat' dir='ltr'><strong>tenendum,</strong></span> <span class='ocrx_word' id='word_1_506' title='bbox 1061 3728 1135 3781; x_wconf 89' lang='lat' dir='ltr'><strong>uti</strong></span> <span class='ocrx_word' id='word_1_507' title='bbox 1172 3722 1335 3781; x_wconf 71' lang='lat' dir='ltr'><strong>etiam</strong></span> <span class='ocrx_word' id='word_1_508' title='bbox 1367 3739 1475 3781; x_wconf 92' lang='lat' dir='ltr'><strong>tres</strong></span> <span class='ocrx_word' id='word_1_509' title='bbox 1506 3724 1800 3780; x_wconf 88' lang='lat' dir='ltr'><strong>editiones.</strong></span> 
     </span>
    </p>
   </div>
   <div class='ocr_carea' id='block_1_71' title="bbox 596 3793 2116 3865">
    <p class='ocr_par' dir='ltr' id='par_1_71' title="bbox 596 3793 2116 3865">
     <span class='ocr_line' id='line_1_71' title="bbox 596 3793 2116 3865; baseline 0 -17"><span class='ocrx_word' id='word_1_510' title='bbox 596 3794 622 3830; x_wconf 75' lang='grc' dir='ltr'><em>ά</em></span> <span class='ocrx_word' id='word_1_511' title='bbox 651 3794 802 3859; x_wconf 82' lang='lat' dir='ltr'><strong>(Non</strong></span> <span class='ocrx_word' id='word_1_512' title='bbox 851 3801 960 3865; x_wconf 91' lang='lat' dir='ltr'><strong>sic,</strong></span> <span class='ocrx_word' id='word_1_513' title='bbox 1008 3807 1067 3852; x_wconf 89' lang='lat' dir='ltr'><strong>ut</strong></span> <span class='ocrx_word' id='word_1_514' title='bbox 1115 3797 1167 3852; x_wconf 93' lang='lat' dir='ltr'><strong>in</strong></span> <span class='ocrx_word' id='word_1_515' title='bbox 1219 3800 1433 3852; x_wconf 66' lang='lat' dir='ltr'><strong>caeteris</strong></span> <span class='ocrx_word' id='word_1_516' title='bbox 1470 3797 1677 3862; x_wconf 90' lang='lat' dir='ltr'><strong>titulis,</strong></span> <span class='ocrx_word' id='word_1_517' title='bbox 1712 3793 2033 3850; x_wconf 85' lang='lat' dir='ltr'><strong>inscribitur</strong></span> <span class='ocrx_word' id='word_1_518' title='bbox 2062 3793 2116 3848; x_wconf 90' lang='lat' dir='ltr'><strong>in</strong></span> 
     </span>
    </p>
   </div>
   <div class='ocr_carea' id='block_1_72' title="bbox 522 3865 2116 3937">
    <p class='ocr_par' dir='ltr' id='par_1_72' title="bbox 522 3865 2116 3937">
     <span class='ocr_line' id='line_1_72' title="bbox 522 3865 2116 3937; baseline -0.003 -15"><span class='ocrx_word' id='word_1_519' title='bbox 522 3866 714 3922; x_wconf 90' lang='lat' dir='ltr'><strong>codice</strong></span> <span class='ocrx_word' id='word_1_520' title='bbox 737 3865 988 3923; x_wconf 88' lang='lat' dir='ltr'><strong>Galeardi</strong></span> <span class='ocrx_word' id='word_1_521' title='bbox 1023 3887 1036 3922; x_wconf 90' lang='lat'><strong>:</strong></span> <span class='ocrx_word' id='word_1_522' title='bbox 1072 3870 1157 3924; x_wconf 89' lang='lat' dir='ltr'><strong>hic</strong></span> <span class='ocrx_word' id='word_1_523' title='bbox 1199 3873 1344 3924; x_wconf 90' lang='lat' dir='ltr'><strong>enim</strong></span> <span class='ocrx_word' id='word_1_524' title='bbox 1379 3869 1543 3923; x_wconf 86' lang='lat' dir='ltr'><strong>habet</strong></span> <span class='ocrx_word' id='word_1_525' title='bbox 1572 3867 1849 3922; x_wconf 86' lang='lat' dir='ltr'><strong>Tractatus</strong></span> <span class='ocrx_word' id='word_1_526' title='bbox 1888 3865 2116 3937; x_wconf 79' lang='lat' dir='ltr'><strong>ejusdem</strong></span> 
     </span>
    </p>
   </div>
   <div class='ocr_carea' id='block_1_73' title="bbox 522 3940 2117 4010">
    <p class='ocr_par' dir='ltr' id='par_1_73' title="bbox 522 3940 2117 4010">
     <span class='ocr_line' id='line_1_73' title="bbox 522 3940 2117 4010; baseline -0.001 -17"><span class='ocrx_word' id='word_1_527' title='bbox 522 3949 764 4010; x_wconf 69' lang='lat' dir='ltr'><strong>exceptus</strong></span> <span class='ocrx_word' id='word_1_528' title='bbox 804 3941 886 3994; x_wconf 87' lang='lat' dir='ltr'><strong>die</strong></span> <span class='ocrx_word' id='word_1_529' title='bbox 923 3940 1263 3995; x_wconf 79' lang='lat' dir='ltr'><strong>dedicationis</strong></span> <span class='ocrx_word' id='word_1_530' title='bbox 1311 3942 1540 3995; x_wconf 78' lang='lat' dir='ltr'><strong>basilica:</strong></span> <span class='ocrx_word' id='word_1_531' title='bbox 1583 3940 1790 3994; x_wconf 87' lang='lat' dir='ltr'><strong>concilii</strong></span> <span class='ocrx_word' id='word_1_532' title='bbox 1821 3951 2117 3993; x_wconf 85' lang='lat' dir='ltr'><strong>sanctorum</strong></span> 
     </span>
    </p>
   </div>
   <div class='ocr_carea' id='block_1_74' title="bbox 521 4011 2116 4083">
    <p class='ocr_par' dir='ltr' id='par_1_74' title="bbox 521 4011 2116 4083">
     <span class='ocr_line' id='line_1_74' title="bbox 521 4011 2116 4083; baseline 0.001 -20"><span class='ocrx_word' id='word_1_533' title='bbox 521 4011 748 4083; x_wconf 76' lang='lat' dir='ltr'><strong>incipit,</strong></span> <span class='ocrx_word' id='word_1_534' title='bbox 782 4012 1070 4083; x_wconf 88' lang='lat' dir='ltr'><strong>subditque</strong></span> <span class='ocrx_word' id='word_1_535' title='bbox 1120 4025 1303 4067; x_wconf 83' lang='lat' dir='ltr'><strong>natam</strong></span> <span class='ocrx_word' id='word_1_536' title='bbox 1350 4013 1716 4082; x_wconf 81' lang='lat' dir='ltr'><strong>sequentem).</strong></span> <span class='ocrx_word' id='word_1_537' title='bbox 1751 4011 2116 4083; x_wconf 70' lang='lat' dir='ltr'><strong>Praeclarissi-</strong></span> 
     </span>
    </p>
   </div>
   <div class='ocr_carea' id='block_1_75' title="bbox 526 4082 2116 4153">
    <p class='ocr_par' dir='ltr' id='par_1_75' title="bbox 526 4082 2116 4153">
     <span class='ocr_line' id='line_1_75' title="bbox 526 4082 2116 4153; baseline 0.001 -19"><span class='ocrx_word' id='word_1_538' title='bbox 526 4097 646 4136; x_wconf 90' lang='lat' dir='ltr'><strong>tuus</strong></span> <span class='ocrx_word' id='word_1_539' title='bbox 700 4082 784 4137; x_wconf 89' lang='lat' dir='ltr'><strong>vir</strong></span> <span class='ocrx_word' id='word_1_540' title='bbox 839 4083 1064 4141; x_wconf 83' lang='lat' dir='ltr'><strong>Carolus</strong></span> <span class='ocrx_word' id='word_1_541' title='bbox 1119 4085 1401 4153; x_wconf 83' lang='lat' dir='ltr'><strong>Majellus,</strong></span> <span class='ocrx_word' id='word_1_542' title='bbox 1459 4083 1808 4139; x_wconf 69' lang='lat' dir='ltr'><strong>Bibliotheca:</strong></span> <span class='ocrx_word' id='word_1_543' title='bbox 1842 4082 2116 4137; x_wconf 67' lang='lat' dir='ltr'><strong>Vaticana:</strong></span> 
     </span>
    </p>
   </div>
   <div class='ocr_carea' id='block_1_76' title="bbox 527 4153 2112 4225">
    <p class='ocr_par' dir='ltr' id='par_1_76' title="bbox 527 4153 2112 4225">
     <span class='ocr_line' id='line_1_76' title="bbox 527 4153 2112 4225; baseline 0 -19"><span class='ocrx_word' id='word_1_544' title='bbox 527 4155 844 4223; x_wconf 69' lang='lat' dir='ltr'><strong>praefectus.</strong></span> <span class='ocrx_word' id='word_1_545' title='bbox 894 4157 978 4210; x_wconf 91' lang='lat' dir='ltr'><strong>cui</strong></span> <span class='ocrx_word' id='word_1_546' title='bbox 1025 4157 1192 4211; x_wconf 88' lang='lat' dir='ltr'><strong>editio</strong></span> <span class='ocrx_word' id='word_1_547' title='bbox 1227 4157 1343 4210; x_wconf 71' lang='lat' dir='ltr'><strong>haec</strong></span> <span class='ocrx_word' id='word_1_548' title='bbox 1377 4166 1558 4210; x_wconf 90' lang='lat' dir='ltr'><strong>nostra</strong></span> <span class='ocrx_word' id='word_1_549' title='bbox 1595 4155 1885 4225; x_wconf 84' lang='lat' dir='ltr'><strong>plurimum</strong></span> <span class='ocrx_word' id='word_1_550' title='bbox 1919 4153 2112 4224; x_wconf 81' lang='lat' dir='ltr'><strong>debet;</strong></span> 
     </span>
    </p>
   </div>
   <div class='ocr_carea' id='block_1_77' title="bbox 521 4226 2115 4298">
    <p class='ocr_par' dir='ltr' id='par_1_77' title="bbox 521 4226 2115 4298">
     <span class='ocr_line' id='line_1_77' title="bbox 521 4226 2115 4298; baseline 0.001 -19"><span class='ocrx_word' id='word_1_551' title='bbox 521 4226 697 4298; x_wconf 83' lang='lat' dir='ltr'><strong>amice</strong></span> <span class='ocrx_word' id='word_1_552' title='bbox 749 4227 995 4288; x_wconf 89' lang='lat' dir='ltr'><strong>monuit.</strong></span> <span class='ocrx_word' id='word_1_553' title='bbox 1046 4229 1191 4284; x_wconf 87' lang='lat' dir='ltr'><strong>hanc</strong></span> <span class='ocrx_word' id='word_1_554' title='bbox 1241 4243 1365 4282; x_wconf 86' lang='lat' dir='ltr'><strong>esse</strong></span> <span class='ocrx_word' id='word_1_555' title='bbox 1412 4230 1705 4298; x_wconf 88' lang='lat' dir='ltr'><strong>genuinam</strong></span> <span class='ocrx_word' id='word_1_556' title='bbox 1763 4226 2115 4298; x_wconf 17' lang='lat' dir='ltr'><strong>tiluliiltujus</strong></span> 
     </span>
    </p>
   </div>
   <div class='ocr_carea' id='block_1_78' title="bbox 524 4296 2111 4370">
    <p class='ocr_par' dir='ltr' id='par_1_78' title="bbox 524 4296 2111 4370">
     <span class='ocr_line' id='line_1_78' title="bbox 524 4296 2111 4370; baseline -0.001 -18"><span class='ocrx_word' id='word_1_557' title='bbox 524 4296 836 4370; x_wconf 75' lang='lat' dir='ltr'><strong>lectionem,</strong></span> <span class='ocrx_word' id='word_1_558' title='bbox 865 4315 986 4370; x_wconf 72' lang='lat' dir='ltr'><strong>qua:</strong></span> <span class='ocrx_word' id='word_1_559' title='bbox 1017 4301 1068 4355; x_wconf 92' lang='lat' dir='ltr'><strong>in</strong></span> <span class='ocrx_word' id='word_1_560' title='bbox 1103 4299 1376 4354; x_wconf 87' lang='lat' dir='ltr'><strong>Vaticanis</strong></span> <span class='ocrx_word' id='word_1_561' title='bbox 1401 4296 1561 4357; x_wconf 77' lang='lat' dir='ltr'><strong>codd.</strong></span> <span class='ocrx_word' id='word_1_562' title='bbox 1595 4311 1649 4356; x_wconf 90' lang='lat' dir='ltr'><strong>et</strong></span> <span class='ocrx_word' id='word_1_563' title='bbox 1679 4298 1812 4354; x_wconf 87' lang='lat' dir='ltr'><strong>Urb.</strong></span> <span class='ocrx_word' id='word_1_564' title='bbox 1846 4297 2111 4370; x_wconf 78' lang='lat' dir='ltr'><strong>habetur;</strong></span> 
     </span>
    </p>
   </div>
   <div class='ocr_carea' id='block_1_79' title="bbox 524 4367 2112 4440">
    <p class='ocr_par' dir='ltr' id='par_1_79' title="bbox 524 4367 2112 4440">
     <span class='ocr_line' id='line_1_79' title="bbox 524 4367 2112 4440; baseline -0.001 -16"><span class='ocrx_word' id='word_1_565' title='bbox 524 4368 755 4439; x_wconf 88' lang='lat' dir='ltr'><strong>ideoque</strong></span> <span class='ocrx_word' id='word_1_566' title='bbox 786 4367 947 4425; x_wconf 68' lang='lat' dir='ltr'><strong>editae</strong></span> <span class='ocrx_word' id='word_1_567' title='bbox 979 4372 1396 4440; x_wconf 60' lang='lat' dir='ltr'><strong>praeferendam,</strong></span> <span class='ocrx_word' id='word_1_568' title='bbox 1427 4388 1548 4440; x_wconf 67' lang='lat' dir='ltr'><strong>quae</strong></span> <span class='ocrx_word' id='word_1_569' title='bbox 1577 4372 1737 4425; x_wconf 86' lang='lat' dir='ltr'><strong>habet</strong></span> <span class='ocrx_word' id='word_1_570' title='bbox 1771 4370 1865 4422; x_wconf 83' lang='lat' dir='ltr'><strong>Die</strong></span> <span class='ocrx_word' id='word_1_571' title='bbox 1897 4367 2112 4423; x_wconf 88' lang='lat' dir='ltr'><strong>dedica-</strong></span> 
     </span>
    </p>
   </div>
   <div class='ocr_carea' id='block_1_80' title="bbox 523 4441 2104 4514">
    <p class='ocr_par' dir='ltr' id='par_1_80' title="bbox 523 4441 2104 4514">
     <span class='ocr_line' id='line_1_80' title="bbox 523 4441 2104 4514; baseline 0.001 -22"><span class='ocrx_word' id='word_1_572' title='bbox 523 4441 680 4514; x_wconf 58' lang='lat' dir='ltr'><strong>tionis</strong></span> <span class='ocrx_word' id='word_1_573' title='bbox 739 4442 966 4496; x_wconf 73' lang='lat' dir='ltr'><strong>basilica:</strong></span> <span class='ocrx_word' id='word_1_574' title='bbox 1017 4445 1330 4499; x_wconf 87' lang='lat' dir='ltr'><strong>Sanctorum</strong></span> <span class='ocrx_word' id='word_1_575' title='bbox 1382 4445 1734 4514; x_wconf 84' lang='lat' dir='ltr'><strong>quadraginta</strong></span> <span class='ocrx_word' id='word_1_576' title='bbox 1797 4451 2104 4514; x_wconf 79' lang='lat' dir='ltr'><strong>martyrum.</strong></span> 
     </span>
    </p>
   </div>
   <div class='ocr_carea' id='block_1_81' title="bbox 523 4509 2110 4583">
    <p class='ocr_par' dir='ltr' id='par_1_81' title="bbox 523 4509 2110 4583">
     <span class='ocr_line' id='line_1_81' title="bbox 523 4509 2110 4583; baseline -0.001 -18"><span class='ocrx_word' id='word_1_577' title='bbox 523 4509 685 4566; x_wconf 87' lang='lat' dir='ltr'><strong>Parui</strong></span> <span class='ocrx_word' id='word_1_578' title='bbox 732 4514 923 4568; x_wconf 87' lang='lat' dir='ltr'><strong>lubens</strong></span> <span class='ocrx_word' id='word_1_579' title='bbox 964 4529 1028 4570; x_wconf 91' lang='lat' dir='ltr'><strong>ac</strong></span> <span class='ocrx_word' id='word_1_580' title='bbox 1075 4517 1264 4571; x_wconf 89' lang='lat' dir='ltr'><strong>volens</strong></span> <span class='ocrx_word' id='word_1_581' title='bbox 1323 4509 1523 4583; x_wconf 75' lang='lat' dir='ltr'><strong>pl.icito</strong></span> <span class='ocrx_word' id='word_1_582' title='bbox 1566 4509 1940 4583; x_wconf 69' lang='lat' dir='ltr'><strong>eruditissimi</strong></span> <span class='ocrx_word' id='word_1_583' title='bbox 1979 4513 2110 4578; x_wconf 88' lang='lat' dir='ltr'><strong>viri;</strong></span> 
     </span>
    </p>
   </div>
   <div class='ocr_carea' id='block_1_82' title="bbox 524 4582 2116 4656">
    <p class='ocr_par' dir='ltr' id='par_1_82' title="bbox 524 4582 2116 4656">
     <span class='ocr_line' id='line_1_82' title="bbox 524 4582 2116 4656; baseline -0.001 -19"><span class='ocrx_word' id='word_1_584' title='bbox 524 4597 701 4656; x_wconf 76' lang='lat' dir='ltr'><strong>cuque</strong></span> <span class='ocrx_word' id='word_1_585' title='bbox 755 4583 1057 4653; x_wconf 89' lang='lat' dir='ltr'><strong>lubentius,</strong></span> <span class='ocrx_word' id='word_1_586' title='bbox 1111 4587 1253 4656; x_wconf 91' lang='lat' dir='ltr'><strong>quod</strong></span> <span class='ocrx_word' id='word_1_587' title='bbox 1313 4582 1450 4640; x_wconf 85' lang='lat' dir='ltr'><strong>banc</strong></span> <span class='ocrx_word' id='word_1_588' title='bbox 1508 4586 1757 4641; x_wconf 89' lang='lat' dir='ltr'><strong>eamdem</strong></span> <span class='ocrx_word' id='word_1_589' title='bbox 1821 4582 2116 4656; x_wconf 81' lang='lat' dir='ltr'><strong>lectionem</strong></span> 
     </span>
    </p>
   </div>
   <div class='ocr_carea' id='block_1_83' title="bbox 523 4653 2117 4714">
    <p class='ocr_par' dir='ltr' id='par_1_83' title="bbox 523 4653 2117 4714">
     <span class='ocr_line' id='line_1_83' title="bbox 523 4653 2117 4714; baseline 0.001 -7"><span class='ocrx_word' id='word_1_590' title='bbox 523 4653 752 4710; x_wconf 62' lang='lat' dir='ltr'><strong>basilica!</strong></span> <span class='ocrx_word' id='word_1_591' title='bbox 797 4656 1003 4711; x_wconf 89' lang='lat' dir='ltr'><strong>concilii</strong></span> <span class='ocrx_word' id='word_1_592' title='bbox 1067 4653 1375 4714; x_wconf 80' lang='lat' dir='ltr'><strong>sanctorum</strong></span> <span class='ocrx_word' id='word_1_593' title='bbox 1424 4660 1800 4712; x_wconf 84' lang='lat' dir='ltr'><strong>conﬁrmatam</strong></span> <span class='ocrx_word' id='word_1_594' title='bbox 1857 4653 2039 4708; x_wconf 87' lang='lat' dir='ltr'><strong>inveni</strong></span> <span class='ocrx_word' id='word_1_595' title='bbox 2087 4669 2117 4708; x_wconf 87' lang='lat' dir='ltr'><strong>a</strong></span> 
     </span>
    </p>
   </div>
   <div class='ocr_carea' id='block_1_84' title="bbox 524 4724 2115 4800">
    <p class='ocr_par' dir='ltr' id='par_1_84' title="bbox 524 4724 2115 4800">
     <span class='ocr_line' id='line_1_84' title="bbox 524 4724 2115 4800; baseline 0 -21"><span class='ocrx_word' id='word_1_596' title='bbox 524 4724 675 4800; x_wconf 73' lang='lat' dir='ltr'><strong>Flor.</strong></span> <span class='ocrx_word' id='word_1_597' title='bbox 726 4729 888 4792; x_wconf 89' lang='lat' dir='ltr'><strong>cod.,</strong></span> <span class='ocrx_word' id='word_1_598' title='bbox 934 4744 1164 4800; x_wconf 88' lang='lat' dir='ltr'><strong>eantque</strong></span> <span class='ocrx_word' id='word_1_599' title='bbox 1216 4729 1440 4783; x_wconf 90' lang='lat' dir='ltr'><strong>omnino</strong></span> <span class='ocrx_word' id='word_1_600' title='bbox 1491 4744 1612 4784; x_wconf 87' lang='lat' dir='ltr'><strong>esse</strong></span> <span class='ocrx_word' id='word_1_601' title='bbox 1670 4740 1857 4800; x_wconf 80' lang='lat' dir='ltr'><strong>veram</strong></span> <span class='ocrx_word' id='word_1_602' title='bbox 1911 4740 1988 4800; x_wconf 77' lang='lat' dir='ltr'><strong>ac</strong></span> <span class='ocrx_word' id='word_1_603' title='bbox 2036 4726 2115 4780; x_wconf 92' lang='lat' dir='ltr'><strong>le-</strong></span> 
     </span>
    </p>
   </div>
   <div class='ocr_carea' id='block_1_85' title="bbox 523 4796 2118 4870">
    <p class='ocr_par' dir='ltr' id='par_1_85' title="bbox 523 4796 2118 4870">
     <span class='ocr_line' id='line_1_85' title="bbox 523 4796 2118 4870; baseline 0.001 -19"><span class='ocrx_word' id='word_1_604' title='bbox 523 4796 768 4870; x_wconf 83' lang='lat' dir='ltr'><strong>gitimam</strong></span> <span class='ocrx_word' id='word_1_605' title='bbox 825 4796 1168 4855; x_wconf 78' lang='lat' dir='ltr'><strong>sermonibus</strong></span> <span class='ocrx_word' id='word_1_606' title='bbox 1230 4800 1389 4868; x_wconf 84' lang='lat' dir='ltr'><strong>hujus</strong></span> <span class='ocrx_word' id='word_1_607' title='bbox 1449 4799 1894 4870; x_wconf 87' lang='lat' dir='ltr'><strong>inscriptionem,</strong></span> <span class='ocrx_word' id='word_1_608' title='bbox 1957 4796 2118 4870; x_wconf 72' lang='lat' dir='ltr'><strong>docet</strong></span> 
     </span>
    </p>
   </div>
   <div class='ocr_carea' id='block_1_86' title="bbox 526 4867 2117 4933">
    <p class='ocr_par' dir='ltr' id='par_1_86' title="bbox 526 4867 2117 4933">
     <span class='ocr_line' id='line_1_86' title="bbox 526 4867 2117 4933; baseline -0.001 -10"><span class='ocrx_word' id='word_1_609' title='bbox 526 4867 787 4924; x_wconf 87' lang='lat' dir='ltr'><strong>idetnmet</strong></span> <span class='ocrx_word' id='word_1_610' title='bbox 815 4871 1155 4926; x_wconf 84' lang='lat' dir='ltr'><strong>Gaudentius</strong></span> <span class='ocrx_word' id='word_1_611' title='bbox 1186 4867 1559 4927; x_wconf 20' lang='lat' dir='ltr'><strong>hoc’tractatu</strong></span> <span class='ocrx_word' id='word_1_612' title='bbox 1579 4914 1592 4933; x_wconf 86' lang='lat'><strong>,</strong></span> <span class='ocrx_word' id='word_1_613' title='bbox 1622 4867 1712 4925; x_wconf 49' lang='lat' dir='ltr'><strong>&#39;ad</strong></span> <span class='ocrx_word' id='word_1_614' title='bbox 1766 4869 1859 4922; x_wconf 82' lang='lat' dir='ltr'><strong>litt.</strong></span> <span class='ocrx_word' id='word_1_615' title='bbox 1905 4885 1918 4921; x_wconf 72' lang='grc' dir='ltr'>ε</span> <span class='ocrx_word' id='word_1_616' title='bbox 1959 4867 2117 4921; x_wconf 87' lang='lat' dir='ltr'><strong>Hanc</strong></span> 
     </span>
    </p>
   </div>
   <div class='ocr_carea' id='block_1_87' title="bbox 526 4939 2112 5014">
    <p class='ocr_par' dir='ltr' id='par_1_87' title="bbox 526 4939 2112 5014">
     <span class='ocr_line' id='line_1_87' title="bbox 526 4939 2112 5014; baseline 0 -20"><span class='ocrx_word' id='word_1_617' title='bbox 526 4941 693 5014; x_wconf 85' lang='lat' dir='ltr'><strong>ipsam</strong></span> <span class='ocrx_word' id='word_1_618' title='bbox 720 4941 986 4996; x_wconf 84' lang='lat' dir='ltr'><strong>basilicam</strong></span> <span class='ocrx_word' id='word_1_619' title='bbox 1020 4959 1198 4996; x_wconf 88' lang='lat' dir='ltr'><strong>eorum</strong></span> <span class='ocrx_word' id='word_1_620' title='bbox 1224 4944 1419 4996; x_wconf 88' lang='lat' dir='ltr'><strong>meritis</strong></span> <span class='ocrx_word' id='word_1_621' title='bbox 1447 4945 1738 4998; x_wconf 87' lang='lat' dir='ltr'><strong>dedicatam</strong></span> <span class='ocrx_word' id='word_1_622' title='bbox 1759 4983 1772 5004; x_wconf 93' lang='lat'><strong>,</strong></span> <span class='ocrx_word' id='word_1_623' title='bbox 1821 4939 2112 4996; x_wconf 79' lang='lat' dir='ltr'><strong>concilium</strong></span> 
     </span>
    </p>
   </div>
   <div class='ocr_carea' id='block_1_88' title="bbox 531 5014 1823 5086">
    <p class='ocr_par' dir='ltr' id='par_1_88' title="bbox 531 5014 1823 5086">
     <span class='ocr_line' id='line_1_88' title="bbox 531 5014 1823 5086; baseline -0.002 -17"><span class='ocrx_word' id='word_1_624' title='bbox 531 5014 852 5086; x_wconf 76' lang='lat' dir='ltr'><strong>Sanctorum</strong></span> <span class='ocrx_word' id='word_1_625' title='bbox 886 5016 1178 5086; x_wconf 86' lang='lat' dir='ltr'><strong>nuncupari</strong></span> <span class='ocrx_word' id='word_1_626' title='bbox 1209 5024 1449 5081; x_wconf 85' lang='lat' dir='ltr'><strong>oportere</strong></span> <span class='ocrx_word' id='word_1_627' title='bbox 1475 5016 1823 5086; x_wconf 68' lang='lat' dir='ltr'><strong>decernimus.</strong></span> 
     </span>
    </p>
   </div>
   <div class='ocr_carea' id='block_1_89' title="bbox 603 5083 2107 5154">
    <p class='ocr_par' dir='ltr' id='par_1_89' title="bbox 603 5083 2107 5154">
     <span class='ocr_line' id='line_1_89' title="bbox 603 5083 2107 5154; baseline 0 -16"><span class='ocrx_word' id='word_1_628' title='bbox 603 5097 626 5122; x_wconf 68' lang='grc' dir='ltr'><strong>υ</strong></span> <span class='ocrx_word' id='word_1_629' title='bbox 659 5084 892 5138; x_wconf 81' lang='lat' dir='ltr'><strong>Concilio</strong></span> <span class='ocrx_word' id='word_1_630' title='bbox 953 5083 1295 5154; x_wconf 76' lang='lat' dir='ltr'><strong>Sanctorum,</strong></span> <span class='ocrx_word' id='word_1_631' title='bbox 1356 5102 1451 5142; x_wconf 87' lang='lat' dir='ltr'><strong>seu</strong></span> <span class='ocrx_word' id='word_1_632' title='bbox 1498 5087 1733 5144; x_wconf 86' lang='lat' dir='ltr'><strong>Concilia</strong></span> <span class='ocrx_word' id='word_1_633' title='bbox 1785 5083 2107 5154; x_wconf 86' lang='lat' dir='ltr'><strong>Martyrum,</strong></span> 
     </span>
    </p>
   </div>
   <div class='ocr_carea' id='block_1_90' title="bbox 527 5156 2109 5229">
    <p class='ocr_par' dir='ltr' id='par_1_90' title="bbox 527 5156 2109 5229">
     <span class='ocr_line' id='line_1_90' title="bbox 527 5156 2109 5229; baseline -0.001 -17"><span class='ocrx_word' id='word_1_634' title='bbox 527 5156 670 5212; x_wconf 88' lang='lat' dir='ltr'><strong>dicta</strong></span> <span class='ocrx_word' id='word_1_635' title='bbox 700 5159 849 5212; x_wconf 82' lang='lat' dir='ltr'><strong>luere</strong></span> <span class='ocrx_word' id='word_1_636' title='bbox 894 5158 1132 5229; x_wconf 62' lang='lat' dir='ltr'><strong>locasilla</strong></span> <span class='ocrx_word' id='word_1_637' title='bbox 1172 5161 1224 5214; x_wconf 93' lang='lat' dir='ltr'><strong>in</strong></span> <span class='ocrx_word' id='word_1_638' title='bbox 1257 5159 1451 5229; x_wconf 90' lang='lat' dir='ltr'><strong>quibus</strong></span> <span class='ocrx_word' id='word_1_639' title='bbox 1482 5162 1780 5214; x_wconf 78' lang='lat' dir='ltr'><strong>mulierum</strong></span> <span class='ocrx_word' id='word_1_640' title='bbox 1811 5165 2109 5229; x_wconf 84' lang='lat' dir='ltr'><strong>tna_rtyrum</strong></span> 
     </span>
    </p>
   </div>
   <div class='ocr_carea' id='block_1_91' title="bbox 525 5226 2108 5300">
    <p class='ocr_par' dir='ltr' id='par_1_91' title="bbox 525 5226 2108 5300">
     <span class='ocr_line' id='line_1_91' title="bbox 525 5226 2108 5300; baseline 0.001 -18"><span class='ocrx_word' id='word_1_641' title='bbox 525 5243 755 5300; x_wconf 88' lang='lat' dir='ltr'><strong>corpora</strong></span> <span class='ocrx_word' id='word_1_642' title='bbox 783 5226 1239 5300; x_wconf 79' lang='lat' dir='ltr'><strong>requiescebant;</strong></span> <span class='ocrx_word' id='word_1_643' title='bbox 1274 5226 1352 5286; x_wconf 85' lang='lat' dir='ltr'><strong>uti</strong></span> <span class='ocrx_word' id='word_1_644' title='bbox 1376 5246 1441 5285; x_wconf 78' lang='lat' dir='ltr'><strong>ex</strong></span> <span class='ocrx_word' id='word_1_645' title='bbox 1461 5233 1678 5287; x_wconf 86' lang='lat' dir='ltr'><strong>Molano</strong></span> <span class='ocrx_word' id='word_1_646' title='bbox 1702 5226 2108 5300; x_wconf 54' lang='lat' dir='ltr'><strong>traditBaqin”</strong></span> 
     </span>
    </p>
   </div>
   <div class='ocr_carea' id='block_1_92' title="bbox 523 5296 2109 5373">
    <p class='ocr_par' dir='ltr' id='par_1_92' title="bbox 523 5296 2109 5373">
     <span class='ocr_line' id='line_1_92' title="bbox 523 5296 2109 5373; baseline -0.004 -18"><span class='ocrx_word' id='word_1_647' title='bbox 523 5299 578 5373; x_wconf 87' lang='lat' dir='ltr'><strong>in</strong></span> <span class='ocrx_word' id='word_1_648' title='bbox 613 5296 728 5356; x_wconf 84' lang='lat' dir='ltr'><strong>not.</strong></span> <span class='ocrx_word' id='word_1_649' title='bbox 754 5303 818 5356; x_wconf 89' lang='lat' dir='ltr'><strong>ad</strong></span> <span class='ocrx_word' id='word_1_650' title='bbox 848 5296 1095 5372; x_wconf 76' lang='lat' dir='ltr'><strong>Martyr.,</strong></span> <span class='ocrx_word' id='word_1_651' title='bbox 1124 5303 1194 5358; x_wconf 75' lang='lat'><strong>9.5</strong></span> <span class='ocrx_word' id='word_1_652' title='bbox 1219 5304 1386 5371; x_wconf 83' lang='lat' dir='ltr'><strong>Junii,</strong></span> <span class='ocrx_word' id='word_1_653' title='bbox 1416 5319 1523 5373; x_wconf 90' lang='lat' dir='ltr'><strong>quo</strong></span> <span class='ocrx_word' id='word_1_654' title='bbox 1553 5304 1605 5356; x_wconf 93' lang='lat' dir='ltr'><strong>in</strong></span> <span class='ocrx_word' id='word_1_655' title='bbox 1637 5304 1756 5352; x_wconf 92' lang='lat' dir='ltr'><strong>loco</strong></span> <span class='ocrx_word' id='word_1_656' title='bbox 1788 5297 1931 5351; x_wconf 89' lang='lat' dir='ltr'><strong>ltunc</strong></span> <span class='ocrx_word' id='word_1_657' title='bbox 1962 5296 2109 5373; x_wconf 78' lang='lat' dir='ltr'><strong>Gau-</strong></span> 
     </span>
    </p>
   </div>
   <div class='ocr_carea' id='block_1_93' title="bbox 527 5370 2112 5441">
    <p class='ocr_par' dir='ltr' id='par_1_93' title="bbox 527 5370 2112 5441">
     <span class='ocr_line' id='line_1_93' title="bbox 527 5370 2112 5441; baseline -0.001 -15"><span class='ocrx_word' id='word_1_658' title='bbox 527 5372 700 5427; x_wconf 90' lang='lat' dir='ltr'><strong>dentii</strong></span> <span class='ocrx_word' id='word_1_659' title='bbox 749 5370 1035 5428; x_wconf 75' lang='lat' dir='ltr'><strong>tracuituin</strong></span> <span class='ocrx_word' id='word_1_660' title='bbox 1085 5370 1286 5430; x_wconf 87' lang='lat' dir='ltr'><strong>laudat.</strong></span> <span class='ocrx_word' id='word_1_661' title='bbox 1326 5370 1585 5441; x_wconf 76' lang='lat' dir='ltr'><strong>Turpiter</strong></span> <span class='ocrx_word' id='word_1_662' title='bbox 1631 5381 1812 5425; x_wconf 89' lang='lat' dir='ltr'><strong>autem</strong></span> <span class='ocrx_word' id='word_1_663' title='bbox 1856 5385 1916 5423; x_wconf 85' lang='lat' dir='ltr'><strong>se</strong></span> <span class='ocrx_word' id='word_1_664' title='bbox 1963 5370 2112 5424; x_wconf 85' lang='lat' dir='ltr'><strong>dedit</strong></span> 
     </span>
    </p>
   </div>
   <div class='ocr_carea' id='block_1_94' title="bbox 524 5441 2104 5516">
    <p class='ocr_par' dir='ltr' id='par_1_94' title="bbox 524 5441 2104 5516">
     <span class='ocr_line' id='line_1_94' title="bbox 524 5441 2104 5516; baseline -0.002 -18"><span class='ocrx_word' id='word_1_665' title='bbox 524 5443 783 5516; x_wconf 77' lang='lat' dir='ltr'><strong>Qctavius</strong></span> <span class='ocrx_word' id='word_1_666' title='bbox 815 5445 1032 5500; x_wconf 81' lang='lat' dir='ltr'><strong>Rubens</strong></span> <span class='ocrx_word' id='word_1_667' title='bbox 1062 5447 1341 5516; x_wconf 86' lang='lat' dir='ltr'><strong>popularis</strong></span> <span class='ocrx_word' id='word_1_668' title='bbox 1385 5455 1592 5516; x_wconf 73' lang='lat' dir='ltr'><strong>noster,</strong></span> <span class='ocrx_word' id='word_1_669' title='bbox 1625 5442 1715 5512; x_wconf 89' lang='lat' dir='ltr'><strong>qui</strong></span> <span class='ocrx_word' id='word_1_670' title='bbox 1765 5443 1814 5494; x_wconf 90' lang='lat' dir='ltr'><strong>in</strong></span> <span class='ocrx_word' id='word_1_671' title='bbox 1856 5441 1980 5516; x_wconf 71' lang='lat' dir='ltr'><strong>vita</strong></span> <span class='ocrx_word' id='word_1_672' title='bbox 2006 5441 2104 5497; x_wconf 79' lang='lat' dir='ltr'><strong>SS.</strong></span> 
     </span>
    </p>
   </div>
   <div class='ocr_carea' id='block_1_95' title="bbox 522 5513 2109 5588">
    <p class='ocr_par' dir='ltr' id='par_1_95' title="bbox 522 5513 2109 5588">
     <span class='ocr_line' id='line_1_95' title="bbox 522 5513 2109 5588; baseline -0.003 -17"><span class='ocrx_word' id='word_1_673' title='bbox 522 5514 765 5571; x_wconf 86' lang='lat' dir='ltr'><strong>Faustini</strong></span> <span class='ocrx_word' id='word_1_674' title='bbox 797 5526 854 5572; x_wconf 89' lang='lat' dir='ltr'><strong>et</strong></span> <span class='ocrx_word' id='word_1_675' title='bbox 873 5513 1086 5579; x_wconf 53' lang='lat' dir='ltr'><strong>Jovitaa&#39;.</strong></span> <span class='ocrx_word' id='word_1_676' title='bbox 1113 5533 1232 5588; x_wconf 88' lang='lat' dir='ltr'><strong>pag.</strong></span> <span class='ocrx_word' id='word_1_677' title='bbox 1263 5517 1354 5581; x_wconf 78' lang='lat'><strong>65,</strong></span> <span class='ocrx_word' id='word_1_678' title='bbox 1383 5514 1686 5588; x_wconf 71' lang='lat' dir='ltr'><strong>Ecclesium</strong></span> <span class='ocrx_word' id='word_1_679' title='bbox 1709 5513 1924 5588; x_wconf 66' lang='lat' dir='ltr'><strong>Consilii</strong></span> <span class='ocrx_word' id='word_1_680' title='bbox 1944 5513 2109 5588; x_wconf 80' lang='lat' dir='ltr'><strong>Sanc-</strong></span> 
     </span>
    </p>
   </div>
   <div class='ocr_carea' id='block_1_96' title="bbox 527 5584 2102 5658">
    <p class='ocr_par' dir='ltr' id='par_1_96' title="bbox 527 5584 2102 5658">
     <span class='ocr_line' id='line_1_96' title="bbox 527 5584 2102 5658; baseline -0.004 -16"><span class='ocrx_word' id='word_1_681' title='bbox 527 5597 734 5652; x_wconf 85' lang='lat' dir='ltr'><strong>torum,</strong></span> <span class='ocrx_word' id='word_1_682' title='bbox 766 5588 868 5644; x_wconf 89' lang='lat' dir='ltr'><strong>hoc</strong></span> <span class='ocrx_word' id='word_1_683' title='bbox 899 5584 1123 5644; x_wconf 80' lang='lat' dir='ltr'><strong>nomine</strong></span> <span class='ocrx_word' id='word_1_684' title='bbox 1162 5584 1491 5658; x_wconf 76' lang='lat' dir='ltr'><strong>appellatam</strong></span> <span class='ocrx_word' id='word_1_685' title='bbox 1525 5584 1696 5640; x_wconf 84' lang='lat' dir='ltr'><strong>fuisse</strong></span> <span class='ocrx_word' id='word_1_686' title='bbox 1744 5585 2102 5658; x_wconf 76' lang='lat' dir='ltr'><strong>existimavit,</strong></span> 
     </span>
    </p>
   </div>
   <div class='ocr_carea' id='block_1_97' title="bbox 566 5654 2108 5726">
    <p class='ocr_par' dir='ltr' id='par_1_97' title="bbox 566 5654 2108 5726">
     <span class='ocr_line' id='line_1_97' title="bbox 566 5654 2108 5726; baseline -0.003 -14"><span class='ocrx_word' id='word_1_687' title='bbox 566 5659 649 5712; x_wconf 78' lang='lat' dir='ltr'><strong>uia</strong></span> <span class='ocrx_word' id='word_1_688' title='bbox 683 5659 737 5714; x_wconf 92' lang='lat' dir='ltr'><strong>in</strong></span> <span class='ocrx_word' id='word_1_689' title='bbox 765 5673 829 5714; x_wconf 89' lang='lat' dir='ltr'><strong>ea</strong></span> <span class='ocrx_word' id='word_1_690' title='bbox 855 5659 1092 5715; x_wconf 89' lang='lat' dir='ltr'><strong>tidelium</strong></span> <span class='ocrx_word' id='word_1_691' title='bbox 1123 5654 1422 5715; x_wconf 70' lang='lat' dir='ltr'><strong>conventus</strong></span> <span class='ocrx_word' id='word_1_692' title='bbox 1453 5666 1774 5726; x_wconf 84' lang='lat' dir='ltr'><strong>agerentur;</strong></span> <span class='ocrx_word' id='word_1_693' title='bbox 1805 5654 1958 5724; x_wconf 89' lang='lat' dir='ltr'><strong>cujus</strong></span> <span class='ocrx_word' id='word_1_694' title='bbox 1986 5669 2108 5722; x_wconf 86' lang='lat' dir='ltr'><strong>pro-</strong></span> 
     </span>
    </p>
   </div>
   <div class='ocr_carea' id='block_1_98' title="bbox 549 5726 2104 5799">
    <p class='ocr_par' dir='ltr' id='par_1_98' title="bbox 549 5726 2104 5799">
     <span class='ocr_line' id='line_1_98' title="bbox 549 5726 2104 5799; baseline -0.003 -15"><span class='ocrx_word' id='word_1_695' title='bbox 549 5726 671 5785; x_wconf 77' lang='lat' dir='ltr'><strong>rceto</strong></span> <span class='ocrx_word' id='word_1_696' title='bbox 717 5730 1095 5799; x_wconf 86' lang='lat' dir='ltr'><strong>appellationis</strong></span> <span class='ocrx_word' id='word_1_697' title='bbox 1156 5729 1458 5798; x_wconf 88' lang='lat' dir='ltr'><strong>originem,</strong></span> <span class='ocrx_word' id='word_1_698' title='bbox 1511 5729 1556 5781; x_wconf 87' lang='lat' dir='ltr'><strong>si</strong></span> <span class='ocrx_word' id='word_1_699' title='bbox 1615 5727 1758 5781; x_wconf 89' lang='lat' dir='ltr'><strong>hunc</strong></span> <span class='ocrx_word' id='word_1_700' title='bbox 1815 5726 2104 5799; x_wconf 88' lang='lat' dir='ltr'><strong>Gaudentii</strong></span> 
     </span>
    </p>
   </div>
   <div class='ocr_carea' id='block_1_99' title="bbox 529 5798 2098 5869">
    <p class='ocr_par' dir='ltr' id='par_1_99' title="bbox 529 5798 2098 5869">
     <span class='ocr_line' id='line_1_99' title="bbox 529 5798 2098 5869; baseline -0.001 -15"><span class='ocrx_word' id='word_1_701' title='bbox 529 5798 820 5856; x_wconf 85' lang='lat' dir='ltr'><strong>tractatum</strong></span> <span class='ocrx_word' id='word_1_702' title='bbox 869 5801 1122 5869; x_wconf 85' lang='lat' dir='ltr'><strong>legisset,</strong></span> <span class='ocrx_word' id='word_1_703' title='bbox 1177 5801 1432 5868; x_wconf 82' lang='lat' dir='ltr'><strong>ignorare</strong></span> <span class='ocrx_word' id='word_1_704' title='bbox 1469 5799 1779 5868; x_wconf 90' lang='lat' dir='ltr'><strong>neutiquam</strong></span> <span class='ocrx_word' id='word_1_705' title='bbox 1812 5798 2098 5868; x_wconf 86' lang='lat' dir='ltr'><strong>potuisset.</strong></span> 
     </span>
    </p>
   </div>
   <div class='ocr_carea' id='block_1_100' title="bbox 2221 3150 3806 3219">
    <p class='ocr_par' dir='ltr' id='par_1_100' title="bbox 2221 3150 3806 3219">
     <span class='ocr_line' id='line_1_100' title="bbox 2221 3150 3806 3219; baseline 0.003 -18"><span class='ocrx_word' id='word_1_706' title='bbox 2221 3161 2293 3202; x_wconf 87' lang='lat' dir='ltr'><strong>est</strong></span> <span class='ocrx_word' id='word_1_707' title='bbox 2335 3153 2491 3204; x_wconf 87' lang='lat' dir='ltr'><strong>etiam</strong></span> <span class='ocrx_word' id='word_1_708' title='bbox 2533 3152 2750 3205; x_wconf 86' lang='lat' dir='ltr'><strong>basilica</strong></span> <span class='ocrx_word' id='word_1_709' title='bbox 2773 3197 2786 3219; x_wconf 92' lang='lat'><strong>,</strong></span> <span class='ocrx_word' id='word_1_710' title='bbox 2836 3152 2913 3204; x_wconf 82' lang='lat' dir='ltr'><strong>vel</strong></span> <span class='ocrx_word' id='word_1_711' title='bbox 2945 3151 3161 3204; x_wconf 81' lang='lat' dir='ltr'><strong>ecclesia</strong></span> <span class='ocrx_word' id='word_1_712' title='bbox 3190 3150 3420 3205; x_wconf 87' lang='lat' dir='ltr'><strong>Concilii</strong></span> <span class='ocrx_word' id='word_1_713' title='bbox 3452 3151 3806 3218; x_wconf 87' lang='lat' dir='ltr'><strong>Sanctorum,</strong></span> 
     </span>
    </p>
   </div>
   <div class='ocr_carea' id='block_1_101' title="bbox 2220 3219 3810 3292">
    <p class='ocr_par' dir='ltr' id='par_1_101' title="bbox 2220 3219 3810 3292">
     <span class='ocr_line' id='line_1_101' title="bbox 2220 3219 3810 3292; baseline 0.003 -18"><span class='ocrx_word' id='word_1_714' title='bbox 2220 3220 2440 3291; x_wconf 81' lang='lat' dir='ltr'><strong>fundata</strong></span> <span class='ocrx_word' id='word_1_715' title='bbox 2489 3231 2537 3275; x_wconf 87' lang='lat' dir='ltr'><strong>et</strong></span> <span class='ocrx_word' id='word_1_716' title='bbox 2589 3223 2849 3292; x_wconf 77' lang='lat' dir='ltr'><strong>wdiﬁcata</strong></span> <span class='ocrx_word' id='word_1_717' title='bbox 2905 3239 2937 3276; x_wconf 89' lang='lat' dir='ltr'><strong>a</strong></span> <span class='ocrx_word' id='word_1_718' title='bbox 2986 3219 3319 3286; x_wconf 85' lang='lat' dir='ltr'><strong>Gaudentio,</strong></span> <span class='ocrx_word' id='word_1_719' title='bbox 3375 3223 3810 3292; x_wconf 86' lang='lat' dir='ltr'><strong>quemadmodum</strong></span> 
     </span>
    </p>
   </div>
   <div class='ocr_carea' id='block_1_102' title="bbox 2221 3294 3809 3350">
    <p class='ocr_par' dir='ltr' id='par_1_102' title="bbox 2221 3294 3809 3350">
     <span class='ocr_line' id='line_1_102' title="bbox 2221 3294 3809 3350; baseline 0.004 -6"><span class='ocrx_word' id='word_1_720' title='bbox 2221 3302 2442 3348; x_wconf 87' lang='lat' dir='ltr'><strong>testatur</strong></span> <span class='ocrx_word' id='word_1_721' title='bbox 2489 3303 2740 3348; x_wconf 88' lang='lat' dir='ltr'><strong>tractatus</strong></span> <span class='ocrx_word' id='word_1_722' title='bbox 2785 3294 2990 3348; x_wconf 81' lang='lat' dir='ltr'><strong>habitus</strong></span> <span class='ocrx_word' id='word_1_723' title='bbox 3037 3294 3098 3346; x_wconf 89' lang='lat' dir='ltr'><strong>ab</strong></span> <span class='ocrx_word' id='word_1_724' title='bbox 3143 3311 3202 3348; x_wconf 93' lang='lat' dir='ltr'><strong>eo</strong></span> <span class='ocrx_word' id='word_1_725' title='bbox 3246 3296 3299 3348; x_wconf 87' lang='lat' dir='ltr'><strong>in</strong></span> <span class='ocrx_word' id='word_1_726' title='bbox 3342 3294 3426 3348; x_wconf 90' lang='lat' dir='ltr'><strong>die</strong></span> <span class='ocrx_word' id='word_1_727' title='bbox 3468 3295 3809 3350; x_wconf 86' lang='lat' dir='ltr'><strong>dedicationis</strong></span> 
     </span>
    </p>
   </div>
   <div class='ocr_carea' id='block_1_103' title="bbox 2220 3363 3806 3437">
    <p class='ocr_par' dir='ltr' id='par_1_103' title="bbox 2220 3363 3806 3437">
     <span class='ocr_line' id='line_1_103' title="bbox 2220 3363 3806 3437; baseline 0.003 -20"><span class='ocrx_word' id='word_1_728' title='bbox 2220 3365 2350 3437; x_wconf 60' lang='lat' dir='ltr'><strong>ejus.</strong></span> <span class='ocrx_word' id='word_1_729' title='bbox 2388 3365 2597 3437; x_wconf 89' lang='lat' dir='ltr'><strong>Deinde</strong></span> <span class='ocrx_word' id='word_1_730' title='bbox 2641 3367 2799 3436; x_wconf 89' lang='lat' dir='ltr'><strong>paulo</strong></span> <span class='ocrx_word' id='word_1_731' title='bbox 2832 3378 2952 3436; x_wconf 89' lang='lat' dir='ltr'><strong>post</strong></span> <span class='ocrx_word' id='word_1_732' title='bbox 2984 3366 3035 3437; x_wconf 77' lang='lat' dir='ltr'><strong>in</strong></span> <span class='ocrx_word' id='word_1_733' title='bbox 3068 3363 3359 3437; x_wconf 80' lang='lat' dir='ltr'><strong>Theophila</strong></span> <span class='ocrx_word' id='word_1_734' title='bbox 3408 3367 3490 3421; x_wconf 93' lang='lat' dir='ltr'><strong>sic</strong></span> <span class='ocrx_word' id='word_1_735' title='bbox 3539 3366 3806 3422; x_wconf 86' lang='lat' dir='ltr'><strong>habetur:</strong></span> 
     </span>
    </p>
   </div>
   <div class='ocr_carea' id='block_1_104' title="bbox 2219 3432 3806 3506">
    <p class='ocr_par' dir='ltr' id='par_1_104' title="bbox 2219 3432 3806 3506">
     <span class='ocr_line' id='line_1_104' title="bbox 2219 3432 3806 3506; baseline 0.003 -18"><span class='ocrx_word' id='word_1_736' title='bbox 2219 3432 2561 3506; x_wconf 79' lang='lat' dir='ltr'><strong>TlteOp/tilus,</strong></span> <span class='ocrx_word' id='word_1_737' title='bbox 2593 3432 2679 3503; x_wconf 78' lang='lat' dir='ltr'><strong>qut</strong></span> <span class='ocrx_word' id='word_1_738' title='bbox 2703 3432 2846 3506; x_wconf 76' lang='lat' dir='ltr'><strong>jacet</strong></span> <span class='ocrx_word' id='word_1_739' title='bbox 2874 3439 2943 3491; x_wconf 90' lang='lat' dir='ltr'><strong>ad</strong></span> <span class='ocrx_word' id='word_1_740' title='bbox 2970 3432 3224 3492; x_wconf 74' lang='lat' dir='ltr'><strong>Concilia</strong></span> <span class='ocrx_word' id='word_1_741' title='bbox 3253 3439 3609 3504; x_wconf 88' lang='lat' dir='ltr'><strong>Sanctorum,</strong></span> <span class='ocrx_word' id='word_1_742' title='bbox 3643 3441 3699 3492; x_wconf 89' lang='lat' dir='ltr'><strong>id</strong></span> <span class='ocrx_word' id='word_1_743' title='bbox 3740 3448 3806 3494; x_wconf 86' lang='lat' dir='ltr'><strong>est</strong></span> 
     </span>
    </p>
   </div>
   <div class='ocr_carea' id='block_1_105' title="bbox 2220 3507 3808 3579">
    <p class='ocr_par' dir='ltr' id='par_1_105' title="bbox 2220 3507 3808 3579">
     <span class='ocr_line' id='line_1_105' title="bbox 2220 3507 3808 3579; baseline 0.004 -21"><span class='ocrx_word' id='word_1_744' title='bbox 2220 3507 2274 3579; x_wconf 71' lang='lat' dir='ltr'><strong>in</strong></span> <span class='ocrx_word' id='word_1_745' title='bbox 2318 3509 2534 3563; x_wconf 88' lang='lat' dir='ltr'><strong>ecclesia</strong></span> <span class='ocrx_word' id='word_1_746' title='bbox 2580 3509 2641 3564; x_wconf 92' lang='lat' dir='ltr'><strong>S.</strong></span> <span class='ocrx_word' id='word_1_747' title='bbox 2691 3507 2910 3564; x_wconf 84' lang='lat' dir='ltr'><strong>Joannis</strong></span> <span class='ocrx_word' id='word_1_748' title='bbox 2943 3507 3148 3563; x_wconf 81' lang='lat' dir='ltr'><strong>deforis</strong></span> <span class='ocrx_word' id='word_1_749' title='bbox 3178 3509 3454 3572; x_wconf 78' lang='lat' dir='ltr'><strong>Brixiam,</strong></span> <span class='ocrx_word' id='word_1_750' title='bbox 3509 3511 3564 3562; x_wconf 89' lang='lat' dir='ltr'><strong>in</strong></span> <span class='ocrx_word' id='word_1_751' title='bbox 3610 3510 3808 3579; x_wconf 77' lang='lat' dir='ltr'><strong>capella</strong></span> 
     </span>
    </p>
   </div>
   <div class='ocr_carea' id='block_1_106' title="bbox 2220 3574 3806 3654">
    <p class='ocr_par' dir='ltr' id='par_1_106' title="bbox 2220 3574 3806 3654">
     <span class='ocr_line' id='line_1_106' title="bbox 2220 3574 3806 3654; baseline 0.003 -22"><span class='ocrx_word' id='word_1_752' title='bbox 2220 3574 2620 3654; x_wconf 52' lang='lat' dir='ltr'><strong>Capreolorum:</strong></span> <span class='ocrx_word' id='word_1_753' title='bbox 2641 3583 2708 3636; x_wconf 85' lang='lat' dir='ltr'><strong>At</strong></span> <span class='ocrx_word' id='word_1_754' title='bbox 2733 3581 3105 3654; x_wconf 71' lang='lat' dir='ltr'><strong>Florentinius</strong></span> <span class='ocrx_word' id='word_1_755' title='bbox 3127 3581 3178 3654; x_wconf 86' lang='lat' dir='ltr'><strong>in</strong></span> <span class='ocrx_word' id='word_1_756' title='bbox 3208 3580 3390 3654; x_wconf 84' lang='lat' dir='ltr'><strong>indice</strong></span> <span class='ocrx_word' id='word_1_757' title='bbox 3419 3574 3806 3654; x_wconf 85' lang='lat' dir='ltr'><strong>chronologico</strong></span> 
     </span>
    </p>
   </div>
   <div class='ocr_carea' id='block_1_107' title="bbox 2219 3651 3806 3720">
    <p class='ocr_par' dir='ltr' id='par_1_107' title="bbox 2219 3651 3806 3720">
     <span class='ocr_line' id='line_1_107' title="bbox 2219 3651 3806 3720; baseline 0.003 -18"><span class='ocrx_word' id='word_1_758' title='bbox 2219 3653 2528 3706; x_wconf 80' lang='lat' dir='ltr'><strong>antistitum</strong></span> <span class='ocrx_word' id='word_1_759' title='bbox 2597 3653 3009 3718; x_wconf 76' lang='lat' dir='ltr'><strong>Brixianorum,</strong></span> <span class='ocrx_word' id='word_1_760' title='bbox 3073 3651 3272 3705; x_wconf 78' lang='lat' dir='ltr'><strong>Brixia:</strong></span> <span class='ocrx_word' id='word_1_761' title='bbox 3338 3652 3619 3720; x_wconf 88' lang='lat' dir='ltr'><strong>impresso</strong></span> <span class='ocrx_word' id='word_1_762' title='bbox 3672 3651 3806 3709; x_wconf 83' lang='lat' dir='ltr'><strong>anno</strong></span> 
     </span>
    </p>
   </div>
   <div class='ocr_carea' id='block_1_108' title="bbox 2221 3721 3808 3795">
    <p class='ocr_par' dir='ltr' id='par_1_108' title="bbox 2221 3721 3808 3795">
     <span class='ocr_line' id='line_1_108' title="bbox 2221 3721 3808 3795; baseline 0.003 -20"><span class='ocrx_word' id='word_1_763' title='bbox 2221 3721 2393 3795; x_wconf 49' lang='lat' dir='ltr'><strong>id”,</strong></span> <span class='ocrx_word' id='word_1_764' title='bbox 2443 3724 2496 3778; x_wconf 91' lang='lat' dir='ltr'><strong>in</strong></span> <span class='ocrx_word' id='word_1_765' title='bbox 2526 3723 2852 3795; x_wconf 82' lang='lat' dir='ltr'><strong>TItenphilo,</strong></span> <span class='ocrx_word' id='word_1_766' title='bbox 2885 3727 2960 3780; x_wconf 89' lang='lat' dir='ltr'><strong>ait</strong></span> <span class='ocrx_word' id='word_1_767' title='bbox 3006 3741 3018 3776; x_wconf 87' lang='lat'><strong><em>:</em></strong></span> <span class='ocrx_word' id='word_1_768' title='bbox 3072 3721 3421 3779; x_wconf 77' lang='lat' dir='ltr'><strong>Meminerant</strong></span> <span class='ocrx_word' id='word_1_769' title='bbox 3465 3726 3808 3795; x_wconf 81' lang='lat' dir='ltr'><strong>antiquissimi</strong></span> 
     </span>
    </p>
   </div>
   <div class='ocr_carea' id='block_1_109' title="bbox 2221 3792 3807 3868">
    <p class='ocr_par' dir='ltr' id='par_1_109' title="bbox 2221 3792 3807 3868">
     <span class='ocr_line' id='line_1_109' title="bbox 2221 3792 3807 3868; baseline 0.003 -21"><span class='ocrx_word' id='word_1_770' title='bbox 2221 3792 2327 3848; x_wconf 86' lang='lat' dir='ltr'><strong>SS.</strong></span> <span class='ocrx_word' id='word_1_771' title='bbox 2355 3799 2494 3863; x_wconf 86' lang='lat' dir='ltr'><strong>ponti</strong></span> <span class='ocrx_word' id='word_1_772' title='bbox 2502 3797 2657 3864; x_wconf 80' lang='lat' dir='ltr'><strong>ﬁcum</strong></span> <span class='ocrx_word' id='word_1_773' title='bbox 2676 3792 2965 3868; x_wconf 26' lang='lat' dir='ltr'><strong>fastu-ejus</strong></span> <span class='ocrx_word' id='word_1_774' title='bbox 2989 3810 3105 3868; x_wconf 76' lang='lat' dir='ltr'><strong>ossa</strong></span> <span class='ocrx_word' id='word_1_775' title='bbox 3126 3811 3241 3861; x_wconf 74' lang='lat' dir='ltr'><strong>qua:</strong></span> <span class='ocrx_word' id='word_1_776' title='bbox 3262 3813 3399 3868; x_wconf 82' lang='lat' dir='ltr'><strong>nunc</strong></span> <span class='ocrx_word' id='word_1_777' title='bbox 3421 3797 3476 3850; x_wconf 86' lang='lat' dir='ltr'><strong>in</strong></span> <span class='ocrx_word' id='word_1_778' title='bbox 3501 3796 3564 3852; x_wconf 88' lang='lat' dir='ltr'><strong>S.</strong></span> <span class='ocrx_word' id='word_1_779' title='bbox 3589 3792 3807 3852; x_wconf 71' lang='lat' dir='ltr'><strong>Joannis</strong></span> 
     </span>
    </p>
   </div>
   <div class='ocr_carea' id='block_1_110' title="bbox 2219 3865 3807 3941">
    <p class='ocr_par' dir='ltr' id='par_1_110' title="bbox 2219 3865 3807 3941">
     <span class='ocr_line' id='line_1_110' title="bbox 2219 3865 3807 3941; baseline 0.004 -25"><span class='ocrx_word' id='word_1_780' title='bbox 2219 3869 2545 3941; x_wconf 54' lang='lat' dir='ltr'><strong>ettangelistte</strong></span> <span class='ocrx_word' id='word_1_781' title='bbox 2582 3865 3128 3941; x_wconf 52' lang='lat' dir='ltr'><strong>seruantur-{jacuisse</strong></span> <span class='ocrx_word' id='word_1_782' title='bbox 3167 3868 3219 3919; x_wconf 89' lang='lat' dir='ltr'><strong>in</strong></span> <span class='ocrx_word' id='word_1_783' title='bbox 3255 3865 3496 3928; x_wconf 81' lang='lat' dir='ltr'><strong>ecclesia.</strong></span> <span class='ocrx_word' id='word_1_784' title='bbox 3531 3885 3651 3939; x_wconf 71' lang='lat' dir='ltr'><strong>qua:</strong></span> <span class='ocrx_word' id='word_1_785' title='bbox 3675 3869 3807 3924; x_wconf 82' lang='lat' dir='ltr'><strong>Con-</strong></span> 
     </span>
    </p>
   </div>
   <div class='ocr_carea' id='block_1_111' title="bbox 2219 3938 3807 4006">
    <p class='ocr_par' dir='ltr' id='par_1_111' title="bbox 2219 3938 3807 4006">
     <span class='ocr_line' id='line_1_111' title="bbox 2219 3938 3807 4006; baseline 0.003 -17"><span class='ocrx_word' id='word_1_786' title='bbox 2219 3938 2342 3992; x_wconf 90' lang='lat' dir='ltr'><strong>cilia</strong></span> <span class='ocrx_word' id='word_1_787' title='bbox 2364 3939 2686 3997; x_wconf 88' lang='lat' dir='ltr'><strong>Sanctorum</strong></span> <span class='ocrx_word' id='word_1_788' title='bbox 2705 3938 2994 4006; x_wconf 77' lang='lat' dir='ltr'><strong>dicebatur,</strong></span> <span class='ocrx_word' id='word_1_789' title='bbox 3019 3939 3168 4002; x_wconf 84' lang='lat' dir='ltr'><strong>cuius</strong></span> <span class='ocrx_word' id='word_1_790' title='bbox 3188 3941 3488 3993; x_wconf 88' lang='lat' dir='ltr'><strong>memoriam</strong></span> <span class='ocrx_word' id='word_1_791' title='bbox 3507 3938 3807 3996; x_wconf 64' lang='lat' dir='ltr'><strong>exstinctam</strong></span> 
     </span>
    </p>
   </div>
   <div class='ocr_carea' id='block_1_112' title="bbox 2219 4007 3803 4068">
    <p class='ocr_par' dir='ltr' id='par_1_112' title="bbox 2219 4007 3803 4068">
     <span class='ocr_line' id='line_1_112' title="bbox 2219 4007 3803 4068; baseline 0.004 -7"><span class='ocrx_word' id='word_1_792' title='bbox 2219 4007 2470 4066; x_wconf 85' lang='lat' dir='ltr'><strong>dolemus.</strong></span> <span class='ocrx_word' id='word_1_793' title='bbox 2526 4013 2653 4068; x_wconf 84' lang='lat' dir='ltr'><strong>lla-c</strong></span> <span class='ocrx_word' id='word_1_794' title='bbox 2699 4024 2882 4068; x_wconf 87' lang='lat' dir='ltr'><strong>autem</strong></span> <span class='ocrx_word' id='word_1_795' title='bbox 2931 4013 3090 4066; x_wconf 87' lang='lat' dir='ltr'><strong>latius</strong></span> <span class='ocrx_word' id='word_1_796' title='bbox 3138 4027 3164 4063; x_wconf 89' lang='lat' dir='ltr'><strong>a</strong></span> <span class='ocrx_word' id='word_1_797' title='bbox 3215 4026 3302 4066; x_wconf 89' lang='lat' dir='ltr'><strong>me</strong></span> <span class='ocrx_word' id='word_1_798' title='bbox 3355 4013 3703 4066; x_wconf 88' lang='lat' dir='ltr'><strong>deducuntur</strong></span> <span class='ocrx_word' id='word_1_799' title='bbox 3756 4015 3803 4068; x_wconf 92' lang='lat' dir='ltr'><strong>in</strong></span> 
     </span>
    </p>
   </div>
   <div class='ocr_carea' id='block_1_113' title="bbox 2221 4081 3806 4156">
    <p class='ocr_par' dir='ltr' id='par_1_113' title="bbox 2221 4081 3806 4156">
     <span class='ocr_line' id='line_1_113' title="bbox 2221 4081 3806 4156; baseline 0.003 -21"><span class='ocrx_word' id='word_1_800' title='bbox 2221 4086 2668 4156; x_wconf 81' lang='lat' dir='ltr'><strong>annotationibus</strong></span> <span class='ocrx_word' id='word_1_801' title='bbox 2712 4085 2778 4138; x_wconf 89' lang='lat' dir='ltr'><strong>ad</strong></span> <span class='ocrx_word' id='word_1_802' title='bbox 2813 4081 3255 4155; x_wconf 76' lang='lat' dir='ltr'><strong>Martyrologium</strong></span> <span class='ocrx_word' id='word_1_803' title='bbox 3293 4083 3656 4156; x_wconf 83' lang='lat' dir='ltr'><strong>Brixianum,</strong></span> <span class='ocrx_word' id='word_1_804' title='bbox 3692 4101 3806 4156; x_wconf 68' lang='lat' dir='ltr'><strong>qua:</strong></span> 
     </span>
    </p>
   </div>
   <div class='ocr_carea' id='block_1_114' title="bbox 2222 4155 3490 4224">
    <p class='ocr_par' dir='ltr' id='par_1_114' title="bbox 2222 4155 3490 4224">
     <span class='ocr_line' id='line_1_114' title="bbox 2222 4155 3490 4224; baseline 0.002 -18"><span class='ocrx_word' id='word_1_805' title='bbox 2222 4155 2513 4224; x_wconf 84' lang='lat' dir='ltr'><strong>aliquando</strong></span> <span class='ocrx_word' id='word_1_806' title='bbox 2543 4157 2654 4212; x_wconf 88' lang='lat' dir='ltr'><strong>Deo</strong></span> <span class='ocrx_word' id='word_1_807' title='bbox 2681 4156 2841 4211; x_wconf 88' lang='lat' dir='ltr'><strong>dante</strong></span> <span class='ocrx_word' id='word_1_808' title='bbox 2874 4158 2926 4210; x_wconf 91' lang='lat' dir='ltr'><strong>in</strong></span> <span class='ocrx_word' id='word_1_809' title='bbox 2963 4160 3135 4209; x_wconf 88' lang='lat' dir='ltr'><strong>Incetu</strong></span> <span class='ocrx_word' id='word_1_810' title='bbox 3171 4155 3490 4221; x_wconf 88' lang='lat' dir='ltr'><strong>prodibunt.</strong></span> 
     </span>
    </p>
   </div>
   <div class='ocr_carea' id='block_1_115' title="bbox 2297 4227 3803 4292">
    <p class='ocr_par' dir='ltr' id='par_1_115' title="bbox 2297 4227 3803 4292">
     <span class='ocr_line' id='line_1_115' title="bbox 2297 4227 3803 4292; baseline 0 -10"><span class='ocrx_word' id='word_1_811' title='bbox 2297 4227 2314 4264; x_wconf 74' lang='grc' dir='ltr'><em>τ</em></span> <span class='ocrx_word' id='word_1_812' title='bbox 2355 4229 2482 4282; x_wconf 84' lang='lat' dir='ltr'><strong>Eant</strong></span> <span class='ocrx_word' id='word_1_813' title='bbox 2531 4231 2760 4282; x_wconf 86' lang='lat' dir='ltr'><strong>lortasse</strong></span> <span class='ocrx_word' id='word_1_814' title='bbox 2807 4229 3160 4284; x_wconf 86' lang='lat' dir='ltr'><strong>barbarorum</strong></span> <span class='ocrx_word' id='word_1_815' title='bbox 3202 4229 3566 4292; x_wconf 84' lang='lat' dir='ltr'><strong>irruptionem</strong></span> <span class='ocrx_word' id='word_1_816' title='bbox 3597 4227 3684 4282; x_wconf 78' lang='lat' dir='ltr'><strong>Vel</strong></span> <span class='ocrx_word' id='word_1_817' title='bbox 3715 4227 3803 4282; x_wconf 86' lang='lat' dir='ltr'><strong>ad-</strong></span> 
     </span>
    </p>
   </div>
   <div class='ocr_carea' id='block_1_116' title="bbox 2220 4293 3804 4370">
    <p class='ocr_par' dir='ltr' id='par_1_116' title="bbox 2220 4293 3804 4370">
     <span class='ocr_line' id='line_1_116' title="bbox 2220 4293 3804 4370; baseline 0.002 -19"><span class='ocrx_word' id='word_1_818' title='bbox 2220 4297 2326 4370; x_wconf 86' lang='lat' dir='ltr'><strong>huc</strong></span> <span class='ocrx_word' id='word_1_819' title='bbox 2359 4299 2796 4370; x_wconf 85' lang='lat' dir='ltr'><strong>impendentem,</strong></span> <span class='ocrx_word' id='word_1_820' title='bbox 2835 4303 2914 4354; x_wconf 86' lang='lat' dir='ltr'><strong>vel</strong></span> <span class='ocrx_word' id='word_1_821' title='bbox 2959 4301 3073 4368; x_wconf 89' lang='lat' dir='ltr'><strong>jam</strong></span> <span class='ocrx_word' id='word_1_822' title='bbox 3119 4293 3349 4370; x_wconf 77' lang='lat' dir='ltr'><strong>factam,</strong></span> <span class='ocrx_word' id='word_1_823' title='bbox 3383 4299 3640 4370; x_wconf 89' lang='lat' dir='ltr'><strong>designat</strong></span> <span class='ocrx_word' id='word_1_824' title='bbox 3667 4300 3804 4355; x_wconf 87' lang='lat' dir='ltr'><strong>Gau-</strong></span> 
     </span>
    </p>
   </div>
   <div class='ocr_carea' id='block_1_117' title="bbox 2218 4369 3802 4440">
    <p class='ocr_par' dir='ltr' id='par_1_117' title="bbox 2218 4369 3802 4440">
     <span class='ocr_line' id='line_1_117' title="bbox 2218 4369 3802 4440; baseline 0.001 -17"><span class='ocrx_word' id='word_1_825' title='bbox 2218 4369 2468 4438; x_wconf 88' lang='lat' dir='ltr'><strong>dentius,</strong></span> <span class='ocrx_word' id='word_1_826' title='bbox 2503 4373 2570 4426; x_wconf 91' lang='lat' dir='ltr'><strong>de</strong></span> <span class='ocrx_word' id='word_1_827' title='bbox 2616 4386 2717 4440; x_wconf 90' lang='lat' dir='ltr'><strong>qua</strong></span> <span class='ocrx_word' id='word_1_828' title='bbox 2768 4387 2930 4440; x_wconf 86' lang='lat' dir='ltr'><strong>supra</strong></span> <span class='ocrx_word' id='word_1_829' title='bbox 2980 4380 3143 4440; x_wconf 56' lang='lat' dir='ltr'><strong>tract.</strong></span> <span class='ocrx_word' id='word_1_830' title='bbox 3175 4369 3260 4432; x_wconf 80' lang='grc'><strong>15,</strong></span> <span class='ocrx_word' id='word_1_831' title='bbox 3298 4387 3351 4438; x_wconf 92' lang='lat' dir='ltr'><strong>p.</strong></span> <span class='ocrx_word' id='word_1_832' title='bbox 3388 4370 3492 4424; x_wconf 79' lang='lat'><strong>3-17</strong></span> <span class='ocrx_word' id='word_1_833' title='bbox 3516 4369 3553 4423; x_wconf 17' lang='lat'><em>7:</em></span> <span class='ocrx_word' id='word_1_834' title='bbox 3597 4370 3686 4426; x_wconf 88' lang='lat' dir='ltr'><strong>Ita</strong></span> <span class='ocrx_word' id='word_1_835' title='bbox 3716 4388 3802 4425; x_wconf 87' lang='lat' dir='ltr'><strong>nos</strong></span> 
     </span>
    </p>
   </div>
   <div class='ocr_carea' id='block_1_118' title="bbox 2222 4437 3804 4513">
    <p class='ocr_par' dir='ltr' id='par_1_118' title="bbox 2222 4437 3804 4513">
     <span class='ocr_line' id='line_1_118' title="bbox 2222 4437 3804 4513; baseline 0.001 -18"><span class='ocrx_word' id='word_1_836' title='bbox 2222 4441 2361 4496; x_wconf 87' lang='lat' dir='ltr'><strong>Deus</strong></span> <span class='ocrx_word' id='word_1_837' title='bbox 2389 4437 3002 4507; x_wconf 36' lang='lat' dir='ltr'><strong>exaudiet-obsecrantes;</strong></span> <span class='ocrx_word' id='word_1_838' title='bbox 3026 4445 3098 4494; x_wconf 86' lang='lat' dir='ltr'><strong>ita</strong></span> <span class='ocrx_word' id='word_1_839' title='bbox 3126 4437 3259 4494; x_wconf 84' lang='lat' dir='ltr'><strong>inter</strong></span> <span class='ocrx_word' id='word_1_840' title='bbox 3285 4437 3517 4513; x_wconf 84' lang='lat' dir='ltr'><strong>pericula</strong></span> <span class='ocrx_word' id='word_1_841' title='bbox 3542 4443 3804 4496; x_wconf 82' lang='lat' dir='ltr'><strong>immitten-</strong></span> 
     </span>
    </p>
   </div>
   <div class='ocr_carea' id='block_1_119' title="bbox 2223 4513 3798 4583">
    <p class='ocr_par' dir='ltr' id='par_1_119' title="bbox 2223 4513 3798 4583">
     <span class='ocr_line' id='line_1_119' title="bbox 2223 4513 3798 4583; baseline 0.001 -17"><span class='ocrx_word' id='word_1_842' title='bbox 2223 4513 2350 4566; x_wconf 86' lang='lat' dir='ltr'><strong>tium</strong></span> <span class='ocrx_word' id='word_1_843' title='bbox 2395 4515 2762 4580; x_wconf 87' lang='lat' dir='ltr'><strong>barbarorum,</strong></span> <span class='ocrx_word' id='word_1_844' title='bbox 2795 4515 2992 4569; x_wconf 66' lang='lat' dir='ltr'><strong>auxilio</strong></span> <span class='ocrx_word' id='word_1_845' title='bbox 3022 4514 3221 4583; x_wconf 70' lang='lat' dir='ltr'><strong>protegi</strong></span> <span class='ocrx_word' id='word_1_846' title='bbox 3261 4515 3439 4566; x_wconf 78' lang='lat' dir='ltr'><strong>diuino</strong></span> <span class='ocrx_word' id='word_1_847' title='bbox 3478 4515 3798 4568; x_wconf 87' lang='lat' dir='ltr'><strong>merebimur.</strong></span> 
     </span>
    </p>
   </div>
   <div class='ocr_carea' id='block_1_120' title="bbox 2223 4583 3032 4656">
    <p class='ocr_par' dir='ltr' id='par_1_120' title="bbox 2223 4583 3032 4656">
     <span class='ocr_line' id='line_1_120' title="bbox 2223 4583 3032 4656; baseline -0.002 -16"><span class='ocrx_word' id='word_1_848' title='bbox 2223 4583 2358 4640; x_wconf 82' lang='lat' dir='ltr'><strong>Vide</strong></span> <span class='ocrx_word' id='word_1_849' title='bbox 2384 4603 2502 4656; x_wconf 76' lang='lat' dir='ltr'><strong>qua:</strong></span> <span class='ocrx_word' id='word_1_850' title='bbox 2533 4585 2605 4640; x_wconf 90' lang='lat' dir='ltr'><strong>ibi</strong></span> <span class='ocrx_word' id='word_1_851' title='bbox 2630 4588 3032 4640; x_wconf 89' lang='lat' dir='ltr'><strong>annotavitnus.</strong></span> 
     </span>
    </p>
   </div>
   <div class='ocr_carea' id='block_1_121' title="bbox 2295 4656 3799 4727">
    <p class='ocr_par' dir='ltr' id='par_1_121' title="bbox 2295 4656 3799 4727">
     <span class='ocr_line' id='line_1_121' title="bbox 2295 4656 3799 4727; baseline -0.001 -14"><span class='ocrx_word' id='word_1_852' title='bbox 2295 4666 2318 4703; x_wconf 80' lang='lat'>8</span> <span class='ocrx_word' id='word_1_853' title='bbox 2350 4659 2572 4727; x_wconf 83' lang='lat' dir='ltr'><strong>Antiqui</strong></span> <span class='ocrx_word' id='word_1_854' title='bbox 2619 4657 2788 4712; x_wconf 91' lang='lat' dir='ltr'><strong>moris</strong></span> <span class='ocrx_word' id='word_1_855' title='bbox 2837 4656 3000 4713; x_wconf 77' lang='lat' dir='ltr'><strong>fuisse</strong></span> <span class='ocrx_word' id='word_1_856' title='bbox 3052 4666 3161 4712; x_wconf 91' lang='lat' dir='ltr'><strong>tum</strong></span> <span class='ocrx_word' id='word_1_857' title='bbox 3211 4657 3263 4711; x_wconf 91' lang='lat' dir='ltr'><strong>in</strong></span> <span class='ocrx_word' id='word_1_858' title='bbox 3297 4657 3558 4721; x_wconf 86' lang='lat' dir='ltr'><strong>Oriente,</strong></span> <span class='ocrx_word' id='word_1_859' title='bbox 3594 4669 3707 4714; x_wconf 91' lang='lat' dir='ltr'><strong>tum</strong></span> <span class='ocrx_word' id='word_1_860' title='bbox 3753 4658 3799 4712; x_wconf 90' lang='lat' dir='ltr'><strong>in</strong></span> 
     </span>
    </p>
   </div>
   <div class='ocr_carea' id='block_1_122' title="bbox 2220 4727 3802 4799">
    <p class='ocr_par' dir='ltr' id='par_1_122' title="bbox 2220 4727 3802 4799">
     <span class='ocr_line' id='line_1_122' title="bbox 2220 4727 3802 4799; baseline 0.001 -17"><span class='ocrx_word' id='word_1_861' title='bbox 2220 4728 2546 4791; x_wconf 86' lang='lat' dir='ltr'><strong>Occidente.</strong></span> <span class='ocrx_word' id='word_1_862' title='bbox 2574 4728 2902 4797; x_wconf 80' lang='lat' dir='ltr'><strong>jampridem</strong></span> <span class='ocrx_word' id='word_1_863' title='bbox 2935 4739 3093 4784; x_wconf 73' lang='lat' dir='ltr'><strong>:etate</strong></span> <span class='ocrx_word' id='word_1_864' title='bbox 3125 4727 3473 4783; x_wconf 81' lang='lat' dir='ltr'><strong>ConSIantini</strong></span> <span class='ocrx_word' id='word_1_865' title='bbox 3506 4731 3718 4799; x_wconf 80' lang='lat' dir='ltr'><strong>Magni,</strong></span> <span class='ocrx_word' id='word_1_866' title='bbox 3751 4741 3802 4784; x_wconf 90' lang='lat' dir='ltr'><strong>ut</strong></span> 
     </span>
    </p>
   </div>
   <div class='ocr_carea' id='block_1_123' title="bbox 2218 4799 3801 4872">
    <p class='ocr_par' dir='ltr' id='par_1_123' title="bbox 2218 4799 3801 4872">
     <span class='ocr_line' id='line_1_123' title="bbox 2218 4799 3801 4872; baseline 0.002 -18"><span class='ocrx_word' id='word_1_867' title='bbox 2218 4799 2592 4855; x_wconf 78' lang='lat' dir='ltr'><strong>dedicationes</strong></span> <span class='ocrx_word' id='word_1_868' title='bbox 2651 4799 3007 4856; x_wconf 87' lang='lat' dir='ltr'><strong>ecclesiarum</strong></span> <span class='ocrx_word' id='word_1_869' title='bbox 3065 4812 3121 4855; x_wconf 90' lang='lat' dir='ltr'><strong>et</strong></span> <span class='ocrx_word' id='word_1_870' title='bbox 3173 4800 3426 4854; x_wconf 89' lang='lat' dir='ltr'><strong>altarium</strong></span> <span class='ocrx_word' id='word_1_871' title='bbox 3488 4802 3801 4872; x_wconf 87' lang='lat' dir='ltr'><strong>plerumque</strong></span> 
     </span>
    </p>
   </div>
   <div class='ocr_carea' id='block_1_124' title="bbox 2221 4871 3798 4943">
    <p class='ocr_par' dir='ltr' id='par_1_124' title="bbox 2221 4871 3798 4943">
     <span class='ocr_line' id='line_1_124' title="bbox 2221 4871 3798 4943; baseline 0.002 -18"><span class='ocrx_word' id='word_1_872' title='bbox 2221 4873 2412 4925; x_wconf 82' lang='lat' dir='ltr'><strong>tierent</strong></span> <span class='ocrx_word' id='word_1_873' title='bbox 2445 4871 2500 4926; x_wconf 89' lang='lat' dir='ltr'><strong>in</strong></span> <span class='ocrx_word' id='word_1_874' title='bbox 2532 4883 2804 4926; x_wconf 86' lang='lat' dir='ltr'><strong>conventu</strong></span> <span class='ocrx_word' id='word_1_875' title='bbox 2835 4887 3220 4943; x_wconf 84' lang='lat' dir='ltr'><strong>episc0porum</strong></span> <span class='ocrx_word' id='word_1_876' title='bbox 3246 4915 3261 4940; x_wconf 93' lang='lat'><strong>,</strong></span> <span class='ocrx_word' id='word_1_877' title='bbox 3294 4874 3386 4943; x_wconf 90' lang='lat' dir='ltr'><strong>qui</strong></span> <span class='ocrx_word' id='word_1_878' title='bbox 3421 4887 3488 4926; x_wconf 89' lang='lat' dir='ltr'><strong>ea</strong></span> <span class='ocrx_word' id='word_1_879' title='bbox 3536 4875 3604 4928; x_wconf 83' lang='lat' dir='ltr'><strong>de</strong></span> <span class='ocrx_word' id='word_1_880' title='bbox 3646 4871 3798 4928; x_wconf 84' lang='lat' dir='ltr'><strong>causa</strong></span> 
     </span>
    </p>
   </div>
   <div class='ocr_carea' id='block_1_125' title="bbox 2219 4944 3802 5010">
    <p class='ocr_par' dir='ltr' id='par_1_125' title="bbox 2219 4944 3802 5010">
     <span class='ocr_line' id='line_1_125' title="bbox 2219 4944 3802 5010; baseline 0.003 -14"><span class='ocrx_word' id='word_1_881' title='bbox 2219 4944 2435 4998; x_wconf 89' lang='lat' dir='ltr'><strong>invitari</strong></span> <span class='ocrx_word' id='word_1_882' title='bbox 2467 4955 2904 5010; x_wconf 84' lang='lat' dir='ltr'><strong>consueverant,</strong></span> <span class='ocrx_word' id='word_1_883' title='bbox 2957 4945 3268 4999; x_wconf 77' lang='lat' dir='ltr'><strong>observavit</strong></span> <span class='ocrx_word' id='word_1_884' title='bbox 3302 4944 3624 4999; x_wconf 70' lang='lat' dir='ltr'><strong>Edmundus</strong></span> <span class='ocrx_word' id='word_1_885' title='bbox 3670 4945 3802 5000; x_wconf 82' lang='lat' dir='ltr'><strong>Mar—</strong></span> 
     </span>
    </p>
   </div>
   <div class='ocr_carea' id='block_1_126' title="bbox 2221 5013 3797 5083">
    <p class='ocr_par' dir='ltr' id='par_1_126' title="bbox 2221 5013 3797 5083">
     <span class='ocr_line' id='line_1_126' title="bbox 2221 5013 3797 5083; baseline 0.001 -15"><span class='ocrx_word' id='word_1_886' title='bbox 2221 5024 2347 5070; x_wconf 86' lang='lat' dir='ltr'><strong>tenc</strong></span> <span class='ocrx_word' id='word_1_887' title='bbox 2377 5014 2440 5069; x_wconf 89' lang='lat' dir='ltr'><strong>T.</strong></span> <span class='ocrx_word' id='word_1_888' title='bbox 2489 5014 2557 5068; x_wconf 89' lang='lat' dir='ltr'><strong>lll</strong></span> <span class='ocrx_word' id='word_1_889' title='bbox 2599 5013 2667 5068; x_wconf 91' lang='lat' dir='ltr'><strong>de</strong></span> <span class='ocrx_word' id='word_1_890' title='bbox 2694 5015 2934 5082; x_wconf 88' lang='lat' dir='ltr'><strong>antiquis</strong></span> <span class='ocrx_word' id='word_1_891' title='bbox 2965 5015 3223 5070; x_wconf 67' lang='lat' dir='ltr'><strong>Ecclesiae</strong></span> <span class='ocrx_word' id='word_1_892' title='bbox 3253 5016 3491 5083; x_wconf 81' lang='lat' dir='ltr'><strong>Ritibus,</strong></span> <span class='ocrx_word' id='word_1_893' title='bbox 3524 5018 3624 5070; x_wconf 89' lang='lat' dir='ltr'><strong>lib.</strong></span> <span class='ocrx_word' id='word_1_894' title='bbox 3657 5032 3717 5078; x_wconf 86' lang='lat' dir='ltr'><strong>ll,</strong></span> <span class='ocrx_word' id='word_1_895' title='bbox 3749 5033 3797 5072; x_wconf 92' lang='lat' dir='ltr'><strong>c.</strong></span> 
     </span>
    </p>
   </div>
   <div class='ocr_carea' id='block_1_127' title="bbox 2218 5086 3798 5159">
    <p class='ocr_par' dir='ltr' id='par_1_127' title="bbox 2218 5086 3798 5159">
     <span class='ocr_line' id='line_1_127' title="bbox 2218 5086 3798 5159; baseline 0.001 -19"><span class='ocrx_word' id='word_1_896' title='bbox 2218 5086 2308 5159; x_wconf 68' lang='grc'><strong>12,</strong></span> <span class='ocrx_word' id='word_1_897' title='bbox 2331 5086 2649 5159; x_wconf 85' lang='lat' dir='ltr'><strong>laudatusa</strong></span> <span class='ocrx_word' id='word_1_898' title='bbox 2675 5089 2748 5141; x_wconf 92' lang='lat' dir='ltr'><strong>cl.</strong></span> <span class='ocrx_word' id='word_1_899' title='bbox 2775 5102 2826 5141; x_wconf 93' lang='lat' dir='ltr'><strong>v.</strong></span> <span class='ocrx_word' id='word_1_900' title='bbox 2855 5086 3150 5142; x_wconf 70' lang='lat' dir='ltr'><strong>Francisco</strong></span> <span class='ocrx_word' id='word_1_901' title='bbox 3179 5087 3504 5153; x_wconf 87' lang='lat' dir='ltr'><strong>Blanchino,</strong></span> <span class='ocrx_word' id='word_1_902' title='bbox 3523 5090 3616 5159; x_wconf 93' lang='lat' dir='ltr'><strong>qui</strong></span> <span class='ocrx_word' id='word_1_903' title='bbox 3643 5091 3798 5144; x_wconf 88' lang='lat' dir='ltr'><strong>etiam</strong></span> 
     </span>
    </p>
   </div>
   <div class='ocr_carea' id='block_1_128' title="bbox 2215 5157 3800 5228">
    <p class='ocr_par' dir='ltr' id='par_1_128' title="bbox 2215 5157 3800 5228">
     <span class='ocr_line' id='line_1_128' title="bbox 2215 5157 3800 5228; baseline 0.003 -17"><span class='ocrx_word' id='word_1_904' title='bbox 2215 5158 2282 5211; x_wconf 86' lang='lat' dir='ltr'><strong>ad</strong></span> <span class='ocrx_word' id='word_1_905' title='bbox 2328 5157 2711 5212; x_wconf 84' lang='lat' dir='ltr'><strong>illustrandum</strong></span> <span class='ocrx_word' id='word_1_906' title='bbox 2765 5161 2906 5214; x_wconf 91' lang='lat' dir='ltr'><strong>hunc</strong></span> <span class='ocrx_word' id='word_1_907' title='bbox 2957 5174 3164 5213; x_wconf 86' lang='lat' dir='ltr'><strong>morem</strong></span> <span class='ocrx_word' id='word_1_908' title='bbox 3215 5175 3322 5212; x_wconf 90' lang='lat' dir='ltr'><strong>non</strong></span> <span class='ocrx_word' id='word_1_909' title='bbox 3375 5157 3556 5228; x_wconf 74' lang='lat' dir='ltr'><strong>pauca</strong></span> <span class='ocrx_word' id='word_1_910' title='bbox 3595 5161 3664 5215; x_wconf 89' lang='lat' dir='ltr'><strong>de</strong></span> <span class='ocrx_word' id='word_1_911' title='bbox 3708 5176 3800 5215; x_wconf 88' lang='lat' dir='ltr'><strong>suo</strong></span> 
     </span>
    </p>
   </div>
   <div class='ocr_carea' id='block_1_129' title="bbox 2213 5229 3586 5299">
    <p class='ocr_par' dir='ltr' id='par_1_129' title="bbox 2213 5229 3586 5299">
     <span class='ocr_line' id='line_1_129' title="bbox 2213 5229 3586 5299; baseline 0.003 -17"><span class='ocrx_word' id='word_1_912' title='bbox 2213 5229 2473 5299; x_wconf 39' lang='lat' dir='ltr'><strong>prim-lare</strong></span> <span class='ocrx_word' id='word_1_913' title='bbox 2499 5230 2708 5284; x_wconf 78' lang='lat' dir='ltr'><strong>addidit</strong></span> <span class='ocrx_word' id='word_1_914' title='bbox 2737 5229 2896 5284; x_wconf 82' lang='lat' dir='ltr'><strong>Pracl‘.</strong></span> <span class='ocrx_word' id='word_1_915' title='bbox 2931 5231 2997 5284; x_wconf 91' lang='lat' dir='ltr'><strong>ad</strong></span> <span class='ocrx_word' id='word_1_916' title='bbox 3028 5231 3376 5285; x_wconf 88' lang='lat' dir='ltr'><strong>Anastasium</strong></span> <span class='ocrx_word' id='word_1_917' title='bbox 3410 5246 3465 5284; x_wconf 94' lang='lat' dir='ltr'><strong>n.</strong></span> <span class='ocrx_word' id='word_1_918' title='bbox 3491 5232 3586 5286; x_wconf 82' lang='lat'><strong>‘55.</strong></span> 
     </span>
    </p>
   </div>
   <div class='ocr_carea' id='block_1_130' title="bbox 2290 5297 3798 5374">
    <p class='ocr_par' dir='ltr' id='par_1_130' title="bbox 2290 5297 3798 5374">
     <span class='ocr_line' id='line_1_130' title="bbox 2290 5297 3798 5374; baseline 0.003 -20"><span class='ocrx_word' id='word_1_919' title='bbox 2290 5297 2316 5335; x_wconf 79' lang='grc'><strong>¹¹</strong></span> <span class='ocrx_word' id='word_1_920' title='bbox 2346 5302 2470 5374; x_wconf 85' lang='lat' dir='ltr'><strong>Mss.</strong></span> <span class='ocrx_word' id='word_1_921' title='bbox 2505 5310 2617 5355; x_wconf 84' lang='lat' dir='ltr'><strong>tres</strong></span> <span class='ocrx_word' id='word_1_922' title='bbox 2646 5303 2938 5370; x_wconf 85' lang='lat' dir='ltr'><strong>leguntsed</strong></span> <span class='ocrx_word' id='word_1_923' title='bbox 2960 5303 3144 5355; x_wconf 88' lang='lat' dir='ltr'><strong>merito</strong></span> <span class='ocrx_word' id='word_1_924' title='bbox 3175 5303 3318 5367; x_wconf 84' lang='lat' dir='ltr'><strong>prior</strong></span> <span class='ocrx_word' id='word_1_925' title='bbox 3347 5346 3361 5369; x_wconf 90' lang='lat'><strong>,</strong></span> <span class='ocrx_word' id='word_1_926' title='bbox 3397 5303 3488 5356; x_wconf 86' lang='lat' dir='ltr'><strong>sed</strong></span> <span class='ocrx_word' id='word_1_927' title='bbox 3519 5305 3798 5374; x_wconf 85' lang='lat' dir='ltr'><strong>dignitate;</strong></span> 
     </span>
    </p>
   </div>
   <div class='ocr_carea' id='block_1_131' title="bbox 2213 5372 3796 5443">
    <p class='ocr_par' dir='ltr' id='par_1_131' title="bbox 2213 5372 3796 5443">
     <span class='ocr_line' id='line_1_131' title="bbox 2213 5372 3796 5443; baseline 0.003 -19"><span class='ocrx_word' id='word_1_928' title='bbox 2213 5381 2268 5443; x_wconf 83' lang='lat' dir='ltr'><strong>et</strong></span> <span class='ocrx_word' id='word_1_929' title='bbox 2297 5372 2458 5441; x_wconf 87' lang='lat' dir='ltr'><strong>paulo</strong></span> <span class='ocrx_word' id='word_1_930' title='bbox 2489 5381 2608 5442; x_wconf 87' lang='lat' dir='ltr'><strong>post</strong></span> <span class='ocrx_word' id='word_1_931' title='bbox 2645 5374 2824 5426; x_wconf 77' lang='lat' dir='ltr'><strong>existis</strong></span> <span class='ocrx_word' id='word_1_932' title='bbox 2868 5375 2921 5426; x_wconf 92' lang='lat' dir='ltr'><strong>in</strong></span> <span class='ocrx_word' id='word_1_933' title='bbox 2963 5375 3253 5438; x_wconf 86' lang='lat' dir='ltr'><strong>desertum;</strong></span> <span class='ocrx_word' id='word_1_934' title='bbox 3288 5372 3592 5443; x_wconf 76' lang='lat' dir='ltr'><strong>utramque</strong></span> <span class='ocrx_word' id='word_1_935' title='bbox 3645 5393 3796 5443; x_wconf 87' lang='lat' dir='ltr'><strong>porro</strong></span> 
     </span>
    </p>
   </div>
   <div class='ocr_carea' id='block_1_132' title="bbox 2213 5441 3796 5567">
    <p class='ocr_par' dir='ltr' id='par_1_132' title="bbox 2213 5441 3796 5567">
     <span class='ocr_line' id='line_1_132' title="bbox 2213 5441 3796 5567; baseline 0.004 -72"><span class='ocrx_word' id='word_1_936' title='bbox 2213 5441 2673 5567; x_wconf 64' lang='lat' dir='ltr'><strong>hancllectionem</strong></span> <span class='ocrx_word' id='word_1_937' title='bbox 2698 5446 3046 5501; x_wconf 87' lang='lat' dir='ltr'><strong>commendat</strong></span> <span class='ocrx_word' id='word_1_938' title='bbox 3077 5448 3238 5499; x_wconf 78' lang='lat' dir='ltr'><strong>etiam</strong></span> <span class='ocrx_word' id='word_1_939' title='bbox 3269 5447 3396 5502; x_wconf 87' lang='lat' dir='ltr'><strong>cod.</strong></span> <span class='ocrx_word' id='word_1_940' title='bbox 3429 5441 3796 5502; x_wconf 22' lang='lat' dir='ltr'><strong>Oétavii‘Pan-</strong></span> 
     </span>
     <span class='ocr_line' id='line_1_133' title="bbox 2213 5525 2438 5567; baseline 0 0"><span class='ocrx_word' id='word_1_941' title='bbox 2213 5525 2357 5567; x_wconf 81' lang='lat' dir='ltr'><strong>taaat</strong></span> <span class='ocrx_word' id='word_1_942' title='bbox 2380 5533 2438 5567; x_wconf 88' lang='lat' dir='ltr'><strong>ll.</strong></span> 
     </span>
    </p>
   </div>
   <div class='ocr_carea' id='block_1_133' title="bbox 2213 5525 2438 5584">
    <p class='ocr_par' dir='ltr' id='par_1_133' title="bbox 2213 5525 2438 5584">
     <span class='ocr_line' id='line_1_134' title="bbox 2213 5525 2438 5584; baseline -0.004 -15"><span class='ocrx_word' id='word_1_943' title='bbox 2213 5525 2438 5584; x_wconf 80' lang='lat' dir='ltr'><strong>lagatlti.</strong></span> 
     </span>
    </p>
   </div>
   <div class='ocr_carea' id='block_1_134' title="bbox 2297 5587 3793 5660">
    <p class='ocr_par' dir='ltr' id='par_1_134' title="bbox 2297 5587 3793 5660">
     <span class='ocr_line' id='line_1_135' title="bbox 2297 5587 3793 5660; baseline 0.003 -18"><span class='ocrx_word' id='word_1_944' title='bbox 2297 5587 2310 5625; x_wconf 80' lang='grc' dir='ltr'><strong>ί</strong></span> <span class='ocrx_word' id='word_1_945' title='bbox 2355 5588 2528 5644; x_wconf 87' lang='lat' dir='ltr'><strong>Verba</strong></span> <span class='ocrx_word' id='word_1_946' title='bbox 2560 5588 2700 5656; x_wconf 88' lang='lat' dir='ltr'><strong>haec,</strong></span> <span class='ocrx_word' id='word_1_947' title='bbox 2750 5598 2874 5644; x_wconf 86' lang='lat' dir='ltr'><strong>ante</strong></span> <span class='ocrx_word' id='word_1_948' title='bbox 2915 5591 3100 5660; x_wconf 82' lang='lat' dir='ltr'><strong>faciem</strong></span> <span class='ocrx_word' id='word_1_949' title='bbox 3130 5598 3295 5653; x_wconf 87' lang='lat' dir='ltr'><strong>tuam,</strong></span> <span class='ocrx_word' id='word_1_950' title='bbox 3329 5589 3706 5659; x_wconf 87' lang='lat' dir='ltr'><strong>supplevimus</strong></span> <span class='ocrx_word' id='word_1_951' title='bbox 3734 5607 3793 5647; x_wconf 77' lang='lat' dir='ltr'><strong>ex</strong></span> 
     </span>
    </p>
   </div>
   <div class='ocr_carea' id='block_1_135' title="bbox 2215 5660 3790 5732">
    <p class='ocr_par' dir='ltr' id='par_1_135' title="bbox 2215 5660 3790 5732">
     <span class='ocr_line' id='line_1_136' title="bbox 2215 5660 3790 5732; baseline 0.003 -20"><span class='ocrx_word' id='word_1_952' title='bbox 2215 5674 2348 5732; x_wconf 79' lang='lat' dir='ltr'><strong>mss.</strong></span> <span class='ocrx_word' id='word_1_953' title='bbox 2376 5676 2498 5716; x_wconf 91' lang='lat' dir='ltr'><strong>cum</strong></span> <span class='ocrx_word' id='word_1_954' title='bbox 2528 5663 2785 5717; x_wconf 89' lang='lat' dir='ltr'><strong>deessent</strong></span> <span class='ocrx_word' id='word_1_955' title='bbox 2809 5663 2861 5716; x_wconf 90' lang='lat' dir='ltr'><strong>in</strong></span> <span class='ocrx_word' id='word_1_956' title='bbox 2893 5662 3096 5726; x_wconf 86' lang='lat' dir='ltr'><strong>editis;</strong></span> <span class='ocrx_word' id='word_1_957' title='bbox 3127 5661 3429 5732; x_wconf 79' lang='lat' dir='ltr'><strong>eademque</strong></span> <span class='ocrx_word' id='word_1_958' title='bbox 3456 5660 3724 5720; x_wconf 89' lang='lat' dir='ltr'><strong>habentur</strong></span> <span class='ocrx_word' id='word_1_959' title='bbox 3744 5664 3790 5717; x_wconf 93' lang='lat' dir='ltr'><strong>in</strong></span> 
     </span>
    </p>
   </div>
   <div class='ocr_carea' id='block_1_136' title="bbox 2209 5729 2956 5807">
    <p class='ocr_par' dir='ltr' id='par_1_136' title="bbox 2209 5729 2956 5807">
     <span class='ocr_line' id='line_1_137' title="bbox 2209 5729 2956 5807; baseline 0.003 -23"><span class='ocrx_word' id='word_1_960' title='bbox 2209 5729 2350 5788; x_wconf 89' lang='lat' dir='ltr'><strong>libro</strong></span> <span class='ocrx_word' id='word_1_961' title='bbox 2374 5747 2592 5803; x_wconf 78' lang='lat' dir='ltr'><strong>quoque</strong></span> <span class='ocrx_word' id='word_1_962' title='bbox 2615 5733 2956 5807; x_wconf 84' lang='lat' dir='ltr'><strong>Pantagathi.</strong></span> 
     </span>
    </p>
   </div>
  </div>
