4070 6346
229 298 296 358 96
305 301 326 358 ι

1008 306 1249 368 SERMO
1287 308 1453 382 XVII,
1496 312 1587 371 DE
1628 310 1949 374 DlVERSlS
1987 315 2354 381 CAPlTULlS
2393 323 2759 386 SEPTIMUS.

3425 333 3536 394 963

227 414 412 486 (Ibid,
472 417 558 486 8).
593 419 714 477 Uno
763 423 1080 480 testimonio
1131 427 1830 513 Salvatoris'beatissimus
1862 429 2039 492 Anus
2069 437 2266 508 aliquid
2319 439 2516 506 habet,
2567 444 2692 516 quia
2744 445 3020 515 posterior
3046 444 3318 505 Christum
3360 451 3529 508 videt.

225 509 462 566 Joannes
490 512 733 583 Baptista
783 526 836 573 et
865 520 1090 588 angelus
1110 561 1123 585 ,
1154 530 1210 576 et
1252 506 1532 591 apostolus
1556 565 1570 588 ,
1601 531 1656 577 et
1700 538 1826 592 pro—

225 603 383 672 pheta
418 606 726 676 praecipuus
767 609 1098 667 declaratur.
1125 612 1270 668 Vere
1310 613 1453 668 enim
1489 615 1584 670 Dei
1615 624 1698 670 est
1728 632 1828 670 an-

223 694 374 766 gelus
405 738 420 761 ,
454 702 546 767 qui
578 717 904 769 prtecursor,
938 714 994 761 et
1023 706 1249 761 nuntius
1287 704 1495 764 Christi
1537 718 1617 763 est
1652 727 1665 762 :
1700 723 1829 765 vere

224 791 506 859 apostolus
559 805 684 859 est,
735 797 828 866 qui
880 797 1079 853 missus
1117 814 1146 852 a
1191 800 1302 855 Deo
1349 810 1468 867 est,
1523 802 1828 857 destinatus

224 885 367 939 enim
399 897 748 957 nuncupatur
766 892 1070 960 apostolus.
1101 891 1254 960 Fuit,
1288 893 1500 964 inquit,
1531 895 1682 948 homo
1703 896 1829 949 mis-

220 995 307 1035 sus
334 998 365 1034 a
395 981 528 1051 Deo,
561 986 646 1038 cui
694 1003 879 1042 nomen
927 998 1039 1043 erat
1083 987 1315 1043 Joannes
1348 989 1530 1062 (Joan.
1560 1006 1598 1058 ι,
1627 989 1707 1062 6).
1742 989 1827 1045 ld-

221 1074 367 1129 circo
393 1085 576 1130 autem
611 1089 838 1133 sanctus
869 1079 986 1148 ipse
1016 1080 1276 1150 propheta
1305 1080 1540 1146 dicitur,
1585 1092 1638 1137 et
1679 1081 1826 1151 plus-

218 1179 376 1236 quam
406 1167 668 1235 prOpilela
696 1211 710 1235 ,
741 1171 866 1242 quia
896 1171 1172 1226 CltriStum
1228 1182 1285 1227 et
1312 1187 1409 1227 sua
1433 1215 1448 1240 ,
1483 1181 1537 1228 et
1580 1173 1826 1228 omnium

218 1257 616 1330 prophetarum
674 1277 811 1318 voce
869 1263 1210 1334 praedictum,
1257 1265 1431 1336 digito
1483 1266 1682 1322 meruit
1732 1267 1827 1322 de-

218 1364 532 1409 monstrare
558 1372 573 1420 ;
603 1355 791 1413 dicens
827 1375 840 1410 :
882 1355 1022 1411 Ecce
1067 1361 1246 1432 Agnus
1279 1358 1396 1429 Dei,
1427 1375 1544 1414 ecce
1569 1361 1659 1430 qui
1689 1359 1826 1414 tollit

218 1455 432 1516 peccata
462 1448 648 1502 mundi
697 1447 887 1518 (Ibid,
911 1449 1032 1522 29).
1063 1449 1190 1505 Post
1241 1450 1386 1506 hunc
1421 1451 1680 1507 habemus
1709 1455 1825 1506 Att-

218 1538 406 1594 dreatn
440 1540 823 1598 beatissimum
853 1584 867 1609 ,
918 1542 1152 1613 ptimum
1186 1545 1411 1600 Joannis
1442 1545 1610 1614 ipsius
1662 1544 1826 1598 disci-

215 1633 405 1703 pulum
435 1634 675 1697 ,deinde
704 1635 1004 1691 Salvatoris
1037 1653 1052 1701 ;
1087 1652 1248 1706 quem
1282 1638 1521 1707 priorem
1569 1635 1824 1692 Christus

215 1728 527 1795 apostolum
560 1727 820 1783 scribitur
845 1729 1102 1800 elegisse.
1132 1717 1265 1783 Erat
1287 1771 1301 1796 ,
1335 1730 1512 1802 inquit
1540 1775 1553 1799 ,
1587 1729 1824 1783 Andreas

217 1822 384 1891 frater
407 1818 644 1874 Simonis
668 1817 808 1873 Petri
839 1838 976 1875 unus
1015 1838 1077 1876 ea:
1117 1820 1317 1876 duobus
1344 1823 1433 1892 qui
1455 1822 1732 1876 audierant
1757 1823 1822 1875 ab

210 1911 442 1978 Joanne,
478 1913 615 1968 Ecce
646 1914 827 1988 Agnus
856 1914 988 1981 Dei,
1032 1923 1084 1987 et
1106 1915 1268 1968 secuti
1296 1923 1447 1969 erant
1476 1931 1615 1968 eum.
1663 1911 1822 1968 lnve—
1848 1893 1897 1953 Β

211 2006 290 2061 nit
330 2005 417 2060 hic
459 2007 684 2075 primum
715 2009 931 2078 fratrem
961 2024 1119 2061 suum
1150 2006 1440 2072 Simonem,
1494 2015 1542 2061 et
1572 2007 1704 2062 dixit
1726 2008 1772 2062 ei
1798 2024 1819 2062 :

211 2099 520 2156 Invenimus
552 2101 804 2156 Messium
831 2101 990 2174 (quod
1010 2112 1085 2157 est
1111 2105 1506 2176 interpretatum
1526 2101 1816 2175 Christus).

211 2194 283 2250 Et
308 2197 536 2252 adduxit
556 2214 673 2252 eum
698 2198 765 2250 ad
795 2195 974 2251 Jesum
1006 2196 1166 2269 (Ibid.
1185 2241 1200 2266 ,
1229 2198 1345 2271 40).
1378 2198 1597 2256 Tertius
1625 2199 1818 2257 beatus

211 2288 474 2360 Thomas,
501 2290 592 2360 qui
625 2298 748 2360 post
771 2291 1233 2346 resurrectionem
1258 2289 1460 2347 Christi
1485 2292 1641 2347 soltts
1665 2292 1816 2348 desi-

212 2383 427 2440 deravit
454 2425 468 2447 ,
494 2384 752 2454 solusque
794 2384 1067 2449 obtinuit,
1104 2394 1162 2438 ut
1207 2385 1454 2440 membra
1501 2385 1703 2440 Christi
1725 2401 1820 2441 cu-

210 2475 374 2530 riosis
405 2475 654 2545 quidem,
690 2475 791 2531 sed
824 2476 1011 2546 utique
1035 2475 1210 2546 dignis
1240 2477 1490 2531 manibus
1510 2485 1821 2532 contrecta-

209 2578 315 2624 ret.
348 2569 608 2624 Ardentis
637 2568 906 2639 siquidem
935 2569 1196 2625 desiderii
1223 2569 1329 2625 fuit
1370 2570 1527 2639 illud,
1576 2587 1681 2626 non
1730 2572 1816 2626 in-

209 2663 587 2730 credulitatis,
637 2663 784 2734 quod
817 2663 1210 2734 condiscipulis
1254 2665 1390 2731 suis,
1421 2666 1511 2736 qui
1558 2665 1676 2736 ipso
1726 2666 1820 2720 ab-

210 2765 368 2812 sente
411 2757 697 2812 Dominum
726 2756 998 2826 viderant,
1025 2758 1138 2813 ait:
1186 2757 1550 2826 Nisividero,
1598 2767 1643 2813 et
1695 2775 1821 2814 con-

211 2860 522 2918 trectavero,
576 2867 682 2904 non
713 2850 923 2904 credam
954 2849 1136 2920 (Joau.
1187 2868 1280 2916 xx,
1325 2853 1442 2921 ‘25).
1496 2851 1626 2907 Erat
1673 2853 1816 2908 enim

211 2944 374 3000 valde
419 2943 652 3011 anxius,
702 2959 770 2999 ne
823 2931 933 2998 noii
980 2953 1036 2998 et
1061 2945 1234 2999 oculis
1267 2946 1538 3000 frueretur
1567 2959 1634 3000 co
1673 2945 1818 3016 quod

211 3035 381 3092 corde
411 3034 713 3101 credebat;
746 3050 812 3090 ne
843 3035 1152 3105 privaretur
1211 3048 1436 3106 aspecm
1483 3035 1630 3090 illius
1683 3036 1818 3091 lucis

210 3147 322 3204 qua
336 3148 394 3188 se
406 3132 593 3188 caeteri
609 3131 839 3202 apostoli
858 3130 1190 3186 illuminatos
1203 3131 1630 3201 gloriabantur.al
1646 3130 1820 3187 Satia-

213 3225 296 3280 vit
325 3226 660 3281 esurientem
686 3225 973 3291 Dominus,
1010 3224 1165 3295 cujus
1185 3235 1368 3280 manet
1390 3225 1482 3279 illa
1501 3226 1814 3295 promissio:

1934 527 2068 583 Nam
2093 531 2422 590 detrimenta
2447 537 2644 604 prioris
2672 551 2928 610 aSpectus
2971 543 3085 599 visu
3111 545 3339 616 pariter,
3370 555 3426 601 et
3447 556 3532 602 at—

1933 629 2075 677 tactu
2122 639 2475 696 compensat;
2507 631 2599 701 qui
2637 633 2867 702 utique,
2920 637 2966 690 si
3009 638 3162 707 juxta
3214 637 3530 708 opinionem

1930 716 2288 783 quorumdam
2317 719 2549 776 inﬁdelis
2573 723 2762 781 fuisset
2790 766 2804 790 ,
2832 724 3085 784 Christus
3108 729 3189 784 illi
3222 740 3345 800 post
3366 729 3532 804 338

1931 811 2390 866 resurrectionem
2422 826 2574 869 suam
2621 833 2887 888 apparere
2922 831 2944 859 ο
2971 834 3080 876 ηοιι
3113 821 3293 877 fuerat
3333 822 3528 896 digna-

1933 904 2036 952 tus.
2070 898 2345 970 Scriptum
2377 915 2460 960 est
2491 908 2636 962 enim
2675 925 2688 962 :
2758 909 3022 978 Quoniam
3059 914 3319 969 invenitur
3351 914 3414 969 ab
3446 917 3530 971 his

1929 992 2017 1060 qui
2040 1008 2144 1046 non
2177 1003 2380 1050 tentant
2409 1015 2525 1053 eum
2555 1017 2574 1054 :
2601 1011 2825 1071 apparet
2854 1020 2978 1060 vero
3010 1005 3093 1061 his
3124 1008 3215 1078 qui
3246 1008 3402 1077 ﬁdem
3435 1009 3532 1063 ha-

1929 1082 2047 1140 bent
2075 1086 2127 1138 in
2159 1087 2328 1152 ipsum
2362 1089 2521 1163 (Sap.
2553 1109 2592 1162 ι,
2624 1093 2705 1166 2).
2726 1097 2879 1164 Quod
2911 1110 3093 1155 autem
3122 1101 3261 1156 dixit
3299 1103 3378 1158 illi
3409 1103 3532 1161 Sal-

1928 1184 2115 1232 vator:
2151 1179 2279 1233 Noli
2307 1198 2414 1236 esse
2439 1184 2759 1252 incredulus,
2797 1190 2886 1242 sed
2911 1187 2938 1225 ά
2963 1191 3179 1247 credens
3211 1190 3397 1263 (Joan.
3431 1210 3526 1264 xx,

1927 1269 2042 1342 27);
2072 1282 2127 1328 et
2159 1291 2171 1327 :
2200 1277 2321 1347 quia
2352 1277 2559 1346 vidisti,
2596 1282 2865 1337 credidisti
2907 1301 2928 1340 .'
2958 1286 3093 1341 beati
3130 1288 3222 1358 qui
3252 1305 3355 1343 non
3384 1290 3530 1345 vide-

1925 1375 2072 1433 runt,
2102 1378 2150 1421 et
2178 1370 2505 1426 crediderunt
2534 1373 2727 1446 (Ibid,
2755 1375 2872 1448 29);
2903 1378 3207 1438 informare
3250 1383 3303 1438 in
3335 1399 3402 1439 eo
3424 1399 3524 1440 vo-

1927 1458 2026 1513 luit
2054 1475 2244 1517 omnes
2272 1474 2458 1532 postea
2480 1467 2786 1524 credituros
2810 1513 2824 1539 ,
2859 1481 2915 1526 ut
2941 1475 3176 1544 p0pulus
3208 1485 3425 1547 noster,
3453 1478 3528 1533 si-

1927 1552 2072 1607 milis
2095 1554 2317 1611 Thomas
2344 1559 2439 1628 qui
2469 1561 2672 1617 absens
2696 1567 3042 1636 eratquando
3059 1572 3307 1639 apparuit
3332 1572 3525 1628 Chris-

1927 1651 2014 1699 tus
2044 1651 2310 1716 apostolis
2338 1691 2353 1716 ,
2384 1653 2643 1710 relationi
2673 1671 2865 1714 eorum
2897 1670 2920 1696 θ
2960 1659 3327 1720 indubitatam
3359 1665 3526 1723 fidem

1925 1739 2236 1796 commodet
2276 1758 2292 1807 ;
2328 1759 2429 1799 nec
2459 1746 2642 1818 exigat
2682 1749 2734 1803 in
2779 1766 2948 1808 carne
3005 1757 3322 1827 conspicere
3363 1775 3525 1830 quem

1927 1831 2240 1887 testimonio
2281 1838 2678 1908 apostolorum,
2711 1854 2829 1912 post
2870 1850 3188 1914 passionem
3230 1852 3410 1906 crucis
3442 1868 3528 1910 re-

1926 1925 2232 1982 surrexisse
2261 1971 2276 1996 ,
2321 1937 2378 1985 et
2419 1934 2596 1987 visum
2649 1934 2814 1990 fuisse
2853 1938 3127 1995 didicerit.
3159 1940 3346 2011 Neque
3378 1945 3527 2000 enim

1924 2023 2209 2085 postquam
2260 2034 2543 2089 regressus
2601 2032 2687 2077 est
2741 2025 2808 2079 ad
2850 2027 3062 2098 etelos,
3121 2030 3253 2084 solis
3313 2033 3370 2088 in
3421 2033 3528 2090 hoc

1925 2109 2127 2167 mundo
2152 2113 2436 2169 virtutibus
2459 2128 2739 2184 praesens,
2759 2118 2920 2174 debet
2943 2121 3189 2190 quotidie
3217 2139 3316 2194 pro
3341 2125 3528 2196 cujus-

1923 2217 2154 2275 cumque
2184 2206 2461 2262 voluntate
2486 2248 2501 2274 ,
2531 2207 2758 2279 singulis
2787 2211 3200 2284 ,universisque
3242 2216 3522 2274 credenti-

1925 2294 2046 2362 bus,
2080 2296 2131 2350 in
2161 2311 2397 2368 corpore
2444 2314 2730 2369 apparere.
2763 2301 3012 2359 Sufficiat
3038 2306 3221 2376 nobis,
3264 2310 3525 2380 quoniam

1930 2385 1948 2425 ί
1979 2389 2151 2443 sancti
2180 2389 2402 2446 Thomas
2421 2393 2738 2458 curiositas,
2763 2396 3136 2466 ambiguitatis
3159 2399 3354 2458 futura:
3377 2416 3526 2458 scru-

1924 2483 2052 2551 pulo
2080 2484 2364 2539 satisfecit.
2395 2484 2548 2552 Quod
2589 2485 2734 2541 enim
2776 2489 2978 2545 absens
3001 2489 3285 2562 fuit,quod
3313 2494 3527 2554 avidius

1924 2575 2231 2644 etvidere,
2276 2588 2333 2634 et
2380 2586 2675 2636 attrectare
2728 2581 3016 2639 Dominum
3052 2588 3527 2659 perquisivit,to-

1925 2675 2038 2722 tum
2070 2678 2275 2725 nostra:
2307 2673 2701 2739 procumbatur
2722 2674 2928 2742 saluti;
2970 2685 3028 2732 ut
3053 2679 3366 2738 evidentius
3389 2698 3524 2739 nos-

1924 2775 2177 2817 ceremus
2207 2764 2634 2819 resurrectionis
2666 2764 2973 2822 Dominicae
2999 2771 3287 2827 veritatem
3315 2815 3330 2842 ,
3366 2790 3530 2844 quam

1925 2854 2118 2909 beatus
2148 2854 2388 2911 Thomas
2419 2857 2489 2912 ob
2516 2859 2888 2916 necessariam
2927 2864 3304 2922 curiositatem
3335 2871 3526 2940 provi-

1924 2945 2120 3001 denter
2152 2948 2520 3017 reprehensus
2570 2949 2840 3018 afﬁrmat,
2874 2954 3068 3012 dicens
3097 2957 3151 3012 ci
3196 2976 3210 3013 :
3259 2957 3522 3019 Dominus

1924 3055 2088 3105 meus,
2104 3049 2152 3094 et
2173 3039 2314 3094 Deus
2337 3059 2482 3096 mens
2507 3041 2690 3112 (Joan.
2720 3061 2818 3113 xx,
2841 3045 2957 3118 28).
2983 3048 3216 3117 Quartus
3241 3051 3420 3108 Lucas
3437 3064 3528 3112 est

1924 3131 2276 3202 evangelista,
2293 3133 2386 3204 qui
2399 3135 2587 3188 beatos
2605 3136 2902 3206 Apostolos
2922 3139 3036 3208 pari
3054 3142 3250 3199 met-ito
3268 3146 3532 3202 subsecu-

1927 3232 2035 3290 tus,
2051 3235 2107 3279 et
2127 3223 2640 3296 Evangeliilibrutn,
2665 3237 2722 3284 et
2740 3231 2910 3285 Actus
2934 3231 3390 3305 Apostolorum}
3414 3241 3520 3296 mi-

213 3316 368 3373 Beati
396 3319 488 3390 qui
517 3318 755 3372 esuriant
779 3362 792 3385 ,
836 3327 884 3370 et
911 3317 1093 3371 sitiunt
1113 3320 1410 3391 justitiam,
1443 3320 1691 3390 quoniam
1720 3319 1818 3392 ipsi
1844 3287 1890 3349 C
1924 3317 2091 3372 randa
2115 3319 2516 3375 examinatione
2541 3321 2885 3391 conscripsit.
2913 3325 3118 3382 llorum
3140 3339 3372 3399 quatuor
3391 3334 3527 3390 hea-

214 3411 594 3465 saturabuntur
621 3409 840 3482 (Matth.
877 3426 928 3476 v,
961 3410 1040 3481 6).
1081 3410 1348 3482 Apparuit
1398 3413 1638 3468 secundo
1668 3417 1817 3484 Apo-

216 3503 376 3560 stolis
397 3502 582 3576 (Joan.
606 3520 699 3570 xx,
721 3504 838 3575 26),
865 3503 1164 3559 utThomze
1195 3504 1526 3562 desiderium
1551 3507 1818 3578 adimple-

216 3596 556 3668 ret:profuit
584 3597 855 3668 cupiditas
884 3597 1006 3667 ejus
1033 3606 1090 3654 et
1119 3599 1334 3654 caneris
1360 3616 1376 3666 ;
1407 3599 1680 3673 necbipse
1709 3601 1816 3658 mi-

225 3742 271 3834 :-
296 3759 316 3779 '
346 3759 531 3816 Lectio
561 3758 706 3834 Flor.
736 3759 863 3815 cod.
909 3768 965 3814 et
987 3759 1124 3834 ‘Vat.
1158 3762 1460 3833 utriusque,
1491 3779 1652 3834 quam
1703 3781 1818 3823 me-

223 3830 438 3905 liorem,
460 3841 512 3905 et
533 3832 796 3905 aptiorem
810 3830 1180 3905 ostenduntea
1207 3849 1329 3903 quae
1348 3830 1468 3889 mox
1497 3830 1817 3905 sequuntur:

221 3901 374 3957 Beati
421 3904 804 3974 quiiesuriunt.
862 3901 997 3959 Tres
1053 3901 1320 3960 editiones
1365 3901 1822 3963 habent'satiavit

223 3991 345 4046 ergo
369 3973 491 4046 _eu-m
508 3973 784 4031 Dominus.
806 3973 941 4030 Cod.
969 3974 1285 4046 Pantagathi
1311 4017 1324 4042 ,
1350 3978 1558 4030 satiavit
1587 3982 1822 4035 esurien-

225 4043 330 4101 tem
356 4043 638 4101 Dominus.

296 4116 326 4154 δ
357 4117 411 4172 1η
445 4135 547 4173 ms.
579 4116 895 4188 Pantagathi
926 4116 990 4188 ad
1025 4117 1346 4186 marginem,
1389 4119 1506 4187 ejus
1537 4135 1698 4175 manu
1726 4123 1822 4176 ad-

224 4188 397 4245 ditum
419 4200 502 4245 est
524 4189 680 4253 aliis;
719 4187 900 4258 itaque
927 4187 1056 4259 legit
1086 4206 1098 4240 :
1128 4205 1217 4243 nec
1244 4191 1354 4259 ipse
1371 4191 1542 4244 minus
1572 4191 1692 4246 aliis
1721 4194 1822 4247 ali—

226 4261 352 4332 quid
379 4261 549 4324 habet,
583 4263 707 4332 quia
735 4261 992 4332 posterior
1020 4258 1282 4314 Christum
1312 4262 1460 4316 vidit.

305 4344 327 4372 ο
358 4333 610 4388 Barthius
637 4333 674 4385 l.
706 4348 813 4386 χχιι
845 4332 1078 4386 Advers.
1106 4349 1154 4386 c.
1185 4332 1238 4399 6,
1273 4332 1720 4391 huncGaudentii
1741 4337 1821 4392 l0-

226 4420 349 4462 cum
374 4413 626 4460 recenset
655 4405 794 4459 inter
812 4419 912 4458 nec
926 4404 1301 4472 grammatice,
1321 4420 1420 4460 nec
1435 4404 1628 4461 Latine
1649 4407 1815 4475 dicta,

1926 3423 2006 3467 tas
2039 3413 2302 3468 habemus
2321 3414 2374 3468 itt
2400 3416 2653 3484 praesenti
2678 3416 2962 3487 reliquias,
2984 3419 3313 3493 quiregnum
3338 3425 3532 3497 Dei,et

1916 3507 2184 3578 justitiam
2211 3507 2586 3579 praedicantes,
2613 3509 2681 3565 ab
2705 3510 3024 3580 incredulis,
3057 3523 3115 3570 et
3137 3517 3335 3588 iniquis
3384 3523 3533 3579 occi-

1921 3603 1991 3672 si,
2051 3602 2163 3658 Deo
2221 3615 2437 3672 semper
2487 3601 2673 3659 vivere
2720 3606 3100 3674 operationum
3146 3624 3369 3669 suarum
3421 3616 3534 3673 vir-

1923 3785 2028 3845 sem
2054 3784 2074 3836 ;
2103 3783 2201 3838 pro
2239 3776 2390 3845 eruta
2429 3768 2676 3845 fuissent,
2733 3779 2812 3845 et‘
2834 3787 2936 3826 non
2968 3777 3289 3845 potuissem;
3318 3780 3534 3841 dixerat

1925 3841 2069 3924 enim
2093 3855 2256 3924 supra
2275 3839 2596 3924 didicissem,
2626 3839 3056 3924 qgnovi,diai_,ut
3089 3839 3296 3924 textum
3327 3839 3531 3924 legenti

1924 3911 2119 3980 liquet.
2153 3912 2475 3986 Similitch
2502 3911 2853 3968 Conffxrttt:
2884 3919 3035 3986 cuius
3065 3920 3168 3973 nisi
3218 3911 3415 3979 memo'r
3443 3911 3528 3983 es;

1925 3998 2050 4062 sem.
2087 3999 2205 4064 non
2237 3983 2518 4036 invenirem
2539 4026 2553 4049 ,
2587 3986 2712 4064 quia
2742 4001 2844 4038 non
2875 3983 3205 4064 agnoscerem
3231 4009 3252 4059 ;
3302 4010 3401 4064 pro
3427 4015 3532 4056 non

1928 4053 2256 4127 invenissem,
2291 4063 2346 4106 et
2393 4070 2495 4127 non
2523 4057 2844 4124 agnovissent
2869 4075 2889 4122 ;
2910 4053 3145 4115 'dixerat
3173 4053 3318 4117 enim
3365 4053 3527 4127 antea

1926 4125 2135 4177 memini
2158 4139 2235 4175 me
2266 4124 2712 4208 qntesissenatque
2731 4129 3004 4208 invenisse.
3034 4131 3240 4208 ltem_tt
3269 4134 3426 4193 Conf.
3459 4124 3527 4208 tt,

1925 4203 2014 4246 aut
2039 4204 2172 4248 certe
2203 4195 2431 4247 sonitum
2457 4195 2671 4248 nubium.
2704 4208 2910 4252 tuarum
2951 4202 3256 4265 vigilantius
3284 4195 3528 4265 adverte:

1924 4281 2031 4319 rem
2062 4311 2076 4334 ,
2114 4281 2211 4335 pro
2253 4266 2718 4352 qdvertissemset
2747 4271 2908 4337 paulo
2941 4266 3166 4352 inferius
3218 4293 3232 4328 :
3267 4277 3362 4332 has
3406 4297 3528 4352 ergo

1924 4351 2072 4413 voces
2102 4338 2407 4391 exaudirem
2433 4338 2736 4413 vigilantius
2764 4384 2778 4407 ,
2814 4355 2913 4410 pro
2940 4345 3308 4413 exaudissem;
3346 4338 3534 4408 subdit

1923 4409 2071 4480 enim
2120 4423 2247 4462 mox
2295 4427 2308 4462 :
2357 4409 2448 4462 sed
2481 4407 2696 4476 e/ferbui
2718 4407 2897 4480 miser,
2947 4421 2994 4467 et
3052 4407 3300 4473 excessif
3328 4407 3533 4478 Contra

229 4476 508 4533 subdens:
544 4475 838 4552 Dicendum
869 4483 978 4552 erat
1005 4518 1018 4540 ,
1064 4491 1168 4552 non
1201 4475 1412 4552 fuisset.
1449 4478 1653 4552 Deinde
1700 4493 1826 4552 pro-
1854 4489 1907 4550 D
1931 4479 2250 4552 Fulgentius
2276 4475 2546 4535 meruisset
2579 4498 2678 4552 pro
2704 4475 2987 4539 mereretur
3007 4485 3187 4542 Serm.
3223 4491 3290 4544 de
3331 4493 3388 4547 ὃ.
3413 4475 3536 4548 Sto;

229 4548 335 4603 fert
361 4548 597 4603 similem
630 4546 908 4617 Eginharti
944 4547 1122 4600 locum
1146 4546 1198 4600 in
1229 4547 1346 4601 Vita
1374 4550 1550 4604 Caroli
1581 4550 1652 4604 M.
1679 4546 1827 4604 :Po-

231 4628 361 4674 terat
383 4620 532 4693 citius
548 4619 691 4688 ﬁniri
721 4660 735 4684 ,
756 4617 813 4693 si
837 4618 1110 4693 Saxonum
1140 4618 1360 4693 perﬁdia
1390 4630 1657 4693 pateretur
1682 4664 1696 4686 ,
1725 4637 1825 4693 pro

230 4708 387 4763 passa
416 4692 594 4759 fuisset
625 4705 644 4753 ;
675 4698 732 4745 et
756 4688 1220 4763 Fulgentiiep._1_,
1249 4704 1298 4763 c.
1332 4691 1356 4744 1
1390 4688 1407 4742 ἒ
1442 4689 1693 4747 Febrium
1721 4688 1829 4747 vio-

230 4759 374 4817 lenta
405 4763 644 4816 nimietas
691 4768 1028 4815 commeatum
1073 4759 1201 4813 mihi
1242 4762 1359 4816 vitae
1406 4767 1663 4832 auferret,
1727 4765 1828 4820 nisi

230 4849 380 4889 verus
428 4835 718 4888 anima-rum
749 4842 799 4886 et
835 4833 1063 4904 corporis
1093 4832 1324 4886 medicus
1362 4833 1668 4904 dignaretur
1717 4838 1826 4892 lar-

266 4907 330 4961 iri
355 4907 661 4968 remedium,
705 4919 800 4974 pro
839 4903 1084 4974 dignatus
1134 4904 1337 4972 fuisset.
1381 4903 1505 4961 Haec
1550 4907 1823 4964 Barthius.

277 4977 418 5034 audo
461 4977 705 5047 profecto
750 4977 946 5030 summi
993 4974 1109 5048 Viri
1142 4976 1500 5032 eruditionem
1529 5025 1542 5048 ,
1577 4979 1670 5034 sed
1704 4995 1825 5036 cum

233 5059 343 5106 tres
371 5051 641 5105 editiones
669 5063 789 5118 quae
811 5048 938 5101 mihi
967 5047 1031 5119 ad
1064 5063 1284 5119 manum
1331 5057 1488 5119 sunt,
1523 5052 1729 5107 diserte
1751 5053 1829 5108 le-

231 5135 356 5188 gant
391 5138 496 5175 non
529 5116 708 5190 fuisset
733 5161 748 5183 ,
768 5116 1288 5190 oportet_Barthium
1311 5116 1490 5190 aliqua
1510 5123 1612 5176 alia
1641 5132 1831 5180 vetus-

231 5194 359 5250 tiori
390 5188 629 5248 editione
646 5205 769 5262 esse
791 5205 966 5244 usum.
992 5188 1217 5262 inmss.
1247 5188 1466 5261 quidem
1503 5194 1696 5262 legitur
1725 5213 1831 5252 non

231 5266 440 5335 fuerat,
468 5264 546 5318 sic
578 5263 720 5335 enim
750 5261 915 5335 habet
943 5277 1008 5335 ex
1042 5261 1183 5335 Vati.
1211 5277 1373 5327 unus,
1399 5266 1537 5319 alter
1560 5261 1698 5321 vero
1726 5284 1830 5322 non

233 5331 452 5408 fuisset;
492 5344 548 5388 at
582 5333 728 5408 Flor.
764 5343 823 5408 e_t_
834 5406 842 5408 _
865 5331 1017 5408 Urb.__
1034 5333 1230 5388 eodem
1248 5335 1443 5408 _modo
1491 5353 1593 5391 non
1623 5345 1825 5408 fuerat,

231 5403 430 5479 quibus
470 5405 746 5479 consentit
791 5405 928 5458 liber
980 5404 1210 5479 Octavit
1248 5403 1568 5479 Pantagathi
1595 5403 1632 5470 ;⁷
1659 5403 1831 5479 quare

233 5477 526 5534 maluimus
554 5477 843 5552 genuinam
877 5477 1466 5552 mss._simplicitatem,
1495 5494 1656 5548 quam
1677 5477 1833 5552 inep-

233 5563 315 5608 tas
347 5547 806 5623 typographorutn
840 5547 1256 5623 emendationes
1289 5547 1524 5623 retinere
1552 5591 1566 5615 ,
1603 5547 1834 5623 praeser-

232 5626 326 5677 tim
353 5619 707 5690 euttt’przeter
729 5620 846 5674 loca
869 5635 900 5674 a
939 5620 1167 5692 Barthio
1209 5619 1416 5689 prolata
1443 5662 1456 5684 ,
1482 5621 1622 5692 apud
1654 5626 1834 5679 eccle-

232 5695 484 5751 siasticos
513 5693 808 5761 scriptores
836 5692 906 5745 sit
937 5691 1250 5759 hujusmodi
1290 5692 1488 5746 locutio
1527 5707 1635 5748 non
1661 5695 1828 5752 infre-

231 5780 438 5836 quens;
471 5771 529 5818 ut
570 5763 1118 5836 aptttlﬁAugustinum
1147 5779 1179 5818 x
1212 5762 1372 5818 Conf.
1409 5763 1497 5831 10,
1541 5781 1787 5821 exttetno
1814 5786 1828 5821 :

233 5837 656 5896 nisiadmonentc
679 5835 856 5906 aliqua
881 5845 1204 5904 emerentur,
1237 5849 1298 5888 ca
1327 5837 1550 5907 cogitare
1576 5855 1679 5894 non
1705 5855 1829 5910 pos-

1934 4550 2156 4635 phano:
2191 4551 2490 4635 §tephanus
2521 4550 2775 4635 saevitiam
2836 4553 3148 4635 Iudaeorum
3189 4563 3354 4631 potuit
3383 4579 3538 4635 supe-

1930 4639 2069 4692 rare,
2104 4632 2156 4676 ut
2186 4625 2263 4677 ita
2297 4625 2567 4700 meruisset
2589 4627 2816 4695 feliciter
2849 4625 3220 4700 triumphare}
3248 4643 3303 4688 et
3348 4625 3476 4688 mox
3521 4653 3538 4694 :

1930 4703 1987 4820 πλε
2002 4711 2253 4821 ἕοῖοηαηι
2283 4698 2556 4751 meruisset
2605 4701 2843 4770 accipere
2863 4743 2877 4767 ,
2911 4698 3221 4757 charitatem
3250 4723 3348 4777 pro
3376 4709 3537 4765 armis

1967 4783 1999 4820 a
2036 4785 2062 4821 e
2095 4776 2168 4821 at.

1967 4769 2168 4822 abebat.

2002 4837 2028 4922 cl
2220 4851 2476 4922 quatuor,
2510 4842 2622 4922 noli
2652 4857 2764 4922 esse
2788 4844 3098 4922 incredulus
3125 4894 3140 4918 ,
3174 4851 3266 4906 sed
3293 4851 3491 4922 ﬁdelis.

2006 4921 2029 4990 εἰ
2061 4911 2218 4990 _F_lor.
2250 4924 2304 4990 et
2330 4912 2477 4990 Vatt.
2508 4915 2639 4978 duo,
2669 4914 3049 4973 indubitantem
3092 4911 3270 4990 ﬁdem.

2009 4981 2028 5020 ί
2057 4983 2145 5039 Sic
2175 4983 2374 5054 legitur
2411 4986 2464 5040 in
2505 4995 2739 5056 quatuor
2765 5004 2922 5056 mss.;
2952 4981 3104 5046 editi.
3134 5009 3264 5050 vero
3290 5037 3304 5056 .
3355 5000 3529 5055 sancti

1931 5052 2148 5140 Tharria:
2177 5052 2495 5140 curias-itas:
2515 5052 2576 5140 _et
2606 5052 2942 5140 ambiguitas,
2974 5066 3173 5140 futurte
3201 5052 3531 5140 scrupulosi;

1930 5127 2052 5179 tatis
2073 5127 2233 5208 ﬂuent
2258 5129 2399 5208 fecit.
2427 5127 2595 5195 Male;
2633 5127 3115 5208 n_a_niGattdentins
3139 5155 3299 5208 supra
3324 5127 3530 5199 bullam

1931 5199 2180 5275 agnoscit
2219 5197 2275 5251 in
2323 5198 2530 5275 Thoma
2567 5200 2976 5275 ambiguitatem
3001 5251 3014 5275 ,
3047 5219 3139 5262 aut
3172 5197 3527 5271 incredulita:

1933 5279 2073 5354 tem;
2101 5271 2306 5354 itaque,
2326 5269 2568 5341 ineptum
2605 5269 2747 5327 foret
2777 5271 2882 5332 hoc
2912 5269 3031 5333 loco
3063 5281 3356 5336 admittere
3383 5269 3530 5354 quod

1932 5349 2092 5396 antea
2124 5349 2334 5409 t'ejecit.

2007 5421 2032 5495 tt
2062 5411 2130 5494 Et
2160 5417 2302 5466 hunc
2330 5426 2549 5495 quoque
2571 5414 2749 5471 locum
2781 5417 2833 5473 in
2860 5419 3022 5475 editis
3051 5421 3409 5493 depravatum
3449 5443 3533 5485 re-

1931 5484 2210 5566 stituimus
2258 5484 2932 5566 subsidiaquatuorntss.
2985 5484 3183 5562 quibus
3233 5505 3341 5551 tam
3393 5484 3532 5566 hici,

1932 5570 2097 5628 quam
2150 5555 2214 5628 in_
2252 5557 2524 5628 superiori
2565 5559 2727 5615 etiam
2783 5555 3018 5618 lectione
3072 5568 3348 5622 consentit
3404 5555 3531 5627 cod:

1933 5626 2280 5697 Pantagathi.
2306 5627 2440 5683 Tres
2461 5630 2731 5686 editiones
2753 5632 2954 5690 habent
2980 5636 3238 5692 imitanda
3261 5626 3536 5696 examina?-

1936 5699 2112 5782 tiqne;
2159 5706 2216 5752 at
2259 5697 2462 5782 Lucam
2496 5703 2839 5782 Apostolicas
2883 5715 2941 5759 ut
2977 5717 3141 5782 puto,
3170 5720 3227 5765 et
3258 5713 3539 5782 Evangelii

1937 5770 2134 5852 librum
2165 5770 2625 5854 οοηευι-ἱὺθιιιεξιιι,
2652 5790 2814 5830 nemo
2841 5815 2854 5840 ,
2886 5770 3096 5854 πράξεις
3115 5770 3139 5850 ,’
3160 5796 3309 5840 sanae
3335 5770 3538 5844 mcvntis

1933 5852 2132 5898 ttnttart
2160 5852 2592 5914 pra-sumpserit.
