4070 6346
519 296 625 359 ’6⁸1

1593 286 1656 347 Β.
1695 284 2077 348 GAUDENTII
2118 285 2379 347 BBIXIE
2418 287 2731 348 EPISCOPI

3716 298 3811 359 968

519 423 609 470 tur
635 409 912 484 alloquiis,
945 424 1014 467 ne
1043 409 1250 467 vellent
1279 408 1382 466 hac
1412 408 1712 479 pertinacia
1747 409 1844 471 uti,
1890 423 1959 463 ne
1990 423 2116 479 erga
2143 413 2197 472 Α
2224 423 2335 463 ram
2385 409 2567 465 nimiis
2608 410 2874 481 rigentem
2922 410 3239 483 frigoribus,
3267 420 3487 485 tempus
3509 414 3695 482 etiam,
3717 430 3814 484 quo

518 507 912 579 imperatorem
944 520 1100 561 suum
1143 503 1528 560 contumeliosi
1582 503 1745 576 342
1788 504 2115 571 existerent,

522 616 594 658 ne
620 601 740 671 ejus
774 608 1041 671 praecepta
1065 608 1507 665 contemnerent,
1542 598 1609 653 ne
1647 601 1780 652 alias
1825 598 2118 653 devotissi—

522 698 620 766 mi,
654 699 707 755 in
736 699 842 754 hoc
865 698 1009 753 facto
1038 697 1303 753 offensam
1338 697 1484 767 regis
1516 698 1810 751 maximam
1857 711 2123 766 provoca-

521 800 663 860 rent,
698 806 726 845 a
759 806 866 861 quo
912 788 1083 859 magis
1135 787 1427 853 beneficia,
1467 798 1523 843 et
1569 788 1809 842 honores
1864 802 1966 858 pro
2022 787 2125 843 hac

521 882 835 955 specialiter
862 881 1175 938 obedientia
1207 895 1436 952 sperare
1478 880 1769 937 deberent.
1802 878 2123 934 lndccorum

522 988 673 1034 certe
722 974 1077 1032 bellatoribus
1124 974 1257 1028 viris
1306 987 1452 1041 esse,
1479 983 1539 1027 ut
1586 973 1731 1026 inter
1780 971 2025 1041 ignavos,
2073 978 2129 1025 et

524 1070 741 1135 noxios,
792 1077 968 1123 morte
1014 1067 1327 1135 turpissima
1375 1066 1712 1136 deperirent.
1762 1063 2126 1135 Cogitandum

522 1164 629 1220 illis
658 1178 781 1220 esse
806 1162 1115 1233 juventutis
1135 1176 1249 1215 suae
1280 1160 1493 1227 ﬂorem,
1526 1170 1582 1216 et
1609 1159 2009 1229 iucunditatem
2042 1159 2126 1213 lu-

515 1257 596 1314 cis
644 1258 804 1328 hujus
834 1272 897 1313 ac
934 1258 1078 1325 vitae,
1113 1274 1277 1330 quam
1307 1268 1333 1294 ⁸
1363 1260 1482 1313 sine
1532 1265 1795 1327 reSpectu
1824 1256 1989 1311 ullius
2040 1269 2130 1309 ra-

521 1350 686 1407 tionis
736 1350 1111 1421 imprudentes
1162 1352 1420 1407 amittere
1474 1350 1860 1406 suaderentur.
1906 1348 2130 1404 Talibus

522 1446 722 1502 auditis
766 1446 1066 1502 Christiani
1097 1448 1227 1511 viri,
1263 1447 1573 1517 meritoque
1615 1445 1922 1513 mirabiles,
1966 1459 2133 1498 vene-

524 1550 677 1594 natas
729 1540 1021 1609 perniciosi
1084 1540 1387 1596 hortatoris
1456 1538 1748 1593 blanditias
1798 1554 1903 1592 nun
1957 1536 2130 1591 solum

522 1631 906 1687 constantibus
938 1632 1138 1686 animis
1170 1642 1532 1701 respuerunt,
1586 1646 1775 1685 verum
1825 1630 1988 1685 etiam
2042 1646 2131 1685 re-

521 1727 819 1797 sponsione
854 1728 1122 1783 acerrima
1152 1724 1484 1781 refutarunt.
1518 1724 1660 1792 Quid
1707 1734 1784 1789 tu,
1815 1724 1991 1789 aiunt,
2016 1740 2135 1778 om-

2225 504 2456 558 maxima
2509 502 2706 560 hiemis
2754 504 3025 575 asperitas
3070 505 3343 577 Aquilone
3401 507 3570 564 ﬂante
3623 508 3819 566 violen-

2226 598 2329 651 tius
2372 598 2762 665 incumbebat;
2799 607 2821 635 ε
2855 608 3074 655 montes
3115 600 3328 656 nivibus
3355 645 3370 670 ,
3427 602 3636 670 pruinis
3702 618 3819 657 arva

2226 690 2581 761 tegebantur;
2654 690 2898 761 liquores
2975 707 3278 763 agnoscere
3352 710 3507 749 suam
3582 704 3819 751 naturam

2226 783 2359 838 solis
2410 784 2623 852 ignibus
2676 785 3051 854 cogebantur;
3098 789 3395 858 stupebant
3448 788 3661 859 ingenti
3718 791 3822 861 gla-

2227 878 2313 933 cie
2362 880 2683 933 torrentium
2727 880 3015 936 ﬂuminum
3068 897 3302 949 cursus;
3330 879 3358 920 ἀ
3396 893 3652 955 stagnum
3696 899 3824 955 quo-

2229 984 2335 1039 que
2390 971 2518 1033 urbi
2590 972 2643 1025 in
2712 988 2815 1042 qua
2886 973 2988 1028 ista
3067 976 3433 1045 gerebantur,
3500 976 3823 1047 subjacens,

2230 1062 2395 1136 3&3
2436 1064 2598 1135 longe
2629 1068 2849 1137 lateque
2882 1067 3163 1135 diffusum,
3191 1070 3536 1128 validissimo
3576 1073 3701 1143 gelu
3740 1074 3828 1129 du-

2233 1167 2406 1224 rante,
2452 1159 2557 1214 iter
2588 1161 2823 1216 solidum
2874 1162 3136 1233 plaustris
3186 1166 3536 1236 gementibus
3593 1182 3829 1222 commoo

2234 1251 2420 1307 dabat.
2452 1263 2475 1290 θ
2512 1253 2621 1310 llac
2649 1270 2783 1325 ergo
2810 1256 2861 1311 vi
2903 1256 3029 1324 loci,
3054 1259 3137 1313 vel
3184 1259 3453 1329 temporis
3498 1260 3830 1319 immanitate

2235 1357 2542 1415 perspecta,
2576 1348 2849 1419 sacrilegii
2880 1349 3117 1405 Gentilis
3159 1362 3410 1419 exactor,
3448 1355 3593 1409 istud
3634 1357 3830 1426 suppli-

2234 1440 2301 1494 cii
2330 1456 2501 1511 gcnus
2529 1443 2734 1497 sanctis
2772 1444 3027 1500 adhiberi
3066 1446 3319 1516 imperat,
3353 1458 3411 1502 ut
3458 1449 3680 1505 nudatis
3722 1466 3831 1506 cor-

2235 1533 2461 1603 poribus
2491 1535 2705 1606 religati
2734 1537 2785 1591 iii
2820 1537 2997 1605 aperti
3027 1540 3175 1594 aeris
3208 1540 3469 1609 pruinosa
3494 1541 3697 1598 duritie
3720 1560 3833 1614 per-

2239 1636 2549 1693 noctarent,
2582 1628 2795 1685 balneis
2826 1630 2991 1701 longe
3043 1632 3142 1687 sub
3175 1644 3476 1703 conSpectu
3527 1650 3723 1689 eorum
3763 1639 3833 1691 fu-

2239 1720 2550 1787 mantibus;
2582 1722 2671 1775 ubi
2705 1721 2871 1777 velox
2904 1722 3209 1779 remedium
3249 1726 3408 1781 victis
3453 1727 3691 1783 callidus
3723 1744 3833 1797 per-

522 1823 672 1878 nium
721 1822 1082 1893 nequissime,
1117 1828 1309 1875 contra
1344 1819 1509 1874 Deum
1539 1818 1807 1873 rebellare
1833 1831 2018 1882 ausus,
2054 1816 2132 1869 fa-
2164 1834 2211 1895 B
2241 1821 2480 1877 secutor.
2512 1814 2724 1867 animas
2755 1829 2946 1870 eorum
2995 1818 3167 1885 magis
3207 1818 3526 1875 interﬁcere
3575 1824 3829 1891 geStiens,

526 1913 708 1969 mulos
754 1914 875 1984 ejus
919 1911 1103 1968 verbis
1155 1911 1437 1967 fallacibus
1483 1910 1834 1981 supplantare
1882 1908 2136 1964 conaris?

524 2006 670 2076 Quid
696 2022 798 2064 nos
828 2024 857 2062 a
890 2008 1041 2062 cultu
1075 2006 1172 2062 Dei
1202 2006 1339 2073 veri,
1367 2018 1422 2062 et
1448 2007 1577 2074 vivi,
1605 2006 1671 2060 ad
1695 2016 1905 2060 mortua
1934 2006 2139 2061 dmmoo

526 2116 654 2155 num
684 2101 983 2157 simulacra
1011 2100 1279 2155 inclinare
1313 2100 1603 2156 contendis
1624 2101 1650 2154 ‘l
1680 2099 1819 2168 Quid
1864 2099 2135 2155 honorum

523 2194 872 2249 terrestrium
905 2193 1133 2249 caducis
1160 2194 1640 2264 promissionibus,
1669 2203 1725 2249 et
1757 2193 2001 2248 inanium
2034 2198 2133 2249 re-

522 2300 643 2341 rum
673 2286 983 2356 prmstigiis,
1019 2286 1233 2342 animos
1264 2296 1483 2341 nostros
1513 2301 1544 2341 e
1574 2286 1762 2356 vigore
1791 2285 1915 2341 fidei
1940 2285 2129 2342 coeles-

526 2378 594 2433 tis
620 2378 929 2449 depravare
969 2379 1285 2449 pertentas?
1319 2379 1690 2435 Exsecramur
1717 2394 1967 2444 munera,
2010 2394 2133 2449 qua:

523 2472 913 2530 detrimentum
946 2474 1139 2529 salutis
1188 2474 1521 2543 important;
1557 2474 1917 2541 repudiamus
1956 2474 2131 2529 hono-

522 2579 633 2630 res,
666 2564 759 2635 qui
790 2564 1051 2621 auferunt
1103 2564 1251 2620 illam
1306 2565 1539 2635 gloriam
1590 2566 2023 2635 sempiternam;
2055 2581 2135 2622 re-

522 2659 815 2730 probamus
865 2659 1139 2716 amicitias
1194 2660 1360 2731 regis,
1391 2675 1513 2730 qua:
1542 2676 1643 2716 nos
1670 2676 1699 2715 a
1727 2661 1994 2716 charitate
2037 2660 2134 2716 Dei

524 2767 782 2824 separare
837 2752 1184 2819 desiderant;
1236 2754 1546 2824 respuimus
1587 2763 1643 2810 et
1685 2752 1824 2809 hanc
1861 2763 2133 2824 tempora-

522 2846 633 2903 lem
666 2846 841 2902 nostri
881 2847 1131 2918 corporis
1174 2847 1359 2915 vitam,
1392 2864 1513 2919 qu:e
1554 2863 1679 2903 cum
1713 2846 1955 2919 periculo
2007 2848 2132 2904 fidei

526 2950 743 2998 servata
800 2941 995 2997 anima:
1043 2941 1281 3011 acquirit
1337 2943 1654 3009 interitum;
1704 2952 1980 3011 postremo
2034 2958 2133 2998 nec

526 3035 810 3107 suppliciis
861 3034 1223 3105 prmseutibus
1269 3036 1633 3091 deterremur.
1667 3034 1955 3091 Tradimus
2007 3051 2133 3091 car-

528 3148 653 3189 nem
681 3132 877 3202 ptnnis,
901 3146 1273 3202 quascumque
1304 3131 1550 3202 irrogare
1582 3130 1844 3197 volueris,
1873 3147 1940 3186 ne
1960 3130 2130 3186 abne-

2244 1906 2613 1976 promittebat.
2642 1906 2749 1964 Sed
2769 1908 3072 1964 beatissimi
3105 1921 3399 1983 martyres,
3423 1912 3636 1983 Spiritu
3658 1924 3833 1971 sancto

2240 2000 2539 2067 ferventes,
2573 2002 2823 2057 vestibus
2867 2004 2982 2058 suis
3032 2004 3223 2074 procul
3266 2006 3521 2075 abiectis,
3547 2008 3730 2063 festini
3772 2009 3831 2063 ad

2239 2093 2476 2150 stadium
2522 2106 2844 2165 properant,
2875 2111 3141 2152 coronam
3196 2108 3346 2154 tanto
3375 2102 3671 2156 certamini
3716 2117 3832 2172 pro-

2239 2188 2471 2258 positam
2503 2189 2723 2243 caalitus
2755 2189 3057 2245 intuentes.
3103 2191 3313 2247 Deinde
3357 2191 3676 2249 hortatibus
3721 2210 3830 2249 mit-

2242 2280 2345 2334 tuis
2395 2281 2694 2351 patientirc,
2727 2283 2876 2338 vires
2911 2284 3239 2349 accendunt,
3273 2288 3505 2357 gloriam
3538 2290 3690 2359 regni
3738 2306 3832 2347 ete-

2238 2372 2391 2427 lestis
2442 2374 2616 2442 pinnis
2662 2375 3031 2445 prmsentibus
3080 2377 3399 2448 praeferunt,
3434 2390 3491 2435 et
3545 2381 3652 2436 hoc
3698 2382 3832 2438 inter

2237 2477 2436 2525 caetera
2467 2468 2995 2540 replicantes:quod
3022 2477 3110 2542 qui
3147 2490 3248 2543 pro
3278 2476 3458 2532 salute
3489 2478 3637 2548 regis
3667 2487 3830 2535 terre-

2237 2563 2290 2617 ni
2321 2563 2546 2619 hostiles
2567 2564 2778 2634 gladios
2804 2563 3101 2621 formidare
3126 2569 3585 2639 contempsimus.
3611 2587 3709 2626 cur
3733 2586 3827 2627 non

2239 2675 2336 2731 pro
2364 2660 2471 2715 fide
2501 2660 2618 2726 ltei,
2647 2674 2709 2715 ac
2757 2661 2977 2739 Domini
3034 2662 3210 2718 nostri
3260 2662 3395 2719 Jesu
3440 2662 3648 2720 Christi
3695 2666 3829 2736 regis

2237 2754 2450 2821 aeterni,
2484 2770 2678 2811 omnes
2724 2755 2997 2825 irrogatos
3031 2767 3223 2811 nostro
3254 2759 3479 2828 corpori
3530 2760 3826 2826 cruciatus,

2237 2864 2392 2918 aequo
2420 2848 2605 2902 animo
2648 2849 2945 2919 patiamur,
2978 2850 3138 2909 ocius
3177 2851 3242 2906 ad
3273 2861 3495 2907 aeternae
3531 2853 3671 2909 lucis
3710 2853 3831 2908 bea-

2240 2944 2550 3010 titudinem,
2604 2944 2881 3015 vitamque
2937 2956 3277 3016 perpetuam,
3325 2947 3593 3017 gloriosze
3646 2948 3829 3004 mortis

2237 3037 2568 3107 compendio
2592 3038 2918 3093 transituri?
2945 3037 2962 3076 τ
2982 3038 3131 3094 Inter
3154 3040 3378 3109 pruinas
3398 3041 3630 3096 ardebat
3649 3042 3825 3101 Fides.

2237 3142 2291 3186 et
2321 3132 2575 3188 caelestes
2608 3134 2775 3186 animi
2808 3132 3089 3189 desiderio
3120 3132 3321 3190 Christi
3354 3134 3665 3192 fervebant.
3710 3137 3831 3193 Ure-

524 3233 717 3296 gantes
767 3223 1045 3280 Christum
1098 3225 1285 3293 Deum,
1338 3225 1406 3280 ad
1440 3234 1713 3281 tormenta
1739 3234 2000 3295 perpetua
2034 3226 2132 3281 de-
2162 3237 2207 3301 ρ
2240 3226 2331 3281 bat
2357 3228 2608 3282 acritudo
2635 3227 2789 3281 nimii
2823 3225 3043 3296 frigoris
3095 3228 3342 3284 lucentes
3389 3230 3688 3301 rigentium
3720 3246 3831 3287 cor-

532 3333 866 3389 mergamur,
892 3333 1013 3386 quae
1041 3316 1287 3384 diabolo,
1318 3327 1374 3373 et
1397 3318 1552 3373 vobis
1580 3317 1845 3372 ministris
1867 3319 1987 3385 ejus
2011 3328 2140 3373 sunt

530 3414 599 3470 ab
629 3413 783 3469 initio
814 3422 1138 3484 praeparata.
1167 3412 1322 3468 Tunc
1350 3413 1443 3469 ille
1470 3412 1639 3482 judex
1664 3412 1999 3483 'iniqnitatis,
2031 3414 2134 3468 liu-

524 3507 763 3579 jusmodi
791 3506 953 3562 dictis
976 3522 1261 3572 accensus,
1285 3506 1529 3563 furorem
1554 3521 1735 3573 suum,
1762 3522 1923 3577 quem
1978 3506 2140 3577 paulo

533 3608 662 3656 ante
684 3600 939 3656 subtilius
965 3600 1192 3670 explere
1223 3600 1496 3668 voluerat,
1529 3600 1845 3671 excogitata
1887 3597 2142 3670 supplicii

532 3695 820 3753 novitateb
846 3696 1165 3767 geminavit.
1192 3694 1533 3767 PerSpiciens
1552 3698 1697 3753 enim
1723 3696 1963 3768 regionis
1986 3704 2142 3751 natu-

606 3909 631 3936 υ
660 3898 727 3955 Ει
755 3896 845 3952 hic
890 3912 1107 3968 quoque
1158 3912 1315 3965 opem
1369 3896 1613 3968 tulerunt
1639 3895 1784 3950 Vatt.
1831 3895 1959 3962 duo,
2005 3909 2129 3951 cum

536 3972 677 4029 male
704 3968 839 4024 editi
874 3967 1114 4039 legerent
1142 3970 1254 4024 sine
1283 3978 1520 4039 respectu
1550 3967 1695 4021 illius
1727 3968 1966 4022 rationis.

606 4043 631 4081 δ
656 4043 746 4099 Sic
778 4057 909 4095 mss.
942 4051 1208 4111 quatuor;
1240 4042 1291 4095 in
1324 4041 1487 4095 editis
1534 4040 1856 4111 geminabat;
1887 4048 1942 4092 at
1970 4040 2130 4110 gemi-

537 4115 673 4170 navit
704 4112 924 4184 praefert
945 4110 1109 4167 etiam
1141 4114 1269 4167 cod.
1300 4112 1644 4182 Pantagathi.
1671 4110 1804 4179 Quae
1831 4121 2129 4184 sequuntur

533 4203 602 4244 ex
624 4182 825 4242 Basilio
852 4187 1154 4253 desumpta,
1190 4184 1473 4238 manifeste
1507 4182 1943 4245 OStendunt.‘hos
1966 4197 2129 4237 sanc-

537 4270 621 4315 tos
652 4268 920 4328 martyres
949 4256 1136 4328 nonin
1167 4270 1363 4325 aquam
1397 4270 1610 4311 mersos
1643 4254 1928 4328 fuissetut
1960 4254 2134 4328 pleri-

535 4345 643 4401 que
674 4326 961 4401 puta—runt,
981 4327 1077 4401 sed
1104 4343 1267 4393 supra
1296 4328 1753 4401 stagnnmipsum
1776 4326 1897 4396 gelu
1926 4327 2130 4395 rigens,

540 4397 770 4457 brumali
798 4400 911 4454 aeri
939 4398 1109 4454 fuisse
1133 4399 1436 4466 expositos,
1467 4408 1526 4451 ut
1556 4397 1755 4466 frigore
1783 4406 2130 4450 necarentur.

542 4474 665 4529 Viti.
691 4473 811 4528 Bar.
859 4470 981 4525 Not.
1012 4470 1077 4542 ad
1105 4469 1350 4542 Martyr.
1384 4470 1417 4524 9
1449 4468 1653 4542 Martii,
1688 4479 1738 4520 et
1759 4468 2043 4542 _ll_uiiiart.
2078 4467 2132 4523 'rn
2162 4482 2217 4542 1)
2242 4468 2579 4525 Gaudentius
2627 4475 2867 4542 stagnum
2914 4468 3029 4542 urbi
3055 4467 3330 4542 subjace_ns
3380 4469 3549 4542 dixit;

541 4545 664 4602 Act.
690 4545 845 4599 Mart.
873 4557 994 4613 pag.
1017 4541 1142 4596 586.
1178 4539 1389 4607 Quanta
1421 4550 1600 4613 autem
1635 4540 1794 4613 fuerit
1826 4539 2138 4613 immanitas

539 4616 792 4687 frigoris,
826 4611 1168 4687 quantusque
1213 4614 1367 4687 algor
1414 4611 1693 4687 regionum
1739 4611 1973 4687 illarum,
2005 4612 2141 4687 satis

542 4682 811 4758 colligitur
842 4682 906 4739 ex
956 4686 1022 4739 iis
1048 4682 1174 4758 qua;
1214 4684 1355 4758 missi
1406 4692 1535 4758 sunt
1579 4684 1806 4736 Romani
1842 4682 2139 4758 milites_in

544 4752 805 4816 Armeiiia
838 4752 1563 4827 ageiites'sub_C.»rbulone;
1600 4769 1721 4827 nam
1752 4764 1807 4806 ut
1838 4754 2006 4809 refert
2037 4753 2143 4827 Tag

543 4831 689 4885 citus
720 4829 817 4883 lib.
860 4825 976 4889 iiii,
1016 4842 1137 4893 cap.
1171 4825 1243 4880 35
1275 4843 1289 4879 :
1324 4826 1557 4877 Ambusti
1605 4826 1889 4878 multorum
1919 4837 2063 4880 artus
2094 4825 2144 4879 vi

545 4902 775 4972 frigoris,
804 4909 852 4952 et
880 4898 1090 4972 quidam
1117 4897 1252 4972 inter
1277 4895 1522 4972 excubias
1551 4896 1830 4951 exanimati
1860 4900 2020 4972 eunti:
2050 4914 2144 4972 an-

545 4968 850 5040 notatusque
900 4969 1045 5021 miles
1091 4968 1177 5035 qui
1227 4968 1419 5037 {arcem
1469 4968 1725 5040 lignorum
1772 4969 2025 5038 gestabat,
2072 4970 2145 5023 ita

545 5039 874 5113 pram'guisse
922 5055 1123 5113 manus,
1158 5048 1213 5091 ut
1260 5039 1990 5113 oneriradltterentes‘truncis
2021 5041 2142 5096 bra-

546 5110 677 5169 chiis
704 5110 1022 5166 deciderent.
1054 5110 1527 5181 Deacerbissintis
1557 5111 1829 5166 Armeniae
1852 5112 2144 5181 frigoribus

546 5184 899 5254 conqueritur
922 5182 1087 5237 etiam
1114 5180 1279 5238 Joan.
1303 5182 1496 5253 Chrys.
1529 5198 1617 5253 ep.
1643 5185 1674 5238 4
1698 5196 1751 5237 et
1781 5183 1835 5248 6,
1863 5180 1943 5237 ad,
1966 5185 2146 5255 Olym-

549 5257 789 5328 piadem.

621 5339 645 5368 ο
675 5327 788 5382 Hoc
808 5325 1098 5381 Gaudentii
1150 5322 1271 5379 loco
1317 5338 1445 5377 usus
1476 5335 1559 5379 est
1595 5324 1802 5379 Fronto
1828 5326 2054 5380 Ducmus
2082 5324 2147 5379 ad

549 5397 902 5457 asserendam
945 5412 1130 5452 veram
1166 5396 1460 5450 lectionem
1509 5398 1692 5451 Basilii
1735 5397 1913 5451 Serm.
1948 5396 2017 5451 de
2056 5396 2150 5451 XL

550 5470 907 5545 biartyribus,
942 5468 1031 5524 ubi
1066 5484 1163 5537 pro
1195 5472 1284 5526 τὴν
1312 5468 1578 5545 φήσιν-τῆς
1616 5473 1803 5545 χώρας
1842 5466 1920 5545 tiri
1951 5472 2152 5545 κρυμῶ-

550 5489 907 5543 martyrtnus,
942 5489 1031 5524 unt
1066 5489 1163 5537 pro
1195 5489 1284 5526 την
1293 5489 1578 5590 ἔνων-της
1616 5490 1800 5545 χωρας
1842 5490 1920 5524 οτι
1951 5490 2152 5545 κρυμω-

546 5542 659 5608 δης,
680 5542 903 5612 regionis
926 5550 1167 5596 naturam
1189 5555 1290 5603 quo
1355 5540 1544 5612 [rigida
1571 5553 1695 5593 esset
1718 5558 1735 5605 ;
1770 5540 2153 5612 Volaterranus

549 5609 789 5671 verterat
816 5614 1041 5687 regionis
1070 5620 1313 5687 naturam
1332 5609 1741 5687 sitfebrosani,_et
1770 5609 1989 5665 collibus
2014 5627 2155 5687 pra:-

549 5697 777 5759 ruptam,
823 5681 967 5755 quod
999 5684 1230 5759 fortasse
1262 5682 1315 5736 in
1366 5681 1549 5751 aliquo
1594 5684 1715 5738 cod.
1750 5698 1847 5752 pro
1880 5682 2155 5757 κρυμώδης

552 5755 770 5831 Ιοςρεβει
805 5755 1127 5831 κρημνῲδης.

2240 3335 2431 3389 porum
2464 3326 2618 3375 cutes
2653 3336 2665 3373 :
2699 3328 2755 3371 at
2800 3330 3078 3389 occupata:
3125 3336 3254 3392 erga
3286 3320 3382 3376 Dei
3430 3338 3681 3379 amorem
3710 3322 3830 3378 reli-

2239 3414 2408 3482 giosa:
2441 3420 2651 3467 mentes
2680 3413 3053 3468 anitenitatem
3087 3412 3329 3483 paradisi
3361 3414 3697 3484 cogitabant.
3732 3415 3827 3469 Te-

2239 3505 2599 3560 rebrabantur
2627 3504 2928 3575 penetralia
2959 3506 3233 3559 viscerum
3261 3506 3413 3575 gelu,
3444 3506 3515 3560 ita
3544 3516 3603 3561 ut
3630 3505 3831 3561 medul-

2241 3602 2321 3655 las
2349 3600 2555 3655 ossium
2587 3599 2934 3670 gravissimis
2965 3600 3301 3655 cruciatibus
3332 3602 3584 3657 internus
3620 3602 3829 3673 quidam

2243 3702 2267 3739 ε
2293 3690 2537 3763 glacialis
2569 3701 2746 3747 tortor
2774 3702 2997 3764 urgeret
3024 3708 3037 3747 :
3066 3702 3118 3747 et
3151 3693 3465 3749 animorum
3520 3695 3696 3751 virtus
3743 3694 3834 3750 im-

2237 3910 2360 3958 nus,
2390 3902 2637 3964 stagnum
2667 3892 2810 3947 istud
2835 3901 2984 3964 extra
3018 3893 3206 3949 urbem
3235 3894 3550 3962 collocavit,
3589 3898 3670 3954 sic
3703 3898 3837 3956 illius

2236 3968 2414 4042 locum
2438 3963 2523 4042 _in_
2546 3981 2731 4042 ser_m._
2751 3964 2819 4019 de
2860 3963 2954 4019 XL
2996 3966 3323 4042 Martyribus
3359 3976 3595 4042 vertens
3631 3990 3641 4024 :
3680 3970 3839 4042 Igitur

2236 4040 2399 4093 sancti
2435 4036 2651 4113 Deisub
2679 4036 2763 4091 dio
2790 4049 3091 4113 pernoctare
3130 4036 3180 4113 in
3224 4040 3457 4113 quodam
3502 4050 3691 4109 stagna
3713 4036 3841 4113 :jussi

2236 4119 2374 4173 sunt,
2405 4110 2543 4179 quod
2573 4126 2666 4181 pro
2694 4109 2943 4163 inmitibus
2965 4110 3182 4163 civitatis
3206 4121 3357 4172 erat;
3393 4112 3445 4164 in
3478 4127 3590 4181 quo
3627 4109 3837 4179 quidem

2240 4198 2346 4236 non
2377 4181 2569 4237 leviter
2600 4182 2783 4259 lapsus
2812 4193 2917 4241 est.
2942 4183 3072 4259 dum
3102 4186 3347 4259 prompt
3376 4184 3435 4259 ἢν
3464 4187 3495 4242 ἡ
3523 4185 3676 4249 πόλις
3696 4189 3837 4243 κατά·

2237 4276 2420 4320 κειται,
2466 4252 3072 4327 nempet‘ircuinqitod
3123 4252 3307 4327 civitas
3332 4255 3567 4325 adjaret,
3605 4262 3841 4327 reposuit

2277 4327 2376 4380 uod
2406 4340 2499 4394 pro
2530 4323 2773 4378 moenibus
2814 4324 3035 4377 civitatis
3062 4336 3202 4391 erat;
3237 4326 3312 4380 titi
3365 4323 3585 4394 pridem
3641 4323 3841 4383 notavit

2277 4345 2375 4380 uoa
2406 4345 2499 4394 pro
2530 4345 2773 4378 mtzmuus
2814 4345 3035 4377 Ctvuatts
3062 4345 3202 4391 erat;
3237 4345 3312 4380 tttl
3365 4345 3585 4394 priuetn
3641 4345 3840 4383 ii0tav1t

2239 4345 2507 4470 garonius
2538 4395 2604 4451 ad
2648 4394 2926 4466 Martyrol.
2972 4395 3064 4470 die
3094 4398 3138 4470 9_
3156 4398 3358 4451 Martii.
3405 4396 3634 4470 Rectius
3689 4417 3840 4470 porro

3601 4474 3841 4539 quamvis

2244 4557 2343 4596 nec
2369 4542 2484 4608 ipse
2516 4552 2642 4608 apte
2686 4538 2824 4593 satis
2869 4540 2933 4593 ad
2973 4538 3206 4595 mentem
3255 4539 3467 4607 Basilii,
3502 4544 3595 4610 qui
3624 4538 3841 4599 diserte

2242 4612 2433 4686 scribit
2463 4612 2639 4686 inedia
2672 4611 2724 4663 in
2767 4610 2919 4686 urbe.
2953 4620 3111 4686 atque
3142 4614 3192 4686 in
3238 4614 3672 4686 stagnocircum
3705 4617 3839 4686 quod

2244 4682 2769 4763 urbs-habitabatur,
2794 4682 3054 4763 Martyres
3087 4681 3257 4763 fuisse
3284 4682 3607 4763 _cruc_iatos,
3638 4692 3693 4763 ένν

2243 4763 2304 4830 τῇ
2330 4755 2489 4830 πόλει,
2523 4756 2577 4807 in
2602 4754 2771 4830 inedia
2791 4752 3034 4830 civitate;
3066 4754 3194 4830 qu_in
3224 4755 3587 4830 etianrlocus
3617 4774 3649 4813 a
3682 4752 3840 4816 [faro-

2245 4825 2334 4880 nio
2380 4826 2690 4898 allatusiinr
2742 4825 3060 4879 melioribus
3115 4826 3298 4881 Basilii
3351 4826 3695 4887 editionibns
3750 4850 3839 4898 pro

2244 4901 2544 4977 κατάζειτᾳι
2578 4897 2721 4977 legit
2771 4900 3113 4977 κᾳτῲκισται,
3165 4898 3267 4953 hoc
3322 4898 3486 4977 modo
3518 4914 3530 4950 :
3564 4902 3717 4977 λίμην
3754 4897 3838 4976 μέν

2244 4977 2364 5047 περὶ
2389 4974 2445 5030 ἢν
2471 4973 2500 5028 ἠ
2526 4968 2667 5047 ne?“
2693 4968 3021 5042 κατῴκισται,
3057 4981 3298 5041 stagnum
3324 4973 3521 5026 circum
3548 4968 3689 5042 quod
3724 4968 3839 5029 ob..-

2248 5040 2356 5094 dii'a
2385 5051 2495 5093 erat
2518 5040 2716 5093 civitas.

2324 5123 2349 5189 ἡ
2379 5112 2569 5189 Melius
2614 5111 2838 5189 omnino
2883 5112 3021 5189 liber
3055 5113 3375 5187 Pantagathi
3401 5135 3413 5171 :
3444 5116 3569 5172 Hac
3598 5136 3725 5189 ergo
3768 5118 3838 5172 rel

2251 5184 2369 5243 loci,
2404 5183 2481 5235 vel
2504 5187 2784 5261 temporis;
2807 5185 2896 5261 qui
2928 5186 3090 5261 etiam
3127 5183 3284 5254 paulo
3316 5198 3435 5256 post
3462 5190 3557 5243 sub
3595 5183 3838 5261 conspeco

2253 5265 2357 5327 tum
2382 5270 2585 5327 eorum.
2617 5255 2703 5308 ubi
2738 5258 2789 5309 in
2814 5255 2974 5310 editis
2995 5258 3088 5311 sub
3118 5268 3394 5327 conspectu
3416 5277 3619 5315 eorum.

2330 5324 2347 5407 ξ
2376 5326 2759 5407 Hieronymus
2784 5328 2855 5407 ad
2880 5328 3127 5407 Laetam:
3156 5324 3388 5407 Scythia:
3416 5335 3621 5407 [r.'go_ra
3647 5334 3833 5407 [errent

2254 5398 2423 5472 calore
2453 5399 2597 5472 ﬁdei.
2628 5398 2695 5453 Et
2734 5398 3058 5472 Ambrosius
3091 5404 3140 5455 iii
3169 5398 3396 5472 epistola
3440 5398 3510 5460 ad
3538 5398 3831 5460 Ecclesiam

2258 5468 2712 5550 Yercelleiisem_:
2749 5470 2867 5550 Non
2908 5473 3179 5550 franqebat
3208 5468 3457 5550 'glttcialis
3488 5477 3663 5550 plagae
3694 5477 3833 5546 frigi-

2258 5539 2412 5602 ditas,
2471 5542 2622 5595 uibus
2652 5543 2866 5610 ferventi
2890 5539 3080 5611 spiritu
3111 5539 3351 5601 veniebat
3379 5539 3607 5603 devotio:
3639 5539 3831 5604 Locum

2261 5610 2403 5665 hunc
2436 5560 2728 5669 Eandentii
2761 5613 2966 5669 profert
2996 5618 3200 5669 Savaro
3231 5617 3284 5669 in
3334 5618 3487 5669 Notis
3517 5620 3585 5669 ad
3617 5635 3829 5669 mrmcn

2261 5610 2403 5682 hunc
2438 5610 2728 5669 Gaudentii
2761 5610 2966 5682 profert
2996 5618 3200 5671 Savaro
3231 5617 3284 5672 iti
3334 5618 3487 5675 Notis
3517 5620 3586 5675 ad
3617 5635 3829 5677 carmen

2263 5681 2330 5737 16
2359 5684 2567 5739 Sidonii
2593 5681 2943 5751 Apollinaris.

2336 5764 2359 5801 Β
2382 5756 2457 5831 ita
2487 5768 2570 5810 est
2590 5756 2715 5831 Vat.
2748 5774 2910 5831 unus;
2943 5762 3076 5813 alter
3099 5760 3337 5830 glacialis
3381 5771 3570 5831 terror,
3606 5765 3689 5821 cui
3727 5763 3829 5819 icc-

621 5822 649 5867 ἱί
682 5822 959 5900 Interpres
988 5830 1318 5887 Semnonum
1344 5822 1533 5883 Basilii
1569 5826 1815 5899 Baphael
1849 5825 2159 5885 Volaterra-
2263 5827 2395 5885 tioni
2427 5830 2568 5885 favet
2592 5828 2715 5886 cod.
2750 5829 3087 5901 Pantagathi.
