4070 6346
234 299 339 357 969

1018 302 1258 363 SERMO
1296 303 1461 374 XVII,
1505 305 1593 363 DE
1637 291 1957 366 DIVERSIS.
1989 308 2356 370 CAPITULIS
2393 309 2754 372 SEPTIMUS.

3423 321 3532 378 970

233 416 480 484 mobilis,
515 430 714 474 cursus
759 417 841 474 sui
882 428 1058 475 metas
1107 423 1398 493 aspiciens,
1458 424 1526 480 de
1576 425 1824 495 proxima
1855 437 1907 497 Α
1933 441 2097 496 regna
2131 426 2406 496 perducit.
2440 428 2820 486 Commoritur
2847 430 3090 502 denique
3123 441 3145 472 ο
3177 433 3532 508 quadragesi-

233 512 720 568 consutntuatione
749 513 1044 583 gaudebat,
1073 514 1217 571 ﬁdeli
1260 516 1548 571 tolerantia
1597 519 1830 584 promis—

233 616 349 657 sum
399 601 496 660 Dei
540 618 738 659 munus
790 614 1137 676 exspectans.
1181 608 1288 662 Sed
1331 624 1470 662 unus
1524 625 1589 663 ex
1636 623 1830 664 eorum

232 710 487 759 numero,
525 698 838 754 brevissimi
867 699 1064 770 adhuc,
1097 711 1153 756 et
1178 703 1291 772 jam
1339 705 1576 774 supremi
1622 703 1835 759 doloris

231 791 557 861 impatiens,
587 809 787 865 rogare
837 797 1002 849 miser
1042 799 1209 864 ccepit
1237 806 1297 852 ut
1324 807 1348 834 α
1379 798 1444 851 ad
1477 798 1700 853 balneas
1738 798 1834 852 du-

230 893 472 942 ceretur.
501 886 656 942 Miles
681 888 912 956 interea,
938 889 1024 942 cui
1049 889 1363 945 sollicitudo
1385 891 1630 957 iniuncta
1659 892 1836 947 fuerat

232 992 290 1036 ut
321 983 456 1038 illud
487 984 686 1039 mortis
715 985 994 1040 lavacrum
1019 984 1178 1040 victis
1200 986 1510 1057 quibusque
1535 997 1832 1054 reseraret,

231 1076 359 1132 dum
385 1076 626 1131 curiosis
651 1077 830 1134 oculis
861 1077 928 1132 de
954 1078 1073 1132 loco
1098 1079 1314 1133 sublimi
1338 1095 1567 1150 agonem
1594 1064 1834 1136 virorum

229 1179 442 1240 spectat
469 1170 797 1240 insignium,
833 1173 911 1226 rei
940 1173 1152 1227 exitum
1182 1184 1436 1244 captans,
1465 1175 1614 1230 videt
1641 1175 1834 1231 ducem

229 1262 480 1320 caelestis
513 1263 723 1317 militiae
754 1263 1182 1320 descendentem
1213 1282 1335 1320 cum
1365 1269 1714 1322 multitudine
1737 1285 1838 1323 an-

229 1355 920 1426 gelorum,etfurtissitnis
953 1359 1309 1412 bellaturihu~
1339 1361 1514 1414 claras
1543 1369 1839 1428 reste:,at-

229 1464 338 1522 que
361 1451 546 1515 opima
571 1449 885 1518 singillatim
909 1449 1076 1522 3M
1089 1453 1308 1520 praemia
1342 1460 1661 1522 erogantem
1682 1469 1837 1525 ,quze

230 1542 384 1598 solus
414 1543 508 1598 ille
545 1541 876 1598 miserabilis
904 1543 1060 1613 cujus
1088 1542 1248 1598 [idem
1287 1543 1543 1599 diabolus
1571 1545 1836 1616 fregerat,

233 1635 590 1704 nonaccepit.
613 1635 837 1689 Ducitur
854 1635 1042 1690 infelix
1067 1636 1132 1691 ad
1157 1637 1420 1704 balneas;
1447 1637 1627 1708 ibique,
1652 1637 1842 1695 confe-

233 1728 358 1784 stim
392 1729 602 1783 caloris
629 1726 838 1795 afﬂatu,
871 1743 980 1799 quo
1011 1744 1071 1785 se
1102 1729 1455 1785 animandum
1498 1731 1834 1798 crediderat,

1939 534 2059 574 mus
2097 520 2201 576 iste
2251 532 2478 579 sanctus
2505 539 2630 578 cum
2679 524 2904 591 sanctis,
2938 535 2996 579 ut
3044 540 3200 582 sacer
3241 544 3526 598 numerus,

1935 629 2095 684 quem
2151 616 2400 672 Salvator
2425 617 2651 688 jejuniis
2698 618 3088 689 honoraverat,
3122 624 3532 693 compleretur;

1937 706 2077 761 sicut
2108 708 2206 776 ipsi
2240 709 2382 764 beati
2433 719 2705 782 martyres
2747 726 2939 768 orasse
2977 725 3375 771 memorantur.
3407 717 3540 773 Post

1938 795 2056 854 hac
2081 799 2106 835 ἀ
2131 799 2299 868 jussit
2322 803 2629 867 carnifices,
2651 803 3032 860 defunctorum
3056 822 3288 876 corpora
3311 809 3531 881 longius

1939 899 2311 960 transportata
2390 895 2603 964 ignibus
2683 911 3062 953 concremare.
3135 900 3538 973 Relinquebant

1939 999 2132 1052 unum,
2161 987 2251 1055 qui
2290 987 2466 1044 adhuc
2510 989 2692 1046 vivere
2723 992 3033 1060 putabatur,
3063 995 3106 1048 si
3132 996 3271 1052 forte
3298 1007 3540 1054 mutaret

1940 1079 1991 1132 in
2022 1079 2313 1150 pejus-ipsa
2347 1079 2649 1140 solitudine
2671 1085 3025 1140 voluntatem.
3057 1087 3132 1142 Ibi
3163 1089 3285 1157 ejus
3310 1106 3540 1146 venera-

1941 1171 2065 1226 bilis
2111 1183 2306 1238 maler,
2337 1191 2457 1243 quae
2507 1176 2668 1232 talem
2704 1176 2870 1231 filium
2926 1179 3071 1234 bono
3101 1181 3387 1250 sapientia:
3422 1199 3532 1240 cm.

1941 1262 2097 1319 lestis
2136 1265 2276 1319 lacte
2323 1269 2646 1330 nulrirerat,
2680 1272 2920 1324 cucurrit
2953 1272 3019 1326 ad
3053 1276 3290 1328 cadaver
3322 1279 3540 1344 apiran-

1943 1361 2009 1409 lis
2043 1358 2161 1421 lilii,
2182 1362 2622 1428 etptopriiscum
2646 1365 2897 1418 manilius
2929 1368 3178 1420 vehiculo
3210 1386 3316 1436 quo
3343 1385 3540 1441 corpo-

1943 1462 1998 1502 ra
2021 1449 2250 1502 aliormn
2281 1463 2536 1521 congesta
2555 1453 2620 1508 ad
2653 1470 2842 1525 pyram
2863 1457 3237 1524 trahebamur,
3257 1463 3538 1530 imposuit.

1942 1541 2119 1608 Vade,
2145 1543 2341 1613 inquit,
2376 1555 2526 1611 nate,
2559 1546 2717 1600 istam
2753 1547 2949 1603 bonam
2997 1551 3160 1616 viam,
3191 1554 3375 1609 salvus
3420 1571 3542 1610 cum

1941 1639 2237 1694 comtaneis
2266 1639 2392 1703 tuis,
2419 1649 2470 1693 ct
2496 1641 2772 1710 gloriosus
2803 1643 2868 1696 ad
2900 1644 3215 1700 Dominum.
3238 1646 3283 1702 Ο
3305 1648 3547 1703 admira-

1945 1729 2090 1793 bilis,
2124 1741 2180 1786 et
2206 1748 2333 1786 vere
2362 1732 2525 1802 digna
2559 1744 2731 1790 mater
2759 1737 3044 1806 martyris!
3071 1739 3319 1809 quiuimo
3347 1751 3402 1797 et
3424 1745 3540 1812 ipsa

234 1821 611 1886 exanimatus,
643 1831 699 1876 et
731 1821 893 1878 vitam
928 1821 1190 1890 perdidit,
1216 1832 1269 1877 et
1291 1838 1575 1878 coronam.
1607 1823 1841 1878 Luctuo-
1871 1846 1918 1906 Β
1940 1822 2052 1893 jam
2086 1833 2324 1897 martyr;
2355 1835 2518 1896 equae
2551 1829 2787 1898 propriis
2805 1830 3106 1886 visceribus
3137 1849 3242 1888 non
3272 1838 3540 1905 pepercit,

234 1929 352 1971 sum
404 1913 617 1969 facinus
646 1915 946 1984 gratulatio
994 1913 1276 1982 inopinata
1327 1914 1700 1984 subsequitur.
1732 1914 1840 1969 Re-

234 2017 398 2078 pente
424 2007 546 2078 ejus
585 2007 766 2062 locum
798 2007 1127 2075 supradiettc
1165 2006 1392 2062 visionis
1424 2007 1723 2062 admirator
1753 2007 1839 2062 in-

233 2103 420 2166 vadit;
485 2101 656 2156 undat
715 2102 960 2156 membra
1010 2111 1198 2172 optato
1249 2102 1551 2170 supplicio;
1604 2115 1662 2157 se
1715 2116 1841 2156 esse

233 2191 616 2249 Christianum
673 2192 920 2248 clamore
981 2192 1190 2262 ingenti
1260 2193 1627 2260 congeminat,
1681 2208 1840 2262 quem

239 2285 545 2355 spectaculi
579 2285 726 2340 illius
753 2285 1093 2339 admirabilis
1118 2287 1310 2352 virtus,
1337 2285 1520 2338 subito
1542 2301 1607 2338 ex
1638 2283 1841 2339 Gentili

232 2396 429 2437 verum
465 2381 672 2436 fecerat
696 2378 1095 2434 Christianum.
1139 2380 1382 2436 Tenetur
1416 2378 1676 2434 continuo
1709 2394 1839 2446 pro-

230 2472 494 2530 fessionis
538 2488 653 2526 su:c
709 2486 873 2537 reus;
920 2471 1120 2541 ligatur
1169 2471 1380 2536 volens,
1424 2480 1481 2525 et
1519 2470 1842 2525 secantibus

231 2570 469 2625 vinculis
489 2568 794 2624 crudeliter
817 2567 1145 2633 innodatur;
1177 2577 1495 2636 perseverat
1522 2567 1837 2635 adstrictus,

232 2655 505 2733 gloriatur
532 2659 584 2714 in
619 2674 800 2730 poena,
831 2674 928 2729 spe
957 2659 1162 2714 divinze
1193 2659 1657 2714 remunerationis
1687 2658 1843 2714 effer-

235 2759 344 2806 tur.
375 2750 597 2806 Crescit
641 2751 786 2805 inter
828 2751 1097 2820 Supplicia
1147 2750 1283 2806 ﬁdes
1312 2750 1532 2805 Christi
1570 2760 1844 2821 :augetur

233 2845 378 2901 inter
406 2853 686 2900 tormenta
713 2843 956 2898 dilectio.
982 2843 1116 2898 Nam
1143 2859 1307 2898 sensu
1333 2844 1638 2913 apostolico
1671 2853 1840 2899 testa-

235 2936 398 2994 batur
425 2956 439 2991 :
469 2937 554 2992 Me
585 2938 731 2992 nulla
769 2939 1164 3008 supplicioi-um
1211 2939 1316 2997 vis.
1345 2938 1491 2993 nulla
1527 2938 1842 2994 immanitas

235 3041 640 3089 tormentorum
673 3035 856 3106 poterit
879 3049 1126 3103 separare
1153 3051 1183 3085 a
1205 3034 1455 3087 charitate
1489 3031 1607 3098 Dei,
1627 3050 1743 3104 qua:
1766 3040 1841 3088 est

237 3128 292 3182 in
318 3127 531 3181 Christo
551 3125 677 3181 Iesu
701 3126 927 3182 Domino
957 3139 1133 3182 nostra
1162 3127 1344 3186 (Rom.
1378 3143 1495 3195 vnt,
1521 3128 1600 3198 9).
1630 3127 1687 3182 lu
1721 3145 1839 3184 me-

1944 1918 2071 1973 dutn
2105 1935 2198 1973 sua
2233 1921 2478 1975 membra
2504 1937 2608 1991 pro
2635 1923 2837 1978 Christi
2868 1927 3094 1982 nomine
3123 1928 3303 1998 puniri
3331 1931 3546 1986 laetatur

1944 2009 1996 2064 in
2041 2011 2172 2064 lilio.
2217 2013 2335 2066 Jam
2382 2028 2516 2069 vero
2555 2029 2656 2070 nec
2688 2016 2816 2069 illud
2854 2017 2905 2069 in
2939 2029 3218 2087 postrema
3257 2029 3412 2091 parte
3455 2039 3545 2077 re-

1947 2102 2532 2176 ticemus..quod-enm
2583 2108 2801 2162 cineres
2851 2121 3182 2167 exustorum
3228 2128 3542 2184 corporum,

1945 2197 2200 2252 mandato
2274 2203 2681 2268 persecutoris,
2752 2202 2803 2255 in
2891 2202 3116 2258 ﬂuvium
3204 2205 3542 2275 jacerentnr,

1949 2286 2112 2343 fnon
2165 2289 2457 2345 defuerunt
2501 2291 2772 2362 religiosae
2818 2311 3041 2362 manus,
3083 2313 3203 2367 qua:
3255 2308 3280 2346 ες
3334 2311 3544 2368 partem

1944 2383 2145 2436 cineris
2199 2382 2362 2457 345
2409 2386 2492 2440 vel
2527 2384 2673 2439 furtu
2699 2388 3004 2457 eriperent,
3038 2391 3125 2444 vel
3187 2396 3364 2461 pretio
3394 2410 3547 2449 com-

1947 2485 2227 2542 pararent.
2258 2477 2397 2528 llinc
2429 2487 2485 2532 et
2518 2477 2761 2532 Ecclesia
2787 2479 3156 2536 Caesariensis
3190 2487 3458 2551 exsultat,
3492 2499 3548 2542 et

1946 2579 2134 2622 nostra
2161 2568 2484 2624 fraternitas
2521 2587 2626 2626 non
2653 2574 2930 2629 immerito
2954 2576 3250 2644 gloriatur,
3301 2594 3552 2634 reserva-

1943 2667 2056 2714 tum
2082 2660 2187 2716 sibi
2215 2663 2563 2729 providentia
2595 2665 2689 2720 Dei
2711 2668 2955 2722 salutare
2983 2685 3183 2725 munus
3210 2673 3543 2743 intelligens.

1943 2749 1972 2787 ¹¹
2004 2754 2323 2809 Pot‘tionem
2371 2757 2727 2826 reliquiarum
2779 2763 3150 2831 sumpsimus,
3185 2773 3243 2819 et
3275 2767 3413 2820 nihil
3447 2781 3548 2823 nos

1945 2847 2126 2902 minus
2153 2849 2439 2916 possidere
2464 2852 2815 2921 conlidimus,
2843 2854 2970 2908 dum
3007 2865 3151 2911 totos
3177 2859 3545 2929 quadraginta

1951 2939 1966 2977 ί
2003 2940 2057 2995 in
2088 2943 2201 2996 suis
2234 2942 2432 2998 favillis
2459 2944 2796 3002 honorantes
2827 2949 3248 3018 amplectimur:
3286 2951 3430 3006 sicut
3456 2954 3549 3008 illa

1947 3033 2000 3088 in
2047 3035 2340 3105 Evangelia
2398 3036 2617 3108 (Matth.
2669 3056 2745 3103 Ix,
2798 3039 2928 3095 Lur.
2961 3044 3078 3114 vm)
3129 3045 3306 3099 lideh‘s
3350 3047 3547 3101 mulier

1945 3142 2068 3195 quae
2115 3143 2211 3195 per
2243 3129 2508 3184 fimbriam
2539 3132 2742 3187 Christi
2772 3135 2984 3189 salvata
3035 3147 3141 3200 est,
3175 3154 3324 3192 oram
3365 3141 3546 3194 tenuit

236 3221 342 3278 diis
394 3222 734 3277 cruciatibus
783 3237 960 3278 novus
1007 3233 1239 3294 martyr,
1285 3223 1594 3280 instruente
1625 3224 1834 3294 Spiritu
1871 3251 1916 3314 Ο
1949 3221 2291 3290 vestimenti,
2343 3235 2396 3279 et
2443 3226 2706 3282 virtutem
2749 3228 3057 3283 divinitatis
3085 3233 3300 3302 exegit:
3344 3243 3549 3290 attactu

237 3326 452 3377 sancto.
481 3316 731 3370 eruditur
761 3326 816 3370 et
848 3315 1100 3386 prolicit;
1134 3317 1367 3372 moritur
1407 3326 1461 3372 et
1511 3318 1841 3388 triumphat.

239 3407 479 3464 Trinitas
508 3408 786 3462 adoranda
815 3417 1008 3463 testem
1055 3424 1217 3462 suum
1261 3410 1404 3465 inter
1437 3423 1627 3477 pinnas
1663 3409 1840 3464 ﬁdeli-

240 3511 321 3558 ter
357 3511 794 3571 permanentem,
823 3501 1087 3572 martyrio
1113 3503 1234 3571 ipso
1265 3501 1330 3556 ad
1359 3502 1534 3556 vicem
1563 3502 1837 3571 baptismi,

241 3595 538 3667 gloriosius
567 3591 595 3632 δ
623 3602 679 3649 et
723 3593 913 3662 abluit,
951 3603 1006 3649 et
1045 3594 1327 3662 emnndat,
1360 3605 1414 3650 et
1468 3594 1536 3650 ad
1575 3595 1840 3651 etelorum

317 3835 340 3864 α
370 3825 510 3880 Tres
557 3823 844 3900 editiones.
874 3821 941 3876 ad
988 3821 1190 3890 balnea,
1215 3819 1367 3900 quod
1388 3818 1654 3900 "verbum
1691 3818 1834 3872 male

246 3909 532 3966 acceptum
565 3895 976 3966 etnendavitnus
1019 3894 1351 3966 auctoritate
1388 3890 1508 3966 Vat.
1553 3890 1835 3958 utriusque

245 3979 300 4026 et
321 3960 473 4023 Flor.
503 3966 652 4030 eod.,
681 3967 732 4020 itt
781 3965 978 4032 quibus
1031 3966 1248 4030 legitur,
1283 3963 1352 4016 ad
1396 3960 1648 4032 balneas;
1680 3976 1834 4032 eant-

247 4043 484 4109 demque
537 4031 824 4109 lectionem
876 4034 1040 4088 habet
1081 4036 1242 4109 etiam
1286 4033 1435 4109 liber
1491 4031 1835 4109 Pantagathi.

245 4103 450 4166 Balnea
500 4108 862 4164 multitudinis
911 4122 1137 4159 numero
1191 4104 1297 4159 dici
1356 4104 1599 4173 negabat
1645 4103 1832 4166 Varro,

246 4186 403 4254 cujus
461 4183 626 4236 verba
671 4181 876 4254 Ιὶζιᾼιιι
917 4177 984 4230 de
1199 4175 1316 4254 hzec
1342 4171 1473 4254 sunt
1507 4191 1519 4226 :
1549 4171 1730 4242 Neque
1772 4174 1833 4225 ab

247 4245 469 4322 eo'quod
495 4255 673 4306 dicunt
715 4248 976 4307 balneum.
1007 4248 1156 4301 habet
1197 4245 1586 4322 multitudinem
1616 4260 1831 4322 certaue-

249 4316 396 4382 tnda.
427 4327 517 4379 Sic
546 4327 712 4396 etiam
747 4324 883 4396 intra
916 4322 1002 4373 ubi
1033 4321 1162 4373 editi
1197 4317 1374 4396 legunt
1411 4317 1620 4369 ducitur
1650 4316 1837 4396 infelix

249 4398 318 4451 ad
366 4395 636 4462 balneum,
665 4393 858 4448 iisdem
894 4406 1025 4445 mss.
1063 4389 1452 4460 praeeuntibus,
1491 4389 1835 4462 reposuimus

247 4470 313 4524 ad
359 4458 905 4533 balnras{balneum
958 4458 1102 4516 enim
1140 4462 1401 4533 privatum
1444 4469 1582 4533 erat,
1628 4458 1834 4533 balnea:

248 4541 506 4611 publice,
550 4527 742 4611 eodem
789 4535 1035 4611 AVarrone
1061 4542 1217 4611 _leste
1252 4531 1345 4585 lib.
1377 4546 1464 4584 \‘lll
1513 4530 1579 4583 de
1639 4527 1698 4582 L.
1725 4527 1785 4581 L.
1823 4545 1835 4580 :

250 4606 496 4666 dicuntur
554 4607 901 4663 multitudinis
932 4606 1137 4658 nomine
1163 4618 1398 4658 PUBLlCE
1441 4615 1703 4659 ΒΑιιΝεΑῖ,
1739 4616 1839 4652 non

249 4699 503 4743 BALINEA,
533 4691 710 4735 contra
761 4678 895 4745 quod
934 4677 1119 4743 privati
1150 4678 1327 4728 dicunt
1359 4691 1517 4728 unum
1549 4686 1838 4733 BALINEUM,

249 4756 388 4824 quod
419 4752 573 4825 plura
601 4766 856 4825 BALlNEA~
889 4749 1102 4825 dicunt;
1334 4816 1346 4825 _
1373 4815 1384 4825 _
1536 4816 1546 4825 Ι
1631 4815 1660 4825 Α
1791 4815 1802 4825 ⁸

323 4825 350 4865 b
381 4815 472 4879 Sic
507 4823 650 4876 V.i:t.
692 4824 799 4875 duo
826 4830 879 4873 ct
911 4820 1033 4873 cod.
1070 4815 1418 4886 Pantagathi,
1459 4816 1547 4883 qui
1592 4815 1754 4869 etiam
1790 4815 1840 4868 in

253 4899 504 4969 sequenti
535 4895 689 4969 habet
711 4892 1149 4969 quadragesimus
1178 4891 1271 4943 iste
1291 4886 1690 4952 sanctus;edtti
1716 4902 1843 4942 vero

253 4964 534 5035 corrupte,
567 4975 610 5018 et
635 4965 820 5039 abluit,
851 4977 896 5039 et
921 4964 1176 5039 emendat.
1581 5029 1590 5039 ⁸

331 5052 353 5079 ο
391 5039 542 5094 Flor.
577 5045 630 5089 et
657 5035 797 5089 \t'att.
833 5035 941 5086 duo
985 5035 1311 5087 addiderunt
1339 5046 1526 5088 vocetn
1574 5035 1692 5093 iste,
1725 5046 1845 5100 qutc

254 5112 308 5167 in
342 5111 504 5166 editis
549 5108 733 5172 μιγεὶς
781 5108 965 5172 legunt
991 5108 1190 5175 quippe
1230 5103 1572 5157 commoritur
1625 5102 1847 5172 denique

255 5181 694 5255 quadragesimus
726 5187 933 5255 sant-tus
966 5177 1324 5255 cuAnt‘sanctis.

328 5253 355 5292 ά
385 5245 518 5321 Quis
542 5250 748 5319 jussit?
783 5249 1174 5319 Netiipejudex
1214 5247 1528 5316 iniquitatis,
1563 5246 1718 5312 cujus
1748 5245 1848 5321 im-

261 5315 782 5395 perio—Gaudentius
816 5315 980 5374 etiam
1005 5315 1208 5395 caetera
1258 5315 1379 5386 quae
1425 5333 1588 5395 supra
1635 5315 1846 5395 retulit,

259 5388 398 5451 facta
438 5394 606 5448 fuisse
647 5401 1064 5446 commemorat.
1095 5391 1348 5444 Fortasse
1384 5391 1646 5457 scriptum
1676 5388 1852 5440 fuerat

249 5468 393 5540 jussi
430 5464 726 5531 carniﬁces,
758 5461 1228 5540 sedilibrariorttui
1277 5461 1570 5540 oscitantis
1594 5461 1849 5540 innupta—

260 5529 372 5604 vit;
406 5529 646 5605 idqui-7m
675 5535 799 5589 c-ul.
838 5533 1156 5602 l’antagathi
1200 5539 1447 5605 apparet,
1484 5529 1573 5584 ubi
1605 5529 1672 5580 ad
1702 5543 1850 5605 uram

261 5598 706 5680 paginzc'legitur
741 5607 937 5680 eadem
972 5598 1131 5657 manu
1175 5598 1335 5674 jusSi,
1366 5617 1463 5671 pro
1511 5616 1577 5655 eo
1606 5598 1748 5669 quod
1800 5600 1851 5652 in

262 5678 412 5737 textu
439 5679 670 5733 habetur
698 5678 817 5750 nisi.
993 5747 1001 5750 Α
1310 5743 1324 5750 _
1601 5742 1612 5750 _
1735 5739 1746 5750 ,

341 5762 364 5790 ε
397 5751 536 5806 Editi
585 5766 690 5803 nun
723 5749 919 5801 habent
952 5747 1011 5801 τὸ
1054 5760 1200 5815 quw;
1233 5743 1326 5815 sed
1375 5751 1555 5799 exstat
1601 5742 1653 5795 in
1683 5739 1856 5796 tribus

266 5839 401 5882 mss.
432 5829 488 5878 et
516 5822 570 5876 in
598 5821 741 5874 libro
769 5819 975 5872 Octavii
1012 5814 1349 5886 Pantagathi.

594 5914 870 5974 Pnaoc.
931 5909 1077 5970 XX.

1950 3313 2183 3372 (imbrice
2232 3318 2498 3372 medelam
2532 3321 2777 3376 credenti
2815 3322 2951 3378 fides
2993 3325 3179 3389 traxit,
3229 3336 3285 3382 et
3311 3327 3545 3385 salutem

1952 3424 2113 3478 quam
2146 3421 2597 3482 praesumpserat,
2662 3415 2975 3481 acquisivit.
3028 3415 3213 3486 Itaque
3259 3433 3385 3488 pars
3432 3420 3546 3490 ipsa

1950 3518 2112 3573 quam
2148 3506 2478 3572 meruimus,
2521 3506 2808 3576 plenitudo
2839 3517 2956 3573 est;
3008 3509 3180 3565 dividi
3237 3513 3382 3568 enim
3414 3531 3548 3586 qua-

1957 3598 2204 3668 draginta
2236 3599 2328 3654 isti
2361 3609 2634 3672 martyres
2664 3601 2732 3656 ab
2769 3601 3002 3658 invicem
3035 3603 3190 3659 nullo
3217 3605 3378 3664 modo
3413 3624 3543 3679 pos-

2018 3822 2037 3861 τ
2074 3825 3004 3905 lloe_aitGaudentius,pectit-rens
3039 3833 3239 3900 tacitur,
3267 3851 3386 3905 qua:
3425 3839 3538 3893 lieri

1939 3905 2162 3969 poterat
2187 3897 2254 3951 de
2278 3901 2480 3952 sanctis
2508 3899 2752 3969 reliquiis
2779 3902 3094 3968 objectiuni,
3120 3918 3180 3957 ut
3213 3897 3360 3961 recte
3388 3921 3540 3963 nola-

1941 3968 2234 4022 vitBarou.
2259 3969 2324 4041 ad
2350 3969 2574 4041 Martyr.
2598 3968 2640 4026 9’
2659 3971 2856 4024 Martii.
2882 3973 2987 4026 Sed
3018 3976 3217 4029 labitur
3266 3979 3405 4032 idem
3433 3979 3536 4035 Ba-

1941 4043 2128 4093 ronius
2151 4039 2412 4120 subdens,
2437 4039 2797 4120 Gaudentium
2823 4043 3246 4120 al'firmare,boc
3271 4065 3536 4120 martyres

1941 4125 2132 4180 passos
2161 4126 2282 4163 esse
2311 4110 2560 4172 Seliaste,
2595 4115 2817 4166 civitate
2854 4117 3140 4181 metropoli
3177 4110 3534 4174 minoris'Ar-

1944 4181 2160 4246 menius;
2187 4198 2307 4233 nam
2328 4183 2579 4254 quamvis
2595 4182 2662 4236 de
2686 4183 2803 4236 IOCU
2826 4187 3066 4254 utut-tyrii
3098 4204 3285 4242 otnnes
3300 4204 3536 4246 censen-

1944 4254 2081 4308 tiant
2104 4254 2154 4305 in
2179 4268 2297 4306 eam
2329 4253 2537 4315 urbem,
2568 4252 2672 4305 hoc
2696 4262 2875 4308 tamen
2905 4252 3245 4311 Gaudentius
3262 4259 3533 4316 nondicit.

2015 4343 2041 4380 tt
2070 4331 2242 4406 Flor.,
2276 4329 2406 4386 Urb.
2433 4343 2486 4385 et
2519 4331 2662 4387 Valt.
2697 4333 2831 4406 duo,
2859 4344 3055 4397 partem
3087 4337 3450 4406 reliquiarum,
3479 4353 3540 4396 ut

1943 4404 2106 4458 etiam
2143 4405 2278 4456 infra
2313 4406 2602 4476 portionem
2633 4403 2988 4476 reliquiarum,
3030 4403 3206 4476 quant
3241 4403 3534 4466 lectionem

1865 4491 1920 4551 D
1947 4477 2324 4551 tnettiretium
2359 4475 2874 4551 liber_P.-uitagathi.
2909 4475 3211 4551 Loeusiste
3244 4480 3537 4537 Gaudentli

1946 4547 2104 4600 valde
2150 4547 2385 4602 illustrat
2413 4547 2692 4614 antiquum
2730 4563 2938 4602 morem
2979 4548 3421 4605 Christianormn
3452 4570 3540 4608 re-

1941 4617 2206 4691 dimendi
2234 4619 2413 4691 pretio
2447 4627 2758 4691 sanctorum
2808 4631 3110 4690 martyrum
3157 4637 3414 4691 corpora,
3468 4626 3537 4682 de

1942 4705 2050 4758 quo
2079 4689 2278 4758 smpins
2308 4690 2360 4743 in
2388 4688 2537 4744 Actis
2567 4688 2884 4760 Martyrum.

2015 4781 2042 4820 ιλ
2077 4783 2406 4838 Praeclarum
2444 4784 2583 4836 hunc
2613 4780 2901 4837 Gaudentii
2935 4785 3113 4839 locum
3151 4785 3328 4840 laudat
3368 4788 3539 4844 Joan-

1945 4871 2041 4910 nes
2085 4855 2405 4929 Ferraudus
2451 4854 2730 4921 disquisit.
2781 4856 3057 4925 reliquiar.
3104 4860 3198 4912 lib.
3247 4875 3285 4924 ι,
3322 4876 3442 4929 cap.
3474 4863 3531 4929 4,

1946 4927 2130 4994 arl.2,
2157 4943 2221 4980 ex
2261 4944 2390 4996 quo,
2423 4929 2652 4996 aliisque
2697 4937 2806 4998 tum
2852 4930 3022 4997 ipsius
3064 4927 3532 4998 Gattilentii,'tuni

1947 4999 2176 5053 aliorum
2210 4995 2427 5053 Patrum
2465 4995 2812 5059 testimOniis,
2842 4995 3040 5053 factum
3077 5017 3200 5057 esse
3233 4995 3534 5070 Contendit,

1947 5081 2002 5124 ut
2030 5070 2132 5124 huc
2159 5078 2314 5138 pacto
2346 5069 2600 5143 Ecclesim
2632 5070 2907 5123 nonnulla:
2938 5079 3110 5128 totum
3135 5076 3366 5143 alicujus
3395 5092 3538 5129 mar-

1951 5143 2086 5214 tyris
2131 5156 2329 5208 Ctil‘plIS
2356 5142 2636 5214 possidere
2685 5155 2744 5193 se
2766 5152 3045 5214 asserant,
3078 5150 3233 5210 cuius
3283 5142 3533 5214 exiguam

1950 5211 2089 5267 ferte
2118 5217 2421 5278 portionem
2445 5211 2751 5275 dumtaxat,
2788 5212 3077 5280 altaribus,
3112 5211 3412 5282 memoriis,
3448 5227 3540 5272 aut

1950 5284 2145 5339 lectilis
2176 5283 2450 5338 Conditam
2486 5282 2740 5335 habeant.

2029 5375 2045 5450 ξ
2077 5376 2225 5430 Hier.
2260 5375 2422 5435 epist.
2463 5373 2528 5427 ad
2579 5374 2857 5430 Marcell.:
2899 5376 3202 5450 AMartyrum
3237 5379 3421 5450 ubique
3461 5396 3543 5432 se-

1955 5448 2138 5519 pulcra
2171 5455 2579 5520 verteramur,rt
2628 5459 2860 5502 sanctam
2893 5447 3128 5504 favillam
3175 5447 3344 5503 oculis
3377 5467 3540 5520 appo-

1955 5517 2154 5583 nentes,
2183 5519 2225 5572 si
2253 5517 2428 5591 liceat,
2453 5517 2605 5570 etiam
2635 5534 2722 5591 ore
2743 5521 3108 5591 contingimus.
3133 5521 3270 5574 Plin.
3296 5521 3391 5575 lib.
3411 5517 3538 5583 'xtx,

1955 5609 2006 5648 c.
2040 5609 2079 5654 ι.
2113 5592 2202 5646 llbl
2226 5591 2292 5642 de
2319 5589 2428 5642 lino
2459 5589 2995 5661 ashestittozﬂt’guin
3027 5592 3148 5644 inde
3179 5591 3419 5662 funebres
3457 5601 3539 5644 tu-

1959 5665 2088 5717 nit‘w
2141 5663 2372 5726 corporis
2420 5662 2658 5713 favillam
2709 5665 2771 5714 ab
2821 5663 3014 5730 reliquo
3061 5672 3306 5729 separant
3346 5664 3537 5715 cinere.

1958 5734 2105 5790 Flor.
2139 5743 2191 5788 et
2225 5731 2368 5786 Vatt.
2402 5731 2511 5786 duo
2544 5731 2733 5800 legunt
2761 5735 2812 5784 in
2849 5732 3039 5802 sanctis
3066 5733 3256 5802 [uritis
3289 5748 3539 5787 renermt-

1963 5817 2056 5862 tes.
2080 5803 2218 5861 Cod.
2254 5799 2675 5873 l’autagathi,’in
2709 5804 2814 5858 suis
2847 5799 3040 5871 fat'tllls
3067 5799 3396 5859 'renerautes.

3061 5899 3131 5960 31
