4070 6346
502 303 611 364 975

1594 295 1655 353 S.
1695 290 2077 353 GAUDENTII
2114 290 2376 350 BRIXIE
2415 287 2732 350 EPISCOPI

3702 284 3806 346 976

499 419 601 477 ille
633 415 949 471 Dominicus
972 414 1044 471 ita
1073 410 1431 483 conjungitur
1455 426 1468 465 :
1502 410 1568 464 Et
1611 411 1659 464 si
1699 412 1756 464 in
1784 410 1958 464 alieno
1981 409 2110 477 lide-
2137 410 2188 469 Α
2216 407 2448 473 Christo,
2476 424 2595 479 qua:
2625 422 2833 462 sursum
2855 396 2979 459 su'nt
3004 402 3241 476 quwrite,
3275 401 3364 458 ubi
3389 400 3633 458 Christus
3661 410 3733 456 est
3760 404 3809 458 in

501 516 580 572 les
608 531 710 569 non
737 512 931 586 fuistis,
963 510 1103 583 quod
1131 517 1353 563 vestrum
1383 508 1595 577 estquis
1616 505 1758 559 dabit
1782 505 1925 560 vobis
1951 504 2104 576 (Luc.

505 622 626 674 xvr,
654 606 783 661 lli?
814 602 1069 659 Profecto
1089 602 1233 657 enim
1262 598 1523 671 quidquid
1548 600 1601 653 in
1632 596 1739 653 huc
1767 597 1971 653 szeculo
1999 608 2104 664 eat,

502 702 743 756 alienum
815 699 973 752 nobis
1042 677 1158 759 Est;
1216 694 1309 764 qui
1375 692 1795 748 retributionem
1871 689 2108 745 futuram

507 801 818 864 sperantes,
842 790 991 845 velut
1022 788 1272 859 hospites
1296 796 1351 841 et
1380 780 1658 854 peregrini
1683 786 1735 839 in
1778 784 1884 839 hoc
1908 785 2110 839 mundo

507 885 823 944 conversari
852 883 1148 953 jubemur,
1188 891 1243 934 ut
1265 879 1641 949 unusqui~que
1678 886 1924 931 nostrum
1952 891 2113 932 secu-

508 997 607 1039 rus
650 979 880 1037 Domino
924 976 1124 1031 audeat
1161 968 1450 1029 confiteri:
1489 971 1698 1027 Advena
1738 988 1830 1041 ego
1878 987 2024 1035 sum,
2062 979 2112 1024 et

509 1075 835 1148 peregrinus,
857 1072 989 1126 sicut
1013 1084 1187 1123 omnes
1216 1077 1388 1141 patres
1406 1066 1505 1121 mei
1535 1065 1708 1137 (Psal.
1738 1080 1963 1128 xxxvm,
1999 1062 2109 1131 l3).

512 1168 740 1236 Propria
764 1180 899 1220 vero
932 1161 1310 1228 credentibus,
1350 1167 1407 1215 et
1454 1166 1657 1214 :ctcrna
1713 1155 1990 1227 possessio
2027 1162 2113 1209 est

507 1261 603 1318 illa
648 1259 892 1316 caelestis
918 1301 932 1324 ,
969 1256 1059 1311 ubi
1090 1271 1215 1311 esse
1258 1269 1380 1319 cor,
1412 1261 1468 1308 et
1497 1252 1816 1307 thesaurum
1865 1257 2111 1304 nostrum

456 1364 471 1375 ’
510 1354 765 1409 novimus
790 1349 1010 1423 (Matth.
1036 1349 1113 1415 vr)
1148 1366 1160 1402 :
1196 1347 1286 1402 ubi
1327 1347 1437 1415 jam
1486 1353 1601 1400 toto
1641 1342 1841 1398 aliectu
1887 1343 2108 1410 mentis,

510 1460 615 1517 per
685 1443 848 1499 tidem
894 1458 997 1497 nos
1055 1442 1306 1497 habitare
1369 1437 1784 1509 praesumimus;
1852 1435 2111 1506 quoniam

506 1536 667 1608 juxta
692 1536 835 1591 beati
875 1534 1024 1590 Pauli
1063 1533 1408 1597 doctrinam,
1460 1530 1780 1584 conversatio
1825 1539 2002 1583 nostra
2057 1527 2113 1580 in

510 1628 652 1683 caelis
684 1636 757 1682 est
787 1626 1016 1698 (Philip.
1049 1642 1131 1683 ιιι,
1154 1624 1275 1691 “20).
1307 1624 1562 1678 Nostrum
1602 1632 1686 1677 est
1735 1622 1900 1692 igitur
1947 1622 2115 1676 cosio-

513 1738 636 1777 rum
665 1736 914 1791 regnum,
965 1721 1009 1773 si
1064 1719 1343 1791 pollicenti
1374 1717 1645 1779 Domino,
1702 1716 1754 1769 in
1804 1715 2111 1769 humilitate

2214 505 2429 557 dextera
2453 498 2551 555 Dei
2572 502 2755 555 sedens
2782 516 2801 555 :
2824 515 2943 571 qua:
2964 513 3171 553 sursum
3207 506 3329 553 sunt
3355 497 3547 565 sapite,
3579 512 3682 551 non
3703 513 3813 564 gnte

2212 614 2371 669 super
2398 606 2609 651 (errant.
2636 595 2835 650 Mortui
2862 595 2998 649 enim
3025 595 3167 657 estis,
3203 603 3251 647 et
3271 593 3378 646 vita
3406 601 3578 645 vestra
3605 590 3817 645 abscon-

2215 691 2324 744 dita
2342 702 2413 745 rst
2435 706 2554 744 cum
2573 687 2783 744 Christo
2815 689 2870 743 in
2911 687 3037 742 Deo.
3070 687 3200 742 Cum
3227 685 3467 741 Christus
3514 687 3819 758 apparuerit

2213 786 2322 839 vita
2345 794 2535 852 vestra,
2570 794 2697 840 tunc
2724 796 2771 839 et
2793 801 2883 839 vos
2910 783 3229 856 apparebitis
3258 799 3377 837 cum
3399 782 3519 854 ipso
3572 784 3629 838 in
3658 785 3822 854 gloria

2214 877 2446 947 (Coloss.
2471 894 2552 941 nt,
2583 881 2604 933 1
2635 877 2831 948 seqq.).
2864 876 3137 944 Quoniam
3163 891 3294 931 vero
3335 886 3486 929 arcta
3511 886 3560 931 et
3608 887 3825 948 angusta

2213 974 2295 1026 via
2323 983 2396 1028 est
2415 988 2532 1041 qua:
2559 974 2702 1027 ducit
2723 972 2793 1027 ad
2823 974 2983 1026 vitam
3006 969 3223 1041 (Matth.
3257 986 3359 1036 vn,
3409 970 3525 1043 14),
3576 981 3826 1027 oneratos

2215 1065 2524 1121 divitiarum
2578 1066 2927 1123 terrestrium
2988 1064 3229 1121 fascibus
3273 1064 3492 1136 ingredi
3540 1080 3643 1135 per
3684 1065 3826 1121 illam

2217 1173 2326 1213 non
2370 1160 2535 1229 capit.
2595 1158 2904 1228 Expeditos
2951 1159 3149 1228 qttmrit
3198 1173 3270 1213 ac
3319 1166 3537 1220 tenues,
3578 1159 3828 1229 omnique

2216 1254 2556 1308 continentia
2583 1253 2915 1324 castigatos;
2955 1263 3011 1309 et
3039 1254 3123 1324 (ut
3148 1253 3220 1307 ita
3248 1253 3524 1326 dixerim)
3570 1253 3661 1308 illo
3708 1270 3826 1325 gra-

2216 1344 2307 1399 cili
2338 1345 2582 1410 similes,
2624 1347 2714 1414 qui
2765 1346 2929 1401 etiam
2965 1361 3063 1415 per
3108 1346 3359 1401 foramen
3398 1346 3547 1401 illius
3592 1347 3828 1419 mystica

2219 1452 2350 1493 acus
2381 1439 2538 1493 facile
2562 1450 2867 1502 transeant,
2897 1438 3179 1508 spiritales
3226 1438 3441 1494 cﬂ'ecti.
3478 1439 3610 1495 Haec
3638 1448 3724 1495 est
3752 1454 3829 1494 ra-

2221 1531 2321 1596 tio,
2347 1541 2397 1585 et
2428 1531 2632 1584 utilitas
2660 1531 2935 1600 parabolae
2966 1530 3160 1600 hujus,
3220 1530 3313 1585 cui
3346 1532 3590 1602 primum
3618 1576 3634 1599 ,
3685 1532 3828 1601 just:

2218 1622 2359 1692 quod
2387 1606 3129 1695 jubetur,'parendumgest:
3160 1630 3220 1678 et
3266 1624 3337 1679 ita
3387 1624 3707 1681 intellectus
3749 1640 3830 1681 se-

2219 1714 2443 1775 cretior,
2476 1713 2522 1768 si
2548 1716 2774 1784 reperiri
2800 1716 3004 1781 valeat,
3037 1715 3409 1785 inquirendus
3440 1728 3552 1782 est;
3579 1717 3706 1786 quia
3734 1735 3825 1773 non

512 1813 721 1878 cordis,
767 1824 819 1868 et
870 1812 1098 1882 spiritus
1132 1809 1559 1864 mansuetudine
1613 1808 1934 1862 serviamus.
1964 1806 2111 1860 Beati
2149 1806 2190 1865 Β
2220 1806 2271 1857 in
2297 1822 2535 1859 sermone
2564 1814 2638 1859 est
2664 1821 2883 1877 regnum
2912 1806 3026 1872 Dei,
3060 1806 3152 1862 sed
3183 1808 3241 1860 in
3276 1809 3468 1862 virtute
3507 1807 3553 1880 (Ι
3585 1808 3707 1864 Cor.
3756 1825 3825 1876 tv,

512 1904 660 1960 cnim
697 1919 948 1976 pauperes
967 1903 1185 1966 spiritu,
1219 1901 1464 1972 quoniam
1501 1899 1737 1969 ipsorum
1782 1908 1854 1951 est
1899 1914 2115 1968 regnum

510 1996 761 2053 caelorum
786 1995 1003 2067 (Matth.
1035 2012 1090 2064 ν,
1117 1996 1197 2065 3).
1229 1993 1385 2063 Quod
1410 1996 1596 2060 utique
1626 2008 1857 2063 regnum
1886 2007 1994 2046 non
2019 2009 2113 2059 po-

515 2098 628 2145 test
657 2087 887 2157 adipisci
910 2088 1090 2142 omnis
1111 2086 1204 2157 qui
1237 2086 1291 2139 in
1322 2086 1500 2139 alieno
1528 2085 1686 2154 hujus
1710 2085 1898 2139 smcnli
1943 2085 2114 2154 patri-

511 2186 700 2242 monio
725 2182 1055 2253 temporarie
1082 2182 1185 2241 sibi
1217 2179 1436 2236 credito
1460 2221 1475 2244 ,
1507 2178 1738 2234 idoneus
1760 2219 1777 2247 ,
1821 2193 1883 2233 ac
1939 2178 2116 2233 ﬁdelis

509 2278 862 2347 dispensator
887 2292 993 2331 non
1039 2274 1237 2339 fuerit;
1284 2272 1430 2328 unde
1455 2273 1569 2327 alio
1618 2275 1671 2326 in
1730 2272 1854 2326 loco
1903 2272 2121 2328 dicebat

509 2371 779 2428 Dominus
805 2388 817 2425 :
851 2379 876 2407 ⁸
919 2368 1089 2436 Quam
1112 2367 1336 2434 difﬁcile
1364 2368 1454 2438 qui
1476 2367 1724 2440 pecunias
1756 2366 1986 2434 habent,
2035 2367 2115 2420 in-

506 2465 717 2519 trabunt
747 2464 799 2518 in
829 2472 1045 2534 regnum
1078 2462 1171 2516 Dei
1225 2461 1448 2533 (Matth.
1480 2477 1596 2527 xIx,
1643 2444 1769 2528 23).!
1819 2461 1885 2516 Et
1921 2462 1974 2515 in
2010 2461 2116 2517 line

511 2560 766 2616 lectionis
799 2558 959 2628 hujus
992 2557 1068 2611 ait
1100 2574 1114 2609 :
1148 2555 1268 2609 Non
1301 2555 1515 2621 potestis
1551 2554 1677 2617 Deo,
1706 2565 1755 2609 et
1804 2571 2117 2609 mammona:

507 2652 699 2706 servire
729 2647 883 2722 (Luc.
913 2665 1026 2713 xvi,
1058 2649 1167 2717 15).
1203 2648 1295 2702 Dei
1324 2649 1470 2701 enim
1517 2647 1720 2703 Christi
1756 2662 1948 2702 servos
1971 2690 1985 2714 ,
2035 2658 2117 2702 at-

508 2759 618 2818 que
643 2744 967 2813 discipulos,
1007 2744 1283 2811 imperare
1306 2750 1528 2812 oportet
1560 2744 1830 2810 pecuniae,
1862 2758 1968 2797 non
2000 2758 2116 2798 ser-

512 2841 664 2905 vire;
689 2853 779 2904 ne,
809 2838 936 2891 dum
963 2836 1245 2905 cupiditati
1280 2836 1396 2905 ejus
1424 2836 1710 2891 obedimus
1740 2880 1754 2903 ,
1790 2852 1817 2889 a
1847 2836 2117 2892 charitate

514 2931 801 2987 servitutis
823 2929 966 3000 ejus,
999 2927 1027 2967 ι’
1080 2929 1402 2983 dominante
1459 2930 1725 2998 pecunia,
1776 2944 2115 2998 separemur.

511 3023 905 3092 DiSpergendze
928 3031 1054 3076 sunt
1094 3036 1227 3089 ergo
1272 3021 1520 3089 pecuniae
1562 3022 1978 3092 indigentibus,
2031 3037 2118 3076 se-

513 3117 754 3173 cundum
793 3126 1126 3186 prmceptum
1171 3111 1456 3168 Creatoris
1496 3115 1741 3169 omnium
1793 3115 1916 3179 Dei;
1977 3130 2115 3184 quo-

2217 1899 2336 1967 90).
2374 1900 2437 1954 Et
2467 1917 2571 1953 non
2603 1901 2872 1956 auditores
2898 1907 3126 1965 tantum,
3162 1901 3258 1955 sed
3289 1902 3516 1972 factores
3544 1900 3703 1976 Legis
3743 1906 3826 1976 ju-

2220 1992 2587 2063 stiﬁcabuntur
2608 1992 2749 2065 apud
2779 1992 2947 2047 Deum
2980 1991 3159 2064 (Rom.
3205 2008 3283 2060 tt,
3319 1992 3443 2063 l5);
3506 2010 3611 2049 nec
3662 2004 3827 2061 potest

2218 2085 2414 2157 aliquis
2441 2085 2648 2156 liquido
2695 2084 3168 2156 comprehendere
3195 2087 3525 2141 interiorem
3549 2087 3823 2144 scientiam

2218 2177 2386 2233 divini
2409 2176 2637 2244 eloquii,
2666 2178 2933 2247 Apostolo
2961 2188 3305 2247 protestante
3340 2194 3354 2232 :
3394 2176 3441 2233 Ο
3494 2177 3725 2233 altitudo
3752 2181 3830 2235 di-

2217 2272 2461 2325 vitiarum
2493 2271 2767 2343 sapientiae
2797 2280 2847 2327 et
2889 2273 3119 2326 scicntia:
3139 2269 3282 2325 Dei!
3316 2289 3478 2342 quam
3518 2273 3826 2344 imperscru-

2218 2365 2402 2418 tabilia
2440 2374 2560 2419 sunt
2591 2365 2802 2437 judicia
2843 2370 2958 2440 ejus
2985 2407 2998 2431 ,
3045 2374 3097 2420 et
3141 2366 3528 2437 investigabiles
3560 2369 3657 2422 viae
3681 2370 3828 2440 ejus!

2222 2456 2355 2523 Quis
2383 2460 2524 2512 enim
2548 2461 2783 2531 cognorit
2807 2476 3019 2515 sensum
3052 2459 3309 2515 Domini?
3327 2471 3421 2516 aut
3440 2464 3561 2532 quis
3587 2465 3828 2519 consilio-

2219 2554 2331 2607 rius
2365 2554 2477 2626 ejus
2501 2555 2602 2624 fuit
2664 2553 2823 2609 Rom.
2862 2571 2950 2620 sl,
3005 2555 3096 2611 55.
3124 2554 3263 2622 δην
3307 2555 3374 2610 Et
3419 2555 3531 2613 alio
3581 2557 3637 2611 in
3692 2558 3823 2625 loco,

2219 2661 2343 2701 cum
2369 2648 2438 2703 de
2468 2649 2638 2702 Adam
2662 2658 2719 2703 et
2743 2649 2873 2712 Eva,
2908 2663 3317 2706 sacramentum
3341 2650 3515 2707 divini
3559 2653 3824 2709 sermonis

2219 2739 2443 2795 nimium
2463 2741 2669 2811 grande
2691 2743 2942 2810 sentiret,
2964 2753 3020 2797 et
3040 2744 3187 2814 loqui
3218 2743 3350 2798 illud
3378 2745 3549 2815 digne
3568 2762 3677 2802 non
3704 2761 3823 2818 pos-

2221 2846 2329 2898 set,
2360 2838 2436 2890 ait
2464 2855 2475 2890 :
2510 2836 2818 2908 Mysterium
2846 2836 2945 2891 hoc
2975 2845 3173 2908 grande
3214 2847 3293 2892 est
3316 2854 3334 2892 :
3356 2855 3453 2909 ego
3498 2851 3675 2895 autem
3719 2841 3825 2897 dice

2219 2930 2274 2983 in
2302 2928 2513 2984 Christo
2551 2941 2596 2983 et
2621 2930 2672 2983 in
2708 2927 2942 2983 Ecclesia
2973 2927 3194 3002 (Ephes.
3232 2944 3291 2995 ν,
3329 2930 3444 3001 32).
3500 2929 3603 2986 Vis
3651 2941 3821 2988 autem

2222 3038 2409 3085 nosse.
2440 3023 2584 3094 quod
2613 3023 2683 3078 ad
2712 3033 2979 3078 aeternam
2999 3028 3166 3078 vitam
3196 3040 3307 3079 non
3333 3040 3433 3089 per
3462 3025 3716 3081 notitiam
3740 3042 3821 3083 se-

2219 3118 2625 3183 cretorum,sed
2645 3135 2742 3186 per
2758 3133 2984 3189 operum
3009 3121 3282 3174 bonorum
3305 3120 3690 3193 efficientiam,
3717 3139 3823 3192 per-

512 3208 660 3264 niam
688 3223 864 3279 neque
893 3216 1095 3261 nostrae
1124 3215 1275 3273 sunt,
1308 3221 1485 3276 neque
1514 3207 1636 3260 illas
1668 3207 1789 3262 sine
1821 3207 1987 3280 350
2010 3208 2115 3263 ini-
2147 3193 2193 3256 (ἶ
2225 3210 2462 3265 venitur?
2482 3211 2743 3265 Dominus
2766 3213 2815 3265 in
2844 3212 3824 3285 Evangeliointerroganticuidamdi-

510 3304 741 3374 quitate,
777 3316 841 3357 ac
864 3301 945 3356 sui
980 3301 1247 3369 pernicie,
1299 3315 1501 3353 avarus
1542 3300 1828 3370 quisquam
1882 3302 2114 3356 detinet.

510 3395 646 3452 Nam
674 3394 835 3466 juxta
863 3394 1193 3450 sententiam
1226 3391 1534 3448 Salvatoris
1579 3392 1784 3447 aditum
1815 3395 1967 3463 regni
2000 3409 2116 3450 cm-

509 3486 688 3542 lorum
711 3490 824 3540 suis
848 3486 1224 3547 retentortbus
1252 3483 1625 3539 intercludunt
1648 3526 1663 3549 ,
1700 3493 1750 3539 et
1787 3485 1997 3555 facilius
2041 3494 2115 3542 est

513 3576 773 3632 camelum
802 3593 893 3650 per
918 3576 1152 3647 foramen
1174 3591 1298 3629 acus
1330 3577 1584 3638 transire,
1608 3592 1763 3646 quam
1794 3577 2002 3632 divitem
2026 3579 2112 3633 in-

514 3680 654 3725 trare
680 3670 736 3722 in
754 3685 974 3740 regnum
999 3667 1095 3722 Dei
1120 3666 1345 3740 (Matth;
1387 3684 1509 3737 xix,
1532 3668 1627 3739 9.4)
1659 3685 1671 3721 :
1708 3669 1856 3723 illum
1914 3686 2112 3741 nempe

517 3765 766 3826 divitem,
828 3761 919 3831 qui
942 3761 1013 3814 sit
1052 3762 1124 3815 ob
1162 3762 1449 3818 horrorem
1480 3763 1653 3832 turpis
1701 3765 1945 3817 avaritiae
1969 3776 1990 3803 ο
2024 3780 2112 3820 εει

514 3857 666 3915 melo
687 3853 977 3911 inﬁrmior.
1005 3853 1199 3911 Gravis
1228 3858 1581 3925 pecuniarum
1610 3859 1825 3913 sarcina
1856 3869 1959 3926 est,
1992 3876 2113 3929 qua:

516 3951 794 4007 tenacium
848 3949 931 4002 sui
983 3956 1196 4002 mentes
1245 3951 1488 4006 avaritiae
1538 3952 1785 4022 pondere
1817 3951 1884 4007 ad
1912 3964 2110 4008 terram

514 4041 794 4112 deprimit,
822 4054 923 4094 nec
950 4055 1233 4110 emergere
1279 4041 1345 4095 ad
1370 4058 1632 4111 superna,
1659 4046 1971 4117 οωιιιιιιψιρ
2015 4062 2109 4103 su—

516 4133 749 4204 Spicere,
782 4134 870 4188 ubi
895 4134 1003 4189 vita
1029 4145 1213 4189 nostra
1243 4144 1349 4202 est,
1373 4139 1597 4191 omnino
1643 4141 1939 4207 permittit;
1984 4156 2108 4197 cum

513 4228 710 4285 doceat
756 4228 949 4284 beatus
1016 4229 1314 4300 Aposwlus
1364 4249 1378 4285 :
1428 4231 1493 4287 Si
1545 4235 1940 4289 consimexistis
1994 4255 2113 4292 cum

585 4398 611 4425 α
649 4387 892 4443 Isidorus
927 4387 1142 4442 Claritts
1168 4390 1233 4442 ad
1279 4390 1425 4445 hunc
1476 4391 1709 4447 Matthaai
1756 4397 1930 4451 locum
1970 4415 1982 4450 :
2026 4398 2117 4452 Vi-

2222 3304 2314 3359 viti
2329 3304 2408 3360 sic
2429 3306 2738 3377 respondit:
2758 3304 2818 3362 Si
2836 3307 2909 3361 vis
2926 3306 2996 3360 ad
3012 3308 3167 3361 vitam
3184 3309 3381 3372 venire,
3402 3327 3551 3365 serva
3576 3311 3820 3366 mandata

2220 3397 2441 3469 (Matth.
2481 3415 2592 3461 κη,
2622 3400 2733 3470 17).
2762 3400 2895 3468 Qum
2919 3417 3041 3457 cum
3077 3403 3167 3459 ille
3196 3417 3260 3458 se
3286 3404 3472 3459 omnia
3511 3406 3820 3463 custodisse

2216 3493 2377 3568 351
2413 3495 2665 3564 jactaret.
2699 3496 3010 3566 extorqueri
3052 3505 3236 3552 tamen
3285 3496 3312 3535 ά
3346 3499 3416 3553 ab
3468 3515 3537 3555 eo
3570 3499 3640 3555 ad
3692 3517 3821 3572 prte-

2218 3602 2349 3640 sens
2375 3603 2538 3642 ttntttn
2572 3588 2888 3643 mandatum
2921 3605 3027 3644 tton
3061 3590 3258 3658 potuit,
3291 3599 3349 3646 ut
3378 3592 3703 3649 misericors
3741 3608 3820 3648 es-

2215 3686 2300 3733 set
2329 3680 2380 3733 in
2414 3695 2700 3749 pauperes,
2732 3691 2789 3737 et
2818 3681 3129 3736 thesaurum
3174 3696 3333 3737 suum
3382 3684 3715 3742 transferret
3759 3685 3818 3741 ad

2217 3772 2442 3838 coelum;
2480 3789 2603 3827 nam
2652 3774 2836 3828 statim
2876 3774 3064 3828 audito
3095 3772 3199 3829 hoc
3248 3790 3513 3833 sermone
3559 3778 3821 3834 abscessit

2218 3865 2412 3919 tristis.
2446 3864 2557 3921 Nec
2587 3865 2858 3920 immerito
2884 3865 3087 3932 triSIis;
3118 3867 3243 3937 quia
3271 3866 3537 3938 gaudium
3583 3870 3819 3926 caelestis

2219 3960 2482 4029 thesauri,
2515 3961 2657 4015 malo
2676 3962 2923 4017 avaritire
2950 3976 3238 4033 possessus
3272 3962 3562 4032 possidere
3585 3980 3696 4019 non
3729 3981 3816 4032 po-

2220 4061 2378 4108 terat.
2407 4052 2657 4107 Profecto
2678 4053 2833 4107 rudia:
2858 4054 3089 4107 omnium
3106 4052 3360 4109 malorum
3392 4066 3467 4109 est
3501 4072 3654 4110 amor
3676 4073 3820 4125 pecu-

2220 4149 2341 4218 niw,
2397 4157 2457 4203 ut
2502 4148 2806 4217 ingemiscit
2851 4147 3145 4217 Apostolus
3174 4162 3190 4201 :
3225 4164 3385 4219 quam
3415 4149 3632 4220 quidam
3663 4167 3819 4220 appe-

2221 4253 2383 4296 tentes
2427 4249 2727 4295 crraverunt
2776 4258 2808 4294 a
2856 4240 2982 4310 ﬁde,
3013 4250 3061 4294 et
3083 4240 3417 4295 inseruerunt
3468 4257 3525 4296 se
3554 4240 3819 4297 doloribus

2240 4427 2261 4472 -A
2299 4410 2322 4439 ο
2352 4399 2432 4455 Ex
2454 4401 2924 4470 consequentibus
2949 4400 3133 4457 verbis
3152 4400 3327 4472 gravis
3349 4402 3695 4471 pecuniarum
3720 4420 3819 4457 sar-

515 4459 705 4547 dettlur
730 4458 858 4547 mihi
884 4476 1060 4547 (ζηιηςξ
1083 4460 1180 4547 (μιῇ,
1207 4473 1459 4547 πείσαιμ’,
1512 4469 1844 4547 naufragium
1900 4471 2069 4547 facere
2089 4486 2110 4525 :
2138 4474 2191 4535 D
2214 4470 2334 4547 cina
2359 4482 2452 4539 est,
2480 4458 2696 4547 videtur
2722 4472 3081 4541 Gaudentius,
3110 4458 3499 4547 Eiargelicum
3524 4475 3669 4529 i~tud
3698 4477 3819 4547 facio

510 4542 566 4585 at
592 4532 645 4585 in
674 4530 951 4601 naufragio
972 4530 1061 4585 alii
1089 4533 1353 4586 adiicerent
1380 4533 1542 4587 alicui
1567 4530 1661 4600 rei,
1688 4530 1771 4591 cui
1811 4530 1978 4595 innixi
2007 4559 2110 4596 non

512 4608 732 4679 omnino
748 4603 861 4679 sine
883 4619 973 4672 spe
994 4615 1112 4656 sunt
1143 4618 1159 4655 :
1189 4601 1283 4679 alii
1305 4606 1528 4679 sinespe
1554 4607 1723 4660 relirti
1746 4611 1900 4664 undis
1932 4613 2114 4679 ferun-

514 4682 618 4749 t‘ur.
644 4674 732 4745 qui
769 4676 811 4749 si
842 4684 1126 4733 serventur,
1157 4675 1331 4749 solius,
1348 4674 1444 4729 Dei
1473 4676 1721 4741 beneﬁcio
1743 4674 2008 4749 acceptam
2030 4700 2111 4736 re-

510 4741 689 4821 ferunt
714 4741 933 4797 salutem
956 4744 1237 4821 ;_quamvis
1265 4763 1291 4796 e
1316 4747 1420 4798 iam
1458 4749 1555 4821 alii
1592 4766 1678 4821 gui
1709 4741 1885 4804 tabula
1931 4753 2110 4821 aliqua

510 4813 830 4898 [ei-phantur,
865 4816 1254 4896 gratias_agunl
1282 4820 1554 4898 servatori
1581 4813 1709 4875 Deo.
1744 4821 1940 4879 Divites
1985 4813 2110 4898 ergo

508 4884 577 4959 iis
598 4884 799 4959 similes
836 4895 953 4959 sunt
991 4884 1300 4959 quiamissu
1353 4887 1554 4959 alioqui
1593 4895 1734 4947 omni
1764 4911 1885 4959 spe.
1943 4884 2109 4952 solius

511 4954 608 5009 Dei
625 4955 853 5029 quodam
872 4955 1124 5029 miraculo
1147 4967 1441 5011 servantur.
1474 4954 1537 5012 Et
1556 4978 1673 5015 cum
1687 4954 1801 5017 tam.
1817 4954 2107 5029 periculosa

508 5043 591 5081 res
620 5028 721 5079 sint
749 5026 967 5099 divitiae,
998 5027 1041 5099 is
1064 5034 1235 5099 tamen
1264 5030 1470 5099 felicior
1490 5049 1521 5083 a
1550 5036 1711 5089 stulto
1734 5026 1999 5092 hominum
2026 5059 2107 5094 er—

508 5113 626 5177 rore
653 5097 882 5177 creditur
922 5098 1007 5177 qui
1047 5096 1206 5177 ditior
1243 5096 1365 5166 est;
1415 5106 1508 5157 hoc
1551 5117 1622 5159 est
1666 5109 1755 5177 qui
1805 5112 2107 5167 swvioribus

504 5170 926 5223 circumvolvitur
953 5168 1219 5237 fluctibus.

576 5238 605 5278 1)
641 5240 985 5304 Ineptissime
1023 5238 1191 5308 Lugd.
1234 5241 1405 5297 editio
1436 5246 1681 5303 donante.
1734 5252 1959 5306 Videtur
2008 5270 2106 5308 au-

508 5320 617 5367 tem
647 5311 989 5368 Gaudentius
1018 5313 1328 5380 respexisse
1360 5316 1491 5370 illud
1527 5319 1732 5375 Horatii
1764 5324 1814 5388 1,
1863 5339 1950 5393 ep.
1990 5326 2058 5381 10
2088 5345 2101 5380 :

631 5454 867 5519 Imperat,
892 5462 975 5505 aut
998 5455 1380 5507 servitcollecta
1405 5463 1614 5521 pecunia
1640 5468 1850 5531 cuique;

499 5580 750 5669 dnm‘ait,
786 5578 980 5663 Christi
998 5595 1169 5634 servos
1191 5622 1207 5648 ,
1254 5587 1753 5669 ⁸αηῃιαξυίίὶεεὶρηιοδ
1777 5637 1792 5662 ,
1844 5594 2103 5669 imperare

497 5662 696 5725 oportet
719 5653 965 5721 pecuniae,
993 5669 1106 5725 non
1129 5655 1345 5708 servire.
1397 5656 1488 5713 Sic
1520 5653 1684 5715 σιιῑέιιιι
1738 5653 1949 5722 δὲκαὶ,
2001 5670 2099 5725 ιιι),

503 5720 725 5803 (Ι-θινίιπ
742 5726 900 5777 beata
933 5720 1187 5803 {Divitiae
1215 5729 1359 5803 apud
1387 5737 1671 5798 sapientem
1697 5736 1886 5803 virum,
1913 5720 1966 5793 in

495 5794 619 5851 vitio
643 5804 801 5859 sunt;
826 5794 968 5860 apud
993 5793 1233 5865 stultum,
1253 5793 1313 5851 in
1348 5793 1587 5870 imperio.

2218 4543 2319 4596 lius
2373 4554 2446 4597 est
2501 4544 2761 4599 camelum
2789 4560 2880 4614 per
2908 4548 3140 4614 foramen
3169 4560 3295 4597 acus
3329 4546 3561 4601 transire
3588 4586 3606 4613 ,
3661 4543 3814 4601 intel-

2213 4614 2415 4669 texisse
2461 4616 2531 4671 de
2577 4618 2789 4671 cautela
2835 4618 3145 4679 animante;
3196 4614 3284 4669 cui
3326 4620 3619 4672 sententia:
3680 4619 3817 4672 favet

2212 4685 2376 4739 etiam
2411 4687 2785 4760 Hieronymus
2820 4689 2871 4740 in
2904 4687 3097 4760 Matth.
3128 4702 3242 4740 XIX.
3301 4686 3443 4760 Cod.
3499 4688 3816 4760 Pantagathi

2214 4770 2312 4824 pro
2341 4758 2535 4813 camelo
2566 4758 2829 4828 inﬁrmior
2853 4758 3014 4812 habet
3039 4762 3237 4813 camelo
3264 4759 3587 4830 informior;
3610 4776 3664 4815 et
3682 4758 3815 4815 'con-

2217 4831 2464 4901 sentiunt
2489 4829 2637 4886 Vatt.
2675 4830 2804 4899 duo,
2838 4840 2900 4885 ut
2928 4832 3265 4901 respondi-at
3296 4831 3440 4893 quod
3474 4832 3737 4899 praet-dit
3757 4831 3814 4886 ob

2212 4897 2479 4953 horrorem
2504 4902 2672 4969 turpis
2708 4897 2985 4967 avaritia},
3026 4897 3157 4969 quas
3205 4902 3429 4957 nonnisi
3476 4897 3554 4956 de
3608 4904 3815 4958 camelo

2210 4972 2490 5042 animante
2520 4973 2627 5027 dici
2660 4982 2786 5041 apte
2814 4983 3041 5039 queunt.
3073 4971 3174 5027 Alii
3218 4988 3352 5026 vero
3387 4974 3667 5042 accipiunt
3722 4989 3815 5041 pro

2210 5038 2340 5095 fune
2373 5046 2623 5107 nautico,
2658 5038 2745 5097 cui
2778 5038 3073 5099 ancltoram
3104 5043 3446 5112 alligabunt,
3496 5038 3608 5113 quo
3656 5038 3812 5100 sensu

2210 5114 2481 5179 reperitur
2506 5115 2645 5183 apud
2675 5114 2924 5171 Suidam.
2960 5116 3023 5170 Et
3057 5115 3181 5170 ideo
3228 5117 3413 5169 forsan
3471 5114 3812 5172 Gaudentius

2210 5184 2337 5236 huic
2385 5187 2548 5239 etiam
2589 5185 2961 5255 intelligentia:
3008 5200 3069 5242 se
3115 5187 3545 5242 accommodare
3599 5192 3806 5255 volens,

2210 5256 2370 5329 paulo
2401 5269 2519 5321 post
2546 5258 2680 5311 dicit
2708 5260 2851 5319 quod
2885 5259 2970 5313 via
2999 5274 3111 5325 qua:
3130 5258 3199 5311 ad
3226 5258 3389 5329 vitam
3418 5259 3601 5318 ducit,
3656 5276 3809 5329 expe-

2206 5323 2571 5402 ditosquterit,
2600 5346 2659 5382 ac
2687 5339 2887 5397 tenues,
2921 5339 2968 5383 et
2991 5323 3081 5392 ﬁlo
3111 5327 3297 5402 gracili
3322 5329 3543 5383 similes.
3570 5329 3694 5385 Fuit
3720 5323 3813 5384 au-

2206 5402 2315 5469 t_em
2351 5397 2450 5451 hoc
2479 5400 2834 5454 ﬂabra-orum
2879 5397 3163 5469 adagium,
3215 5402 3286 5457 de
3336 5417 3450 5466 quo
3504 5403 3809 5458 luculenter

2205 5464 2424 5543 Setnnel
2460 5470 2760 5526 Bocltartus
2805 5464 3024 5527 Hieroi.
3057 5464 3195 5535 part.
3233 5487 3287 5538 ι,
3324 5464 3422 5529 lih.
3457 5487 3518 5539 tt,
3575 5489 3698 5543 cap.
3750 5474 3804 5539 5,

2205 5536 2297 5616 ubi
2331 5540 2484 5616 plura
2516 5558 2581 5597 ex
2616 5544 2860 5616 Hebraeis
2884 5544 3112 5613 profert;
3156 5536 3281 5614 quas
3310 5536 3513 5616 adagio
3570 5536 3697 5601 huic
3746 5536 3807 5599 il;

2205 5607 2485 5684 lustrandi»
2516 5629 2760 5684 apprime
2792 5607 3017 5669 faciunt.

2273 5675 2301 5715 ἀ
2341 5681 2430 5735 Sic
2458 5675 2617 5751 elliii';
2649 5696 2704 5740 at
2755 5685 2901 5741 Flor.
2938 5700 2993 5742 et
3024 5687 3167 5742 Vatt.
3200 5686 3330 5751 duo,
3383 5686 3448 5742 ab
3479 5703 3540 5742 eo
3588 5703 3806 5752 prtesens

2200 5759 2462 5874 alumnum,
2493 5759 2798 5828 eodemque
2830 5758 2994 5815 modo
3024 5758 3153 5830 legit
3184 5758 3353 5815 etiam
3377 5760 3507 5815 cod.
3543 5758 3807 5830 Pantaga-
