4070 6346
299 344 399 399 977

1061 344 1298 401 SERMO
1341 344 1531 409 XVIII,
1576 345 1664 400 DE
1706 346 2026 404 DIVERSIS
2064 344 2428 403 CAPITULIS
2467 343 2810 401 OCTAVUS.

3491 337 3597 396 978

296 463 470 516 multis
498 462 543 536 (l
567 461 699 516 Tim.
731 463 938 535 v1.10).
968 461 1102 518 Nam
1130 459 1156 500 '8
1191 463 1564 533 perniciosum
1588 463 1711 519 ﬁdei
1744 479 1898 519 erro—
1924 468 1974 528 Α
2003 463 2193 518 domos
2221 479 2347 518 suas
2384 463 2515 517 falsa
2547 462 2885 533 benignitate
2913 461 3122 518 seducti
3157 461 3439 531 recipiant,
3472 473 3598 516 cum

296 571 408 612 rem
457 557 683 627 patitur,
731 566 787 613 et
816 558 1009 612 inserit
1044 573 1104 613 se
1154 557 1438 612 doloribus
1469 557 1673 623 multis,
1715 558 1804 627 qui
1836 572 1895 612 a-

295 664 444 705 more
487 650 856 716 terrestrium,
904 653 1045 706 sicut
1072 653 1390 707 adolescens
1442 652 1570 719 iste,
1601 651 1831 705 discedit
1863 669 1892 706 a

292 740 547 806 Christo;
603 744 730 798 dum
772 745 1082 799 mandatum
1135 751 1253 814 ejus
1290 744 1654 814 subterfugit;
1705 745 1831 799 dum
1861 763 1891 800 a

290 847 586 904 conspectu
622 837 859 898 Domini.
895 839 1091 902 tristis,
1121 854 1184 894 ac
1211 840 1426 909 lugens,
1452 840 1516 893 ad
1545 855 1732 910 poenas
1759 856 1890 894 ava-

289 927 364 982 ris
393 938 446 982 et
475 931 951 998 contemptoribus
994 941 1344 1001 praeparatas,
1380 940 1677 1002 Spontanea
1729 935 1888 989 carci-

289 1027 398 1075 tate
421 1019 731 1076 deducitur.
757 1023 812 1076 ln
843 1025 1063 1078 sinistra
1092 1025 1235 1078 enim
1271 1034 1444 1090 parte,
1478 1027 1887 1081 infructuosita-

287 1112 354 1167 tis
405 1114 602 1169 merito
653 1115 966 1170 constitutis
1020 1116 1264 1172 dicetur:
1323 1116 1584 1171 Discedite
1639 1134 1779 1171 ame
1834 1119 1890 1171 in

283 1206 455 1276 ignem
476 1215 752 1274 wternum,
797 1225 947 1278 quem
981 1211 1180 1277 paravit
1215 1208 1371 1263 Pater
1410 1227 1554 1264 meus
1591 1210 1799 1263 diabolo
1838 1221 1885 1266 et

281 1299 480 1369 angelis
506 1304 623 1373 ejus
652 1317 670 1354 :
699 1302 826 1371 quia
856 1317 971 1356 cum
999 1319 1102 1355 non
1131 1304 1328 1373 fecistis
1357 1305 1771 1358 misericordiam
1803 1305 1882 1357 in.

283 1390 592 1459 digentibus,
628 1409 721 1446 nec
751 1393 877 1446 mihi
921 1396 1114 1464 fecistis
1147 1395 1366 1466 (.tlatth.
1407 1413 1538 1462 xxv,
1569 1396 1686 1469 4f).
1715 1396 1886 1453 Venio

280 1497 427 1538 nunc
455 1483 520 1537 ad
557 1485 687 1539 illud
719 1486 862 1555 quod
891 1495 1178 1556 tantopere
1205 1506 1231 1539 a
1264 1503 1350 1542 me
1387 1489 1638 1557 exegiSti,
1673 1499 1727 1542 et
1754 1489 1884 1557 quid

279 1588 446 1644 super
493 1591 562 1631 eo
593 1578 849 1644 sentiam,
901 1594 1003 1649 qua
1047 1589 1242 1649 potero
1292 1579 1560 1636 brevitate
1612 1583 1881 1648 narrabo;

278 1670 407 1726 nulli
439 1672 922 1743 prmjudicaturus,
966 1677 1205 1745 qualiter
1236 1678 1591 1746 interpretari
1626 1681 1880 1747 voluerit,

276 1763 438 1818 modo
471 1775 531 1820 ut
558 1767 869 1836 explanatio
893 1772 1016 1836 ejus
1056 1770 1404 1824 traditionem
1448 1772 1569 1827 ﬁdei
1615 1775 1880 1841 apostoli-

1999 557 2116 627 ipso
2140 558 2193 612 in
2226 568 2548 627 perpetuum
2568 555 2875 627 judicandi.
2903 556 3152 625 Magnum
3181 553 3446 624 siquidem
3469 568 3601 623 sup-

1997 649 2174 716 pliciis
2227 651 2337 703 Silii
2376 649 2631 703 diabolus
2668 657 2825 717 putat
2869 649 2973 703 hoc
3001 665 3125 704 esse
3169 648 3501 714 remedium,
3548 644 3596 701 si

1997 755 2278 809 [manarum
2310 741 2491 796 socios
2519 743 2720 796 multos
2746 742 3012 810 acquirat.
3049 740 3182 796 Nam
3211 741 3444 795 callidus
3469 741 3595 794 hos-

1995 834 2085 898 tis,
2127 833 2452 889 adveniente
2479 845 2535 889 et
2563 834 2940 889 comminante
2962 835 3182 888 Christo
3207 837 3477 897 turbatus,
3502 846 3600 885 ex-

1992 927 2252 990 cogitavit
2282 939 2551 984 venenato
2573 929 2831 996 consilio,
2864 929 3097 999 qualiter
3128 928 3180 982 bi
3213 928 3374 983 etiam
3405 927 3494 996 qui
3530 925 3600 980 il-

1991 1019 2099 1073 lum
2128 1035 2545 1092 persequentem
2580 1022 2883 1092 fugiebant,
2926 1024 3212 1077 cedentem
3262 1031 3588 1090 sequantur.

1993 1113 2235 1168 Festinat
2265 1119 2404 1169 enim
2437 1118 2591 1171 novis
2643 1117 2882 1175 artibus.
2920 1117 3193 1188 variisque
3227 1119 3592 1171 tetttatimium

1991 1211 2287 1278 generibus
2316 1211 2673 1278 stipplantare
2706 1209 2976 1274 homines,
3003 1227 3028 1263 a
3054 1226 3284 1278 quorum
3310 1209 3596 1264 dominatu

1989 1301 2041 1356 in
2076 1304 2179 1356 fine.
2207 1307 2392 1358 sa-culi
2419 1305 2854 1358 submovendum
2881 1322 2938 1359 se
2960 1305 3176 1373 penitus
3207 1319 3329 1360 esse
3361 1319 3596 1374 cognos-

1989 1393 2082 1448 cit.
2117 1393 2248 1447 Nam
2307 1403 2426 1462 po-t
2455 1395 2748 1449 adventum
2793 1393 3024 1461 Christi,
3074 1395 3354 1465 duplicato
3402 1407 3594 1453 contra

1991 1487 2273 1542 hominum
2331 1505 2505 1559 genus
2557 1493 2740 1545 furore
2803 1492 3199 1556 succenditur,
3254 1493 3420 1548 sciens
3473 1495 3596 1563 quia

1989 1581 2248 1634 modicum
2303 1593 2505 1651 tempus
2533 1583 2710 1649 habet,
2757 1586 2898 1640 sicut
2952 1597 3219 1656 scriptum
3278 1586 3345 1643 de
3393 1590 3484 1645 illo
3516 1599 3603 1646 est

1988 1674 2170 1745 (Apoc.
2202 1679 2323 1740 XII).
2357 1677 2541 1731 Debita
2569 1693 2956 1732 Conservorum
2990 1695 3236 1748 suorum,
3268 1698 3387 1752 qum
3413 1684 3464 1736 in
3502 1700 3599 1752 po-

1988 1776 2183 1822 testate.
2211 1768 2425 1823 Domini
2455 1781 2604 1840 suut,
2632 1773 2877 1825 relaxare
2898 1786 2958 1825 se
2983 1771 3116 1826 falso
3144 1775 3438 1840 promittit,
3466 1775 3596 1831 dum

274 1872 352 1913 can
382 1874 487 1914 n0n
516 1860 792 1927 infringat.
828 1862 1135 1933 Iniquititis
1166 1863 1403 1918 villicum
1435 1864 1717 1920 diabolum
1749 1876 1878 1938 puto
1911 1869 1957 1929 Β
1985 1880 2202 1930 vanam,
2241 1867 2327 1921 vel
2352 1867 2404 1920 in
2439 1866 2567 1932 fide,
2605 1867 2689 1921 vel
2722 1869 2771 1920 in
2802 1882 2972 1936 opere
3007 1869 3383 1936 peccantibus,
3420 1870 3601 1925 indul-

273 1963 416 2016 esse,
448 1953 537 2021 qui
568 1951 778 2008 idcirco
808 1951 834 1990 δ
866 1955 936 2008 ob
966 1956 1366 2024 Correptimtcm
1398 1958 1614 2028 generis
1659 1961 1878 2014 humani

271 2045 476 2100 saeculo
507 2047 614 2100 isto
645 2047 906 2103 dimissus
936 2059 1042 2113 est,
1085 2063 1143 2104 ut
1175 2051 1564 2107 immanitatem
1613 2053 1878 2110 crudelis-

274 2137 400 2191 simi
431 2138 593 2208 huius
623 2141 793 2194 villici
827 2141 1122 2212 fugientes,
1158 2143 1222 2197 ad
1258 2147 1510 2212 pietatem
1545 2145 1638 2199 Dei
1671 2146 1875 2216 suppli-

268 2230 405 2285 citer
437 2246 851 2300 concurramus,
885 2235 1042 2304 cujus
1074 2236 1451 2290 misericordia
1483 2248 1648 2308 atque
1669 2240 1872 2294 virtute

266 2331 454 2379 contra
489 2340 686 2380 omnes
720 2328 1104 2383 inf'estationes
1136 2329 1255 2399 ejus
1285 2329 1496 2384 defensi
1544 2345 1668 2386 esse
1701 2333 1874 2400 possi-

267 2435 388 2473 mus
422 2436 435 2472 :
483 2420 926 2490 quandoquidem
971 2432 1026 2476 et
1061 2422 1177 2491 ipse
1209 2422 1424 2478 villicus
1467 2425 1569 2478 sub
1602 2433 1871 2492 potestate

266 2514 598 2571 constitutus
621 2525 705 2571 est
724 2516 935 2571 Domini
953 2515 1080 2582 Dei;
1109 2517 1251 2571 illius
1277 2534 1405 2572 vere
1419 2518 1606 2573 divitis
1631 2520 1741 2588 qui,
1763 2521 1868 2574 sic-

268 2617 324 2661 ut
353 2606 518 2662 docet
552 2609 867 2677 Aposmlus,
923 2609 1080 2664 dives
1123 2621 1208 2665 est
1240 2611 1294 2665 in
1335 2626 1552 2678 omnes,
1603 2621 1658 2667 et
1702 2628 1868 2682 super

261 2715 456 2756 omnes
485 2703 576 2772 qui
615 2704 872 2757 invocant
901 2721 1050 2760 eum.
1110 2703 1291 2759 Omnis
1341 2706 1476 2759 enint
1521 2707 1609 2775 qui
1658 2708 1866 2761 invoca-

260 2794 387 2847 verit
426 2811 609 2849 nomen
659 2792 894 2854 Domini.
945 2794 1119 2850 salvus
1152 2799 1248 2850 erit
1299 2797 1474 2864 (Rom.
1529 2815 1583 2862 x,
1623 2798 1711 2865 η,
1748 2799 1862 2871 15).

263 2885 506 2953 Dissipat
551 2896 733 2942 autern
798 2887 1046 2942 diabolus
1099 2888 1413 2944 facultatem
1473 2891 1686 2945 Domini
1746 2894 1859 2960 sui,

259 2982 479 3047 quando
512 2979 564 3032 in
599 2978 896 3048 perniciem
930 2981 1150 3050 generis
1198 2982 1417 3036 humani
1452 2995 1772 3053 grassatur;
1810 2987 1860 3040 id

260 3079 344 3126 est
383 3075 436 3126 in
470 3086 710 3128 nostram
752 3090 968 3140 necem,
1022 3074 1112 3144 qui
1169 3077 1444 3146 possessio
1499 3078 1594 3133 Dei
1646 3095 1853 3146 sumus,

257 3164 399 3219 sicut
445 3169 562 3234 ipse
611 3168 702 3222 ltei
744 3167 942 3234 Filius,
979 3168 1152 3223 Patris
1185 3171 1268 3224 sui
1303 3169 1444 3224 dicta
1479 3188 1573 3240 per
1605 3173 1855 3242 Prophe-

1981 1961 2216 2028 geutiam
2251 1962 2544 2030 pollicetur
2571 1978 2584 2026 ;
2615 1961 2743 2015 dum
2777 1961 3072 2030 persuadet
3105 1979 3208 2014 non
3236 1963 3495 2032 imputari
3524 1962 3593 2018 ad

1979 2065 2258 2124 peceatum
2290 2068 2352 2108 ea
2375 2056 2585 2108 scelera
2617 2070 2737 2122 quze
2764 2054 2868 2122 ipsi
2902 2055 3067 2107 etiam
3099 2058 3190 2123 qui
3217 2055 3587 2122 committunt,

1975 2146 2156 2214 gravia
2192 2159 2313 2199 esse
2346 2146 2573 2199 crimina
2612 2161 2718 2199 non
2771 2146 3051 2214 ignorant.
3087 2145 3219 2200 Nam
3252 2147 3588 2201 conﬁtentur

1977 2239 2059 2293 sui
2091 2239 2262 2293 debiti
2293 2239 2682 2310 quantitatem,
2718 2255 2844 2292 cum
2887 2255 2950 2293 ex
2985 2240 3198 2309 integro
3239 2241 3503 2295 obnoxios
3530 2255 3591 2295 se

1975 2349 2096 2389 esse
2127 2335 2258 2399 Deo,
2311 2345 2364 2388 et
2393 2349 2492 2404 pro
2543 2334 2647 2388 ﬁde
2695 2343 3028 2403 contempta,
3063 2343 3118 2389 et
3149 2349 3248 2403 pro
3287 2349 3456 2396 onere
3489 2351 3586 2390 ne-

1970 2428 2170 2497 glecto,
2209 2443 2410 2496 negare
2437 2443 2544 2480 non
2573 2438 2822 2497 possunt.
2856 2425 2956 2494 Qui
2983 2437 3165 2479 autem
3200 2426 3580 2495 redduntque:

1974 2519 2070 2575 Dei
2091 2531 2238 2586 sunt,
2275 2520 2385 2575 Deo
2407 2520 2514 2589 jam
2545 2519 2830 2574 debitores
2862 2535 2969 2572 non
2996 2530 3143 2573 sunt.
3189 2518 3298 2573 Nec
3327 2519 3574 2585 mireris,

1969 2613 2012 2667 si
2048 2593 2356 2667 debitorum
2391 2613 2770 2667 remissionem
2803 2612 2985 2665 taliter
3014 2612 3308 2665 mentiatur
3341 2610 3580 2665 homini-

1969 2703 2070 2758 bus
2106 2715 2128 2741 ε
2153 2719 2290 2774 quos
2322 2704 2420 2758 hac
2443 2715 2558 2757 arte
2586 2704 2837 2757 subtilius
2871 2715 3102 2758 conatur
3155 2703 3430 2766 occidere,
3481 2705 3579 2774 qui

1966 2797 2188 2852 Christo
2234 2813 2414 2851 rerum
2447 2797 2692 2850 omnium
2744 2796 3015 2851 conditori
3064 2810 3229 2850 ausus
3275 2806 3359 2849 est
3407 2811 3572 2866 regna

1967 2891 2151 2944 mundi
2188 2894 2532 2959 promittere,
2567 2905 2661 2944 sua
2703 2890 2792 2944 illa
2847 2905 2972 2944 esse
3030 2890 3377 2957 impudenter
3422 2905 3576 2945 assc-

1964 2984 2155 3038 reudo.
2191 2983 2313 3037 Haec
2345 2985 2517 3038 omnia
2555 3001 2665 3037 mea
2695 2993 2834 3044 sunt.
2886 2983 3081 3051 inquit,
3112 2991 3162 3036 et
3210 2985 3290 3036 cui
3331 2983 3466 3049 volo,
3502 2983 3572 3036 do

1951 3076 2075 3131 'illa.
2108 3077 2184 3131 Tu
2219 3078 2391 3146 itaque
2419 3079 2463 3129 si
2505 3078 2777 3146 procidens
2815 3076 3112 3130 adoraveris
3147 3093 3247 3141 me,
3295 3085 3442 3128 erunt
3483 3084 3572 3128 tua

1961 3171 2135 3224 omnia
2168 3168 2379 3239 (Matth.
2413 3170 2507 3238 tv).
2540 3169 2585 3224 Ο
2619 3167 2998 3223 inenarrabilis
3027 3167 3232 3222 Christi
3281 3166 3535 3235 patientia
3557 3205 3574 3230 ,

259 3266 366 3312 tam
401 3261 714 3324 referendo,
742 3269 974 3315 testatur
1008 3278 1020 3315 :
1072 3261 1290 3315 Postulo
1325 3280 1355 3316 ιι
1382 3279 1482 3331 me,
1517 3276 1565 3318 et
1592 3264 1727 3318 dabo
1769 3267 1859 3319 tibi
1889 3261 1934 3325 Ο
1965 3279 2084 3330 qua:
2119 3262 2316 3315 idcirco
2343 3268 2675 3316 tentatorem
2708 3261 2854 3331 loqui
2891 3261 3187 3329 pertltillil,
3223 3270 3279 3312 υι
3310 3269 3571 3326 ευεεειιιο

257 3362 429 3425 gentes
474 3351 832 3408 Ita’reditatem
881 3365 1046 3422 tuam,
1081 3367 1127 3408 et
1162 3359 1539 3425 possessionem
1583 3369 1723 3412 tuam
1758 3369 1861 3413 ter-

257 3447 424 3500 minos
452 3456 602 3501 terra!
635 3447 755 3506 (Ps.
789 3464 860 3514 ιι,
895 3449 976 3518 8).
1026 3450 1091 3503 Et
1118 3450 1316 3504 iterum
1356 3469 1367 3504 :
1420 3452 1677 3517 Quoniam
1706 3455 1856 3524 elegit

252 3537 350 3592 sibi
396 3538 652 3593 Dominus
707 3539 893 3605 Jacob,
933 3553 980 3593 et
1013 3539 1186 3596 Israel
1241 3544 1294 3595 in
1341 3546 1712 3614 possessionem
1759 3546 1859 3600 sibi

256 3629 371 3702 (Ps.
406 3647 623 3694 cxxxiv.
659 3632 738 3704 4).
786 3633 986 3689 Videns
1017 3649 1147 3705 ergo
1202 3635 1342 3690 Deus
1396 3637 1448 3692 in
1500 3650 1708 3693 tantum
1744 3640 1855 3695 dte-

255 3724 437 3779 monis
463 3725 745 3780 audaciam
795 3729 1137 3796 prorupisse,
1197 3739 1254 3782 ut
1310 3747 1448 3801 quos
1494 3733 1856 3786 correctionis

251 3831 413 3871 causa
449 3827 666 3874 tentare
697 3821 872 3875 solum
904 3823 1204 3890 permissus
1251 3823 1448 3889 fuerat,
1484 3827 1852 3895 usurpaverit.

249 3922 304 3966 et
337 3913 643 3975 necaverit,
678 3925 699 3949 ετ
733 3917 1103 3969 comminatur
1127 3915 1204 3969 illi
1237 3917 1644 3986 cxpulsionem,
1691 3919 1854 3992 352

249 4014 308 4059 ut
337 4005 645 4060 immanitas
674 4005 814 4074 ejus,
851 4019 998 4060 metu
1030 4009 1254 4063 ultionis
1307 4011 1670 4065 interminatam
1704 4015 1850 4066 fran-

245 4110 427 4172 gatur.
467 4101 535 4155 At
565 4100 660 4154 ille
690 4101 1081 4170 nequissimus,
1119 4102 1402 4158 hominum
1439 4115 1676 4160 mortem
1706 4123 1855 4176 qum-

246 4205 389 4248 stum
415 4210 571 4247 suum
601 4205 951 4262 coniputaus,
984 4205 1179 4250 :cstuat
1201 4197 1418 4262 anxius,
1447 4195 1470 4234 (ι
1497 4201 1640 4268 quod
1668 4199 1854 4254 Domi-

244 4273 348 4342 nus
376 4289 426 4344 ei
478 4299 804 4358 potestatem
860 4288 1177 4345 dominandi
1229 4293 1514 4347 ablaturus
1569 4305 1744 4362 esset;
1799 4304 1854 4350 et

243 4380 502 4452 quoniam
546 4395 648 4434 nec
679 4382 892 4450 operari
925 4382 1129 4436 bonum
1164 4385 1300 4451 vult,
1328 4395 1382 4440 et
1416 4395 1600 4454 petere
1632 4386 1850 4441 miseri-

244 4474 488 4528 cordiam
523 4473 795 4539 pmnitcns
822 4474 1125 4541 erubescit,
1157 4487 1590 4546 argumentatur,
1625 4495 1853 4548 quomo-

241 4565 312 4618 do
345 4565 642 4632 praevaleat
668 4565 950 4620 debitores
987 4569 1197 4644 Domini
1230 4572 1314 4625 sui
1360 4571 1434 4644 (id
1479 4580 1564 4626 est
1596 4582 1849 4640 peccato-

1965 3354 2171 3408 homini
2205 3364 2378 3408 artem
2411 3353 2714 3422 prailiandi,
2748 3367 2912 3421 atque
2944 3351 3217 3420 vincendi,
3258 3353 3309 3404 in
3355 3359 3562 3406 semet-
3652 3392 3660 3399 .

1963 3447 2083 3516 ipso
2115 3447 2552 3501 demonstraret!
2583 3444 2627 3501 Ο
2654 3445 2880 3501 effrenis
2923 3445 3125 3499 diaboli
3162 3444 3441 3499 mendacis
3469 3460 3568 3499 au-

1960 3540 2111 3595 dacia
2139 3540 2154 3595 !
2193 3540 2356 3593 Deum
2389 3541 2576 3603 sentit,
2611 3548 2666 3593 et
2695 3549 2902 3592 tentat:
2940 3539 3229 3592 Dominum
3269 3537 3417 3590 novit
3445 3536 3568 3591 uui-

1958 3650 2133 3690 versa:
2161 3647 2449 3700 creaturm,
2473 3634 2560 3688 cui
2583 3649 2676 3688 sua
2703 3649 2823 3688 esse
2850 3635 3035 3688 mundi
3070 3649 3232 3701 regna
3263 3631 3556 3698 mentitur;

1958 3740 2011 3784 et
2039 3731 2087 3785 ei
2115 3747 2173 3785 se
2206 3731 2524 3800 largiturum
2559 3731 2966 3801 pos.~essionem
3000 3728 3018 3766 τ
3054 3727 3374 3783 creabilium
3405 3724 3566 3796 polli-

1959 3835 2112 3882 cetur
2129 3842 2224 3896 per
2236 3841 2397 3894 quem
2415 3835 2596 3879 creata
2615 3840 2735 3880 esse
2751 3826 2932 3879 onmia
2951 3841 3056 3878 non
3074 3825 3305 3892 ignorat.
3323 3821 3398 3875 Ab
3416 3821 3565 3874 initio

1958 3923 2125 3980 enim.
2157 3920 2318 3991 353
2349 3921 2488 3973 sicut
2519 3921 2785 3987 scriptum
2817 3928 2902 3972 est
2923 3960 2936 3979 ,
2962 3917 3221 3970 homicida
3249 3916 3350 3986 fuit
3376 3912 3560 3967 diabo-

1959 4014 2060 4077 lus,
2097 4022 2142 4066 et
2175 4015 2226 4066 in
2250 4014 2460 4066 veritate
2488 4030 2592 4065 non
2621 4013 2781 4075 stetit,
2813 4013 2935 4079 quia
2960 4012 3149 4063 veritas
3180 4025 3282 4061 non
3315 4015 3390 4061 est
3423 4007 3479 4059 in
3502 4021 3562 4059 eo

1959 4107 2141 4178 (Joan.
2169 4122 2290 4171 vm,
2319 4105 2439 4175 44).
2471 4105 2578 4160 Sed
2607 4105 2716 4174 jam
2747 4104 2811 4158 ad
2857 4106 3002 4172 ipsas
3034 4103 3104 4158 de
3137 4102 3334 4172 quibus
3362 4099 3564 4166 quaeri-

1957 4211 2066 4266 tur,
2096 4201 2311 4274 species
2342 4202 2654 4264 veniamus,
2689 4199 2978 4257 Triticum.
3016 4198 3344 4263 sicutsupra
3379 4193 3563 4263 tetigi-

1957 4313 2120 4362 mus,
2156 4295 2288 4348 fides
2316 4293 2523 4348 Christi
2573 4301 2692 4358 est,
2742 4292 2867 4345 vita:
2913 4292 3164 4344 humanm
3208 4287 3560 4358 principium.

1958 4385 2062 4441 Hic
2099 4387 2244 4440 enim
2290 4394 2364 4439 est
2407 4386 2556 4452 panis
2594 4385 2736 4438 vivus
2759 4425 2773 4448 ,
2801 4385 2889 4450 qui
2921 4383 2984 4436 de
3032 4380 3158 4437 caelo
3181 4381 3441 4435 descendit
3469 4422 3484 4444 ,
3515 4388 3563 4432 et

1955 4482 2114 4535 vitam
2136 4481 2224 4532 dat
2248 4479 2369 4533 huic
2397 4477 2590 4530 mundo
2619 4472 2802 4546 (latin.
2834 4491 2883 4528 γι
2904 4517 2918 4540 ,
2950 4475 3065 4542 53;.
3099 4474 3393 4530 Et.iterum
3428 4470 3562 4526 dicit

1960 4577 2077 4646 ipse
2105 4593 2115 4626 :
2151 4576 2256 4639 Qui
2289 4573 2452 4628 credit
2488 4573 2644 4624 inme
2673 4615 2685 4637 ,
2722 4569 2925 4622 etiamsi
2957 4578 3194 4620 mortuus
3224 4567 3400 4635 fuerit,
3433 4566 3562 4619 vivet

241 4673 362 4712 rum
394 4658 600 4714 dchitis
655 4658 948 4730 involutos)
995 4675 1100 4714 non
1149 4669 1362 4717 tantum
1411 4673 1602 4732 aperto
1653 4663 1846 4732 praelio
1875 4669 1930 4729 D
1961 4670 2145 4741 (Joan.
2181 4687 2231 4724 iu
2256 4711 2272 4736 ,
2299 4668 2419 4738 95).
2454 4669 2646 4721 Oleum
2675 4681 2803 4720 vero
2838 4666 2976 4718 bona
3013 4673 3139 4717 sunt
3182 4676 3344 4732 opera
3376 4701 3390 4723 ,
3442 4675 3565 4729 quae

241 4753 520 4823 persequi,
555 4755 649 4806 sed
677 4753 838 4806 etiam
887 4755 987 4808 sub
1037 4765 1301 4824 prmtextu
1350 4758 1561 4812 fallacis
1609 4758 1848 4813 benevo-

242 4845 446 4913 lentiar,
492 4846 683 4902 blanda
719 4848 906 4904 fraude
945 4848 1227 4920 decipere,
1262 4867 1372 4923 quo
1404 4853 1578 4922 magis
1624 4868 1750 4909 eum
1793 4855 1844 4909 in

312 5017 337 5046 α
379 5008 528 5081 Vatt.
581 5008 689 5062 dno
719 5017 774 5062 et
817 5007 954 5064 Urb.
1006 5009 1172 5074 Editi,
1235 5013 1477 5079 pretioue
1525 5012 1653 5081 ﬁdei
1707 5029 1852 5067 erro—

236 5096 347 5134 rem
377 5095 393 5140 ;
424 5080 518 5134 sed
555 5081 901 5147 perniciosum
928 5081 1051 5148 ﬁdei
1071 5098 1296 5137 errorem
1329 5085 1494 5138 habet
1516 5080 1680 5139 etiam
1711 5085 1851 5139 liber

240 5151 584 5219 l’antagathi.

311 5223 336 5261 ι)
385 5225 524 5277 Vati.
557 5225 688 5286 duo,
722 5223 790 5276 ad
829 5225 1224 5290 correptionem.
1273 5227 1534 5292 SitSpicor
1578 5229 1842 5291 scriptum

238 5294 406 5350 fuisse
436 5297 505 5349 ad
532 5298 906 5367 t'orreptionem
933 5297 1132 5367 generis
1158 5297 1372 5367 humani
1406 5297 1604 5352 swculo
1633 5301 1718 5353 isti
1745 5302 1844 5353 im-

236 5368 424 5420 missus
469 5378 583 5431 est;
617 5379 665 5418 at
704 5366 984 5420 meliorem
1023 5366 1236 5421 caneris
1287 5369 1577 5423 lectionem
1623 5373 1845 5425 exhibet

234 5441 355 5492 cod.
383 5439 708 5511 Pinttagatlti
743 5455 755 5489 :
789 5438 858 5490 ad
901 5439 1272 5491 correctionem
1316 5442 1516 5511 generis
1543 5441 1760 5495 humani
1788 5444 1841 5495 in

235 5507 428 5564 πρίαιο
451 5510 550 5562 isto
574 5507 826 5562 dimissus
849 5519 943 5562 est.

310 5593 330 5618 τ’
367 5584 454 5637 Sic
477 5581 595 5634 Valt
653 5583 786 5638 duo,
819 5594 868 5632 et
901 5581 1032 5634 Urb.
1062 5579 1201 5633 Editi
1230 5582 1596 5644 comminatus,
1631 5593 1680 5637 et
1715 5597 1850 5652 pau-

236 5652 290 5707 lo
339 5661 463 5722 post
512 5654 876 5715 interminata,
925 5668 1025 5722 pro
1054 5667 1164 5722 quo
1193 5668 1258 5707 ex
1297 5652 1438 5706 Vatt.
1499 5657 1845 5722 reposuimus

235 5724 616 5788 interminum;
654 5737 936 5793 utramque
989 5739 1153 5794 porro
1199 5725 1643 5780 emendationem
1691 5728 1846 5783 fulcit

235 5797 403 5851 etiam
436 5797 562 5852 cod.
597 5795 940 5862 Pantagathi.

307 5865 333 5902 ἀ
377 5866 432 5923 fn
461 5867 622 5923 editis
649 5865 867 5922 additur
888 5867 1158 5938 particula
1185 5868 1610 5938 conjunctionis,
1647 5869 1740 5926 sed
1771 5871 1845 5924 vi-

1960 4781 2065 4819 non
2099 4762 2364 4818 habentes
2399 4761 2504 4814 ilhe
2537 4759 2778 4829 virgines
2810 4757 2972 4812 fatuae
3003 4753 3222 4828 (Matth.
3262 4751 3395 4826 xxv)
3426 4769 3566 4819 ,τει-

1951 4856 2171 4911 stinctis
2202 4857 2510 4910 animarum
2546 4869 2765 4908 suarum
2801 4851 3148 4922 lampadibus
3179 4891 3193 4916 ,
3240 4848 3292 4904 in
3325 4847 3568 4904 tenebris

1959 5014 2195 5068 dehatur
2223 5016 2430 5076 ctiosa;
2466 5013 2649 5080 legunt
2679 5010 2824 5063 enim
2858 5011 2997 5080 quod
3039 5009 3292 5064 Dominus
3319 5011 3367 5065 ei
3388 5019 3436 5062 et
3468 5026 3564 5077 po-

1963 5094 2217 5138 testatem.
2253 5085 2396 5137 Vatt.
2431 5083 2560 5154 duo,
2593 5083 2735 5152 quod
2764 5080 2906 5135 Deus
2956 5098 3000 5134 et
3043 5092 3367 5154 potestatem.
3399 5081 3565 5136 Liber

1961 5157 2304 5217 l’antagathi,
2336 5155 2472 5222 quod
2508 5153 2764 5207 Dominus
2793 5154 2842 5206 ei
2874 5163 3016 5221 potes
3041 5171 3196 5209 atem.

2032 5241 2050 5263 τ’
2096 5228 2224 5282 Mss.
2259 5227 2370 5289 sic;
2398 5227 2529 5279 editi
2575 5241 2709 5277 vero
2756 5225 2928 5278 mend-
2957 5241 3014 5279 se
3063 5242 3192 5295 quos
3241 5225 3336 5278 hac
3388 5233 3556 5284 parte.

1954 5297 2121 5353 Liber
2155 5297 2499 5366 Pantagathi,
2532 5314 2662 5368 quos
2701 5295 2801 5349 hac
2829 5306 2943 5350 arte
2975 5298 3215 5351 subtilius
3262 5296 3444 5367 fallere
3471 5311 3559 5349 co-

1953 5381 2127 5424 natur.

2031 5441 2049 5478 ί
2093 5442 2148 5495 In
2183 5441 2319 5494 libro
2359 5439 2701 5506 Pantagathi,
2741 5438 3015 5505 crealium,
3079 5439 3220 5504 quod
3278 5437 3556 5493 editorum

1954 5512 2174 5567 lectioni
2205 5513 2440 5578 aeredit,
2476 5513 2731 5578 idemque
2762 5512 3024 5565 exhibent
3053 5513 3216 5564 etiam
3242 5510 3384 5563 \‘att.
3416 5514 3556 5577 duo;

1953 5585 2045 5639 sed
2073 5587 2122 5637 in
2156 5599 2258 5638 nis.
2289 5585 2607 5653 Pantagathi
2633 5585 2698 5636 ad
2729 5599 2877 5636 oram
2905 5597 2948 5648 p.
2971 5585 3112 5650 gina:
3147 5583 3447 5649 repositum
3471 5593 3556 5637 est

1951 5665 2335 5716 creaturarum,
2366 5659 2506 5724 quod
2543 5657 2721 5708 minus
2758 5654 3009 5720 displiCet
3033 5694 3048 5717 ,
3107 5670 3230 5706 nam
3281 5669 3400 5723 qme
3434 5654 3555 5724 dia-

1949 5727 2109 5782 bolus
2159 5723 2393 5782 Christo
2414 5728 2787 5796 promittebat,
2845 5740 2953 5779 nou
3012 5729 3259 5793 profecto
3307 5723 3555 5781 creabilia

1951 5809 2132 5866 erant,
2159 5799 2252 5856 sed
2277 5800 2485 5870 jamdiu
2511 5810 2714 5854 creata.
