4070 6346
275 287 397 349 98!

1160 287 1392 346 SERMO
1432 286 1575 356 XIX,
1619 287 1708 344 DE
1749 286 2065 345 DiVBIlSlS
2106 285 2469 344 CAPITULIS
2509 284 2758 344 NONUS.

3506 284 3616 343 982

279 423 744 480 conservantes,
802 421 856 468 et
926 425 1024 481 pro
1080 425 1146 464 eo
1206 409 1448 465 ntembra
1499 409 1681 462 omnia
1737 422 1915 477 perse—
1944 416 1986 468 Α
2021 407 2376 478 responderet
2418 426 2430 462 :
2469 407 2570 476 Qui
2617 423 2697 462 me
2726 407 2883 477 videt,
2931 409 3067 462 uidet
3097 416 3144 463 et
3188 407 3397 464 Patrem
3426 407 3610 479 (Joan.

276 511 595 565 cutoribus
640 509 803 582 355
852 507 1140 562 laceranda
1198 507 1496 572 tradentes,
1532 517 1586 559 ut
1631 506 1764 558 ﬁdes
1788 504 1907 566 Dci,

278 616 428 672 quae
454 611 627 671 caput
645 602 838 656 salutis
862 616 924 655 ac
955 602 1080 655 vitae
1118 607 1319 654 nostra:
1363 615 1408 653 ea
1429 609 1468 666 t,
1495 615 1624 653 snna
1650 608 1706 654 et
1735 598 1910 652 iuvui-

279 711 500 754 nerata
529 705 907 769 permaneat.ll
931 698 1297 766 Quapropter,
1325 694 1703 757 dilectissime,
1729 690 1909 746 imite-

276 807 427 846 mttr
458 792 808 864 prudentiam
839 790 1008 844 villici
1033 789 1212 858 hujus,
1249 804 1354 842 non
1388 786 1666 858 perﬁdiam
1701 801 1908 839 :temu—

275 887 485 942 lemur
551 886 811 942 astutiam
876 886 1037 957 ejus,
1095 901 1199 940 uou
1248 896 1523 940 sectemur
1581 885 1901 952 nequitiam.

272 980 580 1047 Quantum
626 980 718 1034 ille
762 979 814 1033 in
847 993 1015 1049 opere
1043 977 1345 1048 iniquitatis
1365 992 1478 1031 sum
1502 977 1729 1031 nocendi
1762 976 1906 1045 peri-

274 1085 378 1131 tus
437 1084 543 1139 est,
583 1085 790 1130 tantum
840 1089 940 1128 nos
985 1075 1183 1127 studiis
1229 1072 1560 1126 salutaribus
1591 1071 1810 1128 eruditi.
1849 1078 1904 1124 et

273 1171 447 1226 omni
486 1171 780 1240 prudentia
828 1168 1100 1236 instructi,
1139 1179 1300 1237 atque
1331 1168 1522 1222 armati
1567 1181 1688 1222 esse
1730 1166 1900 1221 debe~

272 1281 418 1320 mus
447 1282 458 1316 :
497 1263 787 1318 Indueutes
811 1277 907 1316 nos
932 1261 1078 1330 ipsos
1109 1260 1326 1313 loricam
1355 1261 1498 1330 ﬁdei,
1533 1271 1578 1312 et
1596 1261 1790 1330 galeam
1817 1275 1901 1312 sa-

276 1359 420 1413 lut-is
440 1359 483 1425 (l
505 1355 692 1413 Thess.
716 1360 794 1423 v),
826 1367 871 1410 et
903 1355 1134 1426 gladium
1160 1355 1371 1426 spiritus
1409 1351 1562 1423 (Sep.
1600 1352 1676 1421 vi,
1705 1363 1752 1407 et
1779 1368 1900 1406 scu-

275 1459 404 1506 tum
426 1451 832 1524 inexpugnabile
859 1450 1136 1520 (vanitatis,
1177 1449 1230 1501 in
1253 1464 1351 1516 quo
1378 1448 1654 1519 possimus,
1687 1455 1746 1499 ut
1773 1447 1901 1500 hor-

275 1556 440 1602 tatur
491 1546 832 1615 Apostolus,
879 1545 1052 1598 omnia
1092 1543 1276 1613 jacula
1316 1541 1618 1612 nequissimi
1661 1539 1897 1594 ardentia

275 1640 627 1710 exstinguere
660 1636 876 1708 (Ephes.
911 1635 983 1707 vt)
1023 1653 1034 1699 ;
1068 1651 1135 1690 ne
1163 1650 1260 1689 nos
1290 1635 1540 1690 incautos
1588 1637 1893 1705 suggestio-

276 1748 422 1787 num
451 1747 674 1787 suarum
705 1730 930 1800 spiculis
977 1728 1309 1799 ubicumque
1359 1729 1622 1798 conligat,
1653 1743 1720 1782 ne
1751 1730 1895 1782 iner-

2014 517 2120 567 xtv,
2157 501 2256 572 9);
2286 515 2409 556 cum
2445 501 2616 556 beatis
2661 501 2937 571 Apostolis
2967 503 3331 566 communiter
3362 504 3583 572 loquere

2015 605 2099 650 tur
2129 614 2141 649 :
2173 594 2376 651 Credite
2401 595 2550 661 mihi,
2590 600 2708 666 quia
2739 613 2830 666 ego
2875 598 2928 651 in
2963 597 3139 664 Patre,
3172 607 3221 652 et
3251 596 3413 652 Pater
3439 598 3492 652 in
3527 613 3608 653 me

2009 699 2081 742 est
2107 687 2288 757 (Joan.
2330 705 2439 754 xw,
2491 690 2601 759 it).
2657 689 2787 743 Post
2833 690 2946 744 lucc
2998 706 3150 762 ergo,
3187 699 3242 746 et
3295 689 3608 746 istiusmodi

2011 781 2202 846 multa,
2237 782 2434 850 quibus
2473 781 2715 853 ὁμούσιον
2743 796 2800 835 Sc
2827 797 2948 837 esse
2981 799 3105 837 cum
3140 784 3298 838 Patre
3331 783 3602 852 probavit,

2008 882 2063 926 et
2107 873 2352 941 ejusdem
2393 875 2688 938 essentne,
2729 890 2872 928 nunc
2918 875 3127 944 aliquid
3159 875 3412 931 illaturus
3460 875 3605 946 quod

2010 966 2249 1020 robustis
2289 968 2340 1020 in
2371 967 2474 1021 ﬁde
2505 966 2779 1021 utentibus
2808 967 3197 1037 plenitudinem
3239 969 3482 1023 scientiae
3510 984 3607 1023 cu-

2009 1059 2266 1125 mularet,
2297 1060 2614 1129 scrupulum
2647 1060 2848 1124 dubiis,
2887 1060 3110 1130 perﬁdis
3135 1061 3430 1117 intuentum
3461 1061 3606 1117 blas-

2006 1152 2241 1221 phemiae
2281 1155 2619 1208 ministraret
2653 1153 2932 1226 (quoniam
2981 1171 3162 1210 sermo
3193 1156 3290 1210 Dei
3323 1155 3479 1225 (Luc.
3524 1172 3600 1223 ιι,

2005 1245 2098 1316 54)
2143 1247 2339 1316 positus
2386 1257 2460 1301 est
2498 1250 2552 1300 in
2593 1250 2820 1313 ruinam,
2864 1260 2910 1304 et
2938 1250 3361 1304 resurrectionem
3409 1252 3600 1305 multo-

2004 1339 2164 1410 rum),
2201 1341 2526 1408 praemonuit
2549 1340 2802 1396 undecim
2834 1341 3024 1398 beatos
3051 1342 3368 1414 Apostolos,
3408 1344 3603 1399 simul-

2003 1447 2111 1502 que
2138 1432 2263 1487 ﬁdei
2306 1449 2494 1487 eorum
2538 1434 2768 1504 vestigia
2815 1447 3130 1503 secuturos,
3158 1451 3228 1491 ne
3276 1437 3342 1491 ad
3365 1436 3603 1492 auditio-

2003 1541 2125 1579 nem
2148 1525 2456 1596 proferendi
2504 1528 2777 1581 sermonis
2808 1526 2825 1564 ί
2857 1528 3153 1584 turbellam
3183 1543 3338 1584 mens
3365 1529 3596 1599 alicujus

2004 1627 2299 1687 pateretur.
2358 1618 2441 1672 Ne
2491 1620 2743 1686 turbetur,
2776 1620 2971 1691 inquit,
3010 1637 3100 1675 cor
3142 1632 3388 1692 uestrum,
3437 1639 3598 1694 neque

2001 1712 2263 1780 formidet.
2287 1713 2520 1766 Audistis
2548 1715 2672 1784 quia
2701 1729 2793 1784 ego
2832 1714 2943 1768 dixi
2969 1714 3142 1768 vobis:
3175 1714 3334 1780 uado,
3373 1725 3418 1769 et
3449 1716 3594 1770 venio

274 1841 410 1882 mes
439 1825 745 1895 opprimat,
797 1840 862 1877 ne
908 1820 1194 1876 interliciat
1226 1821 1561 1876 dormientes
1591 1836 1604 1884 ;
1640 1835 1706 1874 ue
1733 1831 1786 1874 et
1815 1820 1892 1874 vi-

1997 1805 2066 1857 ad
2091 1823 2196 1858 vos.
2229 1805 2292 1860 Si
2343 1806 2622 1878 diligeretis
2657 1823 2755 1872 me,
2781 1809 3069 1879 gaudentis
3095 1809 3290 1873 utique,
3321 1809 3445 1878 quia
3467 1809 3598 1863 vado

276 1921 554 1990 gilantes,
578 1931 634 1972 et
653 1928 912 1981 armatos,
939 1917 982 1970 si
1009 1931 1164 1969 nsum
1186 1914 1540 1984 belligerandi
1559 1915 1891 1981 nesciamus,

276 2014 603 2068 interimat.
637 2009 665 2048 ι’
698 2010 1090 2065 Prudentiores
1119 2008 1264 2063 enim
1313 2010 1657 2078 reperiuntur
1717 2009 1888 2063 inter-

278 2105 422 2162 dum
455 2107 684 2175 spiritus
715 2103 1005 2167 immumii,
1039 2118 1172 2170 quos
1207 2101 1350 2155 ﬁlios
1379 2104 1592 2168 SiI'Cliii,
1627 2102 1676 2155 id
1709 2113 1792 2156 est
1816 2111 1894 2156 te-

277 2202 590 2255 nebrarum
621 2197 785 2262 ﬁlios,
807 2195 1065 2250 Dominus
1087 2204 1382 2262 nuncupat,
1415 2208 1572 2264 quant
1600 2195 1692 2247 ﬁlii
1729 2193 1886 2256 lucis,

275 2309 426 2364 quos
460 2293 626 2358 Deus,
658 2291 746 2360 qui
793 2290 879 2344 ius
915 2298 1019 2354 cst,
1058 2290 1109 2343 in
1142 2288 1492 2356 adoptionem
1528 2288 1762 2342 liliorum
1794 2302 1888 2341 vo-

275 2399 417 2440 care
449 2384 745 2455 dignaturc
784 2397 884 2454 per
932 2380 1134 2434 lavacri
1165 2381 1405 2435 cwiesus
1435 2390 1771 2435 sacramenta
1798 2395 1884 2434 re-

277 2491 466 2534 natos.
499 2475 525 2515 ά
558 2477 714 2539 Vale,
745 2479 799 2531 in
826 2475 1048 2530 Christo
1077 2473 1401 2529 cbarissime
1434 2472 1529 2528 iiii.

837 2588 1110 2653 SEBMO
1153 2589 1333 2650 XIX.

574 2710 658 2754 DE
688 2709 978 2754 DIVERSIS
1011 2709 1339 2752 CAPITULIS
1370 2709 1598 2753 NONUS.

353 2795 462 2850 Scu
495 2793 784 2864 reSponsio
815 2793 1062 2862 ejusdem
1095 2792 1153 2847 S.
1195 2793 1452 2862 Episcopi
1481 2795 1546 2848 ad
1585 2794 1810 2851 Paulum

919 2885 1235 2952 diaconum,

278 2979 365 3037 De
412 2996 470 3036 eo
499 2979 636 3051 quod
691 2978 939 3033 Dominus
975 2976 1131 3033 Jesus
1172 2977 1433 3049 Apostolis
1474 2998 1484 3033 :

878 3072 1046 3144 maor
1087 3087 1163 3124 me
1202 3080 1292 3126 est.

1532 2980 1664 3048 Quia
1722 2979 1882 3038 Pater

1996 1899 2066 1952 ad
2101 1897 2310 1953 Patrem
2339 1901 2499 1969 :quia
2560 1898 2719 1953 Pater
2779 1902 2948 1970 major
2992 1917 3070 1955 me
3122 1913 3201 1956 est
3249 1901 3433 1973 (Joan.
3475 1915 3591 1971 xtv,

1995 1993 2089 2056 ετ,
2117 1992 2233 2062 es).

2071 2087 2219 2141 Hanc
2277 2087 2482 2141 habent
2551 2087 2794 2142 iueretici
2851 2088 3038 2142 Ariani
3097 2096 3122 2134 ϐ
3167 2087 3591 2142 famosissimum

1994 2179 2376 2250 quaestionem,
2409 2194 2512 2248 qua
2532 2179 2730 2234 Filium
2757 2178 2855 2235 Dei
2883 2195 2979 2236 ore
3004 2179 3293 2251 sacrilego,
3326 2180 3591 2236 minorem

1995 2272 2154 2327 Patre
2211 2287 2313 2328 suo
2369 2287 2492 2328 esse
2556 2274 2916 2340 contendant,
2982 2273 3154 2342 ipsius
3215 2273 3592 2328 testimonium

1992 2365 2153 2438 357
2184 2364 2552 2436 proli-rentes,
2600 2367 2854 2435 (monium
2887 2367 3002 2420 sit:
3041 2367 3177 2432 Quia
3227 2363 3388 2420 Pater
3423 2367 3592 2438 major

1993 2475 2074 2512 me
2109 2467 2203 2512 est.
2265 2458 2553 2514 Exrwcauit
2605 2475 2692 2512 eos
2734 2460 2969 2528 nequitia
3015 2459 3187 2512 cordis
3219 2473 3399 2513 eorum.
3433 2457 3592 2531 (Sep.

1991 2567 2049 2614 ιι,
2084 2551 2201 2620 21),
2243 2568 2310 2605 ne
2339 2566 2410 2606 ex
2457 2551 2718 2605 antelatis
2748 2550 3096 2606 sermonibus
3126 2550 3395 2606 rationem
3456 2551 3590 2604 dicti

1992 2644 2153 2713 hujus
2184 2656 2589 2713 agnoscerent;
2627 2645 2710 2700 vel
2759 2645 2944 2715 potius
2977 2660 3046 2701 ne
3089 2646 3373 2700 veritatem
3405 2646 3595 2715 cogni-

1989 2745 2098 2790 tam
2127 2747 2509 2807 sequerentur.
2545 2737 2750 2806 Duplex
2794 2749 2876 2793 est
2909 2739 2962 2792 in
2992 2736 3217 2793 Christo
3242 2738 3546 2793 substantia
3575 2755 3589 2802 ;

1989 2826 2016 2868 ιλ
2045 2846 2148 2887 una
2174 2831 2411 2899 prem-ia,
2448 2830 2555 2891 alia
2595 2840 2783 2886 nostra
2821 2831 2934 2901 jam
2969 2845 3063 2886 sua
3089 2847 3104 2884 t
3134 2831 3187 2886 id
3210 2842 3292 2885 est
3320 2847 3421 2885 una
3458 2831 3576 2897 Dei,

1987 2921 2089 2976 alia
2121 2924 2376 2977 hominis.
2410 2923 2581 2979 Filius
2634 2925 2779 2979 enim
2833 2924 2956 2991 Dei,
2985 2939 3051 2979 ex
3084 2938 3192 2995 quo
3218 2939 3342 2979 eum
3377 2923 3584 2978 illibata

1989 3013 2156 3084 Virgo
2187 3016 2419 3086 peperit,
2452 3015 2520 3070 de
2550 3015 2755 3082 Spiritu
2813 3026 3008 3071 IMICIO
3046 3007 3402 3085 conceptum,
3429 3027 3593 3086 atque

1988 3109 2091 3162 hoc
2117 3125 2319 3177 genere
2351 3107 2619 3163 nascendi
2652 3109 2880 3163 Verbum
2904 3124 3027 3162 euro
3052 3112 3249 3180 factum
3281 3116 3376 3176 est,
3410 3117 3457 3161 et
3484 3107 3586 3161 Ita-

351 3184 518 3258 356
547 3185 686 3240 Ante
719 3185 880 3239 istum
914 3186 1052 3240 sacri
1099 3186 1373 3256 Evangelii
1430 3187 1634 3255 locum,
1663 3190 1822 3260 cujus
1848 3206 1878 3246 a
1906 3191 1951 3253 Ο
1985 3199 2165 3254 ωιαυὶι
2196 3202 2248 3254 in
2277 3200 2423 3254 nobis
2463 3197 2646 3271 (Joan.
2683 3200 2723 3270 ι)
2755 3215 2768 3266 ;
2824 3200 2965 3254 idem
3023 3199 3188 3269 capit
3240 3213 3362 3254 esse
3419 3200 3610 3254 etiam.

279 3295 372 3334 me
419 3280 836 3350 intelligentiam
872 3280 1015 3334 lideli
1069 3281 1250 3334 atudio
1301 3296 1397 3349 rer
1447 3281 1654 3336 litteras
1685 3283 1878 3354 exigis,

284 3386 307 3412 ε
332 3375 504 3430 Paule
529 3376 719 3440 frater,
743 3377 928 3430 carnis
951 3391 1012 3430 ac
1039 3376 1266 3446 spiritus
1283 3381 1649 3446 get-inz-nitatc
1667 3377 1874 3432 charis.

279 3471 444 3537 sime,
479 3469 715 3541 plurima
741 3466 995 3524 Christus
1027 3469 1197 3526 Filius
1234 3471 1327 3524 llei
1359 3471 1458 3524 vivi
1490 3471 1557 3524 de
1587 3471 1883 3532 divinitatis

281 3578 396 3618 sua:
424 3578 527 3616 una
557 3569 612 3617 et
645 3562 895 3632 perlecta
928 3578 1049 3616 cum
1103 3563 1266 3618 Patre
1313 3563 1611 3617 Subtslallliu
1666 3563 1882 3619 locutus

282 3672 406 3713 esse
447 3657 820 3728 Cognoscitur,
846 3672 966 3709 cum
998 3657 1200 3710 dicc'rct
1235 3655 1473 3712 Judzt‘is:
1501 3654 1614 3728 Ego
1643 3667 1688 3708 et
1723 3655 1880 3710 Pater

281 3767 445 3805 unum
493 3767 673 3806 sumus
721 3749 906 3820 (Joan.
966 3768 1011 3815 λ,
1050 3749 1336 3819 50);cum
1385 3761 1573 3806 sancto
1630 3749 1880 3820 Philippo

359 3903 381 3928 η
411 3891 502 3947 Sic
531 3887 677 3944 Flor.
707 3896 762 3943 et
803 3887 957 3949 Urb.,
987 3888 1186 3955 quibus
1214 3887 1522 3954 adjungitur
1569 3889 1693 3943 eod.
1731 3889 1868 3944 Pan-

283 3965 512 4036 tagathi.
535 3960 662 4036 (lusi
697 3976 709 4013 :
744 3962 1093 4036 Quapropter,
1127 3959 1491 4036 dilectissimi;
1538 3967 1594 4012 at
1623 3961 1875 4036 Gauden-

285 4030 391 4092 tius
423 4034 719 4100 alloquitur
739 4033 1092 4093 Serminium,
1116 4041 1209 4084 aut
1234 4030 1595 4095 Herminium,
1621 4031 1686 4084 ad
1711 4047 1870 4100 quem

285 4117 552 4163 tractatus
586 4105 712 4170 iste,
771 4119 864 4156 seu
912 4103 1136 4172 cpistola
1192 4101 1499 4168 Conscripta
1530 4110 1677 4172 Aest;
1731 4104 1872 4159 unde

282 4180 446 4234 etiam
506 4175 666 4243 paulo
709 4184 829 4246 post
888 4170 1211 4228 concludit:
1255 4171 1402 4238 Vale,
1432 4173 1484 4225 in
1509 4170 1718 4227 Christo
1749 4174 1874 4227 clm-

281 4253 482 4305 rissime
504 4249 602 4318 (ili.

355 4322 380 4360 υ
411 4315 590 4376 Editio
650 4318 823 4373 Paris.
895 4325 947 4370 et
993 4315 1109 4370 Cri.
1159 4316 1319 4368 habet
1361 4315 1638 4386 prudentes
1695 4318 1871 4384 enim;

282 4394 455 4466 Lugd.
497 4406 736 4466 quoque,
767 4389 1044 4466 prurientes
1073 4389 1206 4444 enim
1239 4405 1263 4466 ;⁴
1284 4392 1374 4440 sed
1410 4389 1570 4456 paulo
1601 4400 1716 4458 post
1748 4407 1874 4466 quos

281 4459 450 4539 magis
477 4459 844 4539 ﬁliossa'euli.
883 4459 1136 4514 Fortasse
1166 4463 1425 4539 scriptum
1459 4469 1600 4539 erat,
1647 4461 1877 4539 pruden-

281 4531 551 4591 tes'en'im
605 4533 812 4605 magis;
870 4547 1130 4605 ηυξ-γεω
1192 4535 1528 4605 pra‘totintus
1588 4531 1874 4587 lectionem

285 4609 432 4664 Hor.
467 4607 594 4661 cod.
623 4602 933 4660 et'duorum
956 4602 1308 4672 Vatt.,quam
1343 4603 1541 4657 deinde
1567 4605 1879 4659 invenimus

285 4684 448 4736 etiam
475 4682 524 4732 iu
549 4679 688 4733 libro
712 4673 1049 4744 i’antogatbi.

364 4764 384 4791 ε
415 4749 618 4805 Versus
637 4763 718 4810 est
755 4751 1091 4810 iiexatnctcr,
1125 4744 1278 4800 sicuti
1307 4746 1468 4802 etiam
1502 4749 1595 4802 ille
1627 4758 1692 4801 tr.
1735 4749 1750 4800 ι
1796 4765 1807 4800 :

411 4841 521 4892 Non
547 4842 702 4903 potuit
721 4837 998 4897 celebrare,
1026 4837 1247 4889 secundo
1275 4850 1448 4887 mense
1477 4838 1724 4887 celebret.

287 4927 362 4982 Ita
393 4925 536 4992 apud
569 4925 902 4981 Eucherium
937 4925 986 4979 in
1014 4921 1350 4980 Panem-tiro
1381 4921 1445 4978 od
1479 4921 1824 4979 Valerianum
1865 4940 1878 4976 :

410 5019 472 5070 Et
495 5032 607 5068 cum
633 5029 866 5080 prospera
889 5019 1009 5079 sint,
1034 5028 1086 5068 te
1105 5031 1201 5068 non
1235 5018 1482 5067 meruisse
1503 5016 1691 5068 fateris.

282 5108 416 5163 Huic
437 5115 711 5159 meruerat
742 5103 990 5175 Bttl'lilllts
1023 5107 1163 5159 inter
1195 5104 1496 5158 versiculos
1529 5109 1615 5175 qui
1648 5105 1880 5159 no'cnti-

283 5179 382 5234 bus
413 5175 762 5239 exciderunt,
791 5174 828 5227 i.
855 5192 905 5228 tv
937 5175 1168 5230 Advers.
1197 5191 1244 5229 c.
1286 5178 1370 5228 i.'i.

351 5247 379 5286 ιι
414 5248 540 5303 Haec
566 5247 848 5302 conclusio
872 5248 1026 5302 deest
1071 5249 1122 5300 in
1154 5261 1254 5300 ms.
1292 5246 1630 5312 Florentino,
1661 5247 1879 5303 deside-

283 5333 547 5386 raturque
566 5317 732 5373 etiam
763 5319 813 5369 in
847 5320 970 5372 cod.
1007 5319 1216 5372 Ortavii
1249 5318 1589 5386 Pantogatiti.

358 5402 381 5428 ε’
415 5392 690 5446 Discimus
716 5405 780 5443 ex
815 5389 918 5444 hoc
943 5392 1067 5445 ioco
1101 5389 1267 5444 fuisse
1297 5389 1604 5444 Gaudentio
1629 5389 1876 5454 fratrem,

285 5464 507 5518 nomine
529 5462 777 5526 Paulum,
798 5463 956 5528 cujus
987 5463 1038 5515 in
1064 5461 1282 5531 scriptis
1303 5461 1411 5514 suis~
1440 5475 1633 5514 Ilttlileil
1664 5471 1879 5514 exstare

284 5536 502 5596 voluit;
565 5532 1025 5604 quemadmodum
1082 5544 1300 5604 exstare
1355 5534 1525 5604 voluit
1587 5532 1881 5601 Gregorius

285 5605 515 5660 Ca-sarii
543 5603 731 5658 fratris
755 5605 863 5661 sui.
893 5605 1258 5673 Hieronymus
1287 5603 1614 5662 Pauliniaui.
1649 5607 1881 5657 Ambro-

289 5679 404 5732 sius
441 5675 646 5746 Satyri.
681 5673 822 5746 Non,
853 5675 1054 5746 desunt
1086 5676 1226 5727 inter
1251 5676 1541 5746 sa-culares
1575 5674 1883 5746 Scriptores

291 5749 384 5816 qui
441 5744 698 5801 fratribus
746 5745 860 5800 suis
899 5745 1045 5801 idem
1091 5745 1292 5800 ameris
1343 5745 1583 5800 otlieium
1617 5744 1887 5816 pra-Stilo-

291 5820 420 5888 riui.

1990 3292 2161 3348 Filius
2215 3291 2452 3347 hominis
2494 3293 2581 3362 qui
2613 3293 2677 3365 in.
2720 3277 2992 3362 principio
3023 3300 3143 3348 erat
3193 3291 3340 3363 apud
3370 3291 3588 3348 Patrem

1984 3385 2155 3440 Filius
2184 3384 2300 3448 Dei,
2336 3383 2526 3454 utique
2560 3384 2702 3439 Deus
2731 3384 2991 3439 Verbum.
3027 3381 3233 3439 Exinde
3261 3398 3358 3452 per
3404 3385 3587 3440 incrov

1985 3485 2162 3532 menta
2189 3476 2390 3542 anatis,
2423 3476 2652 3533 Creator
2699 3485 3016 3546 tctupnrum
3075 3476 3294 3546 proﬁcit
3323 3477 3376 3532 in
3407 3476 3584 3532 vim

1985 3571 2311 3641 perlectum,
2361 3580 2594 3628 testante
2642 3570 3028 3640 evangelista:
3083 3568 3225 3625 Puer
3273 3580 3446 3626 autem
3477 3587 3589 3625 ere-.-

1984 3665 2178 3727 scebat,
2207 3673 2254 3716 et
2284 3664 2702 3733 confortabatur,
2735 3673 2782 3717 et
2829 3663 3147 3732 implebantur
3203 3664 3467 3734 sapientia
3491 3680 3510 3729 ;
3535 3674 3587 3719 et

1984 3758 2154 3827 gratia
2189 3756 2284 3810 Dei
2339 3764 2446 3812 erat
2506 3756 2562 3810 in
2609 3756 2702 3812 illo
2733 3755 2888 3828 (Luc.
2933 3772 3007 3816 tv.
3039 3753 3155 3826 40).
3185 3755 3361 3822 Quem
3394 3757 3582 3827 prole.

2058 3893 2073 3929 ί
2106 3893 2278 3956 Flor.,
2313 3893 2443 3950 Urb.
2480 3904 2536 3950 et
2585 3891 2727 3949 Vatt.
2779 3896 2888 3950 duo
2922 3904 3272 3963 monuerunt,
3310 3896 3414 3958 hoc
3455 3895 3577 3958 loco

1981 3965 2358 4032 reponendum
2401 3981 2524 4019 esse
2569 3965 2877 4032 turbellam,
2926 3967 3072 4034 quod
3127 3971 3356 4021 omnino
3405 3968 3578 4036 magis

1978 4038 2235 4089 Convenit
2270 4039 2336 4089 iis
2358 4051 2481 4106 quae
2527 4053 2653 4090 mox
2685 4037 3114 4106 subsequuntur,
3140 4054 3203 4090 ne
3233 4039 3465 4096 turbetur
3490 4053 3580 4091 eor

1977 4116 2217 4159 vestrum.
2253 4105 2670 4180 Tarbellaenim
2719 4105 2885 4180 parva
2917 4109 3072 4180 turba
3101 4116 3206 4165 est.
3237 4122 3402 4180 parva
3427 4122 3580 4170 cout-

1979 4183 2166 4244 mulio,
2205 4187 2261 4232 ut
2288 4177 2429 4246 apud
2459 4177 2634 4233 Plaut.
2664 4178 2861 4232 i’seud.
2889 4191 2998 4232 aet.
3032 4175 3074 4246 l,
3112 4193 3190 4232 sc.
3221 4175 3290 4234 t':

2102 4292 2208 4343 Scis
2234 4299 2283 4342 tu
2304 4293 2500 4352 quidem
2523 4293 2778 4344 hercle...

2106 4357 2211 4414 Quo
2235 4362 2376 4418 pacto
2400 4362 2451 4404 et
2474 4365 2679 4418 quantas
2696 4356 2883 4406 soleam
2914 4353 3142 4406 turbellas
3164 4354 3331 4418 dare]

1980 4472 2035 4518 et
2067 4463 2323 4518 Bacchid.
2357 4473 2466 4518 act.
2499 4461 2587 4526 iV,
2614 4477 2691 4517 sc.
2721 4479 2774 4518 ut
2813 4481 2828 4526 ;
2862 4461 3060 4524 Tantas
3120 4462 3388 4523 turbellas
3413 4465 3586 4533 facio.

1986 4535 2064 4589 Ad
2089 4551 2249 4604 quem
2286 4536 2462 4589 locum
2514 4534 2786 4589 Meursius
2831 4535 3176 4589 scribeudmn
3235 4533 3448 4605 putavit
3471 4542 3581 4588 tur-

1987 4606 2151 4680 belus,
2193 4607 2466 4680 utsuada,
2510 4607 2767 4680 suadela;
2800 4609 2947 4680 fuga,
2989 4605 3202 4680 fugela;
3243 4604 3579 4680 etproi‘ecto

1988 4678 2090 4732 hoc
2115 4679 2404 4734 Gautlcntii
2423 4681 2544 4738 loco
2561 4677 2838 4738 turbatam.
2861 4693 2976 4736 non
3005 4677 3278 4734 turbellam
3299 4677 3431 4747 legit
3451 4679 3578 4733 eod.

1910 4735 1963 4796 Ῑ)
1992 4751 2197 4810 Octavii
2241 4735 2578 4814 Pantagatbi,
2612 4751 2755 4819 quod
2801 4735 3036 4806 maxime
3057 4748 3278 4804 Meursii
3301 4735 3582 4817 conjecta.-

1996 4838 2108 4876 ram
2135 4824 2442 4876 conﬁrmat.
2476 4822 2699 4876 Librarii
2735 4823 2976 4877 insolens
3003 4821 3224 4876 verbum
3253 4821 3577 4888 conspicati,
3617 4833 3620 4836 ’

1995 4893 2175 4962 inepte
2219 4894 2553 4954 deievcrant,
2581 4896 2974 4949 substiturntes
3024 4892 3371 4958 scandalum;
3411 4907 3580 4963 quare

1988 4963 2042 5038 in
2093 4965 2252 5038 editis
2277 4966 2474 5034 legitur
2503 4965 2809 5038 scandalum
2841 4980 2983 5017 mens
3014 4966 3242 5038 alicujus
3292 4971 3576 5038 pateretur.

1989 5033 2364 5090 Turbalentare
2390 5037 2522 5090 dixit
2547 5037 2694 5092 Zeno
2721 5036 3056 5092 Veronensis
3090 5033 3342 5092 in'sertn.
3387 5034 3453 5089 de
3484 5033 3587 5088 Pa-

1986 5107 2196 5160 tientia.

2062 5189 2087 5224 s
2116 5179 2248 5245 Quia
2303 5187 2432 5232 tunc
2465 5181 2703 5234 maxime
2742 5176 3070 5248 agitabatur.
3101 5178 3247 5233 Edit‘i
3280 5176 3476 5248 vitiose
3499 5175 3582 5230 ie-

1983 5251 2100 5319 grb.
2128 5260 2206 5312 nt,
2236 5249 2664 5318 formosissimum
2687 5267 2707 5315 ;
2733 5245 2792 5304 at
2835 5248 2978 5303 Flor.
3015 5257 3067 5304 et
3117 5264 3256 5313 unus
3301 5261 3370 5302 ex
3401 5245 3579 5312 εγω,

1986 5324 2173 5391 itctnq.
2200 5321 2322 5374 cod.
2355 5321 2696 5389 Pantagaliti,
2721 5321 3143 5391 famosissimum.
3260 5386 3265 5391 _

2059 5390 2085 5427 ιι
2118 5393 2171 5444 In
2226 5407 2358 5444 mss.
2404 5389 2729 5462 Pantagatlti
2769 5391 3209 5462 cumiicgeretur
3237 5389 3358 5462 alia
3391 5400 3583 5462 nostra

1979 5465 2092 5533 jam
2126 5479 2242 5525 sua,
2277 5463 2348 5515 ila
2381 5463 2447 5514 ab
2489 5461 2612 5532 ipso
2642 5461 2977 5533 Pantagatbo
3015 5462 3165 5533 locus
3195 5461 3282 5516 hic
3313 5461 3582 5533 reforma-

1987 5529 2076 5604 tus
2104 5542 2188 5586 est
2217 5552 2226 5585 :
2263 5550 2367 5586 una
2393 5529 2625 5604 propria,
2651 5534 2758 5589 alia
2785 5529 2983 5588 nostra.
3014 5529 3130 5592 Una
3152 5545 3268 5595 sua,
3295 5531 3444 5604 idest
3473 5546 3583 5604 una

1989 5603 2108 5668 Dei,
2137 5604 2274 5668 quod
2311 5601 2538 5657 omnino
2572 5606 2770 5660 reetius
2817 5604 3020 5659 habere
3075 5613 3235 5658 nemo
3286 5601 3576 5656 dubitabit.

1995 5674 2251 5728 FortaSSc
2302 5677 2477 5744 potius
2505 5677 2728 5732 dolenda
2782 5685 2863 5725 est
2914 5671 3125 5724 additio
3176 5671 3262 5726 illa
3315 5674 3582 5744 jamsua,

1995 5761 2112 5814 qum
2133 5740 2312 5800 otiose
2336 5746 2622 5816 ingeritur,
2649 5744 3046 5814 legendumque
3073 5757 3179 5795 una
3203 5740 3440 5812 propria,
3473 5740 3584 5796 alia

2001 5824 2209 5879 nostra;
2243 5818 2296 5870 id
2323 5815 2521 5872 estuna
2541 5815 2657 5870 Dei.
