4070 6346
484 303 591 360 983

1562 303 1619 359 S.
1664 302 2043 359 GAUDENTII
2083 301 2348 360 BRIXIE
2391 304 2696 361 EPISCOPI

3677 306 3767 364 981

486 433 631 477 ctum
659 430 850 478 nostro
878 422 1145 491 prolectui
1173 420 1494 491 profecisse,
1528 421 1835 492 intelligens
1861 429 2080 490 aposto-
2108 427 2160 487 Α
2186 421 2239 478 in
2267 432 2525 479 aztcrnam
2547 425 2713 480 vitam
2764 423 3021 482 salientis
3067 427 3350 483 emundat.
3386 426 3661 483 Emundat
3685 443 3770 483 ιιι·

485 515 571 569 lus
607 513 808 568 Paulus
861 512 1041 568 aiebat
1075 531 1085 566 :
1116 511 1289 568 Donec
1341 513 1725 584 perveniamus,
1756 513 1948 583 inquit,
1974 528 2084 566 om-

487 624 574 662 nes
596 609 650 661 in
672 608 840 661 virum
879 609 1164 678 perfectum
1189 608 1240 660 in
1267 622 1558 660 mensuram
1595 607 1765 661 (etatis
1794 607 2083 678 plenitudi-

485 702 566 756 nis
589 700 783 756 Christi
823 700 1039 773 (Ephes.
1071 717 1143 761 IV,
1173 701 1264 766 15)
1298 719 1311 754 :
1342 716 1671 771 quamquam
1730 700 1971 770 perfecta
2001 701 2085 756 di-

487 794 717 860 vinitas,
745 809 864 864 quae
904 792 1046 864 quod
1073 805 1190 848 erat
1237 809 1457 864 semper
1512 794 1617 848 erit
1651 803 1744 849 :et
1792 795 1912 848 sine
1953 795 2080 860 line,

488 887 641 942 nullo
677 889 887 959 eguerit
926 889 1287 943 incremento.
1319 888 1509 942 (lmnia
1543 904 1673 959 ergo
1727 903 2085 958 quaecumque

486 981 540 1036 in
573 980 675 1038 hac
707 983 903 1052 duplici
962 980 1265 1037 substantia
1323 983 1679 1048 con-titutus,
1742 983 1825 1036 vel
1871 983 2084 1037 locutus

489 1085 596 1142 est,
629 1076 709 1128 vel
742 1073 892 1139 fecit,
926 1075 1009 1128 vel
1039 1075 1261 1143 pertulit
1301 1074 1588 1140 Christus;
1640 1090 1784 1129 nunc
1827 1075 2081 1143 ornttipo-

489 1177 693 1224 tentem
727 1169 820 1223 Dei
858 1180 1134 1234 naturam,
1163 1185 1304 1224 nunc
1329 1169 1598 1224 iniit-mam
1631 1169 1874 1238 suscepti
1908 1167 2086 1223 homi-

490 1263 575 1316 nis
604 1263 1082 1317 demonstrabant.
1110 1263 1374 1318 Nativitas
1403 1263 1588 1319 cat-nis
1615 1264 1888 1318 hominem
1935 1278 2087 1317 mon-

487 1367 626 1412 strat
653 1374 666 1421 ;
696 1358 859 1412 Detnn
903 1359 1096 1429 probat
1126 1358 1419 1414 inusitatus
1456 1358 1687 1429 Virginis
1729 1368 1933 1427 partus.
1973 1359 2085 1410 An-

488 1463 710 1521 gustum
744 1453 1007 1522 prtesepis
1035 1453 1391 1521 cunabulum,
1420 1463 1476 1509 et
1519 1454 1800 1507 obvolutio
1827 1463 2084 1508 consueta

489 1559 812 1614 pannorum.
844 1548 1138 1601 humanam
1188 1547 1370 1616 signat
1416 1545 1698 1602 infantiam
1736 1564 1748 1600 :
1780 1547 1874 1601 sed
1903 1546 2086 1608 Ance-

489 1639 667 1695 lorutn
698 1655 861 1695 voces
905 1639 1077 1694 Deum
1116 1643 1424 1710 pastoribus
1459 1640 1789 1695 annuntiant
1843 1655 1965 1696 esse
1995 1641 2085 1711 qui

491 1743 650 1790 natus
677 1734 930 1790 est.Nam
963 1750 1084 1790 cum
1113 1734 1320 1791 diceret
1339 1735 1580 1804 Angelus
1606 1751 1618 1788 :
1655 1734 1837 1789 Nolite
1864 1735 2042 1789 timere
2067 1754 2086 1789 .-

2193 524 2300 571 tent
2332 516 2571 574 fideliter
2593 519 2992 589 supplicantem
3027 540 3043 576 :
3071 521 3146 576 Ab
3175 523 3390 577 occultis
3441 524 3569 578 meis
3595 524 3771 580 munda

2190 627 2271 664 me
2295 609 2413 681 (Ps.
2446 611 2602 683 xvnt)
2635 631 2648 671 :
2679 629 2802 668 nam
2835 614 2970 668 dicit
2994 615 3060 670 ad
3088 631 3212 670 eum
3259 615 3461 672 mulier
3495 635 3508 671 :
3543 615 3769 685 Domine,

2190 703 2259 758 da
2288 704 2418 758 mihi
2439 705 2574 759 hanc
2599 723 2808 776 aquam,
2827 717 2882 762 ut
2909 725 3010 762 non
3032 709 3203 763 sitiam
3228 711 3456 773 amplius
3481 709 3664 778 (Joan.
3688 709 3771 782 tv);

2191 797 2390 852 ardore
2443 797 2701 856 videlicet
2751 803 3026 857 exstincto
3075 805 3480 872 peccaminum.
3547 804 3776 873 Esurire,

2189 887 2364 951 sitire,
2393 888 2628 961 fatigari,
2658 891 2925 961 dormire,
2964 894 3200 949 hominis
3242 905 3328 950 est
3360 913 3372 948 :
3399 894 3496 950 st'd
3550 897 3778 965 quinque

2192 981 2424 1049 panibus
2469 983 2706 1053 quinque
2757 984 2927 1038 millia
2979 987 3258 1040 hominum
3309 986 3537 1054 Saliare,
3588 987 3681 1042 Dei
3708 998 3780 1044 est

2192 1072 2370 1145 (Joan.
2400 1076 2496 1140 Vl).
2532 1076 2593 1129 Et
2635 1075 2820 1146 largiri
2851 1093 3047 1148 aquam
3073 1081 3251 1133 vivam
3282 1078 3468 1149 (Joan.
3504 1079 3608 1150 tv),
3639 1080 3780 1149 cujus

2190 1183 2332 1222 unus
2392 1167 2617 1224 haustus
2666 1169 2877 1226 bibenti
2917 1181 3136 1238 praestet
3181 1187 3250 1226 ne
3298 1172 3444 1226 ultra
3479 1178 3593 1242 jam
3624 1173 3779 1242 sitiat,

2189 1262 2282 1317 sed
2311 1263 2383 1316 sit
2412 1263 2464 1318 in
2497 1278 2562 1316 eo
2594 1263 2712 1318 fons
2734 1281 2892 1334 aqua:
2921 1265 3170 1321 salientis
3197 1265 3250 1320 in
3284 1265 3454 1320 vitam
3509 1278 3782 1335 aeternam,

2193 1357 2405 1410 ncittiisi
2440 1356 2531 1411 Dei
2563 1365 2668 1411 est.
2698 1356 2762 1411 Et
2792 1358 2884 1425 qui
2918 1358 3103 1414 labore
3145 1359 3350 1414 terreni
3383 1358 3607 1414 itineris
3630 1359 3786 1413 confi-

2191 1448 2334 1503 citur
2367 1449 2512 1504 velut
2542 1449 2726 1514 ltonto,
2762 1466 2956 1504 rursus
2988 1449 3129 1505 idem
3162 1465 3327 1520 super
3355 1465 3530 1519 aquas
3555 1450 3786 1506 ambulat

2189 1543 2343 1612 quasi
2370 1543 2531 1597 Deus.
2585 1541 2715 1597 Nam
2760 1558 2884 1598 cum
2915 1543 3179 1598 Dltlnilllh
3228 1543 3450 1612 (Matth.
3480 1542 3595 1612 xnv)
3633 1543 3788 1599 disci-

2191 1636 2348 1707 pulos
2387 1637 2791 1707 suosjussisset
2842 1638 3098 1707 navigare
3149 1647 3304 1693 trans
3361 1640 3590 1699 fretum,
3625 1637 3787 1694 donec

2192 1728 2308 1799 ipse
2334 1729 2636 1784 dlllllllel‘el
2665 1731 2853 1785 turbas
2877 1747 2891 1796 ;
2922 1730 3354 1787 abscedentibus
3380 1733 3578 1796 turbis,
3606 1746 3789 1787 ascen-

485 1843 600 1881 ecce
627 1828 764 1880 enim
810 1829 1102 1898 evangelise
1143 1827 1285 1881 vobis
1337 1829 1585 1898 gaudium
1644 1845 1904 1899 magnum,
1948 1828 2087 1897 quod
2116 1823 2273 1898 Bdit
2321 1833 2376 1878 et
2416 1824 2592 1878 oravit
2639 1825 2688 1877 iu
2738 1834 2945 1880 monte.
2991 1825 3232 1895 Vespere
3291 1834 3476 1879 autem
3526 1841 3651 1880 cum
3682 1825 3788 1892 jam

486 1920 584 1973 erit
615 1921 757 1974 omni
786 1919 922 1990 plebi
949 1935 963 1985 ;
989 1921 1110 1988 quia
1155 1931 1308 1976 natus
1362 1931 1438 1974 est
1466 1920 1606 1974 vobis
1633 1920 1787 1974 hodie
1816 1919 2080 1986 Salvator,

488 2011 579 2082 qui
609 2021 680 2066 est
734 2011 970 2068 Christus
1017 2013 1297 2077 Dominus,
1330 2014 1386 2067 in
1434 2015 1637 2067 civitate
1664 2013 1854 2068 David.
1891 2011 1958 2067 Et
1990 2016 2087 2067 hoc

488 2104 634 2159 vobis
663 2105 874 2177 signum
905 2122 923 2158 :
975 2106 1240 2160 invenietis
1277 2108 1531 2176 infantem
1568 2107 1756 2174 pannis
1788 2107 2086 2162 obvolutum

488 2206 536 2250 et
584 2199 807 2267 positum
857 2201 910 2252 in
939 2199 1180 2270 prtesepi.
1215 2198 1404 2255 Subito
1455 2200 1595 2269 facta
1623 2209 1696 2254 est
1742 2215 1861 2253 cum
1887 2197 2087 2270 Angela

488 2290 772 2344 multitudo
801 2293 1058 2345 exercitus
1101 2292 1320 2348 caelestis
1351 2291 1679 2346 laudantium
1713 2290 1879 2345 Deum
1910 2301 1958 2345 et
1999 2292 2085 2345 di-

487 2387 710 2439 centium
735 2402 753 2439 :
783 2384 966 2442 Gloria
987 2388 1040 2440 in
1079 2388 1296 2442 excelsis
1327 2385 1461 2452 Deo,
1496 2397 1542 2440 et
1590 2387 1647 2441 in
1680 2396 1820 2441 terra
1859 2403 1965 2454 pax
1995 2386 2088 2442 ho-

487 2477 713 2532 minibus
744 2479 892 2533 bona:
932 2480 1210 2534 voluntatis
1245 2479 1411 2552 (Luc.
1459 2496 1528 2546 tt,
1582 2481 1651 2535 10
1680 2481 1844 2552 seq.).
1879 2481 2088 2537 Deinde

488 2571 735 2627 llerodes
787 2573 1136 2643 persequitur
1188 2575 1472 2643 parvulum
1506 2592 1518 2628 :
1552 2576 1647 2630 sed
1701 2575 1875 2630 stella:
1929 2576 2089 2630 obsc-

487 2665 710 2733 quentis
743 2666 919 2734 fulgor
951 2682 1207 2737 magnum
1255 2667 1496 2724 declarat
1525 2669 1690 2722 Dcum
1717 2687 1731 2733 ;
1766 2678 1792 2706 ἰ
1822 2684 1980 2737 quem
2013 2671 2090 2726 le-

486 2759 600 2828 gati
653 2759 1034 2814 universarum
1067 2758 1325 2816 Gentium
1383 2763 1528 2831 magi
1582 2762 1902 2830 suppliciter
1959 2761 2090 2817 ado-

489 2863 673 2907 rantes
727 2853 949 2924 (Matth.
984 2855 1070 2925 tt),
1129 2857 1336 2910 caelesti
1369 2855 1498 2925 Regi
1722 2857 2090 2911 honorificen-

486 2947 618 3001 tiam
671 2947 910 3003 debitam
942 2993 956 3014 ,
1009 2948 1289 3004 oblatione
1345 2952 1698 3021 mysticorum
1777 2967 2086 3018 munerum,

490 3039 836 3096 deferebant.
880 3045 1161 3097 Annorum
1192 3043 1483 3100 duodecim
1530 3059 1664 3115 puer
1688 3043 1847 3099 Jesus
1870 3047 1922 3100 in
1955 3056 2089 3099 tem-

491 3132 581 3201 plo
611 3148 640 3186 a
686 3135 1003 3203 parentibus
1032 3136 1210 3191 anxiis
1263 3138 1537 3208 reperitur
1587 3137 1743 3209 (Luc.
1778 3137 1839 3207 tt)
1865 3153 1879 3202 ;
1908 3138 2001 3192 sed
2032 3138 2087 3192 in

2191 1917 2436 1973 navicula
2461 1917 2516 1980 in
2549 1918 2731 1972 medio
2760 1919 2896 1973 mari
2946 1917 3201 1974 [luctibus
3230 1913 3552 1988 jactarctnr
3580 1927 3791 1974 contra-

2190 2011 2271 2066 rio
2305 2020 2470 2064 vento
2519 2012 2814 2066 commotis
2844 2009 3038 2079 (Marc.
3065 2028 3158 2075 vt;
3211 2012 3372 2067 loan.
3406 2013 3512 2076 Vl),
3544 2013 3662 2084 ipse
3686 2028 3792 2068 ma-

2183 2104 2400 2174 jestatis
2427 2119 2538 2158 sua:
2560 2103 3093 2170 virtutesubvectus,
3113 2104 3432 2160 ambulabat
3457 2120 3629 2173 super
3653 2115 3791 2176 terga

2188 2198 2448 2267 aequoris,
2482 2212 2584 2254 nec
2613 2197 2826 2268 plantas
2850 2197 3154 2268 gradientis
3181 2208 3399 2253 tumens
3429 2197 3573 2252 unda
3607 2207 3788 2269 tange-

2190 2289 2302 2344 bat.
2340 2290 2723 2346 Pcriclitantes
2752 2290 3002 2360 Αρ-ιειοιί
3034 2300 3227 2358 quarta
3257 2290 3443 2362 vigilia
3497 2292 3675 2346 noctis
3702 2307 3790 2348 vc-

2191 2383 2430 2438 nientem
2481 2383 2760 2438 Christum
2795 2383 2988 2454 procul
3040 2383 3336 2451 aspiciunt.
3365 2383 3567 2440 Petrus
3599 2395 3788 2455 rogat:

2193 2476 2432 2542 Domine,
2484 2477 2530 2531 si
2562 2487 2616 2530 tu
2647 2493 2720 2544 es,
2750 2477 2872 2538 iube
2926 2493 3006 2531 me
3036 2479 3206 2531 venire
3234 2477 3303 2531 ad
3357 2486 3402 2532 te
3431 2495 3590 2549 super
3631 2495 3788 2547 aquas

2191 2570 2408 2644 (.llatth.
2473 2587 2581 2637 xtv,
2636 2572 2752 2642 28).
2789 2574 2860 2626 At
2930 2573 3169 2641 ipse,ne
3209 2571 3338 2640 quid
3413 2571 3565 2626 fideli
3635 2586 3787 2642 nega-

2194 2673 2278 2718 ret
2334 2663 2636 2731 desiderio,
2678 2665 2758 2718 ait
2819 2683 2829 2718 :
2899 2664 3045 2719 Veni.
3089 2663 3156 2719 Et
3219 2664 3558 2731 descendens,
3595 2665 3784 2734 inquit,

2194 2745 2382 2812 Petrus
2413 2758 2476 2812 de
2525 2761 2784 2821 navicula,
2844 2759 3141 2814 ambulabat
3170 2776 3322 2832 super
3364 2776 3531 2831 aquas
3562 2769 3620 2814 ut
3677 2776 3788 2828 per-

2191 2852 2386 2905 veniret
2426 2852 2494 2904 ad
2524 2851 2726 2907 Iesum.
2789 2851 2978 2907 Videns
3028 2869 3145 2908 vero
3184 2863 3396 2908 ventum
3446 2852 3786 2915 validum,ti-

2194 2948 2322 2999 muit
2351 2963 2368 3000 :
2599 2957 2646 3001 et
2690 2964 2805 3000 cum
2850 2949 3080 3017 coepisset
3101 2950 3285 3022 mergi,
3305 2947 3548 3002 clamavit
3575 2948 3787 3002 dicens:

2195 3037 2434 3107 Domine,
2466 3040 2665 3095 salvum
2688 3057 2768 3094 me
2797 3041 2902 3110 fac.
2960 3039 3027 3094 Et
3071 3043 3317 3096 continuo
3365 3041 3520 3096 Jesus
3559 3041 3787 3097 extendit

2194 3150 2426 3195 manum,
2457 3145 2507 3188 et
2535 3135 2881 3204 apprehendit
2936 3152 3071 3199 eum,
3102 3134 3278 3188 dicens
3304 3135 3386 3190 illi
3415 3152 3434 3190 :
3473 3135 3700 3190 Modica:
3725 3136 3787 3204 ﬁ-

485 3224 671 3280 verbis
727 3242 850 3281 eum
893 3227 1227 3297 Sapientiam
1286 3232 1401 3293 Dei,
1445 3231 1732 3286 doctorum
1791 3232 2089 3287 circumse—
2117 3227 2159 3289 C
2194 3229 2297 3294 dei,
2325 3245 2486 3298 quare
2515 3229 2762 3283 dubitasti
2819 3228 3039 3300 (Matth.
3071 3245 3181 3294 ιιν,
3213 3229 3306 3293 29,
3347 3229 3488 3298 50)?
3531 3229 3667 3283 Dum
3698 3243 3789 3300 per

489 3315 732 3372 dentium
767 3319 939 3374 turbae
966 3323 1256 3376 mirantur.
1287 3323 1352 3378 Et
1388 3324 1478 3394 qui
1510 3333 1775 3392 peccatum
1817 3341 1919 3378 non
1945 3324 2086 3393 fecit,

488 3427 582 3466 nec
611 3412 763 3468 dolus
784 3415 1020 3470 inventus
1051 3426 1126 3471 est
1149 3419 1202 3470 in
1227 3434 1316 3473 ore
1335 3422 1448 3490 ejus
1478 3417 1581 3488 (Is.
1608 3418 1751 3487 LIII),
1785 3419 1850 3472 ad
1877 3418 2091 3487 Baptis-

489 3521 637 3571 mum
664 3506 892 3563 Joannis
916 3511 1073 3580 quasi
1109 3510 1273 3565 homo
1314 3523 1570 3582 peccator
1620 3512 1854 3573 accedit,
1903 3521 2090 3567 nostra

487 3599 543 3652 ln
579 3613 680 3654 suo
703 3615 934 3670 Corpore
962 3598 1196 3675 crimina
1234 3602 1525 3657 ablaturus
1555 3619 1570 3668 ;
1597 3603 1689 3658 sed
1725 3612 1781 3658 et
1809 3603 1878 3656 ibi
1902 3603 2088 3658 statim

488 3703 704 3749 naturae
729 3694 930 3750 divina:
960 3696 1351 3764 preprietatem
1386 3713 1487 3750 vox
1545 3697 1725 3752 Patris
1754 3697 1872 3766 ejus
1893 3713 1924 3752 e
1950 3698 2090 3753 caelo

487 3785 703 3841 intonat
729 3787 919 3842 dicens
952 3803 964 3841 :
996 3787 1102 3841 Hic
1131 3798 1204 3842 est
1233 3787 1410 3843 Filius
1441 3806 1584 3844 meus
1625 3791 1864 3854 dilectus,
1891 3792 1944 3844 in
1989 3807 2090 3862 quo

490 3879 617 3934 bene
669 3879 982 3949 complacui.
1015 3880 1174 3936 Hunc
1219 3883 1396 3937 audite
1445 3881 1663 3956 (Matth.
1696 3899 1777 3948 ttt,
1815 3883 1927 3952 17).
1960 3882 1986 3921 δ
2020 3883 2093 3940 Ut

489 3971 559 4026 ad
589 3973 864 4030 hominem
897 3975 1149 4032 diabolus
1191 3985 1427 4032 tentator
1450 3977 1663 4032 accedit
1691 3976 1918 4049 (Matth.
1952 3977 2036 4047 tv)
2072 3994 2085 4031 :

488 4063 588 4118 sed
621 4064 951 4136 triumphato
1001 4067 1222 4124 diabolo
1276 4069 1458 4124 statim
1517 4068 1818 4124 succedunt
1871 4067 2090 4122 Christo

490 4163 764 4226 tamquam
817 4157 930 4214 Deo
987 4160 1346 4216 servientium
1401 4162 1698 4217 ministeria
1738 4161 2084 4232 angelorum.

487 4248 802 4307 Seditiones
849 4251 1144 4309 furentium
1190 4255 1504 4310 Judteorum
1560 4256 1801 4310 declinat
1829 4256 2086 4326 frequen-

484 4351 572 4397 ter
599 4351 657 4397 ut
683 4342 846 4398 homo
897 4342 1078 4414 (Joan.
1118 4348 1232 4418 vttt)
1268 4368 1280 4402 :
1330 4349 1426 4403 sed
1486 4349 1728 4418 legiones
1774 4349 2086 4402 daemonum

486 4436 641 4506 quasi
665 4451 977 4505 servorum,
1017 4442 1156 4496 Deus
1185 4444 1335 4500 verbi
1366 4443 1454 4498 sui
1497 4443 1642 4513 fugat
1670 4443 1901 4512 imperio
1929 4441 2086 4513 (Luc.

487 4529 628 4600 vut).
656 4530 830 4603 Supra
861 4542 1076 4603 puteum
1127 4537 1283 4592 sedet
1307 4537 1563 4605 fatigatus
1606 4553 1672 4590 ex
1705 4537 1904 4590 itinere
1929 4537 2086 4605 quasi

2195 3332 2395 3377 terram
2424 3323 2684 3394 gradiens
2713 3323 3088 3392 fatigationem
3118 3326 3306 3382 sentit,
3336 3321 3503 3376 homo
3532 3330 3620 3376 est
3653 3338 3668 3374 :
3699 3319 3787 3376 sed

2193 3415 2333 3470 idem
2370 3415 2498 3470 dum
2549 3431 2738 3471 secura
2769 3425 3037 3486 potestate
3086 3431 3185 3485 per
3235 3413 3432 3470 fluctus
3481 3416 3786 3480 ambulans,

2195 3509 2414 3564 Petrum
2455 3521 2790 3580 tncrgetttctn
2840 3509 3110 3574 sublevat,
3160 3509 3302 3564 Deus
3350 3517 3460 3564 est.
3513 3509 3789 3581 Simulque

2195 3603 2297 3656 hoc
2330 3603 2380 3656 in
2412 3602 2533 3657 loco
2563 3613 2613 3657 et
2641 3601 2774 3656 illud
2800 3601 2982 3656 Ariani
3009 3603 3382 3667 considerent,
3418 3603 3570 3673 quod
3618 3602 3788 3658 dubiis

2197 3694 2246 3746 in
2280 3692 2386 3748 lide
2410 3690 2638 3758 Clll'lSli,
2667 3693 2905 3748 exitialis
2929 3695 3180 3765 quaedam
3213 3695 3282 3748 sit
3323 3703 3518 3764 parata
3546 3694 3790 3750 submer-

2194 3783 2298 3848 sio,
2335 3784 2435 3839 nisi
2471 3801 2567 3854 per
2596 3784 2999 3840 confessionem
3024 3801 3208 3840 veram
3232 3786 3514 3856 supplices
3561 3785 3630 3841 ad
3677 3787 3791 3857 ejus

2195 3879 2652 3950 on'tnipotentiam
2677 3888 3088 3934 convertantur.
3112 3879 3258 3934 Alibi
3281 3895 3504 3948 quoque
3527 3880 3789 3936 dormisse

2195 3972 2454 4042 navigans
2501 3972 2751 4028 Christus
2800 3971 3090 4040 Dominus,
3143 3989 3174 4028 a
3223 3984 3414 4028 sancto
3459 3975 3787 4045 evangelista

2195 4067 2762 4139 describitur(tllauh.
2798 4083 2916 4135 vut,
2946 4067 3075 4140 24),
3111 4083 3234 4122 cum
3281 4068 3541 4136 discipuli
3597 4069 3650 4125 in
3703 4085 3790 4125 ex-

2194 4167 2370 4214 tremo
2389 4161 2728 4229 tempestatis
2752 4160 3067 4217 discrimine
3093 4163 3379 4234 constituti
3396 4163 3792 4219 suscitaverttut

2195 4269 2343 4320 eum,
2371 4255 2614 4309 dicentes
2650 4271 2662 4307 :
2700 4254 2938 4323 Domine,
2973 4255 3129 4310 libera
3180 4273 3294 4325 nos,
3345 4261 3581 4328 perimus
3626 4259 3787 4330 (Ibid.

2193 4348 2290 4419 25)
2317 4365 2330 4413 ;
2357 4347 2575 4416 quando
2604 4362 2836 4417 surgens
2878 4350 3172 4417 imperavit
3219 4361 3404 4416 vento,
3455 4364 3507 4406 et
3555 4354 3711 4415 mari,
3741 4362 3790 4406 ct

2196 4440 2334 4494 facta
2355 4450 2437 4495 est
2462 4440 2826 4509 tranquillitas
2853 4455 3067 4510 magna.
3097 4439 3306 4496 Dormit
3330 4454 3387 4498 ut
3411 4443 3600 4514 homo,
3632 4457 3684 4499 et
3703 4461 3792 4498 ex-

2194 4546 2423 4602 surgens
2450 4531 2739 4586 elementis
2769 4531 3004 4601 imperat
3027 4533 3179 4602 quasi
3215 4535 3377 4590 Deus.
3411 4535 3547 4590 Nam
3584 4548 3790 4592 tumen-

487 4621 656 4678 bomo
686 4625 868 4695 (Joan.
899 4627 974 4698 tv)
1003 4644 1018 4693 ;
1051 4629 1147 4682 sed
1181 4630 1537 4684 Samaritana:
1579 4630 1823 4683 mulieris
1864 4630 2079 4682 occulta
2115 4629 2160 4685 D
2189 4638 2269 4679 tes
2299 4625 2493 4678 [luctus
2525 4626 2698 4678 verbo
2726 4625 3082 4692 compescuit,
3114 4627 3414 4698 statimque
3444 4631 3599 4684 siluit
3622 4630 3791 4686 incre-

483 4727 694 4768 reserat
721 4718 875 4786 quasi
924 4717 1098 4780 Deus,
1127 4717 1484 4774 humanarum
1525 4719 1786 4774 mentium
1835 4733 2086 4788 perscru-

483 4813 628 4861 tator
650 4823 665 4872 ;
690 4818 744 4862 et
776 4824 885 4863 non
918 4810 1093 4864 solum
1120 4821 1350 4877 reserat,
1371 4812 1463 4866 sed
1486 4813 1646 4867 etiam
1673 4814 1887 4865 lavat-r0
1915 4824 2068 4881 aqua:

560 4978 588 5008 ⁸
621 4971 905 5034 Barthius,
943 4975 977 5028 1.
1005 4990 1115 5028 xxtt
1137 4974 1444 5030 Adversfc.
1475 4976 1546 5032 90
1581 4975 1745 5029 :Nola
1776 4992 1856 5029 res
1879 4976 1941 5029 de
1970 4993 2079 5028 ma-

481 5045 584 5118 gis,
616 5045 706 5118 qui
731 5045 1004 5118 adoraturi
1034 5043 1298 5100 Christum
1318 5047 1382 5101 ab
1412 5047 1630 5110 ultimis,
1663 5058 1716 5101 ut
1739 5047 1916 5118 scribit
1942 5045 2079 5101 Pru-

481 5114 712 5190 dentius,
740 5114 943 5170 Bactris
970 5130 1214 5190 venerunt
1245 5118 1656 5190 Hierosolymas.
1701 5120 1759 5172 At
1813 5117 1945 5172 illud
1979 5136 2080 5172 non

480 5185 774 5260 vulgatum,
804 5199 999 5260 veteres
1027 5189 1307 5254 censuisse,
1333 5206 1436 5243 non
1467 5185 1561 5245 suo
1583 5191 1703 5244 illos
1733 5191 1962 5253 nomine,
1991 5190 2082 5244 sed

483 5270 750 5333 tamquam
793 5259 989 5333 legatos
1024 5260 1178 5315 lectos
1229 5279 1260 5313 (ι
1309 5272 1415 5315 toto
1475 5263 1781 5333 Sapientum
1833 5261 2078 5315 Orienta-

482 5330 615 5383 lium
653 5331 811 5472 c/iqro
838 5329 860 5398 ,ἡ
903 5329 1038 5386 illud
1076 5333 1175 5385 iter
1212 5333 1512 5399 confecisse.
1536 5329 1712 5401 '__'Uude
1719 5379 1737 5405 J
1758 5333 1932 5388 scribit
1982 5333 2082 5386 Ju-

482 5416 692 5469 veucus,
746 5443 759 5456 .
791 5417 808 5456 ι
841 5419 854 5457 :

480 5416 759 5469 veucus,|t.
791 5417 808 5456 ι
841 5419 854 5457 :

609 5507 703 5538 :__.
755 5508 786 5538 _.
857 5514 869 5526 .
923 5472 952 5522 l.
1021 5473 1215 5538 Nomen
1235 5479 1731 5538 tenueremagorum.

605 5529 732 5600 yinc
755 5534 855 5600 laeti
881 5549 1114 5600 proceres
1136 5537 1356 5600 Solymas
1375 5551 1466 5599 per
1494 5529 1639 5600 longa
1663 5541 1849 5589 viarum

602 5593 904 5658 Deveniunt',
938 5593 1516 5663 regemque'adeuht....

472 5677 796 5756 Gaudentﬁts
820 5684 1095 5756 episcOpus
1128 5683 1416 5738 Brixianus
1453 5684 1521 5756 ad
1559 5683 1785 5739 Paulum
1811 5690 2070 5756 fratrem:

470 5747 940 5828 Deiudelﬂero'des
971 5747 1296 5828 persequitur
1319 5754 1628 5828 parvulum;
1669 5757 1758 5810 sed
1786 5747 1949 5812 stellre
1977 5758 2072 5811 ob-

464 5820 721 5889 sequentis
764 5826 939 5895 fulgor
971 5820 1226 5896 'magn'um
1256 5820 1484 5881 declarat
1511 5825 1698 5891 Deum,
1735 5844 1886 5896 quem
1910 5831 2062 5900 legali

2193 4726 2316 4788 pata
2348 4726 2644 4786 tempestas
2675 4757 2690 4783 ,
2723 4727 2780 4772 et
2807 4718 2873 4771 ad
2903 4717 3185 4774 Creatoris
3213 4721 3294 4773 sui
3329 4737 3544 4790 vocem,
3579 4735 3600 4761 ε
3636 4725 3788 4794 plana

2182 4811 2470 4865 confestim
2512 4809 2682 4880 jacuit
2730 4810 2902 4866 inflati
2950 4813 3178 4884 gurgitis
3204 4815 3406 4872 moles.
3436 4816 3543 4873 Sed
3577 4834 3646 4874 ne
3697 4819 3787 4875 bu-

2186 4973 2539 5052 univetlsarum
2571 4974 2816 5052 Gentium
2845 4979 2984 5052 magi
3020 4980 3325 5050 suppliciter
3370 4985 3787 5052 adorantes,cae-

2188 5045 2302 5100 (esti
2339 5045 2464 5117 Regi
2496 5048 2720 5127 debitam
2743 5045 3220 5127 honoriﬁcentiam,
3254 5052 3522 5110 oblatione
3551 5045 3788 5127 mystico-

2185 5133 2300 5198 rum
2331 5132 2622 5198 munerum,
2665 5121 2982 5198 deferebant.
3001 5121 3339 5198 Quamquam
3382 5121 3788 5198 mysticc'etiam

2187 5186 2430 5258 loquatur
2448 5185 2797 5244 Gaudentius.
2841 5193 2964 5246 llaec
2999 5185 3274 5250 Barthius.

2265 5258 2742 5342 buElegantissima
2771 5263 3116 5332 Evangelicte
3149 5265 3395 5323 hi~toriaz
3429 5271 3670 5342 syopsis.
3701 5274 3783 5328 cui

2186 5331 3006 5412 simili-ulcopti-uttit,_supra,
3047 5345 3128 5412 tr.
3157 5345 3209 5397 δ.
3258 5349 3311 5394 et
3372 5331 3567 5397 tr.'H'.
3614 5331 3783 5412 Quam

2188 5401 2356 5456 fuerit
2397 5399 2739 5460 G.tudetttitts
2795 5399 2993 5471 ingenii
3043 5407 3204 5466 felix.
3238 5426 3300 5465 ac
3352 5413 3574 5468 dicendi
3625 5399 3786 5471 Tiber-

2186 5482 2296 5527 tate
2321 5483 2624 5545 priestaus,
2648 5475 2952 5545 frequentia
2985 5479 3100 5532 haec
3127 5483 3436 5544 specimina
3466 5489 3782 5542 ostendunt.

2258 5555 2279 5582 ο
2314 5543 2480 5597 Obvia
2499 5557 2625 5618 erat
2646 5543 2973 5607 emendatio.
3008 5566 3124 5618 quae
3156 5543 3336 5609 tamen
3363 5573 3429 5612 ex
3456 5559 3628 5612 tribus
3653 5575 3782 5614 mss.

2179 5613 2327 5694 Flor.
2385 5628 2438 5668 et
2473 5614 2640 5694 ‘Vatt.
2687 5620 2899 5694 duobus
2949 5613 3238 5694 tlejutnpta
3296 5639 3400 5679 est.
3461 5628 3599 5685 Male
3629 5613 3778 5694 cditi,

2176 5689 2330 5769 plena
2359 5689 2669 5771 confestim;
2697 5699 2752 5744 at
2779 5691 2832 5744 in
2856 5690 2985 5771 cod.
3013 5689 3356 5771 Pantagathi.
3390 5700 3550 5770 plana
3583 5689 3781 5771 confes;

2173 5761 2264 5883 tbim
2286 5758 2455 5895 μείξιιὲ
2485 5758 2691 5881 iiIi/inita
2717 5764 2936 5834 gurgitis
2967 5768 3124 5820 moles
3144 5806 3159 5833 ,
3185 5758 3283 5824 ubi
3340 5758 3438 5842 pro
3468 5772 3643 5842 inflati
3679 5758 3778 5827 hac

2213 5843 2334 5883 etttr
2361 5844 2412 5880 in
2461 5846 2510 5882 m
2537 5841 2588 5883 rt.

2213 5843 2334 5883 Cllll‘
2361 5840 2588 5883 ll‘lﬂnllﬂ.
