4070 6346
273 316 382 377 085

1149 326 1390 386 SEBMO
1429 329 1572 402 XIX,
1615 332 1705 389 DE
1747 334 2068 395 DIVERSIS
2109 339 2473 399 CAPITULIS
2514 343 2760 404 NONUS.

3477 355 3583 412 986

255 435 513 507 jusmodi
537 440 752 511 singula
785 442 1128 501 recensendo
1148 444 1361 518 longius
1391 463 1421 502 a
1455 452 1734 521 proposito
1763 467 1880 510 ser-
1907 467 1958 527 Α
1985 457 2406 530 dubitationem,
2439 464 2714 537 dolorem,
2761 471 3026 536 esuriem,
3081 474 3251 540 sitim,
3311 475 3589 533 lassitudi-

259 545 431 587 mone
463 533 659 590 videar
688 536 930 607 evagari,
962 553 1128 606 pauca
1161 540 1339 596 adhuc
1358 557 1425 598 ex
1449 547 1633 600 verbis
1661 546 1879 604 Domini

257 626 439 680 nos-tri
496 627 630 685 Jesu
689 630 894 686 Christi
924 633 1219 702 adjiciam,
1252 651 1317 692 ex
1348 639 1544 708 quibus
1576 641 1627 695 in
1659 641 1778 709 ipso
1825 653 1880 698 et

255 719 525 778 humana:
555 733 761 779 natura:
787 727 1190 800 conditionem,
1225 741 1277 784 et
1307 732 1548 788 divinam
1579 738 1876 805 perspicias

253 823 660 884 potestatem.a
693 818 889 876 ludatis
931 821 1063 876 dicit
1097 840 1108 876 :
1146 823 1285 891 Quid
1313 842 1394 880 me
1419 829 1572 881 vultis
1603 829 1878 885 occidere?

249 906 550 976 hominem,
583 923 688 968 etc.
725 912 905 986 (Joan.
940 931 1070 980 vm,
1103 917 1219 988 40).
1263 919 1329 972 Ει
1350 919 1480 974 alibi
1511 922 1870 978 confitentem

247 1002 509 1071 Petrum,
542 1005 622 1061 Tu
651 1025 703 1062 es
732 1007 965 1064 Christus
998 1009 1173 1066 Filius
1215 1011 1313 1068 Dei
1359 1015 1460 1068 viui
1504 1015 1723 1083 (Matth.
1757 1034 1867 1085 xvi,

248 1097 364 1167 16),
402 1099 626 1158 beatum
661 1106 996 1172 pronuntiat,
1026 1107 1172 1176 quod
1196 1108 1394 1178 dignus
1415 1108 1585 1164 fuerit
1613 1113 1695 1166 cui
1731 1112 1870 1169 hanc

244 1190 414 1247 ﬁdem
451 1195 603 1252 Deus
631 1196 795 1254 Pater
820 1200 1178 1270 inlunderet;
1213 1219 1405 1259 verum
1436 1207 1640 1278 quippe
1672 1207 1866 1264 Filium

243 1285 342 1342 Dei
405 1304 473 1344 se
529 1307 653 1348 esse
706 1293 812 1350 hac
867 1297 1178 1355 elocutione
1235 1304 1596 1360 conﬁrmans.
1658 1307 1725 1362 Et
1775 1310 1865 1376 qui

239 1377 468 1436 dixerat
501 1402 514 1437 ε
551 1383 866 1442 Potestatem
893 1389 1057 1445 habeo
1082 1396 1308 1461 ponendi
1337 1400 1571 1452 animam
1598 1417 1782 1466 meam,
1816 1413 1864 1456 et

239 1486 559 1548 potestatem
583 1480 746 1538 habeo
775 1485 961 1540 iterum
987 1490 1230 1543 sumendi
1275 1507 1389 1545 eam
1436 1491 1624 1561 (Joan.
1660 1512 1712 1560 κ,
1744 1497 1858 1566 18),

240 1584 437 1625 rursus
470 1574 550 1627 ait
579 1592 592 1628 :
631 1573 814 1631 Tristis
837 1589 915 1632 est
943 1581 1119 1635 anima
1166 1598 1279 1637 mea
1307 1602 1466 1655 usque
1521 1588 1589 1641 ad
1643 1599 1860 1644 mortem

241 1661 470 1734 (Matth.
508 1667 691 1740 xxvn).
746 1671 814 1726 Et
852 1671 998 1729 idem
1039 1677 1130 1746 qni
1176 1678 1298 1732 ait:
1355 1678 1558 1735 Solvite
1597 1682 1692 1736 hoc
1730 1691 1858 1737 tem-

235 1755 408 1848 plum,
442 1774 493 1813 et
523 1776 618 1831 ego
648 1764 700 1817 in
730 1766 965 1820 triduum
986 1769 1247 1824 suscitabo
1268 1772 1401 1825 illud
1419 1772 1601 1842 (Joan.
1636 1792 1690 1841 ll,
1739 1777 1852 1848 l9),

1984 569 2130 620 nem,
2162 569 2500 629 cantet-asque
2551 559 2786 618 hominis
2835 565 3159 634 passiones;
3221 584 3356 638 quas
3410 569 3582 627 Filius

1982 648 2076 704 Dei
2109 651 2313 722 absque
2346 651 2678 712 detrimento
2712 657 3018 716 divinitatis
3048 676 3159 716 suae
3213 663 3286 717 ita
3319 678 3444 718 cum
3478 664 3580 718 ho-

1981 744 2130 799 mine
2160 749 2424 816 suscepit,
2465 758 2628 818 atque
2670 754 2926 820 portavit,
2961 763 3020 810 ut
3059 756 3308 825 pr0prias
3354 757 3573 825 quidem

1979 832 2004 870 ἀ
2036 848 2380 906 eoniputaret
2408 845 2767 899 contumelias
2805 862 2939 914 quas
2959 848 3271 918 patiebatur
3301 852 3351 904 in
3383 865 3574 918 carne,

1978 927 2074 983 sed
2108 939 2287 984 tamen
2319 931 2578 987 divinitas
2611 937 2750 1004 ejus,
2784 939 2890 992 vim
2922 951 3130 996 naturae
3159 957 3274 997 sua:
3303 944 3568 1013 retinens,

1977 1023 2330 1091 impassibilis
2382 1041 2751 1095 permaneret.
2805 1031 2960 1089 Unde
3005 1047 3226 1091 saueius
3275 1036 3571 1106 Apostolus

1975 1114 2042 1184 (ll
2075 1113 2196 1168 Cor.
2235 1116 2382 1188 xm),
2417 1120 2568 1174 salvo
2596 1131 2742 1176 statu
2775 1123 3324 1196 incorruptibilitatis
3353 1130 3573 1198 divinat,

1973 1205 2262 1262 Dominum
2295 1213 2594 1280 tnajestatis
2615 1219 3242 1275 memoratcruciﬁxum.
3276 1222 3572 1279 Enimvero

1969 1299 2144 1368 ipsius
2175 1301 2364 1357 Passio
2394 1322 2501 1360 non
2533 1307 2586 1362 in
2619 1309 2985 1378 divinitatem,
3018 1331 3139 1384 qua!
3179 1328 3259 1372 est
3314 1317 3569 1387 impassi-

1969 1391 2116 1457 bilis,
2175 1396 2269 1450 sed
2329 1397 2380 1451 itt
2435 1400 2551 1468 ejus
2605 1400 2886 1458 hominem
2939 1407 3212 1463 celebrata
3248 1450 3264 1475 ,
3317 1413 3572 1478 pereunti

1967 1486 2172 1540 mundo
2199 1488 2491 1556 subvenit;
2527 1493 2690 1563 hujus
2721 1512 2956 1568 namque
3004 1500 3234 1556 vulnere
3278 1518 3377 1558 ItOs
3424 1505 3568 1561 salvi

1965 1577 2090 1633 lacti
2124 1595 2338 1637 sumus.
2373 1583 2490 1639 Non
2530 1588 2678 1656 quod
2707 1588 2973 1646 divinitas
3015 1593 3131 1662 ejus
3165 1597 3445 1653 vulnerari
3478 1615 3574 1670 po-

1963 1673 2150 1738 tuerit,
2184 1675 2278 1729 sed
2307 1678 2432 1746 quia
2467 1679 2581 1747 ipse
2613 1679 2965 1738 inﬁrmitates
2997 1695 3214 1743 nostras
3236 1695 3571 1763 susceperit,

1960 1776 2012 1823 et
2045 1783 2263 1837 peccata
2299 1785 2484 1825 llﬂSll‘a
2519 1777 2844 1842 portaverit,
2877 1792 2941 1831 ac
2975 1794 3072 1847 pro
3102 1782 3566 1853 noliis’doluerit,

232 1846 441 1906 iterum
479 1853 612 1910 dicit
645 1873 656 1910 :
691 1856 872 1926 Pater,
903 1862 946 1914 si
977 1861 1223 1930 possibile
1243 1875 1344 1931 est,
1378 1873 1605 1940 transfer
1639 1846 1852 1926 calicem

1959 1863 2261 1916 secundum
2295 1863 2587 1932 Propheta:
2646 1846 2982 1924 doctrinatn
3014 1868 3117 1939 (Is.
3148 1871 3274 1943 Llll)
3311 1891 3324 1927 :
3385 1890 3566 1944 neque

231 1940 375 1998 hunc
399 1963 435 2000 a
468 1964 548 2001 me
579 1948 730 2020 (Luc.
767 1955 922 2025 nn).
961 1956 1032 2009 Ea
1066 1956 1234 2026 igitur
1263 1959 1470 2016 ratione
1505 1965 1618 2032 ipse
1648 1967 1737 2035 qui
1783 1982 1851 2020 ex

231 2051 482 2106 persona
517 2042 613 2097 Dei
669 2044 932 2102 dixerat:
989 2048 1101 2122 Ego
1145 2062 1193 2105 et
1242 2051 1403 2107 Pater
1458 2073 1618 2109 unum
1672 2075 1850 2114 sumus

229 2127 417 2199 (Joan.
465 2136 525 2206 ι)
553 2152 567 2201 ;
597 2151 666 2192 ex
699 2153 935 2208 persona
964 2151 1201 2212 suscepti
1236 2145 1471 2200 hominis
1501 2149 1630 2202 dicit
1664 2167 1676 2203 :
1715 2151 1850 2214 Quia

234 2222 400 2281 Pater
430 2232 611 2301 major
631 2242 806 2286 meest
835 2231 1022 2305 (Joan.
1053 2237 1188 2308 XIV).
1221 2237 1341 2292 .lam
1374 2255 1502 2293 vero
1526 2241 1847 2313 intelligenti

229 2333 351 2388 qum
383 2320 542 2376 dicta
573 2333 724 2389 sunt,
757 2340 997 2395 sequens
1036 2330 1346 2395 explanatio
1387 2333 1627 2400 apertius
1667 2334 1847 2389 decla-

227 2415 401 2485 rabit,
436 2433 542 2487 qua
575 2434 639 2474 cx
671 2433 833 2474 causa
867 2422 1080 2478 dicatur
1110 2424 1252 2479 ismd
1285 2426 1426 2494 quod
1459 2427 1760 2494 scribitur,
1791 2440 1846 2484 et

226 2512 498 2580 quidnam
550 2513 624 2568 sit
678 2515 822 2584 qttod
872 2515 988 2571 ait:
1027 2519 1162 2586 Quia
1213 2518 1373 2573 Pater
1421 2523 1588 2592 major
1615 2539 1694 2576 mc
1721 2533 1843 2590 est;

227 2608 492 2673 quamvis
519 2605 803 2662 evidenter
835 2610 1036 2678 liqueat
1068 2611 1402 2666 testimoniis
1441 2613 1606 2685 360
1646 2631 1838 2681 supra-

227 2695 421 2764 dictis,
457 2699 654 2755 Filium
691 2701 784 2757 Dei
816 2705 936 2759 sine
969 2704 1082 2759 ullo
1115 2707 1273 2761 imtio
1301 2722 1331 2762 a
1373 2707 1533 2763 Patre
1571 2712 1836 2779 genitum,

225 2805 526 2866 postquam
548 2797 703 2852 nasci
725 2813 789 2853 es
815 2800 981 2854 Maria
1008 2802 1161 2857 beata
1186 2805 1437 2870 dignatus
1459 2815 1561 2869 est,
1591 2815 1644 2860 et
1669 2806 1835 2861 Deum

225 2901 352 2944 esse
385 2899 447 2944 et
492 2891 771 2948 hominem
803 2911 816 2958 ;
850 2905 905 2950 et
937 2912 1077 2950 nunc
1109 2897 1332 2951 humilia
1365 2915 1594 2969 quaeque
1642 2915 1837 2955 secun-

225 2977 354 3034 dum
390 2997 616 3038 carnem
660 2983 687 3023 ι)
729 2988 813 3042 vel
844 2989 1056 3058 egisse,
1089 2993 1170 3047 vel
1205 2991 1443 3046 loculum
1505 2994 1689 3060 fuisse,
1752 2996 1835 3049 vel

226 3083 452 3140 passum
481 3091 494 3126 :
529 3090 674 3129 nunc
723 3077 1041 3134 immensam
1073 3081 1468 3137 sublimitatem
1500 3095 1708 3139 naturae
1742 3085 1835 3140 Dei

228 3171 333 3218 tam
368 3167 559 3222 verbis
591 3169 865 3239 docuisse,
897 3189 1059 3243 quam
1087 3175 1242 3230 lactis
1273 3177 1611 3232 mirabilibus
1641 3195 1830 3248 appro-

1955 1957 2100 2012 enim
2135 1957 2250 2026 ipse
2278 1957 2582 2012 inlirmatus
2613 1970 2717 2023 est,
2755 1969 2776 1996 ο
2809 1962 2894 2015 vel
2917 1964 3181 2030 peccavit,
3207 1966 3292 2019 vel
3321 1967 3438 2033 ipse
3465 1967 3564 2021 do-

1951 2051 2098 2106 lores
2135 2051 2440 2106 crudelium
2489 2053 2781 2108 vulnerum
2837 2057 3031 2109 sensit.
3089 2056 3222 2111 Nam
3282 2059 3560 2128 quomodo

1952 2144 2068 2199 lieri
2105 2157 2340 2214 poterat,
2361 2154 2417 2199 ιιι
2443 2147 2532 2215 qui
2560 2147 2892 2216 multiplices
2922 2149 3302 2218 tngritudinnni
3337 2152 3559 2207 morbos

1952 2241 2210 2311 prmcepli
2236 2242 2315 2294 sui
2345 2249 2615 2309 potestate
2637 2253 2945 2304 curaverat,
2969 2254 3022 2296 et
3047 2243 3551 2299 mortuis'iteratam

1947 2333 2112 2386 vitam
2163 2333 2392 2401 imperio
2423 2348 2525 2387 suo
2557 2335 2864 2399 lllblll'l'al;
2900 2337 3016 2399 ipse
3051 2334 3070 2372 τ
3109 2335 3410 2390 secundum
3466 2353 3554 2391 na-

1947 2434 2122 2479 turam
2147 2425 2387 2480 divinam
2415 2425 2578 2481 fuerit
2606 2426 2860 2482 Passioni
2882 2427 3209 2497 subjectus?
3231 2429 3555 2486 Sustinebat

1945 2532 2078 2588 ergo
2106 2530 2158 2573 ut
2197 2523 2359 2573 homo
2389 2519 2758 2574 contumelias
2803 2520 3090 2575 PaSsionis
3139 2522 3193 2576 in
3249 2537 3416 2577 carne
3446 2567 3459 2589 ,
3495 2531 3554 2578 et

1945 2613 2274 2681 operabatur
2329 2623 2387 2666 ut
2445 2613 2590 2668 Dens
2644 2614 2862 2684 propria
2917 2615 3244 2670 auctoritate
3295 2616 3548 2671 virtutes.

1945 2704 2100 2762 Unde
2130 2705 2426 2772 Apostolm
2459 2708 2533 2760 ait
2567 2724 2578 2760 :
2620 2705 2920 2776 Cruci/iras
2978 2718 3050 2762 est
3103 2726 3167 2763 e.r.
3213 2709 3542 2778 infirmitate,

1941 2799 2032 2852 sed
2062 2800 2176 2852 vivit
2205 2816 2267 2852 ex
2297 2801 2480 2853 virtute
2516 2799 2611 2852 Dei
2644 2798 2709 2870 (ιι
2740 2797 2862 2852 Cor.
2893 2800 3036 2867 xm).
3066 2800 3130 2854 Et
3167 2800 3294 2854 hinc
3313 2800 3546 2856 estillud

1940 2891 2099 2964 361
2132 2892 2273 2961 quod
2307 2908 2429 2946 cum
2457 2891 2524 2945 ad
2560 2892 2874 2947 l'assioaem
2900 2891 3208 2958 deducitur,
3239 2901 3386 2947 tactu
3416 2895 3550 2950 dex~

1941 2991 2072 3037 teras
2103 2999 2214 3037 sua:
2255 3000 2450 3038 novam
2500 2983 2700 3038 format
2728 3000 2916 3038 aurem
2949 2984 3158 3038 Maleho
3201 2984 3354 3054 (an.
3388 3001 3498 3040 χχιι
3526 3029 3542 3054 ,

1937 3071 2053 3144 5t),
2095 3086 2285 3128 contra
2323 3076 2599 3143 patientia:
2655 3092 2769 3130 sua“:
2830 3077 3197 3144 propositum,
3254 3076 3402 3131 Petri
3462 3077 3548 3132 ul-

1937 3169 2196 3224 ciscentis
2236 3169 2420 3238 gladio
2469 3180 2844 3240 amptnatam:
2901 3180 2955 3224 et
2999 3170 3142 3239 quod
3189 3175 3436 3238 pendens
3487 3172 3540 3226 in

223 3255 413 3313 besse.
447 3258 652 3316 Tamen
682 3261 1052 3319 distinctionis
1085 3265 1247 3336 hujus
1291 3269 1536 3338 regulum
1589 3285 1693 3324 non
1740 3286 1827 3325 se-
1860 3259 1903 3322 C
1937 3275 2100 3316 cruce
2130 3262 2332 3315 latroni
2357 3260 2640 3315 conﬁtenti
2663 3262 3163 3332 paradisumdonat
3191 3262 3343 3334 (Luc.
3365 3264 3541 3333 xxm):

224 3364 475 3418 quumur
504 3353 826 3423 nequissimi
866 3356 1076 3426 Ariani,
1112 3360 1206 3414 sed
1238 3375 1540 3430 cauponum
1573 3362 1698 3416 dolo
1733 3363 1831 3418 Ju-

225 3443 511 3500 daicorum
547 3459 568 3486 ο
602 3449 828 3504 miscent
870 3466 1062 3520 aquam
1097 3454 1245 3519 vino,
1278 3455 1328 3508 id
1361 3467 1444 3510 est
1479 3456 1708 3510 humana
1743 3455 1825 3509 di-

225 3539 369 3594 vinis
397 3557 418 3606 ;
449 3550 506 3596 et
545 3542 615 3595 ita
650 3543 800 3596 illam
834 3559 1040 3600 merant
1071 3556 1237 3617 atque
1267 3548 1628 3617 apostolicam
1665 3549 1826 3604 [idem

222 3631 481 3688 adultera
512 3638 881 3705 permixtione
921 3639 1292 3708 confundunt,
1338 3643 1453 3698 Deo
1483 3643 1826 3699 ascribentes

221 3724 1274 3805 ignorantiam,inﬁrmitatem,metum,
1305 3737 1824 3808 impossibilitatem,

289 4025 316 4054 ι
343 4016 586 4071 [inmane
616 4030 774 4088 quam
805 4017 874 4071 ab
905 4017 1008 4073 hoc
1038 4033 1194 4074 versu
1228 4035 1393 4088 usque
1418 4019 1484 4074 ad
1525 4020 1685 4074 linem
1718 4019 1820 4073 hu-

214 4083 303 4155 jus
333 4097 598 4142 tractatus
636 4083 690 4141 in
738 4099 972 4156 quatuor
1021 4105 1150 4144 mss.
1215 4083 1423 4145 turbata
1490 4102 1544 4146 et
1591 4090 1816 4145 cmifusa

216 4162 320 4212 sint
352 4158 564 4223 omnia;
595 4159 790 4213 desunt
815 4164 960 4215 enim
987 4161 1072 4216 hic
1100 4163 1208 4217 illic
1237 4163 1394 4216 linea:
1426 4163 1536 4216 fere
1563 4173 1812 4226 centum;

216 4231 420 4302 reliqua
459 4245 592 4284 vero
621 4248 739 4298 quae
771 4244 1057 4299 supersont
1085 4274 1101 4299 ,
1151 4244 1412 4302 perpetuo
1459 4235 1633 4286 luvata
1661 4275 1675 4297 ,
1728 4233 1814 4287 vix

215 4299 509 4355 Ariadnzeo
539 4303 648 4365 lilo,
681 4315 829 4357 recto
851 4304 1041 4358 ordine
1071 4299 1264 4360 deduci
1314 4313 1368 4358 ct
1411 4307 1664 4371 componi
1695 4321 1817 4370 pos-

215 4383 378 4442 sunt;
415 4372 719 4442 eodemque
765 4376 989 4430 omnino
1030 4376 1160 4431 vitio
1216 4381 1419 4430 laborat
1466 4381 1628 4429 etiam
1688 4376 1810 4430 cod.

215 4441 555 4514 Pantagathi.
601 4441 791 4500 Merito
823 4449 1028 4501 monuit
1089 4447 1170 4502 vir
1221 4451 1431 4507 doctus.
1465 4447 1516 4502 in
1579 4457 1692 4500 not.
1747 4447 1812 4501 ad

214 4513 690 4599 Longinum,edit.
713 4518 969 4602 Sahnurti
990 4536 1109 4602 pag:
1137 4519 1264 4602 535,
1294 4523 1406 4574 lien
1433 4519 1682 4602 solereiu
1711 4519 1816 4602 line
1847 4542 1898 4602 D

210 4588 452 4642 omnium
480 4603 764 4661 penemss.
788 4589 948 4644 Codd.
977 4588 1032 4646 ut
1062 4592 1813 4661 pluribustttendisscateant,

209 4671 330 4713 eum
366 4660 610 4722 ta-dium,
635 4676 720 4714 aut
750 4660 1098 4729 negligentia,
1132 4676 1224 4718 aut
1263 4663 1487 4718 nimintn
1522 4660 1818 4718 festinandi

209 4734 450 4786 studium
486 4733 689 4801 reliqua
720 4738 1044 4802 Corrumpit.

281 4802 307 4842 δ
339 4802 431 4857 Sic
462 4819 592 4858 mss.
627 4816 898 4872 quatuor;
931 4817 1044 4861 tres
1091 4824 1222 4861 vero
1267 4807 1556 4871 editiones,
1605 4806 1813 4874 inepte,

209 4874 488 4951 delegisse.
507 4875 1027 4951 Cod._Pantagathi,
1059 4881 1134 4931 vel
1160 4879 1339 4951 egisse.

285 4960 302 4982 ί·
345 4950 419 5001 Ita
479 4949 766 5013 legendum
826 4965 947 5004 esse
1001 4949 1294 5019 persuadet
1343 4965 1645 5004 consensus
1675 4963 1808 5004 mss.

207 5017 472 5092 Congruit
498 5018 665 5073 etiam
693 5022 834 5088 quod
865 5017 1129 5092 si-quitur,
1165 5024 1217 5076 id
1238 5033 1310 5076 est
1341 5021 1570 5075 humana
1600 5020 1813 5092 diuinis.

209 5092 278 5144 At
334 5091 512 5145 minus
563 5099 711 5145 recte
764 5093 918 5155 editi,
951 5090 1190 5147 _miscent
1238 5095 1608 5161 aqttarrinnm.
1668 5090 1810 5145 Infra

209 5164 370 5216 etiam
399 5164 500 5216 hoc
523 5162 892 5218 eodeintraCt.
923 5166 1311 5220 humanitatem
1342 5182 1515 5235 aquae,
1546 5163 1810 5218 Deitatetn

209 5234 332 5288 vino
381 5246 662 5305 comparat
698 5253 711 5288 :
744 5235 812 5290 Ut
838 5254 962 5290 sane
1013 5234 1407 5290 Incarnationis
1447 5254 1582 5305 aqua
1637 5237 1812 5289 riuum

207 5305 352 5378 ﬁeret
428 5303 685 5378 Deitatis,
742 5309 882 5378 quod
932 5310 1151 5363 hwretici
1194 5303 1550 5361 adulterantes
1602 5309 1812 5361 verbum

209 5375 535 5450 Deiaadhuc
561 5376 696 5431 velut
718 5375 906 5450 aquam
931 5382 1046 5434 riuo
1078 5382 1401 5442 permiscent.

278 5447 303 5485 ά
335 5448 574 5504 Verbum
607 5450 708 5504 hoc
735 5447 888 5505 deest
921 5451 972 5504 in
1007 5451 1185 5516 editis,
1216 5452 1309 5504 sed
1339 5450 1566 5503 habetur
1591 5453 1640 5502 in
1674 5465 1806 5502 mss.

207 5531 463 5588 quatuor,
495 5535 550 5576 et
592 5523 643 5574 in
675 5524 797 5576 cod.
834 5523 1148 5592 Pantagathi
1175 5537 1190 5585 ;
1215 5521 1306 5590 qui
1335 5522 1532 5575 deinde
1562 5536 1685 5574 mox
1719 5538 1812 5574 vo-

208 5605 324 5646 cent
358 5596 448 5646 sed
476 5594 760 5663 expungit,
794 5595 980 5662 legens
1008 5593 1255 5647 divinitas
1278 5604 1449 5646 tamen
1479 5595 1614 5664 ejus.

283 5675 306 5700 ο
340 5665 470 5717 Mss.
499 5676 732 5732 quatuor
760 5668 941 5728 legunt
976 5665 1053 5718 rel
1073 5667 1183 5726 ipse
1209 5671 1451 5732 portauit,
1477 5665 1553 5718 rel
1578 5666 1686 5732 ipse
1715 5664 1811 5718 do-

209 5738 342 5791 lores
373 5735 680 5790 cruciulium
711 5738 1000 5796 vulnerum.
1025 5737 1074 5790 id
1099 5749 1182 5792 est
1205 5753 1392 5791 eorum
1422 5754 1541 5804 qua:
1563 5737 1811 5791 Christus

246 5809 434 5863 ertnlit
467 5811 519 5862 in
547 5817 709 5862 cruce
743 5812 986 5877 positus;
1016 5817 1071 5863 et
1099 5809 1346 5863 eamdem
1395 5809 1684 5877 lectionem
1717 5815 1810 5863 tia-

246 5820 434 5863 et‘tttltt
467 5823 519 5862 ιιι
547 5823 709 5862 cruce
743 5820 986 5877 positus;
1016 5820 1071 5863 et
1099 5820 1346 5863 eamdem
1395 5820 1684 5864 lectionem
1717 5820 1808 5863 na-

209 5820 302 5935 ii'et
327 5881 491 5936 etiam
519 5880 642 5937 cod.
677 5870 1015 5951 Pantagathi.
1050 5878 1303 5938 Fortasse
1331 5876 1626 5952 scripserai
1666 5876 1808 5935 Gau-

1941 3365 1996 3412 et
2036 3357 2178 3427 quod
2226 3366 2250 3403 8
2296 3356 2350 3410 in
2391 3357 2648 3424 sepulcro
2692 3362 2898 3424 positus
2943 3371 3176 3427 corpora
3225 3370 3538 3413 sanctorum

1939 3451 2235 3504 TCSltsCilltt
2263 3448 2483 3520 (Matth.
2518 3453 2686 3519 xxvii)
2725 3466 2736 3500 ε
2769 3460 2821 3502 et
2856 3450 2998 3518 quod
3042 3465 3338 3520 resurgens
3378 3455 3432 3504 in
3477 3467 3541 3506 ea

1939 3543 2154 3598 videtur
2175 3559 2279 3613 qua
2313 3558 2504 3611 passus
2533 3541 2708 3596 fuerat
2733 3544 3138 3611 Compositioue
3170 3544 3540 3598 metnbrovnm

1932 3638 2087 3713 (Luc.
2121 3640 2297 3706 xxiv),
2329 3647 2380 3692 et
2406 3636 2471 3690 ad
2497 3635 2793 3704 Apostolus
2825 3637 2969 3691 intra
3001 3653 3165 3690 unum
3201 3637 3540 3692 domicilium

1934 3743 2316 3806 congregatos,
2348 3731 2536 3802 januis
2567 3731 2771 3785 clausis
2827 3731 3138 3802 ingreditur
3181 3730 3364 3802 (Joan.
3397 3733 3492 3803 xx)
3525 3749 3541 3786 :

1931 4016 2149 4071 dentius
2181 4016 2509 4076 crucialium,
2535 4023 2806 4081 corruptm
2838 4013 3129 4068 latinitatis
3154 4027 3366 4076 vocem,
3397 4029 3534 4081 quo-

1924 4089 2087 4142 modo
2115 4087 2432 4139 crnriarinm
2456 4086 2667 4139 Domini
2696 4084 3274 4139 dixitCommodianus
3300 4087 3535 4138 instruc—

1926 4161 2072 4212 tioue
2101 4160 2172 4212 5'2.
2199 4175 2210 4210 :

2046 4252 2348 4302 Cruciarium
2372 4250 2566 4299 Domini
2589 4251 2630 4297 si
2655 4261 2750 4298 non
2776 4248 3008 4311 adorasti,
3038 4249 3244 4310 peristi;

1920 4397 2028 4452 quo
2058 4385 2114 4452 in,
2140 4381 2258 4452 loco
2281 4392 2530 4452 crucem,
2555 4377 2640 4430 vel
2673 4377 2972 4430 cruciatum
3003 4375 3227 4440 Christi,
3256 4375 3533 4446 interpre-

1923 4451 2065 4507 tatur
2096 4451 2384 4514 Rigallilts.

2002 4523 2018 4561 ί
2054 4523 2408 4578 Βυειίιιιὶιιιιιδ
2437 4522 2612 4574 locum
2665 4518 2809 4572 hunc
2841 4519 2905 4573 ad
2939 4534 3188 4573 normam
3238 4532 3393 4580 mss.,
3441 4519 3532 4586 qni

1926 4597 1978 4651 in
2013 4596 2174 4649 editis
2201 4593 2386 4663 aliquo
2421 4591 2710 4646 laborabat
2755 4592 2921 4653 vitio;
2966 4595 3044 4645 sic
3091 4594 3237 4663 enim
3285 4588 3486 4663 habent
3519 4607 3532 4642 :

1925 4667 2203 4723 secundum
2233 4661 2470 4718 naturam
2499 4663 2727 4715 divinam
2754 4663 2907 4733 fuerit
2935 4661 3268 4730 passionibus
3297 4662 3348 4712 in
3379 4676 3536 4733 carnc

1923 4739 2236 4810 subjectus?
2267 4737 2425 4804 Atqui
2457 4732 2794 4810 Gaudentius
2819 4737 2930 4810 hoc
2953 4745 3111 4810 pacto
3142 4747 3404 4810 nousnm,
3437 4732 3531 4786 sed

1925 4801 2246 4865 Arianorum
2280 4801 2457 4862 causa:
2498 4807 2828 4875 patrocinari
2884 4806 3163 4859 videretur
3189 4846 3204 4868 ,
3254 4801 3530 4858 Christum

1923 4879 2221 4936 secundum
2252 4891 2496 4933 naturam
2528 4876 2794 4942 divinam,
2827 4877 3073 4931 Passieni
3125 4877 3174 4929 in
3206 4892 3368 4931 carne
3400 4877 3528 4931 Stib-

1917 4953 2118 5021 jectnm
2154 4951 2342 5011 fuisse.
2374 4950 2778 5021 quodaminodo
2811 4947 3186 5016 pronuntians.
3214 4948 3380 5002 Error
3403 4949 3526 5004 inde

1921 5020 2097 5087 Ortus,
2131 5023 2272 5091 quod
2306 5023 2467 5074 verba
2501 5020 2587 5072 illa
2624 5021 2675 5072 in
2707 5037 2883 5085 carne,
2916 5037 3033 5089 qua!
3085 5037 3205 5073 mox
3259 5035 3358 5076 Suo
3407 5021 3525 5073 loco

1922 5097 2298 5162 reposuimus,
2347 5091 2630 5145 :ustincbat
2685 5108 2804 5163 crgo
2864 5102 2918 5144 ut
2970 5091 3122 5144 homo
3188 5093 3525 5145 contumelias

1921 5165 2196 5220 Passionis
2232 5166 2281 5216 in
2311 5181 2487 5228 carne,
2535 5163 2584 5214 in
2620 5164 2761 5216 hunc
2795 5165 2970 5219 locutu
3017 5165 3220 5217 incuria
3271 5164 3523 5216 librario—

1918 5253 2036 5292 rum
2072 5238 2314 5290 traducta
2348 5237 2579 5290 luet-ant.

1991 5309 2473 5382 KrA’vt-tzpovaég
2497 5322 2526 5382 ;_
2563 5323 2666 5359 non
2702 5309 2846 5361 enim
2889 5309 3070 5382 statim
3117 5314 3243 5376 post
3283 5313 3514 5359 mortem

1915 5380 2114 5436 Christi
2143 5422 2158 5445 ,
2186 5378 2289 5432 ’ἐιῖά
2335 5378 2454 5443 post
2479 5378 2598 5445 ejus
2633 5379 3114 5456 resurrectionem,
3153 5386 3516 5456 surrexerunt

1916 5462 2227 5507 sanctorum
2275 5465 2502 5515 corpora
2525 5491 2537 5513 ,
2575 5459 2848 5516 tamquam
2879 5449 3192 5520 appendices
3223 5446 3514 5501 Dominica:

1913 5523 2325 5587 resurrectionis,
2371 5533 2426 5574 ut
2471 5523 2708 5591 loquitur
2739 5519 2966 5576 Tortttll.
3004 5539 3052 5572 ιιι
3090 5519 3182 5591 ΙΔὶΙι.
3214 5519 3282 5571 de
3316 5520 3510 5575 Anima

1914 5612 1964 5650 c.
1998 5597 2086 5651 55.
2140 5594 2284 5649 Sane
2329 5589 2718 5664 Hieronymus,
2771 5591 3031 5664 Epitaph.
3069 5589 3358 5664 Nepotiani
3394 5593 3510 5643 Ιιιυρ

1917 5669 2106 5720 habet:
2144 5664 2210 5717 In
2243 5667 2612 5719 resurrectione
2640 5666 2772 5736 cjns,
2807 5667 2970 5718 multa
2998 5663 3366 5736 dormientium
3383 5678 3510 5736 cor-

1912 5755 2042 5809 pora
2081 5747 2416 5791 surrexerunt
2439 5778 2454 5809 .
2500 5749 2545 5790 et
2587 5730 2695 5790 visa
2731 5730 2850 5790 sunt
2883 5737 2936 5788 in
2966 5735 3154 5809 caelesti
3181 5730 3508 5809 Jerusalem,

1909 5804 1978 5864 ad
2008 5825 2168 5878 quem
2204 5810 2383 5863 locum
2412 5808 2611 5862 vidi-sis
2642 5816 2898 5862 aunotata
2927 5825 2953 5859 tl
2987 5804 3301 5862 Martiauteo
3329 5845 3347 5874 ,
3387 5815 3428 5860 ι.
3454 5807 3509 5872 Δ,

1914 5881 2048 5936 edit.
2085 5880 2314 5948 Bcncd.,
2352 5895 2472 5950 pag.
2507 5879 2634 5933 “267.
