4070 6346
523 340 630 413 ςγδι

1597 351 1657 408 S.
1698 346 2081 410 GAUDENTii
2120 344 2385 411 Bitile
2428 344 2737 415 EPISCOPI

3716 324 3815 413 ass

521 483 577 530 ct
604 474 749 545 quod
779 473 947 531 cmlos
971 472 1296 539 ascendens,
1329 469 1628 537 discipulos
1660 468 1852 524 ﬁdeles
1891 482 1999 524 non
2026 468 2123 545 de-
2152 470 2199 535 Α
2227 480 2395 529 autem
2408 472 2852 547 erucis(PItilipp.
2871 473 2934 543 ιι)
2956 480 3284 542 ;spontauea
3300 473 3499 543 quippe
3516 471 3818 532 humilitate

524 566 683 637 serit,
715 582 839 624 cum
864 568 997 639 ipsis
1023 580 1087 623 se
1118 577 1529 635 permansurum
1571 576 1743 632 usque
1770 561 1836 617 ad
1864 574 2125 619 consumJ

528 663 826 718 malionem
851 661 1037 716 saeculi
1071 657 1378 731 pollicendo
1422 655 1637 729 (Matth.
1674 659 1886 727 xxvttt).
1968 674 1977 685 ··

609 754 761 811 Hanc
780 755 1184 810 distinctionem
1206 752 1251 807 si
1280 759 1642 823 sequerentur
1655 749 1898 806 bzrretici
1914 750 2124 818 Ariani,

534 856 828 917 numnuam
878 845 1195 919 mysterium
1242 844 1366 897 vita:
1409 850 1609 897 nostra:
1653 840 1708 896 in
1737 842 2127 897 contumeliam

532 940 660 998 Filii
705 940 799 995 Dei
845 944 1260 1001 converterent,
1308 937 1575 991 minorem
1616 936 1769 989 illunt
1813 935 1928 990 Deo
1968 934 2131 991 Patre

530 1033 866 1103 blasphemis
906 1033 1131 1089 vocibus
1157 1039 1500 1093 asserentes,
1533 1043 1693 1098 quem
1720 1040 1819 1083 vas
1849 1027 2132 1084 electionis

531 1127 793 1196 aequalem
826 1124 972 1180 Patri
1000 1132 1124 1180 esse
1152 1130 1421 1188 testatur;
1452 1121 1711 1189 aperiens
1737 1132 1955 1175 omnem
1984 1120 2129 1174 illam

529 1222 820 1281 rationem,
853 1230 950 1287 pro
983 1224 1089 1285 qua
1125 1216 1220 1272 Dei
1257 1215 1431 1270 Filius
1459 1215 1629 1285 quiet
1664 1214 1826 1268 homo
1849 1252 1865 1279 ,
1898 1214 2128 1270 dixerit:

530 1312 653 1382 quia
687 1310 843 1365 Pater
869 1313 1042 1383 rnajor
1066 1326 1145 1363 me
1175 1316 1271 1365 est.
1306 1306 1444 1378 Hoc,
1482 1308 1671 1378 inquit,
1710 1310 1892 1361 sentite
1917 1306 1971 1360 in
1994 1305 2133 1361 vobis

530 1405 672 1478 quod
712 1406 766 1458 in
809 1403 1015 1459 Christo
1054 1400 1224 1457 Iesu:
1272 1403 1361 1469 qui
1388 1402 1441 1455 in
1474 1404 1645 1471 forma
1675 1398 1774 1454 Dei
1802 1400 2128 1468 constitutus,

531 1498 768 1568 rapinam
816 1510 919 1552 non
971 1498 1259 1551 arbitratus
1310 1504 1387 1550 est
1436 1494 1576 1566 quod
1623 1503 1751 1549 esset
1781 1493 1996 1565 teqaulis
2024 1491 2134 1548 Deo

532 1589 795 1663 (Philipp.
818 1590 906 1663 ιι).
944 1589 1227 1657 AEqualem
1257 1598 1490 1643 testatur
1512 1588 1836 1658 Apostolus:
1866 1589 2131 1643 minorem

533 1690 767 1738 conatur
804 1694 1053 1738 asserere
1099 1682 1283 1738 Arius.
1343 1679 1586 1735 Arbitrio
1634 1680 1995 1734 committitur
2030 1695 2131 1734 att-

533 1772 825 1840 dientinm,
847 1772 1064 1828 cuinam
1086 1773 1419 1827 credendum
1437 1781 1699 1826 censeant
1726 1788 1738 1825 :
1765 1782 1944 1825 utrum
1969 1771 2135 1827 Paulo

2228 580 2350 622 cum
2402 571 2571 636 patris
2620 566 2935 635 voluntate,
2987 564 3176 623 volens
3204 583 3423 623 crucem
3460 567 3716 636 pertulit,
3766 574 3821 622 ut

2230 672 2378 715 mors
2406 664 2523 728 ejus
2554 661 2706 717 ﬂeret
2737 662 2842 715 vita
2876 660 3238 717 credentiutn.
3277 658 3512 729 Propter
3541 659 3711 731 quod,
3745 661 3821 716 in-

2229 754 2367 825 quit,
2398 753 2643 809 exultavit
2671 752 2823 808 illum
2855 753 3008 808 Deus.
3044 753 3215 821 Quem
3245 751 3439 807 illum?
3466 764 3592 807 eum
3618 751 3826 808 scilicet

2228 848 2317 915 qui
2351 847 2673 917 supplicium
2704 847 2886 901 crucis
2911 860 2973 900 ac
3000 848 3194 900 mortis
3219 847 3467 915 excepit;
3503 860 3612 899 non
3639 846 3820 915 singu-

2236 942 2423 997 lariter
2451 943 2648 1008 Deum,
2679 944 2771 1013 qui
2800 954 3019 1009 semper
3046 942 3292 997 excelsus
3314 948 3399 995 est
3425 954 3527 1009 per
3555 947 3822 995 naturam.

2237 1032 2303 1087 Et
2319 1034 2524 1088 donavit
2544 1034 2624 1087 illi
2636 1048 2817 1088 nomen
2830 1031 2967 1102 quod
2982 1043 3053 1086 cst
3068 1046 3223 1103 super
3237 1044 3385 1086 ontne
3404 1042 3592 1085 nomen
3612 1028 3822 1102 (ibid.).

2234 1124 2439 1179 Nomen
2465 1139 2628 1193 super
2651 1140 2811 1179 omne
2835 1136 3031 1179 nomen
3057 1125 3199 1179 Deus
3223 1131 3339 1190 est;
3369 1132 3423 1177 et
3459 1134 3481 1163 ο
3508 1136 3621 1178 non
3648 1125 3829 1189 minue

2235 1217 2349 1272 Deo
2374 1214 2630 1282 donatur,
2664 1229 2715 1272 ut
2743 1217 2887 1271 Deus
2918 1216 3007 1271 sit.
3041 1216 3172 1271 Nam
3198 1216 3251 1270 in
3278 1215 3542 1287 principio
3563 1213 3705 1277 apud
3731 1214 3827 1270 Pa-

2236 1316 2370 1364 trem
2399 1306 2568 1366 Fiiius
2604 1311 2739 1365 Deus
2761 1319 2869 1365 erat
2904 1309 3160 1365 Verbum:
3193 1309 3288 1365 sed
3322 1309 3491 1363 homo
3518 1324 3549 1363 a
3580 1308 3721 1364 Filio
3749 1320 3831 1364 ass

2236 1412 2483 1474 sutnptus
2527 1414 2879 1474 promovetur
2912 1404 2964 1459 itt
3011 1404 3213 1470 Deum,
3254 1400 3281 1440 ά
3308 1412 3365 1455 ιιι
3403 1401 3578 1456 Filius
3611 1400 3708 1456 Dei
3745 1401 3828 1472 qui

2238 1511 2455 1567 semper
2505 1496 2712 1562 fuerat,
2763 1497 2905 1552 Deus
2945 1506 3091 1552 esset
3132 1495 3341 1565 pariter
3371 1503 3430 1548 et
3466 1508 3683 1579 eamea
3711 1492 3807 1547 sub

2236 1591 2434 1643 stantia
2456 1604 2615 1660 quam
2639 1590 2873 1655 sumpsit
2895 1602 2961 1644 ex
2983 1588 3227 1658 Virgine,
3262 1595 3413 1643 totus
3443 1586 3646 1642 iterum
3673 1587 3829 1642 Deus.

2242 1679 2311 1737 Ut
2333 1683 2386 1735 in
2415 1683 2618 1737 nomine
2635 1679 2785 1748 Iesu,
2815 1682 2905 1738 Dei
2927 1683 3131 1754 quippe
3156 1690 3211 1736 et
3236 1681 3504 1741 hominis,
3539 1696 3691 1735 omne
3710 1692 3837 1753 genu

2238 1774 2475 1843 ﬂectatur
2500 1774 2805 1839 celestium,
2841 1774 3155 1829 terrestrium
3185 1780 3234 1827 et
3264 1774 3639 1845 infernorum;
3667 1781 3713 1826 et
3735 1786 3837 1826 ont-

538 1868 791 1935 apostolo
812 1908 825 1930 ,
867 1868 958 1935 qui
1000 1864 1209 1922 eiectus
1252 1881 1281 1918 ει
1313 1863 1534 1920 Christo
1566 1863 1820 1934 magister
1852 1863 2131 1935 Gentium,
2168 1872 2215 1933 Β
2243 1866 2322 1919 nis
2359 1867 2541 1937 lingua
2577 1867 2885 1937 conﬁteatur
2932 1867 3176 1938 quoniam
3207 1864 3469 1921 Dominus
3502 1863 3667 1919 Iesus
3694 1865 3839 1920 estin

536 1961 678 2015 velut
722 1961 931 2029 sapiens
983 1958 1294 2015 architectus
1339 1959 1731 2028 fundamentum
1762 1958 1910 2013 Fidei
1960 1959 2135 2027 posuit

535 2052 580 2126 (i
606 2053 729 2108 Cor.
754 2056 871 2123 tu);
921 2054 1122 2124 quique
1174 2066 1336 2123 usque
1383 2052 1453 2104 ad
1501 2061 1707 2105 tertium
1740 2050 1925 2106 caelum
1952 2062 2135 2123 ruptus

536 2147 739 2202 audit'it
782 2158 979 2202 arcana
1022 2146 1251 2201 calestia
1282 2144 1347 2218 (li
1376 2143 1497 2200 Cor.
1533 2147 1664 2217 an):
1716 2161 1782 2200 an
1809 2142 2135 2201 exsecrabili

536 2242 669 2298 Ario
695 2286 711 2312 ,
748 2247 777 2280 ⁸
806 2242 898 2313 qui
933 2242 1197 2312 principis
1233 2239 1578 2297 Constantini
1612 2241 1972 2311 temporibus,
2009 2252 2135 2294 cum

535 2340 804 2403 venenato
832 2334 999 2389 corde
1030 2333 1432 2388 confessionem
1456 2332 1743 2387 catholica:
1766 2331 1890 2386 lidei
1915 2331 2138 2386 simulaa

535 2412 654 2493 rd;
682 2428 928 2484 ambiens
956 2428 1008 2483 iu
1038 2416 1338 2483 amicitiam
1369 2424 1539 2497 regis,
1574 2438 1626 2482 et
1654 2425 1706 2481 iu
1729 2425 1956 2497 gradum
1988 2438 2139 2491 pres-

533 2520 730 2593 byterii
753 2562 768 2589 ,
819 2522 966 2577 unde
992 2521 1190 2576 merito
1222 2520 1410 2589 pulsus
1443 2517 1621 2573 fuerat
1650 2516 1935 2583 revocari;
1965 2516 2035 2571 ad
2062 2516 2139 2572 si-

532 2612 895 2670 militudinem
920 2614 1072 2670 ludat
1113 2612 1427 2677 traditoris,
1460 2612 1657 2682 crepuit
1682 2611 1883 2666 medius
1910 2653 1927 2675 ,
1975 2618 2024 2665 et
2063 2613 2142 2681 ef-

536 2711 656 2779 fusa
696 2715 816 2761 sunt
861 2708 1035 2761 omnia
1064 2707 1259 2761 viscera
1288 2707 1404 2776 ejus
1437 2702 1572 2776 (Art.
1603 2705 1647 2773 I)
1675 2745 1689 2770 ,
1742 2718 1811 2759 ue
1854 2702 1957 2757 sub
1985 2701 2142 2756 induo

543 2809 725 2860 mento
752 2801 873 2857 ovis
898 2843 913 2867 ,
961 2800 1121 2871 lupus
1166 2798 1233 2853 ad
1271 2797 1643 2853 devorandum
1672 2810 1891 2867 gregem
1923 2794 2139 2850 Domini

549 2894 820 2949 introiret.
846 2891 1019 2963 Hujus
1035 2891 1267 2961 improbi
1291 2890 1649 2946 assertionem
1668 2899 1964 2960 sequentes
1983 2887 2142 2945 Aris-

553 2985 631 3049 ni,
662 2988 967 3054 exemplum
998 2983 1207 3053 pariter
1235 2992 1533 3053 sequentur
1562 2992 1614 3038 et
1651 2983 1865 3037 mortis.
1898 2980 2009 3037 Nos
2038 2995 2142 3037 att-

544 3086 653 3133 tem
703 3075 731 3115 ι’
762 3078 855 3148 qui
891 3076 1246 3147 apostolicam
1282 3076 1442 3132 tidem
1469 3120 1484 3145 ,
1526 3082 1583 3132 et
1613 3076 1919 3132 doctrinam
1951 3076 2135 3145 sequia

544 3182 687 3236 mur,
710 3167 776 3223 ad
798 3169 1237 3239 explanationem
1257 3170 1627 3240 supradictam
1648 3166 1810 3241 302
1832 3168 2136 3223 beatissimi

2236 1959 2408 2033 gloria
2429 1957 2527 2015 Dei
2554 1959 2726 2014 Patris
2748 1958 2964 2031 (llud).
2982 1958 3035 2016 id
3051 1969 3155 2023 est,
3177 1966 3234 2013 ut
3263 1972 3388 2029 post
3413 1958 3702 2013 Passionis
3725 1970 3835 2029 my:

2237 2053 2465 2107 sterimu
2487 2093 2500 2115 ,
2544 2063 2597 2107 et
2630 2052 2988 2108 Ascensionis
3017 2051 3390 2119 triumphum,-
3423 2050 3537 2120 jam
3573 2058 3722 2105 totus
3749 2050 3838 2106 Dei

2242 2143 2412 2199 Filius
2433 2159 2557 2198 cum
2588 2159 2653 2198 eo
2678 2143 2821 2214 quod
2849 2159 2947 2213 pro
2971 2143 3128 2197 nobis
3150 2142 3411 2211 dignatus
3433 2150 3522 2198 est
3542 2148 3836 2207 assumere,

2238 2236 2292 2291 in
2334 2236 2500 2307 gloria
2545 2237 2640 2291 Dei
2691 2236 2864 2291 Patris
2910 2236 2990 2308 (in
3031 2236 3317 2292 divinitate
3362 2237 3581 2292 scilicet
3624 2244 3826 2291 natura:

2244 2344 2358 2384 sua:
2403 2329 2654 2401 manens)
2699 2330 2767 2385 ab
2801 2329 3074 2384 universis
3105 2328 3439 2393 caelestium,
3476 2330 3837 2395 terrestrium,

2240 2432 2296 2478 et
2359 2421 2693 2477 inieruorum
2765 2421 3057 2476 virtutibus
3118 2420 3403 2475 adoretur.
3491 2420 3653 2475 Prius
3717 2434 3842 2490 ergo

2241 2533 2402 2587 quam
2471 2527 2795 2587 pateretur;
2884 2517 3198 2584 priusquam
3258 2513 3599 2581 triumphata
3675 2524 3843 2575 morte

2241 2612 2411 2667 cmlos
2459 2610 2635 2666 victor
2687 2608 3031 2674 ascenderet,
3075 2607 3392 2678 priusquam
3424 2605 3732 2661 divinitatis
3759 2619 3845 2676 pa—

2243 2711 2412 2758 terna:
2463 2701 2516 2756 in
2570 2702 2745 2756 sinunt
2786 2716 2909 2755 cum
2962 2708 3106 2765 tota,
3155 2714 3259 2770 qua
3309 2715 3375 2755 es
3424 2699 3655 2770 Virgine
3694 2712 3844 2755 natus

2244 2794 2420 2850 fuerat
2451 2840 2463 2861 ,
2511 2793 2814 2849 substantia
2848 2802 3154 2858 remearet;
3214 2794 3533 2861 priusquam
3586 2792 3659 2847 ab
3704 2792 3844 2849 omni

2242 2897 2493 2943 creatura
2524 2887 2834 2943 rationabili
2862 2888 3169 2943 cmlestium
3191 2929 3206 2953 ,
3240 2888 3594 2943 terrestrium
3621 2928 3637 2954 ,
3677 2896 3732 2942 et
3770 2887 3845 2941 in-

2242 2982 2517 3039 ternorum
2557 2991 2964 3051 agnosceretur,
3008 2991 3170 3051 atque
3217 2982 3550 3036 adut-aretur
3598 2982 3845 3037 Dominus

2242 3075 2401 3133 Jesus
2446 3076 2497 3130 in
2533 3075 2705 3144 gloria
2750 3073 2848 3130 Dei
2886 3073 3095 3141 Patris,
3144 3073 3341 3128 merito
3388 3072 3680 3143 discipulis
3707 3072 3847 3127 dice-

2244 3167 2371 3222 bat:
2421 3167 2481 3223 Si
2530 3167 2816 3240 dillgeretis
2854 3183 2955 3230 nte,
3007 3165 3298 3238 gaudtretis
3330 3167 3532 3238 utique,
3580 3167 3721 3237 quod
3760 3182 3845 3220 tte-

545 3261 722 3330 Pattii,
754 3274 915 3318 aures
937 3273 1244 3317 nostrarum
1268 3264 1531 3318 mentium
1557 3260 1700 3318 lideli
1723 3262 2139 3318 commodetnus
2167 3263 2212 3327 (ζ.
2247 3262 2313 3315 do
2345 3260 2506 3333 363
2538 3260 2604 3313 ad
2636 3259 2845 3313 Patrem
2868 3276 2886 3313 :
2911 3260 3035 3331 quia
3073 3258 3232 3313 Pater
3258 3261 3429 3330 major
3451 3275 3536 3313 me
3561 3269 3638 3313 est
3665 3256 3840 3326 (Joan.

550 3355 768 3412 allecto.
815 3354 1075 3425 Sequitur
1101 3359 1278 3410 enim:
1317 3357 1410 3411 sed
1451 3371 1573 3423 sese
1612 3357 1895 3410 exinanivit
1921 3356 2142 3427 (Volum-

549 3450 683 3503 taria
707 3448 917 3503 scilicet
942 3451 1209 3517 bonitate)
1239 3448 1574 3503 bumiliando
1591 3449 1935 3518 semetipsum.
1964 3447 2141 3504 Etad-

538 3541 769 3611 jicitttr:
811 3542 1031 3611 formam
1072 3542 1204 3595 servi
1233 3542 1550 3611 suscipiens,
1600 3556 1707 3594 non
1736 3540 1921 3611 utique
1948 3552 2141 3595 servus

546 3634 809 3690 eﬂ‘ectus:
842 3636 894 3688 in
923 3636 1280 3701 similitudine,
1312 3637 1505 3703 inquit,
1538 3634 1760 3689 hominis
1786 3636 1956 3703 [ortus
1979 3633 2140 3705 (Phi-

546 3727 679 3797 lipp.
698 3727 779 3799 ιι).
803 3727 956 3795 Quod
972 3729 1118 3781 enim
1138 3728 1331 3797 factum
1344 3736 1442 3795 est,
1464 3728 1515 3780 in
1536 3727 1626 3781 illo
1647 3729 1749 3781 vita
1769 3738 1843 3781 est
1859 3726 2042 3800 (Joun.
2065 3726 2139 3799 t):

551 3833 748 3889 nempe
794 3818 926 3873 illud
973 3819 1115 3890 quod
1160 3821 1212 3872 iu
1259 3835 1325 3873 eo
1353 3819 1651 3875 secundum
1683 3835 1904 3875 carnem
1936 3818 2138 3876 iactum

553 3922 659 3981 est,
694 3913 798 3966 vita
834 3926 1017 3967 nostra
1045 3922 1147 3979 est,
1180 3912 1299 3983 ipso
1322 3921 1587 3968 testante:
1622 3912 1736 3987 Ego
1762 3915 1875 3967 veni
1904 3924 1960 3967 ut
1990 3914 2146 3968 vitam

552 4003 796 4070 habeant,
824 4014 872 4059 et
892 4004 1237 4059 abundantius
1262 4005 1482 4061 habeant
1504 4004 1684 4079 (Joan.
1710 4004 1788 4078 ι).
1825 4006 2033 4060 Deinde
2053 4006 2149 4062 ad-

539 4096 707 4167 jecit:
733 4106 783 4150 et
808 4097 973 4167 specie
993 4097 1225 4153 inventus
1248 4097 1468 4152 utitomo
1488 4096 1747 4170 (Phtlipp.
1770 4103 1866 4166 tt);
1899 4113 2020 4152 nam
2045 4097 2144 4153 Dei

486 4208 496 4217 '
544 4191 782 4260 speciem
810 4232 825 4257 ,
870 4204 1066 4262 quanta
1118 4192 1183 4246 sit
1212 4234 1225 4256 ,
1282 4194 1331 4245 id
1378 4202 1462 4248 est
1492 4192 1665 4262 ipsum
1700 4192 1919 4262 proprie
1952 4186 2137 4258 Deum,

542 4278 690 4339 nemo
712 4286 838 4339 vidit
860 4303 1098 4359 umquam
1119 4285 1165 4357 (l
1185 4285 1346 4341 Joan.
1363 4288 1459 4353 tv).
1489 4283 1690 4341 Deinde
1704 4284 1987 4341 humiliavit
2009 4288 2147 4357 seip-

544 4395 682 4446 sum,
717 4382 906 4454 factus,
938 4380 1132 4451 inquit,
1165 4381 1405 4437 obediens
1421 4380 1658 4452 usquead
1673 4390 1901 4447 mortem,
1928 4390 2147 4437 mortem

612 4547 637 4578 ι
666 4539 812 4631 ΑιειιιΔ
846 4546 971 4622 sunt
993 4539 1130 4631 ΔΙιτιξιι
1174 4549 1296 4631 post
1317 4538 1610 4631 .c'oncilitllm
1644 4536 1964 4631 ifiicmnum1
2000 4546 2125 4631 cum
2156 4570 2210 4631 Β

539 4609 942 4683 nempeArius
990 4620 1019 4683 a
1072 4609 1279 4683 syuotlo
1317 4611 1806 4683 Hierosolymitana
1842 4618 2117 4683 receptus,

539 4676 684 4749 apud
720 4676 1135 4736 Cttlisiaiilililltil
1173 4676 1883 4750 pmttiteutiatu'simularet.
1921 4676 2123 4750 Confer

541 4753 757 4808 Socrat.
790 4752 827 4805 l.
861 4768 899 4817 t,
932 4766 981 4806 c.
1011 4752 1105 4815 ‘26,
1138 4749 1268 4807 edit.
1302 4754 1511 4816 Vales;
1544 4752 1761 4804 Sutoztt.
1791 4751 1827 4802 i.
1860 4765 1916 4811 tt,
1942 4762 1992 4805 c.
2018 4749 2119 4814 27;

543 4824 806 4880 Albanas.
832 4822 886 4876 in
904 4823 1129 4891 Apolttg.
1153 4838 1218 4884 II;
1255 4822 1450 4892 Epipit.
1478 4821 1613 4875 ln‘t’.
1637 4820 1728 4877 69.
1761 4820 1996 4887 Illustrat
2018 4832 2123 4874 noti

544 4906 734 4965 parum
758 4894 914 4965 lorus
942 4895 1044 4946 iSIe
1071 4892 1477 4965 Gamietttiaum
1504 4894 1719 4945 Arianae
1742 4892 2019 4965 ba:re=eos_
2044 4892 2125 4946 lti-

543 4963 807 5029 SIoriam;
853 4963 1085 5033 ideoque
1116 4966 1275 5019 etiam
1317 4981 1345 5017 a
1381 4964 1614 5019 Barouio
1655 4965 1928 5031 profertur
1957 4963 2023 5017 ad
2055 4966 2122 5018 Α.

541 5037 602 5090 C.
637 5035 765 5104 356,
808 5050 860 5089 ιι.
894 5032 985 5095 56.
1010 5032 1170 5090 inter
1197 5036 1368 5105 elogia
1404 5037 1646 5100 Patrum,
1671 5032 1880 5106 quibus
1912 5043 2125 5103 turpan

538 5106 656 5162 Arii
682 5106 886 5161 obituut
910 5105 1178 5176 suggillat.
1200 5106 1422 5162 Videtur
1445 5117 1623 5161 autem
1650 5105 1695 5163 G
1715 5107 1986 5161 ualentius
2000 5108 2125 5161 Am-

539 5179 783 5236 brosium
816 5179 1080 5241 imitatus,
1122 5182 1210 5248 qui
1245 5181 1339 5233 lib.
1370 5194 1388 5234 ι
1429 5180 1497 5234 de
1527 5178 1658 5248 Fide
1687 5179 1750 5232 ad
1776 5178 2126 5248 Gratianum,

539 5266 588 5306 c.
621 5249 686 5315 9,
729 5250 808 5304 sic
847 5250 960 5305 ait:
995 5249 1091 5303 Cui
1131 5246 1253 5317 eruo
1283 5252 1584 5305 credimus?
1623 5246 1815 5304 Jonnni
1849 5251 1903 5303 in
1936 5247 2131 5304 Christi

541 5332 744 5390 pectore
775 5321 1109 5379 recumbenti.
1143 5340 1209 5376 ou
1237 5320 1360 5376 Aria
1391 5326 1522 5376 inter
1546 5321 1709 5389 effusi
1737 5335 1790 5375 se
1814 5322 2130 5376 sueriseera

537 5393 830 5447 volutanti?
873 5403 930 5447 ut
975 5406 1369 5465 agnosceremus
1411 5392 1637 5465 similent
1668 5392 1827 5465 ludit
1851 5392 2132 5457 proditoris

541 5465 654 5518 Arii
679 5480 880 5536 quoque
912 5464 1071 5534 fuisse
1096 5464 1386 5534 perﬁdiam,
1414 5480 1567 5536 quem
1596 5464 1780 5517 similis
1808 5476 1957 5535 paena
1984 5465 2133 5536 dam-

539 5534 719 5607 navit,
760 5535 927 5603 e/fusa
965 5545 1085 5591 sunt
1124 5538 1258 5590 enim
1294 5545 1353 5607 (et
1389 5534 1500 5605 Arii
1537 5536 1750 5604 viscera,
1782 5534 1937 5607 pudet
1965 5535 2135 5589 dicere

538 5605 648 5673 ubi,
676 5624 827 5676 atque
860 5614 932 5661 ita
960 5610 1157 5667 crepuit
1187 5606 1404 5661 medius.

616 5677 643 5716 ι’
672 5678 859 5735 Lectio
908 5677 1189 5735 Uritiuatis
1210 5722 1222 5737 ,
1265 5692 1387 5747 quin
1415 5676 1629 5733 cteteris
1660 5676 1854 5733 melior
1880 5678 1997 5747 visa
2025 5690 2130 5732 eSt.

540 5749 716 5816 Flor.,
756 5752 844 5817 qui
878 5750 1227 5820 Apostolicam
1256 5746 1545 5804 doetrinan
1575 5759 1834 5820 sequimur
1861 5767 1878 5803 :
1908 5756 1964 5803 at
1984 5746 2130 5820 vatt.

537 5820 682 5891 duo,
728 5823 815 5891 qui
841 5818 1196 5887 Apostolicam
1226 5822 1400 5890 fidem.
1435 5818 1671 5890 Utraque
1704 5825 1817 5875 inec
1845 5820 2006 5891 leCtio
2034 5818 2137 5875 Ur-

533 5890 711 5967 binati
742 5888 1047 5961 consentit;
1101 5888 1258 5970 aliter
1285 5907 1427 5967 _vero
1459 5888 1629 5964 editi,
1675 5893 1764 5965 qui
1794 5888 2135 5966 apostolicam

2244 3371 2357 3417 XIV,
2386 3355 2499 3422 28).
2535 3355 2657 3409 Erat
2688 3356 2835 3410 enim
2868 3356 3048 3409 minor
3075 3353 3256 3409 adhuc
3289 3353 3342 3407 in
3373 3367 3551 3409 carne
3581 3362 3741 3407 natus
3766 3351 3847 3407 Fi-

2244 3449 2351 3504 lius
2394 3448 2512 3514 Dei,
2560 3447 2735 3502 donec
2779 3448 2831 3501 in
2860 3448 3146 3517 antiquam
3177 3447 3414 3518 gloriam
3455 3460 3620 3501 suam
3676 3455 3700 3483 ε
3739 3458 3848 3500 sus-

2243 3544 2386 3611 cepti
2419 3541 2656 3596 itomiuis
2700 3553 2949 3595 naturam
2984 3542 3301 3595 collocaret.
3353 3540 3421 3595 Et
3464 3540 3597 3596 ideo
3626 3540 3759 3595 alibi
3787 3552 3847 3593 ex

2245 3653 2477 3709 persona
2524 3637 2645 3707 eius
2691 3637 2821 3692 dicit
2856 3637 2923 3691 ad
2972 3637 3232 3691 Patrem:
3272 3635 3456 3698 Pater,
3502 3636 3744 3707 glori/ica
3779 3648 3850 3686 ins

2250 3747 2308 3785 ea
2347 3728 2515 3802 gloria
2539 3745 2693 3800 quam
2733 3727 2888 3781 habui
2918 3727 3057 3799 apud
3081 3735 3129 3780 te
3164 3727 3478 3797 priusquam
3516 3725 3605 3779 hic
3635 3724 3847 3778 mundus

2250 3832 2378 3877 esset
2427 3820 2611 3895 (Joan.
2663 3818 2818 3889 xv").
2881 3819 3081 3889 Utique
3135 3827 3193 3873 ut
3239 3819 3475 3888 gloriam
3527 3817 3847 3881 divinitatis,

2252 3931 2413 3987 quam
2451 3915 2593 3968 Deus
2639 3912 2778 3982 apud
2814 3913 2981 3966 Deum
3017 3912 3233 3966 Patrem
3270 3911 3453 3987 (Filius
3480 3920 3640 3971 ,aute
3675 3907 3848 3964 mundi

2253 3985 2703 4063 constitutionem
2732 4018 2949 4072 seraper
2991 3985 3282 4067 habuerat;
3325 4017 3457 4058 cum
3505 4012 3623 4057 tuta
3661 4001 3676 4041 ι
3722 4000 3848 4057 nati-

2262 4099 2441 4153 vitatis
2467 4110 2727 4167 corporca
2758 4096 3062 4152 substantia
3092 4095 3424 4167 possideret.
3469 4095 3713 4165 Propter
3757 4093 3849 4149 hoc

2254 4195 2326 4249 ita
2350 4202 2403 4248 et
2428 4203 2548 4263 post
2575 4191 3035 4247 resurrectionem
3060 4200 3211 4243 suam
3253 4188 3503 4260 loquitur
3532 4187 3847 4259 quibusdam

2250 4287 2319 4344 de
2348 4287 2450 4343 hac
2479 4286 2891 4354 dispensatione
2924 4282 3330 4341 haesitantibus.
3382 4283 3427 4339 0
3453 4283 3729 4345 insensati,
3772 4282 3849 4337 inv

2249 4379 2385 4448 quit,
2418 4389 2462 4432 et
2485 4378 2625 4432 tardi
2651 4376 2806 4429 corde
2828 4376 2895 4429 ad
2920 4375 3261 4440 credendum,
3291 4376 3351 4429 in
3378 4373 3625 4430 omnibus
3648 4374 3849 4446 qualo-

2232 4534 2565 4607 discipllﬁnam
2597 4535 2979 4607 consequimur.
3026 4530 3582 4607 Cod._Pantagatiti_:
3621 4530 3736 4586 Nos
3770 4547 3849 4607 att-

2236 4617 2336 4660 tem
2362 4602 2449 4675 qui
2483 4602 2835 4667 .ipostolicam
2865 4613 3129 4674 sequentes
3153 4602 3470 4658 doctrinam.
3500 4602 3766 4659 Fortasse
3790 4604 3842 4660 τὸ

2227 4676 2314 4749 qui
2345 4675 2659 4749 superﬂuit.

2306 4759 2327 4785 ο
2366 4745 2451 4801 Si:
2483 4748 2628 4802 Flor.
2662 4755 2717 4799 et
2765 4746 2898 4802 Urb.
2930 4746 3128 4815 quibus
3157 4747 3437 4801 eonSentit
3470 4745 3619 4802 iiber
3652 4746 3846 4801 Pantas

2227 4818 2399 4890 gatbi.
2436 4819 2579 4890 Vult.
2623 4818 2733 4872 duo
2758 4858 2772 4882 ,
2826 4820 3002 4872 minus
3044 4825 3218 4890 recte,
3267 4834 3377 4872 non
3412 4819 3599 4890 utique
3625 4818 3738 4872 Deo
3767 4817 3850 4871 do-

2231 4888 2385 5014 ἰῧιιιιν
2432 4899 2484 4943 ut
2539 4889 2794 4944 Dominus
2838 4890 2927 4942 sit.
2979 4888 3147 4952 Editi,
3195 4906 3300 4944 non
3334 4888 3516 4963 utique
3546 4889 3777 4944 donatur
3801 4894 3850 4942 ut

2289 4976 2375 5014 eus
2406 4966 2491 5014 sit.

2289 4976 2375 5015 eus
2406 4966 2491 5015 sit.

2305 5030 2331 5068 ⁸
2363 5033 2451 5087 Sic
2474 5033 2643 5086 Paria
2670 5030 2835 5085 editio
2865 5040 2917 5086 et
2940 5047 3068 5085 mss.
3107 5040 3371 5103 quatuor,
3412 5047 3523 5103 una
3566 5047 3698 5088 cum
3724 5032 3852 5087 libro

2234 5103 2574 5168 Pantagttlti.
2612 5105 2651 5156 D
2677 5120 2739 5156 re
2764 5105 3069 5175 elitiuues,
3106 5102 3153 5156 et
3190 5102 3365 5175 Filius
3396 5102 3497 5157 Dei
3540 5106 3630 5175 qui
3658 5118 3849 5171 semper

2235 5177 2447 5247 fuerat_:
2472 5182 2548 5247 (ut
2572 5178 2735 5247 etiam
2766 5191 2967 5247 supra,
3001 5172 3174 5230 Filius
3207 5174 3457 5247 Deiiernt
3494 5172 3765 5240 verbum;
3801 5181 3851 5228 at

2234 5242 2357 5309 nos,
2392 5242 2739 5320 Filins_Dt_-ns
2784 5256 2890 5301 erat
2931 5246 3177 5309 Verbum,
3213 5262 3283 5303 ex
3322 5246 3500 5301 Paris.
3536 5257 3595 5303 et
3627 5248 3853 5320 quatuor

2237 5329 2370 5372 mss.
2403 5330 2464 5369 ac.
2496 5317 2616 5372 oud.
2656 5318 3002 5387 Pantagatlti.

2314 5397 2336 5424 ο
2370 5388 2651 5463 lidniuues
2694 5390 2945 5463 legebant
2993 5389 3156 5443 donec
3195 5391 3248 5443 in
3304 5392 3586 5461 antiquam
3636 5390 3851 5463 gloriam

2237 5475 2386 5516 suasn
2430 5461 2653 5531 suscepit
2701 5459 2929 5513 hominis
2977 5468 3260 5526 natumut;
3308 5459 3483 5531 quare
3521 5459 3851 5530 bicumque

2236 5531 2578 5587 reddidimus
2630 5534 2914 5585 lectionem
2971 5548 3101 5586 nhs.
3168 5532 3269 5586 sibi
3324 5535 3568 5588 invicem
3626 5546 3857 5588 causen-

2239 5604 2515 5676 tientium,
2551 5603 2652 5656 nisi
2684 5605 2825 5676 quod
2856 5602 2985 5676 Urb.
3019 5604 3185 5676 liabet
3214 5604 3455 5676 suscepti
3478 5604 3719 5658 hominis
3749 5620 3851 5658 nta-

2239 5675 2456 5746 teriatn;
2491 5684 2649 5743 prout
2678 5674 2841 5729 etiam
2874 5675 2997 5729 cod.
3033 5674 3384 5746 Pantagatlti.

2322 5742 2431 5821 {in
2477 5742 2616 5821 libro
2660 5746 2979 5821 Pantagatbi
3030 5742 3231 5821 legitur
3283 5750 3580 5821 aliquanto
3634 5746 3847 5817 melius,

2240 5816 2529 5873 nativitatis
2556 5831 2816 5891 corporete
2843 5818 3156 5874 substantia.
