4070 6346
261 341 364 399 939

1127 350 1358 407 SERMO
1401 349 1543 422 XIX,
1588 349 1676 410 DE
1722 345 2033 412 lthLRSlS
2074 353 2442 416 UAPITULIS
2473 355 2725 418 NONUS.

3475 357 3585 424 990

261 461 364 516 tuti
410 471 530 517 sunt
577 455 888 536 Prop/trite!
936 465 1126 520 Nonne
1170 461 1278 522 Itan:
1323 470 1550 539 oportuit
1603 469 1864 526 Christum
1894 483 1944 545 Α
1973 475 2112 540 ejus,
2159 491 2221 530 ac
2273 476 2574 547 sanguinis,
2627 494 2724 548 pro
2754 475 3077 536 salubritate
3111 482 3235 538 vitae
3267 483 3576 540 communis

260 554 391 628 pati,
420 565 469 609 et
495 555 569 611 ita
593 557 811 612 introire
854 559 906 613 in
941 560 1160 631 gloriam
1187 577 1334 616 suum
1361 559 1516 634 (Luc.
1546 565 1719 637 XXIV)?
1742 563 1858 620 Non

259 647 543 705 immerito
579 651 846 707 minorem
877 667 935 709 se
965 667 1087 709 esse
1123 663 1356 710 testatus
1395 665 1497 722 est,
1543 653 1638 712 sed
1691 658 1742 712 in
1795 672 1862 714 co

259 741 384 798 loco
433 744 529 800 ubi
578 746 840 800 rationem
875 746 1183 815 Passionis,
1220 759 1272 804 et
1316 754 1758 814 resurrectionis.
1808 759 1865 808 et

259 837 602 892 ascensienis
629 849 741 894 ante
768 843 1006 912 propriis
1033 843 1346 899 insinuabat
1391 846 1688 915 Apostolis.
1725 856 1750 884 ει
1783 841 1861 903 Ne

259 941 338 1000 tu,
368 931 595 998 Arione,
643 937 943 990 sententias
976 937 1092 1006 ejus
1123 953 1260 1006 quas
1290 939 1357 994 de
1389 941 1631 1010 periei-ta
1662 940 1863 995 divini-

256 1025 384 1080 tatis
409 1025 719 1081 substantia
744 1035 872 1082 ante
893 1027 1213 1084 Passionctn
1236 1035 1447 1086 loeutus
1473 1045 1581 1098 εει,
1606 1034 1857 1087 evaeuari

253 1128 417 1188 posse
435 1118 723 1174 existimes
753 1118 1156 1176 incredulitatis
1177 1125 1490 1178 vernaculm
1513 1136 1856 1194 argumento,

254 1223 364 1280 quo
394 1211 597 1266 animae
628 1217 736 1267 tum
773 1214 1008 1270 salutem
1038 1218 1351 1280 perniciosa
1386 1217 1686 1274 calliditate
1717 1219 1859 1274 intc-

254 1302 430 1357 rimis.
468 1303 667 1360 Sermo
690 1306 896 1361 Christi
934 1308 1018 1362 vel
1049 1321 1170 1364 cum
1201 1313 1268 1366 de.
1299 1311 1586 1366 divinitate
1616 1328 1709 1367 sua
1760 1313 1859 1367 do-

253 1404 362 1459 cet,
391 1395 481 1451 rei
505 1407 631 1452 cum
658 1398 726 1454 de
753 1401 1137 1456 incarnatione
1170 1403 1431 1473 loquitur,
1463 1413 1573 1459 tota
1607 1405 1858 1461 claritate

253 1489 544 1547 distinctus
571 1501 686 1547 cst.
716 1493 847 1548 Nam
887 1505 940 1549 et
969 1511 1064 1564 per
1096 1493 1586 1568 PrOphetas'aliter
1608 1500 1858 1554 sublimi-

253 1591 421 1637 tatem
453 1583 682 1640 Deitatis
713 1600 826 1640 suae
855 1587 1172 1654 annuntiat,
1207 1605 1326 1644 cum
1361 1588 1489 1644 dicit
1524 1608 1535 1642 :
1566 1590 1724 1654 Audi,
1759 1605 1852 1658 po-

252 1674 554 1747 pulemcus,
583 1687 638 1732 et
659 1679 877 1749 inquur:
908 1678 1102 1747 Israel,
1134 1693 1182 1736 et
1210 1682 1522 1752 testiﬁcabor
1562 1683 1674 1750 tibi,
1715 1683 1857 1755 quod

254 1774 511 1830 Dominus
541 1774 682 1831 Deus
714 1786 833 1833 tuus
852 1795 942 1852 ego
969 1797 1082 1834 sum
1109 1779 1230 1850 (Ps.
1258 1779 1408 1854 xux)
1434 1800 1446 1835 :
1477 1784 1636 1837 aliter
1659 1783 1853 1838 futura:

1968 565 2272 634 aderimns,
2335 581 2392 626 et
2455 573 2696 641 agnitam
2769 574 3116 631 dulcedinem
3179 576 3573 647 mysteriorum

1969 673 1992 700 θ
2025 665 2249 719 conscio
2294 682 2390 720 ore
2422 675 2683 721 testamur
2718 685 2730 721 :
2763 666 3004 737 Gustata,
3037 673 3083 724 el
3114 663 3300 733 ridete,
3331 671 3580 742 quoniam

1964 758 2135 811 auaris
2165 769 2237 812 est
2286 754 2539 813 Dominus
2572 759 2690 831 (Ps.
2747 767 2962 830 χχχιιι).
2999 763 3106 821 Sed
3158 781 3238 820 vat
3273 764 3574 833 haereticis,

1964 851 2057 920 qni
2093 849 2141 904 id
2188 853 2332 922 quod
2375 853 2539 907 dulce
2568 865 2675 916 est,
2709 871 2775 906 an
2801 873 2954 910 arum
2999 871 3273 914 conantur
3301 875 3580 931 asserere,

1965 943 2035 998 ibi
2073 945 2434 1013 alttllztliitliem
2479 947 2808 1004 snblraltere
2839 951 2905 1006 dc
2937 949 3078 1007 Filio
3121 957 3448 1024 gestientes,
3484 956 3580 1012 ttbi

1966 1049 2110 1093 totus
2144 1041 2194 1094 in
2225 1041 2400 1110 gloria
2439 1043 2529 1096 bei
2577 1044 2756 1098 Patris
2786 1061 3012 1101 manere
3041 1050 3416 1116 mgnoscitnr,
3441 1065 3578 1105 con-

1963 1145 2235 1186 summato
2269 1137 2532 1206 mysterio
2564 1135 2860 1194 Passionis.
2895 1139 3028 1194 Nam
3060 1142 3140 1196 sic
3184 1143 3262 1197 ait
3286 1144 3351 1197 ad
3386 1144 3576 1200 beatos

1963 1225 2282 1296 Apostolus,
2315 1229 2677 1285 Ascensionis
2709 1232 2828 1303 ejus
2863 1235 3166 1304 majestatis
3197 1237 3425 1304 gloriam
3473 1237 3573 1294 de-

1962 1319 2168 1373 siderio
2201 1322 2401 1377 mentis
2436 1319 2724 1379 audientes
2755 1345 2766 1377 :
2805 1326 2865 1381 Si
2906 1329 3194 1399 diligeretis
3226 1347 3324 1392 me,
3374 1331 3578 1401 gaude-

1961 1415 2085 1466 retis
2115 1413 2310 1484 utique,
2341 1415 2460 1484 quia
2500 1417 2630 1470 rado
2656 1419 2724 1470 at!
2758 1417 2968 1472 Putrem
2997 1436 3015 1474 :
3055 1422 3178 1492 quia
3221 1419 3377 1477 Pater
3403 1426 3575 1495 major

1962 1521 2042 1558 me
2084 1515 2157 1558 est
2223 1499 2403 1575 (Joan.
2463 1508 2595 1578 χιν).
2655 1507 2953 1564 Declarans
3027 1499 3260 1581 quippe,
3324 1512 3450 1568 ideo
3515 1530 3579 1572 se

1961 1597 2012 1650 in
2044 1607 2274 1668 utraque
2317 1598 2646 1665 siibStantia,
2689 1602 2777 1654 ltei
2808 1610 2862 1655 et
2893 1601 3154 1671 hominis,
3202 1618 3316 1672 post
3351 1604 3568 1660 Passio-

1962 1706 2108 1755 nent,
2145 1693 2717 1762 resurrectionemque
2757 1709 2930 1758 suam,
2961 1693 3130 1749 cmlos
3173 1712 3554 1767 ascensurum,

1962 1796 2014 1836 ut
2065 1785 2110 1836 is
2161 1783 2252 1854 qui
2302 1785 2374 1837 ob
2426 1785 2815 1840 incarnationis
2868 1781 3252 1853 humilitatem,
3297 1789 3473 1844 minor
3503 1793 3562 1846 se

251 1867 719 1938 incorporationis
747 1885 865 1927 sua:
893 1873 1258 1929 humilitatem
1307 1871 1572 1944 designat,
1605 1893 1728 1930 cum
1771 1877 1852 1930 di-
1885 1877 1932 1944 Β
1961 1878 2098 1946 ipso,
2130 1888 2182 1931 et
2217 1874 2420 1930 idcirco
2451 1877 2609 1932 Patre
2643 1895 2741 1931 suo
2774 1877 2948 1932 minor
2979 1879 3257 1934 videretur
3291 1881 3341 1932 in
3378 1881 3557 1948 terris,

252 1964 356 2018 cit:
389 1960 504 2035 Ego
527 1975 699 2018 autem
729 1981 843 2019 sum
866 1969 1072 2033 vermis,
1096 1978 1142 2022 et
1165 1983 1268 2021 non
1293 1966 1447 2021 homo
1473 1985 1488 2021 :
1513 1969 1849 2040 opprobrium

250 2059 539 2122 hominum,
571 2067 619 2114 et
645 2059 864 2128 nbjeetio
886 2062 1048 2132 plebis
1090 2059 1208 2134 (Ps.
1246 2060 1377 2130 χχι).
1419 2062 1486 2116 Et
1511 2075 1627 2132 post
1659 2064 1847 2129 nuilta,

253 2155 314 2207 ttt
333 2153 504 2222 ipsius
527 2167 654 2209 esse
675 2166 890 2210 omnem
911 2164 1116 2210 textum
1143 2156 1446 2226 prophetim
1471 2173 1576 2209 non
1601 2156 1847 2211 dubites:

250 2244 573 2308 Diriserunt,
608 2243 804 2316 inquit,
837 2248 933 2302 sibi
962 2249 1265 2303 restimenta
1309 2266 1442 2310 mea,
1476 2259 1521 2302 et
1560 2267 1715 2318 super
1744 2267 1850 2303 ves-

253 2347 351 2392 tem
380 2351 548 2394 meant
572 2341 818 2395 miserunt
844 2354 1033 2396 sortem
1059 2339 1275 2414 (Ibid);
1302 2344 1443 2413 quod
1467 2361 1494 2397 a
1528 2345 1851 2414 cruciﬁgen-

248 2433 394 2488 tibus
422 2429 626 2487 l‘actum
661 2435 730 2490 de
754 2437 1095 2489 veSIimentis
1123 2433 1322 2491 Christi
1356 2437 1710 2507 evangelista:
1743 2445 1851 2491 tes-

249 2534 436 2580 tantur
467 2523 684 2597 (Mauh.
718 2537 894 2592 itxvn;
921 2523 1082 2582 Joan.
1118 2528 1254 2598 χιχ).
1287 2527 1457 2585 Nemo
1490 2531 1675 2601 itaque
1719 2527 1852 2585 fide-'-

252 2620 381 2674 lintn
410 2621 797 2690 conturbetnr,
835 2623 978 2694 quod
1011 2627 1300 2689 minorem,
1340 2641 1398 2681 se
1429 2626 1480 2680 in
1515 2626 1618 2681 hoc
1649 2627 1851 2682 mundo

251 2713 552 2770 secundum
584 2723 806 2771 carnem
841 2718 1074 2788 positus,
1105 2717 1265 2775 Patre
1291 2735 1389 2774 suo
1423 2721 1624 2776 dixerit
1657 2721 1848 2789 Filius,

252 2809 341 2875 qni
377 2811 546 2863 etiam
587 2811 757 2865 ret-mi
803 2809 1044 2879 seipsum
1071 2813 1180 2879 jam
1219 2822 1328 2865 tum
1381 2827 1476 2882 per
1519 2813 1850 2881 Prophetam

251 2913 580 2971 comparare
626 2903 876 2974 dignatus
927 2916 1012 2960 est
1050 2925 1062 2961 :
1099 2915 1153 2960 et
1184 2905 1284 2960 ltoe
1329 2907 1547 2975 quidem
1597 2925 1700 2960 non
1735 2908 1853 2964 sine

253 2998 489 3067 ingentis
520 3001 737 3054 ratione
761 3001 1007 3070 mysterii
1061 3004 1286 3055 Constat
1310 3005 1480 3066 enim,
1509 3002 1532 3039 ιι
1563 3004 1682 3057 sine
1706 3004 1852 3056 ruittt

255 3107 297 3161 go
322 3091 591 3156 ltet'antis,
613 3091 813 3148 futurae
844 3097 962 3166 apis
992 3111 1233 3150 vermem
1262 3097 1433 3163 nasci,
1470 3099 1622 3168 cujus
1657 3095 1854 3149 labores

252 3203 396 3260 reges
604 3197 650 3244 et
683 3190 965 3244 mediocres
994 3201 1014 3228 σ
1044 3192 1111 3244 ad
1128 3193 1400 3243 sanitatem
1425 3190 1684 3256 afferunt;
1712 3193 1851 3244 sicut

1956 1973 2165 2028 ealeato
2194 1975 2386 2026 mortis
2418 1971 2611 2027 aculeo
2633 1973 2803 2052 caelos
2828 1975 3000 2026 victor
3026 1972 3349 2033 ascendens,
3377 1989 3560 2041 aequa-

1958 2066 2025 2121 lis
2060 2067 2225 2134 Patri,
2258 2068 2398 2120 sicut
2427 2083 2646 2136 semper
2681 2065 2877 2131 l'uerat,
2912 2077 3296 2136 permaneret;
3328 2077 3384 2123 et
3414 2068 3555 2122 idem

1956 2161 2044 2230 qtti
2093 2176 2311 2230 semper
2343 2161 2506 2224 Deus,
2543 2175 2687 2214 nunc
2733 2171 2786 2214 et
2829 2159 3015 2225 h0tno,
3060 2161 3171 2231 jam
3208 2160 3352 2215 Deus
3384 2160 3438 2215 in
3477 2177 3557 2216 ω.

1957 2265 2106 2310 terna
2167 2256 2342 2311 Patris
2391 2255 2562 2326 gloria
2597 2258 2928 2310 constitutus
2959 2257 3078 2310 sine
3125 2256 3230 2310 line
3280 2261 3556 2324 regnaret.

1955 2350 2087 2405 Nam
2120 2351 2207 2421 qui
2242 2350 2393 2421 prius
2442 2351 2493 2404 itt
2559 2351 2815 2419 imagine,
2861 2350 2928 2405 de
2981 2365 3116 2421 aqua
3171 2351 3352 2404 vinum
3403 2351 3556 2418 iecit,

1955 2459 2075 2499 cum
2131 2441 2340 2498 diceret
2392 2443 2720 2498 beatissima:
2754 2443 2934 2498 Mariae
2976 2463 2988 2498 :
3026 2443 3166 2508 Quid
3216 2445 3342 2497 mihi
3389 2457 3435 2498 et
3467 2444 3560 2499 tibi

1953 2548 2050 2606 est,
2101 2539 2324 2591 mulier?
2350 2537 2583 2590 nondum
2615 2538 2747 2590 venit
2779 2533 2912 2590 hora
2958 2554 3070 2591 mea
3103 2536 3281 2607 (Joan.
3328 2537 3411 2609 tt);
3441 2539 3556 2609 ipse

1955 2642 2077 2701 post
2109 2633 2295 2686 horam
2343 2631 2622 2688 Passionis
2654 2647 2789 2699 sna-,
2838 2633 3126 2686 veritatem
3162 2635 3430 2703 praemissi
3485 2648 3558 2688 ιε-

1956 2727 2209 2797 nigmatis
2255 2736 2483 2780 eatenus
2536 2725 2961 2794 consummavit,
3013 2738 3069 2780 ut
3119 2742 3252 2782 sane
3304 2727 3558 2783 incarna-

1957 2821 2116 2874 tionis
2139 2834 2274 2889 aqua
2296 2819 2478 2872 vinum
2508 2819 2662 2874 ﬁeret
2689 2819 2946 2884 Deitatis;
2969 2819 3112 2889 quod
3130 2817 3371 2875 ha‘retici
3403 2819 3560 2874 adul-

1958 2921 2195 2966 terantes
2221 2913 2468 2974 verbum,
2508 2905 2625 2977 Dei,
2661 2911 2840 2966 adhuc
2871 2913 3017 2966 velut
3051 2926 3242 2982 aquam
3278 2913 3402 2966 vino
3430 2927 3554 2982 pcr-

1957 3006 2210 3071 tniseont,
2237 3021 2357 3057 cum
2389 3014 2536 3060 totus
2576 3004 2842 3059 Dominus
2881 3003 3058 3070 Jesns,
3086 3016 3142 3060 et
3171 3005 3312 3071 quod
3343 3022 3406 3058 ex
3446 3007 3555 3061 beo

1959 3096 2116 3150 Patre
2135 3107 2238 3160 est,
2263 3097 2473 3164 etquod
2500 3112 2561 3150 ex
2599 3095 2818 3168 Virgine
2839 3107 3011 3151 matre
3033 3107 3137 3157 est,
3174 3097 3314 3151 [lens
3332 3099 3402 3150 sit
3435 3098 3523 3150 nni
3547 3135 3554 3141 .

1955 3193 2169 3259 genitus
2393 3189 2444 3244 itt
2471 3189 2638 3258 gloria
2670 3190 2764 3244 Dei
2801 3191 2975 3244 Patris
3002 3209 3012 3242 :
3045 3191 3298 3261 quoniam
3327 3191 3547 3262 quidem

253 3283 522 3354 scriptum
557 3293 661 3338 est.
697 3284 937 3339 Labores
966 3286 1109 3338 enim
1132 3283 1412 3339 Pa>sitttiis
1441 3284 1664 3349 Christi,
1691 3302 1849 3355 quem
1880 3271 1922 3330 (ἶ
1963 3284 2104 3339 Dens
2136 3284 2434 3338 diminutns
2489 3299 2594 3338 non
2629 3296 2711 3338 est
2744 3285 2793 3338 in
2829 3284 3079 3352 ltomine,
3111 3286 3203 3340 sed
3230 3285 3393 3340 homo
3426 3302 3554 3354 pro-

253 3377 406 3431 veiut
452 3385 612 3447 apem
664 3379 925 3447 virginem
963 3395 1380 3443 permansm-um
1430 3377 1455 3416 ἀ
1493 3379 1651 3448 Virgo
1682 3377 1851 3433 edidit

250 3480 452 3536 mater,
489 3479 598 3520 tant
629 3479 780 3538 reges
811 3485 838 3522 tt
865 3465 1104 3537 regtrttdo
1130 3471 1348 3541 (summi
1386 3469 1638 3524 vide'it'et
1671 3487 1853 3524 sacer-

249 3560 435 3630 dotes)
467 3573 627 3631 quam
670 3561 976 3617 mediocres
1005 3564 1208 3634 quique
1244 3568 1613 3633 sequentium,
1650 3567 1729 3615 vel
1765 3582 1854 3617 nr-

249 3653 399 3710 dinis
427 3653 679 3719 Levitici,
715 3655 798 3710 vel
822 3655 1064 3711 fidelium
1093 3658 1288 3727 plebis,
1316 3655 1367 3712 in
1403 3661 1566 3728 ﬁgura
1600 3662 1851 3728 cetporis

324 3829 350 3856 α
383 3817 477 3875 Sic
503 3831 636 3873 mss.
685 3828 947 3889 quatuor;
993 3819 1120 3874 editi
1151 3830 1303 3884 vero,
1346 3837 1409 3874 ne
1455 3830 1582 3884 tum,
1632 3821 1844 3875 Arione.

250 3890 389 3948 Cod.
446 3891 765 3962 Pantagathi
819 3909 830 3944 :
880 3892 962 3944 Ne
1011 3903 1087 3957 tu,
1129 3893 1341 3945 Ariane.
1397 3893 1620 3946 Videtur
1666 3904 1846 3946 autem

251 3963 622 4034 scribendum
652 3963 954 4034 Apostolis;
997 3979 1058 4016 ne
1105 3973 1158 4014 tu
1215 3964 1424 4030 Ariane,
1483 3965 1716 4032 ideoque
1749 3966 1844 4017 de-

253 4035 414 4089 lenda
449 4035 573 4106 nota
599 4033 735 4087 ﬁniti
762 4048 973 4106 sensus.
1007 4039 1222 4106 στιγμὴ,
1247 4043 1392 4106 utne
1418 4045 1468 4086 tu
1491 4036 1680 4088 Arione
1711 4035 1846 4090 refe-

249 4115 408 4161 ratur
432 4105 500 4161 ad
531 4106 659 4159 illttd
693 4105 836 4174 quod
863 4106 1073 4160 dixerat
1106 4105 1196 4157 sed
1223 4120 1278 4157 eo
1307 4105 1358 4158 in
1388 4107 1521 4158 loco.

323 4176 351 4215 δ
383 4176 649 4243 Lanitur
677 4175 1020 4231 Gaudentius
1049 4192 1114 4230 ex
1160 4175 1316 4229 Plinii
1358 4179 1652 4240 sententia,
1695 4178 1850 4243 cujus

250 4249 442 4313 Verba,
477 4249 568 4302 lib.
606 4263 768 4319 nuc.
805 4248 894 4315 16,
931 4248 1045 4301 Inec
1077 4259 1198 4301 sunt
1249 4265 1261 4300 :
1310 4247 1476 4319 Apum
1521 4251 1684 4301 coitus
1716 4250 1851 4302 visus

253 4329 326 4376 est
358 4321 662 4389 numqu'am.
692 4315 878 4372 Plures
905 4320 1262 4373 existiiitavere
1285 4315 1520 4389 oportere
1547 4320 1733 4388 con/iri
1753 4321 1850 4386 ﬂo-

252 4394 396 4446 ribus
413 4391 715 4461 compositis
735 4402 872 4462 apte.
900 4401 1052 4462 atque
1082 4392 1298 4444 utiiiter.
1325 4391 1500 4462 Aliqui
1512 4393 1648 4443 roitu
1673 4391 1847 4462 unius,

253 4463 345 4535 qui
391 4479 484 4517 rea:
512 4466 566 4516 in
606 4461 808 4535 quoque
852 4461 1152 4535 appellatur
1202 4461 1457 4535 examine.
1497 4462 1702 4515 ileinde
1727 4461 1851 4535 Arhuc

256 4531 530 4590 sententia
584 4531 784 4602 reiecta
817 4533 1033 4587 subdit:
1066 4531 1219 4598 Quod
1261 4542 1459 4586 certum
1505 4546 1598 4599 est,
1631 4531 1853 4602 gallina-

256 4623 373 4660 rum
405 4606 568 4679 modo
609 4606 876 4679 incubant.
924 4603 1169 4679 quuod
1206 4605 1472 4659 exclusum
1499 4614 1595 4667 est,
1627 4605 1851 4679 primum

255 4677 568 4732 vermiculus
587 4674 806 4740 videtur,
823 4674 1287 4748 candidusjacens
1312 4685 1655 4741 transversus,
1683 4675 1857 4748 adhae-

253 4764 474 4820 reusque
518 4748 590 4800 ita
622 4757 676 4801 ut
721 4765 928 4811 pascere
957 4747 1207 4820 videatur.
1239 4747 1560 4801 Aristoteles
1583 4763 1712 4820 vero
1741 4747 1858 4820 api-

259 4819 358 4873 bus
386 4818 609 4875 coitum
645 4820 833 4874 tribuit
865 4821 901 4873 l.
935 4835 1015 4887 ιιι,
1051 4821 1117 4873 de
1159 4819 1359 4874 Gener.
1393 4819 1644 4878 animab,
1681 4838 1731 4870 ιι.
1767 4818 1854 4883 10,

256 4887 548 4947 Theodoro
574 4890 715 4963 Gaza
747 4887 1086 4961 interprete:
1123 4890 1182 4945 Si
1211 4891 1324 4944 sine
1351 4890 1555 4963 regibus
1586 4891 1728 4960 gigni
1759 4894 1856 4960 (ae-

257 4971 339 5016 tus
354 4980 515 5032 apum
537 4962 811 5036 rideretur,
833 4980 956 5036 apes
977 4963 1134 5036 etiam
1161 4963 1271 5016 sine
1299 4962 1436 5036 coitu
1453 4979 1526 5036 rex
1545 4978 1600 5015 se
1620 4963 1859 5036 generari

259 5031 459 5088 necesse
483 5045 610 5087 esset
647 5049 666 5086 :
694 5031 782 5087 sed
826 5031 947 5088 cum
967 5031 1066 5088 hoc
1099 5042 1282 5102 negent
1310 5034 1399 5102 qui
1443 5035 1496 5088 in
1525 5031 1704 5088 eorum
1734 5035 1854 5086 ani-

256 5105 471 5159 malium
494 5121 619 5157 cura
644 5116 940 5175 versantur,
972 5107 1282 5175 relinquitur
1301 5115 1354 5158 ut
1376 5123 1519 5174 reges
1552 5114 1597 5159 et
1622 5122 1676 5158 se
1703 5121 1858 5174 gene-

257 5191 386 5242 rent,
433 5187 481 5231 et
509 5192 649 5246 apes.
699 5171 834 5230 Nota
867 5185 954 5230 est
990 5171 1196 5245 Virgilii
1233 5171 1474 5231 narratio
1525 5177 1594 5231 de
1625 5171 1858 5232 Aristaeo

259 5261 478 5316 pasnire
504 5251 702 5316 Georg.
732 5263 806 5315 tv,
841 5250 892 5303 in
917 5263 1017 5316 qna
1047 5264 1178 5301 sane
1209 5249 1425 5302 videtur
1453 5249 1668 5312 poetico
1697 5249 1857 5313 genio

256 5320 584 5382 obsecutus;
619 5334 741 5372 nam
775 5319 962 5373 eadem
996 5320 1205 5372 ratione
1236 5335 1343 5372 non
1375 5321 1555 5373 solum
1598 5337 1662 5374 ex
1696 5321 1853 5384 bove,

257 5389 354 5445 sed
385 5407 452 5444 ex
477 5392 632 5444 lenne
653 5391 816 5445 etiam
843 5406 974 5460 apes
1000 5391 1129 5444 oriri
1165 5406 1347 5458 posse,
1383 5404 1437 5442 ιιι
1467 5393 1698 5444 traditur
1725 5391 1854 5451 Jud.

257 5478 370 5527 χιιι,
430 5461 578 5517 nullo
623 5463 842 5529 negotio
887 5461 1072 5517 docuit
1099 5461 1404 5516 Bocltartns
1442 5463 1491 5513 in
1534 5462 1752 5516 Pro-fat.
1788 5463 1856 5518 ad

257 5531 475 5588 Hieron.
526 5547 644 5603 pag.
699 5532 794 5598 48,
847 5548 977 5601 apes
1013 5549 1206 5602 nempe
1243 5533 1312 5587 ibi
1367 5549 1615 5601 repertas
1665 5535 1853 5602 inisse,

261 5621 366 5660 non
399 5619 585 5675 natas.
607 5604 846 5675 Consule
893 5605 1284 5675 Augustinum,
1320 5621 1388 5658 xv
1433 5605 1500 5658 de
1529 5607 1641 5658 Civ.
1679 5623 1728 5659 c.
1762 5607 1854 5674 '27,

259 5676 444 5742 ibique
475 5674 738 5730 Ludovici
784 5673 946 5742 Vives
987 5673 1182 5732 annot.
1218 5675 1283 5729 ad
1322 5677 1485 5730 verba
1524 5693 1536 5728 :
1575 5676 1696 5729 Alia
1737 5673 1856 5732 vero

259 5741 396 5821 sunt
422 5749 475 5800 in
514 5748 696 5821 quibus
736 5741 867 5821 nihil
897 5749 964 5821 sit
993 5749 1150 5802 muris
1179 5757 1228 5801 et
1269 5749 1498 5819 [entinau
1550 5749 1678 5802 sicut
1709 5766 1853 5821 apes.

257 5819 564 5890 Cardantts,
598 5819 690 5890 lib.
723 5834 776 5890 t_x
813 5819 882 5874 de
920 5818 1144 5886 Subtti.,
1184 5818 1315 5888 apes
1343 5838 1378 5872 e
1419 5821 1580 5875 melle
1605 5818 1752 5890 gigni
1777 5821 1858 5875 af-

262 5889 471 5972 iirtnat;
523 5899 575 5946 at
615 5885 920 5951 Cardanum
972 5885 1164 5949 irridet
1204 5885 1448 5968 Scaliger
1500 5885 1692 5950 Exerc'.
1728 5892 1852 5972 i9],

1881 4571 1932 4632 D

1959 3378 2070 3432 ficit
2094 3380 2145 3432 in
2182 3378 2380 3442 Deum;
2438 3386 2496 3432 ut
2550 3379 2690 3432 sient
2726 3377 2948 3432 Verbum
2973 3395 3096 3432 caro
3129 3379 3324 3443 factum
3365 3389 3471 3444 est,
3503 3389 3554 3433 et

1954 3472 2199 3525 habitavit
2232 3472 2282 3523 in
2308 3467 2453 3524 nobis
2479 3468 2672 3540 (Joan.
2701 3470 2747 3542 ι)
2775 3511 2789 3535 ,
2827 3472 2898 3524 ita
2929 3486 3059 3526 euro
3097 3471 3242 3524 Dt-tts
3267 3471 3416 3523 lieret
3441 3514 3455 3536 ,
3499 3479 3558 3526 et

1959 3566 2228 3618 habitaret
2259 3565 2310 3619 in
2342 3565 2520 3620 ctelis.
2571 3559 2724 3618 Unde
2753 3573 3158 3633 consequenter
3198 3564 3404 3618 addidit
3435 3581 3446 3616 :
3483 3562 3550 3616 Et

1957 3675 2092 3712 nunc
2113 3701 2124 3720 ,
2162 3657 2362 3726 inquit,
2385 3657 2493 3710 dixi
2517 3657 2653 3710 vobis
2683 3667 2958 3730 antequam
2981 3659 3106 3728 ﬁat,
3136 3668 3191 3712 ut
3214 3674 3330 3710 cum
3360 3661 3555 3728 factum

1957 3835 2115 3889 quem
2142 3815 2292 3892 adire
2324 3821 2548 3875 Omnino
2594 3837 2778 3888 operm
2811 3823 3044 3892 pretium
3081 3822 3204 3876 erit.
3264 3811 3339 3892 be
3391 3829 3551 3892 apum

1957 3894 2102 3946 coitu
2136 3891 2299 3947 hodie
2341 3907 2430 3946 res
2459 3893 2596 3947 adeo
2626 3889 2906 3960 comperta
2942 3905 3045 3956 est,
3080 3901 3140 3947 ut
3188 3889 3338 3946 nullo
3387 3891 3556 3948 modo

1960 3966 2198 4028 amplius
2232 3966 2282 4017 in
2313 3965 2669 4032 ψιωδιίιιιιθιιι
2703 3975 3016 4019 revocetur.

2033 4046 2052 4071 ο
2086 4033 2187 4090 Ubi
2219 4037 2485 4103 scriptum
2530 4034 2665 4103 est?
2699 4035 2846 4088 Unus
2886 4042 3061 4088 estex
3095 4035 3162 4088 iis
3205 4034 3335 4088 locis
3375 4033 3464 4102 qui
3499 4036 3552 4088 in

1957 4103 2224 4158 l-lebraico
2270 4101 2418 4160 testu
2469 4114 2523 4158 et
2576 4101 2800 4173 Vulgata
2870 4104 3112 4158 cdttiooe
3162 4121 3269 4157 non
3311 4101 3554 4170 exStant,

1954 4187 2077 4229 eum
2125 4187 2304 4230 tamen
2337 4176 2476 4242 apud
2514 4174 2655 4229 LXX
2701 4185 2752 4228 et
2787 4177 2970 4245 plures
3000 4191 3060 4227 es
3095 4173 3346 4245 Patribus
3395 4174 3555 4230 inve-

1957 4249 2158 4301 niatur.
2193 4246 2346 4309 Nam,
2381 4260 2437 4300 ut
2471 4249 2681 4300 ructavit
2713 4243 2938 4302 Samuel
2972 4246 3271 4300 Boeb‘arttts
3301 4243 3355 4298 in
3389 4246 3549 4300 Pra-f.

1952 4318 2018 4371 ad
2051 4317 2437 4382 ilierozoicon,
2469 4317 2630 4372 Prov.
2655 4333 2728 4380 vt,
2756 4319 2811 4384 8,
2844 4327 2966 4384 pOsl
2995 4318 3171 4370 locum
3205 4318 3273 4370 de
3300 4315 3550 4380 formica,

1955 4392 2094 4458 apud
2124 4388 2350 4444 Graecos
2376 4390 2449 4443 de
2485 4399 2595 4458 spe
2622 4391 2868 4456 quaedam
2903 4389 3204 4455 adduntur,
3233 4399 3356 4452 qua
3383 4392 3558 4443 citant

1958 4462 2110 4515 multi
2161 4462 2370 4524 Patres,
2417 4463 2696 4514 transtulit
2743 4460 2941 4524 Arabs,
2974 4469 3028 4512 et
3069 4459 3311 4512 Castalio
3339 4471 3558 4528 quoque

1959 4532 2043 4586 bis
2071 4532 2288 4587 verbis:
2323 4533 2421 4585 Aut
2444 4548 2595 4600 apem
2626 4532 2736 4594 adi,
2761 4540 2812 4584 et
2836 4531 2999 4598 disco,
3023 4546 3178 4599 quam
3223 4544 3438 4600 operosa
3467 4531 3555 4595 sit,

1960 4619 2216 4675 quamque
2239 4615 2520 4676 augustum
2553 4621 2686 4676 opus
2711 4612 2946 4676 curaeat
2966 4618 2986 4667 ;
3003 4605 3180 4676 cujus
3206 4602 3470 4676 laboribus
3502 4608 3555 4655 et

1956 4671 2139 4746 reges,
2175 4687 2223 4729 et
2269 4671 2458 4748 privati
2503 4671 2779 4748 vescuntur
2806 4671 3113 4748 salubriter.
3163 4671 3305 4748 LXX
3338 4681 3552 4726 autem:

1958 4743 2060 4802 Aut
2089 4748 2217 4800 vade
2246 4743 2314 4800 ad
2327 4765 2496 4818 apem,
2522 4757 2570 4800 et
2593 4747 2752 4812 disce,
2772 4743 3025 4812 quomodo
3037 4744 3279 4818 operaria
3302 4755 3375 4818 est
3391 4759 3560 4818 {Opes

1958 4815 2434 4890 rationemquoque
2451 4835 2607 4888 quam
2638 4817 2980 4890 uenerabilem
3007 4818 3165 4890 iacit;
3185 4817 3334 4887 cujus
3359 4815 3557 4870 labores

1959 4908 2103 4962 reges
2131 4899 2180 4944 et
2225 4887 2405 4945 idiota:
2429 4887 2500 4943 .u
2529 4891 2804 4944 sanitatem
2830 4887 3104 4962 offerunt.
3148 4889 3204 4962 tn
3253 4899 3388 4962 mss.
3420 4902 3559 4962 qua}

1960 4957 2108 5025 tuor,
2138 4971 2194 5015 et
2219 4963 2270 5014 in
2296 4964 2424 5017 cod.
2451 4961 2799 5032 Psntaguthi,
2827 4960 3059 5014 habetur
3089 4959 3157 5011 ad
3171 4961 3448 5012 sanitatem
3473 4957 3558 5032 of-

1962 5035 2170 5104 ferunt;
2215 5043 2272 5087 et
2300 5035 2460 5102 paulo
2489 5031 2752 5104 ittl'ra’pro
2779 5033 3084 5086 salubritate
3112 5034 3228 5085 vita
3261 5031 3554 5084 communis

1959 5103 2391 5172 oﬁ'erimus:sed
2436 5116 2632 5159 neutro
2666 5107 2717 5156 in
2762 5105 2882 5157 loro
2913 5104 3238 5167 putavimus,
3286 5105 3557 5172 vulgatam

1960 5171 2256 5230 lectionem
2287 5191 2410 5230 esse
2452 5178 2878 5239 immutandam;
2907 5174 3111 5229 Judmis
3141 5176 3288 5228 enim
3319 5172 3424 5224 mel
3472 5171 3558 5224 ιιΐδ

1959 5249 2103 5318 ferre
2125 5245 2238 5318 (qui
2262 5264 2421 5316 apum
2449 5248 2601 5300 labor
2620 5259 2697 5300 est
2712 5249 2728 5316 )
2743 5247 2887 5313 Lege
2902 5244 3252 5318 interdictum
3269 5254 3406 5318 erat.
3425 5241 3556 5302 ch.

1961 5315 2210 5374 tt:0mnis
2241 5315 2434 5372 oblatio
2459 5315 2807 5387 quaoﬂ'ertur
2839 5317 3290 5384 Domino.absqu¢
3307 5315 3559 5387 fermento

1959 5392 2080 5460 fiet;
2113 5407 2203 5444 nec
2250 5386 2533 5458 quidquam
2561 5391 2860 5456 fermentati
2889 5406 2950 5442 ac
2991 5386 3559 5460 vitellisradolcbitur

1958 5455 2220 5530 sacriﬁcio
2264 5455 2508 5516 Domino.
2559 5462 2690 5517 Vide
2741 5462 3094 5525 Sanbertunt,
3146 5459 3213 5512 de
3261 5455 3559 5512 SICl'tﬁciiS

1963 5534 2146 5588 Veler.
2177 5548 2301 5602 cap.
2334 5533 2430 5588 25.

2031 5603 2058 5642 εί
2101 5605 2193 5660 Sic
2222 5600 2353 5659 mss.
2386 5613 2647 5672 quatuor,
2676 5616 2730 5659 et
2758 5604 2900 5658 liber
2927 5601 3279 5671 Pantagathi;
3313 5601 3365 5655 in
3391 5600 3558 5657 editis

1965 5678 2163 5746 legitur
2199 5676 2536 5748 Virgontater
2555 5678 2718 5730 dedit.

2037 5759 2060 5786 ε·
2099 5744 2336 5804 Grandis
2377 5750 2470 5804 hic
2496 5760 2583 5804 est
2631 5749 2686 5803 in
2735 5761 2868 5802 mss.
2901 5746 3130 5809 lacuna;
3163 5747 3367 5799 desunt
3411 5744 3558 5800 enim

1961 5821 2159 5892 integri
2205 5837 2397 5877 versus
2446 5822 2685 5892 quinque
2733 5827 2788 5874 et
2815 5816 3115 5892 sexaginta,
3161 5817 3231 5874 ab
3262 5816 3349 5872 his
3378 5817 3564 5880 verbis

1965 5907 2132 5967 usque
2159 5893 2225 5949 ad
2259 5893 2390 5949 illa:
2429 5891 2570 5946 Nam
2590 5909 2740 5972 quem
2760 5891 3086 5969 inclinatum.
3131 5931 3139 5941 .
