4070 6346
479 254 578 313 991

1562 253 1619 309 S.
1662 249 2041 308 GAUDENTII
2083 248 2342 306 BRIXIIE
2385 249 2700 308 EPISCOPI

3669 249 3777 307 992

478 373 656 444 fuerit,
676 372 904 426 credatis
922 370 1104 443 (Joan.
1132 385 1242 434 xtv,
1269 367 1362 440 29)
1387 387 1399 424 :
1424 367 1476 424 id
1500 377 1602 431 est,
1623 367 1746 422 ideo
1767 366 1905 434 dixi,
1932 366 1977 420 si
1999 365 2079 420 di-
2108 367 2160 427 Α
2184 365 2300 436 quit
2325 407 2339 429 ,
2384 375 2430 419 et
2463 375 2756 432 peccatores
2796 366 2990 439 terrte(
3019 365 3110 421 Ps.
3135 382 3301 422 Lxuv
3324 365 3365 438 ).
3403 366 3599 436 ,Recte
3623 366 3778 435 juxta

478 465 723 537 ligeretis
753 481 861 528 me.
899 466 1074 520 laetari
1122 479 1221 518 Vos
1261 469 1542 532 oporteret
1578 462 1722 532 quod
1749 460 1813 514 ad
1861 460 2074 514 Patrem

451 585 461 593 -
489 575 796 631 pergerem,
823 560 947 631 quia
971 567 1125 630 pater
1149 557 1321 625 major
1343 571 1430 610 me
1459 563 1577 620 est,
1604 563 1626 590 α
1653 564 1708 607 ιιι
1727 569 1849 607 cum
1883 553 2080 606 factum

487 654 684 721 fuerit,
717 654 957 709 credatis
980 651 1269 722 aequalem.
1303 650 1427 704 Cum
1476 649 1671 717 factum
1688 649 1841 719 fuerit
1869 665 1885 701 :
1918 647 2083 717 quid?

488 747 626 803 illud
653 747 870 818 utique;
894 762 1016 801 cum
1045 755 1164 815 post
1182 744 1487 814 passionem
1511 742 1876 797 ineatncaalos
1897 756 2084 796 ascen-

489 840 644 905 dero,
673 844 724 895 in
752 842 841 894 illa
868 839 1039 910 gloria
1065 854 1224 906 quam
1255 853 1379 892 cum
1405 835 1588 902 Patre,
1619 845 1670 890 et
1695 837 1838 904 apud
1871 835 2083 888 Patrem

489 949 712 1002 semper
728 934 887 988 habui
907 946 1320 1001 permansuros.
1341 929 1468 984 Ideo
1484 940 1771 1000 postquam
1789 925 2089 982 resorrexit

491 1042 523 1082 a
567 1028 825 1091 mortuis,
861 1024 1080 1095 quidam
1113 1023 1432 1077 dubitantes
1462 1023 1813 1090 increpantur
1839 1021 1907 1073 ab
1940 1021 2086 1090 ipso;

493 1129 548 1175 et
592 1120 846 1184 audiunt,
878 1119 1190 1187 oportuisse
1245 1116 1360 1170 hzec
1411 1118 1590 1169 omnia
1623 1115 1732 1181 pati
1774 1113 2087 1172 Christum,

495 1222 546 1266 et
581 1212 651 1265 ita
689 1211 918 1265 introire
943 1212 995 1264 in
1027 1210 1262 1280 gloriam
1296 1225 1448 1263 suam
1477 1251 1491 1275 ,
1527 1225 1686 1279 quam
1722 1223 1780 1262 se
1811 1217 1936 1260 ante
1965 1221 2094 1259 eon-

494 1304 836 1360 stitutionem
867 1303 1052 1356 mundi
1105 1318 1320 1368 semper
1352 1301 1663 1372 possedisse
1697 1307 1930 1353 ιιεςιιιιυς
1986 1305 2089 1352 est.

497 1398 841 1465 Quapropter
898 1396 1193 1466 ApoStolus
1241 1414 1253 1449 :
1311 1395 1421 1448 Elii
1469 1394 1829 1468 cognovimus,
1888 1391 2094 1461 inquit,

497 1491 780 1544 secundum
809 1505 1018 1542 carnem
1046 1488 1310 1544 Christum
1345 1505 1357 1541 :
1399 1489 1490 1541 sed
1511 1491 1628 1560 jam
1661 1503 1796 1540 nunc
1820 1501 1922 1538 non
1952 1491 2100 1537 novi-

501 1600 614 1637 mus
639 1584 657 1653 (
680 1582 721 1637 ll
753 1581 873 1636 Cor.
900 1599 953 1647 v,
988 1583 1112 1650 16).
1143 1583 1236 1636 Est
1258 1582 1404 1636 enim
1427 1581 1577 1635 Deus
1599 1591 1652 1633 et
1679 1579 1861 1640 homo.
1883 1589 2096 1632 utrum-

501 1693 607 1748 que
629 1679 742 1746 jant
777 1681 920 1732 Deus
940 1680 990 1731 in
1024 1677 1117 1730 Dei
1149 1677 1328 1730 Patris
1352 1675 1577 1729 dextera
1605 1675 1956 1735 eotistitutus,
1976 1689 2096 1741 quo-

2187 459 2332 514 bunc
2387 460 2723 516 intellectum
2785 462 2859 515 ait
2894 478 2906 515 :
2941 461 3109 516 bibent
3164 472 3210 516 et
3261 469 3556 532 peccatores
3595 468 3780 528 terra;

2185 555 2309 625 quia
2341 565 2660 624 peccatores
2683 556 2807 612 caeli
2838 571 2903 610 ex
2935 554 3162 624 Angelis
3193 555 3481 610 daemones
3511 554 3667 619 lacti,
3699 567 3788 608 sa-

2187 648 2316 703 lutis
2361 649 2611 714 poculum
2646 651 2834 705 bibere
2863 664 2972 704 non
3021 662 3345 705 merentur:
3393 661 3556 704 terrm
3603 659 3786 704 autem

2190 752 2507 811 peccatores
2563 756 2757 798 contra
2807 759 3014 799 venena
3062 745 3375 799 da-monum
3403 789 3418 813 ,
3454 744 3790 814 morbosque

2190 835 2446 890 vitiorum
2472 879 2486 901 ,
2519 837 2745 891 calicem
2784 838 2978 892 salutis
3010 839 3277 908 accipient
3301 881 3316 903 ,
3359 851 3413 894 et
3440 854 3642 892 nomen
3687 841 3794 895 lto-

2194 928 2325 981 tuitti
2357 927 2688 983 invocabuttt
2722 929 2853 1000 (Ps.
2879 946 2983 986 cxv
3011 930 3050 1000 ).
3100 931 3281 985 Omnis
3322 933 3459 985 enim
3489 934 3795 1002 quicumque

2192 1020 2501 1075 invocaverit
2536 1040 2719 1077 nomen
2770 1021 3025 1088 Domini,
3082 1026 3254 1079 salrus
3311 1026 3408 1079 erit
3465 1026 3480 1091 (
3515 1025 3669 1079 Rom.
3701 1035 3793 1096 χ).

2196 1115 2322 1170 Ideo
2351 1131 2483 1171 vero
2511 1119 2654 1172 calix
2682 1117 2784 1173 iSIe
2811 1118 3191 1186 peccatoribus
3223 1119 3496 1173 bibendus
3520 1119 3797 1185 tribuitur,

2197 1213 2317 1276 quia
2351 1225 2450 1262 non
2482 1219 2557 1264 est
2582 1228 2708 1282 opus
2735 1213 2878 1265 sanis
2900 1213 3131 1276 medico,
3181 1212 3269 1265 sed
3290 1214 3430 1265 male
3471 1212 3798 1268 habentibus.

2201 1303 2320 1357 Non
2373 1305 2518 1368 veni,
2573 1305 2779 1374 inquit,
2825 1310 3238 1378 vocarejustos,
3272 1306 3363 1360 sed
3410 1316 3705 1377 peccatores
3735 1305 3802 1359 ad

2199 1398 2549 1468 ptrnitentiam
2587 1400 2604 1467 (
2642 1397 2833 1450 Matth.
2866 1400 2964 1465 tr)
3003 1415 3015 1450 :
3051 1399 3187 1453 tales
3216 1400 3367 1453 enim
3397 1399 3677 1466 sapientia
3713 1398 3807 1453 Dei

2203 1492 2268 1546 ad
2294 1494 2456 1546 istum
2487 1501 2699 1548 cratera
2734 1492 3031 1548 salutifera!
3078 1493 3369 1548 mixtionis
3401 1493 3597 1547 invitat
3624 1534 3638 1556 ,
3687 1508 3808 1548 cum

2204 1586 2422 1641 sublimi
2455 1600 2589 1639 voce
2619 1586 2869 1639 hortatur
2895 1627 2911 1650 ,
2944 1600 3008 1642 ac
3054 1585 3228 1639 dicit:
3266 1585 3523 1656 Quisquis
3553 1595 3628 1640 est
3679 1585 3807 1637 insi-

2207 1694 2385 1747 piens,
2409 1677 2623 1730 divertat
2646 1678 2713 1730 ad
2740 1694 2836 1730 me.
2871 1676 2935 1730 Et
2958 1678 3222 1748 egentibus
3272 1694 3429 1731 sensu
3453 1679 3526 1730 ait
3555 1693 3573 1730 :
3607 1675 3808 1744 Venite,

504 1771 645 1823 niam
678 1769 817 1822 calia:
844 1769 897 1822 in
931 1785 1088 1822 manu
1115 1766 1328 1821 Domini
1352 1767 1451 1820 vini
1468 1767 1596 1820 meri
1625 1766 1807 1836 plenus
1831 1774 1904 1820 est
1929 1766 2094 1818 mixti.
2133 1770 2177 1830 Β
2205 1770 2338 1821 edite
2367 1769 2430 1822 de
2456 1769 2582 1821 meis
2607 1768 2908 1836 panibus,et
2935 1770 3084 1823 bibite
3104 1770 3278 1822 vinum
3300 1769 3444 1839 quod
3475 1770 3658 1822 miscui
3681 1769 3811 1824 vobis

509 1863 576 1918 Et
596 1865 862 1919 inclinavit
884 1881 947 1919 ea:
972 1866 1068 1917 hoc
1097 1865 1149 1916 in
1168 1862 1303 1916 illud
1328 1879 1343 1915 :
1369 1872 1713 1916 verumtamen
1740 1861 1844 1929 [rex
1868 1863 1978 1921 eius
2002 1875 2099 1912 non

509 1967 584 2012 est
635 1959 899 2011 exinanita
944 1955 1084 2028 (Ps.
1119 1971 1280 2010 LXXIV
1312 1956 1352 2026 ).
1406 1955 1472 2009 Et
1527 1970 1854 2023 quamquam
1900 1955 2102 2018 sciam,

509 2047 834 2103 charissime
863 2091 878 2115 ,
932 2047 1127 2118 psalmi
1191 2046 1352 2114 huius
1403 2054 1606 2100 textum
1641 2048 1748 2101 alio
1789 2061 1994 2111 sensu,
2052 2054 2108 2100 et

510 2141 733 2214 quidem
760 2141 1100 2208 rationabili,
1133 2142 1301 2196 luisse
1347 2160 1374 2194 a
1407 2141 1682 2211 prioribus
1714 2140 2062 2207 explanatum
2091 2156 2104 2205 ;

506 2233 534 2274 δ
565 2251 668 2306 ego
723 2245 904 2290 tamen
961 2250 1060 2306 pro
1118 2235 1374 2290 libertate
1422 2234 1588 2299 ﬁdei,
1635 2232 2106 2303 apportttnitatem

508 2332 780 2386 dictorum
812 2346 1059 2392 secutus.
1098 2329 1239 2384 traxi
1288 2330 1352 2383 ad
1387 2327 1781 2383 incarnationis
1814 2327 2110 2381 Dominieze

508 2433 939 2480 sacramentum.
972 2425 1102 2479 Nam
1127 2425 1204 2479 sic
1227 2424 1310 2478 vel
1345 2419 1658 2488 inclinatus,
1685 2424 1766 2478 vel
1793 2421 2112 2476 humiliatus

509 2530 592 2573 est
617 2518 760 2572 Deus
794 2520 846 2572 in
882 2517 1128 2581 homine,
1165 2527 1224 2572 ut
1255 2532 1583 2586 permanens
1619 2517 1760 2570 Deus
1789 2525 1936 2570 esset
1967 2514 2110 2585 quod

506 2612 710 2678 fuerat,
739 2611 1147 2680 hominemque.
1176 2618 1402 2681 prOpier
1422 2625 1585 2679 quem
1615 2625 1673 2664 se
1704 2608 2109 2673 humiliaverat,

511 2706 778 2760 exaltaret
810 2722 823 2771 ;
859 2706 982 2774 quia
1040 2707 1110 2758 ita
1151 2703 1375 2758 Verbum
1403 2719 1523 2756 caro
1569 2703 1764 2770 factum
1793 2712 1888 2767 est,
1924 2712 1980 2756 ιιι
2011 2703 2110 2754 Ita-

510 2797 709 2853 bitaret
740 2801 791 2852 in
841 2798 984 2859 nobis
1014 2799 1028 2868 (
1061 2796 1218 2852 Joan.
1247 2813 1263 2850 ι
1295 2796 1312 2867 )
1341 2815 1354 2863 ;
1409 2808 1465 2852 et
1511 2800 1582 2851 ita
1618 2813 1805 2851 rursus
1838 2797 1999 2849 homo
2061 2799 2113 2850 in

518 2892 688 2948 Deum
739 2906 1040 2946 conversus
1093 2904 1200 2956 est,
1237 2901 1296 2944 ut
1327 2891 1381 2944 in
1431 2891 1595 2943 Deum
1641 2889 1852 2956 quidem
1887 2904 2113 2958 promo-

515 2996 648 3053 tam,
689 2998 893 3039 naturae
925 2997 1102 3039 tamen
1157 2999 1270 3039 suae
1301 2984 1666 3038 substantiam
1698 2984 1981 3037 retineret.
2018 2981 2110 3035 At-

516 3095 620 3152 que
653 3079 776 3133 ideo
811 3077 1080 3146 PrOpheta
1113 3079 1182 3129 ait
1215 3094 1228 3130 :
1275 3075 1531 3143 Quoniam
1563 3077 1701 3129 ralia:
1728 3076 1780 3128 in
1812 3092 1968 3128 manu
2009 3073 2116 3126 Do-

2208 1861 2392 1934 (Prov.
2415 1864 2514 1933 Ix).
2535 1863 2615 1915 0b
2631 1865 2730 1917 hoc
2744 1874 2922 1918 autem
2938 1863 3198 1918 invitatur
3216 1864 3486 1932 insipiens
3503 1879 3532 1916 a
3553 1863 3814 1932 Sapientia

2211 1955 2328 2019 Dei,
2347 1967 2395 2009 ιιι
2418 1957 2501 2009 liat
2521 1957 2757 2025 sapiens;
2772 1963 2828 2010 et
2841 1965 3111 2022 peccator,
3131 1966 3189 2011 ut
3203 1967 3560 2030 convertatur
3571 1971 3637 2010 ac
3653 1957 3813 2010 viVal.

2280 2047 2362 2102 Ad
2399 2049 2538 2102 istud
2576 2049 2827 2118 poculum
2872 2049 3069 2104 dtvittze
3119 2049 3527 2104 misericordiae
3579 2047 3815 2102 universi

2209 2142 2541 2211 generaliter
2569 2156 2941 2196 convocamur
2977 2159 2990 2195 :
3024 2141 3215 2195 Omnes
3265 2143 3406 2194 eiiint
3433 2151 3776 2213 peccaverunt
3800 2183 3814 2207 ,

2212 2246 2270 2289 ut
2299 2236 2371 2288 ait
2403 2235 2699 2303 Apostolus
2722 2277 2735 2300 ,
2761 2245 2807 2289 et
2835 2244 2984 2307 egent
3012 2235 3182 2305 gloria
3224 2233 3340 2288 Dii.
3375 2234 3538 2300 Quod
3571 2235 3617 2288 si
3652 2250 3818 2287 omnes

2212 2338 2583 2400 peceatterunt,
2622 2339 2643 2366 ε
2679 2337 2726 2380 et
2773 2337 2921 2400 egent
2966 2328 3138 2399 gloria
3197 2326 3295 2381 Dei
3351 2327 3370 2396 (
3402 2328 3558 2382 Rom.
3596 2343 3676 2391 ttt,
3708 2326 3818 2398 25)

2215 2421 2235 2494 (
2265 2422 2568 2491 majestatis
2594 2423 2794 2492 quippe
2826 2423 2942 2491 ejna
2978 2422 3188 2478 medela
3220 2423 3260 2492 ),
3297 2439 3438 2490 quos
3492 2423 3710 2477 tandem
3744 2421 3820 2475 di-

2214 2531 2401 2570 cemus
2421 2533 2602 2583 sanos,
2628 2519 2825 2584 quibus
2841 2518 3034 2571 medici
3051 2518 3290 2571 ollieium
3316 2518 3696 2573 neceSsariunt
3716 2532 3816 2572 non

2215 2608 2316 2675 sit,
2349 2608 2448 2662 nisi
2481 2608 2618 2663 forte
2651 2610 2773 2664 illos
2805 2611 2892 2679 qui
2923 2611 2992 2666 ab
3021 2612 3137 2681 ipso
3160 2610 3272 2682 jam
3297 2613 3474 2666 curati
3501 2654 3518 2680 ,
3554 2612 3813 2666 medicina

2219 2701 2355 2755 ultra
2382 2718 2488 2756 non
2515 2702 2793 2772 indigent?
2818 2705 3088 2758 Caeterum
3121 2720 3280 2758 nemo
3303 2716 3626 2760 sanctorum
3650 2705 3813 2760 medi—

2219 2793 2341 2848 cina
2391 2794 2597 2848 Christi
2639 2811 2742 2848 non
2781 2795 3043 2866 indiguit,
3079 2811 3202 2850 cum
3231 2807 3456 2851 sanctos
3487 2813 3584 2852 eos
3614 2798 3816 2851 nonnisi

2221 2887 2356 2941 ﬁdes
2394 2888 2511 2958 ejus
2541 2889 2786 2943 elli-cerit
2814 2932 2829 2956 ,
2884 2893 3025 2946 sicut
3053 2893 3325 2961 scriptura
3359 2901 3596 2947 testatur
3629 2893 3678 2946 in
3711 2893 3816 2960 epi-

2220 2980 2353 3035 stol:
2385 2981 2531 3035 Pauli
2557 2983 2856 3038 beatissimi
2884 2984 2948 3038 ad
2981 2984 3238 3040 Hebraeos
3274 2985 3468 3058 (Hebr.
3503 2995 3602 3055 ιι).
3650 2985 3714 3040 Et
3742 2985 3816 3039 id-

2223 3076 2374 3132 circo
2407 3079 2610 3148 gratias
2654 3079 2903 3134 referens
2933 3079 3076 3134 idem
3111 3081 3442 3148 przrdicabat
3474 3081 3770 3150 Apostolus
3801 3097 3814 3133 ι

519 3175 648 3228 mini
676 3173 782 3226 vini
811 3173 938 3225 meri
969 3170 1152 3242 plenus
1180 3179 1252 3223 est
1295 3171 1442 3224 mixti
1476 3186 1494 3223 :
1526 3179 1571 3223 et
1606 3169 1876 3222 inclinavit
1909 3184 1973 3222 ea:
2026 3168 2120 3220 hoc
2149 3163 2195 3224 ί]
2229 3170 2464 3236 Fidelis,
2520 3173 2693 3239 inquit
2716 3215 2728 3234 ,
2761 3190 2930 3226 sermo
2951 3216 2964 3238 ,
3013 3184 3060 3228 et
3089 3176 3228 3228 omni
3273 3175 3577 3245 acceplione
3607 3175 3813 3245 dignus,

518 3268 572 3320 in
596 3266 726 3320 illud
748 3281 768 3320 :
791 3273 1138 3318 verumtamen
1167 3268 1269 3332 [rex
1290 3265 1403 3334 ejus
1428 3279 1532 3314 non
1558 3270 1629 3314 est
1654 3261 1940 3315 exinanita.
1975 3259 2119 3326 Vini,

519 3359 735 3430 inquit,
769 3361 896 3414 meri
928 3358 1112 3429 plenus
1146 3367 1217 3411 est
1271 3357 1460 3429 nti:t:ti(
1498 3356 1585 3410 Ps.
1617 3356 1839 3425 LXXIV).
1877 3355 1936 3408 Et
1974 3356 2115 3408 mix-

519 3463 631 3507 tum
668 3452 919 3522 perhibet
949 3452 1153 3516 vinum,
1185 3459 1239 3505 et
1262 3450 1398 3505 illud
1435 3452 1611 3519 ipsum
1644 3465 1852 3504 merum
1891 3458 2124 3503 testatur

519 3559 665 3608 eSSe,
695 3555 753 3598 ut
797 3545 1050 3600 eumdem
1076 3543 1366 3597 credamus
1402 3543 1593 3610 Deum,
1625 3560 1787 3612 quem
1825 3560 1918 3612 pro
1963 3542 2124 3596 nobis

522 3647 578 3693 et
610 3638 884 3690 hominem
910 3635 1254 3691 conﬁtemur.
1287 3635 1418 3689 Nam
1445 3652 1605 3703 quem
1635 3636 1956 3689 inclinatum
1989 3652 2125 3686 nuu-

525 3729 648 3792 tiat,
679 3730 886 3797 pariter
939 3727 1072 3782 dicit
1120 3738 1175 3782 et
1207 3727 1459 3796 plenum;
1495 3736 1551 3780 ut
1583 3728 1628 3780 is
1656 3726 1744 3796 qui
1776 3741 1898 3780 sese
1930 3726 2120 3780 exina-

523 3822 656 3875 uivit
688 3821 852 3892 366
871 3822 1096 3874 formam
1122 3821 1265 3875 servi
1289 3821 1589 3888 accipiens,
1617 3821 1812 3889 plenus
1836 3819 1978 3873 Deus
2001 3834 2122 3874 esse

527 3927 637 3968 non
671 3914 901 3966 desmat.
963 3911 1228 3966 Habitavit
1257 3912 1404 3965 enim
1457 3911 1508 3965 iu
1545 3910 1766 3965 Christo
1798 3913 1965 3965 omnis
2015 3913 2126 3981 pl:-

527 4005 712 4060 nitudo
759 4005 1043 4059 divinitatis
1093 4003 1440 4076 corporaliter
1493 4002 1742 4072 (Coloss.
1793 4003 1912 4074 tt),
1957 4015 2010 4058 et
2062 4005 2125 4058 de

523 4099 848 4172 plenitudine
873 4105 987 4173 ejus
1037 4119 1131 4156 nos
1178 4116 1355 4153 omnes
1395 4100 1688 4169 accepimus
1717 4142 1730 4161 ,
1765 4103 1990 4170 gratiam
2030 4117 2124 4172 pro

521 4195 692 4267 gratia
722 4191 911 4264 (Joan.
945 4210 991 4258 ι,
1030 4195 1159 4264 l6).
1196 4194 1351 4247 Hunc
1394 4207 1526 4246 vero
1555 4192 1783 4246 calicem
1808 4194 1980 4247 bibent
2005 4235 2016 4256 ,
2046 4193 2127 4246 itt-

600 4347 625 4375 ει
649 4337 892 4392 Isidorus
913 4337 1196 4393 Clariusiu
1223 4335 1460 4390 Scholiis
1482 4334 1546 4388 ad
1574 4332 1717 4386 hunc
1737 4333 1913 4386 locum
1933 4350 1946 4384 :
1969 4332 2120 4399 Quod

2223 3268 2359 3334 quod
2385 3263 2623 3318 Christus
2647 3263 2800 3320 Jesus
2832 3268 2965 3320 venit
2998 3267 3049 3320 in
3081 3267 3219 3320 hunc
3250 3269 3506 3321 mundum
3536 3281 3818 3339 peccatores

2223 3359 2391 3413 salvos
2447 3361 2657 3431 facere;
2703 3379 2920 3429 quorum
2949 3379 3042 3432 ego
3091 3379 3204 3416 sum
3251 3363 3452 3435 primus
3487 3362 3507 3434 (
3535 3362 3554 3415 ι
3581 3361 3716 3416 Tim.
3742 3378 3755 3416 ι
3779 3361 3816 3431 ).

2218 3451 2330 3507 Nec
2359 3451 2462 3506 sibi
2507 3455 2707 3524 aliquis
2735 3456 2802 3508 de
2843 3456 3019 3510 salute
3065 3460 3293 3526 propria
3334 3457 3457 3511 sine
3507 3457 3604 3511 Dei
3631 3455 3821 3511 Chriin

2229 3561 2459 3600 munere
2483 3547 2814 3615 blandiatur,
2841 3548 3059 3618 quando
3088 3548 3193 3602 Vas
3218 3549 3512 3604 electionis
3539 3547 3564 3586 ἀ
3595 3551 3818 3616 priorem

2232 3653 2294 3692 se
2317 3641 2513 3692 l'atetur
2542 3654 2661 3693 esse
2695 3641 2934 3693 omnium
2968 3651 3338 3710 peccatorum.
3361 3641 3648 3712 Quotquot
3674 3643 3822 3704 igitur

2237 3747 2301 3785 ex
2362 3733 2738 3801 peccatoribus
2805 3734 2965 3807 367
3021 3737 3370 3807 congregati,
3431 3736 3627 3792 bibere
3677 3736 3821 3789 (idem

2231 3823 2434 3878 Christi
2465 3827 2764 3881 meruimus
2788 3867 2802 3893 ,
2857 3828 3150 3898 participes
3176 3828 3364 3882 altaris
3389 3829 3572 3883 eli'ecti
3593 3870 3608 3894 ,
3645 3839 3702 3882 et
3743 3827 3824 3880 do-

2235 3932 2362 3970 num
2397 3917 2745 3972 charismatis
2787 3921 3102 3986 consecuti,
3134 3935 3256 3974 cum
3291 3934 3426 3974 voce
3456 3917 3828 3974 exsultationis

2233 4018 2288 4064 et
2317 4011 2701 4080 C'lllreSSlOI'llS,
2735 4013 2829 4066 Dei
2865 3999 3089 4066 munera
3137 4012 3505 4082 prtedicemus
3558 4013 3826 4066 dicentes:

2237 4103 2448 4158 Parasti
2477 4107 2529 4158 in
2559 4115 2833 4177 conspectu
2855 4123 2968 4160 meo
2996 4123 3224 4161 mensam
3250 4106 3505 4159 adversus
3527 4122 3617 4159 eos
3641 4105 3728 4172 qui
3747 4105 3828 4156 tri-

2236 4198 2414 4252 bulant
2449 4215 2542 4252 me.
2579 4198 2926 4272 Impinguasti
2953 4201 3006 4253 in
3033 4200 3144 4254 oleo
3173 4207 3333 4269 caput
3363 4215 3536 4252 meum
3560 4215 3579 4252 :
3611 4208 3661 4251 et
3690 4212 3830 4267 poru-

2307 4348 2328 4374 ο
2360 4338 2398 4390 Α
2437 4337 2637 4407 Lapide
2662 4339 2712 4391 in
2740 4337 2881 4390 hunc
2906 4335 3153 4403 Apostoli
3175 4337 3357 4407 locum
3388 4345 3544 4388 recte
3568 4334 3828 4407 observat,

531 4413 603 4486 ait
628 4412 810 4486 debere
833 4427 916 4464 eos
947 4408 1364 4486 qaudere._quod
1395 4407 1556 4486 eatad
1575 4404 1807 4486 Patrem;
1835 4405 2037 4486 ridetur
2059 4404 2130 4486 .ob
2163 4417 2209 4474 ι)
2235 4409 2395 4486 quod
2429 4403 2550 4486 cum
2587 4409 2936 4486 ait,_.0mnes_
2939 4419 3083 4486 egent
3111 4406 3297 4486 gloria
3328 4405 3446 4471 Dei,
3479 4407 3640 4474 justa
3660 4403 3827 4486 Cyl-it.

531 4483 626 4536 hoc
658 4484 880 4547 dictum,
925 4476 1062 4553 quod
1093 4476 1446 4552 proﬁciscente
1474 4479 1527 4553 in
1557 4476 1986 4553 ctelumDomino
2006 4517 2020 4539 ,
2053 4478 2132 4528 in-

534 4553 791 4609 tellecturi
823 4547 1052 4620 apertius
1094 4547 1270 4606 essent
1303 4550 1549 4620 mysteria
1579 4547 1674 4620 illa
1722 4547 2008 4620 divinitatis
2033 4588 2046 4610 ,
2088 4559 2132 4599 et

536 4573 791 4609 leuecmrt
823 4574 849 4605 tt
894 4573 1052 4606 artius
1104 4573 1270 4606 essent
1303 4573 1549 4620 myswrt
1579 4573 1674 4601 mu
1722 4573 2008 4600 urvum-uua
2033 4588 2046 4610 ,
2088 4573 2131 4599 ct

536 4628 823 4679 nativitatis
848 4573 980 4677 βὶιιί
1002 4642 1033 4676 u
1064 4622 1239 4680 Putre.
1272 4633 1319 4674 et
1352 4623 1598 4675 unitatem
1628 4619 1754 4672 Filii
1781 4634 1896 4670 cum
1935 4616 2094 4670 Patre
2119 4660 2131 4682 ,

537 4707 586 4749 et
611 4707 796 4767 cwtera
827 4697 980 4767 hujus
1035 4695 1258 4765 generis.

612 4765 639 4804 ι)
670 4767 804 4820 Nota
833 4759 915 4820 e~'t
947 4759 1126 4833 regillo
1154 4780 1315 4834 quam
1343 4760 1812 4834 t‘iroiexponendis
1840 4759 2136 4834 scripturis

543 4839 715 4892 tradit
767 4837 907 4905 Aug.
943 4839 978 4887 Ι.
1011 4831 1024 4888 i
1072 4837 1139 4888 de
1174 4831 1371 4888 Dat-tr.
1406 4833 1612 4887 Christ.
1645 4847 1696 4888 c.
1731 4831 1801 4886 56
1834 4849 1845 4881 :
1888 4831 2137 4898 Quisquis

543 4907 846 4978 Scripturas
869 4908 1074 4960 divinas
1103 4949 1116 4968 ,
1157 4907 1234 4960 vel
1260 4906 1544 4977 quamlibet
1577 4921 1754 4958 earum
1786 4913 2012 4978 partem,
2038 4905 2137 4978 Ain-

546 4975 803 5034 telleatisse
829 4979 924 5030 sibi
957 4979 1157 5031 videtur
1184 5021 1196 5040 ,
1229 4975 1374 5030 itaut
1403 4994 1460 5030 eo
1491 4978 1752 5030 intellectu
1783 4991 1884 5026 non
1913 4975 2136 5042 (cdt/icet

543 5056 800 5122 geminam
825 5050 1127 5102 charitatem
1157 5092 1170 5112 ,
1198 5047 1331 5122 Dei,
1369 5061 1413 5102 et
1443 5050 1703 5120 proximi;
1728 5046 1956 5122 nondum
1975 5047 2136 5122 intel-

547 5118 692 5177 lexit.
726 5122 966 5190 Quisquis
997 5138 1110 5174 vero
1133 5121 1286 5174 talem
1313 5118 1771 5174 inde—sententiam
1801 5118 2005 5190 duxerit
2038 5158 2052 5180 ,
2087 5129 2140 5171 ut

547 5193 666 5248 huic
692 5187 1017 5260 aediﬁcanda
1038 5192 1274 5246 charitati
1303 5198 1367 5246 sit
1400 5193 1545 5245 utilis
1565 5233 1578 5256 ,
1612 5208 1704 5244 nec
1733 5201 1899 5242 tamen
1928 5187 2025 5239 hoc
2055 5189 2136 5241 di-

551 5269 684 5321 xerit
717 5266 854 5333 quod
876 5264 966 5317 ille
986 5280 1136 5332 quem.
1160 5266 1279 5334 legit
1305 5306 1318 5327 ,
1342 5281 1399 5316 co
1443 5265 1556 5318 loco
1603 5265 1821 5317 sensisse
1855 5261 2138 5334 probatur;

547 5355 650 5392 non
684 5331 970 5407 perniciose
1000 5331 1244 5406 fallitnr',
1279 5353 1368 5388 nec
1405 5337 1610 5388 ontnino
1659 5344 1920 5407 mentitur.
1973 5331 2138 5407 P_a_t_t_lo

548 5403 862 5465 aliterident
884 5403 1246 5467 Gaudentius.
1272 5423 1432 5473 supra
1454 5408 1506 5458 in
1527 5415 1596 5460 tr.
1615 5407 1682 5459 de
1708 5405 1897 5458 VilliCo
1928 5418 1980 5471 p.
2001 5403 2098 5456 551
2125 5420 2136 5453 :

560 5479 718 5535 Venio
746 5498 884 5535 nunc
910 5481 979 5533 ad
1008 5479 1142 5534 illud
1171 5479 1309 5551 qtt-nl
1339 5487 1607 5551 tantopere
1635 5496 1666 5530 a
1701 5493 1779 5530 me
1809 5475 2058 5551 exegisti,
2093 5486 2139 5525 et

548 5554 674 5626 quid
705 5570 862 5622 super
885 5569 945 5626 eo
970 5545 1219 5616 sentiam,
1248 5561 1558 5626 quaﬂpotero
1591 5550 1842 5626 brevitate
1875 5545 2140 5626 narrabo;

550 5615 682 5680 nulli
722 5615 1162 5698 prtvjudicaturus
1186 5615 1214 5691 ,ν
1233 5615 1458 5698 qualiter
1486 5619 1844 5698 interpretari
1881 5615 2096 5698 voluerit
2124 5658 2138 5681 ,

551 5688 732 5750 modo'
759 5688 1141 5764 ut'emptanatio
1172 5688 1286 5770 ejus
1315 5688 1659 5751 traditionem
1692 5694 1814 5764 ﬁdei
1842 5688 2144 5760 apostolica:

549 5783 655 5822 non
679 5770 954 5840 infringat.

2241 4479 2350 4533 lum
2387 4482 2436 4534 in
2465 4482 2557 4533 lib.
2590 4481 2658 4534 de.
2695 4481 2860 4534 Recta
2897 4481 3029 4534 Fide
3059 4482 3122 4533 ad
3159 4479 3432 4547 Reginus,
3482 4493 3580 4543 per
3621 4479 3828 4544 gloriam

2243 4551 2504 4616 intelligit
2537 4551 2838 4610 Christum.
2883 4555 2973 4622 qui
3016 4563 3098 4604 est
3126 4551 3298 4622 glori.-
3335 4550 3540 4612 Patris,
3599 4553 3701 4602 hoc
3732 4549 3830 4622 ipso

2240 4639 2348 4689 quo
2387 4633 2474 4677 est
2531 4624 2865 4693 Redemptor
2892 4619 2917 4685 ξ
2937 4635 2988 4676 et
3029 4619 3362 4693 justilicator
3411 4631 3649 4685 noster;
3694 4619 3830 4693 quasi

2241 4693 2386 4748 dicat
2419 4696 2615 4762 Paulus
2649 4713 2659 4746 :
2704 4689 2880 4748 oinnes
2912 4689 3055 4766 egent
3087 4691 3702 4766 ChristoRedemptore.
3743 4689 3832 4766 Alii

2243 4768 2415 4832 magis
2449 4769 2687 4835 genuine
2713 4767 2778 4818 ad
2814 4762 3052 4818 nit-niem
3080 4765 3351 4827 Apostoli,
3391 4780 3488 4832 per
3515 4762 3738 4835 gloriam
3760 4763 3834 4814 hic

2242 4834 2516 4899 accipiunt
2543 4841 2787 4903 gratiam,
2811 4854 2914 4905 qua
2939 4837 3286 4905 glorilicatur
3317 4835 3482 4888 Deus.
3519 4834 3672 4888 Unde
3702 4834 3830 4889 Hier.

2245 4909 2342 4962 lib.
2377 4923 2426 4961 vi
2463 4911 2513 4962 in
2552 4909 2744 4963 Isaiam
2777 4924 2826 4963 c.
2867 4924 2981 4975 xu,
3016 4919 3067 4960 ot
3104 4908 3241 4974 Aug.
3279 4907 3318 4958 l.
3354 4923 3368 4960 ι
3401 4908 3469 4959 de
3507 4917 3715 4970 reet-at.
3746 4905 3833 4959 Mc-

2242 4983 2335 5035 rit.
2373 4997 2420 5031 c;
2454 4981 2544 5044 27,
2581 4985 2814 5034 citantes
2864 4995 2968 5032 non
3018 4989 3122 5031 tam
3170 4977 3359 5043 verba,
3411 4993 3574 5048 quam
3633 4991 3832 5031 sensum

2243 5051 2516 5119 Apostoli,
2564 5054 2794 5116 legunt:
2835 5050 3030 5104 Omnes
3077 5061 3223 5118 egent
3262 5052 3435 5119 gratia
3492 5050 3609 5103 Dei.
3659 5049 3834 5116 Quatu-

2243 5139 2403 5190 quam
2437 5140 2628 5175 omnes
2665 5127 2714 5174 bi
2750 5138 2947 5176 sensus
2978 5124 3171 5176 eodem
3219 5120 3338 5173 fere
3389 5124 3646 5175 tendunt.
3681 5119 3829 5190 Lugd.

2244 5192 2410 5247 editio
2431 5195 2559 5260 legit
2584 5203 2798 5266 elegerit
2819 5195 2987 5264 qratia
3021 5193 3136 5252 Dei.
3167 5203 3221 5246 et
3257 5194 3425 5258 paulo
3456 5205 3575 5266 post
3610 5193 3779 5266 deuito
3797 5200 3832 5243 et

2242 5275 2390 5338 egent
2412 5270 2580 5336 gratia
2607 5262 2722 5331 Dei;
2749 5262 3037 5334 m'ljestatis
3051 5266 3241 5336 quippe
3258 5265 3624 5338 ejusmedela;
3641 5277 3685 5314 at
3707 5262 3830 5338 Flor.

2244 5331 2365 5390 cini.
2398 5331 2451 5390 et
2483 5340 2620 5390 liber
2643 5331 2958 5404 Pantagatbi
2986 5331 3502 5402 utrobiqtte'habent
3538 5337 3705 5403 gloria
3733 5331 3829 5386 Dei.

2316 5407 2342 5443 ά
2378 5409 2492 5480 Hoc
2523 5421 2604 5462 eSt
2651 5409 2982 5462 deteriorem.
3023 5411 3270 5480 pejor-em,
3313 5423 3420 5480 non
3450 5406 3758 5480 digniorem,
3785 5412 3832 5457 ut

2246 5485 2451 5549 putavit
2480 5479 2738 5534 Barthius
2797 5483 2849 5532 ill
2881 5477 3255 5532 Attintailvers.
3295 5479 3365 5530 atl
3401 5477 3624 5531 Paulini
3667 5477 3830 5549 Petrus

2245 5547 2380 5606 eorii
2409 5553 2496 5606 lib.
2535 5552 2553 5605 l
2586 5553 2782 5606 devita
2823 5552 2880 5604 Β.
2916 5551 3168 5613 Martini;
3227 5551 3330 5602 hoc
3392 5552 3512 5604 loco
3561 5547 3828 5605 Gaudentii

2245 5640 2376 5679 usus
2407 5625 2473 5680 ad
2500 5623 2882 5679 illustrandum
2913 5623 3127 5677 Paulini
3162 5619 3297 5675 illud
3336 5639 3349 5676 :

2438 5771 2573 5834 Ipsos
2593 5770 2880 5823 subdiderat
2896 5769 3095 5822 dilectio
3113 5781 3229 5820 vera
3256 5766 3466 5830 priores.
