4070 6346
554 340 668 396 995

1645 327 1702 384 s.
1747 324 2123 385 GAUDENTII
2167 323 2433 386 enixus:
2475 310 2786 383 EPISCUPI

3759 330 3859 396 990

557 455 753 512 delitas
785 449 1080 515 interfecit,
1132 447 1351 506 Domini
1394 443 1602 516 justitia
1645 443 1956 498 coronavit.
1988 450 2012 477 α
2050 442 2149 496 l’e-
2181 446 2232 508 Α
2263 438 2502 510 piscator
2528 459 2540 493 :
2566 441 2765 496 Paulus
2798 448 3159 509 persecutor;
3197 440 3292 496 sed
3325 442 3489 497 ambo
3517 451 3708 511 postea
3738 443 3856 504 lacti

560 556 678 603 trus
707 545 1050 615 cruciﬁgitur
1080 557 1237 598 verso
1266 539 1332 594 ad
1369 548 1566 592 terram
1614 537 1792 608 capite
1820 577 1836 601 ,
1865 545 1919 590 et
1965 535 2018 589 in
2068 550 2154 588 stt-

557 641 722 697 blime
756 638 985 711 pedibus
1035 635 1290 699 elevatis,
1342 646 1594 688 asserens
1643 629 1919 700 indignum
1973 644 2033 682 se
2066 627 2157 697 qui

561 735 634 792 ita
668 735 1080 801 cruciﬁgeretur
1111 737 1171 785 ut
1219 727 1488 782 Dominus
1536 738 1685 778 suus.
1739 721 1944 780 Paulus
1973 720 2158 793 gladio

561 827 738 897 capite
763 819 1252 878 truncatur.Ambo
1277 817 1515 884 nobiles,
1549 814 1710 868 ambo
1738 815 1974 886 insignes
2007 829 2019 864 :
2051 811 2159 866 duo

564 937 698 978 vero
742 917 927 975 mundi
971 917 1198 982 lumini,
1229 913 1497 970 columna:
1549 910 1695 978 ﬁdei,
1744 909 2001 964 Ecclesia:
2036 905 2159 961 fitti-

561 1014 806 1081 datores,
845 1009 1167 1065 innocentia:
1221 1005 1486 1078 magistri,
1540 1003 1706 1058 totius
1755 1001 2061 1057 sanctitatis
2103 1009 2159 1054 et

559 1107 805 1164 veritatis
818 1114 1088 1160 auctores.
1113 1101 1261 1168 Quos
1285 1109 1410 1153 tunc
1425 1098 1585 1169 digne
1611 1095 1832 1151 laudare
1849 1109 2157 1166 possumus,

563 1203 608 1258 si
639 1217 735 1258 eos
764 1198 966 1254 divinis
997 1194 1328 1252 testimoniis
1383 1192 1764 1266 prazdicemus,
1827 1189 2022 1258 quibus
2063 1202 2160 1241 eos

561 1294 727 1368 369
761 1291 976 1350 Veritas
1026 1292 1138 1362 ipsa
1194 1287 1456 1343 laudavit.
1505 1285 1674 1342 Petro
1719 1282 2002 1340 conﬁtenti
2055 1281 2163 1336 Do-

563 1387 745 1442 minus
775 1385 909 1440 dicit
943 1401 954 1434 :
993 1382 1186 1436 Beatus
1229 1399 1313 1444 es,
1359 1380 1542 1435 Simon
1581 1377 1842 1452 Bar-jona
1872 1392 1888 1428 :
1915 1375 2158 1446 quoniam

561 1495 684 1533 caro
715 1487 760 1532 et
781 1476 994 1548 sanguis
1027 1493 1129 1532 non
1162 1474 1404 1528 revelavit
1437 1472 1460 1510 ι)
1497 1473 1619 1538 tibi,
1652 1472 1741 1528 sed
1781 1469 1941 1524 Pater
1980 1487 2157 1538 meus,

561 1573 650 1644 qui
684 1571 734 1624 in
760 1569 898 1624 (telis
928 1577 1000 1624 est
1029 1567 1248 1640 (Matth.
1286 1565 1423 1636 xvt).
1454 1566 1520 1620 Et
1555 1607 1568 1631 ,
1602 1565 1692 1619 tibi
1723 1563 1863 1626 dico,
1898 1563 2070 1631 Petre,
2107 1572 2160 1616 tn

561 1679 614 1718 es
649 1660 838 1716 Petrus
861 1703 876 1728 ,
915 1671 958 1714 et
990 1676 1145 1729 super
1177 1660 1309 1713 hanc
1338 1669 1533 1727 petram
1569 1656 1837 1726 tediﬁcabo
1870 1654 2162 1710 Ecclesium

561 1770 748 1821 meam,
777 1763 827 1809 et
855 1764 1017 1822 porta:
1048 1753 1206 1820 inferi
1226 1769 1328 1807 non
1359 1748 1708 1824 prtevalebtmt
1739 1749 1988 1803 adversus
2020 1764 2153 1801 eant.

2264 543 2389 586 sunt
2433 534 2712 587 hominum
2747 533 3072 603 piscatores.
3123 534 3334 592 Etenim
3370 551 3470 604 per
3503 544 3677 590 totum
3720 551 3862 595 mare

2263 625 2452 681 surculi
2485 625 2644 694 hujus
2682 625 2699 662 ί
2733 626 2990 680 salutaris
3019 627 3278 681 doctrinm
3313 629 3451 684 retia
3499 628 3860 689 tetenderunt.

2264 717 2458 773 Petrus
2477 719 2762 774 ambulare
2782 719 3006 788 jubetur
3027 720 3077 773 in
3098 719 3356 776 fluetibus
3377 719 3600 790 (Matth.
3618 736 3729 785 ιη,
3750 721 3862 792 9.9):

2264 811 2462 866 Paulus
2493 813 2544 866 in
2582 813 2840 878 nubibus,
2873 822 2895 859 8
2929 813 3058 869 dum
3096 830 3268 885 usque
3295 815 3364 870 ad
3398 815 3624 872 tertium
3655 815 3865 878 ducitur

2262 904 2462 958 caelum
2491 923 2501 958 :
2528 905 2688 959 ambo
2717 908 2766 959 in
2796 905 2926 960 invii
2961 906 3176 960 itineris
3214 907 3543 977 gradiuntur
3570 907 3863 977 elemento,

2265 1002 2395 1057 fidei
2447 1003 2646 1057 virtute
2693 1004 2978 1058 sublimes.
3038 1007 3211 1070 Quem
3262 1007 3350 1060 cui
3403 1020 3732 1074 przeponere
3777 1020 3864 1058 au-

2264 1093 2450 1159 deam,
2488 1097 2719 1160 nescio;
2756 1112 2881 1152 cum
2913 1097 3182 1155 Dominus
3225 1112 3320 1152 eos
3365 1098 3470 1153 sub
3505 1113 3608 1151 una
3661 1097 3865 1153 confes-

2265 1188 2420 1243 sione
2453 1187 2478 1225 ιι
2509 1190 2750 1261 aequales
2783 1191 2834 1242 in
2879 1190 3138 1266 passione
3186 1193 3583 1248 mousUaverit
3605 1232 3621 1256 ,
3663 1190 3716 1244 in
3747 1207 3860 1246 vera

2267 1281 2611 1336 fraternitate
2661 1284 3043 1349 conjuux'erit,
3099 1283 3478 1337 unanimitatis
3519 1283 3742 1337 vinculo
3779 1299 3859 1338 co-

2268 1375 2508 1445 pularit;
2546 1386 2598 1427 ut
2629 1376 2796 1429 etiam
2834 1377 2900 1429 de
2942 1374 3074 1444 ipsis
3111 1377 3424 1430 rectissime
3472 1390 3860 1445 praesumamus

2269 1468 2590 1539 prophetico
2635 1470 2830 1540 spiritu
2877 1468 3042 1540 31o
3086 1467 3447 1540 pradicatutu
3485 1486 3500 1524 :
3540 1469 3679 1528 Ecce
3721 1485 3862 1538 quam

2268 1565 2454 1622 (tonum
2477 1608 2492 1631 ,
2532 1575 2577 1618 et
2615 1581 2770 1635 quam
2790 1565 3085 1636 jucundum
3104 1605 3118 1629 ,
3151 1565 3390 1620 habitare
3417 1563 3610 1634 fratres
3637 1565 3688 1617 in
3714 1581 3863 1620 unum

2267 1655 2384 1724 (Ps.
2412 1654 2646 1728 cum).
2672 1658 2807 1714 Sunt
2834 1656 3051 1729 quidem
3080 1654 3296 1726 Moyses
3320 1664 3380 1716 et
3411 1657 3624 1719 Aaron.
3655 1654 3723 1710 de
3753 1655 3864 1725 qui-

2270 1749 2369 1806 bus
2402 1749 2602 1806 dicitur
2634 1749 2853 1807 fratres.
2883 1750 3019 1808 Sunt
3059 1749 3346 1820 Prophetas
3380 1760 3440 1808 et
3472 1749 3729 1819 Apostoli
3769 1766 3864 1810 una

561 1845 632 1904 Et
678 1848 768 1901 tibi
806 1846 941 1901 dabo
987 1847 1154 1899 clm-es
1202 1845 1348 1917 regni
1389 1844 1674 1909 cwloruni;
1716 1851 1770 1900 et
1818 1852 2038 1898 uetera.
2091 1831 2163 1896 De
2197 1845 2242 1906 B
2271 1842 2541 1906 dot-trioa,
2597 1841 2792 1911 spiritu
2840 1842 3057 1898 fratres.
3099 1840 3111 1879 ί
3146 1842 3287 1900 Sunt
3334 1844 3386 1900 in
3433 1843 3598 1900 nobis
3644 1842 3866 1903 interior

561 1942 730 2000 Paulo
765 1953 786 1980 ο
820 1941 948 2013 quid
998 1939 1221 1994 dicam?
1275 1939 1536 2008 Quoniam
1583 1936 1683 1991 Vas
1732 1935 1996 1993 electionis
2047 1946 2158 2006 est,

561 2039 769 2110 inquit,
803 2039 888 2091 hic
917 2037 1044 2091 mihi
1071 2078 1084 2101 ,
1117 2047 1169 2088 ut
1200 2044 1370 2108 portet
1399 2050 1582 2088 nomen
1627 2049 1794 2085 meum
1830 2033 1880 2086 in
1921 2032 2160 2086 universo

560 2131 757 2186 mundo
797 2129 932 2203 (Act.
978 2128 1076 2200 Ix).
1121 2127 1296 2198 Super
1336 2143 1501 2180 unum
1547 2123 1801 2180 fundatur
1847 2123 2094 2179 Ecclesia
2142 2139 2157 2178 :

557 2219 1077 2294 alterdprctiosum
1123 2220 1246 2276 ﬁdei
1294 2235 1505 2293 uiyrttm
1548 2219 1796 2274 doctrina
1840 2233 1937 2274 sna
1982 2225 2161 2288 portat

557 2315 612 2372 in
671 2317 915 2387 populo,
965 2315 1082 2384 ipse
1135 2314 1245 2368 Vas
1297 2311 1582 2368 electionis
1637 2311 1888 2366 effectus.
1961 2311 2160 2365 Petrus

551 2409 748 2479 signis,
774 2418 829 2466 et
857 2407 1198 2464 mirabilibus
1229 2405 1485 2462 enitescit
1511 2423 1521 2460 :
1550 2403 1752 2463 Paulus
1785 2405 1840 2460 in
1873 2402 2120 2460 doctrina
2141 2445 2156 2469 ,

553 2509 610 2560 et
659 2501 1132 2574 persecutionibus
1176 2500 1462 2573 gloriatur.
1513 2497 1710 2554 Petrus
1761 2507 1784 2535 ε
1828 2507 1946 2553 erat
1992 2507 2153 2553 antea

627 2738 654 2767 ι
693 2726 927 2784 Putabat
950 2724 1029 2780 vir
1050 2722 1267 2792 quidam
1290 2719 1873 2792 doctus,desumptum
1905 2719 2008 2774 hoc
2035 2734 2159 2774 esse

556 2815 624 2859 ex
657 2800 805 2855 Actis
837 2791 1167 2868 apocryphis
1201 2809 1334 2868 qua:
1365 2792 1466 2846 sub
1494 2791 1610 2868 Lin_i
1653 2793 1874 2868 nomine
1920 2793 2158 2868 circum-

557 2863 1150 2935 ferunturfsed'rem
1198 2865 1526 2921 conﬁrmant
1578 2863 1887 2933 frequentia
1939 2864 2156 2917 Patrum

557 2944 893 3001 testimonia,
922 2937 1196 3007 Origeuis,
1223 2936 1529 3006 Augustini,
1559 2935 1863 2998 Prudentii,
1891 2935 2160 3006 (lhiysos-

557 3018 711 3073 tomi.
748 3022 804 3070 et
845 3014 1097 3071 aliormu,
1132 3023 1272 3077 quos
1304 3016 1552 3064 receu-et
1581 3007 1702 3060 Bar.
1730 3007 1796 3061 ad
1845 3008 1908 3063 Δ.
1961 3011 2020 3060 tj.
2057 3007 2156 3071 69,

562 3109 614 3144 n.
644 3085 736 3142 49.
765 3084 846 3140 Ne
886 3083 1005 3152 quis
1051 3080 1396 3135 inSOIentiam
1429 3080 1505 3152 rei
1541 3079 1821 3145 obteudat,
1875 3082 2161 3152 conferen-

2270 1946 2324 1990 et
2356 1935 2596 1991 exterior
2629 1934 2828 1998 homo,
2874 1937 2918 1990 si
2957 1950 3120 1990 unum
3180 1936 3430 2003 Sapiant,
3456 1935 3684 1992 fratres.
3740 1935 3865 1994 Sunt

2269 2029 2435 2084 etiam
2470 2029 2664 2086 Petrus
2704 2038 2756 2086 et
2803 2027 3002 2086 Paulus
3032 2044 3162 2086 vere
3199 2029 3600 2100 consanguinei
3642 2029 3863 2100 fratres.

2269 2139 2404 2194 quos
2439 2139 2541 2181 una
2585 2125 2787 2194 pariter
2825 2125 2960 2182 ﬁdes
3003 2123 3205 2192 proprii
3242 2122 3536 2194 sanguinis
3567 2122 3700 2178 fecit
3728 2138 3867 2180 cotu-

2274 2220 2530 2276 munione
2561 2234 2876 2288 genuarios.
2911 2219 3026 2289 Ego
3062 2233 3160 2276 eos
3189 2230 3242 2276 et
3273 2217 3526 2288 geminos
3552 2217 3742 2278 dicere
3772 2217 3865 2276 fra-

2269 2322 2378 2367 tres
2419 2311 2667 2377 audebo,
2717 2327 2857 2382 quos
2905 2319 3078 2366 mater
3136 2326 3238 2364 una
3283 2309 3686 2374 confessione,
3731 2307 3862 2364 felici

2271 2415 2464 2470 utero,
2498 2405 2659 2459 simul
2689 2405 2820 2460 fudit
2857 2405 2908 2460 in
2939 2420 3190 2474 regnum.
3221 2402 3374 2458 Beati
3402 2404 3557 2457 enim
3585 2403 3678 2474 qui
3709 2417 3864 2472 penei

2262 2502 2523 2553 cntionem
2556 2501 2824 2571 patiuntur
2854 2509 3069 2572 propter
3100 2500 3370 2574 justitiam
3393 2541 3406 2566 ,
3442 2500 3694 2570 quoniam
3738 2499 3864 2572 ipsa-

2261 2719 2388 2775 inde
2415 2736 2638 2790 prorsus
2673 2719 2736 2774 ad
2765 2721 3054 2776 let-tionem
3091 2730 3335 2776 nostram
3365 2736 3380 2787 ;
3415 2735 3542 2774 nam
3579 2719 3722 2777 aries
3749 2720 3857 2792 qui-

2262 2792 2382 2845 dem
2410 2808 2564 2845 muro
2589 2792 2921 2859 retunditur;
2949 2793 3091 2862 qttod
3119 2802 3296 2848 autem
3323 2809 3412 2846 ras
3439 2808 3651 2850 murum
3681 2803 3853 2863 portet,

2264 2866 2465 2916 uetuiui
2504 2879 2757 2934 umquam
2791 2865 3054 2919 auditum.
3087 2865 3182 2918 llic
3216 2867 3354 2920 nihil
3390 2865 3629 2920 subsidii
3666 2863 3855 2919 larisve

2260 2934 2562 2989 afferebam
2597 2951 2726 2990 tuss.
2768 2937 2929 2992 codd.
2962 2952 3084 2990 cum
3121 2937 3203 2990 vir
3233 2935 3598 2992 doctissimus
3648 2937 3855 3006 conspi-

2261 3022 2417 3060 Catus
2449 3016 2533 3060 est
2569 3008 2825 3061 mendum
2861 3009 3108 3074 subesse,
3144 3019 3324 3066 ortum
3359 3023 3426 3062 ex
3466 3009 3856 3078 permutatione

2264 3079 2574 3152 litterarum
2599 3097 2631 3148 ῃ
2663 3081 2876 3132 εοὶιίουι
2911 3082 2960 3132 in
2993 3099 3021 3134 ιι
3050 3097 3067 3146 ;
3100 3096 3162 3133 ac
3196 3079 3428 3152 proinde
3464 3079 3718 3152 proﬁtei
3749 3096 3853 3132 ma-

559 3162 659 3218 dus
690 3150 1132 3228 Lipsitisdecrui
1155 3167 1186 3208 e
1211 3153 1246 3204 Ι.
1274 3166 1353 3228 ut,
1383 3165 1432 3204 c.
1466 3151 1520 3214 8,
1553 3166 1659 3228 quo
1689 3152 1860 3228 inagis
1884 3150 1950 3228 lit
1973 3161 2028 3205 ut
2053 3151 2157 3228 tni-
2185 3165 2230 3226 ρ
2265 3151 2511 3228 ram_|egi
2547 3150 2748 3204 debere
2797 3152 2918 3228 ﬁdei
2962 3168 3167 3224 myrunt
3197 3150 3214 3216 ξ
3257 3151 3414 3223 cujus
3447 3152 3526 3228 rei
3546 3150 3854 3228 frequentia

561 3249 672 3295 rer,
724 3221 1030 3298 h'ujusmodi
1079 3225 1408 3298 sententiam
1435 3221 1639 3298 eruditi
1689 3223 1926 3298 hominis
1960 3222 2160 3298 animo

561 3293 846 3364 ittscdissc,
877 3314 999 3352 eum
1035 3296 1338 3355 praesertim
1381 3294 1515 3348 Acta
1559 3295 1654 3348 illa
1704 3293 2048 3362 suppo~ititia
2083 3294 2161 3346 vi-

561 3377 936 3432 deanturacvo
986 3367 1276 3424 Gattdt-ntii
1327 3366 1618 3420 admodum
1669 3367 1992 3421 reci-ntiora.
2031 3365 2160 3418 \‘ide

561 3448 721 3503 Voss.
751 3447 818 3499 de
851 3443 986 3496 lliSt.
1017 3441 1196 3496 Grmc.
1229 3438 1266 3490 Ι.
1297 3453 1362 3504 ll,
1398 3451 1446 3490 c.
1481 3438 1533 3490 9.
1567 3439 1836 3492 Craterum
1869 3436 2161 3492 Gaudentii

559 3519 724 3574 verba
754 3515 941 3572 eadem
974 3512 1200 3566 omnino
1227 3520 1351 3562 sunt
1389 3523 1452 3562 ac
1494 3509 1806 3580 llieiouymi
1839 3510 1890 3563 in
1927 3511 2062 3562 libro
2092 3508 2161 3580 de

560 3591 759 3658 Script.
788 3586 961 3650 Eeo|.,
992 3585 1080 3637 ubi
1103 3583 1175 3635 de
1205 3581 1367 3634 Petro
1393 3580 1512 3658 hmc
1540 3579 1740 3658 habet:
1776 3582 1981 3649 Afﬁxus
2016 3579 2161 3658 cruci

561 3652 812 3732 martyrio
836 3665 1111 3732 coronatus
1162 3661 1259 3732 est,
1287 3654 1452 3721 capite
1480 3654 1548 3704 ad
1577 3664 1779 3732 terrain
1809 3668 1952 3705 vcrso
1971 3694 1984 3717 ,
2027 3661 2074 3732 et
2105 3652 2158 3732 in

563 3724 779 3788 subitine
805 3726 1022 3801 pedibus
1046 3725 1282 3801 elevatis,
1313 3737 1546 3776 asserens
1571 3741 1624 3776 se
1669 3724 1941 3794 indignant
1971 3724 2060 3794 qui
2088 3724 2162 3792 sic

563 3795 946 3874 cruciﬁgeretur
962 3806 1038 3874 _ut_
1062 3795 1326 3874 Dominus
1341 3811 1488 3848 suus.

638 3874 666 3914 δ
697 3865 774 3930 ita
816 3875 868 3924 in
907 3870 1072 3924 editis
1111 3877 1165 3922 et
1208 3867 1518 3931 Vaticano;
1563 3882 1684 3920 nam
1734 3867 1786 3920 in
1825 3865 1950 3921 cod.
1999 3865 2155 3934 Urb.,

566 3947 722 4002 deest
747 3944 871 4010 tibi;
897 3951 956 3996 at
981 3941 1220 4012 priorem
1249 3939 1539 3993 lectionem
1570 3951 1749 3996 tuetur
1777 3950 1955 3994 textus
1985 3938 2159 3991 Evan-

601 4020 790 4074 elicus.

563 4035 826 4144 “twigs.
862 4086 1061 4140 habent
1089 4082 1215 4154 quid
1239 4084 1412 4136 dicit?
1451 4082 1554 4137 hoc
1599 4096 1781 4136 autem
1831 4081 2000 4154 magis
2029 4095 2162 4154 con-

566 4163 755 4216 venire
785 4159 1018 4221 videtur,
1065 4171 1188 4210 cum
1239 4159 1491 4224 loquatur
1536 4171 1599 4209 ex
1656 4170 1883 4222 lersona
1933 4153 2158 4208 Christi.

641 4232 668 4271 ἀ
702 4231 953 4302 Fugisset
983 4246 1068 4281 me
1095 4229 1332 4302 profecto
1363 4228 1666 4302 locusiste,
1694 4224 2160 4302 nisi‘comiiventi,

571 4298 1009 4371 transilietttiqtte
1041 4300 1200 4363 mihi,
1231 4300 1421 4352 vitium
1450 4300 1742 4353 indicasset
1770 4299 1849 4351 vir
1872 4298 2160 4371 nobilitate

564 4377 738 4446 juxta,
769 4389 836 4430 ac
865 4365 989 4446 rara
1019 4372 1324 4446 litterarum
1377 4371 1534 4424 laude
1578 4365 1927 4446 praepollens,
1975 4367 2160 4446 scipio

571 4441 854 4508 Malfeius,
908 4443 1132 4498 tinime
1187 4443 1320 4495 mihi
1377 4446 1429 4496 in
1487 4454 1801 4496 transcursu
1853 4441 2156 4504 dicendus,

569 4536 730 4590 quem
760 4520 882 4590 jure
912 4526 1120 4584 optimo
1151 4513 1316 4590 Italae
1343 4523 1546 4567 nostrae
1575 4515 1767 4590 decus,
1800 4527 1863 4566 ac
1893 4513 2158 4590 bonarum

569 4587 770 4646 artium
795 4588 1050 4643 columen
1077 4588 1351 4656 appellare
1381 4600 1621 4653 possunt.
1645 4587 1982 4652 Quamquam
2013 4587 2156 4638 enim

573 4679 680 4717 non
711 4661 870 4730 plane
898 4655 1164 4730 assentiar
1186 4655 1252 4709 iis
1273 4672 1394 4730 quae
1417 4666 1602 4710 contra
1627 4657 1951 4730 sumentium
1983 4670 2158 4730 meam

574 4726 790 4789 erudite
832 4729 1120 4783 admodum
1167 4735 1332 4794 tque
1377 4729 1662 4794 ingeniose
1703 4726 2027 4794 eonscripsit
2055 4767 2070 4791 ,
2107 4729 2158 4780 in

575 4805 964 4860 dissertatione
989 4799 1166 4854 italica
1195 4799 1266 4852 de
1301 4797 1694 4853 Veronensium
1723 4799 1932 4864 origine
1957 4806 2012 4852 et
2042 4800 2162 4850 lini-

573 4877 675 4930 bus
717 4875 1191 4930 Cenomanorum;
1225 4884 1333 4921 non
1385 4869 1506 4923 ideo
1553 4869 1734 4923 minus
1776 4870 2028 4922 estmiam
2060 4869 2160 4924 viri

576 4947 878 5000 doctrinam
911 4987 924 5008 ,
981 4952 1070 4994 aut
1115 4941 1316 5007 ingenii
1348 4956 1576 4995 acumen
1609 4941 1845 5007 suspicio
1876 4958 1888 4992 :
1922 4958 2028 4994 non
2059 4943 2162 4995 mi-

577 5033 678 5070 nus
707 5016 972 5085 ingenuas
997 5052 1013 5075 ,
1044 5027 1107 5066 ac
1156 5013 1509 5066 suavissimas
1553 5028 1736 5069 mores
1782 5028 1947 5085 amo;
1994 5029 2114 5068 cttm
2139 5056 2156 5083 ,

577 5100 633 5143 ut
663 5083 836 5158 inquit
869 5085 1135 5158 Manutius
1183 5096 1388 5148 noster,
1421 5085 1738 5158 opinionum
1769 5083 2157 5141 dis-imilitndo

575 5157 783 5217 tantum
813 5158 953 5211 absit
977 5173 1003 5208 a
1032 5157 1328 5221 simultate,
1357 5165 1413 5210 ut
1439 5157 1744 5224 emt-tissime
1770 5159 1858 5224 qtti
1887 5161 2157 5213 sententia

571 5236 908 5302 discrepant,
941 5228 994 5282 in
1027 5242 1214 5282 amore
1242 5233 1604 5302 consentiant.
1641 5229 1747 5285 Sed
1780 5229 1994 5284 caeteris
2023 5229 2161 5302 mis-

573 5307 672 5372 sis,
697 5300 838 5372 qmid
874 5315 1014 5354 nunc
1049 5302 1212 5372 instat
1237 5315 1480 5368 agamus.
1503 5300 1742 5369 Lugebat
1767 5315 1920 5356 vetus
1946 5301 2114 5356 editio
2137 5319 2154 5357 τ

573 5370 1025 5447 αἰιὰφνεῑὶοδωρξ
1070 5370 1191 5447 ﬁdei
1229 5386 1432 5447 merum
1469 5374 1713 5447 doctrina
1749 5389 1854 5447 sua
1889 5382 2057 5440 portat
2102 5375 2157 5427 in

573 5441 798 5520 papula,
837 5447 948 5514 ipse
989 5441 1092 5520 i'as
1129 5443 1388 5520 doctioth
1423 5443 1672 5520 e[]’ect_us;
1705 5445 1798 5497 scd
1826 5445 2020 5520 iturine
2042 5461 2157 5504 0m-

574 5512 704 5574 imit.
738 5512 1001 5571 haeserat
1039 5518 1198 5568 lectio
1227 5523 1284 5566 et
1313 5512 1697 5568 Gaudentiano
1723 5518 1884 5584 genio
1911 5516 2153 5584 indigna.

572 5591 706 5647 Nam
741 5590 831 5659 qui
874 5586 993 5642 ﬁeri
1039 5592 1220 5656 potest
1263 5595 1319 5638 ut
1363 5601 1450 5638 eas
1483 5596 1644 5653 portet
1677 5591 1930 5640 «iurant?
1960 5587 2158 5642 deinde

571 5663 787 5718 etiamsi
817 5677 906 5714 nas
939 5659 1067 5733 illud
1101 5675 1205 5710 non
1237 5666 1424 5724 esset,
1459 5659 2020 5733 quotttedo_apposite
2053 5659 2156 5713 dici

569 5742 834 5806 queatut
862 5730 983 5795 quis
1029 5744 1232 5806 murum
1278 5727 1495 5806 portet?
1525 5727 1870 5806 ApudHier'.
1906 5731 1958 5785 in
1992 5733 2154 5806 epist.

569 5799 638 5860 id
669 5805 1024 5876 Heliodorum
1055 5801 1282 5876 habetur
1313 5819 1325 5853 ξ
1351 5799 1496 5876 Aries
1525 5802 1620 5855 iste
1647 5803 1874 5876 pietatis,
1901 5819 2001 5873 quo
2032 5803 2158 5876 ﬁdes

569 5878 825 5947 quatitur,
873 5871 1147 5943 Evangelii
1196 5872 1546 5926 retundendus
1594 5871 1664 5928 esi
1710 5871 1996 5939 murosat
2028 5874 2157 5929 nihil

2189 4553 2241 4614 D

2264 3222 2403 3286 apud
2437 3230 2652 3277 veteres
2691 3225 2937 3291 exempla
2970 3221 3680 3287 occurrunt{scribebant
3720 3221 3855 3277 enim

2265 3291 2552 3366 .Iiguptntn
2600 3309 2697 3360 pro
2753 3293 3074 3366 .Egyptnm,
3123 3295 3338 3366 Suriant
3384 3304 3437 3347 ct
3493 3294 3854 3366 Sttracusam,

2263 3365 2605 3440 pt'o__.§'yriam
2637 3374 2693 3419 et
2731 3365 3080 3440 Syracusani,
3133 3365 3341 3421 Sullam
3381 3381 3510 3440 pr0_
3531 3365 3771 3440 Syllum,
3802 3380 3857 3420 ac

2263 3435 2480 3500 similia,
2517 3448 2572 3488 ut
2599 3435 2980 3492 auumavimus
3011 3435 3174 3493 etiam
3221 3435 3410 3502 supra,
3445 3437 3512 3490 ad
3541 3435 3703 3492 tract.
3736 3437 3770 3496 2
3797 3453 3854 3494 ex

2262 3505 2612 3580 Cassiodoro,
2665 3511 2716 3563 in
2761 3509 3015 3580 Orthogr.
3051 3525 3102 3564 c.
3137 3509 3160 3566 t
3197 3520 3250 3565 et
3275 3505 3332 3564 4.
3365 3509 3512 3567 Nihil
3549 3508 3652 3566 hac
3683 3525 3858 3566 emcn-

2263 3577 2483 3656 (latione
2502 3577 3004 3656 -ωϊιίιξδλρεξηιίιῇθ
3037 3593 3328 3656 propterea
3361 3581 3582 3636 avidius
3623 3582 3852 3653 arripui,

2263 3651 2408 3725 quod
2443 3653 2604 3705 etiam
2636 3651 2763 3707 alibi
2806 3651 3150 3708 Gaudentius
3192 3654 3292 3725 hac
3324 3668 3459 3707 vote
3495 3669 3705 3725 myrum
3733 3651 3856 3725 usus

2264 3721 2561 3787 invenitur,
2600 3725 2665 3778 de
2697 3739 2801 3794 qua
2835 3740 3031 3794 supra,
3079 3733 3239 3780 tract.
3272 3724 3358 3789 15,
3395 3740 3450 3794 p.
3485 3721 3620 3786 313,
3653 3723 3778 3784 515.
3806 3723 3855 3787 Id

2264 3805 2444 3848 autem
2475 3795 2718 3860 pluribus
2742 3795 2829 3849 hic
2857 3805 3114 3852 testatum
3139 3797 3281 3850 volui
3317 3807 3430 3849 tum
3480 3805 3541 3850 ut
3581 3796 3724 3853 sciat
3760 3799 3857 3850 lec-

2263 3874 2380 3938 tor,
2415 3867 2501 3920 cui
2533 3877 2638 3920 tam
2671 3869 2988 3937 prasclaram
3020 3867 3387 3924 Gattdentiani
3419 3866 3584 3938 hujus
3626 3867 3732 3922 loci
3773 3882 3852 3923 re-

2265 3937 2602 3992 stitutionem
2628 3948 2904 4009 acceptam
2929 3943 3069 3994 terre
3094 3941 3310 4004 debeat,
3342 3949 3456 3995 tum
3487 3937 3657 3994 etiam
3684 3947 3741 3996 ut
3765 3954 3850 3994 sua

2263 4009 2633 4064 et'ttditiSsiiitti
2664 4012 2781 4066 viro
2815 4013 3020 4070 integra
3055 4012 3170 4068 laus
3203 4020 3441 4070 maneat.

2338 4090 2361 4152 ἐ
2398 4081 2454 4152 Iu_
2481 4094 2712 4152 utroque
2743 4083 2866 4136 cod.
2905 4081 3036 4138 Urb.
3073 4094 3130 4139 et
3164 4084 3307 4147 νειμ,
3337 4092 3448 4136 erat
3479 4093 3626 4142 ante.

2341 4151 2358 4189 ί
2395 4149 2484 4209 Sic
2513 4149 2713 4208 habent
2745 4169 2898 4222 mss;
2933 4169 3091 4210 antea
3119 4169 3246 4210 vero
3275 4154 3330 4209 in
3360 4153 3549 4224 editis,
3585 4153 3852 4216 salvatoris

2264 4225 2553 4290 docti-inre;
2583 4226 2726 4295 quod
2777 4229 2926 4280 nullo
2969 4227 3129 4282 modo
3163 4227 3452 4282 videbatur
3483 4227 3852 4281 retinendum.

2339 4306 2362 4372 ε
2398 4297 2755 4372 Etuettdatum
2789 4314 2851 4352 cx
2885 4308 3111 4372 utroque
3143 4296 3525 4372 codLUrbaet
3558 4295 3684 4372 Vat.
3721 4296 3852 4372 Editi

2266 4368 2469 4421 habent
2511 4369 2799 4440 divinisque
2848 4369 2916 4422 ad
2965 4367 3198 4438 tertium,
3250 4367 3403 4423 Facit
3449 4370 3606 4424 locus
3647 4370 3750 4424 iste
3791 4367 3854 4430 ad

2264 4441 2618 4505 qua-stionem
2673 4441 2804 4495 satis
2858 4441 3131 4498 celebrem
3178 4448 3361 4512 utrum
3413 4441 3622 4497 Paulus
3671 4441 3855 4512 spiritu

2267 4521 2506 4587 tantum,
2539 4528 2606 4566 an
2638 4514 2800 4587 etiam
2833 4528 3061 4587 corpore
3104 4523 3291 4587 raptus
3337 4511 3852 4587 fuerit_ad_tertittm

2266 4585 2496 4648 cmlum',
2533 4598 2587 4636 ut
2619 4583 2862 4650 perhibet
2897 4583 2941 4638 ll
2968 4585 3095 4654 Cor.
3127 4583 3205 4641 xtl
3231 4600 3244 4651 ;
3275 4599 3401 4638 cum
3431 4583 3580 4639 enim
3605 4583 3854 4640 Gauden-

2266 4654 2374 4726 tius
2403 4655 2550 4709 dicat
2580 4655 2722 4726 quod
2770 4656 2968 4712 Paulus
3005 4656 3187 4725 jussus
3233 4665 3317 4711 est
3363 4655 3640 4710 ambulare
3678 4657 3730 4709 in
3770 4671 3855 4708 nu-

2267 4725 2435 4792 bibus,
2486 4725 2702 4782 videtur
2745 4731 3005 4791 sensisse,
3058 4744 3181 4783 eum
3215 4742 3347 4782 vere
3391 4736 3444 4781 et
3493 4729 3718 4798 proprie
3762 4741 3854 4782 una

2265 4813 2385 4872 cum
2438 4814 2671 4872 Corpore
2722 4799 2786 4852 ad
2837 4802 3032 4872 cretum
3088 4797 3570 4872 raptumfuisse;
3627 4798 3857 4872 insinuat

2265 4870 2408 4924 enim
2453 4869 2642 4925 eodem
2689 4872 2854 4924 modo
2888 4871 3110 4926 Paulum
3157 4869 3469 4926 ambulasse
3517 4870 3573 4923 in
3619 4869 3852 4938 nubibus,

2264 4955 2372 5010 quo
2417 4942 2611 4996 Petrus
2656 4943 3030 5002 ambulavcrat
3075 4944 3128 4996 in
3177 4941 3423 5013 ﬂuctibus
3450 4958 3470 5007 ;
3501 4941 3704 5013 deinde
3736 4956 3854 4998 con-

2263 5013 2434 5086 cludit
2473 5031 2483 5064 :
2515 5014 2664 5066 antlia
2699 5015 2756 5086 (in
2804 5011 3536 5086 invii(itineris-gradiuntur:
3568 5011 3845 5086 elemento,

2263 5084 2388 5152 ﬁdei
2418 5088 2606 5138 virtute
2627 5085 2889 5139 sublimes.
2923 5085 3186 5150 Consule,
3211 5083 3265 5138 ὶςὶ
3293 5085 3468 5153 lubet,
3496 5083 3848 5148 Claudiauum

2265 5156 2615 5232 lila_n_iertutu,
2639 5158 2806 5232 ἰήιε-ιι
2836 5158 2902 5232 de
2933 5167 3082 5232 statu
3107 5157 3304 5232 anima:
3333 5171 3455 5232 cap.
3491 5156 3583 5232 μ’),
3619 5157 3708 5232 is.

2335 5223 2361 5262 δ
2383 5225 2455 5280 lia
2488 5228 2615 5281 i'dtli
2641 5241 2694 5281 et
2718 5228 2862 5290 Vat.;
2889 5229 2941 5284 in
2975 5228 3108 5286 Cod.
3143 5227 3274 5284 Urb.
3303 5223 3468 5282 verba
3495 5223 3616 5282 haec
3637 5227 3845 5282 desunt.

2343 5298 2357 5334 ί
2396 5300 2487 5355 Sic
2516 5302 2702 5366 etiam,
2735 5315 2920 5370 supra,
2955 5303 3007 5353 in
3042 5309 3199 5354 tract.
3235 5299 3304 5354 dc
3345 5297 3677 5358 Maebabmis
3719 5312 3848 5352 mar-

2265 5380 2368 5442 tyr.
2402 5390 2420 5446 εν
2446 5371 2572 5446 Quis
2609 5372 2696 5424 ille
2727 5374 3053 5446 conjunaior
3081 5372 3457 5446 frater,_quant
3498 5371 3662 5446 homo
3689 5379 3850 5446 noster

2264 5439 2522 5496 exterior?
2547 5441 2784 5496 Joannes
2813 5439 3144 5508 Cassianus,
3181 5439 3326 5498 Coll.
3369 5457 3477 5505 xu.
3513 5458 3565 5496 c.
3603 5443 3665 5496 ii
3699 5460 3712 5494 :
3745 5439 3850 5494 Hoc

2264 5528 2432 5590 autem
2467 5515 2588 5584 ﬁet,
2623 5517 2830 5590 quando
2863 5517 2980 5590 jam
3006 5515 3268 5590 desinens
3299 5529 3422 5571 caro
3460 5514 3710 5590 aduersus
3746 5512 3847 5590 spl-

2263 5586 2422 5639 ritum
2462 5589 2822 5655 concupiscere
2850 5585 2880 5657 ,⁷
2904 5587 3175 5642 desideriis
3227 5585 3548 5658 (castitatis)
3585 5586 3846 5658 rirtutiqu

2266 5660 2614 5731 consenserint
2642 5675 2660 5724 ;
2689 5674 2796 5731 corp
2817 5655 3029 5731 {fintque
3050 5659 3146 5731 sibi
3172 5655 3388 5731 ini'ieem
3411 5655 3538 5722 pace
3556 5655 3847 5731 ﬁrmissima

2265 5727 2535 5812 (cederem,
2565 5737 2611 5781 et
2645 5727 2923 5810 secundum
2964 5729 3340 5812 psalmigraplti
3372 5729 3719 5798 sententiam,
3763 5729 3846 5780 ha-

2267 5799 2481 5857 bitarint
2508 5801 2696 5870 fratres
2722 5802 2775 5853 in
2809 5799 2990 5855 unum.
