4070 6346
550 301 658 361 999
1623 307 1680 365 S.
1722 304 2108 364 GAUDENTII
2149 304 2414 366 BRIXIE
2456 307 2767 367 EPISCOPI
3160 341 3162 344 -
3484 323 3491 330 '
3716 308 3840 372 I000

554 427 612 474 et
655 419 724 473 de
781 419 1109 490 cognatione
1151 434 1280 488 sua,
1327 430 1382 477 et
1430 421 1500 478 de
1532 421 1697 477 domo
1728 423 1900 495 patris
1941 425 2052 490 sui;
2100 431 2152 479 et
2182 431 2235 490 Α
2264 426 2463 480 tatione
2493 425 2732 480 lucratus
2759 426 2812 479 in
2859 423 2965 480 lide
2994 431 3098 480 est.
3131 423 3239 481 Sed
3269 421 3472 495 neque'
3497 438 3598 495 per
3624 425 3769 484 vicos
3795 441 3843 486 et

553 512 886 582 sequebatur
906 514 1127 568 verbum
1154 515 1355 578 Dei,ab
1375 515 1536 588 372
1565 517 1816 571 omnibus
1838 519 2021 573 smculi
2051 521 2149 572 ini-
2257 517 2474 573 castella
2497 519 2835 573 diversarum
2867 521 3185 588 praeteriens
3212 521 3532 590 regionum,
3562 523 3842 590 prmdicnre

553 607 880 678 pedimentis
902 619 1118 663 exutus.
1148 612 1222 663 Ac
1255 620 1542 678 propterea
1573 611 1682 664 cito
1706 612 1922 681 assequi
1951 614 2153 666 meruit
2257 614 2476 667 verbum
2525 614 2616 668 Dei
2662 629 2918 683 umquam
2965 614 3177 668 destitit
3211 613 3395 669 ﬁdelis
3433 613 3643 670 Christi
3689 615 3841 670 disci-

550 702 696 770 quiid
728 703 881 770 sequi
902 703 1110 756 studuit
1129 703 1433 770 expeditus.
1465 704 1742 759 Exercens
1767 719 1999 775 namque
2021 719 2152 758 con-
2257 707 2437 776 pulus.
2468 708 2598 762 Post
2629 707 2754 763 illos
2781 709 2966 780 itaque
2993 709 3259 766 circuitus
3279 709 3586 766 animarum
3624 712 3844 780 plurium

548 794 836 848 tinentiam
867 795 1223 865 singularem,
1252 795 1479 866 pervigil
1513 797 1564 850 in
1595 797 1898 868 Scripturis
1922 799 2148 862 sanctis,
2255 801 2551 866 salutares,
2575 802 2756 857 Brixia
2773 817 2896 856 eum
2922 805 3497 874 rudisquondam,sed
3521 805 3848 876 cupidadoc-

550 885 650 942 Dei
677 887 1000 956 sapientiam
1035 886 1378 955 concupivit,
1417 891 1727 957 portionem
1777 905 1930 943 suam
1963 888 2152 944 Chris-
2257 894 2438 956 trinai,
2469 894 2766 962 promeruit
2796 913 2808 948 :
2836 897 3078 950 scientiae
3103 896 3325 966 quidem
3354 897 3626 964 spiritalis
3650 899 3844 968 ignara,

549 987 661 1035 tum
695 989 958 1050 reputans
985 980 1282 1035 Dominum
1315 997 1328 1034 :
1359 983 1414 1035 in
1441 999 1542 1053 quo
1569 991 1688 1036 sunt
1717 999 1890 1037 omnes
1919 982 2152 1036 thesauri
2251 985 2412 1057 373
2435 986 2616 1042 Studio
2643 997 2822 1041 tamen
2857 988 3100 1043 discendi
3128 989 3446 1046 laudabilis.
3477 991 3705 1047 Excidit
3727 1009 3843 1049 con-

547 1075 819 1143 sapientite
875 1074 1089 1128 cretestis
1154 1074 1448 1129 absconditi
1497 1075 1732 1146 (Coloss.
1785 1079 1884 1144 ιι).
1944 1076 2154 1143 Quibus
2257 1078 2407 1131 tinuo
2437 1079 2560 1132 imis
2591 1079 2658 1132 ab
2689 1081 2958 1148 stirpibus
2998 1091 3020 1118 ο
3059 1081 3380 1137 horrentem
3413 1084 3611 1140 silvam
3655 1086 3845 1142 diversi

547 1181 669 1222 cum
720 1167 1044 1236 replevisset
1103 1168 1442 1223 desiderium
1498 1183 1694 1234 suum,
1754 1169 2150 1224 desideriorum
2255 1171 2463 1226 erroris
2513 1171 2690 1226 bonus
2735 1173 3001 1241 agricola,
3037 1184 3093 1229 et
3123 1186 3309 1230 aratro
3351 1177 3627 1232 doctrinm
3662 1194 3850 1247 pronus

547 1259 849 1315 caelestium
897 1261 1000 1327 vir,
1043 1269 1099 1316 et
1140 1271 1164 1297 ⁸
1201 1276 1299 1331 per
1330 1262 1738 1330 iinpositionem
1771 1278 1962 1317 manus
2005 1279 2156 1332 pres-
2256 1261 2578 1318 incumbens
2604 1308 2620 1332 ,
2656 1265 2876 1322 invertit
2927 1268 3152 1323 crudam
3188 1271 3318 1323 totis
3366 1269 3586 1326 viribus
3622 1285 3845 1339 terram,

547 1349 746 1424 bylerii
776 1394 790 1415 ,
849 1353 1194 1422 dispensator
1248 1353 1443 1410 fuisset
1481 1355 1650 1409 divini
1691 1357 1962 1410 sermonis
2003 1358 2152 1411 elec-
2256 1355 2710 1426 squalentemque
2753 1358 2976 1411 humum
3039 1359 3207 1414 sulcis
3260 1359 3500 1414 assiduis
3544 1362 3597 1415 in
3655 1364 3848 1418 novalia

549 1457 633 1503 tus
668 1491 683 1514 ,
742 1449 1022 1520 negligere
1076 1453 1304 1521 gratiam
1363 1450 1457 1506 Dei
1523 1452 1746 1506 omnino
1799 1466 1990 1520 passus
2047 1465 2153 1506 non
2256 1447 2508 1503 foecunda
2540 1452 2832 1515 convertit,
2864 1452 3067 1507 aﬂ‘atini
3104 1456 3314 1508 semina
3345 1455 3598 1510 vitalium
3635 1458 3848 1512 manda-

545 1551 648 1598 est.
685 1543 790 1598 Sed
841 1546 1178 1599 circumiens
1211 1547 1527 1600 universum
1574 1561 1709 1614 pene
1749 1547 2008 1600 ambitum
2042 1545 2150 1599 Ro-
2257 1549 2438 1597 torum
2467 1544 2677 1614 gremio
2701 1546 2821 1615 ejus
2860 1547 3166 1602 insinuans.
3215 1547 3490 1602 Plantavit
3519 1565 3743 1619 quoque
3777 1551 3849 1603 vi-

547 1635 694 1691 mani
745 1637 917 1703 orbis,
962 1637 1306 1692 Dominicum
1356 1637 1670 1707 praedicavit
1711 1638 1956 1703 verbum,
2002 1638 2153 1692 Pauli
2257 1640 2619 1706 neam,cujus
2652 1641 2935 1694 laetaretur
2968 1656 3035 1695 ex
3088 1640 3264 1695 fructu
3307 1658 3320 1694 :
3381 1645 3643 1708 quoniam
3693 1644 3849 1696 vinum

543 1732 782 1800 apostoli
830 1733 1061 1787 idoneus
1111 1732 1359 1788 imitator
1399 1734 1697 1788 exsistens.
1757 1733 1960 1787 Sancto
2007 1733 2151 1786 enim
2259 1732 2487 1802 lwtiﬁcat
2542 1749 2642 1814 cor.
2680 1733 2903 1786 hominis
2951 1733 3070 1803 (Ps.
3102 1734 3243 1802 cui).
3295 1734 3463 1790 Oleas
3511 1735 3681 1790 etiam
3715 1736 3849 1807 pacis

547 1824 755 1894 Spiritu
787 1825 1004 1896 plenus,
1035 1841 1142 1880 non
1173 1827 1346 1880 solum
1375 1836 1565 1881 contra
1591 1825 1836 1881 Gentiles
1861 1834 2027 1891 atque
2047 1825 2145 1880 Jii-
2183 1843 2219 1900 η
2251 1827 2562 1897 agrestibus
2593 1825 2795 1881 indidit
2817 1827 3090 1892 oleastris,
3143 1836 3200 1882 et
3240 1829 3528 1896 asperitati
3575 1844 3846 1897 pomorum

545 1920 695 1976 datos
720 1963 734 1987 ,
770 1918 798 1957 δ
843 1935 1030 1974 verum
1078 1920 1243 1975 etiam
1291 1931 1480 1974 contra
1529 1919 1769 1974 haereses
1812 1934 2040 1986 omnes,
2095 1930 2148 1974 et
2254 1919 2590 1974 SllVeSll‘iUIll
2618 1922 2869 1990 germina
2902 1919 3268 1989 pinguedinis,
3305 1935 3370 1975 ac
3395 1920 3692 1975 suavitatis
3717 1921 3846 1976 inse-

543 2013 781 2070 maxime
811 2023 1002 2068 contra
1035 2013 1305 2068 furentem
1343 2030 1409 2068 eo
1459 2023 1709 2082 tempore
1739 2013 1992 2067 Arianam
2024 2029 2147 2083 per-
2254 2013 2398 2079 ruit;
2427 2023 2483 2068 ut
2511 2015 2736 2069 haberet
2769 2011 2788 2050 ί
2816 2014 3155 2084 apostolicus
3182 2015 3266 2068 vir
3287 2013 3529 2083 aliquem
3555 2025 3611 2070 et
3635 2014 3686 2068 in
3711 2015 3849 2070 vobis

543 2104 728 2162 ﬂdiam
764 2117 784 2144 ε
819 2116 973 2162 tanto
1003 2107 1123 2162 ﬁdei
1168 2109 1355 2178 vigore
1384 2109 1676 2178 pugnavit,
1718 2117 1773 2160 ut
1815 2112 1980 2163 etiam
2021 2124 2146 2164 ver—
2253 2109 2514 2169 fructum,
2549 2107 2694 2164 sicut
2723 2117 2780 2162 et
2825 2109 2876 2162 in
2907 2108 3120 2164 caeteris
3169 2108 3454 2178 gentibus.
3492 2108 3561 2162 Bt
3605 2108 3713 2163 iste
3744 2109 3850 2178 qui-

539 2201 762 2259 beribus
789 2203 1144 2270 subdi-retur,
1173 2214 1226 2259 et
1261 2205 1313 2260 in
1356 2220 1590 2274 corpore
1620 2219 1720 2259 suo
1749 2205 1998 2275 stigmata
2035 2205 2142 2258 Do-
2251 2203 2373 2258 dem
2407 2203 2776 2257 consummati
2807 2203 2990 2270 operis
3011 2216 3154 2257 nunc
3184 2202 3326 2271 apud
3357 2201 3536 2257 Deum
3571 2200 3845 2265 fructibus,

536 2299 670 2355 mini
702 2301 870 2354 nestri
902 2298 1032 2355 Jesu
1063 2299 1269 2354 Christi
1303 2309 1568 2370 portaret.
1602 2299 1732 2354 Nam
1763 2312 1812 2355 et
1847 2299 1901 2354 in
1935 2300 2144 2354 niedio-
2251 2297 2599 2366 gratulatur;
2642 2311 2767 2350 nam
2797 2294 2985 2365 dignus
3029 2303 3106 2348 est
3149 2296 3424 2364 operarius
3480 2296 3716 2348 mercede
3765 2311 3847 2348 sua

540 2392 750 2448 lanensi
796 2394 934 2448 urbe
977 2395 1204 2449 idoneus
1238 2393 1368 2447 olim
1415 2404 1606 2448 custos
1646 2393 1918 2447 Dominici
1964 2392 2147 2463 gregis
2251 2390 2408 2461 (Luc.
2443 2395 2500 2460 χ)
2529 2408 2541 2444 :
2575 2401 2630 2445 et
2663 2390 2981 2443 laborantem
3026 2389 3313 2460 agricolam
3341 2401 3547 2457 Oportet
3589 2392 3756 2459 primo
3793 2391 3848 2444 de

535 2485 663 2553 fuit;
694 2489 896 2543 Ariano
928 2504 1240 2558 repugnans
1267 2487 1567 2544 Auxentio.
1601 2489 1916 2556 priusquam
1948 2488 2145 2541 beatus
2249 2484 2506 2555 fructibus
2535 2499 2734 2536 sumere
2755 2481 2825 2551 (Il
2849 2481 2984 2536 Tim.
3011 2480 3093 2552 ιι).
3128 2481 3238 2552 Ego
3261 2493 3450 2537 autem
3489 2482 3713 2536 minima
3741 2483 3846 2552 ejus

538 2580 839 2650 eligeretur
870 2581 1216 2636 Ambrosius.
1250 2579 1440 2634 Romae
1467 2581 1630 2634 etiam
1657 2595 1762 2633 non
1788 2581 1983 2650 exiguo
2009 2591 2146 2634 tein-
2242 2593 2391 2649 pars,
2419 2579 2673 2633 omnibus
2693 2579 2835 2631 Votis
2868 2588 3072 2644 exopto
3104 2586 3201 2629 ut8
3229 2590 3428 2636 agrum
3463 2575 3606 2630 bene
3639 2591 3666 2626 a
3701 2586 3845 2645 patre

539 2687 673 2744 pore
700 2682 968 2739 moratus,
1000 2669 1028 2708 ἀ
1060 2673 1264 2728 multos
1295 2683 1350 2728 et
1382 2673 1598 2742 publica
1625 2681 1679 2727 et
1710 2672 1918 2742 privata
1951 2671 2142 2742 displl-
2246 2673 2612 2739 consitum,et
2631 2686 2740 2726 non
2765 2670 2897 2724 satis
2917 2668 3111 2723 idonea
3132 2669 3490 2724 successione
3513 2679 3842 2740 susceptum,

537 2872 669 2912 veus
694 2898 708 2917 .
738 2856 831 2910 sed
861 2856 1001 2910 nulla
1029 2856 1299 2923 probabili
1328 2856 1644 2926 conjectura
1675 2855 1819 2910 freti.
1855 2854 1990 2910 Vide
2014 2872 2134 2926 qua:
2245 2857 2442 2927 insigni
2494 2855 2648 2910 nobis
2693 2854 2938 2910 subsidio
2983 2853 3114 2919 fuit,
3147 2855 3613 2923 quemadmodum
3644 2857 3846 2914 unicui-

541 2929 778 2983 dixitnus
808 2930 861 2982 in
887 2929 1331 2983 annotationibus
1359 2933 1424 2980 ad
1462 2927 1749 2992 Ugheilum
1784 2929 1833 2980 in
1859 2929 2134 2996 episcopis
2244 2946 2348 2999 que
2375 2928 2727 2999 Spicili-gium
2763 2937 3010 2999 nostrum
3054 2927 3338 2999 legentim
3364 2928 3586 2984 inileste
3625 2930 3840 2996 patebit.

540 2999 912 3056 Briaicnsihus
939 3042 953 3064 ,
986 3011 1118 3054 tom.
1152 3015 1225 3064 iv,
1259 3000 1366 3053 col.
1412 2999 1540 3065 525,
1580 2999 1800 3052 Venetae
1833 3000 2092 3054 editionis
2119 3044 2132 3065 ,
2264 2997 2272 2999 “
2322 3012 2344 3038 ο
2381 3001 2535 3054 Ilunc
2579 2997 2866 3053 Gattdentii
2917 2998 3094 3051 locum
3145 2997 3212 3052 de
3256 2997 3556 3054 PhilaSIrio
3610 3010 3845 3057 recenset

539 3071 782 3140 itemque
812 3088 872 3125 ea
904 3088 1023 3141 quae
1070 3072 1420 3141 apposuimus
1468 3071 1522 3124 in
1556 3070 1774 3124 Praelat.
1809 3070 1876 3124 ad
1924 3070 2139 3125 Philas-
2248 3073 2444 3126 Baron.
2479 3071 2545 3124 ad
2580 3072 2642 3123 A.
2678 3068 2741 3123 C.
2789 3069 2916 3141 569,
2951 3085 3004 3123 ιι.
3047 3070 3140 3136 ‘27,
3169 3084 3346 3141 eoque
3389 3071 3471 3124 usi
3527 3082 3658 3126 sunt
3686 3071 3843 3126 Rom-

545 3139 706 3198 trium
738 3139 997 3198 editionis
1032 3139 1188 3208 liuius
1221 3158 1368 3196 num.
1403 3144 1453 3195 5.
1810 3212 1816 3213 ί
1851 3212 1859 3213 ί
2169 3143 2214 3207 C
2247 3153 2435 3213 pertus-
2467 3144 2518 3195 io
2554 3156 2721 3195 serm.
2763 3141 2831 3196 de
2858 3140 3252 3213 Translatioper
3279 3139 3564 3213 Pbilastrii
3586 3188 3601 3210 ,
3633 3155 3690 3195 et
3724 3144 3840 3199 Fer-

617 3225 639 3252 α
667 3215 1242 3271 VideturGaodentius
1267 3215 1576 3283 respexisse
1594 3213 1660 3268 ad
1689 3212 1819 3266 illud
1849 3212 1864 3264 Ι
1890 3213 2032 3266 Tim.
2058 3229 2136 3278 tv,
2249 3211 2426 3270 rarius
2454 3216 2504 3268 in
2535 3213 2709 3267 Catal.
2739 3212 2992 3283 SSJlal.
3013 3254 3028 3277 ,
3060 3213 3129 3268 18
3153 3211 3301 3266 Julii.
3332 3211 3495 3266 Putat
3527 3231 3662 3270 vero
3693 3215 3843 3270 Baro-

547 3288 658 3343 i4:
696 3285 820 3341 Noli
853 3289 1108 3356 negligere
1143 3282 1509 3356 gratiamque:
1537 3289 1588 3338 iit
1631 3296 1677 3338 te
1720 3294 1831 3345 est,
1861 3301 1977 3355 qua:
2021 3286 2144 3339 data
2250 3289 2374 3341 nius
2429 3290 2530 3338 hoc
2581 3285 2702 3338 loco
2751 3301 2779 3338 a
2829 3282 3137 3356 Gaudentio
3159 3284 3477 3356 _signilicari
3520 3288 3842 3343 remansisse

545 3368 618 3412 est
645 3358 844 3430 tibiper
875 3353 1213 3429 prophetiam,
1241 3374 1353 3430 enin
1377 3353 1710 3430 impositione
1732 3353 1974 3430 manuum
2000 3372 2145 3426 pres-
2251 3369 2374 3428 post
2405 3356 2801 3430 discessionem
2834 3353 3020 3430 Hilarii
3056 3354 3408 3430 Pliilastriutii
3445 3356 3760 3430 Mediolani,
3792 3371 3841 3413 ut

545 3425 769 3499 liyteri‘ié
802 3440 854 3481 ut
877 3425 1092 3485 scilicet
1137 3433 1235 3482 hac
1279 3429 1535 3499 loquendi
1567 3429 1795 3482 l‘ormtila
1831 3429 2144 3495 designaret
2248 3425 2466 3500 quoquo
2494 3428 2656 3481 modo
2683 3435 2891 3496 posset,
2921 3425 3264 3481 Catholicam
3295 3429 3559 3500 populum
3585 3431 3641 3484 in
3670 3430 3842 3485 ofﬁcio

546 3497 893 3556 Philostrium
927 3511 1050 3555 tunc
1095 3497 1399 3554 ordinatum
1448 3501 1617 3555 fuisse
1661 3502 1979 3567 episcopum
2013 3503 2145 3571 μετά
2248 3497 2592 3562 contineret;
2644 3515 2802 3566 quam
2849 3500 3178 3571 ob_causam
3214 3497 3467 3571 verbera
3519 3515 3714 3570 passus
3758 3509 3839 3556 sit.

549 3574 822 3650 ἐπιθέσεως
869 3581 970 3650 ςιςῶν
1032 3580 1224 3650 χειρῶν
1275 3579 1364 3650 ’πρ-ὓ
1414 3573 1817 3650 πρεσϐυτερίριέ,
1849 3569 2143 3650 Lquetnad-

2250 3573 2536 3650 Vide__qu:t_3
2568 3571 2805 3650 diximus
2836 3569 3092 3650 in_l’ra_i_l._
3111 3569 3178 3622 ad
3213 3569 3570 3625 Philastriuin
3591 3591 3700 3650 ,_n._
3723 3575 3772 3628 5.

546 3645 766 3699 modum
787 3640 1091 3698 orilinatu'iii
1121 3640 1283 3697 luisse
1305 3640 1645 3698 Timo'tlieuin
1675 3640 1745 3696 ibi
1773 3640 1975 3695 indicat
1996 3641 2146 3710 Apo-
2321 3642 2346 3681 ά
2385 3640 2481 3698 llic
2507 3643 2736 3696 fortasSe
2759 3640 3048 3697 Gaudentii
3079 3641 3232 3696 locus
3259 3655 3451 3695 ansam
3487 3645 3727 3709 pra-buit
3748 3646 3840 3700 ali-

548 3717 742 3770 Stolus.
778 3715 890 3768 Mos
915 3715 1059 3769 enim
1081 3724 1197 3769 erat
1222 3725 1278 3766 ut
1300 3715 1391 3784 qui
1424 3716 1681 3768 adessent
1712 3715 2011 3782 presbyteri
2040 3729 2143 3766 una
2250 3718 2480 3782 quibus,
2513 3713 2659 3768 inter
2685 3728 2780 3768 eos
2824 3728 2962 3782 quos
3001 3711 3322 3767 Philastrius
3352 3712 3406 3768 in
3459 3714 3570 3769 lide
3613 3718 3839 3771 lucratus

549 3802 672 3842 cum
704 3797 879 3841 coetus
905 3786 990 3840 sui
1020 3786 1264 3853 principe
1296 3801 1488 3841 manus
1516 3786 1889 3850 imponerent,
1921 3794 2145 3839 uetante
2250 3797 2328 3841 est
2360 3829 2373 3849 ,
2407 3786 2766 3855 Augustinum
2803 3799 3016 3853 quoque
3051 3784 3353 3840 liberaliter
3385 3788 3834 3843 coniiumerandi.

551 3858 743 3913 Grotio
765 3859 829 3909 ad
856 3857 999 3912 hunc
1026 3859 1172 3912 Pauli
1198 3859 1395 3912 locum.
1423 3860 1525 3912 Sed
1553 3858 1784 3910 fortasse
1810 3863 1987 3923 potius
2009 3871 2142 3910 con-
2250 3859 2319 3912 At
2349 3858 2464 3913 haec
2505 3865 2629 3912 sunt
2662 3859 2963 3911 otiosorum
3007 3856 3344 3925 ingeniorum
3386 3859 3647 3913 Vaticinia
3681 3861 3837 3925 magis

551 3928 696 3995 gruit
725 3927 1015 3998 significari
1061 3946 1088 3983 a
1129 3929 1434 3985 Gaudentio
1465 3928 1780 3995 deputatum
1830 3928 1992 3981 luisse
2025 3927 2146 3982 Phi-
2249 3946 2411 4000 quam
2444 3931 2815 3994 conjecturae;
2859 3942 2998 4000 quas
3031 3930 3272 4000 profecto
3322 3943 3432 3981 non
3481 3933 3616 3984 tanti
3665 3932 3840 4000 pendi-

551 4001 799 4056 lastrinm
820 3999 883 4053 ad
907 4016 1101 4055 munus
1127 4000 1716 4068 przeilicationis,juxta
1738 4000 1865 4053 illud
1884 4003 2001 4053 Act.
2025 4014 2141 4062 xm,
2249 3999 2404 4063 mus,
2443 4010 2501 4055 ut
2531 4003 2596 4054 iis
2627 3999 2938 4072 refelli-udis
2968 3999 3196 4072 multum
3225 4013 3371 4053 curae
3397 4043 3412 4066 ,
3461 4012 3554 4054 aut
3587 3999 3839 4072 temporis

553 4073 588 4128 5
617 4093 626 4122 :
659 4073 998 4140 Jejnnantes,
1040 4084 1084 4127 et
1117 4085 1354 4132 orantes.
1401 4074 1823 4142 imponentesqne
1861 4073 1932 4144 eis
1964 4087 2144 4144 manus
2249 4073 2663 4144 impendamus.
2688 4071 2822 4144 Vide
2855 4070 3235 4144 aiiiiotatimies
3269 4081 3488 4144 nostras
3530 4072 3599 4128 ad
3646 4070 3838 4144 ugliel-

553 4145 861 4199 dimiserunt
903 4145 1056 4208 illos;
1104 4145 1154 4198 id
1191 4160 1386 4214 nempe
1419 4141 1584 4213 magis
1627 4141 1812 4197 lerunt
1855 4141 2145 4198 Gaudentii
2251 4141 2360 4199 lum
2390 4186 2404 4207 ,
2436 4155 2490 4198 et
2523 4143 2680 4198 Pricf.
2715 4143 2780 4196 ad
2811 4142 3168 4214 l’liilastrium
3192 4158 3248 4195 ιι.
3284 4143 3336 4196 7.

551 4217 715 4271 verba
754 4237 765 4270 :
799 4232 914 4269 cum
945 4233 1034 4288 per
1070 4213 1452 4282 impositionem
1491 4233 1670 4269 manus
1703 4215 2009 4286 presbyterii
2036 4214 2146 4267 dis-
2324 4227 2347 4288 εξ
2380 4218 2471 4272 Sic
2499 4215 2847 4281 reposuimus
2883 4229 2955 4288 ex
3009 4213 3174 4288 priori
3230 4225 3283 4268 et
3340 4216 3635 4288 vetustiori
3692 4217 3832 4272 Brix.

552 4296 798 4358 pensator
825 4284 1003 4356 fuisse:
1033 4288 1191 4341 divini
1221 4289 1472 4342 sermonis
1500 4284 1712 4340 electus.
2248 4286 2374 4342 cod.
2404 4288 2554 4341 Alter
2603 4301 2771 4356 porro
2803 4285 2999 4350 codex,
3054 4284 3302 4358 itemque
3338 4285 3495 4353 editi,
3556 4292 3838 4344 horrentem

621 4358 649 4398 ι)
680 4361 874 4414 Exstat
905 4361 1042 4415 liber
1068 4358 1339 4414 Philastrii
1373 4360 1441 4414 de
1480 4359 1780 4412 hmresibus
1809 4396 1822 4417 ,
1869 4372 1992 4410 cum
2025 4369 2143 4409 Slll-
2248 4360 2390 4413 silvis
2410 4359 2595 4413 diversi
2617 4358 2845 4423 erroris;
2878 4373 2998 4429 qua:
3024 4359 3154 4411 item
3181 4356 3346 4429 lectio
3379 4361 3607 4423 probari
3643 4371 3836 4429 potest,

552 4430 708 4487 diose
732 4473 748 4498 ,
783 4441 892 4484 tum
925 4435 1012 4497 pie
1049 4433 1391 4499 conscriptus
1425 4448 1437 4480 ε
1473 4430 1596 4483 huic
1626 4440 1804 4482 tamen
1849 4431 2038 4500 minus
2058 4444 2148 4481 ac-
2252 4430 2592 4500 habeturque
2615 4431 2779 4483 etiam
2812 4430 2863 4500 in
2909 4427 3045 4500 libro
3071 4427 3407 4500 Pantagathi.

551 4503 726 4598 purati
752 4502 937 4574 judicii
971 4512 1150 4556 notam
1184 4503 1427 4598 ilionnulli
1458 4502 1680 4598 inurnpt
1709 4541 1722 4564 ,
1754 4500 1990 4598 «τιμηταὶ
2018 4499 2146 4553 Plii-
2173 4537 2226 4598 Β
2256 4573 2285 4598 Δ
2328 4500 2346 4538 τ
2381 4499 2554 4573 Supra
2606 4501 2656 4554 in
2702 4499 2855 4598 praef.
2895 4501 2959 4553 ad
3012 4499 3329 4554 Benivoliim
3381 4518 3394 4552 :
3441 4502 3838 4598 Adniiralriilibus

575 4575 770 4598 --._:--..
807 4577 856 4598 ε-.
891 4589 949 4598 Α..
989 4578 1139 4598 ..ιη-.-
1231 4588 1455 4598 ..-...Α,....-.
1505 4581 1616 4598 nn...
1650 4588 1745 4598 ..ι-η
1789 4589 1831 4598 ...
1860 4570 2139 4598 ..Ληιηι-Ληζι
2296 4575 2500 4598 --i-..'...'-
2534 4583 2709 4598 -...._--
2737 4571 2800 4598 1...‘
2827 4587 2913 4598 ηρ...
2935 4573 3108 4598 λκςηέι.
3136 4571 3231 4598 .u’...‘
3277 4574 3441 4598 ..-α-Α-
3461 4576 3628 4598 ---_.-.:
3747 4577 3760 4598 :
3787 4591 3809 4598 ..

550 4570 774 4629 lastrius
807 4577 859 4627 iii
887 4589 952 4628 eo
989 4578 1142 4643 plura
1191 4574 1456 4628 ht'l'l'eSlllll
1502 4573 1747 4638 catalogo
1788 4570 2146 4635 adscripserit
2173 4570 2226 4598 ν
2251 4570 2500 4626 doctrinis
2529 4571 2800 4644 apostolici
2827 4587 2913 4639 per
2933 4573 3108 4624 omnia
3136 4571 3250 4636 viri,
3277 4574 3441 4638 patris
3460 4576 3628 4628 nostri
3662 4573 3834 4628 Phila-

549 4661 672 4714 quai
701 4645 923 4698 minime
951 4657 1198 4699 eranteo
1227 4645 1447 4698 nomine
1471 4644 1765 4698 censenda.
1800 4644 1937 4696 Tres
1964 4653 2143 4697 autem
2250 4646 2384 4698 atrii.
2425 4644 2741 4699 Communis
2780 4649 2894 4696 haec
2921 4653 3039 4714 erat
3078 4644 3354 4709 episcopis
3401 4647 3726 4709 appellatio,
3779 4653 3831 4699 ut

550 4713 754 4772 Classes
801 4715 1070 4770 hmresum
1125 4730 1219 4770 seu
1272 4715 1496 4770 ordines
1550 4717 1832 4768 constituit
1867 4731 1879 4766 :
1917 4715 2144 4783 primam
2253 4724 2402 4771 notat
2441 4716 2691 4770 Balnziits
2723 4716 2790 4768 ad
2815 4713 3052 4768 Salvian.
3090 4729 3210 4783 pag.
3243 4714 3372 4768 32:2.
3408 4716 3502 4772 Sic
3533 4717 3675 4770 idem
3702 4718 3834 4772 Gan-

551 4802 738 4842 earum
765 4802 887 4858 quae
913 4793 1129 4841 luerunt
1153 4797 1286 4859 ante
1311 4790 1602 4840 adventum
1635 4787 1836 4859 Christi
1871 4803 1882 4838 :
1918 4784 2143 4839 alteram
2251 4788 2488 4859 (lentius.
2525 4797 2682 4840 tract.
2718 4785 2751 4840 5
2777 4785 2876 4859 εμδὶ
2904 4787 3018 4854 quis
3043 4800 3162 4838 vero
3197 4795 3270 4838 est
3306 4786 3666 4852 Apostolicus.
3691 4798 3735 4842 et
3757 4805 3839 4859 per

551 4875 740 4914 earum
785 4856 906 4926 qua:
937 4867 1060 4926 post
1088 4857 1292 4910 Christi
1334 4859 1678 4921 Passionem;
1710 4857 1924 4909 tertiam
1957 4871 2144 4911 earum
2249 4858 2431 4912 Jesuin
2455 4869 2711 4926 prostrato
2758 4856 3012 4928 Egyptio
3047 4873 3264 4928 magnus
3291 4860 3485 4928 factus,
3510 4877 3574 4913 ac
3629 4856 3836 4926 patens;

551 4945 673 5000 quai
706 4930 808 4982 sub
838 4929 1112 4997 Apostolis
1138 4930 1485 5000 exstiterunt.
1530 4928 1700 5000 Hujus
1742 4928 1908 4981 libelli
1953 4944 2143 4983 novam
2250 4942 2303 4984 et
2336 4932 2386 4983 in
2422 4943 2579 4984 tract.
2611 4930 2677 4982 de
2700 4927 3006 5000 Ordinasui
3039 4947 3053 4983 :
3088 4927 3371 4983 Precentur
3399 4931 3558 4985 modo
3587 4933 3642 4986 hi
3673 4948 3836 4986 omnes

548 4999 848 5056 editionem
894 5004 1114 5066 parabat
1142 4999 1297 5053 Joan.
1329 5000 1539 5055 Albert.
1570 4999 1849 5055 Fabricius
1872 5042 1885 5063 ,
1922 5010 1977 5052 ut
2007 5000 2146 5067 ipse-
2250 5001 2533 5066 Apostolici
2561 5000 2867 5054 sacerdotes.
2899 4999 3030 5054 lieni
3081 5009 3244 5055 tract.
3298 5003 3366 5056 de
3415 5001 3606 5058 Dedic.
3640 5007 3791 5058 basil.
3821 5021 3832 5056 :

551 5084 661 5130 met
697 5073 983 5144 prolitetnr
1015 5071 1152 5125 Bibl.
1182 5072 1296 5125 Lat.
1328 5088 1447 5138 pag.
1479 5072 1584 5127 752
1613 5115 1621 5128 .
1657 5071 1749 5125 sed
1784 5071 2013 5125 fortasse
2041 5071 2146 5126 huc
2249 5072 2604 5144 Convenerunt
2630 5073 2794 5126 sancti
2816 5073 3091 5136 antistites,
3122 5081 3167 5126 et
3207 5072 3483 5140 apostolici
3509 5075 3628 5128 riri.

550 5143 724 5217 IISque
754 5158 972 5217 manum
1007 5144 1262 5196 abstinuit
1298 5155 1520 5212 propter
1565 5145 2148 5217 raritatem‘exempla-
2323 5154 2347 5190 ις
2380 5144 2452 5198 ita
2481 5143 2632 5198 Brix.
2657 5145 2779 5217 cod.
2810 5154 3058 5212 uterque,
3091 5155 3146 5196 et
3169 5145 3386 5217 quidem
3415 5157 3590 5206 reete,
3621 5161 3741 5200 cum
3787 5147 3833 5200 in

551 5214 690 5274 riuin
720 5231 852 5271 mss.
882 5214 1010 5269 Haec
1034 5230 1202 5287 porro
1223 5217 1434 5284 vulgata
1461 5217 1674 5269 [iterant
1703 5217 1754 5268 in
1779 5215 2017 5269 editione
2047 5215 2146 5269 Pa-
2248 5217 2416 5270 (κιαι,
2443 5228 2700 5281 corrupte
2727 5215 2996 5284 legeretur
3035 5232 3215 5287 agrum
3245 5216 3371 5269 bene
3419 5233 3450 5270 a
3498 5228 3650 5281 patre
3681 5218 3836 5272 censi-

555 5291 731 5345 tavina
756 5287 887 5343 anni
919 5286 1080 5350 1720,
1104 5301 1226 5340 cum
1255 5289 1456 5342 emisso
1481 5303 1603 5341 mox
1631 5289 1679 5339 in
1707 5287 1978 5355 pttilllt'lllll
2007 5289 2146 5356 typis
2250 5297 2379 5350 tum,
2423 5287 2515 5341 sed
2547 5290 2801 5341 consitum
2830 5287 3036 5340 retinet
3074 5286 3240 5339 etiam
3296 5287 3441 5343 liber
3497 5288 3831 5349 Pautagathi.

554 5358 1082 5431 Hamhurgensibus,
1131 5373 1275 5431 anno
1330 5358 1485 5431 mli,
1532 5357 1826 5431 Pliilastiio
1872 5357 2142 5431 Fabricii,
2249 5358 2405 5426 Quod
2448 5359 2635 5412 subdit
2661 5358 3020 5431 Gaudentius,
3045 5369 3214 5412 etnon
3245 5359 3372 5413 satis
3402 5360 3591 5415 idonea
3637 5377 3832 5415 succes—

551 5429 816 5500 nobiSque
841 5430 1308 5501 magismagisque
1332 5429 1546 5493 aliquod
1575 5429 1846 5483 Philastrii
1869 5429 2147 5495 exen'iplar
2249 5432 2394 5485 sione
2433 5439 2750 5499 susceptum,
2775 5429 3059 5499 eleganter
3096 5432 3374 5495 exiirimit,
3433 5445 3596 5500 quam
3629 5434 3832 5487 doleret

552 5522 657 5561 ms.
688 5501 1642 5574 nanciscendiidesiderjoincensis,
1675 5501 1878 5574 eximio
1919 5502 2146 5568 amplis-
2249 5505 2410 5556 etiam
2469 5513 2596 5574 post
2647 5502 3570 5574 exaetos_a-nnosiquatuordecim,
3625 5505 3832 5574 quando

552 5578 679 5633 simi
709 5575 1005 5632 cardinalis
1033 5573 1254 5644 Quirini
1279 5570 1521 5626 Brixiani
1554 5572 1797 5642 episeopi
1846 5574 2142 5640 bciielicio,
2250 5589 2445 5642 nempe
2471 5570 2656 5628 sermo
2685 5575 2789 5627 iSte
2813 5589 2842 5626 a
2865 5571 3168 5628 Gaudentio
3203 5574 3422 5629 habitus
3453 5583 3538 5629 est
3579 5570 3663 5644 (ιιί
3693 5577 3828 5643 ipse-

549 5649 802 5705 invenire.
841 5645 1072 5717 contigit
1103 5661 1206 5699 ms.
1240 5643 1518 5717 Pliilastrii
1559 5644 1800 5698 codicem
1834 5646 2146 5717 monasterii
2251 5657 2359 5700 met
2400 5647 2560 5713 paulo
2593 5645 2822 5700 inferius
2853 5644 3030 5717 dicit),
3071 5645 3214 5717 quod
3266 5643 3619 5715 episcopatus
3665 5647 3827 5701 sarci-

550 5721 891 5776 corbeiensis
930 5715 1136 5789 de'qoo
1164 5718 1314 5789 plura
1348 5715 1584 5789 diximus
1607 5717 2050 5789 _inl’rzel'atione
2078 5716 2145 5789 ad
2248 5732 2374 5770 nam
2410 5721 2610 5772 invntus
2633 5733 2694 5770 ac
2735 5715 3016 5772 reluctans
3039 5715 3224 5789 subire
3252 5727 3476 5772 coactus
3501 5717 3828 5772 fuerit.Vide

552 5791 902 5847 Philastrium
947 5786 1110 5860 hujus
1161 5788 1435 5860 Brixiana;
1489 5786 1778 5860 editionis;
1832 5789 2032 5860 quique
2080 5787 2143 5842 ad
2249 5804 2370 5856 qua:
2402 5789 2781 5844 annotavimtis
2819 5790 2886 5843 ad
2914 5804 3083 5844 serm.
3111 5788 3201 5851 16.
3225 5803 3346 5859 pag.
3377 5789 3505 5855 55%,
3540 5790 3668 5856 555,
3697 5801 3744 5844 et
3778 5790 3826 5842 in

548 5861 953 5921 emendandum
979 5903 994 5929 ,
1023 5858 1092 5916 iet
1140 5858 1537 5916 restituendum
1589 5858 1865 5914 Pliilastrii
1913 5860 2141 5928 librum,
2250 5861 2412 5918 Primi.
2439 5861 2507 5917 ad
2537 5860 2923 5928 Gaudentium,
2959 5877 3012 5914 ii.
3041 5860 3065 5914 1
3101 5860 3231 5915 etQ.
