4070 6346
236 264 367 327 1001

1169 267 1543 333 ADMONITIO
1580 270 1647 332 IN
1685 268 2107 347 SEQUENTEM
2146 276 2559 338 RHYTHMUM.

3362 281 3503 341 1002

231 397 449 454 quoquo
478 384 643 440 modo
671 384 813 442 tueri
843 386 1186 457 prtevaleam.
1221 387 1406 444 Zelum
1440 387 1567 444 ﬁdei
1589 388 1727 459 ejus,
1761 398 1817 446 et
1844 405 1899 464 Α
1925 391 2218 449 humilibus
2251 393 2679 465 quibuscumque
2728 390 3091 460 conjunctior.
3140 392 3262 465 Ipse
3287 409 3506 465 quoque

231 479 661 550 magnitudinem
690 480 936 541 laborum
966 480 1127 552 paulo
1164 490 1291 538 ante
1346 484 1790 553 perstrinximus.

230 572 348 630 Jam
381 574 826 645 reminiscamur,
844 583 869 612 τι
886 574 1522 643 charissimi,vehemens
1538 578 1630 633 ille
1653 577 1818 632 ardor

231 666 395 721 animi
414 675 673 739 quantam
698 668 1006 739 possederit
1030 668 1084 724 in
1114 668 1318 726 sanctis
1348 671 1596 727 moribus
1623 670 1818 725 lenita—

230 769 336 818 tem
360 779 373 815 :
405 762 499 818 illa
528 763 798 820 celsitudo
827 762 1071 820 scientiae
1089 771 1289 834 quanta
1318 763 1483 820 fuerit
1515 764 1820 819 humilitate

229 857 484 913 sublimis
519 876 533 914 :
566 859 659 914 illa
689 858 996 915 caelestium
1025 875 1210 915 rerum
1239 860 1435 930 peritia
1461 874 1624 930 quam
1656 858 1823 914 fuerit

228 951 419 1023 ignara
452 956 819 1009 terrestrium.
841 954 974 1009 Erat
997 954 1142 1010 enim
1172 953 1424 1010 humana:
1472 952 1660 1025 gloria:
1720 968 1819 1008 ne—

227 1048 397 1116 scius,
421 1056 479 1104 et
506 1063 636 1105 acer
664 1048 837 1104 divini
857 1048 1088 1107 honoris
1113 1058 1338 1106 exactor
1371 1066 1385 1102 :
1414 1063 1522 1105 non
1570 1062 1820 1119 quaerens

225 1157 348 1214 quae
378 1156 477 1197 sua
516 1150 729 1210 essent,
761 1143 857 1199 sed
879 1159 1001 1215 quae
1030 1143 1159 1199 Jesu
1189 1143 1393 1199 Christi
1427 1141 1688 1216 (Philipp.
1733 1140 1815 1215 ιι).

228 1236 518 1292 Amicitias
560 1236 775 1305 saeculi,
810 1246 865 1293 et
890 1237 1068 1294 officia
1118 1238 1395 1294 mundana
1435 1245 1815 1305 contemnens,

227 1328 255 1369 ι’
283 1332 511 1387 servitio
552 1331 651 1389 Dei
676 1333 882 1404 jugiter
902 1332 1215 1398 adhaerens,
1235 1334 1379 1389 inter
1393 1333 1627 1387 humana
1651 1332 1819 1387 collo-

228 1424 350 1495 quia
374 1425 581 1497 jugiter
612 1435 911 1497 occupatus
941 1443 954 1479 :
990 1427 1252 1482 nimirum
1286 1427 1359 1481 ibi
1412 1443 1508 1483 cor
1529 1426 1647 1496 ejus
1677 1434 1819 1490 erat,

226 1517 317 1575 ubi
344 1519 635 1576 thesaurus
668 1520 887 1593 (Matth.
910 1521 1003 1593 v1).
1026 1522 1157 1578 Illud
1171 1523 1338 1578 etiam
1367 1523 1529 1594 quale
1551 1529 1656 1588 est,
1679 1519 1821 1592 quod

227 1626 349 1666 cum
379 1626 615 1682 operosa
648 1629 876 1685 quaeque
920 1615 1077 1685 hujus
1123 1616 1329 1682 saeculi,
1361 1632 1423 1671 ac
1453 1614 1694 1688 pretiosa
1723 1614 1819 1669 de-

226 1704 690 1776 spiceret,vilium
722 1723 906 1764 rerum
934 1710 1311 1780 pauperrimos
1339 1709 1679 1775 venditores,
1712 1708 1819 1763 mi-

1920 484 1972 538 in
2001 485 2099 540 illo
2129 485 2314 542 habitu
2337 485 2595 553 vestium,
2632 492 2743 540 tota
2774 496 2897 540 erat
2945 486 3155 542 vilitate
3203 488 3503 543 mundissi-

1919 595 2080 635 mus:
2126 589 2313 652 gratus
2362 580 2486 637 sine
2526 579 2820 649 industria,
2854 579 2873 618 ί
2920 582 3352 653 contemptibilis
3388 583 3506 639 sine

1915 670 2068 737 fuco;
2098 682 2152 728 et
2184 674 2343 744 plane
2370 674 2462 744 qui
2498 720 2512 742 ,
2544 674 2665 745 ipso
2693 674 2771 731 nil
2830 684 3082 745 curante,
3127 677 3331 733 mentis
3382 677 3502 749 ejus

1919 766 2182 836 panderet
2207 768 2522 839 puritatem.

1992 860 2171 916 Pauca
2201 860 2319 917 haec
2343 861 2413 917 de
2434 862 2725 919 virtutibus
2765 873 2790 909 ε
2831 862 3067 919 hominis
3108 863 3246 932 Dei,
3298 866 3515 922 brevis-

1920 954 2059 1010 simo
2087 970 2340 1012 sermone
2378 956 2682 1011 memoravi
2708 974 2721 1022 ;
2747 953 2775 993 ιι
2806 972 2876 1013 ne
2907 957 3025 1013 dies
3051 957 3155 1013 iste
3177 972 3289 1030 quo
3316 960 3382 1014 ad
3416 976 3514 1015 su-

1920 1065 2090 1120 perna
2122 1050 2374 1121 migravit
2400 1051 2593 1108 beatus
2621 1052 2952 1109 Philastrius
2996 1062 3259 1121 patronus
3299 1063 3511 1125 noster,

1922 1145 2077 1216 cujus
2108 1145 2271 1202 hodie
2302 1145 2435 1201 festa
2477 1147 2851 1215 celebramus,
2886 1148 3034 1202 tristi
3084 1148 3306 1205 silentio
3336 1149 3512 1220 inglo—

1924 1242 2037 1298 rius
2077 1241 2408 1313 praateriret.
2455 1242 2589 1298 Nam
2647 1259 2769 1299 cum
2814 1244 2981 1299 multa
3020 1244 3341 1299 meritorum
3396 1244 3515 1313 ejus

1925 1336 2263 1408 praeconia,i
2297 1338 2709 1409 quatuordecim
2734 1337 2846 1408 jam
2872 1355 2968 1409 per
2993 1354 3167 1394 annos
3198 1339 3517 1394 solemnita-

1926 1433 1991 1488 tis
2023 1434 2183 1503 hujus
2210 1433 2417 1489 cultum
2445 1448 2739 1501 renovans,
2772 1432 2975 1488 auditui
3002 1445 3185 1489 vestro
3207 1433 3510 1497 intulerim,

1926 1527 2077 1597 plura
2126 1528 2139 1575 ἱ
2196 1542 2315 1597 qua:
2392 1525 2675 1596 praedicari
2724 1526 2901 1581 adhuc
2970 1535 3245 1597 possunt,
3316 1527 3513 1581 intacta

1928 1619 2222 1690 perspicio.
2253 1618 2281 1656 ιε
2311 1618 2738 1688 Quintodecimo
2775 1629 2959 1675 autem
3005 1618 3366 1674 Calendarum
3407 1616 3519 1672 Au-

1924 1722 2204 1785 gustarum
2225 1712 2376 1769 exuit
2416 1712 2714 1778 hominem,
2740 1710 3071 1782 etmigravit
3099 1713 3166 1766 ad
3197 1726 3321 1766 eum
3352 1725 3511 1780 quem

228 1799 500 1855 sericordi
529 1799 833 1858 ambitione
866 1802 1124 1874 profusus
1153 1811 1371 1875 emptor
1398 1802 1669 1875 augebat?
1720 1817 1820 1873 pa-
1850 1804 1900 1865 B
1927 1808 2137 1863 dilexit.
2168 1807 2304 1863 Tam
2346 1806 2494 1877 digni
2523 1807 2695 1877 igitur
2725 1806 3046 1863 memoriam
3080 1805 3383 1862 sacerdotis
3414 1805 3513 1861 de-

228 1906 343 1948 rum
370 1893 585 1949 scilicet
612 1905 941 1967 computans
991 1901 1014 1928 °
1056 1899 1202 1971 quod
1235 1900 1492 1971 professis
1530 1898 1817 1971 egentibus

226 1984 694 2057 largireturJErat
720 1990 862 2046 idem
886 2002 1109 2048 sanctus
1139 1994 1218 2048 ira
1241 1994 1455 2060 brevis,
1488 1992 1827 2065 indulgentia

226 2080 393 2154 374
422 2083 622 2150 facilis,
646 2085 907 2156 patientia
929 2086 1613 2162 superansﬁlhumanitate
1635 2089 1823 2145 devin-

226 2192 356 2233 cens
388 2196 402 2232 :
438 2180 495 2235 in
523 2181 872 2252 corripiendo
902 2182 1212 2253 districtus,
1245 2185 1299 2241 in
1332 2185 1635 2242 relaxando
1665 2185 1828 2240 abso-

224 2271 397 2341 lutus,
432 2275 574 2333 liber
603 2275 659 2332 in
694 2279 908 2349 agendo
940 2297 951 2333 :
985 2279 1136 2335 omni
1166 2280 1335 2347 aetati,
1370 2289 1425 2337 et
1478 2277 1824 2347 conditioni,

227 2375 283 2422 et
317 2367 502 2433 sexui,
545 2370 813 2440 stupenda
847 2369 1189 2443 benignitate
1204 2373 1536 2443 communis,
1565 2388 1628 2428 ac
1656 2382 1680 2410 ε
1709 2382 1824 2427 tum

299 2538 327 2566 ι
359 2528 750 2603 ΙιθιιιιιιΒιὶχ.
783 2542 1014 2603 uterque
1069 2531 1369 2589 Karissimi.
1424 2535 1508 2590 Ab
1557 2534 1662 2591 hoc
1702 2534 1829 2588 loco

227 2616 399 2671 usque
428 2601 493 2656 ad
518 2602 610 2657 illa
641 2605 801 2659 verba
832 2622 845 2657 :
880 2601 1061 2659 Pauca
1082 2605 1191 2660 hare
1220 2606 1283 2661 de
1302 2607 1575 2662 virtutibus
1604 2606 1829 2662 hominis

227 2671 347 2741 Dei,
378 2674 567 2729 retulit
594 2689 661 2731 ex
690 2674 982 2732 Gaudentii
1012 2691 1115 2732 ms.
1141 2678 1265 2733 cod.
1286 2680 1419 2733 satis
1450 2687 1706 2735 accurate
1727 2676 1829 2733 Ca-

224 2746 469 2814 preolus,
501 2746 595 2802 lib.
621 2762 677 2801 ιιι
711 2748 852 2803 Hist.
879 2748 1053 2815 Brix.,
1090 2749 1180 2805 ubi
1213 2752 1282 2807 de
1319 2751 1612 2807 Philastrio
1656 2750 1825 2806 verba

226 2815 396 2894 facit,
440 2818 674 2894 ideoque
704 2820 920 2875 videtur
960 2822 1171 2894 primus
1196 2822 1365 2878 fuisse
1409 2827 1501 2893 qui
1549 2825 1826 2894 specimen

225 2887 731 2945 GaudentianOrum
756 2887 1079 2949 sermonum
1116 2893 1170 2947 in
1194 2895 1374 2949 lucem
1407 2887 1662 2950 ediderit.

1924 1901 2039 1956 bito
2077 1899 2280 1956 affectu
2303 1913 2648 1965 veneremur,
2680 1910 2739 1954 ut
2765 1900 2937 1971 ipsius
2988 1914 3205 1969 quoque
3259 1898 3517 1969 suffragio

1924 1992 2068 2050 bona
2093 2008 2216 2065 quae
2255 1994 2556 2064 poscimus,
2582 1992 2797 2048 facilius
2819 1993 3174 2064 impetremus
3207 2008 3221 2057 ,
3252 1992 3517 2063 largiente

1926 2086 2025 2142 Dei
2056 2085 2200 2141 Filio
2236 2086 2593 2158 sempiterno,
2621 2087 2709 2141 cui
2746 2092 2833 2142 est
2862 2088 3039 2142 omnis
3070 2086 3267 2153 honor,
3299 2086 3476 2141 virtus
3500 2128 3514 2152 ,

1927 2190 1982 2237 et
2008 2181 2203 2253 gloria,
2233 2196 2358 2237 cum
2387 2180 2569 2251 Patre,
2617 2188 2672 2236 et
2711 2180 2914 2251 Spiritu
2953 2189 3165 2247 sancto,
3224 2182 3276 2236 in
3331 2181 3514 2237 omnia

1922 2275 2124 2331 saecula
2152 2274 2505 2331 saeculorum.
2537 2276 2733 2330 Amen.

1932 2530 2019 2586 hic
2041 2529 2335 2585 Philastrio
2370 2528 2622 2584 tribuitur
2649 2544 2679 2583 a
2730 2529 3024 2585 recentiori
3070 2530 3297 2599 codice,
3354 2547 3518 2601 supra

1931 2618 2063 2658 vero
2084 2619 2112 2656 a
2139 2602 2310 2673 priori
2338 2610 2393 2657 et
2424 2601 2730 2673 vetustiori,
2756 2601 2983 2657 minime
3014 2619 3044 2657 a
3072 2602 3383 2659 Gaudentio
3404 2620 3519 2659 ma-

1932 2690 2099 2741 nare;
2128 2672 2224 2731 Sed
2251 2674 2304 2728 in
2347 2682 2581 2742 utroque
2612 2672 2733 2727 cod.
2795 2689 2932 2743 Opus
2974 2690 3099 2729 esse
3153 2675 3519 2745 posteriorum

1933 2756 2264 2818 temporum,
2301 2748 2355 2800 in
2383 2746 2582 2815 quibus
2617 2745 2942 2818 Apollonius
2969 2754 3024 2801 et
3055 2745 3375 2802 Philasrrius
3403 2747 3523 2802 Bri-

1931 2814 2107 2873 xian'a:
2129 2820 2368 2873 civitatis
2392 2814 2608 2889 patroni
2626 2816 2848 2872 fuerunt
2867 2818 3130 2887 appellati
3156 2823 3280 2889 ;qni
3301 2820 3520 2889 quidem
3603 2814 3612 2833 '

1932 2889 2159 2946 honoris
2192 2891 2377 2944 titulus
2394 2887 2506 2960 jam
2536 2889 2748 2960 pridem
2790 2890 2983 2944 iisdem
3007 2890 3173 2945 tribui
3196 2887 3415 2946 desivit.
3442 2892 3519 2946 De

297 2960 325 2999 δ
366 2962 523 3041 Prior
544 2978 611 3018 ex
646 2962 917 3041 Brixianis
954 2964 1156 3041 c_o_dd._:
1184 2968 1403 3041 servitio,
1422 2965 1520 3020 Dei
1551 2967 1640 3041 sed
1672 2967 1826 3041 jugi-
1853 2975 1899 3039 ς
1934 2961 2417 3041 hoc‘autemLDeo
2439 2959 2799 3041 dan’te,.plur_a
2823 2960 3164 3041 proferemus
3214 2964 3267 3018 in
3299 2973 3525 3017 annota-

229 3042 303 3111 ter
324 3033 597 3111 adhcerens
630 3035 832 3111 :_alter,
855 3036 1065 3111 servitio
1087 3034 1193 3111 Dei
1215 3055 1270 3111 se
1284 3040 1485 3111 jugiter
1530 3033 1824 3095 adhte'rens.

230 3105 535 3181 Capreolus
558 3106 691 3177 legit
703 3125 732 3181 _:
765 3108 972 3181 servitio
994 3106 1096 3181 Dei
1118 3105 1318 3181 jugiter
1342 3105 1660 3166 adhaerebat.

305 3189 326 3215 ε
361 3178 454 3251 Sic
486 3179 671 3251 legunt
703 3178 944 3233 Brixiani
992 3178 1131 3247 duo,
1164 3178 1364 3251 quibus
1406 3192 1680 3239 consonat
1718 3184 1824 3240 Ca—

230 3250 474 3324 preolus.
512 3249 659 3324 Editi
685 3265 840 3317 vero,
862 3252 1003 3322 quod
1034 3249 1323 3324 professus.

299 3317 327 3357 ἀ
359 3321 603 3376 Brixiani
630 3323 737 3378 dno
783 3333 837 3378 et
866 3317 1192 3395 Capreolu's.
1232 3325 1289 3380 lu
1341 3326 1526 3395 editis,
1576 3328 1828 3400 patientia

228 3405 523 3465 supremus.

305 3475 328 3502 °
374 3466 614 3543 Uterque
654 3466 804 3521 Brix.
851 3466 985 3543 legit
1028 3478 1131 3543 tam
1187 3470 1469 3543 humilibus
1517 3470 1824 3543 quibusque.

230 3537 530 3617 Capreolus
556 3547 737 3617 autem
770 3539 1069 3617 pariterque
1095 3540 1401 3617 humillimis
1422 3537 1829 3617 quibuscumque

232 3611 535 3688 conjunctus
556 3628 575 3677 ;
599 3611 839 3688 fortasse
864 3628 989 3668 vera
1009 3612 1177 3688 lectio
1198 3624 1283 3669 est
1311 3616 1363 3669 in
1397 3630 1528 3671 mss.
1558 3611 1826 3688 Pantaga-

233 3682 338 3760 thi_,
354 3699 414 3760 ac
440 3692 608 3760 tame_n
634 3682 913 3760 humilibus
930 3683 1214 3760 quibusque
1235 3688 1584 3760 conjunctior.

310 3754 330 3791 ί
374 3755 528 3823 Apud
554 3755 879 3832 Capreolum
904 3756 983 3832 sic
1013 3774 1026 3809 :
1058 3754 1407 3832 contemptum
1428 3760 1538 3813 sine
1560 3761 1678 3829 fuco
1698 3778 1831 3832 qua!-

234 3843 375 3904 rens,
408 3838 466 3879 ut
492 3827 677 3904 mentis
698 3842 808 3881 sua:
830 3827 1077 3904 panderet
1102 3827 1418 3904 puritatem;
1443 3827 1567 3904 quze
1611 3827 1830 3904 quidem

235 3897 400 3975 Lectio
425 3900 621 3975 melior
650 3907 705 3953 et
732 3899 1078 3955 commodior
1105 3897 1367 3957 videtur.
1425 3897 1645 3959 caetera-
1686 3907 1829 3975 apud

234 3967 564 4039 Capreolum
593 3986 704 4025 non
737 3981 979 4027 exstant.

308 4053 331 4089 ε
368 4042 526 4096 Prior
552 4052 606 4097 et
628 4043 897 4097 vetustior
928 4043 1083 4098 Brix.
1117 4045 1240 4101 cod.
1271 4046 1351 4101 sic
1378 4046 1579 4101 habet:
1613 4048 1833 4103 hominis

235 4109 353 4189 Dei,
386 4112 921 4189 beatissimiguidelicet
950 4114 1208 4189 Filastrii,
1250 4119 1441 4189 egregii
1476 4142 1481 4177 ς
1501 4124 1705 4187 patroni
1733 4138 1833 4174 no-

236 4186 350 4249 stri,
381 4188 533 4259 cujus
578 4185 733 4241 hodie
792 4188 927 4259 festa
981 4185 1323 4258 celebrantur,
1372 4185 1671 4245 brevissimo
1724 4209 1832 4247 ser-

237 4272 408 4313 mone.

309 4328 335 4366 ¹ι
376 4330 523 4407 ldetn
553 4329 677 4407 cod.
711 4347 723 4384 :
758 4328 843 4407 Ne
873 4330 983 4407 dies
1014 4332 1109 4407 iste
1133 4334 1479 4407 celebrabitis,
1511 4352 1617 4407 quo
1662 4337 1730 4390 ad
1750 4352 1836 4389 su-

1932 3035 2172 3090 tionihus
2196 3035 2264 3088 ad
2285 3033 2730 3104 Martyrologium
2756 3033 3093 3088 Brixianum.

2009 3106 2025 3144 ί
2043 3106 2180 3161 Hinc
2202 3105 2362 3160 facile
2382 3105 2556 3173 liquet
2587 3119 2897 3160 sermonem
2926 3105 3073 3160 hunc
3086 3105 3329 3160 habitum
3357 3106 3524 3162 fuisse

1930 3195 1960 3234 a
1992 3178 2304 3234 Gaudentio
2327 3177 2487 3248 paulo
2510 3186 2637 3245 post
2679 3191 2880 3230 annum
2923 3176 3049 3241 400,
3075 3192 3196 3230 cum
3236 3179 3525 3248 episcopa-

1932 3262 2047 3306 tum
2078 3249 2357 3319 accepisse
2384 3246 2634 3319 videatur
2663 3249 2811 3302 circa
2845 3263 3043 3303 annum
3093 3250 3219 3312 587,
3269 3246 3439 3319 juxta
3462 3266 3525 3306 ea

1930 3318 2314 3395 quaeﬁdiximus
2354 3321 2407 3373 in
2435 3318 2782 3395 Praefatione.

2006 3395 2020 3444 i
2061 3394 2218 3449 Prior
2269 3402 2321 3448 et
2368 3392 2637 3447 vetustior
2691 3392 2839 3459 cod.,
2882 3409 2997 3464 qua:
3034 3392 3307 3463 prtrdicari
3355 3393 3525 3447 adhuc

1932 3476 2164 3521 ουονιεαι
2172 3506 2184 3520 .

2110 3485 2184 3520 αι.

1965 3485 2188 3607 Ρῖηὸιιο
2218 3550 2414 3608 nempe
2452 3534 2541 3590 die
2578 3534 2857 3591 Philastrii
2914 3536 3235 3593 memoriam
3276 3538 3528 3593 recolunt

1932 3609 2375 3682 Martyrologium
2398 3608 2729 3675 Romanum,
2771 3608 3118 3682 Maurolycus
3140 3611 3293 3675 item,
3328 3625 3393 3666 ac
3415 3610 3523 3665 Ga-

1934 3681 2186 3751 lesinius,
2213 3682 2415 3752 aliique
2454 3682 2794 3737 recentiores
2822 3681 3199 3753 Martyrologi,
3238 3682 3532 3738 Gaudentii

1938 3757 2252 3812 testimonio
2274 3754 2418 3809 freti.
2452 3753 2506 3807 ln
2533 3761 2766 3824 utroque
2794 3769 2899 3808 ms.
2930 3752 3057 3810 cod.
3092 3753 3357 3810 Brixiano
3414 3755 3532 3808 hinc

1936 3828 2207 3885 habentur
2237 3827 2303 3881 de
2332 3825 2627 3880 Philastrio
2655 3834 2784 3880 ante
2805 3841 3116 3881 sermonem
3141 3826 3427 3896 Ramperti
3462 3826 3531 3880 de

1936 3900 2219 3956 Philastrii
2264 3897 2683 3952 Translationc:
2733 3914 2853 3967 quae
2903 3898 3085 3953 denuo
3148 3898 3530 3968 proferimus,

1937 3972 2102 4037 infra,
2129 3974 2183 4027 in
2219 3979 2333 4024 not.
2366 3969 2816 4042 ad_Rampertunt
2846 3988 2856 4021 :
2892 3969 2960 4022 In
3015 3968 3395 4042 Martyrologio
3439 3987 3536 4023 no—

1937 4055 2060 4099 strae
2084 4043 2368 4097 Brixiensis
2396 4039 2647 4094 Ecclesia:
2691 4042 2764 4093 ita
2813 4042 3060 4111 scriptum
3101 4039 3387 4111 invenimus
3419 4056 3437 4095 :
3467 4057 3534 4093 xv

1940 4114 2058 4169 KL.
2092 4117 2227 4185 Aug.
2269 4111 2467 4166 Brixia:
2487 4113 2778 4185 assumptio
2802 4109 3083 4185 beatissimi
3109 4110 3229 4167 PP.
3265 4109 3531 4185 Filastrii.

1939 4185 2087 4240 Jacet
2115 4182 2439 4240 ati'sanctum
2463 4182 2721 4235 Andream
2750 4199 2767 4245 ;
2799 4184 2891 4237 ubi
2924 4182 3115 4236 titulus
3149 4192 3379 4237 vetustte
3430 4182 3535 4237 Ca-

1942 4259 2205 4315 thedralis
2234 4256 2471 4325 antiquis
2502 4253 2843 4325 temporibus
2883 4255 3204 4325 exsistebat.
3245 4254 3303 4308 In
3335 4254 3529 4324 Marty-

1943 4333 2152 4402 rologio
2179 4346 2283 4382 ms.
2310 4324 2667 4381 Bibliotheca:
2696 4325 2971 4402 Satibantis
2996 4324 3265 4402 __V_eronaz,
3300 4327 3425 4402 quiA
3443 4341 3539 4402 co-

239 4419 395 4479 perna
418 4403 681 4479 migravit,
709 4404 843 4479 tristi
864 4404 1095 4479 silentio.
1119 4404 1380 4479 Quamvis
1408 4396 1589 4462 autem
1618 4408 1835 4479 vulgata
1861 4404 1919 4465 D
1941 4396 2292 4479 dexividetur
2323 4414 2445 4479 esse
2473 4413 2565 4479 χιιι
2596 4396 2803 4479 saeculi,
2846 4397 3274 4479 ipscrihiturque
3312 4414 3370 4479 ιι.
3525 4439 3541 4463 ,

239 4474 405 4529 lectio
435 4475 703 4529 habeatur
733 4476 789 4550 in
828 4476 1101 4550 alterogex
1143 4478 1307 4550 codd.
1342 4479 1614 4534 Brixianis
1636 4521 1650 4546 ,
1687 4474 1832 4550 q'uod

240 4560 467 4620 monere
514 4549 975 4615 praetermiseram
1006 4548 1059 4603 in
1108 4549 1279 4620 priori
1331 4550 1598 4617 editione,
1652 4548 1833 4607 tamen

239 4619 556 4689 suspicione
583 4634 691 4675 non
714 4628 892 4690 vacat,
935 4619 1357 4692 appellationem
1413 4623 1663 4694 patroni,
1712 4639 1833 4695 quae

1942 4481 2021 4530 sic
2044 4475 2149 4545 legi
2180 4490 2192 4526 :
2236 4488 2304 4526 xv
2334 4468 2459 4545 Kal.
2480 4467 2829 4545 Aug......1n
2851 4469 3037 4545 Brixia
3067 4470 3271 4525 civitate
3288 4470 3543 4540 depositio

1941 4541 2185 4603 Filastrii
2225 4546 2389 4617 ipsius
2416 4541 2637 4596 civitatis
2667 4542 2917 4613 episcopi.

698 4958 1334 5033 ADMONITIO
1406 4958 1521 5033 IN
1600 4957 2255 5045 SEQUENTEM
2344 4958 3048 5034 BHYTHMUM.

327 5224 587 5290 Quoniam
620 5224 889 5296 rhythmus
920 5224 1018 5279 iste
1068 5224 1174 5294 fere
1202 5227 1381 5279 eadem
1421 5236 1582 5282 metro
1610 5228 1835 5281 continet
1865 5241 1977 5296 quw
2008 5224 2260 5294 superiori
2298 5239 2533 5277 sermone
2565 5240 2597 5275 a
2623 5220 2919 5278 Gaudentio
2948 5225 2999 5278 in
3030 5224 3239 5279 laudem.
3276 5223 3549 5280 Philastrii

250 5314 419 5370 soluta
446 5317 676 5370 oratione
704 5317 844 5370 dicta
874 5326 1100 5382 sunt;ac
1119 5324 1363 5384 prwterea
1390 5315 1672 5386 aliquando
1695 5316 2048 5372 Gaudentium
2077 5323 2344 5370 auctorem
2372 5330 2479 5387 pra:
2500 5312 2710 5380 setulit,
2739 5313 2852 5369 ideo
2878 5332 2942 5369 ne
2973 5312 3255 5369 Gaudentii
3282 5315 3545 5372 studiosus

252 5407 413 5463 lector
436 5410 637 5481 aliquid
661 5427 691 5463 a
722 5411 869 5464 nobis
900 5408 1190 5463 desiderare
1213 5417 1402 5479 posset,
1438 5426 1553 5463 eum
1577 5408 1675 5463 hoc
1706 5409 1819 5464 loco
1845 5408 2181 5481 subjecimus.
2213 5408 2340 5475 Quis
2373 5407 2529 5478 fuerit
2565 5416 2767 5476 auctor,
2800 5405 2944 5462 latet.
2982 5407 3105 5461 Non
3135 5406 3348 5459 dubiant
3374 5416 3549 5461 tamen

251 5503 375 5573 quin
409 5504 475 5556 sit
507 5518 640 5555 nono
668 5504 856 5557 smculo
888 5499 1182 5571 antiquior;
1212 5498 1443 5569 rhythmi
1465 5500 1604 5553 enim
1636 5501 1793 5567 huius
1822 5499 2135 5572 Rampertus
2166 5498 2400 5552 meminit
2437 5498 2491 5551 in
2523 5513 2758 5552 sermone
2786 5497 2849 5551 de
2880 5495 3188 5563 Philastrio,
3217 5514 3369 5566 quem
3394 5498 3549 5553 habes

250 5592 428 5663 infra;
457 5596 609 5665 cujus
640 5591 908 5663 Ramperti
939 5591 1250 5644 auctoritate
1276 5606 1393 5643 eum
1420 5587 1717 5644 Gaudentio
1754 5591 1970 5646 libenter
1995 5590 2434 5664 abjudicavimus.
2465 5588 2614 5645 Certe
2644 5606 2807 5661 neque
2828 5587 3013 5659 stylus,
3057 5604 3221 5659 neque
3249 5590 3413 5644 saliva
3459 5590 3550 5663 (ut

254 5684 566 5759 Hieronymi
592 5686 754 5742 verbis
780 5687 936 5757 utar)
966 5683 1311 5741 Gaudentium
1341 5695 1601 5739 auctorem
1633 5686 1861 5757 sapiunt.
1906 5684 1987 5741 De
2012 5684 2254 5757 rhythmo
2286 5686 2380 5739 hoc
2423 5686 2777 5740 testimonium
2804 5682 3076 5752 Rumperti
3103 5692 3177 5736 est
3202 5680 3506 5753 hujusmodi
3529 5700 3547 5737 :

255 5777 365 5834 Sed
394 5790 449 5834 et
487 5780 856 5853 rhythmicum
894 5778 1178 5851 hymnum,
1220 5793 1383 5846 quem
1434 5792 1565 5851 ergo
1599 5778 1943 5835 auctoritatis
1981 5777 2347 5834 Gaudentium
2381 5777 2699 5849 episcopum
2732 5775 2928 5830 fecisse
2974 5774 3176 5842 ferunt,
3208 5783 3434 5832 cantare
3480 5776 3550 5836 de

254 5870 375 5943 ipso
406 5870 602 5929 sedule
628 5881 1013 5929 consueverat.
1045 5869 1406 5929 Gaudentium
1439 5882 1620 5932 autem
1654 5874 1835 5947 ipsum
1862 5870 2236 5943 composuisse
2267 5881 2423 5939 nuto,
2454 5886 2577 5928 cum
2612 5870 2795 5939 longe,
2828 5869 3099 5939 aliterque
3134 5884 3327 5927 sensus
3360 5872 3552 5943 prima:

506 5967 780 6031 ΡΑΤιιοι..
834 5967 979 6030 XX.

3003 5964 3081 6024 32
