4070 6346
551 289 692 349 1005
1619 291 1679 349 S.
1717 289 2102 351 GAUDENTII
2127 289 2158 350 Ἰ

2208 285 2409 349 ΠΧΙΕ
2452 283 2764 348 EPISCOPI
3689 281 3815 343 lOOl

542 409 708 464 linem
733 408 828 476 sit,
855 417 910 462 et
936 407 1051 478 ipse
1078 405 1362 480 rhythmos
1391 408 1657 464 elementa
1688 410 1924 465 nominis
1946 407 2328 481 compositoris
2355 406 2464 474 sui,
2490 420 2586 478 per
2609 404 2810 476 capita,
2836 411 2898 458 ut
2922 403 2996 462 ita
3027 401 3284 470 dixerim,
3313 415 3597 465 versuum,
3632 401 3674 455 si
3706 401 3817 469 quis

541 499 816 568 intendat,
845 499 1062 558 habeat.
1092 501 1369 556 Videbatur
1396 502 1622 573 profecto
1652 517 1716 556 ea:
1739 502 1838 556 hoc
1868 503 2136 573 Ramperti
2162 499 2458 556 testimonio
2484 495 2659 569 aliqua
2679 495 2931 568 aﬁulgere
2949 499 3246 568 conjectura
3267 494 3332 548 de
3347 492 3557 548 nomine
3581 492 3821 563 auctoris,

545 613 669 653 cum
689 597 826 652 dicat
852 613 871 652 :
897 607 954 653 et
982 597 1099 668 ipse
1129 597 1411 668 rhythmus
1426 597 1694 652 elementa
1717 597 1954 652 nominis
1983 594 2367 666 compositoris
2395 592 2478 648 sui
2505 605 2609 646 run
2634 605 2849 658 cum,
2873 595 2934 644 ut
2963 587 3034 643 ita
3059 587 3316 656 dixerim,
3349 601 3616 650 νεικέσω,
3641 583 3684 640 si
3711 585 3822 655 quis

545 691 813 760 intendat,
847 691 1089 757 habeat;
1115 708 1288 746 verum
1317 707 1379 746 ea
1406 690 1690 747 initialibus
1720 691 1904 744 litteris
1931 687 2203 763 cujuslibet
2243 685 2566 758 quaternarii
2589 683 2722 738 nihil
2745 682 2901 737 aliud
2927 681 3176 754 efficitur,
3209 681 3314 735 nisi
3341 694 3655 736 rius-rums
3682 691 3822 733 emc-

543 800 747 844 SIBNSIS
776 799 1037 842 PRAESUL.
1068 783 1299 839 Proinde
1322 786 1366 839 si
1393 786 1506 857 quis
1545 783 1686 838 hunc
1712 784 1908 838 nodum
1936 783 2121 846 soluat,
2153 783 2249 837 erit
2289 781 2415 835 mihi
2455 795 2674 852 magnus
2721 775 2935 848 Apollo.
2981 775 3109 829 Non
3151 775 3288 830 enim
3328 773 3664 838 crediderim,
3702 771 3822 826 Phi-

433 912 436 916 -
539 878 784 936 lastrium
809 881 980 948 ipsum
1009 879 1306 951 rhythmum
1334 879 1470 934 hunc
1494 879 1547 932 in
1573 879 1760 932 suimet
1792 877 2000 932 laudem
2026 877 2248 932 condere
2270 875 2519 945 potuisse.
2553 871 2801 927 Fortasse
2826 869 3146 942 Rampertus
3169 867 3450 935 intellexit,
3481 869 3710 922 auctoris
3734 883 3828 922 ne-

544 993 660 1032 men
687 975 937 1032 contineri
961 976 1065 1030 alio
1092 975 1342 1042 carmine,
1364 973 1505 1045 quod
1529 973 1596 1026 ad
1624 973 1821 1027 calcem
1846 971 1989 1025 illius
2018 970 2250 1042 rhythmi
2279 969 2342 1022 ab
2365 969 2478 1038 ipso
2503 976 2712 1021 auctore
2739 964 3010 1036 adjectum
3031 972 3122 1030 est,
3156 961 3477 1032 habeturque
3496 961 3553 1014 in
3581 960 3742 1033 priori
3769 976 3828 1014 ac

544 1071 892 1128 vetustiories:
914 1070 1112 1126 duobus
1141 1069 1296 1124 codd.
1323 1083 1446 1124 mss.
1472 1066 1740 1124 Briuiane
1761 1065 2031 1131 Ecclesiae,
2055 1067 2120 1120 de
2138 1065 2322 1136 quibus
2345 1062 2504 1135 paulo
2521 1077 2702 1135 supra,
2731 1063 2784 1117 in
2813 1062 2973 1128 notis,
2995 1061 3148 1116 initio
3167 1055 3421 1116 sermonis
3449 1059 3828 1132 prtrcedentis;

546 1165 644 1222 hoc
671 1164 820 1219 modo
837 1179 856 1216 :

1499 1257 1776 1307 Primam
1795 1253 2038 1318 quondam
2062 1253 2248 1318 meras,
2271 1257 2412 1314 pater
2434 1251 2563 1318 alme
2591 1249 2808 1313 Filauri,

1592 1314 1824 1383 Ingenio,
1847 1317 1961 1383 vita,
1989 1314 2240 1383 sensibus,
2272 1322 2420 1379 atque
2441 1314 2557 1363 ﬁde.

1499 1378 1729 1432 Pennis"
1762 1379 1901 1429 nervi
1935 1378 2096 1429 studui
2129 1380 2216 1428 tibi
2255 1378 2441 1440 ponere
2476 1388 2672 1426 carmen

1591 1446 1830 1506 Devotus,
1856 1442 2071 1504 humilis,
2094 1440 2322 1492 servulus
2339 1448 2487 1506 atque
2509 1445 2642 1506 tuus.

1503 1507 1764 1558 lntercede
1786 1503 1886 1557 tuis
1909 1503 2101 1555 meritis
2126 1516 2316 1567 prome
2338 1503 2600 1567 rogitando

1588 1569 1836 1620 Perimere
1858 1579 2073 1632 semper,
2101 1562 2187 1630 per
2206 1562 2569 1628 Domimimque
2595 1562 2774 1614 Deum.

536 1723 600 1780 Si
627 1723 742 1795 quis
773 1723 990 1795 fortasse
1022 1724 1241 1796 probare
1270 1735 1465 1793 posset,
1495 1724 1722 1796 rhythmi
1748 1723 1890 1778 illius
1916 1731 2182 1777 auctorem
2209 1720 2376 1791 fuisse
2411 1718 2636 1791 aliquem
2669 1722 2908 1787 nomine,
2942 1729 3034 1774 aut
3061 1720 3424 1794 appellatione
3481 1719 3823 1782 Plancum,

533 1815 749 1882 ideoque
779 1830 950 1870 vocem
977 1815 1122 1868 illam
1149 1814 1363 1870 alternis
1407 1831 1643 1870 uersuum
1692 1814 1946 1886 capitibus
1992 1814 2089 1867 hoc
2119 1816 2346 1868 carmine
2373 1815 2664 1883 repetitam,
2714 1829 2818 1868 non
2847 1812 2998 1868 ualde
3037 1823 3426 1888 repugnarem;
3457 1829 3638 1868 verum
3665 1819 3830 1882 aperte

536 1907 807 1976 proﬁteor,
838 1909 1015 1961 omnia
1037 1907 1161 1961 mihi
1181 1906 1279 1961 hoc
1306 1905 1323 1959 ι
1332 1906 1408 1960 oci
1430 1905 1669 1974 obscura,
1699 1916 1748 1961 et
1769 1907 1967 1960 incerta
1990 1921 2100 1959 esse
2117 1923 2136 1959 :
2168 1905 2402 1974 nihilque
2417 1905 2563 1958 aliud
2585 1913 2883 1978 promptum
2911 1906 3092 1974 sideri,
3117 1907 3220 1960 nisi
3246 1909 3394 1979 pium
3414 1904 3650 1978 aliquem
3676 1906 3828 1960 cirum

537 1999 829 2054 Gaudentio
851 2002 1137 2074 juniorem,
1172 1999 1474 2071 rhythmum
1498 1999 1636 2053 hunc
1675 1999 1729 2052 in
1758 1997 1966 2053 laudem
1995 1995 2298 2061 Philastrii,
2341 2012 2405 2050 ex
2443 1995 2798 2051 Gaudentiani
2832 1999 3089 2053 sermonis
3117 1999 3388 2054 sententiis
3423 2000 3830 2054 consarcinasse.

538 2092 640 2157 Qui
667 2092 820 2162 primi
846 2091 1116 2161 Ramperti
1141 2107 1425 2146 sermonem
1443 2091 1495 2144 in
1517 2091 1683 2144 lucem
1703 2088 2002 2154 ediderunt,
2027 2088 2167 2144 mala
2190 2088 2294 2158 fide
2311 2089 2412 2156 usi,
2437 2087 2789 2143 Gaudentium
2810 2090 3036 2160 rhythmi
3055 2101 3319 2146 auctorem
3351 2093 3532 2164 facere
3556 2093 3832 2162 cupientes,

531 2186 682 2241 verba
709 2187 825 2253 illa,
851 2187 1037 2256 quibus
1058 2188 1112 2240 id
1135 2205 1165 2240 a
1194 2185 1478 2257 Ramperto
1508 2187 1562 2240 in
1585 2185 1803 2240 dubium
1830 2193 2122 2252 revocatur,
2147 2184 2243 2237 tuti
2272 2195 2642 2239 resecuerunt:
2673 2195 2723 2237 at
2758 2202 2852 2239 nos
2881 2187 3138 2257 integrum
3179 2186 3452 2258 [imperti
3491 2187 3835 2240 testimonium

530 2282 876 2352 reposuimus,
907 2284 981 2336 uti
1012 2283 1180 2352 fusius
1203 2283 1343 2352 infra
1365 2297 1458 2335 suo
1483 2281 1594 2335 loco
1619 2279 1912 2334 iudicamus
1937 2279 1992 2333 in
2017 2279 2156 2333 notis
2183 2278 2251 2332 ad
2289 2278 2647 2349 Rampertum.
2684 2279 2920 2334 Habetur
2949 2291 3121 2335 auum
3154 2282 3432 2352 rhythmus
3456 2283 3558 2336 iste
3585 2281 3642 2335 in
3667 2281 3837 2334 iisdem

527 2373 726 2427 duobus
754 2373 906 2426 cadi.
939 2390 1060 2428 mss.
1106 2371 1371 2426 Brixiana:
1400 2370 1648 2426 Ecclesia:
1692 2371 1744 2423 in
1771 2369 1953 2440 quibus
1982 2378 2148 2424 exstat
2173 2372 2326 2424 etiam
2360 2372 2656 2439 prcecedens
2693 2388 2863 2426 sermo
2893 2370 3177 2428 Gaudentii
3203 2370 3268 2428 de
3299 2370 3642 2440 Philastrio;
3700 2385 3839 2442 atque

532 2481 596 2519 ea:
622 2466 707 2532 iis,
734 2464 808 2519 vel
833 2481 896 2518 ex
932 2466 1116 2519 horum
1139 2464 1416 2532 alterutro,
1443 2474 1563 2519 tunc
1593 2464 2032 2535 deprompsimus,
2065 2480 2182 2517 cum
2216 2481 2331 2519 eum
2373 2465 2634 2520 edidimus
2661 2468 2714 2520 in
2743 2467 3100 2521 additionibus
3138 2469 3205 2522 ad
3251 2467 3539 2540 Ugltellum
3571 2470 3676 2540 (a).
3713 2470 3840 2537 Quo-

531 2562 676 2617 niam
700 2576 816 2615 oero
836 2562 890 2614 in
915 2559 1009 2613 illa
1035 2561 1264 2614 editione
1285 2561 1461 2626 aliqua
1484 2560 1700 2613 mutatio
1724 2557 2089 2628 festinantibus
2114 2558 2366 2629 obrepsit,
2397 2559 2480 2612 hic
2501 2559 2671 2614 denuo
2693 2575 2806 2614 cum
2831 2562 3204 2635 exemplaribus
3228 2577 3356 2617 mss.
3378 2561 3665 2635 diligenter
3686 2563 3840 2618 colla-

538 2663 648 2708 tum
669 2661 718 2706 et
744 2651 1071 2706 emendatum
1093 2650 1295 2705 damus.
1332 2649 1415 2704 Ne
1442 2650 1568 2721 quid
1590 2667 1746 2721 porro
1775 2649 2058 2704 candidum
2090 2648 2327 2706 lectorem
2345 2659 2395 2706 et
2423 2651 2650 2708 veritatis
2680 2662 2940 2708 amantem
2963 2651 3145 2721 lateat,
3174 2670 3472 2720 manemus,
3499 2657 3661 2711 alteri
3685 2673 3748 2711 ex
3770 2657 3842 2712 his

534 2747 801 2802 Brixianis
832 2745 1114 2812 codicibus,
1161 2745 1433 2818 posteriori
1471 2744 1667 2798 scilicet
1697 2761 1756 2798 ac
1778 2744 2072 2811 recentiori,
2117 2745 2296 2800 citium
2324 2762 2434 2802 esse
2477 2746 2702 2815 illatum,
2735 2747 2825 2801 ubi
2869 2749 2921 2801 in
2949 2749 3047 2801 hoc
3084 2747 3328 2820 rhythmo
3357 2748 3559 2822 legitur
3591 2763 3841 2806 snr't'llvs

538 2840 697 2912 fuisse
723 2837 1046 2893 Philastrius
1078 2835 1273 2891 Brixia:
1302 2836 1616 2907 episcOpus;
1645 2851 1768 2890 nam
1803 2851 1899 2907 pro

1626 2972 1861 3024 Surmms
1882 2971 2019 3024 sedis
2041 2974 2165 3026 solio
2190 2977 2407 3039 resedit,

538 3062 865 3134 suppositum
891 3063 986 3134 fuit
1013 3078 1032 3118 :

1634 3133 1853 3184 Daunius
1873 3133 2008 3183 sedis
2030 3133 2153 3185 solio
2176 3138 2380 3188 resedit.

540 3265 605 3321 At
635 3274 756 3320 nota
783 3264 893 3320 haec
922 3272 1092 3338 aperte
1125 3263 1408 3336 falsitatem
1440 3279 1586 3316 suam
1621 3265 1793 3333 prodit
1818 3280 1836 3329 ;
1865 3264 1919 3316 in
1951 3264 2116 3335 priori
2144 3264 2329 3318 etenim
2348 3279 2408 3315 ac
2433 3265 2779 3331 prwslatttiori
2801 3263 2992 3318 Codice
3013 3265 3214 3321 sincere
3244 3264 3437 3339 legitur
3462 3283 3480 3318 :

1638 3401 1874 3450 Smuws
1899 3398 2035 3450 sedis
2059 3398 2184 3449 solio
2208 3400 2423 3463 resedit;

549 3530 736 3584 deinde
771 3531 851 3584 lca:
891 3528 1138 3584 carminis
1181 3537 1460 3600 repugnat,
1502 3538 1550 3581 et
1577 3527 1854 3583 FlLAS‘l’BIl
1885 3544 2096 3594 nomen,
2124 3531 2263 3599 quod
2308 3530 2591 3585 initialibus
2633 3527 2818 3586 litteris
2868 3531 3144 3603 cujuslibet
3181 3536 3517 3602 quaternarii
3567 3537 3856 3609 exprimitur

547 3622 630 3695 (si
661 3633 828 3676 tamen
870 3625 1171 3694 conjectura
1215 3622 1324 3674 haec
1365 3630 1542 3674 nostra
1585 3620 1743 3674 ullius
1777 3632 1851 3674 est
1897 3621 2168 3694 ponderis)
2211 3625 2439 3694 amplius
2471 3641 2569 3678 non
2595 3623 2870 3679 haberetur
2899 3635 3193 3696 :postrcmo
3222 3629 3277 3682 in
3301 3645 3548 3685 sermone
3577 3630 3854 3705 Rumperti,

550 3718 642 3786 qui
671 3718 726 3769 in
745 3716 836 3769 illo
859 3715 1038 3769 eodem.
1073 3713 1346 3786 posteriori
1374 3711 1551 3764 codice
1573 3713 1658 3764 cui
1689 3714 1869 3765 vitium
1903 3712 2110 3766 illatum
2153 3727 2254 3782 est,
2281 3713 2521 3785 rhythmo
2552 3716 2888 3788 pra’ponitur,
2916 3715 3103 3771 diserte
3125 3719 3367 3773 scribitur
3399 3717 3729 3778 Philastrius
3759 3740 3859 3784 sep-

554 3807 709 3860 timus
755 3807 1024 3874 episcOpus
1055 3803 1341 3857 Briaiensis
1373 3801 1453 3856 his
1485 3802 1646 3856 verbis
1677 3821 1692 3854 :
1737 3802 1958 3858 Etenim
1993 3806 2080 3859 hic
2109 3821 2367 3862 summus
2419 3822 2697 3864 EPISCOPUS
2741 3807 3083 3866 Brixieusem
3133 3811 3446 3868 Ecclesium
3487 3815 3714 3872 Christo
3750 3829 3863 3871 tunc

553 3898 902 3969 praedicando
931 3913 1294 3969 coagreguns,
1341 3907 1589 3951 sanctum
1623 3901 1822 3968 dogma
1853 3901 2168 3954 custodivit.
2204 3901 2466 3968 Quorsum
2496 3914 2673 3957 autem
2701 3905 2846 3974 fraus
2889 3902 3020 3967 htec,
3063 3916 3154 3960 aut
3195 3923 3297 3977 quo
3328 3909 3592 3979 tenderet,
3652 3913 3860 3966 breribus

559 3996 748 4051 dicant.
774 3993 1004 4066 Coeperat
1031 4009 1210 4065 nempe
1225 3996 1340 4060 jam
1371 4001 1481 4044 tum
1505 3991 1646 4063 apud
1671 3994 1952 4045 nonnullos
1974 4009 2039 4047 ea:
2069 3996 2258 4047 nostris
2288 3995 2422 4049 male
2444 3997 2658 4066 feriatos
2687 3995 2920 4050 homines
2953 3999 3179 4053 invalere
3211 4003 3475 4057 recentior
3500 4005 3710 4074 opinio,
3731 4005 3855 4059 deci-

559 4104 707 4144 mum
739 4088 898 4158 fuisse
930 4085 1278 4140 Philastrium
1333 4082 1600 4137 Brixiana:
1629 4085 1766 4136 urbis
1794 4087 2110 4157 episcopum,
2144 4088 2234 4157 qui
2279 4096 2431 4140 antea
2460 4088 2728 4158 septimus
2757 4087 2960 4142 habitus
3001 4092 3172 4158 fuerat
3197 4108 3216 4157 ;
3244 4109 3366 4146 cum
3405 4095 3612 4150 sciolus
3667 4099 3864 4166 fortasse

560 4182 746 4252 aliquis
771 4181 1095 4248 conspicatus
1128 4187 1302 4233 notam
1333 4175 1577 4228 carminis
1608 4176 1765 4240 huius
1808 4180 2077 4231 sententia:
2106 4195 2213 4232 sum
2241 4177 2388 4234 valde
2416 4181 2794 4235 incommodam
2821 4181 3026 4249 delevit,
3059 4199 3119 4235 ac
3141 4187 3416 4238 recentiori
3443 4197 3747 4244 atramento
3785 4190 3866 4242 mi-

566 4273 748 4342 nioque
778 4273 1029 4340 oblinivit,
1060 4269 1270 4324 intactis
1293 4271 1488 4324 relictis
1516 4283 1748 4321 sermone
1775 4266 2045 4338 Ramperti
2070 4286 2132 4323 ac
2169 4271 2438 4326 vetustiori
2475 4272 2671 4340 codice,
2713 4273 2805 4344 qui
2830 4273 3152 4329 violatricem
3179 4294 3390 4331 manum
3421 4278 3747 4355 cﬁugerunt.
3777 4282 3865 4338 Sed

560 4373 676 4443 jam
706 4368 772 4421 ad
802 4368 1102 4438 rhythmum
1129 4370 1299 4438 ipsum
1328 4370 1651 4423 accedamus.

649 4505 744 4577 (α)
782 4503 939 4560 Tom.
974 4519 1050 4572 iv,
1083 4503 1191 4558 col.
1227 4499 1354 4570 5‘26,
1387 4503 1520 4558 edit.
1558 4502 1750 4557 Venet.

2039 4775 2127 4826 AD
2161 4774 2428 4828 LAUDEM

1420 4900 1760 4982 BEATI
1833 4899 2409 4986 FILASTRII
2480 4903 3023 4992 EPISCOPI

1158 5053 1617 5126 CARMEN
1696 5051 2264 5126 SAPHICUM
2342 5056 3238 5133 PENTAMETRUM.

737 5360 896 5432 377
919 5357 1184 5414 Fert'lem
1212 5365 1433 5411 cantum
1470 5356 1744 5412 habitator
1773 5352 1973 5420 omnis,
2297 5357 2350 5411 5.
2553 5356 2731 5423 istius,
2757 5366 2950 5411 cantus
2975 5355 3284 5412 modulator
3308 5359 3459 5415 adsit

667 5454 788 5521 Quo
807 5454 926 5507 linit
954 5460 979 5487 α
1009 5450 1230 5517 Cleosa,
1255 5448 1377 5504 ﬂuit
1403 5458 1565 5520 atque
1589 5449 1769 5516 Mella,
2370 5446 2395 5483 ι’
2428 5446 2618 5503 Nostra
2644 5447 2842 5504 Benaci
2877 5448 3132 5504 habitans
3159 5458 3216 5504 et
3241 5467 3339 5506 ora
3373 5469 3388 5505 :

670 5547 876 5606 Circuit
905 5558 1132 5600 currens
1160 5541 1362 5598 Ollium
1395 5558 1704 5609 recurvum,
2371 5543 2558 5610 Liber,
2590 5553 2646 5601 et
2671 5560 2904 5612 servus;
2930 5544 3289 5617 τεεὶηδιιιίιιιε
3319 5549 3538 5606 cuneus

957 5637 1199 5695 Concine
1223 5651 1457 5693 meeum.
2661 5637 2901 5693 Vocibus
2930 5637 3082 5693 odas.

676 5815 700 5842 α
759 5804 1010 5861 Fortasse
1038 5804 1228 5876 Clysis,
1260 5813 1353 5860 aut
1375 5803 1561 5872 Clesis,
1596 5803 1734 5859 utin
1769 5821 1896 5863 mss.
2373 5806 2397 5845 δ
2439 5807 2524 5866 Al.
2558 5823 2748 5868 noster.
