4070 6346
564 293 701 357 1007

1501 293 1560 352 Β.
1604 289 1888 354 AURELII
1926 290 2521 355 CARTHAGINENSIS
2560 288 2870 354 EPISCOPI

3708 290 3834 357 i008

575 436 3821 494 m

3466 482 3814 492 ..ι-ξ..

1832 651 2000 697 ANNO
2034 652 2265 698 DOMINI
2306 655 2575 700 CCCCXX.

998 803 2073 975 SANCTUS
2207 800 3413 969 AURELIUS

1306 1067 1955 1155 EPISCOPUS
2032 1056 3088 1155 CARTHAGINENSIS.

1789 1344 2633 1421 PROLEGOMENA.

1639 1484 1897 1549 (Biblioth.
1920 1484 2036 1537 νει.
2057 1485 2196 1537 Patr.
2216 1484 2435 1537 Galland.
2456 1494 2571 1538 tom.
2600 1485 2758 1551 VIII.)

629 1720 681 1776 Ι.
715 1717 992 1783 Aurelius,
1024 1716 1194 1773 totius
1224 1712 1429 1771 Africae
1458 1714 1695 1786 primas,
1728 1715 1873 1770 inter
1912 1712 2153 1768 illustres
2178 1738 2235 1799 Α
2256 1711 2431 1768 relius
2462 1712 2839 1784 episcopatum
2886 1710 3120 1783 adeptus
3155 1728 3168 1765 :
3212 1726 3332 1784 quae
3373 1720 3459 1769 est
3514 1709 3846 1769 'l‘illemontii

555 1811 821 1871 Ecclesiae
850 1812 1046 1869 Patres
1085 1820 1140 1867 et
1171 1810 1439 1867 Doctores
1470 1824 1501 1863 a
1524 1818 1713 1865 sancto
1742 1806 2037 1879 Fulgentio
2062 1821 2149 1861 re-

570 1917 826 1966 censetur
851 1906 940 1962 bis
989 1907 1171 1963 verbis
1200 1906 1280 1978 (a)
1314 1923 1328 1960 :
1366 1924 1385 1958 ‹
1430 1904 1562 1973 Quis
1590 1912 1754 1975 neget
1800 1903 1995 1958 beatos
2044 1900 2160 1971 epi-

556 2021 759 2077 scopos
780 2002 1155 2061 Innocentium
1177 2001 1507 2067 Romanum,
1540 1999 1902 2055 Athanasium
1924 1997 2161 2052 Alexan-

555 2101 819 2169 drinum,
890 2098 1233 2155 Eustathium
1297 2093 1699 2151 Antiochenum
1735 2136 1749 2159 ,
1827 2089 2157 2163 Gregorium

554 2194 986 2259 Nazianzenum,
1021 2192 1279 2248 Basilium
1312 2189 1712 2246 Caesariensem
1740 2233 1754 2255 ,
1808 2184 2157 2241 Ambrosium

556 2288 1042 2355 Mediolanensem,
1091 2286 1354 2341 Hilarium
1397 2284 1837 2348 Pictaviensem,
1890 2277 2161 2334 Constan-

556 2383 981 2455 tinopolitanum
1000 2382 1289 2445 Joannem,
1314 2377 1599 2433 Ᾱωιειιυιι
1621 2374 2154 2439 ΟΑιιτιιΑῦικιεμεειι,

558 2478 925 2550 Augustinum
974 2477 1417 2547 llipponensem,
1475 2481 1815 2541 eaeterosque
1871 2467 2160 2540 pontiﬁces

556 2572 649 2643 qui
673 2570 948 2627 Ecelesias
963 2569 1060 2625 Dei
1086 2566 1505 2638 vigilantissime
1526 2564 1922 2635 gubernantes,
1949 2569 2042 2615 aut
2071 2575 2161 2615 na-

556 2665 838 2721 scentibus
890 2670 984 2741 aut
1027 2662 1139 2731 jam
1168 2660 1315 2715 natis
1373 2657 1650 2714 luereticis
1696 2656 1976 2711 habitante
2005 2653 2063 2707 in
2098 2667 2160 2707 se

555 2766 753 2814 sancto
779 2756 990 2828 Spiritu
1015 2753 1369 2819 restiterunt,
1398 2766 1503 2807 nec
1530 2760 1747 2807 veteres
1778 2749 1939 2819 lupos
1970 2746 2160 2803 eccle-

561 2851 784 2907 siastico
815 2850 965 2921 gregi
996 2848 1379 2920 permittentes
1402 2846 1670 2916 irrepere,
1706 2858 1806 2899 nec
1836 2856 2010 2897 novos
2037 2855 2161 2911 per-

558 2944 769 3001 niciose
787 2944 933 2999 intra
948 2943 1091 2997 ovile
1107 2940 1441 2997 dominicum
1462 2940 1717 3004 latitare;
1744 2937 1888 3008 quis,
1910 2937 2156 3007 inquam,

559 3041 700 3097 istos
722 3048 887 3111 neget
917 3052 1049 3093 vasa
1075 3033 1497 3098 misericordiae,
1524 3047 1647 3103 quae
1673 3032 1822 3087 Deus
1879 3043 2156 3101 praepara-

2264 1808 2535 1863 sententia
2571 1806 2676 1880 (d).
2712 1806 2911 1862 Verum
2956 1820 3065 1877 quo
3095 1821 3241 1861 anno
3282 1805 3505 1862 demum
3560 1806 3848 1863 decesserit

2261 1898 2409 1954 idem
2443 1898 2697 1955 Aurelius
2719 1944 2732 1969 ,
2771 1914 2879 1955 non
2911 1907 2996 1955 est
3022 1899 3162 1955 adeo
3193 1900 3539 1971 exploratum
3560 1941 3577 1969 ,
3633 1911 3693 1956 ut
3741 1916 3850 1957 cer-

2264 2001 2380 2047 tum
2414 1993 2711 2064 quidquam
2744 1993 2909 2048 statui
2946 1994 3137 2063 possit.
3179 1993 3237 2049 In
3278 1993 3422 2049 vivis
3473 1995 3670 2066 agebat
3715 2010 3850 2051 anno

2262 2084 2390 2151 427,
2426 2102 2535 2156 quo
2562 2096 2789 2142 sanctus
2819 2085 3157 2158 Augustinus
3191 2087 3391 2142 librum
3418 2104 3572 2143 xxxn
3613 2089 3677 2143 de
3719 2087 3850 2144 Ciri-

2262 2188 2369 2233 tate
2394 2178 2493 2233 Dei
2525 2179 2721 2236 litteris
2750 2180 3126 2251 consignabat.
3160 2180 3240 2235 lbi
3267 2182 3415 2236 enim
3448 2183 3621 2237 verba
3654 2181 3851 2237 faciens

2262 2272 2331 2328 de
2358 2272 2605 2329 diaeonis
2635 2274 3102 2346 Carthaginiensis
3132 2276 3402 2332 Ecclesia:
3431 2278 3507 2350 (e)
3541 2296 3554 2332 :
3588 2278 3659 2331 In
3679 2278 3853 2350 quibus

2264 2376 2398 2433 erat,
2434 2367 2633 2437 inquit,
2660 2378 2706 2421 et
2736 2385 2797 2423 ea:
2826 2368 3012 2440 quibus
3039 2369 3183 2424 solus
3218 2379 3292 2425 est
3331 2388 3469 2425 nunc
3496 2372 3553 2426 in
3578 2372 3732 2426 rebus
3760 2371 3851 2426 hu-

2264 2464 2454 2527 manis,
2476 2464 2593 2533 jam
2616 2464 2894 2533 episcopus
2916 2481 3033 2518 cum
3061 2464 3261 2522 honore
3297 2484 3330 2519 a
3368 2466 3520 2521 nobis
3561 2468 3733 2521 debito
3772 2483 3855 2521 uo-

2262 2556 2565 2624 minandus,
2594 2556 2859 2613 Aurelius.
2893 2558 3043 2615 Idem
3081 2560 3357 2616 evincitur
3406 2576 3473 2617 ex
3508 2560 3754 2631 ejusdem
3793 2562 3853 2616 li~

2262 2648 2364 2704 bro
2395 2665 2433 2704 ιι
2487 2650 2983 2719 Retractationum,
3017 2669 3084 2709 eo
3118 2654 3236 2725 ipso
3268 2669 3417 2709 anno
3471 2664 3735 2723 exarata,
3768 2654 3857 2709 ubi

2262 2741 2382 2799 haec
2412 2742 2575 2799 habet
2603 2744 2672 2817 (f)
2708 2764 2721 2798 :
2752 2743 2981 2815 Propter
3004 2746 3115 2801 haec
3137 2748 3448 2801 venerabilis
3492 2764 3654 2803 senex
3694 2747 3857 2801 Aure-

2263 2838 2390 2905 lius,
2420 2839 2674 2895 Ecclesia:
2698 2842 2863 2913 ipsius
2890 2842 3113 2898 civitatis
3140 2844 3444 2916 episwpus,
3487 2854 3545 2899 ut
3593 2844 3715 2898 hinc
3763 2842 3857 2896 ali-

2263 2934 2389 3004 quid
2447 2936 2723 2989 scriberem
2775 2936 2983 3007 jussit,
3025 2946 3073 2991 et
3120 2938 3241 3007 feci.
3293 2937 3576 2993 Prceterea
3649 2937 3855 2992 vivebat

2262 3026 2441 3083 adhuc
2467 3042 2615 3084 anno
2633 3027 2762 3097 429,
2794 3044 2904 3100 quo
2928 3029 3131 3099 scripta
3163 3028 3335 3085 fuisse
3368 3029 3702 3101 perhibetur
3726 3029 3859 3100 ejus-

551 3135 635 3190 vit
663 3134 718 3190 in
748 3133 1024 3205 gloriam?
1059 3150 1078 3185 ι
1130 3131 1258 3187 Haec
1282 3138 1503 3186 sanctus
1548 3128 1641 3183 ille
1689 3126 1994 3198 Ruspensis
2040 3122 2156 3194 epi-
2187 3144 2236 3205 Β
2262 3120 2387 3177 dem
2416 3123 2703 3193 Augustini
2733 3124 2965 3194 epistola
2996 3124 3124 3191 251,
3154 3124 3250 3179 ubi
3278 3124 3512 3181 Darium
3541 3140 3774 3180 monens
3799 3123 3859 3179 de

556 3244 775 3302 scopus.
823 3227 897 3283 Et
935 3228 1059 3299 jure
1108 3225 1327 3296 quidem
1377 3222 1632 3279 Aurelius
1682 3218 2153 3292 Carthaginiensis

556 3332 708 3379 tanto
732 3320 1009 3392 praeconio
1055 3317 1328 3389 dignatur.
1363 3334 1383 3367 ι
1413 3315 1629 3369 Primus
1662 3315 1807 3369 enim
1864 3312 2150 3378 omnium,

553 3413 734 3486 inquit
759 3415 843 3469 vir
869 3412 1230 3469 doctissimus
1256 3410 1360 3481 (b),
1392 3409 1573 3464 adhuc
1594 3408 1795 3463 silente
1820 3408 2152 3477 Augustino,

554 3506 872 3563 leestium
905 3513 1233 3561 renuentem
1264 3512 1553 3573 peceatum
1602 3500 1833 3571 originis
1864 3499 2155 3556 admittere

554 3600 961 3666 condemnavit,
996 3598 1229 3667 ejusque
1259 3602 1566 3650 sectatores
1595 3593 1849 3665 pluribus
1885 3592 2154 3663 deinceps

556 3694 785 3768 synodis
839 3692 1045 3749 coactis
1086 3705 1247 3746 sacro
1276 3688 1628 3743 anathemate
1674 3687 1964 3757 percussit.
2016 3687 2156 3741 llinc

556 3800 779 3846 sanctus
806 3788 1047 3856 Prosper
1075 3785 1130 3839 in
1159 3782 1417 3839 Carmine
1447 3792 1628 3837 contra
1665 3781 1912 3855 Ingratos
1958 3781 2158 3837 cecinit

557 3884 627 3940 de
647 3881 952 3954 Pelagianis
984 3879 1041 3934 in
1072 3876 1285 3949 synodo
1312 3876 1382 3931 ab
1410 3875 1603 3931 eodem
1630 3874 1901 3929 damnatis
1932 3874 2043 3947 (c):

680 3996 756 4048 Au
778 3995 925 4045 alium
952 3992 1003 4042 in
1021 3991 1172 4042 linem
1197 3992 1362 4054 potuit
1380 3990 1657 4052 procedere
1684 3994 1905 4038 sanetum

678 4058 967 4121 Concilium,
986 4057 1067 4106 cui
1088 4055 1187 4121 dux
1200 4053 1470 4113 Aurelius,
1494 4054 1857 4117 ingeniumque

682 4118 986 4185 Augustinus
1010 4118 1151 4170 erat?

555 4254 867 4313 Donatistas
907 4261 1175 4324 praeterea
1207 4250 1467 4306 universa
1500 4249 1618 4305 fere
1668 4247 1854 4303 Africa
1876 4245 2148 4313 exclusit;

555 4363 899 4422 paganorum
940 4346 1105 4402 etiam
1152 4343 1355 4414 templa
1406 4343 1459 4398 in
1510 4341 1828 4398 christiana:
1866 4340 2157 4411 religionis

551 4459 713 4500 usum
742 4440 986 4512 redegit;
1019 4453 1082 4495 ac
1114 4438 1169 4493 in
1200 4436 1393 4494 decem
1437 4445 1494 4492 et
1523 4445 1735 4507 septem
1786 4436 2048 4506 plenariis
2087 4451 2155 4491 ex

2264 3214 2448 3268 missis
2478 3214 2633 3270 libris
2658 3229 2798 3286 quos
2827 3232 2935 3271 non
2970 3215 3205 3286 petierat
3234 3215 3317 3287 (g)
3352 3234 3365 3269 :
3404 3215 3519 3271 Hos
3547 3233 3753 3283 omnes,
3782 3216 3857 3271 iu-

2257 3308 2396 3378 quit,
2430 3308 2475 3361 si
2505 3308 2627 3362 dum
2656 3325 2710 3364 es
2737 3309 2877 3363 intra
2907 3308 3145 3380 Africam
3190 3308 3401 3384 legeris,
3423 3311 3700 3385 judicium
3727 3320 3857 3364 tuum

2258 3402 2402 3456 mitte
2430 3403 2494 3455 de
2520 3400 2653 3468 illis,
2683 3412 2774 3457 aut
2802 3405 2947 3457 mitte
2979 3403 3145 3471 nobis,
3174 3413 3267 3457 aut
3294 3422 3397 3475 quo
3426 3404 3578 3461 nobis
3602 3423 3636 3459 a
3663 3405 3858 3459 domino

2258 3497 2421 3566 fratre
2440 3496 2654 3553 Aurelio
2671 3500 2928 3567 mittatur,
2959 3499 3183 3553 dimitte.
3219 3499 3299 3555 Ad
3334 3499 3456 3556 haec
3481 3542 3498 3568 ,
3545 3511 3605 3556 ut
3636 3498 3859 3556 advertit

2258 3587 2509 3644 Norisius
2540 3589 2619 3662 (It)
2642 3600 2696 3645 et
2736 3599 2862 3660 post
2889 3591 3065 3662 ipsum
3111 3591 3310 3663 Pagius
3348 3593 3411 3665 (i)
3463 3608 3531 3649 ac
3567 3592 3859 3650 Tillemou-

2262 3684 2366 3737 tius
2404 3683 2501 3756 (j),
2535 3698 2599 3739 ex
2633 3684 2788 3739 Marii
2829 3685 3149 3740 Mercaturis
3196 3686 3650 3743 Commonitorio
3691 3686 3857 3742 Theo-

2258 3775 2415 3832 dosio
2445 3792 2589 3833 anno
2618 3777 2726 3835 429
2754 3779 2942 3835 oblato
2989 3780 3292 3849 erudimur,
3325 3782 3621 3838 Aurelium
3646 3798 3708 3839 eo
3734 3782 3846 3852 ipso

2258 3884 2403 3925 anno
2429 3870 2596 3925 vitam
2642 3871 2821 3927 adhuc
2854 3873 3055 3944 egisse.
3095 3872 3173 3928 lbi
3219 3875 3367 3929 enim
3402 3874 3554 3941 ldum
3614 3875 3850 3932 meminit

2258 3963 2347 4021 hic
2377 3965 2611 4036 scriptor
2638 3965 2934 4033 Ambrosii,
2968 3966 3286 4033 Innocentii,
3314 3967 3574 4035 LZosimi,
3609 3968 3851 4025 Theodo-

2257 4060 2330 4128 ri,
2387 4059 2590 4131 Prayli,
2644 4074 2740 4115 eos
2799 4060 2960 4115 beata:
3007 4059 3394 4115 recordationis
3448 4060 3739 4132 appellat:
3771 4060 3851 4114 ubi

2256 4169 2391 4211 vero
2420 4154 2700 4210 Aurelium
2735 4154 3006 4225 nominat,
3039 4172 3147 4211 non
3178 4157 3275 4211 ita.
3321 4156 3619 4228 Siquidem
3649 4158 3715 4214 de
3741 4157 3850 4213 Cm-

2257 4247 2421 4305 lestio
2442 4249 2771 4321 Carthagine
2800 4261 3061 4307 accusato
3096 4270 3109 4305 :
3137 4250 3213 4306 De
3242 4252 3387 4324 infra
3407 4255 3624 4326 scriptis
3663 4253 3852 4325 capitu-

2260 4342 2349 4410 lis,
2384 4342 2578 4414 inquit,
2613 4344 2755 4416 apud
2782 4343 3053 4399 Aurelium
3074 4345 3374 4415 episc0pum
3419 4355 3724 4401 memorata!
3768 4361 3849 4399 ur-

2258 4434 2355 4503 bis,
2388 4453 2482 4504 per
2528 4436 2763 4491 libellum
2790 4438 3071 4509 aquodaut
3122 4437 3351 4493 Paulino
3397 4439 3625 4495 diacono
3672 4448 3849 4495 sancta

556 4547 677 4595 tota
702 4534 887 4591 Africa
916 4530 1165 4588 conciliis
1192 4527 1564 4585 orthodoxam
1611 4527 1919 4585 doctrinam
1967 4545 2031 4585 ac
2071 4528 2153 4584 di-
2181 4548 2227 4611 ρ
2258 4531 2522 4585 memoria:
2544 4530 2803 4585 Ambrosii
2846 4528 3254 4585 Mediolanensis
3283 4532 3523 4604 episcOpi
3550 4541 3626 4587 cst
3650 4548 3852 4587 accusa-

556 4630 842 4700 sciplinam
874 4626 1111 4699 egregiis
1141 4624 1355 4696 legibus
1388 4623 1756 4680 conﬁrmavit.
1806 4644 1825 4677 ι

625 4724 682 4776 2.
714 4722 890 4776 Porro
920 4719 988 4775 de
1012 4728 1261 4789 tempore
1316 4733 1422 4788 quo
1473 4716 1615 4773 sedit
1662 4717 1957 4785 Aurelius,
2020 4718 2154 4773 illud

558 4818 799 4888 primum
828 4824 1045 4870 constat
1076 4828 1203 4869 eum
1240 4826 1384 4866 anno
1415 4809 1522 4865 390
1566 4810 1811 4866 nondum
1863 4810 2034 4866 fuisse
2086 4811 2154 4866 ad

554 4908 875 4965 cathedram
921 4904 1290 4976 episcopalem
1346 4911 1595 4959 evectum
1631 4921 1643 4957 :
1676 4919 1743 4959 eo
1788 4903 1933 4958 enim
1982 4917 2148 4970 anno,

552 5002 789 5061 concilio
819 5018 857 5057 ιι
911 4998 1354 5069 Carthaginiensi
1413 5014 1509 5053 xw
1562 4996 1676 5051 kal.
1742 4999 1890 5053 Junii
1958 5008 2149 5053 coacto

550 5096 771 5170 praefuit
799 5093 1126 5151 Gencthlius
1147 5094 1267 5163 ejus
1298 5093 1587 5159 decessor,
1635 5092 1725 5164 qui
1768 5102 1951 5147 tamen
2001 5101 2150 5162 post-

548 5194 773 5250 modum
826 5191 993 5246 vitam
1023 5188 1291 5245 clausisse
1346 5187 1687 5260 eomperitur
1721 5206 1733 5240 :
1768 5196 1827 5242 ut
1856 5197 2150 5258 propterea

556 5287 887 5359 insequente
912 5298 1058 5339 anno
1086 5280 1187 5337 591
1222 5282 1309 5337 vel
1340 5293 1400 5337 ut
1429 5284 1667 5339 maxime
1704 5283 1810 5339 599.
1839 5280 2005 5337 fuerit
2032 5279 2145 5335 Au-

618 5426 699 5498 (a)
736 5423 994 5498 Fulgent.
1020 5420 1089 5477 (I8
1118 5418 1351 5475 Veritat.
1389 5419 1643 5490 praedest.
1674 5428 1730 5475 et
1757 5426 1899 5490 grat.
1945 5418 2039 5475 lib.
2090 5436 2149 5487 ιι,

538 5496 695 5556 num.
723 5496 816 5551 42.

619 5570 696 5639 (b)
722 5568 907 5624 Neris.
932 5566 1070 5621 Ilist.
1100 5563 1284 5639 Pelag.
1315 5563 1411 5618 lib.
1442 5579 1503 5631 II,
1534 5579 1583 5619 c.
1618 5562 1689 5639 ὃ,Δ
1705 5564 1806 5639 sub
1833 5564 1931 5619 ﬁn.

641 5636 689 5711 ε)
723 5642 917 5710 Prosp.
946 5653 1117 5693 carm.
1145 5636 1214 5691 de
1248 5637 1448 5707 lngrat.
1488 5651 1630 5690 vers.
1666 5636 1756 5692 90.

574 5636 699 5795 id)
731 5712 947 5795 Tillem.
982 5710 1139 5765 Mem.
1168 5708 1316 5763 Eccl.
1350 5718 1482 5764 tom.
1522 5707 1609 5776 VI,
1645 5723 1699 5779 p.
1732 5711 1833 5767 159
1855 5752 1870 5777 ,
1916 5717 1973 5765 et
2001 5715 2134 5765 tom,

544 5784 660 5851 XII,
689 5800 743 5854 p.
772 5784 899 5837 555.

618 5857 690 5929 (e)
722 5854 952 5923 August.
977 5852 1073 5908 lib.
1099 5867 1212 5907 χιιι
1232 5850 1301 5910 de
1326 5851 1444 5910 Civ.
1478 5856 1574 5913 Dei
1604 5870 1724 5928 cap.
1759 5856 1814 5923 8,
1846 5871 1901 5911 ιι.
1932 5856 1985 5911 5.

2258 4630 2362 4678 tus.
2395 4623 2763 4692 Quamobrem
2789 4638 2855 4680 eo
2882 4639 3029 4680 anno
3073 4626 3372 4681 etiamnum
3414 4637 3706 4698 superstes
3747 4632 3853 4683 erat

2257 4717 2515 4771 Aurelius
2546 4734 2560 4770 :
2591 4718 2685 4789 qui
2720 4728 2898 4773 tamen
2930 4719 3093 4789 paulo
3136 4729 3259 4791 post
3289 4735 3319 4774 e
3353 4719 3493 4776 vivis
3524 4720 3849 4783 excesserit;

2255 4818 2311 4865 et
2337 4810 2578 4881 quidem,
2614 4819 2673 4865 ut
2697 4811 2939 4881 videtur,
2976 4812 3302 4883 insequente
3344 4829 3496 4868 anno
3546 4815 3676 4872 450.
3727 4812 3851 4869 Nam

2255 4916 2383 4962 ante
2414 4906 2614 4977 pascha
2641 4906 2771 4962 anni
2796 4907 2896 4963 451
2929 4907 3157 4964 sedebat
3181 4907 3521 4979 Carthagine
3537 4908 3847 4979 Capreolus,

2255 5009 2315 5055 ut
2343 5016 2411 5057 ex
2441 5002 2560 5071 ejus
2583 5001 2775 5056 litteris
2810 5003 2865 5057 in
2896 5003 3131 5057 concilio
3160 5001 3446 5073 Ephesino
3475 5002 3728 5059 recitatis
3747 5000 3849 5057 col-

2253 5093 2474 5165 ligimus
2523 5092 2618 5167 (li).
2666 5093 2875 5160 Quibus
2926 5105 3233 5166 temporum
3286 5095 3603 5152 rationibus
3658 5095 3847 5151 subdu-

2252 5191 2377 5257 ctis,
2410 5198 2697 5261 postquam
2727 5206 2903 5245 annos
2947 5190 3119 5247 ferme
3168 5208 3239 5245 χι,
3298 5190 3598 5260 primatum
3656 5189 3845 5245 Africa:

2252 5284 2521 5340 tenuisset
2546 5285 2883 5341 venerabilis
2912 5301 3106 5355 senex,
3135 5300 3455 5357 supremum
3478 5285 3631 5342 diem
3658 5280 3847 5341 abierit

2333 5420 2408 5493 (1⁸)
2439 5421 2590 5495 idem
2614 5422 2709 5479 lib.
2743 5439 2781 5477 ιι
2814 5424 3052 5480 Retraet.
3086 5438 3206 5495 cap.
3232 5423 3321 5481 16.

2333 5495 2414 5617 (Ζ)
2444 5494 2588 5549 Idem
2619 5498 2781 5564 epist.
2808 5495 2935 5565 251,
2963 5512 3017 5551 ιι.
3048 5497 3099 5550 7.

2333 5566 2351 5633 (
2392 5565 2612 5633 )Noris.
2640 5566 2745 5623 loc.
2775 5570 2871 5622 cit.

2355 5566 2409 5633 ἡ)
2437 5566 2612 5621 Noris.
2640 5566 2745 5623 loc.
2775 5570 2871 5622 cit.

2352 5635 2393 5708 i)
2426 5638 2553 5704 Pagi
2576 5637 2643 5693 ad
2664 5655 2793 5694 ann.
2827 5638 2954 5705 450,
2983 5641 3010 5712 §
3036 5641 3127 5696 26.

2364 5711 2397 5775 ')
2424 5709 2640 5765 Tillem.
2671 5710 2833 5766 Mem.
2866 5711 3014 5767 Eccl.
3042 5722 3127 5768 ton

2322 5852 2325 5853 ν
2379 5780 2631 5853 )Concil.
2657 5781 2861 5852 Ephes.
2887 5794 3029 5853 part.
3060 5800 3121 5853 II,

2381 5712 2397 5785 )
2424 5709 2833 5785 Tillem._hlem.
2866 5709 3014 5767 Eccl.
3042 5722 3174 5768 tom.
3201 5713 3318 5779 XII,
3354 5729 3409 5785 p.
3442 5715 3571 5772 559.

2379 5780 2631 5859 )Concil:
2657 5781 2861 5859 Ephes.
2887 5794 3029 5855 part.
3060 5800 3121 5855 ιι,
3147 5794 3254 5843 act.
3272 5788 3326 5855 1,
3352 5780 3409 5859 p.
3438 5786 3586 5845 1074
3624 5795 3756 5845 tom.
3778 5785 3837 5841 Ill

2243 5850 2388 5909 edit.
2413 5852 2570 5909 Vers.
2604 5850 2768 5911 Labb.
