4070 6346
229 378 362 436 1009

548 375 918 436 EPISTOLA
956 378 1048 435 AD
1085 379 1316 441 OMNES
1354 381 1730 444 EPISCOPOS
1768 386 1905 445 PER
1943 386 2381 459 BYZACENAM,
2424 390 2607 462 ETC.,
2649 390 3151 455 CONSTITUTOS.

3368 399 3507 458 1010

224 512 363 552 anno
388 496 525 564 450,
577 511 689 566 quo
723 496 853 552 item
891 506 1111 553 sanctus
1161 498 1495 572 Augustinus
1543 501 1797 572 spiritum
1826 507 1883 565 Α
1907 502 2163 559 observat
2209 503 2462 559 laudatus
2500 503 2800 560 Garnerius
2843 505 2954 577 (d),
3005 525 3023 558 ι
3069 505 3213 561 hanc
3252 506 3504 565 nimirum

229 589 335 645 Deo
364 588 605 645 reddidit
634 607 645 643 :
678 589 774 645 sed
808 590 968 659 paulo
996 601 1146 660 ante,
1178 592 1394 649 scilicet
1423 592 1510 649 die
1547 592 1618 650 20
1658 609 1810 650 men-

226 685 300 740 sis
328 683 479 752 Julii,
510 699 616 755 qua
645 685 843 741 colitur
888 684 1008 756 ejus
1036 688 1300 743 memoria
1343 688 1399 743 iu
1439 689 1809 745 vetustissimo

227 779 691 852 Carthaginiensis
738 780 1004 837 Ecclesiae
1042 781 1373 838 Kalendario
1420 798 1450 838 a
1497 783 1808 839 Mabillonio

223 874 385 942 edito,
439 884 602 946 atque
654 874 738 930 his
774 875 961 931 verbis
1009 865 1229 931 notatur
1271 876 1348 948 (α)
1382 894 1396 930 :
1429 892 1523 932 xm
1564 876 1667 932 kal.
1702 878 1803 951 Ag.

219 968 266 1025 (ε
293 969 346 1039 c)
376 966 651 1040 Depositio
677 971 842 1025 sancti
872 970 1041 1026 Aurili
1066 972 1319 1044 episcOpi.

286 1063 340 1121 3.
374 1064 589 1121 Praeter
614 1066 979 1122 allocutiones
1001 1067 1067 1121 ad
1096 1076 1278 1138 patres
1297 1066 1589 1123 Africanos
1620 1069 1674 1123 in
1703 1066 1806 1122 Co-

218 1159 335 1215 dice
379 1160 628 1217 ecclesiae
659 1162 930 1219 Africanae
959 1164 1192 1230 relatas,
1224 1162 1403 1219 varias
1434 1163 1653 1233 scripsit
1684 1164 1803 1234 epi-

215 1254 382 1311 stolas
413 1265 603 1313 noster
623 1256 1095 1329 Carthaginiensis
1126 1259 1377 1326 antistes,
1410 1274 1542 1331 quas
1571 1257 1803 1330 diligen-

215 1358 294 1406 ter
324 1361 585 1408 recenset
613 1352 993 1409 Tillemontius
1043 1352 1161 1426 (b).
1211 1353 1291 1407 Ex
1344 1352 1428 1408 his
1473 1367 1577 1408 una
1623 1359 1804 1407 exstat

214 1446 485 1519 encyclica
511 1447 578 1504 ad
608 1462 798 1504 omnes
816 1450 1104 1520 episcopos
1139 1463 1235 1518 per
1255 1448 1594 1520 Byzacenam
1624 1454 1679 1501 et
1700 1446 1801 1501 Ar-

210 1539 517 1610 zugitanam
571 1540 910 1612 provinciam
962 1541 1335 1607 constitutos,
1380 1542 1443 1594 (le
1471 1539 1802 1596 damnatione

210 1629 419 1704 Pelagii
444 1640 598 1703 atque
638 1630 860 1689 Caelestii
903 1633 1300 1700 hwreticorum;
1342 1648 1501 1704 quam
1532 1647 1601 1688 ex
1633 1632 1801 1688 colle-

206 1728 390 1785 ctione
426 1729 795 1785 Cresconiana
828 1729 1118 1785 annalibus
1143 1729 1535 1785 ecclesiasticis
1566 1730 1803 1784 intexuit

209 1835 437 1891 magnus
465 1822 731 1879 Baronius
763 1822 863 1895 (c).
899 1822 1010 1878 Nos
1036 1838 1167 1879 vero
1203 1824 1485 1893 exemplar
1506 1823 1679 1879 secuti
1708 1838 1800 1878 su-

208 1930 329 1969 mus
354 1917 424 1971 ab
446 1916 820 1972 eruditissimo
850 1917 971 1972 viro
992 1916 1203 1973 Joanne
1233 1915 1504 1972 Garnerio
1532 1917 1694 1972 variis
1720 1917 1801 1972 le-

207 2010 486 2066 ctionibus
504 2019 561 2067 et
578 2011 1087 2079 notisillustratum,
1106 2027 1175 2067 ex
1198 2012 1314 2082 ejus
1338 2011 1797 2080 Dissertatione5,

1910 594 2077 654 fuisse
2102 598 2169 654 ad
2193 600 2481 670 episcopos
2510 600 2771 671 scriptam
2801 601 2871 657 ab
2897 617 2965 658 eo
2987 602 3085 673 qui
3108 602 3505 663 scientissimus

1911 692 2051 750 foret
2079 709 2350 750 canonum
2370 737 2385 761 ,
2416 698 2706 753 sanctitate
2734 698 2997 765 eximius,
3041 700 3505 760 retinentissimus

1909 788 2235 858 episcopalis
2282 788 2558 859 dignitatis
2584 833 2598 857 ,
2648 790 2952 861 Augustino
2981 791 3035 846 in
3065 792 3232 848 rebus
3278 794 3507 865 agendis

1910 881 2419 951 conjunctissimus,
2453 891 2507 938 et
2542 883 2663 938 fere
2694 898 2836 940 unus
2869 903 2880 937 :
2910 893 2972 939 ut
2999 884 3260 955 scientia,
3294 887 3506 943 sancti-

1909 983 2013 1041 tas,
2046 975 2327 1045 dignitatis
2369 976 2633 1045 studium,
2666 977 2960 1048 Augustini
2992 978 3246 1045 societas,
3295 988 3501 1037 tantam

1909 1068 2115 1124 Aurelii
2144 1070 2527 1127 auctoritatem
2576 1070 2821 1126 tribuant
2851 1070 2957 1126 hac
2985 1071 3040 1127 in
3073 1081 3234 1144 parte
3259 1116 3273 1141 ,
3305 1085 3508 1145 quanta

1908 1170 2088 1231 potest
2107 1176 2229 1218 esse
2256 1164 2513 1231 maxima,
2538 1163 2700 1219 etiam
2725 1162 2793 1219 ad
2816 1164 3111 1235 praesulum
3130 1166 3497 1238 exemplum.)

1909 1254 2025 1311 Huc
2055 1272 2224 1325 usque
2248 1256 2331 1311 vir
2357 1256 2575 1312 doctus.

1978 1347 2033 1401 Δ.
2061 1345 2250 1418 Neque
2278 1348 2369 1402 hic
2406 1347 2624 1403 demum
2657 1348 3102 1419 praetereundum
3129 1392 3145 1418 ,
3190 1350 3503 1421 complures

1906 1444 2035 1497 item
2064 1443 2330 1514 epistolas
2354 1444 2423 1499 ad
2453 1445 2707 1502 eumdem
2737 1446 3020 1503 Aurelium
3044 1447 3331 1519 scripsisse
3354 1449 3502 1504 viros

1905 1536 2196 1593 sanctitate
2240 1552 2304 1593 ac
2332 1538 2581 1594 doctrina
2629 1549 2957 1610 praestantes
2988 1584 3001 1609 ,
3033 1540 3410 1596 Innocentium
3459 1542 3500 1608 Ι,

1903 1633 2131 1703 ejusque
2160 1647 2540 1689 successorem
2568 1633 2865 1702 Zosimum,
2901 1635 3183 1690 Paulinum
3207 1634 3500 1702 Nolanum,

1902 1724 2258 1796 Augustinum
2283 1768 2298 1793 ,
2337 1726 2590 1797 Alypium
2611 1768 2627 1795 ,
2684 1728 2950 1783 Joannem
3005 1727 3456 1799 Chrysostomum
3485 1772 3499 1794 ,

1901 1820 2040 1876 alios
2070 1818 2165 1892 (ε).
2196 1820 2397 1875 Nostro
2427 1834 2656 1891 quoque
2695 1819 2921 1875 Aurelio
2948 1819 3090 1876 idem
3132 1818 3197 1876 S.
3242 1822 3500 1891 Augusti-

1906 1932 2008 1973 nus
2032 1932 2285 1988 magnum
2312 1915 2445 1972 illud
2475 1931 2613 1987 opus
2639 1918 2702 1969 de
2729 1914 3014 1983 Triuitale,
3043 1930 3145 1971 nec
3173 1930 3283 1971 non
3306 1910 3503 1970 librum

1906 2011 1968 2065 de
1998 2009 2163 2065 Gestis
2205 2008 2412 2080 Pelagii
2437 2050 2452 2075 ,
2505 2009 2781 2079 aliumque
2811 2010 2874 2063 de
2905 2008 3074 2081 Opere
3100 2008 3499 2076 monachorum,

203 2105 270 2161 ad
327 2106 559 2161 Marium
613 2107 980 2163 Mercatorem
1031 2107 1096 2161 de
1144 2107 1607 2163 Constitutiom'bus
1656 2104 1796 2178 Imp.
1829 2123 1878 2185 Β
1905 2104 2127 2160 honoris
2154 2106 2326 2177 gratia
2356 2104 2651 2175 inscripsit.
2682 2103 2825 2172 Quid
2858 2104 3051 2174 plura?
3080 2113 3139 2159 ut
3165 2103 3348 2160 verbis
3378 2113 3503 2159 tan-

204 2199 356 2254 editis
384 2201 441 2254 in
463 2217 622 2255 causa
644 2199 1054 2272 Pelagianorum
1097 2200 1457 2271 descriptum.
1489 2198 1587 2255 Est
1617 2208 1798 2254 autem

203 2293 455 2364 epistola:
496 2293 823 2364 subscriptio
854 2293 1169 2363 hujusniodi
1203 2310 1216 2347 :
1250 2291 1377 2347 Dat.
1425 2292 1530 2347 kal.
1576 2293 1801 2365 Augusti

203 2388 536 2459 Carthagine,
568 2387 822 2442 Monaxio
844 2398 892 2443 et
922 2386 1102 2443 Plinta
1130 2404 1262 2443 coss.
1294 2388 1347 2443 id
1366 2398 1468 2455 est,
1498 2402 1641 2442 anno
1669 2385 1794 2442 419.

202 2481 341 2537 Hinc
386 2497 517 2553 ergo
567 2482 619 2537 in
658 2491 845 2539 nostro
894 2482 1043 2539 edito
1087 2500 1157 2538 ex
1187 2499 1253 2538 eo
1284 2498 1429 2539 anno
1455 2482 1799 2539 ~retrahenda

201 2575 434 2651 epistola
463 2575 551 2630 cui
581 2584 665 2630 est
692 2575 921 2647 illigata,
950 2585 1006 2632 et
1035 2579 1216 2633 serius
1246 2577 1597 2643 collocanda;
1625 2577 1689 2632 iis
1714 2576 1799 2631 vel

199 2668 438 2723 maxime
468 2668 515 2722 si
542 2668 781 2724 animum
814 2669 1061 2741 adjicias,
1093 2686 1212 2740 qure
1243 2671 1405 2726 modo
1433 2670 1501 2726 de
1529 2671 1659 2726 sede
1686 2676 1796 2725 Au-

200 2761 320 2817 relii
352 2760 659 2831 episc0pali
695 2763 1107 2822 edisseruimus.
1148 2763 1418 2822 Caeterum
1450 2768 1517 2823 ad
1548 2767 1798 2839 ejusdem

199 2854 450 2925 epistolae
500 2856 1033 2913 commendationem
1084 2858 1382 2929 plurimum
1431 2859 1598 2927 facit,
1645 2864 1793 2933 quod

292 2972 347 3037 a)
378 2970 581 3027 Mabill.
609 2971 858 3027 Analect.
889 2987 942 3042 p.
971 2971 1075 3028 164
1102 2974 1231 3029 edit.
1265 2991 1394 3030 nov.

291 3043 346 3188 [ιζ
397 3042 613 3099 Tillem.
646 3043 806 3099 Mem.
835 3045 987 3100 Eccl.
1018 3056 1154 3099 tom.
1190 3046 1307 3116 XII,
1332 3063 1385 3119 p.
1417 3046 1526 3104 556
1555 3062 1672 3120 seq.

291 3132 317 3169 c
369 3115 572 3171 Baron.
605 3116 673 3171 ad
698 3130 828 3171 ann.
862 3116 992 3188 419,
1022 3116 1049 3188 §
1082 3119 1172 3174 58.

270 3115 339 3188 (c)
369 3115 572 3171 Baron.
605 3116 673 3171 ad
698 3130 828 3171 ann.
862 3116 992 3188 419,
1022 3116 1049 3189 §
1082 3119 1172 3174 58.

1907 2199 2031 2255 dem
2061 2198 2351 2269 scriptoris
2380 2195 2810 2254 eminentissimi
2836 2196 3145 2253 orationem
3177 2196 3501 2252 concludam

1906 2292 1986 2366 (ί)
2021 2312 2032 2347 :
2073 2310 2091 2342 ‹
2139 2293 2371 2346 Tantum
2418 2290 2485 2345 ab
2514 2288 2787 2345 universis
2818 2290 3035 2344 illarum
3087 2288 3500 2359 provinciarum

1906 2388 2180 2459 episcopis
2207 2387 2304 2442 uni
2333 2385 2558 2440 Aurelio
2593 2385 2859 2439 tributum
2893 2393 2975 2439 est
3005 2426 3021 2451 ,
3074 2392 3134 2437 ut
3180 2383 3234 2437 in
3262 2382 3498 2438 concilio

1901 2480 2362 2554 Carthaginiensi,
2396 2479 2640 2535 Honorio
2670 2490 2813 2535 vuet
2842 2477 3151 2534 Theodosio
3181 2494 3219 2533 ιι
3250 2477 3500 2534 celebra-

1904 2589 1979 2644 to,
2015 2578 2207 2632 Patres
2242 2576 2359 2630 haac
2394 2574 2572 2630 eidem
2605 2572 2844 2628 dixerint
2885 2589 2899 2626 :
2943 2569 3155 2626 Placuit
3201 2571 3361 2625 etiam
3410 2587 3501 2639 pe-

1898 2674 1996 2728 titu
2020 2672 2280 2739 omnium,
2316 2678 2373 2723 ut
2416 2668 2643 2738 epistolis
2686 2666 2915 2722 omnibus
2958 2666 3021 2721 de
3050 2665 3270 2721 concilio
3312 2664 3500 2721 dandis

1898 2782 2182 2826 SANCTITAS
2205 2781 2311 2823 TUA
2340 2778 2477 2821 sou
2506 2760 2812 2819 subscribat.
2860 2779 2879 2812 )

1992 3048 2041 3106 ei
2080 3052 2121 3105 Τ
2128 3052 2300 3106 illem.
2344 3050 2454 3105 loc.
2480 3048 2573 3104 cit.

1990 2982 2022 3033 d
2073 2980 2303 3037 Garner.
2334 2978 2389 3033 in
2409 2985 2521 3033 not.
2542 2975 2703 3044 infra,
2736 2990 2789 3047 p.
2826 2971 2952 3041 1⁸50,
2980 2972 3082 3030 sub
3114 2970 3210 3027 lin.

1964 2978 2046 3123 ἱεὲ
2080 3052 2121 3105 Τ
2128 3052 2300 3123 illem.
2344 3050 2454 3123 loc.
2480 3048 2573 3104 cit.

1990 2982 2022 3033 d
2073 2980 2303 3037 Garner.
2334 2978 2389 3033 in
2409 2985 2496 3033 not

1966 2978 2046 3195 ἶεξ
2080 3052 2300 3106 Tillem.
2344 3050 2496 3105 loc.t

1966 3126 2020 3198 (f
2074 3123 2234 3179 Noris
2255 3122 2364 3178 loc.
2399 3122 2496 3177 cit.

200 3229 3467 3255 Μ

1135 3472 1141 3479 .
1418 3458 1451 3479 n
1468 3458 1485 3479 Δ
1498 3456 1629 3479 υνπῐῐ
1644 3459 1661 3479 Δ
1677 3459 1963 3479 ρῐλγπινοτα
2008 3460 2296 3479 nnvnnnnt
2322 3462 2339 3479 φ

1418 3456 1965 3513 CABTHAGINENSIS
2006 3460 2340 3523 EPISCOPIS

307 3552 881 3639 EPISTOLA
956 3556 1115 3638 AD
1193 3554 1591 3641 OMNES
1666 3559 2309 3645 EPISCOPOS
2386 3562 2623 3645 PER
2698 3561 3405 3649 BYZACENAM

900 3674 1005 3737 ET
1050 3676 1664 3741 ARZUGYTANAM
1706 3677 2211 3743 PROVINCIAM
2246 3678 2817 3743 CONSTITUTOS.

1576 3777 1819 3841 (Indidem
1842 3794 1958 3845 pag.
1989 3783 2122 3845 129).

1639 3886 2026 3902 ——

1046 3961 1125 4017 De
1168 3962 1493 4018 damnatione
1524 3960 1728 4032 Pelagii
1771 3973 1925 4034 atque
1970 3961 2196 4019 leestii
2245 3963 2626 4022 Itwreticorum.

189 4088 568 4148 Dilectissimis
598 4101 661 4143 ac
690 4082 1151 4143 desiderabilibus
1187 4080 1447 4137 fratribus
1489 4095 1553 4135 ac
1589 4094 1787 4135 consa-

255 4183 611 4251 cerdotibus,
647 4191 673 4218 ιι
704 4181 1017 4236 ΒΟΝΑΤΙΑΝΟ
1059 4176 1254 4248 primae
1303 4174 1479 4240 sedis,
1523 4172 1551 4211 ι’
1593 4173 1791 4229 Janua-

1970 4098 2129 4138 mmo
2150 4124 2164 4146 ,
2209 4082 2395 4139 Fauor
2420 4129 2435 4152 ,
2481 4085 2775 4155 PALATINO,
2813 4087 2829 4118 ¹
2864 4086 3146 4159 Ριιιιιιλιιο,
3179 4088 3410 4160 Cauno,
3442 4102 3499 4149 et

1972 4175 2065 4230 alii
2110 4174 2313 4233 Cauno
2337 4219 2352 4245 ,
2384 4176 2649 4233 JANUARIO
2672 4221 2687 4247 ,
2717 4177 3040 4250 Vtcronmo,
3074 4190 3132 4236 et
3157 4183 3374 4240 caeteris
3400 4197 3501 4256 per

256 4323 271 4353 ¹
296 4322 426 4377 Mss.
454 4319 657 4390 Magd.,
692 4316 953 4383 Primino,
981 4313 1209 4388 Gajano,
1238 4322 1345 4368 etc.
1376 4310 1525 4377 Uss.,
1552 4310 1777 4366 Gatano.
1820 4311 1962 4382 Bal.,
1997 4311 2221 4378 Gaiano,
2254 4323 2366 4369 etc.

256 4449 281 4476 ε
311 4438 541 4494 Praefuit
564 4436 898 4490 Donatianus
926 4434 1188 4505 Ecclesize
1213 4431 1555 4505 Teleptensi,
1580 4431 1789 4499 totique
1815 4432 1860 4495 C
1894 4433 2133 4505 synodus
2162 4433 2344 4489 habita
2373 4434 2586 4491 dicatur
2624 4437 2711 4495 die
2739 4438 2807 4493 27
2829 4438 2949 4495 Jan.
2972 4481 2987 4505 ,
3029 4439 3108 4494 sic
3146 4439 3332 4495 omnia
3352 4439 3499 4499 belle

187 4513 484 4583 Byzncenae
513 4509 812 4583 provinciae
832 4507 943 4583 ,_in
976 4521 1079 4574 qua
1106 4504 1239 4559 duas
1271 4504 1482 4583 videtur
1514 4502 1625 4583 hoc,
1645 4518 1788 4557 anno

184 4573 447 4639 habuisse
500 4573 774 4651 synodos,
828 4573 1241 4651 alteramnante
1270 4575 1511 4651 Pascha,
1557 4573 1785 4651 alterum

183 4654 407 4711 circiter
440 4646 688 4706 autumni
725 4662 958 4715 tempus.
993 4648 1046 4701 In
1076 4648 1165 4703 illa
1197 4646 1413 4715 excepit
1454 4646 1786 4716 legationem

182 4726 485 4795 provincia:
536 4721 981 4795 proconsularis,
1028 4735 1132 4795 qua
1178 4719 1345 4795 functi
1388 4727 1519 4795 sunt
1546 4716 1787 4795 Vincen-

183 4788 288 4852 tius
314 4788 699 4857 Culusitanus,
732 4803 792 4849 et
821 4788 1251 4848 Fortunatianus
1279 4788 1667 4857 Neapolitanus
1695 4807 1705 4841 :
1732 4790 1786 4843 in

188 4869 281 4924 ista
303 4869 521 4936 accepit
536 4867 744 4920 litteras
759 4864 1097 4919 Aureliicum
1126 4863 1351 4936 lionorii
1371 4861 1783 4936 constitutione.

185 4940 393 4997 Prioris
420 4932 543 4993 acta
572 4937 840 4992 habentur
871 4937 923 4990 in
946 4934 1192 4991 secundo
1219 4944 1364 4989 tomo
1386 4932 1639 4987 maxima:
1665 4932 1787 4987 Col—

182 5013 439 5068 lectionis
493 5009 885 5071 conciliorum;
942 5006 1264 5075 posterioris
1320 5004 1452 5060 nihil
1516 5014 1786 5073 superest.

180 5083 390 5139 Verum
441 5082 494 5135 in
546 5080 742 5150 prioris
800 5079 1212 5148 consignatione
1256 5077 1451 5145 opinor
1499 5076 1789 5150 irrepsisse

180 5157 451 5210 mendum
498 5172 511 5206 :
549 5147 742 5220 'neque
788 5150 932 5205 enim
984 5150 1175 5204 haberi
1227 5150 1401 5217 potuit
1431 5164 1485 5203 vr
1527 5147 1788 5203 kalendas

178 5226 438 5289 Martias;
474 5224 755 5279 incidisset
781 5222 928 5277 enim
960 5222 1015 5275 in
1045 5221 1486 5289 Quadragesimae
1515 5220 1658 5275 diem
1690 5236 1788 5274 no-

181 5316 339 5365 nam,
374 5296 588 5352 Pascba
630 5292 908 5349 incidente
960 5296 1014 5346 in
1047 5293 1201 5365 diem
1250 5292 1319 5347 50
1367 5291 1565 5347 Martii.
1611 5294 1787 5365 Atque

178 5371 256 5425 ita
278 5415 292 5437 ,
326 5362 476 5435 quod
522 5367 783 5421 abnorme
823 5364 1019 5419 fuisset
1046 5362 1131 5437 his
1172 5365 1509 5437 temporibus
1534 5404 1548 5427 ,
1578 5362 1787 5417 abluis-

177 5434 303 5496 sent
332 5434 554 5496 Patrum
598 5437 774 5493 media
813 5451 941 5505 pars
978 5450 1007 5487 a
1047 5434 1160 5489 suis
1197 5435 1459 5489 Ecclesiis
1482 5476 1496 5499 ,
1534 5449 1785 5505 magnam

1900 4515 2198 4577 congruent
2233 4524 2247 4560 :
2279 4523 2401 4561 nam
2433 4518 2680 4564 servatus
2713 4510 2876 4566 fuerit
2918 4525 3093 4565 canon
3125 4510 3398 4577 Nicatnus,
3428 4512 3499 4568 de

1918 4576 2160 4655 cogenda
2190 4592 2302 4655 sum
2335 4581 2631 4655 prgvinciae
2671 4582 2877 4655 synodo
2922 4598 2952 4636 a
3003 4581 3328 4655 primatibus
3369 4576 3498 4655 ante

1899 4649 2376 4719 Quadragesimam
2395 4650 2638 4719 Paschaa;
2663 4649 2719 4710 ei
2741 4653 2876 4709 feria
2903 4649 3351 4716 secunda,datum
3376 4654 3497 4711 fue-

1898 4720 2109 4792 synodo
2177 4721 2428 4783 initium.
2497 4727 2643 4791 quod
2698 4726 2976 4792 solemne;
3034 4737 3090 4781 et
3145 4727 3335 4782 Patres
3384 4728 3498 4786 suis

1945 4791 2161 4870 cglesiis
2202 4792 2548 4850 interfuerint
2578 4798 2848 4867 principio
2875 4791 3334 4870 Quadragesimze.

1966 4863 2304 4937 Donatianus
2356 4882 2521 4937 porro
2575 4863 2789 4925 celebre
2835 4863 3195 4925 in'Africana
3244 4870 3495 4930 Ecclesia

1894 4936 2080 5016 gessit.
2110 4952 2307 5016 i_i_omen
2344 4936 2373 4993 εί
2400 4940 2923 5016 namqueinterfuit
2957 4942 3191 5016 concilio
3236 4941 3490 5016 Carlbag.

1894 5013 2021 5079 ante
2040 5006 2396 5064 Collationem
2418 5006 2625 5067 annfll
2640 5014 2691 5079 1,
2708 5014 2941 5068 concilio
2955 5013 3215 5071 Africano
3237 5029 3359 5071 cum
3381 5006 3492 5072 Αὖ-

1895 5077 2028 5132 relio
2050 5078 2272 5158 praefuit:
2304 5097 2433 5158 ann.
2466 5081 2605 5149 418,
2636 5077 2959 5158 Teleptense
2993 5088 3279 5143 concilium
3319 5090 3497 5158 coegit

1894 5164 2024 5222 ann.
2055 5151 2160 5205 419
2177 5193 2191 5217 ,
2221 5152 2410 5207 eodem
2438 5167 2581 5209 anno
2600 5151 2855 5222 praesedit
2879 5173 3001 5212 cum
3016 5160 3236 5214 Aurelio
3259 5151 3494 5215 concilio

1895 5219 2173 5303 Alricano,
2206 5237 2552 5303 canonesque
2594 5219 3016 5303 praecedentium
3044 5230 3375 5303 synodorum
3404 5246 3492 5288 re-

1896 5295 2181 5370 cognovit,
2216 5304 2271 5348 et
2296 5296 2566 5370 secundus
2594 5307 2717 5367 post
2748 5301 3027 5357 Aurelium
3055 5295 3398 5370 subscripsit.

1972 5366 2281 5440 Occasione
2332 5366 2619 5440 Donatiani
2683 5370 3027 5440 Teleptensis
3093 5366 3494 5430 emendandum

1904 5446 2017 5502 est,
2044 5438 2192 5515 quod
2226 5437 2381 5515 Binio
2419 5450 2477 5494 et
2501 5437 2900 5515 Christophoro
2930 5444 3158 5500 Justello
3195 5444 3495 5515 subrepsit,

178 5522 399 5587 partem
440 5509 917 5587 Quadragesimae.
962 5507 1147 5576 Neque
1194 5522 1324 5587 vero
1357 5507 1613 5587 mendum
1656 5509 1791 5587 satis
1821 5521 1874 5581 D
1903 5510 2057 5587 quasi
2088 5508 2455 5578 Donatianus,
2508 5527 2616 5587 non
2662 5507 2837 5587 :rt'atis
2864 5514 3024 5583 jure,
3076 5515 3172 5587 sed
3210 5507 3484 5587 civitatis,

178 5576 604 5647 emendaveris,
643 5576 722 5646 si,
773 5579 915 5646 quod
951 5592 1180 5647 pronum
1214 5577 1449 5642 videtur,
1484 5576 1796 5633 restitueris

181 5656 409 5711 decadis
438 5662 619 5707 notam
650 5668 715 5718 κ,
752 5650 1099 5720 habitamque
1132 5649 1336 5703 dixeris
1378 5648 1645 5718 synodum
1680 5665 1793 5716 xvr,

183 5726 409 5782 kalend.
440 5724 681 5780 Martias.
713 5723 845 5779 Nam
878 5729 935 5775 et
966 5721 1084 5775 haec
1110 5721 1229 5776 dies
1257 5721 1419 5775 fuerit
1450 5721 1619 5788 prima
1648 5720 1793 5788 Qua-

182 5798 518 5869 dragesimae
539 5840 552 5859 ,
587 5813 690 5869 qua
739 5796 890 5869 nefas
932 5804 1079 5848 esset
1114 5793 1389 5869 episcopis
1409 5792 1599 5848 abesse
1629 5808 1660 5847 a
1682 5794 1796 5848 suis

185 5864 480 5927 Ecciesiis.
533 5867 689 5934 Quod
738 5866 785 5922 si
814 5878 1031 5920 servata
1082 5864 1353 5920 numerali
1392 5873 1519 5919 nota
1557 5880 1647 5931 v1,
1697 5880 1797 5935 pro

186 5942 407 5999 Martiis
456 5939 705 5997 kalendis
749 5946 1085 6008 reponantur
1124 5936 1471 6003 Februariae,
1520 5947 1680 6009 atque
1722 5937 1793 5992 ita

1902 5581 2191 5649 primatum
2224 5595 2336 5635 suae
2365 5583 2659 5651 provinciae
2698 5581 3039 5641 obtinuerit:
3089 5586 3142 5641 id
3187 5586 3332 5642 enim
3377 5581 3495 5643 oml-

1902 5652 2301 5730 nino__ve_r:itati
2349 5665 2579 5730 pugnat,
2636 5657 3072 5730 quandoquidem
3128 5658 3180 5712 in
3230 5659 3491 5730 synodica

1899 5723 2111 5777 concilii
2142 5722 2446 5795 Byzaceni,
2478 5722 2678 5799 primas
2716 5722 2997 5782 Muzonius
3036 5722 3341 5799 appellatur
3370 5740 3492 5787 tan-

1901 5806 2011 5850 tum
2060 5810 2263 5857 senex,
2312 5806 2372 5851 ut
2405 5798 2594 5872 solent
2625 5798 2748 5862 alii,
2791 5800 2881 5867 qui
2929 5798 3154 5872 reliquis
3199 5802 3494 5872 provinciis

1902 5874 2097 5944 praeter
2129 5869 2571 5944 proconsularem
2590 5911 2620 5944 ,Α
2640 5880 2912 5939 ρι’ωθηιιιι
2936 5869 3223 5944 privilegio
3253 5874 3451 5930 aetatis.

1973 5936 1999 5975 ι)
2030 5936 2108 5992 Ex
2149 5954 2341 5996 novem
2389 5936 2694 6011 episcopis,
2745 5936 2975 6011 quorum
3017 5936 3237 6003 numina
3290 5946 3486 6005 inscri-
