4070 6346
218 358 354 418 1015

216 661 410 717 deatur
434 660 631 714 merito
658 657 987 714 remansisse
1015 657 1273 730 suspicio.

570 352 902 413 EPISTOLA
938 352 1032 411 AD
1069 353 1300 412 omnes
1338 354 1709 425 Eptsooros
1744 353 1885 421 una
1919 331 2360 425 limosum,
2407 357 2587 423 ere,
2629 357 3128 416 CONSTITUTOS.

216 477 346 529 nino
377 472 482 537 sit,
516 472 530 503 ¹
563 471 708 526 unde
734 469 927 536 ullius,
957 469 1042 524 vel
1073 469 1562 538 dissimulationis,
1593 471 1675 526 vel
1705 484 1804 529 ne-
1834 470 1882 532 A

214 568 515 642 gligentiaa,
554 566 641 622 vel
671 565 898 620 occultat
929 563 1150 621 forsitan
1175 564 1462 636 pravitatis
1483 606 1496 632 ,
1524 564 1700 636 aliqua
1725 563 1802 617 vi-

3355 358 3493 414 ιθιι

1983 467 2076 542 (1'3l
2101 470 2209 526 αἰεί
2238 486 2396 530 manu
2420 486 2440 526 ε
2465 466 2486 542 )
2509 469 2682 542 Opto.
2710 469 2968 538 Fratres.
3004 470 3142 537 iteite
3171 468 3368 536 vivatis
3397 469 3502 524 mei

1914 577 2205 618 memores.
2249 562 2364 616 Dat.
2411 561 2637 618 Kalend.
2693 563 2950 634 Augusti,
2997 561 3357 634 Carthagine,
3391 561 3501 616 ilio-

1914 656 2078 710 naxio
2104 664 2160 712 et
2187 655 2359 711 Plinta
2390 669 2532 710 coss.

287 820 302 854 ¹
334 816 537 888 Magd.,
568 812 878 871 imbecillius
914 815 1018 870 sive
1061 813 1528 883 dissimulationis,
1577 813 1803 869 omnino
1831 821 2108 886 corrupte.

215 1054 524 1106 asttuerent
563 1045 848 1104 damnatos
878 1059 1113 1102 errores.
1147 1044 1350 1101 Unicus
1375 1053 1556 1102 autem
1585 1061 1765 1112 plena:
1787 1089 1802 1112 ,

215 1131 371 1193 quam
404 1119 695 1193 marimam
727 1117 1382 1193 Imperatorminai'etur,
1419 1117 1659 1172 vitandae
1691 1135 1804 1173 mo-

215 1188 313 1249 dus
361 1193 464 1247 fuit
512 1191 721 1261 integra
771 1189 1122 1259 subscriptio,
1176 1188 1228 1244 id
1267 1197 1372 1252 est,
1431 1203 1533 1258 qua
1592 1198 1805 1258 pateret

212 1280 369 1321 mens
403 1278 536 1331 pura
569 1281 582 1316 :
615 1276 717 1316 una
747 1263 893 1317 enim
924 1262 1226 1331 eademque
1270 1261 1430 1330 culpa
1461 1268 1547 1314 est
1575 1277 1765 1318 eorum
1790 1305 1804 1331 ,

214 1338 301 1407 qui
331 1347 425 1390 aut
461 1333 858 1407 dissimulando
903 1331 1338 1407 conniventiam,
1373 1337 1468 1386 aut
1511 1347 1620 1386 non
1650 1334 1802 1388 dam-

215 1405 391 1462 nando
417 1407 660 1460 favorem
694 1406 911 1459 noxium
946 1405 1339 1474 prmstiterunt.

281 1478 395 1534 Sub
445 1479 612 1532 ﬁnem
661 1476 925 1541 observa,
971 1475 1119 1546 quod
1166 1475 1296 1529 facit
1342 1475 1409 1531 ad
1456 1476 1808 1534 commenda-

215 1553 417 1608 tionem
447 1549 726 1622 epistolae,
759 1549 901 1604 hanc
921 1548 988 1604 ad
1017 1548 1305 1624 episcopos
1331 1547 1592 1623 scriptam
1623 1550 1692 1617 ab
1720 1564 1809 1617 eo,

1912 1046 2003 1118 qui
2024 1043 2421 1118 scientissimus
2448 1041 2591 1118 foret
2609 1056 2906 1118 canonum,
2931 1042 3223 1118 sanctitate
3245 1043 3502 1118 eximius,

1911 1114 2376 1173 retinentissimus
2403 1115 2734 1184 episcopalis
2761 1115 3042 1182 dignitatis
3067 1157 3081 1186 ε
3114 1114 3418 1186 Augustino
3446 1117 3504 1170 in

1911 1189 2073 1252 rebus
2119 1187 2348 1260 agendis
2392 1187 2905 1260 conjunctissimus,
2956 1185 3170 1260 ethere
3207 1185 3394 1260 unus:
3443 1198 3505 1242 ut

1911 1257 2176 1324 scientia,
2229 1258 2528 1323 sanctitas,
2577 1257 2853 1325 dignitatis
2902 1258 3169 1326 studium,
3213 1257 3502 1328 Augustini

1912 1331 2174 1398 societas,
2225 1339 2425 1384 tantam
2455 1328 2678 1383 Aurelio
2704 1329 3078 1384 auctoritatem
3113 1329 3356 1384 tribuant
3400 1330 3502 1384 hac

1912 1405 1966 1459 in
2014 1413 2207 1472 parte,
2258 1412 2457 1472 quanta
2508 1408 2689 1470 potest
2735 1414 2857 1454 esse
2906 1402 3147 1455 maxima
3176 1447 3188 1471 ,
3241 1403 3403 1458 etiam
3435 1403 3500 1455 ad

1911 1471 2208 1546 przesulum
2238 1471 2574 1541 exemplum.

424 1920 1014 2008 SYNODICA
1067 1919 1559 2004 AURELII
1634 1914 2642 2005 CARTHAGINENSIS
2721 1919 3288 2005 EPISCOPI.

1049 2100 1121 2150 Ex
1144 2099 1318 2152 libello
1337 2100 1569 2164 synodico
1585 2138 1599 2162 ,
1624 2098 1754 2163 apud
1777 2097 1926 2149 Labb.
1952 2098 2132 2152 Concil.
2159 2108 2278 2152 tom.
2304 2099 2368 2160 ll,
2392 2100 2487 2151 col.
2513 2101 2653 2152 1184.

278 2250 559 2310 Θεοδοσίου
598 2257 715 2323 γοῦν
758 2256 838 2308 καὶ
873 2255 1148 2329 Νεκταρίου
1195 2251 1638 2329 μεθαρμοσθέντων
1682 2255 1814 2330 πρὸς

1989 2249 2294 2306 Theodosio
2331 2251 2490 2322 igitur
2521 2258 2574 2306 et
2599 2249 2850 2308 Nectario
2881 2252 2945 2308 ad
2976 2251 3218 2308 coelestia
3264 2253 3499 2310 transla-

208 2350 270 2405 τὰ
295 2350 530 2426 οὐρανία,
562 2351 652 2402 τοῦ
684 2348 774 2417 μὲν
803 2351 892 2404 τήν
922 2347 1182 2419 βασιλείαν
1209 2345 1234 2400 ὁ
1265 2345 1374 2405 υίὸς
1413 2343 1666 2422 Ἀρκάδιος
1694 2343 1806 2401 δια-

209 2443 444 2514 δέχεται,
495 2445 779 2515 Γρατιανοῦ
820 2437 909 2507 δὲ,
942 2439 967 2494 ὁ
1005 2439 1214 2514 ἁδελφός
1257 2439 1521 2514 ’Δρκαδίου
1563 2437 1801 2519 Ὀνόριος.

210 2539 283 2595 Ἐν
327 2535 401 2599 οἷς
437 2538 649 2616 χρόνοις
692 2538 740 2590 ἐν
780 2539 1063 2614 Καρθαγένῃ
1104 2536 1315 2600 σύνοδος
1357 2546 1536 2600 τοπικὴ
1579 2544 1661 2596 καὶ
1698 2541 1806 2616 ἱερὰ

211 2636 615 2710 συναθροίζεται,
648 2633 878 2696 πατέρων
907 2633 1086 2687 ἑκατὸν
1114 2630 1266 2687 εἴκοσι
1291 2637 1376 2688 καί
1404 2634 1535 2701 ἑπτᾲ
1565 2635 1803 2702 ςννέλξν-

211 2749 290 2781 σιν
313 2728 557 2802 φέρουσα*
588 2726 718 2780 κατὰ
761 2723 959 2780 εἰδόλων
1010 2725 1255 2797 [Legisse
1293 2727 1506 2781 videtur
1536 2728 1801 2796 interpres

213 2815 606 2888 εἰδωλολατρῶν]
637 2825 950 2874 Δονατιστῶν
969 2861 981 2881 ,
1006 2824 1092 2874 καὶ
1114 2817 1264 2884 ἄλλης
1290 2823 1510 2884 ἑκάστης
1535 2825 1798 2897 αἱρέσεως,

214 2915 298 2966 καί
325 2918 426 2966 τῶν
456 2911 504 2964 ἐν
530 2911 708 2972 τόποις
738 2912 942 2973 ἐκείνοις
965 2913 1174 2975 ἀτόποις
1204 2915 1529 2988 σφαλμάτων,
1557 2919 1649 2981 τὰς
1668 2919 1801 2993 πρά-

215 3006 322 3068 ξεις
348 3007 633 3062 ποιήσασα.
676 3000 767 3064 7lic
806 3006 974 3076 ἡγεῖτο
1015 3007 1249 3079 Αὐρήλιος
1278 3008 1304 3062 ὁ
1331 3012 1647 3085 Καρθαγένης
1695 3012 1801 3065 ἐπί-

214 3120 428 3159 σκοπος.
460 3101 554 3154 Καὶ
582 3097 788 3160 κανόνας
815 3099 982 3175 ἱεροὺς
1009 3101 1241 3174 ἐκθεμένη
1264 3107 1346 3159 καὶ
1371 3106 1553 3171 Θείους,
1580 3107 1675 3166 ἕως
1694 3129 1804 3163 καί·

215 3205 308 3272 ρῶν
330 3205 422 3256 τοῦ
454 3204 640 3274 μικροῦ
663 3196 936 3254 Θεοδοσίου
965 3196 1220 3274 διήρκεσε.

1913 2347 1980 2398 tis
2006 2387 2020 2410 ,
2073 2345 2124 2399 in
2155 2345 2297 2400 illius
2318 2345 2532 2416 quidem
2573 2347 2858 2416 imperium
2905 2347 3048 2400 filius
3089 2345 3353 2402 Arcadius
3381 2361 3502 2402 suc-

1910 2439 2098 2502 cessit,
2134 2448 2188 2496 ut
2217 2438 2271 2494 in
2294 2437 2546 2494 Gratiani
2572 2439 2864 2504 Honorius,
2904 2439 3121 2493 Arcadii
3155 2438 3341 2495 frater.
3376 2439 3495 2505 Quo

1913 2539 2156 2600 tempore
2205 2529 2528 2601 Carthagine
2572 2530 2822 2602 Synodus
2871 2529 3213 2598 provincialis
3256 2539 3312 2584 et
3346 2545 3500 2586 sacra

1910 2632 2232 2698 congregata
2279 2624 2411 2686 fuit,
2450 2633 2658 2693 patrum
2705 2633 2919 2678 centum
2960 2623 3149 2692 viginti
3196 2631 3252 2677 et
3292 2632 3500 2692 septem

1911 2726 2234 2773 conventum
2269 2733 2376 2787 prae
2417 2734 2476 2772 se
2527 2719 2740 2783 ferens,
2775 2733 2897 2788 qua:
2945 2726 3132 2772 contra
3183 2717 3496 2775 idololatras

1914 2813 2242 2878 Donatistas,
2291 2822 2346 2868 et
2372 2811 2534 2868 aliam
2563 2828 2963 2884 quamcumque
3005 2812 3236 2868 hazresin
3265 2853 3277 2876 ,
3312 2821 3364 2867 et
3388 2813 3491 2866 alia

1906 2904 2123 2968 illorum
2157 2904 2399 2971 locorum
2437 2916 2635 2971 errata,
2661 2906 2900 2960 actiones
2933 2905 3169 2960 instituit
3200 2923 3212 2957 :
3245 2907 3328 2959 cui
3357 2921 3496 2975 prae-

1912 2998 2013 3051 fuit
2039 2997 2291 3053 Aurelius
2317 2997 2761 3069 Cartbaginensis
2793 2999 3104 3069 episcopus.
3128 2997 3376 3054 Canones
3406 3013 3494 3052 sa-

1911 3093 1992 3147 cri
2035 3103 2092 3146 et
2121 3091 2308 3160 divini,
2351 3107 2487 3162 quos
2518 3092 2604 3147 illa
2648 3091 2852 3160 edidit,
2893 3091 2960 3148 ad
3000 3091 3294 3148 Theodosii
3328 3107 3498 3163 usque

1913 3185 2136 3240 minoris
2160 3195 2404 3255 tempora
2433 3185 2808 3240 obtinuerunt.

281 3402 361 3456 Αιι
385 3418 480 3457 nos
507 3412 848 3474 pervenerunt
891 3420 1090 3475 quoque
1138 3409 1299 3462 multa
1332 3407 1470 3462 dicta
1509 3407 1571 3468 S.
1603 3405 1855 3480 Episcopi
1895 3410 1947 3465 in
1988 3407 2279 3466 Collatiam
2319 3409 2709 3482 Carthagimai
2749 3419 2931 3468 contra
2959 3411 3266 3479 Donatistae
3292 3428 3310 3467 :
3335 3427 3495 3484 quam

215 3495 370 3550 adisis
400 3498 540 3550 inter
564 3505 891 3552 monumenta
917 3499 986 3552 ad
1016 3498 1198 3554 horum
1225 3499 1582 3560 haereticorum
1599 3501 1868 3558 historiam
1888 3504 2175 3573 spectantia
2205 3502 2410 3562 Putrol.
2433 3513 2540 3561 tam
2564 3504 2671 3574 XI,
2696 3505 2798 3563 cal.
2830 3505 2971 3563 1225
2994 3523 3136 3578 seqq.

1344 3924 2358 4042 APPENDII.

386 4191 686 4248 HONITUM
718 4191 784 4242 IN
818 4189 1182 4242 EPISTOLAM
1215 4189 1614 4251 SEQUENTEM.

278 4349 450 4416 Quam
495 4345 834 4426 evidentiwa
879 4342 1199 4426 signis
1244 4343 1470 4426 epis-tela
1506 4343 1791 4426 spuritatis

209 4411 464 4491 arg‘ttatur
493 4415 717 4485 exponit
747 4411 1009 4471 Baronius
1032 4411 1097 4469 ad
1125 4411 1324 4470 annum
1357 4413 1482 4482 574,
1508 4411 1654 4470 num.
1682 4415 1752 4472 40
1773 4459 1788 4483 ,

208 4494 321 4546 ba~c
349 4491 657 4546 edisserens
686 4504 700 4540 :

281 4583 302 4620 ι
339 4563 592 4631 Ejusdem
621 4562 751 4616 anni
775 4559 1092 4631 consulibus
1123 4558 1264 4631 datae
1293 4559 1562 4631 habentur
1591 4556 1786 4631 litterie

208 4628 430 4691 nomine
465 4633 680 4688 Damasi
723 4632 787 4686 ad
820 4630 1097 4701 Aurelium
1137 4630 1450 4701 episc0pum
1505 4628 1789 4700 Carthagi-

207 4721 459 4772 nensem,
485 4704 673 4774 positae
708 4705 775 4760 ab
799 4703 1007 4758 Isidoro
1035 4699 1336 4774 Mercatore
1368 4707 1417 4756 in
1449 4699 1790 4774 suaecolle’c-

204 4779 368 4834 tionis
413 4772 676 4841 exordio;
741 4788 875 4845 quas
921 4772 1233 4841 prwcedunt
1290 4773 1484 4829 littera:
1532 4773 1778 4842 ejusdem

206 4849 418 4906 Aurelii
447 4849 666 4903 nomine
693 4848 761 4902 ad
790 4847 1074 4902 Damasum
1108 4847 1284 4914 primo
1307 4847 1523 4914 scriptae
1542 4884 1558 4909 ,
1585 4845 1783 4912 quibus

206 4923 436 4993 petierat
473 4919 541 4990 ab
564 4919 860 4993 apostolica
887 4919 1018 4982 sede
1043 4918 1123 4993 ad
1140 4933 1200 4974 se
1243 4919 1392 4993 mitti
1423 4917 1782 4993 decretalio-
1816 4964 1819 4968 .

207 4987 498 5071 manorum
517 4987 850 5071 pontificum.
887 4995 952 5046 At
1000 4988 1127 5063 quid
1158 5005 1293 5071 opus
1315 4988 1421 5071 fuit
1448 4993 1606 5071 (pace
1642 4987 1784 5071 illius

205 5062 457 5133 dixerim)
483 5057 777 5133 mendaciis
801 5057 1064 5116 exornare
1101 5057 1422 5115 veslibulum
1462 5057 1654 5128 amplae
1684 5057 1782 5116 d0-

205 5150 359 5198 mus,
394 5132 452 5188 ut
480 5136 533 5186 in
575 5147 680 5186 non
716 5132 890 5189 levem
919 5133 1284 5201 suspicionem
1323 5133 1554 5187 adducat
1583 5137 1775 5186 caetera

201 5223 326 5277 quiin
354 5206 656 5277 habentur?
683 5204 799 5272 Quo.
830 5203 1025 5277 modo,
1063 5219 1250 5277 quaeso
1273 5244 1292 5265 .
1324 5213 1497 5272 potuit
1529 5202 1780 5277 Aurelius

206 5274 495 5349 episcopus
517 5275 956 5349 Cartliaginensis
975 5274 1340 5349 scripsissead
1365 5279 1648 5349 Damasum
1671 5274 1780 5349 lio-

207 5343 426 5404 manum
469 5343 773 5416 pontificem
802 5391 815 5414 ,
849 5357 901 5400 et
943 5343 1178 5398 hunc’ad
1208 5345 1367 5416 illum
1403 5347 1609 5398 litteras
1651 5343 1774 5399 rcd-

206 5422 339 5476 dare
369 5415 478 5474 hoc
503 5419 840 5488 potissimum
871 5429 1043 5488 anno,
1079 5416 1178 5469 sub
1205 5415 1285 5469 his
1317 5416 1616 5488 praesertim
1629 5430 1776 5488 Acon-

207 5492 438 5558 sulibus,
458 5484 518 5546 si
531 5490 706 5545 adhuc
730 5505 851 5544 cum
894 5488 952 5543 S.
973 5486 1304 5555 Augustinus
1321 5484 1494 5542 tactus
1515 5484 1776 5540 Christia—

209 5579 309 5618 nus
344 5573 449 5624 est,
475 5576 722 5616 reversus
761 5560 814 5614 in
846 5559 1112 5622 Africam,
1144 5561 1346 5628 reperit
1375 5560 1572 5611 dictum
1606 5559 1775 5613 Aure-

1827 4197 1872 4260 C
1927 4192 2310 4267 transmarinis~
2327 4193 2563 4267 partibus
2582 4195 2985 4267 Carthaginem,
3009 4203 3364 4267 recensetque
3391 4193 3495 4251 inl-

1924 4266 2166 4319 racnlum
2187 4265 2315 4319 illud
2345 4266 2413 4320 de
2436 4267 2750 4326 Innocentio
2777 4265 2844 4323 ex
2873 4268 3155 4322 inourabili
3185 4265 3375 4322 morbo
3397 4279 3492 4322 sa.-

1922 4347 2068 4404 nato,
2095 4346 2255 4404 atque
2275 4335 2490 4394 demum
2517 4340 2634 4394 haec
2659 4341 2733 4404 ait
2768 4359 2782 4392 :
2817 4339 3100 4394 Visitabant
3124 4354 3242 4394 eum
3267 4339 3495 4407 quotidie

1919 4408 2083 4481 sancti
2113 4409 2235 4478 viri,
2263 4409 2527 4481 episcopus
2569 4421 2687 4464 tunc
2731 4410 2992 4465 Uzalensis
3039 4409 3195 4463 beata:
3233 4414 3493 4481 memoria:

1919 4479 2267 4552 Saturninus,
2287 4477 2340 4532 'et
2369 4483 2626 4552 presbyter
2653 4481 2868 4539 Gelosus
2889 4523 2904 4544 ,
2937 4497 2999 4533 ac
3027 4481 3238 4552 diaconi
3273 4477 3496 4552 Cartha»

1915 4553 2140 4623 ginensis
2178 4549 2455 4617 Ecclesiae,
2490 4549 2544 4606 in
2568 4556 2754 4620 quibus
2778 4562 2918 4618 erat,
2951 4562 3001 4605 et
3029 4565 3095 4606 ea:
3131 4551 3321 4623 quibus
3355 4549 3499 4604 solita

1916 4620 1988 4686 est
2019 4640 2153 4678 nunc
2191 4623 2245 4676 in
2276 4625 2424 4686 rebus
2451 4626 2689 4684 lautumiis
2714 4627 2825 4694 jam
2857 4624 3126 4694 episcopus
3147 4620 3275 4683 cum
3301 4620 3496 4681 (tortore

1915 4713 1946 4747 α
1979 4695 2120 4748 nobis
2165 4695 2331 4748 debito
2359 4697 2703 4751 nominandus
2728 4695 2967 4757 Aurelius
2991 4713 3009 4762 ;
3036 4711 3151 4749 cum
3192 4711 3292 4762 quo
3324 4708 3496 4746 recor-

1916 4766 2096 4820 dantes
2127 4766 2379 4819 mirabilia
2411 4784 2566 4839 opera
2597 4767 2694 4823 Det'
2719 4813 2732 4836 ,
2767 4770 2828 4821 de
2851 4765 2949 4820 hac
2984 4784 3038 4820 re
3077 4780 3211 4838 saepe
3254 4765 3494 4820 collocuti

1914 4855 2088 4892 sumus
2110 4878 2123 4898 ,
2155 4853 2368 4908 erutaque
2414 4839 2563 4894 valde
2609 4841 2924 4905 meminisse,
2954 4839 3089 4909 quod
3118 4851 3488 4893 commemora-

1911 4927 2042 4977 mus,
2100 4910 2398 4985 invenimus.
2459 4914 2532 4970 ita
2578 4911 2930 4985 ipse.ZVides
2967 4911 3238 4985 igiturdad
3289 4919 3490 4985 qpaoto

1912 4982 2213 5053 posteriora
2241 4992 2481 5053 tempora
2519 4980 2930 5040 sit—referendus
2962 4980 3171 5040 Aurelii
3201 4980 3488 5053 Carthagi-

1911 5049 2092 5106 nensis
2121 5049 2482 5123 episcopatus;
2507 5065 2558 5111 et
2581 5072 2738 5124 quam
2770 5055 2927 5123 longe
2954 5057 3126 5120 absit.
3154 5065 3209 5109 ut
3232 5055 3346 5124 ipse
3372 5049 3481 5122 jam

1905 5126 2191 5192 episcopus
2216 5126 2316 5180 hoc
2341 5141 2485 5179 anno
2515 5128 2578 5181 ad
2603 5125 2892 5181 Damasum
2923 5127 3242 5195 scripserit,
3271 5125 3354 5178 vel
3387 5135 3480 5177 ac-

1905 5195 2112 5264 ceperit
2143 5211 2170 5248 a
2203 5196 2432 5252 Damaso
2463 5197 2710 5255 litteras:
2741 5214 2863 5255 cum
2895 5209 3102 5258 certum
3131 5199 3221 5260 sit.
3246 5195 3482 5255 reditum

1905 5268 2297 5350 Apgustiiriirr
2340 5268 2598 5350 Africam,
2649 5283 2930 5350 postquam
2980 5271 3319 5350 Christianus
3366 5267 3479 5336 jam

1904 5335 2132 5413 ell'ectus
2163 5338 2463 5413 Mediolano
2507 5335 2840 5408 receéserni,
2874 5353 2929 5398 et
2963 5360 2992 5398 a
3031 5353 3196 5413 portu
3233 5335 3478 5392 Romano

1901 5410 2159 5472 solverat,
2187 5410 2475 5480 contigisse
2506 5427 2648 5467 anno
2683 5416 2888 5470 Domini
2924 5410 3301 5469 trecentesimo
3326 5419 3477 5464 oeto-

1901 5484 2107 5556 gesimo
2125 5496 2300 5546 nono;
2335 5494 2391 5536 ut
2416 5498 2670 5554 appareat
2702 5501 2804 5542 nec
2826 5496 2947 5556 post
2973 5497 3143 5539 annos
3164 5482 3474 5553 quindecim

1901 5553 2177 5626 Aurelium
2202 5564 2440 5607 creatum
2465 5553 2584 5612 esse
2614 5553 2924 5626 episcopum
2956 5557 3432 5626 Carthaginensem
3455 5593 3471 5618 ,

682 5647 839 5702 agere
873 5603 1124 5684 Ecclesia:
1153 5603 1617 5702 (Igrthaginensis,
1651 5640 1772 5702 post
1804 5603 1853 5662 D
1900 5624 1993 5678 sed
2029 5639 2402 5692 perseverasse
2427 5603 2735 5694 diaconurm.
2768 5603 2925 5690 Vides
2953 5630 3114 5702 igitur
3154 5603 3263 5702 fiin
3313 5603 3474 5678 modo

205 5706 422 5775 aliquod
452 5719 582 5759 vero
612 5698 868 5775 temporis
885 5701 1116 5775 spatium
1145 5698 1344 5775 factum
1360 5698 1768 5775 iessepejusdem

207 5770 440 5832 civitatis
486 5770 840 5844 episcopum?
881 5773 1145 5844 Testatur
1173 5772 1223 5825 id
1258 5772 1474 5843 quidem
1505 5773 1619 5840 ipsc
1661 5770 1770 5826 Au-

207 5849 454 5919 gustinus
473 5891 486 5913 ,
510 5842 578 5919 ac
599 5842 825 5919 diaertis
850 5844 1010 5919 plane
1035 5842 1248 5919 Verbis,
1273 5842 1475 5919 cumin
1497 5854 1768 5898 commen-

212 5914 347 5974 iario
389 5919 457 5974 dc.
499 5916 724 5972 Civitate
773 5916 862 5972 Dei
913 5915 1156 5970 meminit
1208 5914 1276 5971 de
1324 5914 1498 5970 reditu
1552 5927 1650 5968 suo
1702 5929 1764 5968 ex

1900 5705 2048 5749 recta
2083 5705 2384 5763 temporum
2424 5713 2610 5755 norma
2656 5709 2894 5762 tortuosa
2943 5695 3174 5753 aliorum
3218 5695 3470 5766 ﬁgmenta

1900 5766 2274 5820 improbentur
2326 5787 2337 5820 :
2389 5779 2446 5820 ut
2479 5785 2583 5820 non
2636 5772 2869 5820 mireris.
2912 5769 2955 5820 si
3005 5773 3056 5820 in
3103 5763 3470 5820 diuitoscenda

1899 5777 2274 5835 improbentur

1896 5847 2045 5892 certa
2077 5847 2377 5908 temporum
2410 5845 2618 5898 ratione
2648 5842 2894 5898 crebrius
2917 5851 3078 5913 atque
3097 5839 3352 5897 solertius
3384 5849 3474 5892 oe-

1894 5922 2171 5977 cupcmur.
2203 5930 2222 5962 ι

2326 5787 2337 5821 :
2389 5779 2446 5824 ut
2479 5785 2583 5825 non
2636 5772 2869 5835 mireris,
2912 5769 2955 5825 si
3005 5773 3056 5825 in
3103 5763 3472 5838 dignoscenda
