4060 6344
570 334 709 392 1015

784 470 1096 524 EPISTOLA
1129 471 1387 524 AURELII
1420 471 1681 525 DAMASO
1714 474 1918 526 PAPIE.

607 600 933 657 Beatissimo
962 618 1112 674 papae
1137 604 1353 660 ῡλωιεο
1377 603 1650 661 Αυιωωυς
1678 604 2119 679 Carthaginensis

1198 698 1505 768 episcOpus.

644 806 880 863 Gloriam
911 808 1227 878 apostolicae
1262 809 1439 877 sedis,
1487 818 1541 866 et
1576 820 1772 867 vestrae
1812 814 2157 873 sublimitatis

570 902 796 971 gratiam
822 912 1006 957 nostra
1039 901 1313 958 humilitas
1343 914 1537 959 exoret
1575 902 1667 976 [F.
1700 918 1887 961 exorat
1894 908 1934 981 j,
1964 918 2023 964 ut
2050 920 2159 965 sta-

573 1005 708 1061 tuta,
728 1012 845 1065 quae
870 997 1110 1066 reperire
1133 999 1400 1068 poteritis,
1422 1008 1542 1069 post
1563 999 1723 1056 linem
1743 1001 1881 1055 beati
1901 1004 2159 1074 principis

575 1091 941 1160 apostolorum
964 1091 1130 1159 Petri,
1152 1108 1321 1164 usque
1344 1094 1410 1149 ad
1430 1104 1621 1150 vestrae
1643 1098 1943 1152 sanctitatis
1962 1098 2160 1167 princi-

577 1181 722 1251 pium
745 1182 894 1251 juxta
921 1185 1234 1252 apostolicae
1268 1184 1413 1240 sedis
1442 1186 1848 1254 auctoritatem,
1878 1205 2035 1260 quam
2067 1206 2160 1245 co-

573 1272 854 1343 gnovimus
902 1290 1000 1344 per
1027 1286 1224 1334 vestrae
1257 1279 1536 1351 sapientia:
1581 1283 1922 1338 sanctitatem
1957 1285 2160 1356 guber-

1772 339 2194 403 BACHlARlUS
2232 344 2627 408 MONACHUS.

3710 374 3836 433 1016

2181 486 2236 544 Α
2260 484 2402 552 nari,
2425 484 2579 541 nobis
2603 487 2799 559 scripta
2828 491 3048 547 mittere
3086 492 3379 566 dignemini
3411 516 3425 553 :
3460 510 3723 572 quatenus
3752 525 3839 579 per

2264 586 2459 633 vestra:
2511 580 2809 637 sanctitatis
2865 585 3204 643 nobilitatem
3281 601 3444 664 atque
3510 597 3840 666 prudentiam

2264 684 2427 726 nosse
2457 671 2735 729 valeamus
2758 716 2772 740 ,
2798 691 2921 747 qua:
2946 676 3001 733 in
3031 679 3287 749 praelecta
3319 694 3508 741 sancta
3536 689 3666 745 sede
3691 707 3844 762 supra

2266 764 2423 820 dictis
2452 768 2780 837 temporibus
2819 781 2951 827 sunt
2985 773 3229 843 decreta,
3263 788 3318 834 et
3349 782 3440 851 qui
3478 783 3737 842 adversus
3766 804 3845 844 ca-

2265 874 2465 915 nonum
2505 865 2869 931 apostolorum
2908 867 3149 925 instituta
3190 884 3496 944 gesserunt,
3524 892 3843 949 cognoscan-

2265 963 2373 1007 tur.
2414 953 2558 1009 Beue
2592 956 2734 1023 vale,
2767 958 3108 1017 sanctissime
3137 978 3293 1034 papa,
3348 978 3403 1022 et
3436 982 3532 1023 ora
3565 986 3663 1040 pro
3703 974 3845 1031 nobis

2267 1046 2639 1102 amantissime
2687 1059 2862 1118 pater.
2924 1054 3054 1107 Data
3112 1067 3303 1113 octavo
3350 1057 3617 1119 kalendas
3659 1064 3842 1124 Martii.

2270 1136 2417 1193 Idem
2446 1138 2587 1194 lecta
2617 1138 2803 1198 Roma:
2824 1189 2839 1211 ,
2876 1145 3065 1215 quinto
3090 1163 3261 1205 nonas
3288 1150 3437 1207 Maii.

2333 1232 2623 1346 (Reﬂionsio
2681 1240 2931 1301 supposita
2991 1239 3185 1317 Damasi
3245 1244 3453 1296 Aurelio
3528 1249 3631 1312 legi

2333 1309 2387 1345 Ii.
2484 1295 2528 1345 Il
2551 1296 2682 1346 inter
2704 1302 2975 1346 anocrvnha
2999 1312 3176 1346 scrinia
3201 1306 3253 1346 ς-
3282 1306 3471 1346 Panem

3082 1257 3464 1317 naSIRA'ureuo.
3528 1257 3631 1312 legi
3702 1257 3847 1314 potest

2268 1295 2387 1345 tom.
2414 1295 2528 1346 XIII
2551 1296 2682 1348 inter
2704 1295 2977 1366 apocrypha
2999 1306 3179 1368 scripta
3200 1306 3253 1357 S.
3278 1295 3471 1373 Papae.)

818 1557 1905 1571 —_9__-—————.-—————

818 1557 1905 1571 _.__._.__-.____._____

577 1553 3845 1641 %

1830 1821 1998 1866 ANNO
2039 1822 2271 1868 DOMINI
2315 1822 2585 1869 CCCCXX.

716 2082 2181 2253 BACHIARIUS
2315 2092 3709 2272 MONACHUS.

1714 2450 1983 2513 ‘(Bibliorlu
2008 2452 2121 2505 Vet.
2144 2451 2279 2506 Patr.
2300 2452 2427 2507 Gall.
2455 2463 2569 2506 tom.
2596 2454 2707 2520 IX.)

1751 2876 2684 2971 PROLEGOMENA.

2023 3108 2435 3132 ‘—

647 3310 700 3363 1.
737 3306 1055 3363 Bachiarius
1083 3309 1163 3362 vir
1192 3306 1507 3363 Christiana:
1529 3306 1898 3379 philosOphite,
1933 3306 2108 3411 nudus
2128 3318 2178 3360 et
2210 3318 2255 3378 Β
2285 3313 2432 3369 tibus
2471 3317 2728 3379 salutaris
2767 3325 3033 3386 doctrinae
3064 3333 3396 3392 medicinam
3440 3354 3510 3395 ex
3542 3340 3862 3415 Hipponensi

571 3400 839 3473 expeditus
884 3417 1069 3455 vacare
1099 3400 1209 3455 Deo
1236 3402 1515 3471 disponens
1538 3442 1554 3469 ,
1589 3402 1745 3455 etiam
1795 3400 2173 3471 peregrinatio-

576 3510 695 3549 nem
739 3502 950 3565 propter
986 3495 1389 3549 conservandam
1439 3496 1555 3549 vittz
1602 3494 1949 3566 integritatem
1996 3494 2168 3565 elegit.

574 3588 701 3643 Huic
726 3588 1047 3644 Gennadius
1076 3589 1154 3660 (α)
1174 3606 1189 3644 :
1213 3591 1305 3661 qui
1331 3599 1386 3645 et.
1416 3590 1550 3644 illud
1578 3589 1749 3653 addit,
1773 3606 1898 3644 eum
1931 3590 2172 3644 adversus

574 3679 817 3750 querulos
859 3691 905 3735 et
950 3682 1292 3751 infamatores
1338 3682 1401 3735 de
1440 3682 1543 3750 ﬁde
1589 3680 1819 3735 libellum
1860 3682 2172 3751 scripsisse.

575 3771 739 3844 Cujas
783 3790 946 3844 porro
989 3776 1157 3831 fuerit
1197 3787 1408 3841 auctor,
1458 3777 1606 3831 nulla
1643 3786 1888 3831 veterum
1938 3777 2176 3847 produnt

572 3881 951 3926 monumenta.
1000 3870 1203 3928 Verum
1257 3888 1325 3928 ex
1391 3872 1573 3926 allatis
1626 3870 1896 3927 Gennadii
1952 3873 2169 3942 verbis,

574 3974 739 4035 atque
788 3964 842 4018 in
902 3966 1095 4036 primis
1144 3981 1214 4021 ex
1268 3966 1439 4035 ipsius
1480 3965 1757 4020 Bachiarii
1809 3966 2125 4022 testimonio
2156 4010 2171 4035 ,

576 4057 940 4113 existimarim
969 4057 1246 4128 equidem,
1281 4058 1436 4114 illum
1467 4073 1536 4114 eo
1576 4058 1920 4128 potissimum
1953 4061 2174 4115 nomine

572 4166 805 4223 peregre
834 4152 1136 4222 proiectum
1165 4167 1311 4222 esse,
1343 4169 1450 4225 quo
1480 4153 1680 4209 Paulus
1710 4155 1937 4209 Orosius
1963 4172 1975 4208 :
2008 4155 2173 4210 adeo-

573 4262 681 4318 que
698 4247 1025 4317 scriptorem
1048 4260 1298 4305 nostrum
1317 4294 1331 4316 ,
1367 4250 1825 4320 quemadmodum
1857 4259 1912 4305 et
1933 4250 2026 4305 ille
2043 4293 2057 4317 ,
2083 4251 2172 4304 Hi-

576 4356 804 4412 spanum
832 4343 1224 4415 fuisse.Atque
1244 4346 1299 4399 in
1325 4344 1465 4399 hanc
1485 4347 1813 4400 sententiam
1846 4345 2014 4400 ivisse
2032 4361 2171 4414 quo-

577 4452 708 4509 que,
744 4437 991 4492 licetalia
1012 4440 1122 4505 via,
1144 4438 1389 4494 Florium
1419 4454 1473 4492 v.
1496 4453 1548 4493 c.
1582 4438 2056 4510 intelligimus(b).
2080 4438 2175 4493 Ni-

575 4533 779 4588 mirum
801 4532 991 4588 eadem
1024 4534 1195 4589 ferme
1227 4543 1553 4605 tempestate
1592 4534 1788 4589 claruit
1815 4534 2170 4602 Bachiarius,

579 4638 687 4694 qua
735 4623 980 4691 Orosius,
1023 4625 1079 4679 id
1119 4636 1204 4680 est
1240 4625 1443 4681 saeculo
1477 4641 1511 4679 v
1562 4626 1807 4681 ineunte.
1849 4625 1918 4680 Et
1943 4625 2029 4680 hic
2054 4626 2174 4695 qui—

2279 3406 2537 3478 episcopo
2562 3411 2868 3484 Augustino
2898 3436 3152 3493 procuret
3182 3427 3285 3500 (d).
3313 3406 3793 3493 Bacliiariu-s-vero
3820 3439 3864 3493 in

2276 3502 2484 3595 erroris
2511 3508 2877 3577 suspicionem
2896 3515 3187 3584 adductus,
3218 3525 3733 3595 peregrinationem
3762 3546 3866 3587 sus-

2278 3593 2462 3663 cipere
2490 3602 2717 3670 statuit,
2753 3605 3025 3679 simulque
3060 3612 3121 3665 de
3159 3613 3266 3682 ﬁde
3292 3593 3537 3673 uacuum
3567 3624 3759 3679 scribit
3783 3627 3863 3680 ad-

2277 3702 2455 3787 versus
2475 3693 2719 3761 querulos
2749 3707 2797 3751 et
2817 3699 3176 3771 infamatores,
3205 3721 3312 3761 non
3331 3710 3559 3780 quidem
3586 3717 3866 3785 peregrina-

2278 3780 2435 3877 tionis
2472 3798 2603 3849 suaz,
2651 3795 2710 3840 ut
2754 3789 3129 3848 arbitrabatur
3162 3794 3483 3857 Gennadius
3507 3847 3522 3870 ,
3573 3780 3674 3861 sed
3704 3780 3863 3877 potius

2277 3869 2543 3970 adversus
2562 3891 2659 3931 eos
2676 3880 2769 3949 qui
2789 3895 2911 3936 eum
2937 3885 2998 3937 de
3024 3888 3196 3958 patrio
3217 3906 3394 3945 errore
3429 3869 3762 3955 incusabant
3781 3899 3841 3970 (e)

2280 3964 2564 4035 Suspectos
2596 3988 2688 4027 nos
2712 4017 2727 4041 ,
2767 3974 2947 4047 inquit
2965 3977 3058 4050 (ί),
3088 3994 3341 4052 quantum
3367 3987 3521 4042 video
3542 4030 3558 4056 ,
3590 3992 3749 4061 facit,
3783 3964 3864 4046 uoti

2278 4075 2465 4158 sermo,
2490 4064 2581 4117 sed
2592 4068 2821 4137 regio;et
2842 4072 2929 4141 qui
2951 4072 3014 4127 de
3034 4074 3138 4143 ﬁde
3159 4094 3261 4132 non
3281 4080 3661 4151 erubescimus,
3679 4085 3744 4140 de
3761 4103 3862 4158 pro-

2279 4154 2442 4208 vincia
2486 4159 2873 4229 confundimur.
2908 4165 3060 4221 Hanc
3095 4181 3278 4224 autem
3325 4175 3658 4244 Opinionem
3703 4154 3770 4234 eo
3813 4181 3865 4233 li-

2278 4248 2494 4305 bentius
2524 4254 2928 4325 amplectimur,
2962 4262 3105 4331 quod
3138 4263 3463 4323 Bachiarius
3495 4270 3737 4340 ipsemet
3763 4290 3862 4330 eam

2277 4344 2602 4401 conﬁrmare
2624 4348 2893 4417 videatur,
2932 4352 3062 4408 dum
3094 4356 3172 4409 ait
3195 4355 3301 4429 (g):
3331 4357 3732 4419 Prwsidentum
3757 4382 3866 4438 quo-

2278 4439 2516 4493 rumdam
2532 4444 2785 4497 sententia
2793 4444 3120 4515 judicamur,
3141 4452 3292 4518 quasi
3314 4453 3596 4526 liberiiesse
3615 4459 3680 4512 ab
3694 4460 3865 4514 erroris

2277 4529 2576 4601 deceptione
2598 4551 2931 4606 nequeamus.
2963 4540 3173 4607 Quibus
3206 4558 3341 4601 sane
3388 4550 3580 4606 verbis
3622 4554 3866 4623 praesules

2278 4625 2490 4693 aliquos
2532 4629 2765 4687 innuere
2817 4633 3037 4691 videtur
3070 4650 3285 4707 auctor,
3339 4643 3434 4712 qui
3466 4645 3538 4700 de
3576 4662 3679 4704 sua
3720 4650 3865 4721 ipsius

582 4719 711 4774 dem
761 4718 1055 4789 Hispanias
1114 4719 1655 4776 Priscillianistarum
1712 4730 1877 4791 atque
1925 4720 2174 4791 Origeni-
2205 4724 2250 4786 ρ
2284 4718 2389 4775 [ide
2432 4733 2685 4792 suspecta
2715 4739 3102 4797 quererentur,
3133 4733 3221 4787 vel
3250 4735 3357 4790 sibi
3389 4738 3563 4794 etiam
3608 4718 3863 4799 haereseos

584 4823 794 4867 starum
819 4815 1100 4869 erroribus
1130 4814 1368 4869 imbutas
1398 4816 1861 4881 animadvertetis,
1889 4814 2039 4869 illinc
2057 4815 2171 4869 dis—

578 4921 794 4962 cessum
839 4918 991 4977 parat
1027 4911 1268 4977 atquein
1300 4908 1540 4964 Africam
1570 4910 1764 4979 pergit.
1810 4909 2010 4963 Eadem
2045 4910 2174 4963 item

578 5000 648 5055 de
690 5014 853 5056 causa
890 5002 1218 5058 Bacltiarius
1263 5016 1572 5074 permotus,
1627 5005 1853 5074 patriam
1890 5006 2171 5074 cognatio-

580 5111 813 5167 nemque
852 5098 1074 5167 reliquit
1097 5098 1169 5169 (ε)
1201 5116 1214 5153 :
1248 5116 1309 5155 eo
1338 5100 1474 5168 quod
1493 5142 1507 5165 ,
1541 5100 1737 5169 inquit,
1765 5099 2039 5170 cujusdam
2068 5098 2175 5153 ha:-

578 5190 711 5245 resis
753 5188 963 5245 macula
1000 5192 1169 5245 solum
1210 5202 1444 5247 nostrum
1488 5193 1738 5263 originale
1791 5192 2165 5261 perstrinxerit.

575 5283 695 5340 Non
724 5284 866 5339 idem
891 5296 1073 5339 tamen
1099 5285 1381 5357 utriusque
1405 5288 1504 5342 viri
1520 5285 2077 5342 consilium.0rosius
2096 5287 2171 5339 si-

576 5374 797 5445 quidem
836 5374 948 5429 alio
974 5374 1371 5445 commigrans,
1405 5376 1471 5431 ad
1500 5391 1625 5432 oras
1662 5374 1949 5430 Africanas
1973 5378 2169 5447 appel-

578 5466 660 5533 lit,
686 5482 796 5538 quo
824 5465 1204 5523 conterraneis
1234 5466 1348 5522 suis
1370 5468 1644 5527 baareseos
1672 5473 1869 5529 morbo
1902 5470 2167 5528 laboran-

670 5717 721 5793 b)
751 5717 915 5793 _Flor.
966 5718 1330 5793 ad_Bacbiar.
1365 5717 1591 5777 Dissert.
1624 5723 1677 5791 1,
1713 5723 1740 5793 §
1774 5725 1824 5779 1.

645 5789 721 5859 (c)
751 5789 1007 5862 Bachiar.
1039 5790 1157 5847 Fid.
1184 5790 1212 5862 §
1236 5793 1286 5845 1.

643 5647 724 5859 gi
753 5646 1002 5771 gennad.
1033 5648 1103 5703 de
1117 5646 1465 5732 Virzillustr.
1491 5662 1612 5719 cap.
1640 5651 1733 5706 24.

809 5718 914 5773 lor.
966 5718 1037 5774 ad
1077 5719 1330 5775 Bachiar.
1365 5718 1591 5777 Dissert.
1624 5723 1677 5791 1,
1713 5723 1733 5793 §

645 5790 697 5856 (c
751 5789 1007 5859 Bachiar.
1039 5790 1157 5847 Fid.
1184 5790 1212 5859 §
1236 5793 1286 5845 1.

647 5858 727 5933 (rt)
756 5861 913 5917 Oros.
947 5858 1233 5919 Commou.
1262 5864 1290 5935 ᾗ
1324 5865 1379 5919 4.

2277 4815 2485 4871 crimen
2519 4819 2940 4889 exprobrarent.
2974 4822 3015 4878 Ii
3044 4840 3179 4881 vero
3224 4830 3571 4896 prtesidentes
3614 4850 3742 4892 meo
3766 4835 3868 4906 qui-

2278 4907 2399 4962 dem
2424 4908 2665 4979 judicio,
2701 4913 2996 4985 Eutropius
3026 4932 3082 4972 et
3107 4918 3311 4974 Paulus
3340 4923 3597 4997 episcopi
3633 4927 3862 4991 fuerint,

2275 4998 2470 5056 Orosio
2492 5006 2773 5060 memorati
2793 5006 2897 5078 (It);
2926 5010 3015 5080 qui
3031 5012 3213 5065 eadem
3228 5028 3331 5083 qua
3351 5024 3400 5067 et
3418 5017 3535 5085 ipse
3557 5019 3747 5075 salutis
3766 5036 3863 5075 om-

2276 5093 2419 5147 nium
2442 5095 2665 5151 utilitate
2694 5102 2946 5168 permoti,
2994 5118 3064 5159 ex
3102 5104 3382 5175 Hispaniis
3411 5110 3467 5165 in
3499 5111 3746 5171 Africam
3776 5115 3864 5170 iter

2274 5188 2633 5257 arripientes,
2657 5194 3112 5248 commonitorium
3128 5199 3248 5269 jam
3267 5200 3527 5256 dederunt
3556 5206 3622 5260 de
3640 5205 3862 5277 aliquan-

2274 5282 2339 5336 tis
2375 5279 2655 5338 haeresibus
2694 5301 2891 5357 magno
2930 5286 3009 5343 illi
3051 5288 3265 5346 doctori
3304 5293 3643 5367 Augustino.
3675 5299 3859 5358 Verum

2272 5374 2372 5430 has
2402 5375 2825 5450 qualescumque
2838 5382 3055 5439 demum
3073 5385 3507 5457 conjeclationes
3533 5397 3858 5454 eruditorum

2270 5471 2496 5527 arbitrio
2519 5471 2865 5530 dimittimus.

2338 5656 2413 5731 (εξ)
2440 5656 2760 5731 _Bacliiar.§
2793 5660 2847 5729 9.,
2881 5661 2919 5716 ι.
2952 5678 3004 5717 c.

2338 5728 2419 5867 ἕρ)
2439 5728 2532 5855 ¹ιίὲιῑ
2547 5728 2814 5867 ίξίξῗάβέί

2362 5800 2419 5874 g)
2452 5799 2532 5874 I__d.
2566 5799 2759 5874 ibid.'§
2787 5804 2839 5860 i.

2340 5871 2421 5943 (ἡ)
2451 5872 2609 5929 Oros.
2641 5871 2926 5935 Common.
2955 5877 2982 5951 §
3009 5881 3061 5934 1.
