4060 6344
280 321 414 382 1017

1643 276 2185 376 pnoweousns.

3415 292 3555 353 1018

342 436 399 492 2.
436 434 556 491 Jam
583 445 718 490 vero
738 428 1010 488 Bachiarii
1036 428 1153 486 sive
1178 426 1405 484 natione
1420 427 1541 483 sive
1565 428 1742 499 patria
1774 438 1859 485 ut~
1884 442 1941 505 Α
1963 430 2062 489 sed
2085 427 2314 486 criticus
2341 420 2726 495 sagacissimus
2764 417 2873 475 sibi
2915 415 3079 488 plane
3108 414 3344 472 cavisset
3364 455 3381 484 ,
3415 414 3461 471 si
3494 414 3559 469 li-

277 545 509 602 cumquc
548 530 623 583 ita
646 526 965 593 constituta,
1000 538 1123 580 eum
1161 522 1492 579 monachum
1534 521 1715 592 egisse
1769 522 1864 579 illa

276 626 409 683 satis
436 622 735 681 ostendunt
771 636 895 693 quae
926 619 1092 675 modo
1126 633 1194 674 ex
1222 616 1507 674 Gennadio
1548 616 1862 672 retulimus.

277 717 573 785 Nimirum,
596 717 676 770 vir
699 713 995 769 christiana:
1015 710 1382 784 philosOphiw,
1414 709 1587 765 nudus
1627 719 1675 763 et
1704 725 1864 778 expe-

277 811 416 867 ditus
446 827 627 865 vacare
650 806 760 864 Deo
788 809 1089 878 disponens,
1116 822 1208 877 pro
1238 806 1590 861 conservanda
1606 807 1724 859 vitm
1748 807 1868 877 (seu

278 902 551 976 propositi,
578 913 636 956 ut
656 899 877 970 praefert
906 899 1081 955 codex
1102 895 1472 968 Corbeicnsis)
1500 898 1868 970 integritate...

278 995 750 1069 peregrinationem
777 994 1001 1063 suscepit
1026 1009 1046 1059 ;
1072 1002 1126 1045 ut
1171 992 1345 1046 exiens
1387 991 1448 1045 de
1481 998 1618 1044 terra
1638 1006 1757 1056 sua,
1785 1005 1872 1043 co—

278 1089 442 1145 hreres
461 1089 610 1160 ﬁeret
636 1088 857 1143 Abrahae
872 1086 1206 1160 patriarchae.
1233 1086 1301 1140 Et
1333 1087 1450 1140 haec
1480 1085 1703 1156 quidem
1734 1084 1873 1140 Mas-

278 1183 519 1239 siliensis
562 1181 852 1253 presbyter
881 1180 1081 1236 litteris
1114 1178 1335 1235 tradidit
1374 1178 1444 1234 ab
1486 1178 1603 1250 ipso
1649 1178 1873 1233 Bachia-

235 1322 241 1327 .
280 1276 363 1331 rio
384 1275 643 1342 edoctus,
667 1274 760 1345 qui
778 1273 853 1329 ait
872 1272 950 1346 (a)
979 1290 992 1327 :
1025 1272 1138 1328 Nos
1169 1272 1414 1345 patriam,
1444 1273 1548 1327 etsi
1573 1272 1871 1328 secundum

280 1384 503 1427 carnem
546 1368 833 1436 novimus,
885 1366 983 1422 sed
1016 1380 1159 1421 nunc
1192 1366 1303 1436 jam
1346 1380 1453 1420 non
1495 1365 1745 1419 novimus
1787 1363 1865 1437 (ll

283 1461 401 1519 Cor.
435 1479 492 1529 v,
528 1461 642 1533 16),
675 1470 722 1516 et
754 1460 1109 1516 desiderantes
1136 1456 1359 1513 Abrahae
1387 1457 1487 1529 filii
1509 1458 1650 1527 ﬁeri,
1681 1467 1874 1511 terram

283 1566 517 1614 nostram
546 1557 1003 1628 cognationemque
1024 1551 1557 1625 reliquimus.Neque
1586 1567 1721 1609 vero
1752 1566 1875 1607 um-

283 1664 445 1720 quam
475 1648 775 1721 episcopali
820 1650 1027 1705 honore
1051 1648 1377 1718 scriptorem
1423 1657 1669 1701 nostrum
1710 1645 1877 1701 fuisse

283 1752 526 1810 auctum,
555 1753 617 1800 ut
644 1743 924 1816 plerisque
955 1743 1157 1811 visum,
1188 1742 1496 1799 rationibus
1521 1744 1722 1799 acriter
1741 1756 1874 1798 eon-

1966 523 2096 581 belli
2119 517 2435 594 perlegendi
2458 512 2837 587 opportunitas
2858 510 2960 582 ipsi
2990 516 3193 582 praesto
3221 507 3426 562 luisset.
3455 502 3556 562 Ut-

1968 633 2201 689 cumque
2247 630 2305 671 se
2339 628 2427 669 res
2457 610 2676 675 habeat,
2726 621 2968 665 errorem
3023 601 3434 660 Gennadianum
3466 598 3556 655 de~

1968 714 2105 770 texit
2161 710 2366 781 primus
2413 706 2715 775 rejecitque
2765 709 3019 758 accurate
3063 697 3147 754 vir
3208 694 3558 752 doctissimus

1967 804 2199 863 subinde
2220 802 2468 859 laudatus
2485 799 2584 873 (g),
2602 798 2669 852 ad
2689 812 2848 868 quem
2866 792 3091 866 proinde
3113 792 3353 847 lectores
3367 787 3557 844 remit-

1970 902 2152 959 timus.
2187 897 2462 955 Posterius
2495 903 2678 950 autem
2700 890 3024 963 opusculum
3052 894 3319 943 memorat
3349 898 3559 954 anony-

1972 1011 2092 1053 mus
2117 991 2447 1050 Mellicensis
2470 988 2577 1063 (h),
2596 987 2685 1043 cui
2709 985 3024 1041 Bachiarius
3053 983 3133 1037 vir
3162 979 3339 1053 optimi
3362 976 3560 1050 ingenii

1972 1092 2193 1149 dicitur.
2237 1088 2534 1157 Utriusque
2573 1098 2735 1154 porro
2766 1080 2938 1136 libelli
2970 1076 3263 1133 editionem
3304 1071 3448 1127 haud
3484 1069 3559 1124 ita

1975 1184 2184 1256 pridem
2209 1181 2480 1237 adornure
2504 1188 2791 1249 aggressus
2820 1181 2902 1228 est
2927 1188 2980 1226 v.
3008 1186 3059 1226 c.
3081 1169 3234 1239 cujus
3258 1165 3420 1222 modo
3440 1178 3561 1220 me-

1973 1276 2230 1334 minimus
2263 1273 2362 1345 (i),
2418 1283 2650 1341 eamque
2700 1266 2768 1322 ad
2809 1280 2943 1321 mss.
2977 1263 3196 1321 codices
3219 1258 3567 1317 bibliotheca:

1974 1367 2355 1425 Ambrosiam:
2380 1406 2397 1432 ,
2428 1378 2529 1418 nec
2560 1376 2670 1417 non
2702 1359 2768 1415 ad
2794 1367 2951 1414 antea
2976 1357 3193 1428 vulgata
3223 1350 3563 1423 exemplaria

1973 1471 2240 1527 exactam,
2273 1459 2479 1516 duabus
2503 1456 2736 1513 eruditis
2760 1452 3240 1510 dissertationibus
3280 1449 3435 1503 auxit
3463 1460 3563 1501 no-

1976 1561 2159 1631 tisque
2186 1556 2497 1613 illustravit.
2523 1553 2700 1624 Atque
2723 1551 2862 1607 bane
2891 1549 3209 1621 praeclaram
3230 1545 3424 1602 ἔκδοσιν
3454 1556 3565 1613 prae

1977 1654 2195 1711 caeteris
2220 1648 2555 1722 seligeudam
2580 1646 2835 1702 duximus
2858 1687 2873 1710 ,
2911 1644 2997 1699 cui
3027 1650 3294 1710 praeterea
3323 1638 3567 1694 Murato-

1979 1747 2159 1804 riauas
2180 1742 2593 1800 observationes
2615 1741 2668 1795 in
2694 1736 2965 1793 Bachiarii
2992 1733 3178 1789 Fidem
3198 1730 3565 1789 subdidimus.

283 1837 451 1896 clusis
476 1838 1103 1896 evinciteruditissimus
1134 1838 1351 1894 Florius
1373 1839 1447 1909 (ὑ)
1477 1857 1488 1892 ;
1521 1840 1663 1909 quod
1689 1840 1874 1911 utique
1905 1851 1952 1913 Β
2049 1838 2105 1892 4.
2144 1836 2251 1894 Sed
2309 1843 2599 1903 antequam
2638 1845 2859 1886 manum
2898 1829 2966 1884 de
2996 1826 3179 1882 tabula
3240 1825 3294 1880 in
3326 1822 3568 1879 medium

284 1934 537 2005 nuspiam
562 1951 628 1991 ex
656 1944 888 2006 utroque
910 1935 1083 2005 ipsius
1103 1934 1294 1991 libello
1321 1934 1577 2005 colligere
1599 1943 1704 1989 est.
1734 1934 1874 2002 Quin

285 2028 464 2097 potius
498 2029 554 2083 in
586 2029 832 2084 instituto
870 2028 1172 2084 monastico
1200 2028 1486 2083 retinendo
1514 2044 1637 2083 eum
1679 2030 1875 2100 persti-

285 2121 418 2177 tisse
441 2163 455 2189 ,
492 2120 635 2176 haud
662 2122 859 2177 leviter
886 2130 1187 2193 suggerunt
1216 2122 1680 2192 peregrinationes
1708 2138 1739 2177 a
1768 2122 1878 2177 viro

287 2213 588 2270 christiana:
612 2214 955 2287 philosophia:
976 2222 1269 2284 susceptae,
1294 2229 1413 2284 quae
1437 2214 1699 2285 pastorali
1723 2214 1879 2270 solli~

286 2307 518 2363 eitudini
552 2309 730 2363 minus
756 2309 1039 2364 enimvero
1069 2322 1373 2380 congruere
1410 2318 1732 2365 noscuntur.
1777 2310 1879 2365 De-

288 2404 453 2475 nique
479 2403 550 2459 ad
571 2412 903 2474 extremum,
925 2405 1173 2461 lictitium
1204 2405 1479 2462 Bachiarii
1503 2406 1877 2477 episcopatum

286 2509 448 2554 extra
477 2515 697 2556 omnem
727 2501 934 2573 ingenii
967 2503 1141 2557 aleam
1171 2501 1411 2573 positum
1440 2501 1605 2558 fuerit
1628 2546 1643 2570 ,
1688 2503 1735 2559 si
1773 2502 1877 2559 hu-

288 2591 715 2665 jusmodijpsius
732 2595 903 2652 verba
933 2596 987 2651 in
1012 2595 1253 2653 medium
1273 2585 1618 2653 adducantur
1632 2595 1706 2670 (c)
1728 2614 1742 2651 :
1770 2595 1880 2652 Pa-

287 2697 395 2742 stor
415 2697 529 2754 est,
562 2687 735 2760 inquit
764 2705 777 2743 :
809 2707 915 2762 quo
955 2692 1236 2760 vocaverit,
1273 2708 1491 2763 sequar:
1521 2692 1659 2762 quod
1688 2691 1879 2746 dixerit

288 2782 563 2837 ruminabo
586 2802 607 2851 ;
638 2784 760 2854 quia
790 2785 915 2856 ipse,
935 2787 1062 2853 scit,
1091 2786 1189 2841 sibi
1216 2803 1313 2858 pro
1337 2785 1571 2841 custodia
1611 2803 1725 2841 mea
1760 2787 1879 2843 red-

290 2874 517 2931 dendam
547 2892 655 2931 esse
689 2877 961 2933 rationem.
997 2878 1142 2935 Ecce
1169 2878 1262 2934 tibi
1291 2886 1571 2949 pastorem
1609 2878 1663 2933 in
1696 2878 1878 2935 ovium

289 2984 461 3028 censu
490 2971 814 3044 repositum.
848 2974 992 3043 Quin
1026 2976 1193 3031 immo
1224 2984 1431 3031 tantum
1473 2974 1646 3031 abfuit
1679 2975 1771 3031 ille
1811 2975 1880 3030 ab

289 3063 525 3121 aliorum
548 3066 812 3137 regimine
840 3067 1224 3139 suscipiendo,
1256 3076 1318 3124 ut
1341 3067 1512 3125 etiam
1526 3068 1879 3123 sacerdotibus

290 3157 396 3215 sive
413 3158 712 3215 doctoribus
734 3170 893 3233 caput
908 3176 1004 3233 pro
1024 3162 1440 3233 sanctificatione
1461 3162 1778 3217 summittere
1801 3170 1882 3215 at-

289 3268 389 3325 que
420 3269 511 3307 cor
532 3270 685 3307 suum
705 3252 983 3310 humiliore
1010 3257 1358 3313 consueverit
1378 3258 1482 3331 (ά).

362 3347 415 3401 5.
450 3346 632 3405 Sacris
656 3348 857 3405 litteris
887 3352 1204 3407 excolendis
1228 3367 1449 3422 operam
1472 3352 1526 3407 in
1563 3351 1758 3423 primis
1786 3351 1881 3409 de-

291 3439 437 3496 disse
460 3440 808 3498 Bachiarium
832 3486 846 3511 ,
871 3444 1164 3501 manifesto
1185 3445 1372 3518 [liquet
1397 3462 1465 3503 ex
1500 3446 1713 3502 duobus
1745 3462 1883 3518 opu-

292 3535 461 3592 sculis
484 3550 605 3607 quae
638 3544 947 3608 temporum
983 3539 1310 3595 vicissitudo
1334 3540 1489 3597 nobis
1520 3556 1628 3597 non
1662 3540 1878 3595 invidit.

296 3631 362 3685 Et
386 3632 580 3688 horum
603 3632 826 3705 quidem
857 3635 1125 3702 alterum,
1159 3636 1320 3692 Fides
1352 3636 1706 3706 inscriptum,
1736 3634 1884 3691 desi-

293 3737 460 3784 nente
482 3730 769 3799 superiore
782 3731 983 3786 saeculo
1012 3748 1040 3786 e
1066 3731 1306 3788 tenebris
1323 3732 1559 3787 eruitvir
1573 3730 1884 3787 eruditione

294 3836 357 3877 ac
390 3820 641 3876 doctrina
680 3832 949 3893 praestans
989 3824 1300 3880 Ludovicus
1331 3824 1599 3881 Antonius
1641 3824 1881 3879 Murato-

295 3915 407 3969 rius
436 3916 504 3987 (ε)
548 3935 561 3971 :
603 3917 842 3973 alterum
886 3934 1016 3973 vero
1043 3919 1105 3971 de
1128 3920 1459 3988 reparatione
1486 3918 1620 3988 lapsi
1647 3918 1759 3987 jntn
1794 3917 1885 3971 diu

293 4023 413 4066 cum
479 4012 625 4067 inter
676 4011 1245 4083 Orthodoxographa,
1289 4022 1401 4068 tum
1460 4013 1516 4067 in
1560 4013 1724 4066 variis
1780 4011 1885 4066 Pa—

295 4115 437 4161 trum
471 4107 823 4165 Bibliothecis
856 4108 912 4163 in
952 4110 1146 4181 vulgus
1176 4107 1477 4179 prodierat.
1522 4107 1731 4163 Prioris
1774 4121 1888 4161 tne-

294 4200 453 4262 minit
496 4200 831 4271 Gennadius,
860 4206 1187 4272 utsuperius
1214 4202 1456 4258 diximus
1476 4244 1489 4267 ,
1515 4203 1605 4272 qui
1629 4213 1683 4255 et
1705 4200 1837 4255 illud
1857 4215 1887 4254 a

296 4312 356 4354 se
387 4297 586 4353 lectum
630 4306 900 4363 testatur;
945 4298 1041 4352 sed
1076 4298 1238 4352 nimis
1282 4296 1527 4368 profecto
1572 4295 1886 4349 incuriose:

298 4390 373 4444 ait
402 4390 545 4446 enim
570 4390 735 4445 fuisse
754 4389 1071 4461 hujusmodi
1103 4407 1243 4460 opus
1281 4391 1348 4445 ab
1382 4399 1609 4444 auctore
1644 4388 1890 4443 conscri-

1979 1931 2253 1987 adducere
2284 1929 2425 1984 haud
2470 1926 2711 1983 otiosum
2746 1923 2978 1980 fortasse
3006 1920 3192 1986 fuerit,
3224 1932 3389 1974 unam
3432 1917 3572 1972 alte-

1982 2042 2166 2083 ramve
2189 2021 2748 2085 animadversionem,
2778 2033 2937 2089 quam
2961 2017 3156 2073 Petrus
3173 2009 3571 2081 Wesselingius

1981 2118 2035 2174 in
2063 2119 2301 2189 priorem
2330 2115 2571 2171 auctoris
2597 2113 2769 2169 nostri
2792 2111 3037 2167 libellum
3064 2106 3301 2163 intexuit
3325 2102 3571 2174 epistola:

1982 2216 2049 2271 ad
2071 2215 2136 2269 Η.
2171 2214 2471 2269 Venemam
2502 2209 2565 2263 de
2596 2208 2796 2280 Aquila:
2821 2208 2875 2261 in
2904 2204 3112 2276 scriptis
3134 2201 3375 2256 Philonis
3395 2196 3574 2252 Judaai

1983 2308 2282 2383 fragmentis
2307 2350 2322 2373 ,
2355 2305 2516 2362 editae
2544 2302 2776 2383 Trajecti
2807 2300 2872 2355 ad
2896 2298 3141 2354 Rhenum
3183 2309 3249 2350 eo
3275 2293 3394 2363 ipso
3425 2304 3570 2345 anno

1988 2376 2126 2459 l7d8
2146 2446 2160 2472 ,
2194 2415 2301 2473 quo
2328 2399 2517 2454 Romae
2548 2376 2751 2467 prodiit
2786 2393 3038 2449 Floriana
3069 2386 3345 2445 Bachiarii
3374 2382 3568 2441 editio.

1983 2497 2223 2553 Primum
2255 2495 2439 2564 itaque
2469 2491 2551 2545 vir
2576 2488 2822 2545 eruditus
2850 2486 3029 2542 locum
3060 2482 3269 2539 excutit
3289 2479 3382 2551 (j),
3411 2492 3570 2547 quem

1983 2610 2050 2650 ex
2078 2592 2121 2649 II
2171 2588 2401 2645 Thessal.
2438 2604 2496 2651 n,
2530 2588 2583 2654 5,
2606 2584 2775 2641 refert
2806 2581 3123 2638 Bachiarius
3153 2577 3240 2632 his
3256 2574 3437 2631 verbis
3453 2572 3528 2645 (lt)
3556 2587 3571 2627 :

1987 2687 2109 2743 Nisi
2134 2685 2540 2756 ueneritjefuga
2570 2690 2619 2735 et
2649 2678 2894 2733 discessio
2923 2691 2941 2730 :
2967 2688 3143 2745 eoque
3173 2674 3407 2728 recitato
3431 2687 3450 2720 ι
3473 2668 3577 2723 Ba-

1983 2780 2242 2846 ehiarius,
2277 2776 2472 2848 inquit,
2504 2772 2651 2846 quod
2686 2768 2954 2827 orationis
2984 2769 3162 2824 series
3184 2763 3393 2836 liquido
3422 2763 3572 2833 ipsa-

1983 2891 2089 2949 que
2127 2875 2244 2945 ejus
2288 2881 2420 2928 aetas
2449 2868 2801 2929 manifestat,
2830 2866 2885 2921 in
2923 2864 3103 2935 refuga
3121 2858 3432 2930 acquievit:
3466 2855 3577 2910 dis-

1984 2972 2142 3027 cessio
2170 2969 2367 3025 alienae
2409 2976 2463 3023 et
2493 2965 2655 3021 nimis
2685 2962 2945 3018 ofﬁciosa:
2967 2959 3197 3015 debetur
3220 2952 3568 3026 diligentiae.»

1986 3065 2116 3120 Haec
2143 3063 2254 3119 ille.
2281 3060 2460 3117 Nolim
2491 3057 2747 3130 equidem
2778 3057 2927 3110 velut
2948 3052 3188 3123 iniquam
3202 3047 3434 3119 rejicere
3454 3061 3572 3100 om-

1985 3158 2117 3213 nino
2146 3152 2456 3226 hujusmodi
2479 3151 2550 3207 el.
2571 3147 2921 3219 Wesselingii
2953 3157 3240 3200 censuram
3268 3160 3282 3195 :
3314 3138 3575 3195 nonnulla

1909 3257 1954 3321 C
1984 3260 2168 3308 tamen
2210 3251 2266 3305 in
2305 3264 2423 3305 eam
2450 3256 2712 3302 antiotare
2739 3244 2919 3299 liceat.
2948 3242 3155 3296 Textus
3196 3236 3453 3293 Paulinus
3494 3235 3574 3290 sic

1983 3348 2207 3405 eﬂ'ertur
2237 3363 2251 3399 :
2290 3347 2375 3402 ἐὰν
2412 3350 2479 3417 μὴ
2507 3341 2628 3415 ἔλθῃ
2665 3344 2696 3400 ἡ
2736 3341 3067 3395 ἀποστασία;
3104 3334 3227 3389 Nisi
3255 3331 3446 3387 venerit
3471 3330 3579 3383 dis-

1984 3443 2162 3499 cessio.
2204 3440 2283 3495 Ita
2308 3453 2432 3493 eum
2473 3437 2703 3507 Vulgata
2737 3433 2908 3488 semel
2951 3431 3260 3499 iterumque
3306 3425 3574 3494 Hierony-

1985 3552 2104 3593 mus
2121 3533 2205 3606 (l),
2222 3533 2451 3588 Ruﬁnus
2468 3528 2588 3604 (m),
2604 3528 2716 3583 alii.
2738 3526 2850 3583 Sed
2868 3524 3170 3580 vetustiore
3183 3520 3432 3575 versione
3445 3508 3577 3572 uSus

1983 3633 2153 3690 fuerit
2173 3629 2512 3695 Bachiarius,
2550 3628 2603 3682 in
2627 3641 2730 3696 qua
2763 3626 2946 3695 refuga
2973 3619 3194 3690 legerit,
3228 3614 3577 3686 quemadmo-

1985 3728 2112 3785 dum
2156 3726 2288 3798 legit
2314 3740 2447 3780 sane
2476 3721 2810 3792 Augustinus
2840 3716 3088 3792 (n).Qua:
3118 3711 3336 3786 quidem
3368 3724 3495 3776 vox,
3522 3716 3581 3762 ut

1948 3827 1955 3835 ’
1986 3820 2221 3877 advertit
2239 3820 2289 3875 M
2298 3818 2438 3873 illius
2466 3816 2637 3888 (o),ex
2663 3816 3147 3882 interpretamento
3162 3818 3412 3861 manasse
3426 3801 3579 3856 vide-

1987 3925 2075 3970 tur
2098 3915 2251 3969 vocis
2280 3914 2601 3973 ἀποστασίας
2623 3950 2637 3971 ,
2671 3915 2900 3977 sumpta:
2926 3920 3025 3975 pro
3052 3904 3170 3973 ipso
3202 3898 3537 3954 Antichristo
3564 3938 3580 3964 ,

1988 4008 2262 4081 quomodo
2301 4007 2575 4076 explicant
2600 4002 2774 4058 Graeci
2802 4018 2816 4065 ;
2849 4002 2939 4071 qui
2972 4014 3037 4053 eo
3069 3997 3259 4066 utique
3287 4009 3478 4060 sensu,
3500 4009 3583 4047 re-

1990 4109 2136 4177 fuga,
2169 4103 2419 4156 desertor
2440 4100 2744 4158 ἀποστάτης
2770 4136 2784 4161 ,
2808 4094 3043 4148 dicatur.
3070 4092 3242 4157 Quam
3271 4089 3324 4144 in
3354 4094 3578 4141 senten-

1991 4198 2117 4252 tiam
2134 4193 2387 4251 Sedulius
2406 4192 2599 4247 SCOlIlS
2622 4189 2701 4261 (p)
2727 4206 2739 4241 :
2768 4186 2920 4252 Quod
2940 4195 3133 4249 autem,
3152 4181 3350 4252 inquit,
3373 4192 3577 4234 DISCES-

1991 4304 2183 4345 SIONEM
2232 4286 2316 4340 hic
2362 4285 2529 4348 dicit,
2578 4281 2707 4335 alibi
2746 4297 2863 4335 eum
2916 4292 3166 4332 REFUGM!
3214 4271 3493 4345 appellauit
3529 4273 3583 4324 in

1992 4382 2196 4437 Latinis
2226 4376 2626 4450 exemplaribus.
2668 4372 2952 4440 Utrumque
2982 4378 3157 4423 autem
3185 4370 3259 4421 ita
3286 4364 3583 4437 intelligen—

300 4492 446 4554 ptum
462 4494 628 4554 atque
645 4483 804 4540 Urbis
821 4484 1070 4555 pontiliei
1093 4482 1889 4553 exhibitum,quo-.r:mulorum
1994 4477 2114 4531 dum
2153 4482 2259 4537 est,
2291 4472 2430 4538 quod
2474 4469 2576 4523 nisi
2604 4471 2793 4521 venerit
2826 4464 3009 4533 refuga
3052 4460 3279 4513 veritatis
3308 4499 3322 4522 ,
3363 4456 3464 4510 sive
3509 4457 3589 4509 sui

299 4577 611 4631 calumnias
643 4578 956 4632 revinceret
982 4619 995 4642 ,
1027 4577 1298 4647 simulque
1329 4591 1389 4631 se
1418 4591 1524 4629 non
1570 4575 1764 4630 timore
1794 4574 1893 4629 ho-
1996 4569 2315 4641 principatus
2368 4564 2618 4629 desertor,
2660 4561 2767 4613 sive
2802 4558 3047 4611 discessio
3101 4551 3377 4624 gentilium
3406 4593 3420 4615 ,
3480 4559 3590 4603 etc.

299 4670 508 4725 minum
535 4713 548 4735 ,
579 4669 677 4725 sed
710 4670 842 4737 Dei,
869 4670 1363 4740 peregrinationem
1396 4668 1703 4737 suscepisse
1744 4667 1888 4723 indi-
1918 4660 1969 4719 Ι)
1996 4666 2122 4721 lianc
2152 4676 2314 4735 porro
2333 4676 2399 4716 ex
2420 4656 2640 4728 Pelagio
2668 4655 2924 4718 αὐτο).εξεὶ
2950 4646 3248 4716 exscripsit
3278 4642 3535 4701 Sedulius
3572 4659 3586 4695 :

298 4777 467 4821 caret.
505 4766 821 4838 Presbyteri
870 4764 1231 4820 Massiliensis
1272 4762 1573 4817 auctoritas
1615 4760 1748 4816 viris
1787 4761 1890 4815 do-

298 4864 399 4919 etis
420 4863 701 4936 imposuit,
724 4876 860 4934 quos
875 4861 1022 4917 inter
1040 4859 1121 4916 vel
1142 4859 1378 4931 ipsemet
1394 4856 1778 4913 Tillemontius
1799 4858 1887 4928 (f):

372 5027 450 5097 (a)
480 5025 647 5082 Bach.
676 5023 797 5097 Fid.
834 5023 861 5094 §
892 5025 944 5078 1.

372 5086 448 5172 (tr)
489 5098 637 5154 Flor.
674 5086 904 5151 Dissert.
938 5095 1001 5160 1,
1031 5092 1101 5149 ad
1130 5089 1380 5149 Bachiar.
1408 5130 1424 5157 ,
1459 5086 1488 5159 §
1520 5087 1575 5153 7,
1604 5100 1757 5156 pagg.
1803 5098 1892 5139 un

305 5189 461 5324 “id
490 5241 740 5324 Baebi-ar:
766 5239 804 5294 l.
833 5254 882 5295 c.
911 5238 1014 5311 §7.

388 5312 456 5374 Vd)
518 5315 596 5370 ld.
622 5312 756 5367 ibid.

373 5315 447 5460 le)
488 5388 681 5443 Murat.
698 5384 756 5440 AI

398 5370 452 5461 ε),
488 5382 961 5443 Murat.Anecdot.
994 5392 1125 5437 tom.
1155 5379 1223 5445 ll,
1273 5392 1425 5449 pagg.
1456 5378 1659 5446 bseqq.
1678 5370 1896 5429 Mediol.

310 5462 472 5517 1698.

377 5514 694 5604 (οίτίιιθηι.
728 5530 897 5604 litem.
917 5526 1219 5604 eccl.-t_om.
1249 5537 1341 5604 xv_t
1361 5563 1377 5588 ,
1410 5534 1532 5604 pag.
1554 5515 1682 5583 475,
1705 5526 1815 5572 not.
1848 5514 1902 5604 9.

509 5604 657 5659 Flor.
683 5601 751 5657 ad
774 5599 1026 5656 Baehiar.
1050 5597 1275 5653 Dissert.
1311 5596 1363 5661 1,
1398 5590 1446 5663 ᾗ
1488 5593 1545 5657 b’,
1578 5606 1730 5661 pagg.
1766 5603 1907 5644 xnvn

308 5692 696 5832 “anon;
712 5744 906 5832 lllellic.
935 5743 1003 5799 de
1034 5742 1294 5832 Scriptor.
1322 5735 1465 5832 'eccl.
1496 5736 1726 5832 9:31.055.

405 5760 461 5819 It)
500 5760 678 5804 Anon.
712 5760 906 5799 tuente.
935 5760 1003 5799 ae
1034 5760 1294 5811 bCl‘lplOl’.
1330 5760 1465 5793 CCCI.
1496 5760 1616 5807 cap.
1639 5760 1667 5791 ο

381 5760 445 5965 3i)
474 5820 627 5875 Flor.
656 5815 902 5898 Baebiar.
929 5830 1116 5900 opusc.
1149 5812 1284 5869 edit.
1321 5811 1481 5866 Rom.
1504 5809 1667 5867 1748.

402 5892 455 5963 1)
490 5890 704 5948 Wessel
727 5900 886 5960 epist.
919 5897 1009 5945 Cll.
1047 5886 1157 5957 §7,
1188 5899 1313 5956 pag.
1345 5882 1433 5938 ‘29.

402 5882 455 5963 ί)
490 5890 704 5948 Wessel
727 5890 886 5960 epist.
919 5882 1009 5945 cit.
1047 5886 1076 5957 §
1102 5888 1157 5951 7,
1188 5899 1313 5956 pag.
1345 5882 1433 5938 ‘29.

2000 4776 2121 4833 qua:
2166 4769 2344 4813 tamen
2396 4755 2579 4809 minus
2625 4748 2913 4808 emendata
2959 4756 3015 4801 et
3059 4743 3199 4798 male
3248 4741 3590 4810 interpuncta

1997 4861 2290 4911 occurrunt
2325 4853 2378 4906 in
2410 4846 2739 4905 editionibus
2771 4838 3204 4912 Hieronymianis
3232 4846 3342 4891 tum
3373 4833 3593 4890 Martia—

2071 5009 2147 5081 (h)
2187 5002 2579 5081 Bachiar_1_lf‘i_t_l.

2070 5063 2377 5153 (l)'lliero_n.
2409 5073 2666 5153 βίυιίοιιιζ
2698 5070 2864 5153 divin.
2891 5083 3018 5153 opp:
3056 5064 3252 5153 ιοφλξ,
3284 5080 3405 5133 pag.
3433 5063 3593 5153 16η,

2002 5138 2137 5210 (εᾶῖῑῖ
2171 5152 2279 5205 BB.
2308 5147 2480 5203 Paris.
2515 5176 2585 5185 —
2613 5144 2691 5198 Id.
2726 5143 2889 5211 epist.
2917 5138 3143 5211 HLAad
3168 5138 3593 5211 Algas.,quaest.

2005 5206 2095 5290 il,
2130 5238 2258 5293 opp.
2294 5219 2483 5293 tom._l
2506 5264 2519 5287 ,
2559 5231 2677 5286 pag.
2710 5206 2835 5293 879,
2861 5209 3256 5293 edit._Vallars.
3287 5206 3489 5293 ξεῖνοι).

2074 5276 2389 5368 (infimiin.
2428 5276 2733 5345 Co'm'mEnt.
2776 5287 2830 5341 in
2861 5284 3047 5356 Symb.
3104 5296 3254 5334 num.
3286 5278 3378 5341 54,
3415 5292 3467 5345 p.
3505 5276 3573 5331 9'7

2004 5363 2131 5425 nov.
2150 5363 2296 5421 'edit.
2330 5363 2528 5423 Veron.

2080 5439 2161 5512 (η)
2183 5437 2320 5502 Aug.
2345 5437 2411 5512 de
2436 5434 2602 5512 ,Civit.
2632 5429 2975 5512 Deinlibex,
3004 5440 3123 5495 cap.
3158 5423 3223 5478 19
3244 5462 3259 5488 ,
3301 5435 3432 5491 opp.
3468 5430 3600 5475 tom.

2007 5500 2100 5568 vn
2126 5500 2154 5578 ,'
2190 5500 2311 5580 pag.
2346 5509 2469 5570 596,
2502 5507 2635 5580 edit.
2675 5500 2996 5580 Bp.__t>a_r;s.

2084 5563 2319 5655 (5)5151.
2350 5563 2513 5655 NCT.
2536 5576 2629 5633 Gr.
2663 5575 2751 5630 ad.
2786 5572 2831 5628 ιι
2874 5570 3057 5626 Thess.
3091 5583 3163 5633 ιι,
3196 5567 3263 5631 5,
3297 5573 3350 5620 et
3387 5565 3439 5617 in
3468 5563 3603 5618 Pro-

2010 5654 2212 5727 leg’om.
2238 5670 2387 5727 num.
2418 5654 2545 5727 846A.

2085 5706 2383 5799 ἱξῆἐέάιῖί.
2414 5706 2645 5799 collect.
2706 5721 2759 5773 in
2789 5714 3043 5799 irritas.
3079 5728 3149 5781 ιι,
3179 5713 3235 5778 5,
3264 5710 3318 5767 in
3348 5706 3606 5766 Biblioth.

2014 5787 2191 5856 Paris.
2224 5797 2385 5857 1644.
2412 5807 2542 5856 tom.
2566 5796 2609 5864 1,
2638 5807 2761 5866 pag.
2794 5787 2951 5844 1011.
