4060 6344
486 271 625 330 1019

1754 263 2107 329 BAGIllARIl
2142 268 2290 328 “ON
2298 268 2454 329 ACHI

3629 274 3762 331 l0i0
3804 262 3807 263 ⁷

481 388 672 460 n.oi(n)
715 395 824 442 tum
843 386 1091 444 Vallarsii
1113 386 1214 461 (b),
1249 401 1348 444 nec
1371 401 1479 441 non
1511 385 1650 457 apud
1673 385 1945 441 Clericum
1974 387 2067 457 qui

2185 385 2228 443 ii
2254 387 2490 445 λαϐοῦσα
2514 389 2546 448 ri
2574 387 2802 466 ἁμαρτία
2828 385 2916 444 διὰ
2940 395 3032 449 τῆς
3058 389 3280 456 ivi-aliis,
3319 390 3690 467 κατειργάσατο
3717 392 3764 446 ἐν

479 479 725 550 ejusdem
739 479 942 551 Pelagii
961 481 1384 535 commentarios
1400 494 1463 535 ex
1483 479 1842 535 Frobenianis
1858 477 2069 535 Erasmi

480 571 810 627 editionibus
843 573 894 627 in
935 587 1033 627 sua
1074 573 1389 643 Appendice
1429 573 1826 643 Augustiniana
1865 573 2066 630 iterum

481 667 752 735 evulgavit
780 667 876 739 (c).
922 667 996 721 Ex
1022 666 1181 721 dictis
1213 668 1394 737 itaque
1429 668 1482 722 in
1509 676 1788 724 vetustum
1820 668 2070 724 Latinum

483 761 732 816 codicem
759 761 1014 817 inciderit
1042 762 1383 830 Bachiarius,
1418 763 1507 817 ubi
1538 771 1767 832 utraque
1793 763 2033 820 lectione
2057 806 2071 828 ,

485 858 670 929 refuga
692 865 739 910 et
770 857 1014 910 discessio
1035 857 1266 926 junctim
1288 857 1508 913 inventa
1530 899 1545 924 ,
1579 867 1874 929 utrumque
1910 859 2072 914 simul

488 957 546 1004 et
576 950 693 1020 ipse
715 949 976 1019 attigerit.

558 1045 612 1099 5.
661 1043 906 1098 Alterum
952 1052 1219 1114 praeterea
1268 1043 1448 1100 locum
1506 1047 1558 1101 ln
1616 1054 1840 1103 auctore
1892 1057 2078 1103 nostro

484 1137 802 1208 perStrinxit
834 1137 1252 1208 Wesselingius,
1297 1139 1485 1210 aitque
1504 1139 1586 1211 (ά)
1613 1155 1675 1196 se
1699 1141 1910 1197 nescire
1932 1140 2079 1198 unde

487 1231 535 1285 is
558 1229 833 1298 acceperit
853 1228 1123 1298 ejusmodi
1143 1230 1431 1299 verba(e):
1462 1229 1567 1288 Per
1588 1231 1779 1286 bonum
1809 1243 2080 1301 operatum

487 1332 562 1376 est
591 1323 718 1377 mihi
740 1338 942 1376 omnem
974 1323 1466 1394 concupiscentiam.
1499 1343 1517 1376 t
1541 1324 1812 1379 Redolent
1837 1326 1931 1380 illa
1956 1326 2079 1396 qui-

491 1415 638 1483 dem,
681 1414 882 1481 subdit,
934 1415 1226 1469 Paulinum
1274 1415 1478 1485 aliquid
1527 1432 1591 1470 ex
1643 1416 1816 1486 Epist.
1865 1418 1931 1472 ad
1972 1420 2078 1472 Ro-

487 1521 630 1559 man.
659 1521 734 1559 vn
755 1546 771 1573 ,
803 1506 869 1571 8,
900 1505 997 1560 sed
1031 1505 1216 1560 minus
1241 1505 1540 1560 sincerum.
1578 1506 1762 1562 Graeca
1789 1549 1803 1574 ,
1848 1518 1907 1563 ut
1932 1523 1997 1566 ea
2027 1511 2082 1565 in

493 1598 735 1669 Epistula
763 1612 908 1654 nunc
938 1599 1212 1668 leguntur,
1244 1601 1380 1655 nihil
1417 1600 1709 1658 admodum
1737 1604 1955 1670 iuvant,
1991 1619 2085 1661 ne-

487 1710 595 1766 que
635 1694 1042 1766 suapieionibus
1066 1708 1121 1751 et
1149 1697 1480 1770 conjecturis
1500 1697 1652 1754 abuti
1693 1699 1905 1754 libitum
1939 1708 2077 1758 est»

2173 483 2286 554 ἐμοὶ
2321 486 2498 538 πᾶσαν
2524 483 2809 554 ἐπιθυμίαν.
2839 480 2972 548 Quae
2999 481 3076 537 sic
3107 481 3288 536 reddit
3323 482 3573 554 vulgatus
3601 484 3764 538 inter-

2175 588 2302 646 pres
2330 591 2343 626 ε
2376 573 2660 630 Occasione
2688 585 2865 629 autem
2893 583 3124 646 accepta,
3150 584 3414 647 peccatum
3441 591 3535 646 per
3560 575 3771 630 manda-

2175 681 2284 724 tum
2315 679 2586 741 operatum
2615 679 2688 724 est
2716 671 2771 724 in
2800 685 2885 726 me
2915 685 3112 725 omnem
3147 671 3639 742 concupiscentiam.
3669 669 3771 726 Ve-

2175 779 2297 819 rum
2344 763 2487 820 haud
2532 765 2696 820 nimis
2727 764 3119 833 laborandum,
3164 779 3272 837 quo
3302 765 3500 820 inustas
3525 779 3770 821 censura

2177 857 2510 914 subducatur
2555 858 2899 914 Bachiarlus.
2964 857 3200 914 Noverat
3255 858 3384 924 ille,
3440 859 3606 930 paulo
3655 871 3777 928 post

2179 951 2384 1006 dixisse
2414 950 2733 1019 Apostolum
2779 965 2928 1007 vers.
2965 951 3151 1007 θη...
3182 954 3212 1011 ἡ
3241 951 3532 1012 iurem..."
3577 953 3730 1026 ἀγαθή
3754 992 3772 1020 ,

2183 1045 2590 1100 Mandatum...
2653 1045 2863 1100 bonum.
2913 1044 2996 1100 Ad
3050 1045 3154 1101 hoc
3212 1045 3394 1116 itaque
3452 1059 3665 1099 comma
3710 1043 3776 1100 19.

2180 1142 2369 1197 oculos
2405 1140 2707 1196 intenderit
2750 1141 2993 1210 scriptor
3040 1149 3256 1206 noster,
3305 1139 3435 1194 dum
3483 1138 3780 1210 superioris

2180 1235 2465 1290 commatis
2492 1233 2556 1303 8,
2587 1233 2670 1290 διὰ
2688 1242 2780 1296 τῆς
2804 1232 3036 1302 ἐντολῆς,
3063 1249 3154 1307 per
3177 1233 3483 1288 mandatum
3505 1275 3520 1300 ,
3551 1231 3780 1289 reddidit

2185 1345 2276 1398 per
2307 1328 2492 1382 bonum
2517 1371 2530 1395 ,
2565 1327 2946 1384 subaudiendo
2967 1329 3315 1393 mandatum;
3354 1326 3609 1398 Apostoli
3639 1326 3779 1382 scili—

2183 1429 2275 1476 cet
2304 1428 2539 1476 mentem
2581 1423 2763 1492 potius
2785 1463 2798 1487 ,
2831 1435 2996 1492 quam
3024 1419 3262 1477 litteram
3297 1427 3627 1477 assectatus.
3659 1418 3779 1476 Haec

2185 1513 2509 1580 habuimus,
2538 1514 2734 1586 quibus
2761 1521 3058 1586 uterumque
3091 1513 3433 1581 adstruatur,
3481 1521 3646 1585 prout
3685 1527 3780 1568 ex-

2187 1616 2316 1674 stat,
2343 1608 2608 1664 Baehiarii
2639 1614 2947 1664 contextus.
2982 1607 3204 1664 Meliora
3233 1607 3443 1664 dabunt
3469 1607 3578 1662 viri
3609 1605 3778 1674 docti,

2188 1715 2420 1770 quorum
2473 1700 2670 1756 acriori
2717 1699 2928 1771 judicio
2980 1699 3292 1757 istiusmodi
3350 1697 3778 1771 conjectationes

485 1785 562 1840 Ita
594 1801 650 1840 v.
680 1803 730 1840 e.
773 1785 916 1841 Nihil
951 1802 1083 1842 sane
1104 1786 1320 1843 dubites
1345 1830 1360 1855 ,
1400 1789 1530 1859 quin
1569 1790 1634 1846 ad
1673 1791 1808 1846 illud
1849 1791 2070 1849 Roman.
2105 1809 2152 1869 η
2180 1793 2522 1865 subiicimus.

483 1895 578 1950 vn,
603 1880 659 1946 8,
685 1882 997 1952 respexerit
1032 1882 1377 1938 Baehiarius.
1423 1885 1614 1941 Greca
1642 1893 1770 1941 sum
1798 1904 1811 1940 :
1845 1886 2089 1966 ’Δφορμήν

490 1998 634 2128 mg)
665 2000 913 2056 Martian.
941 2000 1159 2056 llieron.
1190 2017 1314 2074 opp.
1337 2011 1467 2060 tom.
1489 2003 1558 2071 γ,
1581 2021 1704 2077 pag.
1739 2006 1898 2077 1085,
1925 2017 2069 2080 post.

552 2145 630 2215 (ὸ)
657 2143 890 2202 Vallars.
919 2145 1142 2202 Hieron.
1173 2162 1265 2217 op.
1291 2156 1429 2206 tom.
1462 2147 1551 2216 XI.
1583 2164 1704 2220 pag.
1740 2150 1900 2208 1040.

2255 2009 2501 2135 plagast.
2527 2011 2774 2084 Append.
2805 2011 2943 2085 Aug.
2971 2026 3094 2086 pag.
3151 2008 3280 2067 440.

2441 2084 2605 2135 essel.
2635 2085 2674 2135 l.
2699 2101 2748 2135 c.

2257 2081 2340 2153 (ά)
2367 2081 2674 2139 Ἦεεεθῐξι.
2699 2101 2748 2139 e.

2255 2156 2331 2227 (ε)
2372 2155 2624 2212 Baebiar.
2656 2157 2781 2220 Fid.
2812 2157 2841 2228 ς
2871 2157 2927 2212 5.

1023 2379 1103 2444 ro
1284 2303 2079 2504 ᾝΑΟΗΙΑ

2194 2313 2316 2444 lI
2407 2317 2962 2446 FIDES.

556 2559 608 2614 1.
644 2559 812 2615 Omne
859 2562 999 2633 quod
1031 2563 1166 2632 fuit,
1199 2564 1366 2634 ipsum
1412 2567 1548 2636 quod
1603 2568 1732 2632 erit;
1762 2577 1808 2622 et
1853 2586 1954 2624 non
2002 2573 2149 2636 estC
2181 2572 2460 2641 cujusdam
2491 2573 2717 2630 haeresis
2758 2573 2972 2630 macula
3019 2573 3192 2629 solum
3229 2583 3486 2629 nostrum
3519 2571 3774 2643 originale

488 2670 637 2708 omne
663 2669 844 2708 recens
871 2655 963 2709 sub
985 2656 1091 2710 sole
1119 2655 1319 2727 (Eccle.
1353 2674 1396 2727 1,
1420 2660 1472 2725 9,
1495 2662 1654 2732 juxta
1675 2658 1868 2733 LXX).
1893 2662 1958 2718 Et
1987 2665 2086 2720 ite-

485 2769 604 2809 rum
638 2753 941 2825 Apostolus
969 2774 979 2810 :
1018 2755 1207 2811 Omnia
1227 2757 1336 2814 Itwc
1382 2761 1435 2814 in
1463 2759 1687 2834 ﬁguram
1721 2765 1886 2819 nostri
1913 2767 2083 2820 conti-

487 2857 673 2921 gerunt
721 2845 762 2920 (1
797 2844 920 2903 Cor.
952 2865 980 2903 κ
1004 2893 1018 2915 ,
1046 2848 1141 2922 6):
1175 2852 1317 2922 quod
1355 2853 1645 2922 praesentis
1690 2856 1770 2910 rei
1822 2857 2086 2927 probatur

487 2941 717 3005 effectu;
752 2956 875 2996 cum
907 2952 1056 3014 gesta
1077 2942 1206 2999 olim
1237 2945 1540 3017 evangelici
1571 2958 1913 3006 sacramenta
1940 2964 2086 3022 mys-

486 3036 633 3101 terii,
656 3038 855 3091 iterum
879 3037 1054 3090 a-tatis
1085 3047 1289 3093 nostra:
1311 3040 1651 3112 temporibus
1681 3040 2083 3099 renovatabce—

486 3127 791 3185 lebrentur.
823 3127 963 3187 Ecce
987 3147 1153 3199 nunc,
1194 3143 1460 3205 quantum
1493 3135 1870 3208 intelligimus.
1927 3135 2084 3194 Chri-

488 3237 604 3282 stus
633 3241 661 3282 a
697 3228 1046 3284 Samaritana
1087 3245 1284 3300 aquam
1315 3231 1591 3302 postulat,
1622 3247 1751 3288 cum
1800 3232 2084 3290 beatitudo

493 3329 580 3374 tua
604 3319 770 3376 ﬁdem
803 3336 830 3373 a
863 3320 1019 3376 nobis
1047 3320 1292 3391 requirit.
1329 3323 1626 3394 Suspectos
1657 3339 1757 3380 nos
1779 3367 1793 3391 ,
1819 3335 2082 3398 quantum

491 3414 652 3470 video
681 3461 693 3482 ,
732 3412 899 3480 facit,
932 3429 1040 3469 non
1073 3429 1287 3482 sermo,
1323 3414 1417 3470 sed
1461 3416 1644 3487 regio;
1676 3425 1731 3472 et
1759 3418 1851 3488 qui
1881 3418 1948 3474 de
1978 3417 2084 3476 ﬁde

493 3524 598 3563 non
643 3507 1045 3576 erubescimus,
1081 3508 1148 3564 de
1179 3509 1457 3578 provincia
1495 3520 1516 3548 ο
1543 3509 1949 3567 confundimur.
1977 3512 2083 3570 Sed

489 3603 661 3670 absit,
689 3602 1005 3658 beatissime
1030 3644 1046 3670 ,
1071 3613 1130 3658 ut
1155 3605 1295 3672 apud
1326 3606 1472 3661 viros
1499 3615 1716 3663 sanctos
1745 3610 1952 3663 macula
1986 3623 2085 3664 nos

493 3703 729 3750 terrena:
765 3695 1062 3751 nativitatis
1093 3697 1319 3752 inliciat.
1352 3698 1461 3753 Nos
1494 3699 1721 3770 patriam
1769 3702 1864 3757 etsi
1900 3719 2082 3758 secun-

497 3788 619 3842 dum
643 3803 854 3842 carnem
894 3789 1126 3844 novimus
1153 3832 1166 3857 ,
1191 3791 1281 3844 sed
1311 3807 1447 3846 nunc
1476 3793 1582 3857 iam
1612 3808 1713 3846 non
1738 3795 1970 3850 novimus
1999 3796 2018 3867 (
2041 3793 2084 3850 ll

495 3878 620 3932 Cor.
652 3893 684 3933 v
705 3925 719 3948 ,
759 3878 850 3952 16)
874 3923 887 3946 ,
921 3890 974 3937 et
1007 3883 1060 3914 ⁶¹
1090 3882 1465 3940 desiderantes
1495 3885 1729 3940 Abrahae
1781 3886 1874 3942 ﬁlii
1925 3887 2040 3944 ﬁeri
2068 3931 2082 3956 ,

2190 2666 2572 2733 perstrinxerit
2597 2685 2606 2719 :
2639 2665 2715 2721 sic
2744 2667 3131 2738 praesidentium
3163 2664 3530 2736 quorumdam
3559 2675 3772 2718 senten-

2190 2758 2262 2810 tia
2313 2757 2620 2827 jadicamur
2645 2800 2661 2826 ,
2719 2759 2874 2829 quasi
2905 2757 3066 2813 liberi
3099 2772 3222 2814 esse
3267 2755 3336 2812 ab
3382 2755 3592 2811 erroris
3620 2754 3773 2814 decc-

2189 2853 2377 2921 ptione
2408 2865 2766 2922 nequeamus.
2803 2851 3011 2906 Dictum
3031 2861 3110 2904 est
3128 2847 3383 2904 similiter
3409 2847 3684 2919 quondam
3713 2846 3775 2904 ab

2188 2942 2484 3000 incredulis
2510 2963 2521 2996 :
2550 2945 2590 2998 Α
2615 2944 2876 2998 Nazareth
2907 2953 3069 3016 potest
3098 2944 3300 3014 aliquid
3321 2943 3438 2997 boni
3465 2959 3578 2997 esse
3601 2941 3768 3010 (Joan.

2188 3051 2227 3102 l,
2260 3034 2390 3108 46)?
2422 3045 2477 3090 et
2506 3032 2828 3092 tameninde
2851 3035 3102 3092 Christus
3134 3035 3423 3108 processit.
3449 3033 3768 3105 ‘Numquid,

2189 3146 2341 3203 rogo,
2365 3131 2751 3202 Apostolorum
2777 3129 2968 3186 merita
2993 3131 3152 3185 unius
3176 3129 3412 3200 perﬁdia
3434 3127 3768 3200 avaritiaque

2190 3226 2436 3296 mutavit,
2465 3229 2580 3298 qui,
2606 3240 2716 3281 non
2745 3225 2923 3282 dicam
2946 3225 3014 3281 de
3041 3225 3237 3281 eadem
3279 3224 3531 3296 regione,
3565 3223 3662 3279 sed
3691 3236 3773 3278 eo-

2189 3337 2308 3376 rum
2332 3321 2602 3392 processit
2633 3337 2663 3375 e
2695 3319 2911 3376 latere?
2941 3318 3213 3390 Numquid
3243 3319 3679 3389 patriarcharum
3707 3316 3777 3372 vi-

2190 3427 2297 3471 tam
2344 3414 2574 3471 fratrum
2627 3415 2788 3484 culpa
2820 3411 2846 3452 ά
2883 3414 3154 3486 turpavit?
3183 3412 3458 3484 Numquid
3496 3411 3777 3483 propheta-

2188 3527 2306 3566 rum
2335 3511 2556 3566 oracula
2579 3553 2594 3576 ,
2629 3508 3228 3581 pseudopmphetarum
3260 3516 3579 3561 commenta
3621 3504 3773 3559 falsa-

2186 3604 2346 3659 runt?
2375 3602 2516 3658 Core
2562 3603 2654 3658 illo
2702 3601 2946 3658 Levitico
2975 3603 3073 3656 ein
3130 3601 3385 3656 haeresim
3426 3591 3774 3666 declinante,

2188 3696 2451 3768 numquid
2482 3694 2690 3766 reliqua
2717 3695 2972 3767 cognatio
3000 3711 3063 3751 ex
3087 3694 3190 3751 hac
3214 3695 3388 3764 stirpe
3418 3690 3775 3758 descendens,

2189 3793 2453 3849 maculam
2503 3809 2569 3849 ex
2612 3791 3026 3863 propinquitate
3068 3788 3378 3844 contraxit?
3409 3786 3698 3842 Pontiﬁcis
3723 3783 3778 3840 ll-

2189 3885 2276 3940 liis
2304 3886 2487 3956 ignem
2518 3882 2874 3940 offerentibus
2906 3882 3168 3944 alienum,
3198 3879 3451 3952 germani
3482 3893 3674 3935 eorum
3700 3890 3778 3932 sa-

498 3981 696 4027 terram
745 3982 987 4028 nostram
1035 3978 1523 4048 cognationemque
1569 3979 1887 4048 reliquimus
1927 3979 2080 4053 (Gen.
2109 3982 2166 4043 D
2191 3979 2448 4036 cerdotali
2485 3980 2782 4050 funguntur
2829 3975 3014 4031 ofﬁcio
3040 4019 3055 4043 ,
3089 3974 3482 4043 etinculpatos
3531 3988 3592 4028 se
3622 3988 3651 4026 a
3682 3969 3777 4026 erl-

497 4083 568 4121 xu
595 4110 608 4134 ,
647 4066 722 4138 1).
760 4066 871 4122 Ηοο
903 4077 1085 4123 autem
1120 4069 1242 4124 ideo
1270 4070 1532 4138 dicimus,
1566 4071 1693 4142 quia
1725 4072 1865 4127 sicut
1891 4073 2082 4128 Sunia.

495 4162 684 4217 ritanis
710 4208 723 4231 ,
756 4163 836 4216 sic
882 4163 1042 4217 nobis
1071 4177 1174 4218 non
1231 4164 1473 4219 creditur
1499 4178 1530 4217 a
1557 4163 1762 4219 ludatis
1789 4207 1803 4232 ,
1833 4181 1899 4221 eo
1935 4164 2081 4236 quod

565 4285 579 4314 ί
605 4283 918 4340 Gennadius
950 4283 1018 4340 de
1047 4285 1242 4354 Script.
1301 4285 1510 4341 Eecles.
1562 4285 1675 4354 lucc
1707 4284 1774 4339 de
1803 4283 2074 4339 Bachiarii

489 4355 749 4423 Apologia
782 4355 950 4410 refert
977 4374 991 4410 ε
1034 4353 1303 4428 Satisfecit
1338 4355 1573 4428 pontiﬁci
1611 4353 1767 4411 Urbis
1798 4358 2075 4411 adversum

493 4427 737 4489 querulos
773 4438 822 4480 et
848 4427 1187 4499 infamatores
1212 4427 1640 4499 peregrinationis
1679 4444 1806 4492 suat,
1840 4429 2078 4482 indicans

489 4515 670 4554 senon
722 4497 911 4554 timore
953 4497 1254 4563 hominum,
1307 4500 1396 4572 sed
1451 4497 1547 4554 Dei
1573 4516 1731 4560 causa
1777 4501 2076 4572 peregrina-

491 4571 680 4652 tionem
713 4573 1017 4636 suscepisse,
1060 4583 1114 4652 ut
1139 4574 1314 4652 exiens
1353 4570 1417 4652 de
1453 4577 1590 4623 terra
1632 4588 1755 4652 sua.
1783 4583 1830 4624 et
1873 4570 2079 4652 [cogna-

495 4644 630 4695 tione
669 4658 760 4694 sua
792 4645 1016 4696 cohwres
1055 4643 1195 4712 ﬁeret
1245 4642 1468 4695 Abt-aha:
1505 4641 1836 4712 patriarcltw.
1869 4641 2079 4708 Quibus

495 4713 787 4780 postremis
832 4715 1014 4767 verbis
1066 4713 1130 4766 ad
1174 4715 1274 4766 hoc
1311 4713 1413 4765 loci
1458 4716 1698 4780 respexit
1737 4713 2073 4768 Gennadius.

491 4785 829 4852 Quamquam
853 4785 1028 4839 fateor
1054 4784 1277 4838 difﬁcile
1309 4784 1435 4837 hinc
1459 4799 1617 4850 posse
1645 4787 1897 4854 Cognosci
1921 4800 2075 4854 pere-

492 4855 853 4923 griuationem
887 4856 1048 4908 ullam
1080 4870 1109 4907 a
1137 4855 1426 4908 Baehiario
1454 4865 1762 4920 susceptam
1797 4857 1981 4911 luisse.

560 4929 578 4956 ³
611 4929 866 4994 Appositc
894 4927 944 4978 in
992 4929 1127 4980 hanc
1159 4942 1274 4979 rem
1307 4927 1365 4980 S.
1410 4924 1714 4996 Cyprianus
1751 4929 1944 4982 scribit
1974 4928 2072 4996 lib.

489 4997 562 5076 de
590 4997 805 5076 Unita-te
825 4997 1102 5076 .Ecclesize
1136 5015 1148 5048 :
1179 4996 1253 5076 Ut
1277 4995 1472 5076 Judmn
1502 4999 1640 5076 inter.
1662 4997 1933 5076 Apostolus
1966 4995 2076 5076 Do-

493 5070 660 5122 minus
705 5066 877 5139 elegit,
917 5077 961 5121 et
1005 5077 1173 5122 tmnen
1215 5067 1490 5125 Dominum
1532 5066 1718 5125 Judas'
1745 5071 2074 5139 postumium

487 5140 734 5210 prodidit.
773 5140 896 5194 Non
923 5151 1090 5194 tamen
1114 5142 1309 5195 idcirco
1338 5142 1704 5212 Apostolorum
1735 5143 1886 5212 ﬁdes,
1916 5155 1960 5196 et
1987 5142 2076 5210 lir-

492 5225 638 5266 nntas
674 5213 878 5279 cecidit,
911 5215 1032 5285 quia
1060 5213 1293 5284 proditor
1319 5209 1487 5268 ludas
1527 5215 1589 5268 ab
1624 5209 1797 5269 eorum
1836 5214 2080 5270 societate

569 5360 593 5385 ιλ
632 5348 816 5404 Codex
857 5349 1254 5404 Ambrosianus
1296 5349 1364 5403 ita
1426 5347 1780 5404 inscribitur:
1812 5347 2082 5406 Bachiarii

498 5423 676 5492 incipit
709 5421 888 5476 Fides.
930 5421 1246 5476 Gennadius
1286 5434 1426 5492 vero
1450 5420 1592 5476 idem
1635 5425 1961 5492 opusculum
2003 5423 2082 5478 ιε,

498 5491 642 5568 gisse
670 5494 882 5548 videtur
910 5493 1013 5548 hoc
1046 5494 1206 5548 titulo
1235 5491 1553 5562 insignitum
1577 5511 1589 5545 :
1622 5491 1778 5547 Liber
1799 5493 1861 5547 de
1890 5493 2042 5547 Fide.

568 5564 594 5603 ι)
637 5564 712 5620 lla
753 5563 942 5620 Anthr.
976 5565 1045 5619 At
1074 5564 1356 5620 iluratorii
1389 5563 1554 5618 editio
1591 5565 1788 5620 habet.
1827 5566 2086 5620 celebratio

499 5647 600 5746 mre.
642 5706 947 5764 Editionem
1000 5707 1216 5764 Mediol.
1256 5707 1570 5777 sequimur,
1618 5707 1745 5766 licet
1799 5710 1855 5768 in
1899 5709 2088 5766 codice

2195 4074 2340 4128 mine
2375 4072 2600 4128 fratrum
2635 4069 2932 4126 ministerii
2973 4069 3054 4122 sui
3087 4067 3292 4122 honore
3319 4073 3620 4121 testantur.
3647 4061 3775 4118 ’Νῖ-

2187 4163 2342 4220 eolao
2409 4164 2643 4219 diacono
2696 4162 2749 4216 in
2807 4160 3062 4215 haeresim
3129 4156 3487 4223 declinante,
3548 4154 3775 4226 gloriosa

2181 4283 2384 4350 defecit,
2431 4281 2664 4352 Sanctus
2710 4278 3075 4352 Hieronymus
3106 4289 3325 4352 quoque
3349 4271 3528 4352 _epi_st._
3571 4270 3645 4324 ‘22
3670 4315 3683 4337 ,
3714 4268 3772 4352 ad

2182 4341 2443 4409 Eustocb.
2480 4369 2494 4406 :
2535 4351 2722 4422 Neque,
2742 4351 2838 4416 ait,
2883 4341 3577 4422 undecimprostoiidudte
3618 4341 3774 4422 prodi-

2183 4429 2321 4480 tione
2341 4435 2457 4496 sunt
2488 4414 2661 4496 fracti.
2691 4414 2967 4496 Etcuntra
2992 4414 3343 4496 Yigilarit.itixn
3373 4434 3386 4468 :
3415 4414 3771 4482 Apostolorum

2183 4497 2363 4557 δίη-ἰείη
2388 4494 2423 4548 .1
2429 4491 2544 4549 udw
2589 4493 2814 4564 proditio
2839 4510 2941 4546 non
2971 4491 3245 4564 destruxit.

2257 4567 2276 4598 ³
2323 4567 2419 4622 Hie
2449 4567 2544 4622 ille
2573 4559 2657 4621 est
2684 4564 2960 4625 Nieolaus,
3010 4561 3099 4632 qui
3135 4559 3526 4626 Apostolorum
3577 4571 3770 4626 tempo—

2187 4641 2335 4694 ribus
2377 4640 2429 4693 in
2477 4637 2840 4692 Diaconorum
2893 4631 3114 4690 censum
3153 4643 3441 4702 cooptatus
3488 4631 3768 4686 Nicolaita-

2185 4728 2306 4766 rum
2340 4711 2532 4765 ineresi
2567 4708 2833 4779 originem
2879 4706 3058 4779 dedit,
3087 4703 3592 4779 cujusqne‘rneulin
3622 4703 3768 4779 estin

2186 4783 2307 4838 Act.
2335 4787 2524 4852 Apost.
2549 4774 2762 4852 cap:vt,
2786 4793 2935 4852 nunt.
2961 4781 3016 4852 β.
3040 4776 3462 4852 S_.lr_ena:u_s_lib._
3487 4792 3523 4852 r,
3545 4789 3669 4844 rap.
3691 4774 3770 4843 ‘27,

2185 4844 2400 4908 advers:
2422 4844 2689 4908 Haeresés.
2724 4851 2838 4905 haec
2870 4851 2935 4904 de
2959 4849 3047 4903 illo
3077 4848 3268 4911 habet;
3306 4844 3588 4900 Nicolaitte
3616 4855 3771 4898 autem

2187 4928 2489 4994 magistrum
2515 4925 2721 4993 quidem
2750 4921 2936 4976 habent
2980 4920 3257 4994 imbrum
3285 4935 3446 4994 unum
3477 4935 3543 4994 ex
3569 4928 3769 4994 septem,

2184 4988 2455 5082 qui'primi
2477 4988 2544 5048 ad
2566 4995 2857 5082 diaconiu‘nt
2886 4994 2948 5045 ab
2978 4990 3234 5082 Apostolis
3263 4989 3492 5082 ordinati
3517 4988 3660 5082 sulnlt,
3693 4988 3772 5057 qui

2185 5061 2460 5122 indiscrete
2515 5069 2707 5119 vivunt.
2780 5061 3038 5119 Clemens
3095 5061 3512 5117 Alexandrinus
3569 5063 3664 5113 lib.
3698 5075 3766 5113 Ill.

2188 5141 2420 5204 Summ,
2446 5137 2810 5192 'l'heodoritus
2837 5138 2930 5190 lii).
2961 5151 3015 5189 Ill
3049 5135 3249 5190 llzBret.
3287 5131 3489 5204 labul.,
3521 5132 3772 5190 Eusebius

2189 5201 2565 5277 Caesariensis,
2598 5208 2957 5279 Augustinus,
2987 5207 3186 5275 aliique
3213 5201 3546 5270 meminere.

2186 5349 2450 5415 Scriptum
2477 5345 2545 5398 sit
2570 5387 2583 5408 ,
2618 5343 3024 5415 confundantur.

2259 5408 2504 5474 d'(Jodex
2540 5408 2728 5470 Ambrl
2761 5425 2816 5469 et
2836 5414 2974 5469 Med.
3008 5411 3179 5468 editio
3212 5408 3505 5475 mendose,
3534 5416 3595 5476 ut
3619 5415 3765 5478 puto,

2194 5489 2568 5633 ῑωοῡὸἲέἓεηθε
2586 5556 2786 5615 Homil.
2813 5557 2846 5633 ii
2867 5557 2917 5610 ln
2944 5552 3400 5633 Numero_s.{t_tum.
3421 5554 3444 5606 l
3470 5570 3484 5607 :
3507 5549 3640 5633 core
3651 5551 3770 5633 [igni

2190 5651 2304 5691 ram
2346 5625 2478 5690 tenet
2515 5649 2689 5688 eorum
2715 5673 2729 5694 ,
2757 5629 2848 5698 qui
2880 5636 3060 5682 contra
3088 5626 3493 5680 ecclesiasticam
3538 5625 3690 5684 (idem
3729 5629 3769 5672 rt

2192 5706 2481 5762 doctrinam
2505 5703 2735 5764 ueritatis
2761 5703 3058 5772 insurgunt.

576 5835 588 5852 ‘
615 5829 712 5885 His
744 5829 1027 5886 numerulis
1055 5830 1355 5885 indicantur
1394 5828 1547 5885 None
1580 5829 1831 5885 Ludovici
1868 5832 2082 5888 Antonii
2121 5827 2406 5885 Μαγαῖον·ὶί
2426 5845 2472 5880 υ.
2497 5844 2545 5881 c.
2567 5826 2632 5882 ad
2661 5823 2856 5878 calcem
2879 5821 3154 5892 appositw.
