4060 6344
476 309 615 370 1023

1716 314 2071 373 BACHIARII
2110 314 2421 375 MONACHI

3619 321 3746 377 1024

472 445 838 504 perverso,eo
864 433 1015 505 quod
1044 442 1169 491 ante
1198 442 1375 489 actam
1398 432 1685 505 culparum
1715 434 1915 490 seriem
1944 447 2065 489 cre-
2092 443 2147 504 Α
2169 437 2477 509 gnoscant?
2506 435 2565 494 Si
2602 444 2731 492 ante
2763 436 3131 507 cognitionem
3164 435 3469 507 promenda
3508 445 3591 493 est
3630 453 3748 495 sen-

476 527 736 584 diderunt
770 530 937 585 etiam
974 529 1206 602 posteris
1242 528 1620 585 ascribendam
1647 572 1661 597 ,
1694 539 1749 585 et
1795 543 1905 584 non
1952 538 2061 584 tam

476 622 731 679 haeresim
762 624 929 680 odere
950 640 1111 696 quam
1142 622 1396 695 plebem?
1443 623 1502 679 Si
1532 639 1633 696 pro
1663 625 1825 695 culpa
1855 624 2019 680 unius
2044 668 2060 694 ,

472 718 641 773 totius
683 720 975 789 provincia:
1007 722 1023 751 ί
1054 720 1450 776 anathemanda
1500 721 1783 792 generatio
1814 733 1933 787 est,
1964 724 2062 776 da-

476 825 694 870 mnetur
723 826 777 870 et
806 814 896 869 illa
926 814 1246 870 beatissima
1282 824 1307 852 ιι
1346 815 1636 886 discipula,
1665 818 1769 871 hoc
1797 825 1881 872 est
1904 859 1918 882 ,
1954 815 2064 871 Ro-

476 923 586 976 ma,
618 908 685 964 de
708 922 815 980 qua
844 923 988 963 nunc
1018 924 1125 963 non
1156 924 1283 975 una,
1315 908 1417 965 sed
1441 909 1562 965 duae
1588 911 1673 965 vel
1698 918 1843 977 tres,
1886 918 1979 964 aut
2000 924 2066 965 eo

474 1001 709 1074 amplius
741 1002 979 1057 haereses
1009 1002 1373 1072 pullularunt;
1402 1014 1455 1057 et
1486 1013 1669 1059 tamen
1699 1004 1846 1059 nulla
1876 1018 2062 1058 earum

474 1095 789 1151 cathedram
821 1095 990 1162 Petri,
1016 1095 1124 1152 hoc
1150 1106 1262 1162 est,
1290 1098 1309 1126 ³
1335 1095 1519 1152 sedem
1550 1096 1725 1163 Fidei,
1757 1109 1851 1153 aut
1879 1106 2067 1153 tenere

478 1187 655 1259 potuit
700 1198 791 1241 aut
836 1202 1079 1243 movere.
1114 1187 1451 1243 Damnentur
1480 1199 1755 1259 postremo
1784 1200 1849 1257 εει
1877 1203 2065 1244 omnes

471 1280 776 1351 provinciae
799 1326 813 1349 ,
849 1281 917 1337 de
948 1281 1146 1351 quibus
1176 1281 1380 1338 diversi
1423 1283 1630 1337 erroris
1672 1282 1831 1339 rivuli
1876 1298 2063 1337 mana-

471 1386 621 1428 vere.
646 1372 742 1427 llle
766 1388 861 1428 vas
890 1374 1177 1429 electionis
1205 1385 1259 1430 et
1287 1376 1530 1446 gentium
1566 1376 1767 1432 Doctor
1788 1375 1928 1449 (Act.
1952 1393 2024 1431 xx
2048 1417 2061 1443 ,

471 1464 560 1536 9),
596 1467 615 1497 ³
647 1466 801 1536 lapso
830 1466 1083 1539 Eutycho
1112 1468 1181 1523 de
1204 1469 1371 1525 tertio
1401 1479 1544 1525 tecto
1570 1513 1584 1537 ,
1616 1470 1785 1526 credo
1812 1513 1828 1539 ,
1860 1470 2065 1540 aliquid

473 1560 541 1615 de
572 1559 840 1616 Trinitate
872 1563 1098 1629 erranti,
1127 1562 1371 1619 restituit
1390 1566 1626 1621 calorem
1660 1566 1879 1633 fidei,et
1901 1566 2063 1621 vitam

470 1653 733 1721 reddidit,
765 1655 867 1711 hoc
897 1667 981 1712 est
1009 1702 1023 1726 ,
1068 1659 1286 1714 veniam
1337 1660 1628 1715 relaxavit.
1678 1660 1790 1715 Nos
1841 1660 2066 1716 fortasse

474 1745 653 1802 adhuc
680 1748 731 1802 in
757 1747 1025 1816 fenestra,
1057 1749 1109 1804 id
1136 1759 1240 1817 est,
1274 1752 1328 1806 in
1359 1751 1493 1807 lucis
1522 1752 1605 1807 via
1631 1761 1685 1808 et
1712 1752 1835 1808 fidei
1882 1753 2063 1821 splen-

2167 531 2358 599 tentia,
2388 546 2485 585 cur
2514 531 2793 603 legislator
2820 532 3079 603 praecepit
3108 530 3301 603 (Leuit.
3334 548 3446 600 xrv,
3479 532 3547 588 36
3572 533 3748 606 seqq.),

2167 640 2235 680 ne
2290 634 2576 697 antequam
2626 626 2861 681 introeat
2902 625 3201 694 sacerdos,
3250 633 3306 680 et
3333 626 3517 681 videat
3544 627 3751 684 domum

2168 735 2289 789 qua:
2320 721 2545 774 cariosa:
2572 720 2660 775 vel
2690 720 2969 775 tinnientis
3009 719 3159 790 lepra
3192 720 3417 774 haeresis
3448 721 3752 790 scindatur,

2167 813 2442 868 immunda
2482 813 2796 883 judicetur?
2817 812 2913 880 Ne,
2947 829 3131 884 quaeso
3156 855 3170 879 ,
3197 813 3524 869 beatissime
3558 816 3750 883 frater,

2168 909 2311 965 male
2339 907 2407 963 de
2441 909 2720 979 provincia
2750 908 3038 963 sentiatur.
3070 907 3186 964 Non
3222 908 3354 963 latet
3380 908 3526 963 enim
3552 909 3754 979 perspi-

2167 1005 2373 1057 caciam
2404 1012 2572 1071 tuam,
2604 1003 2728 1073 quia
2759 1018 2881 1057 cum
2906 1003 2958 1057 in
2990 1002 3229 1057 adventu
3274 1018 3417 1057 arcae
3470 1003 3757 1059 Dominica:

2168 1098 2403 1169 Dagonis
2432 1108 2593 1167 caput
2621 1099 2671 1153 in
2699 1107 2918 1153 centum
2946 1108 3132 1167 partes
3164 1113 3286 1152 cum
3319 1097 3566 1169 utrisque
3612 1096 3756 1168 pedi-

2168 1190 2268 1245 bus
2298 1191 2692 1246 comminutum
2724 1194 2817 1257 sit,
2846 1192 2997 1261 spina
3028 1191 3145 1261 ejus
3176 1192 3387 1261 integra
3430 1191 3759 1262 superfuisse

2168 1285 2501 1342 describitur
2534 1286 2576 1358 (Ι
2612 1286 2736 1358 Reg.
2770 1302 2799 1337 v
2827 1332 2840 1353 ,
2874 1285 2939 1353 4,
2974 1302 3075 1341 sec.
3104 1284 3271 1357 LXX)
3297 1330 3310 1353 ,
3343 1284 3454 1339 Nos
3490 1285 3635 1340 enim
3669 1287 3761 1341 Da-

2167 1380 2321 1450 gonis
2372 1389 2531 1449 caput
2581 1380 2697 1435 sive
2746 1378 2947 1449 pedes,
2982 1378 3224 1433 membra
3280 1378 3508 1441 mundi,
3561 1378 3613 1432 id
3645 1388 3756 1448 est,

2167 1473 2433 1529 orientem
2484 1483 2538 1527 et
2586 1472 2870 1527 occiduum
2926 1487 3047 1528 esse
3093 1471 3398 1537 sentimus;
3430 1470 3527 1525 ‘in
3570 1472 3761 1542 quibus

2168 1572 2413 1642 partibus
2462 1572 2563 1627 sub
2596 1572 2883 1642 praesentia
2914 1572 3051 1643 legis
3075 1570 3103 1608 ι)
3129 1572 3309 1625 omnis
3352 1586 3604 1625 errorum
3636 1587 3762 1625 con-

2168 1664 2293 1718 trita
2336 1664 2675 1733 perversitas
2706 1675 2808 1719 est.
2859 1662 3035 1717 Tuum
3067 1664 3136 1717 sit
3164 1664 3317 1718 enim
3346 1663 3618 1733 judicare,
3650 1679 3762 1734 qua:

2168 1757 2238 1811 sit
2264 1756 2531 1812 medietas
2556 1758 2751 1827 spintc,
2778 1757 2833 1810 in
2860 1772 2964 1825 qua
2997 1755 3175 1810 adhuc
3206 1756 3475 1810 nodorum
3506 1770 3761 1828 compago

474 1840 609 1897 dore
639 1841 963 1910 residentes,
998 1846 1171 1901 severi
1196 1846 1423 1902 nimium
1446 1848 1690 1918 judices,
1725 1862 1832 1903 non
1859 1863 1925 1903 ex
1948 1846 2057 1903 dis-
2093 1855 2141 1915 Β
2168 1848 2433 1904 dissoluta
2462 1850 2736 1919 perdurat.
2771 1848 2841 1904 Ut
2872 1848 3000 1920 quid
3020 1891 3035 1916 ,
3058 1864 3213 1919 rogo,
3247 1850 3518 1919 quaeritur
3548 1851 3759 1921 provin—

475 1935 751 2002 cussione,
796 1937 891 1992 sed
919 1953 987 1992 ex
1017 1938 1365 2009 suspectione
1405 1941 2063 1997 condemnantznescien-

472 2039 576 2095 tes,
609 2029 733 2100 quia
757 2047 857 2099 quo
881 2031 1078 2098 iudicio
1094 2034 1451 2105 judicaverint
1476 2080 1490 2102 ,
1513 2036 1841 2108 judicabitur
1886 2037 1949 2092 de
1993 2038 2065 2092 eis

471 2120 691 2195 (Matth.
713 2137 785 2176 νη
811 2165 825 2189 ,
858 2122 940 2192 2),
972 2136 1019 2179 et
1047 2127 1135 2196 qui
1176 2129 1332 2197 fratri
1377 2145 1469 2182 suo
1498 2129 1685 2183 dixerit
1716 2130 1877 2184 racha
1898 2174 1911 2199 ,
1942 2147 2062 2185 reus

474 2215 573 2271 erit
603 2215 849 2286 gehennte
876 2217 1011 2287 ignis
1054 2218 1276 2288 (Matth.
1311 2236 1341 2273 v
1366 2261 1381 2287 ,
1413 2220 1528 2293 ‘22).
1562 2221 1748 2277 Racha
1779 2224 1947 2289 enim,
1979 2239 2069 2277 va-

471 2325 599 2364 cuus
653 2309 1065 2380 interpretatur.
1100 2312 1171 2368 Et
1195 2314 1319 2385 quis
1344 2325 1430 2370 est
1484 2330 1689 2372 vacuus
1716 2358 1731 2383 ,
1762 2317 1865 2371 nisi
1915 2316 2070 2387 cujus

474 2404 740 2459 interiora
782 2416 973 2461 carent
1004 2406 1130 2463 fidei
1158 2408 1398 2465 veritate
1421 2452 1436 2478 ,
1466 2420 1522 2465 et
1550 2419 1634 2466 est
1660 2409 1799 2465 velut
1822 2427 2075 2466 atramen—

475 2509 586 2553 tum
610 2516 801 2556 sonans
830 2544 845 2568 ,
897 2510 985 2555 aut
1012 2504 1307 2574 cymbalum
1337 2504 1558 2559 tinniens
1588 2504 1634 2577 (l
1664 2505 1764 2560 Cor
1790 2551 1803 2573 ,
1838 2523 1949 2575 xm,
1986 2509 2075 2579 l)?

478 2590 573 2649 ille
599 2639 613 2659 ,
639 2594 729 2665 qui
756 2610 864 2650 una
906 2604 1114 2651 tantum
1169 2607 1331 2653 nocte
1382 2595 1658 2654 Christum
1707 2600 1958 2669 viderat,
1997 2602 2075 2656 ait

475 2689 801 2745 contribulis
832 2690 1282 2762 suiszNumquid
1327 2694 1411 2749 lea:
1458 2704 1634 2749 nostra
1673 2695 1881 2767 judicat
1908 2696 2073 2749 homi-

476 2800 592 2839 nem
620 2831 632 2851 ,
669 2786 769 2840 nisi
797 2787 943 2856 prius
974 2787 1161 2841 audiat
1189 2806 1304 2859 qum
1348 2790 1456 2861 agit
1488 2790 1669 2862 (Joan.
1696 2808 1766 2846 vu
1793 2833 1808 2859 ,
1844 2790 1973 2863 5i)?
2004 2792 2073 2847 Et

476 2874 533 2931 hi
560 2877 651 2947 qui
687 2886 767 2933 tot
812 2894 1080 2936 annorum
1112 2882 1331 2937 Domini
1399 2894 1700 2942 sectatores
1728 2896 1889 2952 sunt,
1921 2886 2070 2956 prius

466 2972 748 3045 judicant,
774 2990 936 3046 quam
967 2976 1020 3033 id
1051 2976 1195 3033 unde
1219 2977 1467 3049 judicant
1494 3023 1508 3047 ,
1538 2980 1763 3037 audiant
1791 2992 1954 3051 atque
1977 2996 2069 3037 co-

2167 1946 2247 2001 cia
2277 1944 2435 2000 mea?
2463 1943 2776 2016 Peregrinus
2814 1962 2907 2016 ego
2933 1961 3044 1999 sum
3066 1987 3080 2013 ,
3112 1950 3245 1998 sicut
3272 1961 3445 1998 omnes
3475 1954 3643 2017 patres
3668 1946 3761 1999 mei

2170 2037 2348 2112 (Psal.
2380 2055 2602 2105 xxxvnt,
2630 2039 2741 2110 17).
2768 2038 3159 2095 Verumtamen
3189 2038 3236 2093 si
3260 2054 3597 2110 magnopere
3617 2055 3760 2110 quae-

2170 2134 2311 2186 ritur
2337 2175 2351 2199 ,
2385 2132 2476 2187 ubi
2525 2143 2684 2186 natus
2714 2132 2811 2186 sim
2832 2174 2846 2198 ,
2898 2133 2919 2163 ³⁵
2940 2132 3241 2202 accipiatur
3286 2130 3565 2187 confessio
3607 2147 3720 2186 mea
3745 2174 3759 2199 ,

2173 2241 2333 2295 quam
2393 2228 2445 2280 in
2503 2226 2758 2296 baptismi
2802 2226 3087 2281 nativitate
3135 2225 3577 2295 respondiznon
3626 2226 3762 2280 enim

2175 2320 2304 2374 mihi
2339 2320 2511 2391 patria
2534 2318 2959 2386 confessionem,
2991 2319 3087 2375 sed
3115 2319 3392 2375 confessio
3415 2320 3647 2389 patriam
3672 2318 3761 2375 de-

2174 2413 2285 2478 dit;
2339 2412 2462 2483 quia
2514 2411 2718 2467 credidi
2748 2456 2763 2478 ,
2794 2422 2849 2466 et
2878 2413 3061 2482 accepi
3091 2410 3309 2483 (Matth.
3353 2427 3450 2465 xxr
3472 2453 3487 2477 ,
3511 2411 3632 2482 22).
3661 2410 3764 2467 Nec

2175 2523 2261 2563 me
2290 2505 2515 2561 offuscet
2547 2506 2891 2562 Samaritana
2914 2505 3186 2571 conditio;
3220 2504 3346 2575 quia
3374 2503 3659 2558 Christum
3689 2505 3764 2559 in-

2176 2614 2487 2675 terrogatus
2517 2602 2582 2657 ad
2618 2612 2838 2672 puteum
2888 2601 3130 2668 credidi,
3161 2611 3217 2657 et
3267 2608 3536 2673 purgatus
3565 2616 3593 2655 a
3621 2601 3759 2671 lepra

2177 2699 2517 2755 infidelitatis
2557 2698 2774 2769 agnovi.
2808 2696 3198 2753 Verumtamen
3232 2707 3253 2735 ε
3280 2696 3409 2768 quia
3458 2696 3760 2767 apostolica:

2177 2794 2502 2849 eruditionis
2546 2793 2795 2848 instituta
2822 2807 2922 2848 nos
2963 2802 3317 2848 commovent
3348 2789 3476 2863 [An.
3532 2805 3763 2846 commo-

2178 2886 2332 2959 nent]
2364 2886 2406 2958 (Ι
2433 2885 2546 2941 Pet.
2573 2902 2630 2941 in
2655 2929 2671 2953 ,
2704 2885 2817 2958 15),
2846 2894 2903 2941 ut
2931 2884 3189 2940 omnibus
3218 2883 3576 2955 poscentibus
3617 2884 3763 2939 nobis

2177 2981 2443 3037 rationem
2473 2978 2541 3035 de
2569 2978 2673 3035 fide
2702 2988 2758 3034 et
2803 2994 2901 3050 spe
2928 2994 3050 3050 qua:
3081 2978 3134 3033 in
3162 2976 3321 3033 nobis
3374 2985 3482 3044 est,
3534 2975 3763 3047 profera~

474 3182 705 3240 habetur
734 3185 786 3239 in
818 3185 977 3255 epist.
1003 3186 1091 3254 52,
1124 3184 1189 3241 ad
1213 3185 1602 3241 Antonianum.
1628 3187 1688 3243 S.
1720 3186 2061 3256 Epiphanius
2092 3186 2137 3249 C
2168 3185 2296 3241 lima
2351 3186 2515 3242 verba
2544 3228 2559 3252 ,
2600 3187 2653 3240 ni
2702 3186 2936 3256 plurium
2992 3186 3323 3256 scriptorum
3384 3184 3633 3239 calamos
3686 3185 3764 3240 hic

473 3256 527 3310 in
562 3257 766 3313 Haeresi
796 3258 887 3322 59,
918 3274 975 3312 n.
1004 3260 1057 3323 1,
1076 3274 1195 3328 quze
1216 3269 1298 3313 est
1318 3258 1706 3325 Catharorum,
1734 3256 2065 3314 Novatianos

473 3328 705 3384 affirmat
761 3331 1091 3398 paenitentia:
1144 3331 1397 3385 virtutem
1441 3332 1665 3385 omnino
1714 3331 2021 3386 inﬁrmassc
2051 3373 2066 3393 ,

473 3415 596 3455 cum
615 3402 857 3457 dicerent
877 3406 1009 3474 μετά
1035 3404 1092 3459 τὸ
1116 3404 1321 3469 λουτρὸν
1342 3406 1521 3474 μηκέτι
1547 3403 1794 3459 δύνασθαι
1820 3405 2069 3459 ἐλεεῖσθαι

472 3476 949 3550 παρᾳπεπτῳπςᾷτα,
980 3476 1025 3528 ei
1054 3476 1139 3542 qui
1185 3486 1300 3550 post
1331 3474 1668 3550 baptismum
1692 3474 2018 3550 delinqueret
2050 3520 2065 3541 ,

481 3544 680 3618 nullam
709 3545 941 3618 adhiberi
972 3547 1595 3618 posseintisericordiam.
1647 3546 1796 3601 Idem
1851 3548 2070 3601 tradunt

478 3616 803 3671 Philastrius
841 3616 979 3687 cap.‘
1015 3618 1084 3672 ’51
1124 3617 1191 3672 de
1238 3617 1443 3672 Hteres.
1496 3618 1699 3687 aliique
1746 3633 1853 3673 non
1885 3619 2064 3682 pauci.

478 3687 595 3742 Huc
638 3688 799 3752 igitur
856 3689 1166 3759 respexisse
1217 3688 1561 3743 Bachiarium
1612 3689 1936 3745 crediderim
1986 3689 2069 3743 his

479 3760 681 3825 verbis,
712 3760 765 3813 in
788 3762 939 3829 queis
969 3770 1145 3815 tamen
1173 3760 1411 3830 aliquem
1441 3761 1792 3815 librariorum
1823 3777 2066 3818 errorem

483 3830 655 3887 latere
684 3830 814 3885 mihi
846 3830 999 3887 facile
1028 3831 1253 3887 suadeo.

552 3904 568 3933 ³
600 3902 712 3957 Hoc
740 3912 823 3956 est.
850 3903 1411 3958 excommunicatione
1442 3904 1758 3972 percellere.
1810 3906 1887 3960 lta
1933 3906 2069 3960 scri-

483 3983 627 4047 ptum
647 3974 699 4029 in
718 3974 907 4030 codice
925 3975 1256 4029 nostro.Vox
1282 3976 1605 4031 melioribus
1618 3978 1838 4045 quidem
1860 3980 2065 4047 ignota.

479 4047 579 4101 sed
608 4046 874 4101 Bacltiarii
905 4057 1149 4108 tempore
1180 4057 1455 4113 usurpata.
1489 4050 1771 4116 Siquidem
1802 4046 2064 4104 obServa-

478 4119 555 4173 vit
583 4119 880 4173 Salmasius
909 4120 976 4173 ad
994 4119 1391 4174 Tertullianum
1413 4120 1480 4174 de
1506 4120 1675 4176 Pallio
1695 4122 1747 4174 in
1777 4138 1878 4176 ms.
1905 4120 2064 4176 Com—

481 4191 758 4245 monitorii
787 4190 842 4247 S.
874 4191 1162 4258 Augustini
1190 4191 1257 4245 ad
1298 4190 1557 4247 Faustum
1599 4194 1947 4247 Anathemare
1986 4194 2068 4248 bis

482 4260 608 4336 legi.
627 4262 1265 4336 Projeo‘anathematizare
1279 4274 1573 4336 posuerant
1587 4274 1802 4319 veteres
1817 4276 2067 4336 typogra-

479 4333 612 4404 phi,
660 4334 754 4389 sed
801 4332 1102 4389 Clarissimi
1149 4335 1255 4389 PP.
1301 4335 1633 4389 Benedictini
1688 4337 1739 4390 in
1788 4332 2066 4404 postrema

480 4405 617 4477 Aug.
653 4407 893 4461 editione
919 4406 1266 4461 Anathemare
1292 4407 1558 4461 scribunt.
1590 4406 1822 4461 Faustus
1848 4424 2065 4477 quoque

477 4476 764 4549 Begiensis
795 4495 913 4549 pag.
952 4479 1017 4534 18
1064 4489 1119 4533 et
1168 4478 1236 4534 19
1277 4477 1532 4533 editionis
1563 4478 1725 4544 1586,
1776 4488 1830 4534 et
1872 4476 2067 4533 conci-

478 4547 607 4603 lium
640 4547 957 4606 Toletanum
984 4551 1215 4620 primum
1244 4559 1433 4603 contra
1462 4549 1900 4605 Priscillianistas
1927 4550 2066 4605 hanc

479 4635 666 4693 vocem
741 4638 1076 4693 nequaquam
1153 4623 1426 4693 fugerunt.
1491 4620 1628 4693 Vide
1700 4622 2066 4676 clarissimum

481 4692 677 4772 v_ir_um_
704 4694 773 4747 du
813 4692 1099 4749 Fresnium
1138 4694 1193 4747 in
1218 4692 1395 4749 Gloss.
1432 4692 1648 4759 mediae,
1678 4702 1732 4747 et
1756 4693 1955 4749 intimae
1976 4693 2074 4747 La-

479 4765 731 4818 tinitatis.

549 4836 569 4865 ²
606 4835 672 4888 Et
737 4837 838 4889 hoc
892 4836 1151 4889 Romana:
1180 4836 1327 4889 sedis
1362 4838 1692 4901 praiconium
1725 4836 2074 4890 animadver-

482 4907 613 4976 tisse
690 4906 1070 4976 przctereundo
1121 4906 1295 4973 juvat.
1364 4906 1583 4962 Scilicet
1633 4907 1777 4962 Petri
1826 4907 2071 4961 cathedra

482 4975 637 5030 Fidei
691 4975 865 5045 sedes,
910 4988 965 5031 et
1009 4977 1656 5050 inviolatumﬂreligiouis
1717 4980 1953 5033 tribunal
2009 4995 2072 5034 ac

477 5050 849 5103 sanctuarium
906 5058 1264 5115 nuncupatur.
1324 5049 1572 5105 HzereSes
1614 5052 1833 5119 quidem
1875 5051 1961 5104 vel
2003 5067 2067 5105 ex

480 5120 595 5190 ipsa
626 5121 770 5177 Urbe
812 5129 1137 5189 eruperunt;
1171 5122 1311 5175 nulla
1346 5138 1474 5177 vero
1504 5123 1759 5178 Ecclesiae
1787 5123 2069 5177 catholicae

482 5203 644 5259 caput
698 5210 759 5247 ac
802 5192 1201 5246 firmamentum
1257 5203 1515 5262 appetere
1560 5196 1765 5259 valuit,
1798 5196 1899 5250 hoc
1926 5195 2069 5249 enim

481 5263 643 5319 Petro
673 5265 946 5318 luculente
977 5262 1225 5318 Christus
1256 5266 1640 5334 spoponderat.
1667 5267 1938 5322 Addercm
1970 5268 2068 5321 ali-

480 5352 605 5407 qua,
641 5338 806 5392 immo
837 5336 1079 5392 omnium
1114 5337 1458 5407 antiquorum
1490 5340 1544 5393 in
1578 5343 1713 5394 hanc
1751 5356 1864 5395 rem
1898 5338 2069 5393 simil-

480 5528 568 5581 rit.
600 5524 802 5581 llorum
844 5525 1027 5595 itaque
1068 5522 1347 5595 proprium
1388 5522 1488 5577 fuit
1530 5525 1801 5579 ascribere
1834 5524 2064 5595 posteris

481 5599 669 5667 culpas
700 5614 727 5651 a
771 5594 1083 5667 majoribus
1112 5596 1396 5649 admissas.
1438 5594 1547 5650 Sed
1577 5606 1631 5650 et
1671 5594 2066 5667 plebis’mentio

484 5685 585 5741 qua
618 5670 751 5724 nihil
780 5670 1123 5740 frequentius
1153 5669 1205 5723 in
1228 5681 1390 5741 causa
1418 5667 2071 5741 Donatistarum,pondus

482 5738 634 5796 addit
677 5756 782 5797 non
826 5738 943 5797 leve
1004 5742 1305 5811 suspicioni
1361 5738 1486 5795 huic
1527 5752 1761 5807 nostrae.
1800 5740 2068 5795 Caeterum

481 5828 649 5883 grave
674 5814 930 5869 mendum
956 5814 1091 5868 latet
1118 5814 1174 5867 in
1204 5813 1288 5867 his
1323 5812 1543 5866 verbis:
1577 5830 1678 5866 non
1705 5823 1807 5866 tam
1840 5814 2075 5868 haeresim

488 5884 635 5941 odere
660 5903 815 5954 quam
835 5885 1068 5957 plebem;
1097 5900 1160 5939 ac
1183 5900 1279 5954 pro
1300 5886 1449 5939 odere
1479 5884 1843 5949 scribendum,
1876 5886 2043 5940 dilea'e
2059 5914 2073 5923 -

2171 3258 2324 3314 labor
2357 3268 2704 3327 occupasset,
2757 3270 2810 3314 et
2852 3258 3078 3313 flumina
3117 3273 3279 3328 quam
3332 3256 3539 3311 rivulos
3589 3264 3766 3325 petere

2173 3341 2415 3399 prcestet.
2449 3331 2878 3385 Eminentissimi
2927 3330 3327 3393 Bellarminus,
3380 3328 3675 3396 Baronius,
3718 3340 3767 3384 et

2178 3402 2500 3457 Siondratus
2533 3402 2620 3456 hic
2650 3402 2993 3470 potissimum
3034 3400 3378 3456 consulendi.

2244 3475 2263 3504 ³
2287 3474 2419 3527 Rem
2454 3484 2636 3528 narrat
2664 3473 2722 3529 S.
2765 3473 2939 3527 Lucas
2965 3474 3017 3527 in
3061 3475 3212 3528 Actis
3253 3475 3447 3543 Apost.
3482 3487 3604 3540 cap.
3656 3490 3723 3527 xx
3752 3515 3765 3536 ,

2171 3563 2225 3600 n.
2245 3547 2277 3600 9
2296 3546 2527 3612 :fSedens
2542 3546 2755 3616 quidam
2775 3546 3070 3599 adolescens
3085 3546 3287 3599 nomine
3319 3543 3593 3614 Eutychus
3617 3562 3769 3615 super

2170 3622 2469 3688 fenestram,
2524 3635 2639 3671 cum
2682 3628 2993 3688 mergeretur
3041 3634 3220 3671 somno
3263 3616 3425 3685 gravi,
3452 3617 3771 3688 disputante

2171 3687 2263 3742 diu
2309 3689 2501 3751 Paulo,
2536 3690 2718 3744 ductus
2782 3687 2960 3743 somno
2999 3689 3183 3742 cecidit
3227 3689 3291 3743 de
3325 3688 3473 3741 tertio
3507 3687 3771 3741 caenaculo

2171 3761 2431 3822 deorsum,
2467 3772 2513 3815 et
2553 3762 2783 3815 sublatus
2823 3770 2895 3816 est
2933 3769 3184 3815 mortuus.
3219 3760 3356 3814 Tum
3400 3758 3559 3813 addit
3589 3774 3715 3813 eum
3744 3776 3771 3813 a

2172 3842 2359 3887 sancto
2390 3834 2561 3888 Paulo
2589 3834 2727 3887 vivis
2759 3833 3091 3887 restitutum.

2244 3904 2265 3934 ⁸
2299 3905 2396 3958 llic
2442 3905 2657 3975 quidem
2703 3906 2931 3959 concilia
2982 3903 3342 3975 omniaisunt
3386 3902 3769 3975 intelligenda,

2169 3992 2291 4047 qua:
2346 3974 2471 4031 tum
2513 3978 2563 4031 in
2603 3978 2847 4037 Oriente.
2898 3988 3007 4030 tum
3067 3977 3119 4030 in
3163 3974 3457 4030 Occidente
3504 3974 3768 4047 adversus

2173 4045 2463 4103 hzereticos
2488 4050 2759 4103 celebrata
2804 4048 3038 4102 fuerant.
3090 4048 3440 4102 Potissimum
3474 4057 3659 4100 tamen
3692 4045 3771 4099 his

2171 4122 2321 4175 inniti
2346 4121 2526 4175 verbis
2551 4122 2841 4175 arbitrarer
2887 4120 3177 4174 concilium
3216 4117 3772 4182 Constantinopolita-

2172 4208 2298 4263 num
2326 4194 2582 4261 primum,
2612 4202 2665 4245 et
2699 4192 3066 4263 Aquileiense,
3098 4206 3217 4261 qua:
3239 4206 3382 4244 anno
3410 4189 3619 4263 Christi
3642 4189 3765 4251 581.

2170 4262 2273 4317 hoc
2300 4275 2383 4318 est
2406 4275 2530 4317 ante
2572 4260 2774 4331 paucos
2797 4279 2957 4327 quam
3002 4260 3321 4317 Bachiarius
3361 4260 3638 4317 scriberet
3675 4274 3767 4312 an-

2170 4350 2299 4401 nos,
2352 4336 2533 4389 habita
2579 4336 2752 4389 fuere.
2798 4334 2934 4389 Illud
2989 4336 3041 4389 in
3085 4334 3348 4397 Oriente,
3390 4332 3499 4387 hoc
3528 4333 3584 4386 in
3617 4331 3771 4386 Occi-

2170 4407 2370 4472 dente;
2432 4406 2558 4460 illud
2604 4408 3032 4474 (ecumenicum,
3085 4408 3187 4460 hoc
3227 4421 3357 4459 vero
3406 4420 3473 4459 ex
3524 4404 3770 4458 omnibus

2171 4478 2343 4533 ferme
2374 4478 2683 4534 Occidentis
2718 4479 3009 4547 provinciis
3038 4486 3287 4547 coactum
3323 4476 3448 4530 fuit.

2244 4550 2265 4580 ⁵
2295 4550 2377 4604 Α1)
2408 4552 2537 4619 ipsis
2566 4546 2831 4605 Ecclesiae
2857 4549 3201 4604 incunabulis
3221 4546 3555 4602 Christianis
3592 4548 3771 4602 omni-

2177 4621 2276 4677 bus
2304 4622 2355 4677 id
2388 4622 2552 4676 moris
2584 4622 2682 4675 fuit
2731 4620 2897 4689 (quod
2935 4624 3100 4676 etiam
3156 4635 3299 4674 nunc
3339 4620 3688 4689 perseverat)
3719 4628 3771 4671 ut

2180 4704 2308 4747 ante
2334 4694 2659 4761 baptismum
2692 4693 3013 4747 solemnitcr
3043 4692 3166 4746 ﬁdei
3200 4690 3465 4760 professio
3497 4692 3770 4745 emittere-

2181 4775 2289 4819 tur.
2322 4765 2397 4819 De
2426 4780 2533 4835 qua
2584 4780 2641 4819 re
2669 4765 2883 4819 videndi
2932 4764 3308 4835 Tertullianus
3346 4762 3443 4815 lib.
3478 4762 3547 4815 de
3581 4763 3767 4817 Pudic.

2174 4852 2297 4901 cap.
2330 4839 2383 4895 9.
2410 4832 2465 4889 et
2497 4836 2589 4889 lib.
2624 4837 2691 4889 de
2718 4836 2994 4905 Baptismo
3015 4850 3135 4900 cap.
3171 4834 3235 4897 6;
3270 4832 3581 4905 Cyprianus
3612 4834 3771 4903 epist.

2185 4908 2277 4971 70,
2328 4907 2395 4961 ad
2426 4907 2769 4971 Januarium,
2802 4904 2857 4961 et
2887 4907 2978 4971 76,
3029 4907 3095 4960 ad
3135 4906 3425 4973 Magnum;
3472 4904 3774 4974 Gregorius

2177 4979 2549 5035 Nazianzenus
2581 4980 2731 5033 Orat.
2764 4978 2856 5044 40,
2911 4980 2963 5032 in
3011 4978 3200 5032 Sanct.
3231 4977 3459 5030 Lavacr.
3486 4993 3500 5041 ;
3540 4975 3775 5047 Cyrillus

2180 5050 2706 5122 Hiemsolymitanus
2723 5050 2962 5122 Catecli:
2986 5050 3007 5102 1
3033 5062 3087 5103 et
3104 5049 3138 5102 9.
3162 5047 3415 5122 lilystagg
3434 5049 3772 5117 Epiphanius

2180 5124 2232 5177 in
2264 5120 2597 5187 AnchOrato,
2637 5133 2691 5176 et
2715 5122 2907 5191 reliqui
2938 5121 3146 5176 Patres.
3176 5120 3641 5174 Luculentissimc
3682 5135 3772 5173 au-

2182 5204 2289 5248 tem
2322 5196 2564 5248 omnium
2613 5210 2729 5247 rem
2782 5196 3148 5263 pertractavit
3195 5191 3406 5263 Joseplt
3458 5192 3770 5263 Vicecomcs

2176 5264 2526 5320 Ambrosiani
2557 5262 2995 5336 collegii’doctor
3037 5265 3092 5318 in
3131 5262 3364 5336 erudito_
3400 5264 3678 5318 volumine
3710 5262 3774 5316 dc

2176 5338 2411 5408 antiquis
2446 5334 2921 5408 baptisrni'ritibus
2954 5336 3048 5393 lib.
3080 5352 3141 5402 ιι,
3182 5351 3307 5406 cap.
3340 5334 3414 5391 23
3450 5346 3505 5391 et
3534 5352 3653 5405 seq.

2168 5540 2245 5589 re,
2272 5525 2359 5579 vel
2394 5525 2519 5595 quid
2545 5526 2747 5581 simile.

2245 5608 2269 5633 ³
2310 5594 2526 5665 Aliquid
2568 5597 2742 5652 deest.
2772 5596 2974 5653 Urbem
2998 5596 3223 5650 Romam
3267 5604 3491 5650 sanctus
3514 5594 3628 5648 Leo
3653 5608 3767 5646 ma-

2170 5684 2307 5737 gnus
2339 5671 2577 5737 appellat
2606 5669 2919 5733 discipulam
2948 5669 3197 5725 veritatis.
3236 5666 3401 5723 Forte
3439 5666 3580 5723 Petri
3615 5667 3774 5721 disci-

2174 5741 2351 5809 pulam
2380 5741 2517 5797 dixit
2544 5742 2880 5798 Bachiarius.

2246 5813 2274 5852 ι)
2318 5814 2389 5867 Ita
2419 5815 2540 5868 cod.
2580 5814 2770 5868 Anthr.
2796 5814 2861 5869 At
2888 5813 3087 5868 Murat.
3120 5860 3133 5882 ,
3160 5815 3409 5868 omnium.

2253 5898 2273 5922 ο
2318 5887 2499 5954 Deest,
2530 5889 2649 5957 quia
2678 5888 2730 5940 in
2762 5886 2883 5942 cod.
2922 5898 2976 5941 et
2998 5887 3132 5943 edit.
3167 5886 3365 5942 Murat.
