4060 6344
245 320 372 382 MSS

1537 330 1913 393 PROFESSIO
1953 330 2156 391 FIDE].

3381 333 3519 395 1026

241 464 391 514 mus;
419 464 528 504 non
562 465 839 507 moremur
862 451 985 508 ﬁdei
1012 462 1214 510 nostrae
1240 456 1481 525 regulam
1505 458 1832 516 beatitudini

1945 450 2185 507 blimium
2217 463 2396 506 rerum
2423 448 2531 505 alta
2566 448 2806 521 cognitio
2835 456 2940 506 est.
2974 448 3216 505 Divisum
3257 451 3400 507 enim
3428 469 3524 524 per

242 549 342 594 tum
362 582 376 605 ,
408 540 425 570 ¹
459 542 552 611 qui
582 542 781 599 artifex
812 559 870 599 es
900 544 1069 615 ipsius
1096 555 1123 583 α
1152 544 1364 603 aedilicii
1394 547 1788 607 demonstrare.

307 632 360 687 5.
405 632 513 689 Sed
542 650 610 691 ne
632 636 771 692 forte
800 636 905 692 hoc
934 637 1108 707 ipsum
1140 639 1503 711 suspicionem
1544 644 1829 701 inﬁdelita-

240 722 307 778 tis
334 724 589 793 incutiat,
619 729 763 799 quod
794 728 1002 787 tardius
1032 731 1098 786 ad
1130 732 1457 805 interrogata
1486 736 1827 808 respondeo;

239 818 513 875 credimus
542 821 715 877 Deum
752 838 915 881 esse:
946 824 1089 893 quod
1120 825 1242 889 fuit,
1266 825 1295 864 ι)
1324 835 1473 893 erat;
1502 829 1648 899 quod
1676 838 1829 897 erat,

240 911 359 982 erit,
388 929 686 985 numquam
710 915 879 984 aliud,
909 931 1125 989 semper
1152 917 1295 975 idem
1321 937 1334 973 :
1367 922 1529 977 Pater
1552 922 1719 991 Deus,
1744 921 1833 977 Fi-

240 1006 341 1061 lius
375 1007 517 1063 Deus
538 1053 554 1077 ,
587 1007 829 1080 Spiritus
866 1020 1087 1067 sanctus
1118 1012 1297 1069 Deus:
1330 1029 1470 1069 unus
1501 1025 1524 1053 ο
1557 1014 1701 1071 Deus
1730 1057 1745 1081 ,
1777 1023 1833 1071 et

240 1115 378 1155 unus
440 1100 588 1157 ﬁlius
658 1102 728 1159 de
782 1103 959 1171 Patre,
988 1107 1033 1172 _’
1094 1104 1333 1175 Spiritus
1389 1115 1607 1163 sanctus
1654 1107 1833 1164 Patris

239 1205 292 1252 et
332 1196 482 1252 Filii.
534 1196 708 1255 Unius
755 1198 1040 1256 Trinitatis
1083 1202 1189 1256 ista
1239 1203 1572 1269 substantia,
1623 1212 1677 1258 et
1726 1202 1829 1258 tria

237 1289 336 1346 ista
400 1306 564 1347 unam
619 1291 875 1349 habentia
938 1293 1299 1351 voluntatem.
1366 1294 1477 1352 Nec
1530 1294 1833 1351 communi-

238 1397 367 1439 cans
416 1383 634 1456 major,
688 1401 789 1443 nec
841 1387 1113 1459 accipiens
1167 1390 1349 1445 minor
1396 1407 1410 1445 :
1461 1404 1562 1445 nec
1610 1399 1694 1445 est
1745 1404 1833 1445 se-

239 1478 446 1534 cundus
519 1495 551 1535 a
599 1481 814 1551 primo,
872 1497 972 1538 nec
1024 1483 1219 1539 tertius
1274 1482 1343 1539 de
1400 1482 1672 1549 secundo;
1706 1483 1831 1553 quia

238 1572 315 1629 sic
356 1588 457 1629 nos
482 1575 799 1646 prophetica
846 1578 1091 1634 instituta
1120 1578 1423 1635 docuerunt
1450 1579 1471 1610 ³
1498 1579 1732 1636 dicendo
1758 1599 1771 1632 :
1802 1577 1831 1617 τι

243 1665 363 1722 Non
387 1669 633 1726 ascendes
656 1688 746 1743 per
768 1672 960 1743 gradus
981 1674 1052 1727 ad
1082 1675 1250 1729 altare
1275 1692 1447 1730 meum
1490 1674 1691 1747 (Exod.
1716 1692 1786 1731 xx
1814 1718 1827 1740 ,

238 1760 353 1832 26).
390 1762 578 1819 Altare
606 1765 749 1819 enim
768 1765 918 1821 velut
942 1766 1229 1836 quamdam
1259 1766 1443 1822 basem
1475 1767 1623 1823 Fidei
1655 1766 1832 1838 suspi—

1944 543 2185 613 syllabas
2237 557 2433 598 nomen
2480 541 2666 597 altaris
2692 580 2706 607 ,
2733 540 3152 611 inchoatumque
3179 541 3249 597 de
3277 543 3380 598 line
3404 585 3421 611 ,
3443 561 3526 600 res

1937 638 2047 692 alta
2073 637 2412 709 significatur
2431 644 2487 693 et
2509 644 2688 692 sonat.
2707 636 2789 691 Ad
2821 634 2961 691 hanc
2984 635 3173 691 Fidem
3203 651 3301 707 per
3323 638 3523 708 gradus

1933 733 2230 789 ascendere
2275 747 2384 789 non
2414 731 2695 799 debemus,
2722 746 2792 787 ne
2820 732 3169 802 inaequaliter
3194 733 3481 789 sentiendo
3502 775 3518 801 ,

1934 824 2003 879 de
2033 824 2292 881 inferiore
2323 825 2391 881 ad
2420 826 2761 896 superiorem
2793 823 3081 881 transitum
3115 824 3405 891 faciamus;
3428 826 3525 883 sed

1935 917 2124 987 aequali
2156 917 2329 989 gradu
2356 918 2531 973 nosui
2553 917 2732 975 cordis
2754 917 2980 986 intrare,
3003 926 3063 973 ut
3084 919 3245 975 unius
3270 920 3525 976 substan-

1934 1012 2023 1067 tiae
2050 1055 2064 1078 ,
2097 1014 2255 1069 unius
2282 1014 2568 1084 potestatis
2593 1058 2607 1083 ,
2642 1015 2805 1071 unius
2832 1015 3046 1070 virtutis
3066 1057 3080 1081 ,
3130 1022 3187 1071 et
3226 1015 3439 1071 Patrem
3470 1024 3528 1071 et

1934 1105 2130 1161 Filium
2167 1116 2222 1163 et
2250 1106 2510 1176 Spiritum
2560 1117 2807 1165 sanctum
2838 1109 3153 1165 sentiamus.
3187 1108 3349 1166 Pater
3380 1109 3524 1166 enim

1935 1201 2232 1272 principale
2263 1217 2462 1259 nomen
2506 1202 2809 1259 divinitatis
2832 1218 2932 1274 per
2958 1218 3041 1272 se,
3071 1204 3215 1274 quod
3244 1203 3485 1260 creditur
3509 1248 3523 1271 ,

1934 1305 1992 1350 et
2017 1295 2162 1365 quod
2204 1294 2403 1352 dicitur
2428 1296 2589 1353 Pater
2614 1296 2756 1353 Deus
2783 1339 2798 1363 ,
2851 1296 3023 1352 Filius
3051 1296 3197 1353 Deus
3223 1312 3290 1352 ex
3318 1296 3481 1354 Patre
3506 1339 3523 1366 ,

1934 1405 2043 1447 non
2072 1407 2141 1447 ex
2171 1406 2255 1458 se,
2278 1403 2301 1429 ο
2331 1392 2427 1448 sed
2455 1391 2653 1449 Patris.
2689 1392 2849 1449 Pater
2879 1392 3045 1460 Deus,
3068 1400 3124 1448 et
3152 1392 3320 1448 Filius
3346 1393 3523 1449 Deus:

1933 1490 2029 1546 sed
2059 1506 2172 1546 non
2228 1490 2372 1546 idem
2414 1490 2609 1559 Pater,
2647 1488 2666 1527 τ
2701 1491 2791 1561 qui
2843 1489 3045 1554 Filius;
3076 1489 3172 1545 sed
3219 1488 3363 1545 idem
3406 1503 3527 1545 esse

1934 1583 2174 1639 creditur
2214 1583 2411 1651 Pater,
2443 1583 2585 1654 quod
2633 1582 2827 1639 Filius.
2882 1583 2949 1639 Et
2976 1582 3209 1653 Spiritus
3265 1592 3485 1640 sanctus
3509 1625 3526 1651 ,

1936 1694 2043 1733 non
2074 1678 2234 1734 Pater
2262 1678 2557 1749 ingenitus,
2583 1677 2679 1733 sed
2708 1678 2943 1748 Spiritus
2967 1678 3195 1749 ingenitl
3226 1677 3421 1733 Patris.
3447 1677 3530 1734 Fi-

1934 1772 2038 1829 lius
2062 1774 2277 1843 genitus
2299 1816 2312 1841 ,
2344 1788 2451 1827 non
2478 1772 2716 1843 Spiritus
2754 1772 2924 1828 Filius
2950 1817 2963 1841 ,
2992 1782 3016 1820 Β
3048 1774 3144 1827 sed
3177 1772 3294 1843 ipse
3316 1772 3487 1827 Filius
3511 1815 3528 1842 ,

240 1870 427 1911 camur
450 1900 465 1924 ,
510 1858 654 1914 unde
709 1859 886 1914 vitalis
939 1860 1044 1916 cibi
1100 1861 1489 1931 participantur
1532 1862 1786 1917 alimenta
1812 1878 1826 1926 ;
1860 1879 1907 1940 ῃ
1934 1880 2101 1936 super
2128 1882 2289 1935 quem
2319 1881 2351 1921 a
2372 1865 2534 1921 Patre
2561 1866 2760 1920 missus
2791 1873 2876 1920 est
2900 1864 3150 1934 Spiritus.
3170 1864 3377 1936 Itaque,
3405 1880 3528 1921 cum

242 1955 362 2027 quia
393 1956 563 2012 altare
608 1972 675 2014 et
732 1958 1066 2031 proprietate
1094 1958 1333 2015 nominis
1360 1960 1469 2027 sui,
1503 1959 1715 2015 nonnisi
1745 1974 1829 2014 su-

313 2137 329 2166 ¹
356 2135 621 2191 Posceret
652 2135 861 2191 illustre
892 2134 999 2191 hoc
1029 2134 1303 2189 Bacliiarii
1338 2135 1737 2196 testimonium,
1774 2142 1833 2188 ut

241 2204 477 2263 Romani
505 2207 775 2276 pontilicis
806 2209 859 2262 in
889 2208 1054 2262 rebus
1077 2206 1228 2262 Fidei
1256 2207 1558 2262 statuendis
1598 2206 1835 2261 auctori-

240 2288 405 2336 tatem
436 2296 501 2333 ex
523 2280 874 2349 antiquorum
917 2295 1059 2349 penu
1083 2278 1359 2333 lirmarem
1386 2296 1399 2344 ;
1434 2280 1478 2333 is
1510 2281 1653 2333 enim
1688 2279 1833 2333 Petri

240 2367 529 2407 successor
581 2366 755 2420 neque
800 2351 938 2415 falli,
978 2367 1154 2420 neque
1198 2351 1392 2406 fallere
1420 2350 1623 2405 Christi
1659 2350 1831 2420 ipsius

242 2424 560 2479 testimonio
597 2430 796 2492 potest.
826 2423 933 2479 Sed
969 2422 1035 2477 ad
1073 2424 1302 2477 aliorum
1334 2423 1386 2476 in
1421 2422 1559 2476 lianc
1590 2438 1703 2477 rem
1725 2430 1835 2475 tra-

244 2505 416 2550 ctatus
432 2496 736 2550 uberrimos
757 2495 1031 2549 dimittere
1050 2497 1352 2549 consultius
1372 2494 1533 2563 duco,
1557 2510 1623 2549 ne
1646 2496 1835 2549 incon-

246 2583 379 2638 grue
412 2569 940 2638 libelluin~parergis
980 2582 1237 2638 onerem.
1258 2566 1449 2636 Itaque
1477 2566 1833 2638 consuluntur

246 2637 608 2694 Bellarminus
650 2640 717 2694 de
766 2637 1009 2693 Romano
1053 2637 1349 2703 Pontilice,
1384 2638 1611 2692 Bzovius
1641 2637 1832 2692 eodem

246 2720 478 2766 tractatu
508 2726 630 2783 cap.
658 2713 744 2777 l‘l,
778 2710 939 2766 Card.
972 2710 1297 2765 Sfondratus
1334 2711 1387 2764 in
1418 2709 1591 2765 Gallia
1642 2708 1831 2763 Vindi-

249 2794 396 2846 cata,
428 2783 627 2854 aliique
654 2783 947 2837 innumeri.

316 2856 337 2886 ⁸
363 2852 624 2924 Spiritum
658 2865 904 2910 sanctum
938 2870 967 2908 a
1004 2854 1165 2908 Patre
1211 2852 1457 2925 Filioque
1507 2852 1829 2923 procedere,

244 2937 297 2984 et
328 2927 456 2981 hinc
485 2927 697 2982 discere
719 2940 1025 2997 possumus.
1055 2926 1109 2981 Si
1155 2927 1296 2981 enim
1344 2926 1579 2994 Spiritus
1607 2935 1691 2979 est
1720 2925 1826 2978 Pa-

249 2999 346 3053 tris
376 3015 439 3053 ac
466 2997 613 3064 Filii,
660 2999 891 3068 ideoque
916 3012 947 3051 a
974 2997 1135 3053 Patre
1174 2998 1442 3068 procedit,
1476 2998 1600 3067 quia
1654 2997 1832 3050 Patris

250 3081 332 3127 est
359 3071 631 3141 Spiritus;
674 3073 859 3140 utique
883 3085 1004 3141 cum
1029 3071 1099 3123 sit
1125 3078 1180 3124 et
1207 3069 1324 3123 Filii
1351 3068 1607 3138 Spiritus,
1635 3069 1704 3121 ab
1729 3069 1834 3122 isto

256 3159 471 3213 quoque
498 3144 797 3214 procedere
837 3150 922 3196 est
963 3140 1245 3214 dicendus.
1272 3142 1503 3194 Tantum
1540 3149 1835 3214 autcmro-

251 3210 534 3269 borislnee
554 3214 690 3269 ratio
717 3216 897 3279 liabet,
933 3224 991 3268 ut
1012 3212 1068 3269 S.
1101 3215 1433 3282 Augustinus
1487 3220 1644 3265 tract.
1687 3210 1756 3265 99
1780 3211 1832 3264 in

252 3287 406 3341 Joan.
435 3289 507 3340 ita
529 3287 739 3342 locutus
763 3285 949 3340 fuerit:
975 3285 1077 3341 Cur
1097 3301 1197 3338 non
1220 3286 1487 3339 credamus
1509 3283 1648 3354 quod
1680 3284 1835 3335 etiam

253 3358 315 3412 de
338 3356 483 3413 Filio
507 3360 748 3427 procedat
781 3359 1006 3429 Spiritus
1035 3366 1243 3411 sanctus
1268 3398 1283 3420 ,
1321 3374 1436 3410 cum
1468 3354 1599 3409 Filii
1636 3370 1836 3429 quoque

253 3432 359 3503 ipse
401 3432 467 3485 sit
498 3426 782 3503 Spiritus?
824 3426 975 3503 Idem
996 3431 1209 3503 repetit
1248 3429 1343 3483 lib.
1382 3445 1447 3481 xv
1468 3442 1607 3503 _cap._
1648 3427 1712 3503 1"]
1764 3426 1833 3503 de

300 3504 449 3556 rinit.
485 3497 749 3570 Spiritum
782 3501 963 3556 itidem
996 3499 1116 3554 Filii
1147 3516 1268 3555 esse
1306 3515 1406 3555 nos
1450 3497 1635 3553 docuit
1663 3498 1835 3569 Cyril-

252 3573 341 3629 lus
366 3572 766 3629 Alexandrinus
808 3575 859 3627 in
909 3572 1079 3640 Epist.
1131 3572 1196 3626 ad
1225 3572 1359 3639 Reg.
1409 3571 1577 3626 relata
1610 3581 1739 3624 tom.
1783 3586 1829 3637 ι,

253 3661 375 3715 cap.
407 3646 460 3711 6,
490 3645 719 3701 Concilii
748 3645 1005 3714 Ephesini
1047 3662 1058 3699 :
1104 3645 1186 3698 cui
1213 3643 1354 3699 adde
1387 3642 1747 3715 Epiplianium
1780 3643 1836 3696 in

253 3714 586 3787 Ancborato,
641 3728 694 3773 et
743 3734 862 3788 qua:
918 3730 1019 3787 ego
1068 3716 1424 3772 animadverti
1491 3717 1557 3770 ad
1604 3714 1727 3769 Nat.
1783 3729 1836 3768 χι

255 3788 313 3845 S.
350 3790 559 3845 Paulini
590 3799 721 3843 tom.
758 3806 775 3844 1
803 3789 1011 3845 Anecd.

328 3862 349 3892 ³
380 3863 635 3917 Divinare
662 3860 792 3915 milii
818 3878 923 3915 non
952 3860 1161 3926 videar,
1193 3861 1239 3916 si
1268 3860 1542 3930 proposita
1570 3858 1839 3914 Bachiarii

256 3934 422 3989 verba
450 3935 515 3988 ad
544 3934 813 3989 celebrem
846 3933 1174 4003 disciplinam
1198 3934 1373 4003 arcani
1402 3931 1685 3987 referenda
1716 3944 1839 3984 esse

254 4007 623 4076 pronuntiem.
652 4006 862 4060 Etenim
897 4002 986 4057 hic
1019 4002 1317 4076 secundum
1350 4004 1693 4073 antiquorum
1726 4017 1843 4054 mo-

255 4075 370 4133 rem
426 4077 734 4133 mirandum
787 4075 1143 4130 Eucharistite
1197 4087 1595 4129 sacramentum
1645 4089 1844 4141 propo-

257 4150 428 4217 nitur,
454 4150 551 4206 sed
578 4150 679 4204 sub
722 4148 1011 4204 verborum
1045 4148 1323 4201 involuero
1352 4156 1407 4201 et
1438 4146 1601 4199 nube.
1636 4142 1843 4214 Ecquid

256 4237 389 4277 sane
412 4230 496 4277 est
517 4220 711 4287 Altare,
730 4221 864 4275 unde
880 4218 1047 4272 vitalis
1059 4219 1156 4272 cibi
1178 4218 1550 4288 participantur
1572 4217 1839 4281 alimenta,

258 4293 363 4350 nisi
409 4303 818 4350 sacrosanctum
851 4290 1109 4346 dominici
1159 4295 1410 4358 corporis
1454 4290 1843 4359 sanguinisque

257 4368 695 4422 sacramentum?
726 4364 929 4435 Nempe
960 4376 1297 4417 consuevere
1335 4360 1560 4435 Veteres
1591 4360 1845 4435 dogmata

258 4438 507 4507 quzedam
542 4440 781 4508 ritusque
801 4429 1201 4492 ecblesiasricos
1223 4433 1525 4508 occultare,
1558 4447 1628 4486 ne
1656 4429 1847 4508 inlide—

260 4503 398 4566 l’ium
417 4509 655 4565 ludibrio
687 4503 836 4563 saera
861 4514 1288 4574 exponerentur,
1311 4504 1511 4559 Christi
1532 4503 1844 4557 mandatum

260 4582 470 4638 secuti:
501 4579 623 4635 Non
650 4598 753 4635 esse
781 4580 1007 4633 dandum
1032 4588 1265 4632 sanctum
1305 4577 1514 4630 canibus
1533 4617 1547 4641 ,
1580 4591 1671 4628 nec
1707 4590 1848 4627 mar-

260 4656 454 4727 garitas
485 4653 830 4727 projiciendas
862 4668 967 4727 esse
989 4658 1106 4704 ante
1134 4665 1335 4727 porcos.
1370 4649 1519 4727 Quin_
1541 4646 1674 4716 ipsis
1704 4655 1851 4727 cate-

260 4718 962 4782 chumenis'eeclesiastica
1002 4718 1248 4793 qumdam
1295 4718 1553 4791 mysteria
1608 4718 1850 4793 occulta-

260 4799 484 4863 bantur,
514 4798 739 4867 ejusque
770 4796 847 4851 rei
876 4787 1053 4867 uacui
1079 4793 1211 4867 facit
1247 4794 1304 4849 S.
1338 4787 1477 4861 Aug.
1514 4789 1765 4867 tract.
1795 4787 1849 4843 in

261 4855 567 4925 Joanne'm':
602 4855 1011 4933 Cdtechumenis,
1044 4865 1239 4936 inquit,
1270 4855 1854 4936 sacramenta/idalium
1879 4855 1935 4917 D

264 4960 368 5015 non
390 4942 702 5015 produntur.
724 4940 1068 5015 Prmcipuum
1095 4934 1228 4992 vero
1254 4952 1320 4992 ex
1346 4934 1702 5015 iisncapitibus
1729 4948 1849 5015 quze

265 5006 662 5083 reticebanlur,
715 5012 817 5067 fuit
871 5006 1213 5068 incruentum
1260 5008 1586 5065 sacrificium
1631 5006 1846 5072 altaris,

342 5161 367 5189 ἰ
409 5149 557 5207 Edit.
582 5146 745 5216 Med.,
776 5146 1009 5216 artiﬁcii.

340 5222 369 5262 ι’
410 5223 509 5278 Vix
533 5221 665 5277 mihi
696 5212 1000 5289 temperare
1023 5218 1191 5286 potui,
1227 5212 1854 5289 quinrscriberem,quod

270 5299 493 5370 fuit,est
520 5309 537 5359 ,°
566 5294 702 5370 quod
724 5287 828 5370 est,
844 5292 960 5370 erit.
986 5289 1208 5370 Amicus
1230 5287 1453 5370 doctiss.
1489 5287 1622 5341 nihil
1652 5294 1853 5370 mutat,

270 5358 679 5428 sed'locnm'ita
708 5363 1007 5434 distinguit.
1042 5358 1314 5414 Credimus
1341 5359 1679 5434 Deumucsse;
1719 5358 1857 5427 quod

272 5444 416 5513 fuit:
447 5448 596 5508 erat,
637 5436 771 5509 quod
816 5430 962 5489 erat:
991 5434 1087 5487 erit
1132 5448 1413 5501 numquam
1459 5430 1633 5498 aliud,
1659 5446 1859 5500 seraper

274 5517 433 5569 idem.

352 5598 373 5626 ε
416 5581 727 5653 Legendum
773 5581 1021 5653 suspicor
1047 5620 1061 5644 ,
1100 5592 1238 5653 unus
1284 5574 1467 5629 Parua
1518 5573 1698 5629 Deus:
1728 5574 1857 5640 vel,

275 5676 414 5715 unus
438 5646 617 5723 Pater,
642 5663 689 5709 et
714 5670 848 5707 unus
870 5646 1047 5705 Filius
1075 5650 1138 5702 de
1163 5646 1340 5723 Patre.

351 5730 377 5767 ἀ
418 5720 622 5783 Prioris
669 5725 921 5781 editionis
970 5722 1467 5792 interpunctionem
1522 5720 1859 5791 corrigimus.

280 5801 511 5862 Refellit
541 5807 727 5854 auctor
752 5806 971 5852 veteres
1000 5792 1285 5866 quosdam,
1303 5809 1364 5849 ac
1385 5793 1683 5863 praesertim
1712 5792 1867 5866 Aria-

278 5892 405 5946 nos,
437 5873 527 5945 qui
552 5872 744 5943 gradus
770 5870 826 5925 in
859 5862 1123 5925 Trinitate
1140 5862 1437 5924 commenti
1462 5874 1608 5935 sunt,
1624 5879 1724 5922 ceu
1744 5862 1867 5935 Spi-

1863 3461 1907 3525 C

1937 1960 2209 2032 ingenitus
2237 1960 2402 2015 Pater
2428 1959 2522 2026 sit,
2546 1958 2702 2029 cujus
2732 1965 2817 2014 est
2845 1956 3102 2027 Spiritus,
3126 1957 3147 1988 ⁸
3169 1958 3383 2014 incaute
3409 1958 3531 2029 Spi-

1940 2143 2126 2199 utpote
2150 2134 2293 2204 quod
2317 2134 2659 2190 ethnicorum
2685 2134 3010 2207 rudiumque
3033 2136 3086 2191 in
3119 2136 3225 2193 fide
3250 2137 3528 2197 hominum

1937 2207 2354 2282 intelligentiam
2385 2218 2629 2282 superet.
2662 2208 2905 2282 Possem
2949 2209 3052 2282 hoc
3082 2212 3354 2266 sexcentis
3400 2229 3529 2282 pro-

1936 2277 2067 2334 bare
2096 2277 2384 2348 exemplis,
2418 2279 2520 2333 nisi
2544 2278 2772 2334 eruditis
2803 2290 3001 2348 priesto
3030 2280 3210 2336 forent
3238 2298 3287 2338 c.
3318 2298 3372 2338 v.
3401 2277 3532 2340 Em-

1936 2350 2203 2406 manuelis
2248 2366 2278 2403 a
2309 2349 2648 2406 Schelstratc
2692 2350 2967 2406 Vaticana:
3016 2353 3143 2406 olim
3178 2353 3527 2411 bibliotheca:

1937 2423 2179 2498 praefecti
2210 2423 2353 2498 edita
2388 2421 2443 2476 in
2488 2424 2628 2498 hanc
2653 2436 2771 2477 rem
2790 2424 3090 2498 volumina,
3124 2424 3217 2479 ubi
3245 2426 3528 2498 disciplina

1935 2496 2112 2548 arcani
2143 2495 2358 2564 egregie
2402 2496 2727 2566 proponitur
2759 2494 3114 2566 validiusque
3153 2494 3526 2556 conﬁrmatur.

1936 2566 2087 2620 lllius
2139 2567 2355 2636 quidem
2408 2566 2659 2622 laborem
2703 2565 3036 2622 Wilhelmus
3085 2568 3399 2627 Tentzelius
3447 2575 3533 2627 vir

1935 2638 2182 2692 eruditus
2204 2637 2521 2714 deprimere
2542 2636 2704 2691 editis
2735 2637 2889 2714 libris
2907 2648 3142 2714 conatus
3169 2650 3274 2714 est,
3301 2652 3357 2697 at
3382 2645 3530 2714 quali

1935 2724 2195 2784 successu
2236 2709 2351 2784 jam
2379 2709 2554 2763 doctis
2580 2719 2663 2763 est
2704 2710 3165 2766 animadversum.
3200 2710 3342 2768 Satis
3372 2709 3535 2784 igitur

1937 2782 2222 2836 Bachiario
2252 2780 2355 2835 fuit
2384 2788 2595 2834 tantum
2636 2791 3035 2837 sacramentum
3074 2786 3355 2840 dumtaxat
3384 2780 3534 2843 desi-

1936 2868 2139 2928 gnare,
2176 2852 2422 2922 illudque
2439 2868 2627 2928 rerum
2647 2851 2970 2928 sublimium
3000 2856 3159 2928 altam
3189 2859 3533 2928 cognitionem

1936 2925 2235 2995 appellare,
2271 2940 2339 2978 ne
2365 2924 2613 2992 publicus
2646 2924 2862 2979 libellus
2889 2927 2941 2978 in
2974 2924 3315 2983 ethnicorum
3340 2946 3535 2988 manus

1938 2994 2171 3051 fortasse
2228 2996 2484 3069 delapsus
2536 2997 2801 3069 mysterio
2863 2998 3164 3069 venerabili
3230 3002 3531 3069 periculum

1938 3067 2524 3143 pareret._Propt-er_ea
2571 3066 2802 3143 inferius
2853 3068 2936 3143 de_
2965 3069 3163 3143 anima:
3203 3066 3412 3143 origine
3455 3076 3535 3131 lo-

1937 3153 2129 3209 quens,
2162 3138 2351 3193 altaris
2388 3138 2585 3207 injecta
2614 3140 2891 3193 mentione
2922 3138 3038 3195 haec
3068 3140 3142 3195 ait
3178 3160 3191 3197 :
3224 3138 3372 3199 Basia
3400 3147 3537 3202 alta-

1936 3213 2009 3287 ris
2030 3211 2165 3264 velut
2189 3211 2425 3287 quasdam
2452 3208 2608 3287 radix
2636 3210 3009 3287 profunditatis
3026 3223 3138 3287 est,
3170 3218 3321 3287 cujus
3342 3228 3536 3275 secreto

1938 3282 2091 3336 etiam
2142 3283 2396 3335 rationem
2444 3282 2633 3333 anima:
2670 3281 2979 3351 jungamus.
3026 3284 3186 3339 Vides
3225 3281 3299 3342 ex
3346 3301 3535 3348 nostro

1938 3363 2159 3409 auctore
2206 3365 2315 3407 tum
2349 3352 2545 3407 anima:
2585 3352 2884 3423 originem,
2922 3362 3033 3409 tum
3080 3363 3407 3416 sacramenti
3437 3378 3536 3418 ve-

1938 3426 2163 3501 nerandi
2187 3426 2586 3501 institutionem
2607 3426 2673 3478 ad
2703 3426 2880 3479 arcani
2907 3427 3238 3501 disciplinam
3261 3443 3533 3501 spectare.

1939 3495 2045 3570 Sed
2074 3498 2188 3570 haec
2207 3496 2655 3570 _satis_s_uperqt_te
2682 3507 2735 3550 et
2765 3513 2832 3551 ex
2866 3512 3014 3552 mera
3042 3495 3366 3570 conjectura

2008 3568 2031 3599 "
2072 3568 2313 3623 Tertiam
2360 3567 2647 3622 Trinitatis
2695 3582 2985 3637 personam
3034 3567 3253 3629 incaute
3302 3576 3409 3632 dici
3455 3578 3536 3634 in-

1938 3642 2164 3715 genitam
2215 3638 2542 3715 Dachiarius‘
2573 3638 2831 3715 affirmat,
2887 3642 3115 3715 ejusque
3148 3648 3288 3702 ratio
3318 3650 3537 3706 validis-

1937 3710 2086 3793 sima
2120 3712 2371 3793 profecto
2403 3710 2546 3793 mihi
2591 3711 2837 3793 videtur;
2880 3710 3192 3793 evitandum
3227 3720 3370 3793 enim
3412 3731 3531 3793 est,

1938 3786 2115 3865 inquit
2141 3786 2253 3865 ille,
2290 3801 2354 3837 ne
2380 3784 2753 3865 duo'ingenitt',
2784 3795 2885 3865 _aut
2908 3786 3008 3841 duo
3036 3786 3319 3865 Patresab
3350 3784 3537 3865 inﬁde;

1942 3856 2075 3911 libus
2119 3860 2459 3911 restimentur.
2496 3854 2552 3909 ln
2572 3854 2835 3927 symbolo
2866 3866 3047 3914 tamen
3098 3862 3242 3927 quod
3274 3863 3331 3919 S.
3367 3854 3537 3921 A'tha.

1942 3928 2434 4008 nasionascr-ibitur,
2462 3936 2625 4008 atque
2660 3927 2728 4008 ab
2746 3928 2991 4008 Ecclesia
3020 3927 3286 3989 catholica
3316 3938 3541 4008 adopta-

1941 4008 2054 4053 tum
2088 3998 2209 4065 fuit,
2238 4002 2351 4051 haec
2397 3999 2468 4051 ita
2502 3999 2799 4067 leguntur:
2826 4000 3064 4068 Spiritus
3090 4017 3295 4059 sanctus
3324 4026 3355 4060 a
3380 3998 3539 4067 Patre

1942 4080 1988 4124 et
2026 4069 2321 4150 .FilioLnon
2343 4071 2530 4149 factus,
2558 4086 2649 4121 nec
2681 4078 2905 4150 creatus,
2931 4089 3023 4126 nec
3044 4077 3267 4146 genitus,
3297 4080 3386 4132 sed
3419 4098 3541 4150 pro-

1943 4143 2145 4220 cedens.
2174 4141 2231 4196 Si
2254 4157 2355 4192 non
2379 4140 2582 4220 genitus
2603 4139 2965 4220 es_t_Spiritus_,
3014 4139 3143 4220 ergo
3174 4139 3447 4220 ingenitus,
3475 4171 3539 4212 ac

1945 4214 2147 4269 idcirco
2176 4221 2282 4265 stat
2321 4221 2509 4265 contra
2545 4211 2892 4267 Bachiarium
2924 4211 3190 4270 Ecclesia.
3220 4211 3287 4274 Et
3316 4239 3375 4275 re
3416 4211 3539 4282 vera

1949 4301 2112 4339 unum
2159 4284 2396 4356 Verbum
2446 4284 2629 4356 vocari
2663 4297 2823 4356 posse
2867 4287 3095 4355 genitum
3129 4298 3239 4345 tum
3272 4309 3299 4345 a
3332 4292 3541 4356 Joanne

1948 4359 2001 4437 in
2036 4355 2327 4426 Evangelio
2370 4370 2489 4437 cap.
2523 4354 2725 4437 primo,
2757 4355 2846 4437 ubi
2874 4354 3198 4437 unigenitum
3228 4363 3312 4419 bis
3356 4354 3541 4437 appel;

1950 4428 2044 4507 lat,
2081 4425 2248 4507 tum'a
2281 4425 2949 4507 symliolp_Apostolorum
2975 4425 3038 4507 et
3065 4445 3093 4507 _a
3127 4425 3405 4507 plerisque
3429 4425 3541 4496 Ῥα-

1951 4502 2127 4555 tribus
2158 4498 2943 4579 docemurqlgitur_Spiritus
2974 4500 3080 4579 dici
3127 4498 3329 4575 nequit'
3341 4514 3542 4579 genitus

1950 4583 2005 4627 et
2047 4583 2235 4626 contra
2285 4570 2562 4642 ingenitus!
2588 4569 2694 4624 dici
2736 4571 2960 4639 poterit.
3013 4569 3386 4636 Verum-rect'e
3415 4597 3541 4641 sen-

1952 4644 2090 4699 sisse
2121 4640 2491 4715 Bachiarium,
2512 4640 2568 4694 ni
2596 4656 2713 4696 mea
2747 4657 2833 4697 me
2864 4642 3003 4698 fallit
3028 4645 3238 4715 opinio,
3264 4640 3545 4713 evidentér

1952 4716 2264 4797 ostendam.
2296 4713 2492 4796 Itaque.
2508 4715 2754 4797 primum.
2778 4713 3274 4778 animadvertamus
3308 4739 3543 4797 oportet,

1955 4788 2197 4871 ingenitis
2239 4800 2430 4841 vocem
2482 4785 2789 4871 itavPatris
2831 4801 2975 4871 esse,
3016 4799 3085 4871 _ut
3125 4785 3399 4867 tamquam
3428 4785 3547 4871 ejué

1955 4858 2264 4987 ﬁroprielas
2338 4858 2645 4940 personalis
2722 4859 2865 4943 apud
2924 4860 3220 4943 scriptores
3254 4858 3548 4943 "antiquos

1997 4932 2267 4986 aberetur.
2334 4928 2599 4985 Eusebius
2648 4929 3001 4987 Caesariensrs
3059 4950 3184 4987 can.
3234 4940 3301 4987 19
3363 4944 3451 4987 lih,
3514 4961 3548 4987 ιι

1997 4932 2267 4986 aberetur.
2334 4928 2599 5006 Eusebius
2648 4929 3001 5006 Casariensis
3035 4928 3184 5006 'cap.
3234 4940 3301 4995 19
3360 4928 3455 5000 Ιὶιῖ.
3495 4928 3551 5002 3i

1958 5004 2147 5059 Actor.
2206 5000 2424 5058 concilii
2481 5000 2685 5057 Nicaeni
2740 5017 2769 5055 a
2834 5002 3054 5063 Gelasio
3108 5000 3376 5081 Cyziceno
3440 5000 3555 5073 col-

1960 5139 2100 5223 ritus
2146 5143 2369 5223 sanctus
2412 5143 2571 5223 esset
2597 5134 3038 5223 ἱηίςειῆοινιιῖξιίο2
3075 5144 3165 5199 hic
3190 5147 3370 5223 Patre,
3393 5168 3552 5223 quem

1965 5212 2145 5293 solum
2168 5208 2374 5293 id_cir_co
2413 5207 2789 5293 vocabantet)»
2818 5211 2949 5293 ὑπέρ

2041 5291 2063 5318 θ
2107 5281 2280 5336 Verba
2308 5279 2449 5346 haec,
2480 5281 2570 5331 sed
2593 5278 2794 5345 Patris,
2816 5278 3111 5342 abu'ndant.

2042 5348 2789 5441 1.1.".aerumnam,
2818 5354 3326 5441 Gemma-Hispano
3352 5407 3366 5431 ν
3392 5384 3553 5441 quem

1967 5422 2365 5501 edidit_Joseph
2398 5422 2734 5501 BI_ancbimr_s_
2758 5440 2811 5501 γ.
2837 5428 2913 5501 cl.
2942 5432 3104 5501 tacite
3135 5422 3556 5501 notantu'rjant-i;

1969 5497 2060 5569 qui
2102 5497 2318 5571 illarum
2344 5497 2641 5571 regionum
2689 5495 2919 5571 Unitarii
2962 5500 3047 5555 liis
3086 5506 3305 5562 verbis:
3342 5495 3511 5571 Filius

1967 5562 2069 5625 non
2096 5570 2209 5652 ipse
2232 5568 2319 5634 qui
2335 5562 2493 5652 Pater
2512 5575 2606 5635 est,
2633 5568 2887 5635 creditur;
2923 5573 3045 5652 dum
3074 5586 3244 5633 tamen
3269 5562 3552 5652 ipsﬁutvessve:

1969 5634 2296 5713 “Odi-Pa“?
2319 5648 2420 5713 9.“,
2455 5634 2702 5713 fateatur.
2734 5657 2857 5713 pag.
2885 5643 2971 5697 ts.
3291 5634 3304 5652 ι

2005 5710 2451 5838 itzsvl‘iixmdubito,
2485 5712 2616 5783 quin
2645 5710 2959 5772 Baebiarius
2987 5718 3303 5795 scripserit,
3334 5729 3424 5784 sed
3451 5732 3560 5804 spi-

1970 5794 2102 5841 ritus
2126 5794 2278 5838 f'tltt.
