4060 6344
1524 279 1908 340 PROFESSIO
1946 279 2150 340 FIDE].

3376 285 3516 347 1030

226 396 393 466 ginem
432 409 670 468 quoque.
685 395 754 454 de
795 408 900 468 qua
944 403 1138 452 natum
1180 395 1418 463 scimus,
1448 404 1505 451 et
1533 396 1801 467 virginem
1828 397 2032 471 Aquis
2068 399 2226 454 nobis
2265 410 2445 463 nunc,
2488 413 2596 453 non
2639 401 3079 469 repercutiendi,
3150 403 3247 460 sed
3308 405 3517 463 vitandi

225 500 343 546 ante
386 499 634 562 partum,
685 500 744 548 et
777 491 1042 562 virginem
1089 499 1212 561 post
1265 497 1512 560 partum,
1567 505 1637 546 ne
1670 505 1806 547 con-

225 594 392 639 sortes
416 583 686 639 Elvidiani
711 584 922 640 erroris
951 583 1268 640 habeamur.
1301 583 1318 614 ¹
1348 581 1582 639 Carnem
1615 592 1642 621 ⁸
1671 599 1809 652 quo-

228 693 323 748 que
367 686 572 734 nostra:
622 679 1042 736 resurrectionis
1089 677 1318 734 fatemur
1347 679 1614 748 integram
1643 685 1807 748 atque

227 774 554 842 perfectam,
585 773 778 845 bujns,
810 775 862 830 in
897 789 1002 844 qua
1043 773 1273 828 vivimus
1309 773 1362 828 in
1405 771 1662 841 praesenti
1704 786 1809 826 sae-

225 868 374 934 culo,
429 878 524 925 aut
579 870 737 926 bonis
784 869 992 924 artibus
1033 868 1451 939 gnbernamur,
1501 874 1598 921 aut
1649 865 1807 922 malis

224 963 476 1032 operibus
527 963 914 1034 subjacemus.
967 970 1026 1016 ut
1072 959 1348 1032 possimus
1403 961 1458 1014 in
1504 961 1662 1029 ipsa,
1714 968 1808 1013 aut

227 1071 316 1126 pro
347 1057 508 1112 malis
531 1069 817 1127 ptenarum
848 1067 1120 1113 tormenta
1147 1055 1449 1122 sustinere,
1472 1064 1566 1109 aut
1587 1068 1684 1123 pro
1710 1052 1810 1107 bo-

224 1149 301 1206 nis
336 1151 608 1206 bonorum
650 1150 874 1222 praemia
911 1150 1226 1220 acquirere:
1251 1164 1458 1219 neque,
1500 1154 1560 1203 ut
1586 1145 1808 1216 quidam

223 1241 806 1311 absurdissime,aliam
836 1257 934 1313 pro
962 1241 1066 1298 hac
1094 1251 1526 1297 resurrecturam
1553 1237 1807 1304 dicimus,

224 1336 313 1393 sed
343 1336 487 1393 hanc
519 1337 730 1407 ipsam,
767 1336 918 1392 nullo
954 1336 1176 1392 omnino
1205 1336 1254 1392 ei
1287 1333 1372 1390 vel
1407 1332 1656 1389 membro
1695 1346 1810 1386 am-

225 1439 408 1502 putato
436 1473 452 1498 ,
485 1430 573 1486 vel
607 1431 786 1502 aliqua
815 1429 1062 1500 corporis
1088 1437 1245 1500 parte
1264 1425 1294 1467 δ
1321 1427 1559 1484 desecta.
1607 1425 1705 1481 Hic
1727 1432 1812 1480 est

225 1536 424 1581 nostrae
471 1523 627 1580 Fidei
669 1525 992 1594 thesaurus,
1023 1537 1188 1593 quem
1225 1523 1498 1592 signatum
1545 1517 1807 1576 ecclesia-

223 1616 354 1674 sﬁco
386 1616 651 1688 Symbolo
684 1616 831 1688 quod
857 1616 914 1672 in
946 1615 1218 1684 baptismo
1249 1612 1586 1684 accepimus,
1617 1621 1807 1668 custo-

222 1709 417 1766 dimus.
447 1709 539 1768 Sic
575 1724 761 1766 coram
809 1709 923 1764 Deo
946 1708 1114 1765 corde
1157 1707 1473 1764 credimus:
1507 1706 1589 1764 sic
1622 1721 1806 1763 coram

1912 502 2120 549 tantum
2155 493 2329 549 hostis
2359 508 2490 549 cura
2513 504 2766 564 suscepta
2797 504 2902 551 est.

1980 587 2037 642 4.
2077 587 2193 643 Jam
2217 602 2372 653 vero,
2397 587 2444 642 si
2467 588 2635 644 etiam
2662 589 2791 644 illud
2821 605 2851 643 a
2875 590 3032 647 nobis
3059 595 3356 664 quaeritur,
3386 613 3520 669 qua-

1912 681 2036 738 liter
2063 681 2133 737 de
2183 681 2364 738 anima
2422 682 2744 751 sentiamus,
2780 684 2979 742 factam
3030 689 3313 748 credimus
3360 707 3524 761 esse,

1910 776 2051 830 sicut
2076 775 2304 847 legimus
2331 777 2383 831 in
2414 777 2692 833 Hieremia
2713 781 2980 850 propheta
3014 797 3113 850 per
3144 800 3334 857 regem
3357 786 3528 844 Sede.

1911 867 2054 923 ciam
2093 867 2370 924 dicentem
2406 886 2419 922 :
2458 870 2597 925 Viuit
2628 869 2911 940 Dominus,
2942 877 3030 944 qui
3054 878 3176 948 fecit
3224 881 3370 937 nobis
3411 883 3530 937 ani-

1913 976 2051 1014 mam
2080 961 2232 1016 istam
2261 960 2490 1034 (larem.
2525 979 2758 1034 xxxviii,
2782 967 2896 1036 16).
2927 970 2948 1000 ³
2979 968 3038 1024 Si
3090 980 3281 1029 autem
3332 978 3530 1046 quatri-

1915 1062 2021 1120 tur,
2057 1055 2208 1110 unde
2236 1057 2309 1110 sit
2337 1055 2499 1124 facta,
2531 1060 2751 1116 nescire
2781 1077 2869 1118 me
2896 1062 3092 1132 fateor,
3130 1068 3265 1139 quia
3306 1085 3405 1125 nec
3433 1087 3526 1126 us-

1914 1160 2078 1214 quam
2110 1145 2315 1217 legisse
2365 1163 2646 1220 cognosco
2677 1169 2690 1206 :
2725 1163 2782 1210 et
2818 1155 2942 1210 ideo
2982 1173 3082 1214 nec
3129 1161 3198 1216 de
3252 1161 3528 1233 imperitia

1913 1238 2206 1305 erubesco,
2239 1242 2364 1310 quia
2391 1242 2635 1301 lectione
2684 1261 2790 1302 non
2823 1248 3065 1318 doceor;
3109 1265 3287 1324 neque
3315 1256 3530 1326 perieu-

1915 1329 2029 1384 lum
2079 1331 2339 1400 formido,
2372 1335 2498 1406 quia
2534 1351 2657 1407 qua:
2679 1353 2788 1394 non
2819 1341 2959 1411 lego,
2994 1359 3103 1400 non
3135 1361 3431 1415 praesumo,
3457 1366 3526 1406 ne

1915 1434 2292 1496 transgressor
2326 1429 2776 1498 propheticorum
2822 1433 3068 1490 inveniar
3100 1452 3524 1512 praeceptorum,

1914 1515 2007 1587 qui
2042 1516 2268 1573 mandat
2306 1522 2635 1590 sanguinem
2692 1538 2799 1580 non
2849 1529 3186 1599 manducari,
3238 1534 3521 1604 adjiciens,

1916 1609 2114 1683 (Leuit.
2152 1626 2306 1676 xvur,
2339 1611 2464 1684 14),
2496 1615 2623 1684 quia
2645 1612 2672 1652 ά
2704 1623 2868 1672 omnis
2899 1623 3074 1675 carnis
3099 1626 3318 1696 sanguis
3349 1628 3525 1682 anima

1913 1715 2009 1760 est.
2043 1704 2184 1773 Quid
2212 1708 2358 1763 enim
2409 1719 2495 1764 est
2545 1713 2862 1781 sanguinem
2909 1715 3261 1787 manducare,
3305 1721 3410 1776 nisi
3454 1725 3523 1777 de

219 1802 530 1860 hominibus
569 1802 729 1859 labiis
768 1801 1128 1866 conﬁtemur;
1171 1813 1230 1856 ut
1271 1812 1328 1857 et
1368 1800 1681 1856 hominibus
1716 1816 1811 1856 co-
1838 1804 1886 1866 B
1914 1799 2094 1854 anima
2116 1797 2435 1869 diSputare?
2456 1800 2530 1855 Et
2549 1801 2675 1858 ideo
2701 1820 2922 1860 carnem
2945 1821 3066 1877 quae
3088 1810 3322 1864 nobisin
3347 1813 3518 1867 Adam

219 1897 384 1968 gnitio
410 1913 506 1953 sua
538 1895 701 1952 fidem
732 1897 916 1960 faciat,
948 1906 1006 1952 et
1031 1895 1146 1950 Deo
1191 1896 1373 1964 imago
1420 1911 1517 1948 sua
1560 1894 1809 1950 testimo-

225 1993 368 2047 nium
401 1989 616 2047 reddat.
648 1990 747 2044 llic
773 1997 860 2044 est
886 1999 906 2026 ε
941 1987 1168 2044 baculus
1195 1985 1532 2042 defensionis
1571 1997 1807 2052 nostrae,

228 2101 329 2156 quo
357 2084 814 2140 murmurantium
853 2082 1120 2138 adversus
1152 2097 1252 2138 nos
1277 2096 1370 2135 ora
1409 2080 1687 2147 feriamus,
1716 2081 1809 2151 qui

223 2192 320 2234 nos
356 2193 453 2245 per
497 2178 640 2231 viam
683 2175 846 2245 hujus
872 2176 1058 2231 sacculi
1096 2183 1474 2240 transeuntes,
1497 2175 1630 2247 jugo
1667 2192 1800 2232 con-

217 2269 522 2326 suetudinis
549 2311 564 2338 ,
602 2284 711 2326 non
739 2267 919 2325 studio
944 2268 1174 2324 rationis
1204 2268 1498 2324 oblatrant.
1534 2269 1652 2325 Hoc
1677 2286 1804 2327 scu-

217 2373 322 2424 tum
364 2365 490 2421 fidei
531 2373 763 2430 nostris,
795 2378 908 2432 quo
944 2364 1374 2420 obtrectantium
1417 2364 1704 2421 verborum
1749 2375 1809 2421 et

218 2470 478 2517 venenata
539 2460 909 2529 suspicionum
959 2459 1163 2530 spicula
1194 2459 1509 2528 repellimus
1557 2475 1622 2514 c
1667 2460 1806 2515 vita-

224 2568 342 2608 mus
367 2593 380 2618 ,
421 2568 492 2609 ne
528 2553 748 2624 aliquod
785 2552 841 2608 in
875 2553 1035 2608 nobis
1073 2562 1264 2622 patens
1301 2554 1609 2609 membrum
1655 2564 1712 2608 et
1737 2555 1808 2610 de

215 2647 566 2716 protectione
598 2646 720 2702 ﬁdei
763 2645 999 2709 nudum.
1032 2659 1215 2702 sermo
1261 2646 1473 2702 inimici
1501 2648 1596 2718 qui
1623 2648 1690 2703 ad
1725 2647 1805 2702 fc-

210 2738 466 2796 riendum
491 2739 818 2804 destinatur,
849 2738 1108 2795 inveniat.
1141 2738 1248 2796 Sed
1275 2739 1538 2796 sileamus
1567 2741 1634 2797 de
1675 2740 1762 2795 bis
1791 2782 1810 2808 ,

209 2923 271 2979 Β.
293 2921 484 2976 Maria:
511 2921 811 2977 illustribus
833 2921 1165 2993 argumentis
1196 2923 1471 2978 tuetur.ln
1506 2922 1646 2978 hanc
1677 2939 1827 2977 eam-

215 2994 335 3050 dem
388 3009 611 3048 arenam
642 2994 923 3049 descendit
949 2993 1284 3064 Epiphanius
1306 2994 1554 3050 haresim
1580 2994 1830 3049 Antidico

212 3066 617 3122 Marianitarum
647 3079 978 3130 recensens;
1011 3066 1144 3135 quin
1190 3066 1455 3132 prolixam
1501 3065 1555 3120 in
1602 3066 1824 3121 eosdem

217 3138 505 3195 haereticos
551 3137 839 3206 epistolam
895 3135 1138 3206 soripsit,
1181 3152 1344 3208 quam
1400 3136 1601 3194 ibidem
1641 3138 1825 3208 legere

218 3220 458 3296 35‘s“,
831 3281 1091 3296 ,.,..
1430 3281 1498 3296 ,,
1622 3235 1897 3296 ηηῦ

285 3284 301 3313 ¹
334 3281 465 3336 litec
485 3279 704 3350 quidem
731 3281 907 3353 verba,
927 3283 979 3336 in
1001 3282 1287 3353 Origenem
1330 3281 1537 3350 prolata
1579 3295 1702 3353 esse
1745 3280 1828 3336 vi-

229 3354 460 3418 dentur;
482 3354 569 3406 hic
585 3353 731 3408 enim
751 3351 996 3423 pluribus
1017 3355 1073 3424 in
1097 3351 1319 3420 locis,et
1341 3354 1610 3424 pracipue
1644 3352 1738 3406 lib.
1767 3367 1825 3406 tv

220 3425 286 3482 de
335 3426 569 3481 Resurr.
601 3433 657 3479 et
704 3425 756 3478 in
805 3423 1156 3492 Expositione
1204 3423 1364 3495 primi
1419 3425 1630 3494 psalmi,
1664 3435 1719 3478 et
1771 3426 1824 3477 in

222 3496 593 3554 Stromatibus
625 3495 896 3565 propriam
931 3511 1152 3552 carnem
1205 3512 1312 3566 qua
1342 3497 1591 3551 homines
1622 3497 1675 3548 iu
1716 3495 1824 3548 vita

217 3580 346 3624 sunt
407 3567 530 3634 usi,
577 3578 824 3622 extremo
872 3567 1063 3636 judicii
1116 3568 1206 3623 die
1242 3587 1348 3624 non
1396 3575 1828 3624 resurrecturum

219 3640 534 3695 afﬁrmavit.
605 3637 732 3693 Mihi
801 3647 980 3692 tatnen
1039 3641 1294 3710 propiora
1353 3639 1641 3696 Bacltiario
1697 3649 1831 3692 tem-

218 3728 353 3782 pora
387 3712 482 3783 hic
507 3711 802 3783 signiﬁcari
830 3711 1129 3767 creduntur
1155 3729 1172 3777 ;
1221 3714 1486 3783 siquidem
1516 3712 1619 3767 sub
1647 3711 1832 3766 smculi

220 3781 404 3855 quarti
457 3781 622 3855 ﬁnem
675 3781 914 3837 Joannes
971 3781 1498 3855 Hierosolymitanus
1544 3784 1835 3855 episcenos

221 3853 450 3911 eosdem
484 3853 734 3922 Origenis
753 3868 971 3909 errores
988 3853 1314 3924 recoquens,
1333 3871 1554 3910 causam
1581 3855 1679 3910 SS.
1706 3853 1835 3924 Epi-

225 3928 432 3996 phanio
463 3940 528 3979 ac
552 3925 885 3994 Hieronymo
925 3927 1157 3993 praebuit
1185 3944 1282 3992 pro
1309 3929 1574 3980 catholica
1607 3927 1837 3981 veritate

224 3995 529 4054 Scribendi.
557 3995 784 4066 Egregia
809 3997 1102 4050 admodum
1150 3999 1291 4052 hanc
1346 4001 1395 4050 in
1435 4013 1548 4052 rem
1605 3996 1838 4050 videnda

225 4079 310 4124 est
336 4069 586 4139 ejusdem
614 4068 924 4139 Hieronymi
946 4068 1178 4139 epistola
1207 4070 1298 4127 61.
1315 4069 1381 4124 ad
1405 4067 1835 4133 Pammachium,

227 4136 703 4224 adversuserrores
723 4136 948 4220 Joannis
973 4137 1330 4224 ierosolgm.
1358 4140 1513 4224 [iuno
1535 4155 1690 4224 .vero
1721 4140 1840 4208 epi-

229 4229 460 4283 sc0pum
491 4211 630 4264 infra
679 4211 841 4283 tacito
869 4210 1087 4266 nomine
1127 4210 1397 4282 designari
1433 4210 1692 4277 arbitror,
1717 4224 1841 4283 cum

231 4281 556 4340 Baebiarius
584 4283 661 4353 ait
687 4299 699 4335 :
735 4281 932 4352 Neque,
957 4294 1013 4334 ut
1039 4281 1663 4353 quidam’absurdissime,
1684 4281 1844 4336 aliam

232 4371 448 4411 carnem
472 4369 565 4423 pro
594 4352 692 4405 hac
721 4352 1124 4408 resurrecturum
1139 4355 1379 4409 dicimus.

310 4431 330 4460 ⁸
368 4426 869 4490 Eminentissimus,
894 4435 952 4480 et
977 4425 1318 4484 clarissimus
1341 4427 1494 4482 card.
1518 4423 1764 4481 Norisius
1789 4426 1846 4481 in

241 4499 408 4555 Vind.
441 4500 670 4566 August.
703 4510 824 4566 cap.
847 4498 911 4568 4,
943 4495 970 4568 §
999 4499 1058 4565 ’5,
1089 4500 1445 4568 quaestionem
1477 4496 1618 4553 banc
1655 4497 1725 4550 ita
1757 4512 1849 4553 oc-

244 4570 488 4640 cupavit,
523 4577 582 4622 ut
610 4568 714 4640 alia
755 4567 880 4623 addi
925 4567 1150 4625 omnino
1205 4579 1498 4639 nequeant.
1555 4569 1730 4624 Pauca
1781 4581 1848 4626 ex

1911 1891 2135 1949 fundata
2165 1901 2272 1958 est,
2315 1909 2610 1964 possumus
2640 1895 2825 1952 dicere
2848 1913 2917 1951 ex
2948 1899 3137 1953 mundi
3164 1899 3516 1970 qualitatibus

1916 1998 1938 2026 ε
1978 1988 2297 2044 substantiae
2339 1988 2453 2044 Deo
2503 1989 2717 2044 artifice
2755 2003 2809 2044 et
2867 2002 3094 2047 auctore
3128 2005 3508 2064 compactam;
3545 2023 3548 2026 -

1910 2083 2228 2152 sanguinem
2282 2084 2431 2138 enim
2491 2083 2557 2137 ad
2610 2083 2793 2138 basem
2830 2082 2850 2122 ι’
2884 2083 3175 2141 fundamus
3206 2086 3424 2152 altaris;
3458 2088 3509 2142 id

1911 2184 2018 2238 est,
2063 2183 2128 2229 ut
2173 2174 2275 2243 ipsi
2321 2175 2413 2246 qui
2444 2175 2672 2241 creavit,
2714 2175 2856 2230 scire
2905 2175 3048 2232 unde
3078 2179 3374 2244 creaverit,
3426 2193 3511 2234 re-

1911 2269 2245 2340 linquamus.
2286 2269 2441 2324 Basis
2471 2271 2615 2324 enim
2655 2271 2845 2325 altaris
2894 2272 3044 2326 velut
3069 2271 3317 2342 quzedam
3357 2272 3507 2328 radix

1913 2363 2302 2434 profunditatis
2331 2374 2440 2431 est,
2473 2362 2629 2434 cujus
2657 2374 2870 2420 secreto
2899 2366 3065 2420 etiam
3099 2365 3365 2421 rationem
3392 2367 3513 2420 ani-

1912 2472 2014 2512 ma:
2048 2457 2363 2528 jungamus,
2392 2457 2460 2512 de
2488 2473 2594 2528 qua
2623 2457 2904 2528 disputare
2943 2475 3050 2512 non
3094 2473 3401 2529 possumus.
3448 2460 3513 2514 Et

1912 2548 2039 2605 ideo
2067 2566 2168 2606 nec
2197 2561 2405 2619 partem
2434 2550 2665 2606 dicimus
2695 2551 2786 2606 Dei
2818 2551 3078 2619 animam,
3113 2552 3260 2606 sicut
3287 2553 3507 2622 quidam

1916 2655 2194 2710 asserunt,
2223 2643 2348 2712 quia
2380 2644 2522 2700 Deus
2561 2643 2917 2716 impartibilis
2940 2654 2997 2701 et
3025 2645 3290 2701 indivisus
3319 2656 3374 2701 et
3403 2650 3506 2702 lm-

1916 2739 2191 2810 passibilis
2217 2746 2302 2794 est
2325 2757 2339 2794 :
2365 2739 2544 2795 anima
2567 2754 2699 2796 vero
2727 2739 2960 2795 diversis
2981 2739 3331 2810 pressionibus
3362 2757 3517 2796 man-

1934 2922 2234 2990 quaestione
2279 2921 2500 2990 agitata,
2540 2921 2673 2975 nihil
2727 2922 2859 2977 certi
2910 2932 3151 2978 statuere
3205 2935 3516 2993 potuerunt.

1931 2993 2299 3067 Cotisulantur
2318 2993 2486 3067 hujus
2516 2993 2753 3067 Epistula
2782 2993 2849 3046 ad
2873 2993 3268 3067 Marcellinum,
3292 3008 3345 3052 et
3376 2999 3521 3067 Apo-

1930 3064 2072 3134 logia
2099 3073 2287 3119 contra
2318 3063 2601 3128 Ruﬁnum;
2630 3065 2777 3119 illius
2801 3079 2934 3117 vero
2962 3066 3205 3135 epistolae
3234 3068 3300 3121 ad
3331 3063 3522 3123 Hiero—

1930 3151 2152 3208 nymum
2168 3136 2299 3212 etad
2311 3135 2589 3212 Optatum,
2608 3136 2837 3205 librique
2849 3149 3084 3212 quatuor
3099 3139 3164 3191 de
3187 3140 3388 3212 origine
3407 3142 3523 3193 ani-

1931 3209 2244 3280 marumtin
2272 3208 2466 3280 quibus
2495 3218 2674 3263 tamen
2704 3223 2819 3263 rem
2858 3208 3074 3280 dubiam
3104 3208 3316 3280 utrique
3349 3212 3524 3266 faten-

1934 3290 2043 3336 tur.
2071 3279 2132 3337 S.
2164 3279 2468 3334 Eucherius
2518 3280 2572 3334 in
2605 3293 2725 3345 cap.
2755 3295 2815 3332 ιιι
2851 3278 3104 3348 Genesis,
3149 3278 3434 3337 Pomerius
3472 3283 3526 3338 in

1932 3351 2028 3426 lib.
2063 3351 2131 3406 de
2160 3351 2362 3426 anima,
2393 3350 2630 3426 Africani
2661 3350 2850 3426 Patres
2871 3365 2996 3426 saec.
3025 3367 3102 3417 vr,
3131 3353 3186 3426 in
3217 3354 3526 3426 epist.syn-

1932 3422 2024 3496 od.
2080 3438 2149 3478 ex
2197 3424 2444 3496 Sardinia
2503 3422 2821 3496 Byzantium
2870 3423 3058 3488 missa,
3121 3425 3179 3480 S.
3213 3422 3528 3496 Fulgentius

1934 3494 2029 3550 lib.
2065 3509 2124 3548 ιιι
2178 3495 2246 3550 de
2295 3492 2470 3550 Verit.
2504 3492 2762 3564 pi-azdest.
2815 3508 2869 3550 et
2913 3497 3127 3565 gratim,
3154 3497 3221 3551 ad
3275 3492 3530 3552 eumdem

1934 3566 2218 3641 scopulum
2261 3566 2504 3641 haesere;
2536 3576 2589 3621 et
2615 3579 2925 3641 postremus
2956 3567 3056 3623 iste
3083 3583 3203 3638 cap.
3233 3570 3324 3641 18,
3354 3573 3536 3641 Augu-

1938 3640 2164 3707 stinum,
2187 3637 2332 3708 quod
2355 3655 2417 3693 ea
2447 3639 2515 3693 de
2544 3653 2606 3693 re
2636 3639 2916 3702 dubitarit,
2948 3637 3200 3694 maximis
3229 3640 3389 3696 effert
3420 3637 3534 3696 lau—

1937 3710 2120 3779 dibus,
2150 3722 2206 3767 et
2227 3721 2388 3780 caput
2418 3712 2736 3781 vigesimum
2765 3711 2850 3766 bis
2871 3712 3076 3766 claudit
3105 3713 3285 3768 verbis
3318 3732 3330 3766 :
3358 3715 3538 3780 Quan-

1940 3793 1990 3836 to
2021 3799 2144 3856 ergo
2170 3783 2354 3838 melius
2395 3783 2457 3836 ab
2482 3782 2641 3855 hujus
2680 3785 2979 3853 qtta’stionis
3015 3786 3299 3839 certamine
3347 3797 3539 3856 tempe-

1940 3855 2151 3922 ramus,
2211 3856 2263 3908 in
2305 3871 2406 3923 qua
2443 3871 2535 3909 nos
2584 3855 2810 3909 inaniter
2863 3857 3100 3910 laborare
3145 3855 3539 3926 cognoscimus!

1943 3926 2233 3993 prasertim
2271 3930 2391 3994 quia
2419 3927 2557 3995 quod
2586 3942 2619 3978 a
2640 3927 2835 3980 sanctis
2866 3928 2990 3980 viris
3019 3931 3307 3994 majoribus
3351 3931 3540 3984 nostris

1942 3997 2412 4060 videmusﬁminime
2441 3997 2737 4063 deﬁnitum,
2785 4008 2988 4065 Oportet
3021 4016 3111 4052 nos
3144 4009 3287 4052 tanto
3334 4003 3542 4054 cautius

1943 4077 2096 4136 atque
2121 4068 2488 4138 temperantius
2512 4083 2762 4138 quaerere,
2789 4077 2986 4137 quanto
3013 4071 3081 4122 ad
3109 4072 3218 4141 ejus
3248 4071 3400 4138 ﬁnem
3422 4070 3541 4125 illos

1947 4141 2227 4212 git-tecturus
2259 4141 2397 4194 uiros
2443 4141 2701 4212 cernimus
2747 4141 2959 4212 minime
2987 4143 3298 4212 peruenisse.
3325 4143 3543 4198 Cassio-

1947 4209 2117 4266 dorus
2165 4225 2381 4281 quoque
2435 4211 2531 4265 lib.
2583 4211 2662 4281 de
2699 4210 2894 4265 Anima
2948 4209 3070 4280 cap.
3115 4211 3201 4276 M,
3243 4210 3542 4279 Gregorius

1947 4281 2175 4353 Magnus
2203 4279 2305 4336 lib.‘
2328 4297 2426 4349 vu,
2447 4282 2606 4351 epist.
2633 4279 2727 4346 53,
2759 4282 2815 4335 iu
2845 4279 3036 4336 eadem
3070 4284 3225 4338 fuere
3252 4282 3548 4339 dubitatio-

1951 4369 2021 4408 ne
2048 4372 2060 4408 :
2088 4355 2216 4424 quin
2261 4353 2320 4409 S.
2353 4353 2595 4409 Isidorus
2653 4354 2804 4424 Hisp.
2849 4355 3020 4424 episc.
3054 4355 3148 4409 lib.
3182 4370 3221 4408 ιι
3268 4355 3339 4410 de
3383 4355 3542 4411 Oflic.

1951 4424 2106 4480 Eccl.
2137 4441 2260 4497 cap.
2294 4425 2386 4490 9.5,
2417 4427 2580 4497 inter,
2607 4425 3110 4497 aliassententias,
3141 4443 3280 4497 quas
3323 4428 3390 4481 de
3445 4428 3550 4497 ﬁde
3638 4444 3643 4449 ·

1953 4496 2218 4552 tenendas
2261 4499 2536 4566 proponit,
2570 4496 2712 4555 hanc
2753 4496 2986 4553 inseruit
3018 4517 3032 4552 :
3067 4496 3220 4562 Ωιιοά
3263 4496 3460 4555 incerta
3485 4499 3553 4552 sit

1954 4569 2143 4624 animae
2161 4571 2326 4643 origo.
2355 4570 2786 4643 Aliosiauctores
2806 4571 2971 4643 etiam
3001 4571 3103 4626 teri
3128 4572 3397 4641 sequioris
3416 4586 3551 4626 cono

246 4633 445 4698 eodem
476 4633 786 4712 libabimus.
816 4640 1035 4695 Certum
1083 4649 1170 4697 est
1195 4633 1304 4712 per"
1341 4642 1492 4711 plura
1522 4641 1725 4695 smcula
1763 4641 1848 4696 vel
1875 4633 1926 4694 D
1953 4643 2096 4709 gerit
2126 4633 2370 4696 laudatus
2396 4642 2692 4697 cardinalis
2740 4641 2986 4697 Ναί-ἰδίεις
3025 4643 3082 4698 in
3133 4633 3553 4712 praeclarissimo

245 4713 472 4794 Patrum
502 4711 980 4794 praetentissim'os
1007 4712 1063 4768 in
1095 4711 1308 4794 origine
1335 4715 1530 4794 animae
1560 4713 1844 4794 assignan-

243 4786 313 4842 da
339 4783 602 4852 ancipites
633 4783 878 4840 haesisse.
911 4783 982 4839 Et
1021 4800 1156 4841 sane
1191 4783 1362 4841 divini
1407 4785 1700 4853 scriptores
1726 4783 1840 4839 Au-

244 4859 500 4930 gustinus
549 4871 613 4911 ac
661 4854 1045 4928 Hieronymus,
1071 4857 1175 4913 bac
1216 4872 1311 4929 per
1359 4855 1618 4926 epistolas
1663 4855 1844 4912 varias

327 5051 354 5081 ε
392 5037 625 5096 Rufinus
654 5035 818 5091 habet
845 5037 1014 5092 carnis
1043 5045 1232 5093 nostrw
1254 5036 1680 5094 resurrectionem
1709 5049 1728 5098 ;
1770 5042 1850 5088 at-

253 5132 364 5187 que
390 5115 466 5167 ita
517 5111 898 5187 corrigendam
951 5117 1082 5178 puto
1124 5111 1412 5166 lectionem
1469 5108 1592 5164 cod.
1654 5106 1846 5162 Ambr.

258 5181 699 5260 quamcequitur
730 5183 985 5260 hinrator.

334 5259 364 5297 ι)
403 5250 544 5311 Male
564 5252 618 5307 in
646 5253 836 5307 Atnbr.
877 5261 1039 5322 atque
1066 5253 1245 5320 editis,
1295 5254 1513 5309 deserta.
1546 5251 1624 5305 Ex
1657 5250 1853 5304 Ruﬁno

263 5328 642 5388 emcndamus.

340 5414 363 5441 ο
407 5398 698 5468 Presbyter
726 5395 1093 5466 Aquileiensis
1136 5412 1287 5450 num.
1348 5398 1401 5460 1,
1459 5395 1852 5468 professionem

261 5473 421 5530 Fidei
449 5467 705 5540 quamﬁad
733 5468 1080 5540 Anastasium
1124 5469 1287 5533 misit,
1339 5468 1583 5540 bacutunt
1628 5467 1855 5540 perinde

263 5537 512 5615 appellat
544 5559 571 5615 :_
593 5539 661 5595 Ut
688 5539 910 5615 aniculis,
945 5537 1136 5615 inquit,
1162 5540 1536 5615 aduersuntme
1561 5537 1689 5615 forte
1716 5537 1858 5590 obla-

267 5610 528 5671 trantibus
556 5611 794 5668 baculum
847 5610 1117 5681 quemdam
1174 5612 1264 5664 tibi
1316 5610 1653 5681 confessionis
1707 5622 1854 5674 mea),

266 5705 373 5758 quo
427 5685 804 5758 abigcrcntur,‘
829 5678 1085 5758 aferunt.
1120 5681 1258 5740 Vide
1298 5678 1544 5740 sanctum
1587 5681 1857 5750 Hierony-

269 5749 447 5816 inum.
472 5749 568 5811 lib.
595 5769 650 5810 ιιι
683 5755 736 5808 iu
767 5749 894 5806 Ruf.
933 5768 988 5807 n.
1017 5753 1073 5807 2.

347 5826 377 5868 ἀ
416 5829 598 5886 Monet
647 5832 865 5882 sanctus
912 5822 1242 5898 Augustinus
1297 5835 1476 5884 contra
1529 5821 1862 5882 Adimantum

1946 4713 2128 4785 Opere
2167 4713 2416 4785 superius
2465 4725 2794 4769 memorato.
2827 4713 3001 4770 Nemo
3055 4715 3215 4784 igitur
3267 4715 3553 4771 mirabitur

1947 4784 2084 4842 adeo
2104 4784 2332 4842 dubium
2361 4785 2417 4840 in
2449 4785 2552 4840 bac
2573 4787 2847 4843 sententia
2870 4787 3090 4844 stetisse
3119 4787 3481 4846 Baebiarium.

1959 5049 2081 5105 cap.
2114 5050 2208 5105 xu,
2245 5048 2537 5104 numquam
2568 5035 2832 5106 scriptum
2880 5049 3024 5106 esse,
3078 5033 3219 5106 quod
3249 5036 3424 5091 anima
3452 5037 3553 5092 liu-

1960 5121 2118 5177 mana
2145 5108 2362 5177 sanguis
2393 5108 2463 5159 sit
2488 5124 2502 5160 :
2535 5105 2676 5160 idem
2700 5107 2898 5177 repetit
2924 5105 3019 5162 lib.
3049 5121 3103 5162 ιιι
3141 5118 3319 5170 contra
3341 5107 3555 5164 Advers.

1961 5175 2117 5250 μερὶς
2146 5187 2192 5233 et
2224 5175 2480 5250 Prophet.
2497 5191 2625 5250 icap‘.
2650 5178 2703 5232 6.
2733 5175 3020 5250 Legendus
3047 5191 3308 5249 prreterea
3328 5179 3558 5238 Basilius

1961 5247 2204 5321 Magnus,
2239 5247 2397 5305 Hom.
2430 5250 2463 5303 8
2493 5249 2546 5304 in
2572 5247 2956 5306 Hexaemeron
2987 5247 3135 5305 num.
3177 5250 3232 5304 2.

2039 5331 2062 5358 ο
2102 5321 2316 5391 Optime
2346 5321 2550 5375 amicus
2579 5336 2734 5376 meus
2783 5323 2959 5378 locum
3016 5323 3086 5376 ita
3138 5323 3403 5392 restituit,
3438 5329 3560 5384 sub-

1963 5395 2278 5464 stantiaque,
2310 5392 2420 5446 Deo
2448 5393 2672 5463 artiﬁce,
2701 5405 2806 5449 etc.

2045 5463 2062 5502 ί
2107 5463 2403 5518 Fundimus
2433 5465 2804 5533 reponendum
2853 5480 2979 5522 esse
3021 5465 3176 5521 facile
3203 5468 3554 5528 crediderim.

1967 5535 2194 5613 Rufinus
2225 5537 2514 5613 {ip‘ologite
2546 5554 2705 5613 num.
2728 5539 2814 5613 6_:
2845 5536 3017 5606 Usque
3044 5537 3111 5613 ad
3157 5556 3402 5608 prwsetts,
3457 5546 3554 5613 ait,

1971 5609 2169 5683 certi‘et
2213 5606 2415 5683 deﬁniti
2443 5606 2641 5683 aliquid
2669 5609 2732 5664 de
2759 5609 2865 5683 hac
2899 5606 3182 5683 q_ua:stione
3227 5629 3330 5666 non
3370 5606 3557 5683 teneo;

1970 5680 2060 5734 sed
2088 5677 2198 5757 _Deo
2228 5677 2461 5757 relinquo
2488 5681 2795 5757 sci_re,_quid
2815 5680 2890 5757 sit
2993 5697 3198 5736 term...
3221 5694 3406 5757 prteter
3433 5677 3551 5757 hoc,

1971 5752 2111 5821 quod
2140 5747 2406 5822 manifeste
2435 5753 2592 5806 tradit
2619 5747 2879 5820 Ecclesia,
2913 5747 3080 5806 Deum
3108 5747 3233 5812 esse
3258 5747 3552 5814 animat-uni

1973 5832 2019 5877 et
2048 5837 2326 5894 corporum
2354 5822 2668 5880 Creatorem.
