4060 6344
556 294 691 357 1081

1838 295 2184 356 BACHIARII
2223 293 2531 358 MONACHI

3668 302 3824 374 [105!

551 412 747 482 cipata,
789 412 931 467 sicut
959 411 1310 484 quotidianus
1341 426 1529 469 rerum
1553 411 1734 470 exitus
1761 416 1979 483 probat.
2028 414 2140 471 Nec
2166 423 2219 483 Α
2246 432 2352 473 non
2382 427 2505 484 est;
2537 430 2639 474 nec
2667 415 2867 475 factum
2900 428 3024 474 esse
3054 416 3353 487 diabolum,
3384 421 3510 493 quia
3538 422 3681 479 Deus
3713 440 3823 477 ma-

553 504 623 560 de
649 516 896 561 creatura
919 506 1097 578 aliqua
1131 507 1324 563 factam
1348 506 1602 574 dicimus,
1637 524 1705 564 ne
1734 523 1853 565 eam
1878 509 2140 566 faciamus

553 598 801 655 viliorem
833 600 1059 671 reliquis
1084 600 1369 667 creaturis,
1399 600 1595 669 quibus
1616 600 1857 667 domina,
1906 602 1952 656 si
2002 602 2139 658 bene

554 696 748 765 egerit,
790 696 1082 752 constituta
1108 706 1227 763 est;
1258 696 1354 751 sed
1388 710 1453 752 ex
1489 695 1586 752 Dei
1632 705 1836 752 tantum
1864 698 2140 754 voluntate

552 787 803 858 formari,
832 791 985 860 cujus
1016 794 1268 861 potentiae
1300 807 1407 846 non
1442 793 1751 849 necessaria
1772 801 1856 848 est
1889 793 2138 861 materia,

555 898 623 939 ex
654 901 757 954 qua
790 886 931 955 quod
972 886 1211 942 voluerit
1264 897 1542 956 operetur,
1589 887 1686 943 sed
1726 888 1839 958 ipsa
1890 888 2139 944 voluntas

552 974 670 1046 ejus
700 976 923 1033 materia
968 987 993 1014 ει
1022 993 1233 1046 eorum,
1268 994 1388 1048 quae
1410 978 1528 1035 fieri
1559 988 1655 1035 aut
1701 995 1822 1037 esse
1850 982 2140 1038 mandave—

552 1068 645 1123 rit.
684 1069 699 1099 ¹
730 1068 835 1125 Sed
858 1082 959 1124 nec
988 1068 1065 1123 illi
1121 1072 1412 1127 assertioni
1461 1071 1723 1128 tradimus
1771 1088 1983 1140 manus,
2035 1091 2138 1145 qua

551 1160 767 1231 quidam
793 1160 1069 1231 superﬂuo
1099 1160 1461 1231 delectantur,
1496 1173 1555 1218 ut
1580 1163 2033 1221 credantanimas
2072 1182 2137 1221 ex

553 1252 919 1309 transfusione
939 1254 1191 1325 generari
1218 1271 1233 1322 ;
1284 1256 1410 1324 quia
1443 1257 1769 1313 contradicit
1811 1257 1938 1314 huic
1966 1258 2139 1328 suspi-

550 1344 695 1400 cioni
736 1347 929 1403 beatus
956 1346 1122 1401 David
1169 1347 1445 1404 dicendo:
1500 1349 1695 1405 Scitote
1734 1352 1980 1421 quoniam
2028 1350 2140 1404 Do-

557 1439 727 1492 ntinus
758 1440 869 1508 ipse
890 1450 968 1495 est
1007 1438 1148 1495 Deus
1175 1457 1193 1495 :
1240 1443 1347 1513 ipse
1382 1444 1501 1513 fecit
1530 1461 1645 1513 nos,
1676 1454 1723 1498 et
1755 1461 1856 1499 non
1906 1445 2005 1517 ipsi
2047 1462 2139 1499 nos

552 1530 749 1603 (Psal.
782 1549 928 1602 xcrx,
961 1534 1058 1605 5).
1118 1536 1184 1591 Et
1224 1535 1356 1591 alibi
1399 1555 1412 1591 :
1473 1538 1572 1605 Qui
1627 1539 1781 1607 ﬁnxit
1836 1539 2139 1612 singillatim

550 1630 709 1682 corda
735 1646 909 1683 eorum
959 1630 1157 1699 (Psal.
1208 1647 1379 1697 xxxn,
1411 1630 1533 1701 15).
1567 1632 1665 1689 Ubi
1714 1633 1802 1688 hic
1848 1633 2140 1690 transfusio

550 1721 791 1778 inveniet
818 1723 1021 1790 locum,
1048 1725 1139 1780 ubi
1166 1735 1260 1781 aut
1292 1726 1603 1797 singillatim
1642 1727 1807 1783 corda
1836 1728 2134 1799 finguntur,

550 1826 644 1873 aut
670 1817 867 1873 dicitur
896 1836 910 1873 :
942 1821 1051 1891 ipse
1080 1822 1199 1891 fecit
1226 1839 1338 1887 nos,
1373 1830 1419 1876 et
1447 1839 1549 1877 non
1586 1823 1686 1895 ipsi
1708 1840 1799 1878 nos
1825 1826 1848 1878 ?
1876 1823 1977 1892 Qui
2007 1839 2138 1895 ergo

548 1925 617 1967 ex
652 1912 990 1971 tranfusione
1018 1913 1208 1970 dicunt
1245 1915 1454 1970 animas
1482 1918 1753 1985 generari,
1784 1916 1837 1972 id
1892 1933 2140 1974 asserere

545 2003 823 2071 dicuntur,
853 2006 979 2077 quia
1009 2007 1112 2077 ipsi
1160 2023 1259 2064 nos
1290 2007 1572 2066 faciamus.
1606 2010 1712 2066 Sed
1767 2011 1871 2067 hoc
1926 2010 1952 2049 ι)
1996 2027 2138 2082 prae-

546 2100 773 2155 scientia
833 2101 1169 2172 prophetalis
1225 2103 1475 2174 obiurgat
1518 2104 1796 2161 dicendo:
1843 2104 1965 2177 Ipse
2018 2108 2140 2177 fecit

544 2208 660 2261 nos,
694 2201 743 2247 et
787 2210 889 2247 non
933 2195 1041 2263 ipsi
1081 2211 1195 2249 nos.
1242 2196 1464 2268 Absque
1503 2200 1619 2253 sola
1654 2199 1821 2271 igitur
1849 2198 2136 2264 Trinitate,

546 2303 707 2344 omne
758 2288 902 2360 quod
934 2290 988 2344 in
1038 2291 1194 2347 caelis
1224 2292 1342 2347 sive
1390 2293 1443 2347 in
1486 2294 1648 2349 terris
1677 2305 1733 2349 et
1772 2295 1907 2349 mari
1947 2302 2140 2365 poten-

544 2390 710 2450 tatur,
742 2384 939 2455 agitur,
969 2393 1244 2454 movetur,
1274 2395 1583 2443 creaturam
1614 2402 1738 2444 esse
1773 2387 2053 2444 credimus
2079 2397 2136 2445 et

541 2473 799 2533 fatemur.

613 2570 666 2628 5.
692 2572 712 2601 ²
746 2571 1031 2627 Diabolum
1056 2588 1165 2629 non
1196 2575 1268 2628 ita
1301 2574 1499 2630 factum
1531 2573 1817 2642 sentimus,
1850 2586 1905 2631 ut
1944 2576 2137 2634 diabo—

539 2664 623 2719 lus
653 2676 675 2702 ο
707 2674 813 2733 est,
843 2682 943 2722 nec
970 2672 1247 2738 proprium
1275 2669 1529 2725 habuisse
1558 2679 1767 2726 naturae
1794 2686 1907 2726 sua:
1937 2688 2131 2743 genus,

529 2766 602 2829 .ut
626 2757 877 2815 diabolus
906 2768 1245 2828 nasceretur,
1291 2770 1345 2816 et
1391 2762 1495 2818 hoc
1528 2778 1828 2833 cognomen
1878 2765 2132 2821 meritum

541 2850 779 2923 dedisse,
815 2868 922 2909 non
953 2855 1161 2910 Deum:
1188 2870 1289 2912 nec
1328 2855 1630 2928 ingenitum
1663 2872 1808 2927 esse,
1833 2858 1956 2929 quia
1991 2858 2133 2914 Deus

629 3090 644 3120 ί
676 3088 897 3143 Animas
922 3104 952 3142 a
986 3089 1097 3143 Deo
1128 3088 1183 3143 in
1214 3088 1549 3159 singulorum
1580 3088 1861 3145 hominum
1885 3104 2121 3161 concep-

536 3162 682 3217 tione
711 3161 889 3215 creari
927 3170 1144 3216 veteres
1169 3161 1361 3216 Patres
1392 3177 1649 3227 sensere;
1676 3162 1977 3232 eademque
1999 3179 2124 3217 sen-

537 3234 725 3301 tentia,
755 3241 812 3287 ut
847 3232 1005 3287 docet
1044 3233 1509 3288 eminentissimus
1538 3234 1829 3289 cardiualis
1878 3234 2125 3290 Norisius

536 3306 589 3360 in
616 3304 881 3360 Vindiciis
906 3304 1131 3375 August.
1160 3321 1281 3375 cap.
1311 3304 1367 3370 4,
1396 3304 1695 3377 ς5,,ιιε‹ιιιε
1723 3307 1791 3361 ad
1818 3306 2125 3377 Pelagiana:

2244 512 2354 567 lum
2385 528 2492 566 non
2521 508 2548 547 ά
2578 510 2728 577 fecit,
2777 512 2874 567 sed
2906 512 3155 584 angelum
3203 514 3402 571 bonum
3432 517 3658 584 factum,
3685 519 3822 573 sicut

2244 603 2524 676 Scriptura
2576 604 2919 661 demonstrat
2963 624 2976 660 :
3030 605 3135 662 Per
3186 604 3393 663 bonum‘
3428 619 3696 681 operatum
3757 621 3826 665 est

2244 700 2370 752 mihi
2394 715 2595 754 omnem
2624 699 3092 771 concupiscentiam
3134 699 3153 773 (
3178 700 3332 756 Rom.
3364 717 3458 769 vn,
3488 701 3583 774 8).
3635 701 3825 758 Malum

2242 793 2383 848 enim
2415 792 2665 864 angelum
2697 793 2865 850 fuisse
2894 794 2973 849 sic
2994 794 3184 860 credo,
3228 804 3287 851 ut
3334 796 3629 869 Apostolus
3659 795 3823 852 dicit:

2243 885 2411 942 Datus
2448 897 2521 943 est
2552 888 2680 942 mihi
2701 887 2942 943 stimulus
2971 889 3139 943 carnis
3174 906 3322 958 meae,
3366 890 3587 962 angelus
3619 890 3828 946 Satante

2242 983 2327 1051 qui
2358 999 2436 1037 me
2482 983 2774 1055 colaphizet
2832 981 2913 1057 (Il
2939 981 3062 1039 Cor.
3113 1000 3208 1051 xu,
3244 982 3324 1055 7).
3379 984 3445 1039 Et
3495 984 3666 1039 alibi:
3712 983 3830 1039 Nisi

2242 1075 2435 1129 venerit
2473 1076 2657 1147 refuga
2684 1086 2731 1130 et
2756 1076 3003 1131 discessio
3034 1078 3051 1147 (
3076 1076 3122 1132 ll
3154 1076 3333 1131 Thess.
3366 1092 3424 1141 tt,
3450 1074 3531 1147 5).
3570 1076 3712 1147 Ergo
3740 1078 3825 1147 qui

2243 1183 2385 1224 nunc
2434 1169 2618 1239 refuga
2647 1178 2752 1236 est,
2787 1169 2886 1224 fuit
2940 1168 3229 1239 aliquando
3280 1168 3480 1224 intuitu
3531 1168 3822 1235 Creatoris,

2242 1268 2298 1315 et
2324 1260 2379 1315 in
2409 1260 2499 1315 illa
2527 1260 2727 1331 gradus
2757 1260 3096 1316 sublimitate
3125 1270 3147 1297 ο
3175 1276 3295 1331 qua:
3315 1262 3517 1331 scripta
3541 1276 3571 1315 a
3593 1260 3823 1331 prophe-

2244 1354 2334 1421 tis,
2380 1370 2502 1410 cum
2533 1354 2772 1411 dicitur:
2824 1354 2893 1409 Et
2938 1366 2993 1409 tu
3048 1372 3161 1409 eras
3218 1357 3540 1427 consignatio
3581 1356 3823 1410 similitua

2242 1451 2472 1515 dinis,et
2508 1467 2700 1506 corona
2748 1450 2949 1505 decoris
2976 1448 3202 1520 (Ezech.
3236 1466 3433 1518 xxviii,
3475 1449 3601 1523 12),
3653 1460 3708 1506 et
3747 1466 3826 1506 re-

2241 1542 2419 1614 liqua;
2450 1552 2506 1599 et
2532 1544 2660 1598 alibi
2686 1562 2700 1599 :
2734 1543 3007 1609 Quomodo
3029 1544 3092 1597 de
3118 1544 3245 1598 caelo
3271 1544 3453 1597 cecidit
3474 1542 3713 1613 Lucifer,
3744 1545 3825 1613 qui

2241 1654 2390 1691 mane
2417 1637 2678 1692 oriebatur
2700 1637 2718 1708 (
2741 1636 2874 1692 lsai.
2906 1652 3017 1702 xw,
3047 1634 3175 1708 η).
3214 1635 3232 1673 ί
3261 1636 3416 1692 llunc
3448 1635 3580 1691 boni
3622 1644 3679 1692 et
3705 1638 3823 1691 mali

2241 1744 2495 1799 capacem
2524 1728 2755 1785 dicimus
2778 1730 3056 1801 accepisse
3086 1744 3156 1785 ex
3185 1728 3391 1785 factore
3422 1738 3697 1795 naturam,
3732 1730 3828 1783 im-

2167 1848 2216 1909 Β
2244 1824 2593 1879 mortalitatis
2644 1823 2817 1895 gloria
2854 1836 2907 1879 et
2956 1823 3165 1878 honore
3194 1822 3631 1889 circumdatum;
3674 1837 3823 1878 acce-

2244 1917 2387 1987 pisse
2415 1918 2577 1972 etiam
2600 1917 2845 1972 scientiae
2872 1915 3185 1987 dignitatem
3210 1932 3224 1981 ;
3255 1925 3279 1962 ε
3320 1915 3413 1987 qui
3444 1915 3629 1971 elatus
3659 1915 3711 1969 in
3740 1931 3826 1969 su-

2242 2012 2509 2082 perbiam,
2542 2028 2696 2067 suum
2730 2011 2964 2068 credidit
3009 2028 3133 2069 esse
3180 2013 3326 2084 quod
3374 2020 3663 2079 nouerat;
3692 2027 3820 2083 quo-

2241 2106 2385 2162 niam
2415 2108 2505 2176 qui
2552 2122 2675 2162 eum
2716 2106 2956 2173 fecerat,
3009 2104 3037 2143 ιι
3080 2106 3366 2161 Dominum
3414 2122 3522 2161 non
3583 2104 3818 2161 videbat.

2243 2201 2356 2272 Ego
2382 2216 2519 2267 sum,
2550 2200 2745 2271 inquit,
2777 2212 2824 2254 et
2854 2215 2957 2253 non
3008 2209 3080 2253 est
3132 2200 3268 2254 alius
3313 2208 3503 2271 prteter
3550 2215 3633 2252 me
3665 2197 3820 2270 (Isai.

2240 2310 2405 2362 vati,
2435 2292 2562 2365 12).
2626 2292 2758 2349 Inde
2789 2302 2946 2348 terra:
2977 2291 3269 2363 deputatus
3300 2302 3384 2348 est
3426 2302 3480 2348 et
3529 2290 3722 2357 cineri,
3770 2299 3823 2344 ut

2243 2386 2503 2458 scriptum
2524 2394 2607 2443 est
2622 2404 2635 2440 :
2653 2386 2790 2451 Quid
2811 2385 3046 2457 superbis
3061 2387 3084 2439 ?
3098 2396 3235 2442 terra
3246 2394 3293 2441 et
3311 2386 3440 2441 cinis
3454 2383 3653 2456 (Eccli.
3676 2402 3728 2453 π,
3744 2384 3819 2454 9),

2242 2492 2317 2546 et,
2344 2479 2563 2535 Initium
2584 2481 2897 2554 peccationis
2919 2482 3161 2552 superbia
3190 2482 3208 2550 (
3232 2479 3399 2551 Ibid.,
3432 2481 3501 2535 15
3519 2480 3560 2552 ).
3592 2479 3694 2550 Qui
3717 2489 3824 2535 tar-

2244 2585 2360 2629 taro
2390 2584 2444 2630 et
2472 2574 2580 2644 igni
2606 2583 2867 2644 perpetuo
2893 2573 3203 2644 deputatus,
3233 2574 3498 2645 perennis
3519 2582 3603 2629 est
3631 2588 3821 2643 ptume,

2244 2685 2348 2725 non
2382 2670 2706 2724 immortalis
2737 2669 2886 2723 vitae.
2919 2668 3206 2724 Credimus
3254 2684 3470 2725 omnem
3522 2674 3819 2724 creaturam

2241 2761 2341 2817 Dei
2370 2776 2490 2830 qua:
2518 2760 2583 2815 ad
2616 2775 2749 2816 usus
2778 2760 3023 2816 ciborum
3056 2775 3088 2814 a
3117 2761 3406 2818 conditore
3434 2776 3688 2817 concessa
3716 2769 3820 2827 est,

2239 2854 2444 2912 bonum
2485 2868 2630 2921 esse,
2681 2855 2825 2910 sicut
2855 2862 2911 2911 et
2957 2854 2971 2891 ί
3013 2853 3215 2911 factum
3247 2865 3365 2913 est:
3408 2854 3479 2910 Et
3510 2856 3639 2910 vidit
3662 2852 3815 2922 Deus,

2229 3090 2435 3145 Hieres.
2461 3086 2552 3150 66,
2582 3102 2704 3157 qua:
2749 3094 2833 3141 est
2879 3084 2948 3141 de
2979 3085 3218 3141 Manich.
3250 3102 3404 3142 num.
3444 3088 3533 3154 l6,
3567 3088 3657 3142 ubi
3688 3089 3817 3144 hanc

2228 3176 2420 3237 eorum
2471 3156 2785 3237 opinionem
2814 3156 3427 3237 Διηλξΐιιμιηεηεὶι)ξἈμωιΔ
3475 3159 3531 3215 δὲ
3577 3164 3667 3215 καὶ
3712 3166 3819 3237 περὶ

2230 3233 2468 3289 διαϐόλου
2516 3233 2679 3293 οὕτως
2729 3230 3053 3305 διαληπτέον,
3087 3232 3173 3285 οὐκ
3202 3233 3303 3288 ἀπὸ
3351 3230 3567 3295 irrideat;
3606 3230 3819 3305 φυσικῶς

2231 3313 2380 3360 κακοῦ
2414 3307 2761 3376 κεκτισμένου,
2796 3303 3118 3381 ἀλλάιξαγτῷ
3158 3307 3291 3376 μετά
3341 3306 3529 3381 χρόνον
3558 3303 3627 3381 rd
3667 3314 3817 3361 ποιεῖν

537 3377 757 3470 haeresis
810 3360 1052 3470 tempo‘tia
1097 3360 1370 3470 pptijorein
1396 3360 1802 3470 uauctoritatem
1868 3360 2123 3461 obtinuit.
2152 3407 2198 3470 C
2232 3379 2381 3431 κακὸν
2414 3360 2774 3470 ἐφευροέμὲνουὲ
2811 3374 2889 3458 De
2914 3360 3127 3458 diabolo
3158 3360 3513 3470 ‘quoqtte'ﬂic_
3538 3376 3819 3470 habendum

536 3450 669 3503 Cum
697 3464 827 3505 vero
870 3448 1071 3503 exinde
1097 3448 1230 3504 illud
1277 3459 1654 3519 argumentum
1714 3450 1956 3505 haeretici
1998 3465 2126 3520 pro—

536 3530 841 3587 moverent,
872 3534 1067 3588 nempe
1111 3522 1340 3586 animas,
1370 3521 1415 3574 si
1466 3536 1494 3574 a
1554 3521 1663 3576 Deo
1708 3533 1982 3587 creentur,
2017 3536 2124 3575 non

537 3608 698 3663 posse
724 3608 845 3647 cum
876 3599 1105 3660 peccato
1129 3593 1391 3661 produci;
1421 3601 1537 3647 tum
1569 3592 1627 3647 S.
1659 3593 1985 3663 Augustino,
2012 3602 2127 3647 tum

536 3664 1002 3735 praestantissimis
1023 3664 1276 3719 Patrilius
1304 3664 1408 3717 alia
1452 3665 1722 3719 sententia
1764 3664 1988 3734 placuit,
2022 3680 2127 3735 qua

535 3738 728 3791 anima:
754 3752 819 3790 ex
856 3738 1035 3789 anima
1070 3737 1306 3805 parentis
1335 3735 1547 3789 traduci
1581 3751 1643 3791 ac
1685 3737 1974 3806 prepagari
2002 3750 2129 3790 cen-

536 3808 813 3862 sebantur.
854 3806 1086 3862 Tantum
1140 3817 1318 3861 autem
1362 3806 1574 3861 roboris
1621 3808 1908 3878 Augustini
1962 3808 2127 3862 verba

534 3879 635 3934 sibi
689 3879 1070 3944 conciliarunt,
1114 3888 1171 3933 ut
1224 3878 1471 3948 pluribus
1539 3889 1659 3949 post
1712 3880 1859 3933 illum
1914 3879 2129 3934 saaculis

533 3953 833 4021 scriptores
860 3950 1189 4006 sanctissimi
1236 3952 1304 4005 de
1345 3951 1554 4019 origine
1583 3951 1777 4005 anima:
1804 3951 2122 4015 dubitarint,

535 4023 712 4079 donec
740 4023 1203 4079 Scholasticorum
1235 4022 1495 4093 opinione
1534 4024 1891 4092 praevalente,
1924 4034 1979 4078 et
2006 4027 2127 4076 ani-

534 4112 744 4151 marum
776 4097 1000 4150 traduce
1027 4096 1329 4166 antiquato,
1357 4095 1671 4150 earumdem
1706 4095 1918 4150 creatio
1949 4099 1999 4149 in
2026 4095 2129 4149 Ec—

533 4168 700 4223 clesia
731 4167 1034 4223 communis
1056 4168 1252 4223 evasit.
1285 4166 1345 4221 1d
1375 4182 1443 4221 ex
1474 4168 1719 4237 pluribus
1737 4167 2019 4237 Augustini
2050 4167 2130 4221 lo-

534 4242 613 4295 cis
641 4247 811 4310 patet,
832 4248 888 4294 et
920 4240 1223 4309 praesertim
1253 4239 1349 4293 lib.
1378 4255 1406 4291 x
1435 4238 1503 4294 de
1533 4239 1669 4305 Gen,
1696 4255 1817 4309 cap.
1842 4239 1939 4305 ‘25,
1962 4238 2123 4310 epist.

534 4312 627 4379 ‘28,
660 4311 727 4367 ad
760 4312 1009 4377 llieron.,
1034 4327 1097 4365 ac
1127 4314 1289 4380 epist.
1321 4310 1451 4373 M7,
1478 4322 1584 4365 etc.
1620 4312 1779 4380 Igitur
1808 4311 1934 4366 hinc
1964 4310 2127 4365 etiam

537 4394 767 4453 tempus,
797 4398 906 4453 quo
938 4383 1255 4438 Bachiarius
1307 4382 1550 4451 scripsit,
1584 4398 1779 4437 eruere
1826 4383 1979 4436 nobis
2034 4383 2129 4453 ali-

535 4452 854 4526 quantulum
886 4455 1013 4508 licet
1044 4457 1125 4509 :si
1156 4456 1301 4509 enim
1329 4454 1393 4526 iis
1424 4456 1765 4522 temporibus
1794 4454 1992 4523 quibus
2033 4452 2129 4507 ille

537 4524 679 4582 hanc
732 4526 1049 4596 Apologiam
1092 4524 1456 4595 conscripsit,
1514 4526 1711 4595 Pelagii
1768 4526 2128 4579 deliramenta

535 4598 889 4655 Christianam
925 4598 1315 4667 rempublicam
1344 4608 1741 4667 occupassent;
1773 4599 1959 4665 utique
2004 4611 2131 4650 sen-

539 4672 763 4725 tentiam
796 4670 941 4724 illam
970 4685 1074 4739 qua
1098 4670 1305 4723 animas
1330 4684 1396 4723 ex
1421 4668 1640 4724 traduce
1668 4668 1721 4722 in
1746 4682 1845 4722 nos
1873 4668 2129 4723 devenire

536 4751 869 4797 censuerunt
897 4738 1000 4794 viri
1032 4740 1357 4803 doctissimi,
1382 4755 1655 4809 quamque
1684 4739 1969 4794 catholicis
2000 4738 2131 4808 dog-

2232 3459 2325 3514 est,
2343 3447 2457 3503 enni
2484 3447 2691 3503 minime
2711 3447 2773 3500 ab
2798 3447 2995 3519 origine
3010 3448 3125 3516 ipsa
3138 3464 3297 3517 neque
3318 3450 3616 3502 conditione
3640 3453 3819 3503 malum

2232 3522 2506 3586 exstitisse,
2540 3520 2629 3574 sed
2668 3520 2937 3591 aliquanto
2967 3526 3143 3591 postea
3186 3530 3411 3591 tempore
3451 3520 3649 3573 malum
3693 3523 3820 3591 quod

2232 3594 2422 3658 faceret
2450 3592 2794 3663 excogitasse.
2828 3590 2939 3663 Hoc
2970 3590 3315 3663 ideminfra,
3345 3606 3497 3645 num.
3532 3592 3627 3658 62,
3664 3590 3818 3661 pluri-

2232 3666 2331 3718 bus
2362 3661 2592 3733 probat.‘
2613 3664 2799 3733 Neque
2826 3662 2958 3717 solis
2993 3661 3310 3733 Manichmis
3340 3664 3531 3717 insana
3562 3664 3681 3719 haec
3710 3664 3822 3733 opi~

2233 3736 2325 3788 nio
2368 3732 2597 3805 placuit,
2625 3732 2815 3790 verum
2869 3736 3033 3788 etiam
3080 3732 3533 3801 Priscillianistis,
3571 3736 3663 3805 qui
3713 3732 3821 3791 om-

2232 3808 2378 3861 nium
2452 3807 2719 3861 hteresum
2769 3806 3018 3875 contagia
3073 3806 3125 3859 in
3182 3822 3347 3860 unttm
3396 3821 3656 3876 coegere.
3721 3808 3821 3864 Leo

2234 3894 2461 3948 magnus
2490 3879 2653 3948 epist.
2679 3876 2770 3944 95,
2813 3878 2878 3931 ad
2918 3877 3201 3932 'l‘uribium
3233 3876 3649 3949 Asturicensem
3710 3882 3816 3949 cpi.

2231 3967 2479 4020 scepum,
2510 3966 2633 4019 cap.
2664 3950 2719 4011 6,
2754 3954 2944 4003 horum
2976 3964 3222 4004 errorem
3250 3952 3319 4003 ita
3336 3948 3593 4021 designat
3624 3958 3637 4005 :
3671 3948 3818 4006 sem

2232 4025 2499 4077 annotatio
2522 4022 2721 4075 iudicat
2749 4038 2835 4075 eos
2878 4022 3065 4086 dicere,
3095 4021 3232 4090 quod
3264 4022 3506 4076 diabolus
3549 4040 3817 4092 numquam

2232 4098 2386 4165 fuerit
2412 4096 2595 4163 bonus,
2626 4109 2717 4147 nec
2743 4104 2931 4146 natura
2952 4094 3063 4157 eius
3085 4092 3349 4164 opificium
3372 4092 3470 4146 Dei
3497 4096 3587 4160 sit,
3613 4096 3703 4148 sed
3716 4112 3817 4151 eunt

2232 4183 2295 4220 ea:
2321 4166 2463 4220 Chao
2494 4177 2539 4218 et
2567 4166 2788 4219 tenebris
2822 4166 3108 4230 emersisse;
3136 4166 3259 4234 quia
3287 4166 3483 4220 scilicet
3512 4167 3717 4220 nullum
3745 4168 3816 4220 sui

2231 4238 2414 4292 [tabent
2444 4246 2728 4303 auctorem,
2759 4237 2847 4290 sed
2877 4237 3044 4309 omnis
3074 4236 3197 4289 ntali
3239 4238 3352 4306 ipse
3394 4239 3462 4290 sit
3506 4240 3813 4309 principium

2232 4319 2386 4381 atque
2413 4308 2708 4363 substantia
2740 4324 2758 4363 :
2789 4324 2904 4361 cum
2948 4308 3077 4378 ﬁdes
3112 4325 3227 4361 vera
3271 4324 3386 4379 qua:
3427 4320 3504 4363 est
3545 4308 3811 4375 catholica,

2231 4380 2459 4435 omnium
2495 4390 2847 4435 creaturarum
2890 4382 2993 4435 sive
3044 4380 3813 4452 spiritualium,sive'corpara-

2232 4452 2361 4506 lium
2404 4454 2592 4506 bonam
2618 4453 2928 4522 conﬁteatur
2967 4453 3333 4517 substantiam,
3364 4460 3411 4505 et
3440 4456 3572 4508 ntali
3624 4454 3812 4507 nullam

2231 4541 2339 4578 esse
2383 4534 2663 4589 naturam;
2695 4526 2819 4595 quia
2860 4524 3000 4578 Deus
3052 4525 3139 4590 qui
3170 4525 3394 4579 universi
3435 4534 3510 4579 est
3568 4528 3807 4591 conditor,

2231 4596 2366 4650 nihil
2397 4614 2499 4649 non
2529 4598 2720 4651 bonum
2749 4597 2893 4666 fecit,
2924 4605 3033 4651 etc.
3087 4595 3364 4650 Videndus
3403 4597 3506 4652 hac
3553 4600 3717 4653 etiam
3750 4600 3809 4653 de

2230 4683 2290 4722 re
2318 4666 2649 4739 S.,Cyrillus
2696 4667 3226 4739 Hierosolymitanus
3269 4666 3497 4723 Cathec.
3523 4669 3584 4737 2,
3616 4679 3671 4725 et
3690 4671 3799 4726 Coc-

2229 4740 2348 4794 cius
2390 4738 2483 4793 lib.
2517 4756 2593 4803 tv,
2625 4741 2785 4794 artic.
2816 4740 2871 4806 5,
2899 4738 3031 4794 tom.
3065 4738 3127 4793 ll.
3161 4740 3459 4795 Damnatus
3507 4750 3690 4798 autem
3729 4741 3801 4795 hic

536 4812 793 4877 matibus,
828 4812 1131 4881 Augustino
1154 4800 1657 4883 Aprzeeunt'e,‘alt'ius
1679 4815 1859 4866 favere
1882 4800 2129 4866 credidé—
2153 4800 2206 4860 D
2231 4826 2389 4865 error
2418 4800 2718 4883 antiquitus
2747 4800 2929 4867 fuitin
2958 4811 3351 4883 vetustissimis
3385 4810 3655 4883 Capitulis
3692 4829 3805 4868 con—

536 4893 685 4949 runt,
710 4885 812 4937 sibi
844 4880 1023 4937 minus
1052 4881 1270 4950 probari
1303 4898 1410 4937 non
1444 4880 1693 4937 dixisset.

606 4957 626 4986 ¹
659 4954 755 5009 llic
785 4955 1033 5026 insanum
1062 4953 1486 5026 Manichzeorum
1512 4953 1706 5024 dogma
1737 4954 1905 5008 refelli
1954 4962 2121 5026 patet.

534 5027 814 5096 Siquidem
847 5024 899 5078 hi
942 5026 1086 5097 inter
1125 5034 1325 5081 caetera
1353 5024 1734 5091 deliramenta,
1768 5024 1971 5093 quibus
2005 5043 2128 5097 per-

534 5095 954 5155 niciosissimam
983 5095 1238 5151 haeresim
1288 5096 1343 5151 in
1398 5097 1667 5153 orientem
1702 5097 1977 5163 invexere,
2005 5095 2127 5154 hoc

533 5185 749 5243 quoque
777 5170 1225 5243 pronuntiarunt,
1254 5183 1449 5243 nempe
1478 5168 1759 5243 diabolum
1796 5172 1875 5243 fab
1930 5170 2127 5243 origine

532 5240 727 5298 malum
779 5240 1101 5313 nequaquam
1149 5240 1329 5311 fuisse.
1372 5240 1641 5297 Audiatur
1684 5241 1743 5299 S.
1795 5242 2127 5313 Epiphanius

605 5461 632 5489 ³
668 5448 995 5507 Subauditur
1024 5456 1117 5503 est.

604 5522 631 5561 δ
670 5522 809 5578 Med.
851 5521 1009 5589 edit.,
1068 5519 1306 5583 scientia,
1365 5517 1703 5591 reclamante
1757 5520 2117 5591 autographo,

531 5594 683 5665 cuius
705 5594 1025 5663 scripturam
1052 5592 1104 5646 in
1136 5598 1339 5665 textum
1352 5588 1565 5665 inferre
1588 5593 1801 5665 placuit,
1828 5588 1951 5647 licet
1979 5588 2119 5648 forte

530 5660 635 5739 legi
659 5660 850 5722 debeat
883 5682 897 5720 :
928 5666 1017 5739 sed
1046 5679 1146 5739 uos
1184 5660 1489 5739 _(Anitnirum
1550 5663 1786 5720 traducis
1814 5667 2117 5736 patronos)

530 5734 775 5795 sciamus
797 5737 1111 5809 prophetalis
1142 5734 1404 5806 objurgat.

607 5821 629 5880 ς
672 5809 838 5880 Magis
861 5809 1053 5880 placet,
1085 5815 1236 5863 esset.

603 5878 630 5919 ά
668 5878 921 5937 Marator.
934 5923 951 5951 ,
980 5878 1127 5951 facit.

2231 4891 2311 4955 tra
2340 4882 2694 4951 Manichteos,
2724 4900 2845 4953 quae
2892 4893 3017 4953 post
3052 4882 3330 4955 Bachiarii
3360 4882 3529 4953 opera
3568 4885 3807 4955 subjeci;

2230 4954 2303 5029 ibi
2340 4954 2596 5029 enimsic
2624 4954 2818 5029 legitur
2847 4973 2861 5009 :
2895 4956 2956 5011 Si
2984 4956 3100 5029 quis
3121 4954 3279 5029 hujus
3306 4958 3488 5029 mundi
3509 4954 3805 5029 principem,

2232 5027 2327 5080 hoc
2364 5037 2437 5081 est
2467 5025 2755 5094 diabolum,
2778 5037 2832 5099 et
2861 5025 3424 5099 tenebrarum'globum
3468 5025 3655 5083 asserit
3681 5025 3809 5099 pro-

2232 5109 2479 5172 creatum,
2505 5110 2552 5154 et
2576 5116 2679 5153 non
2700 5118 2733 5152 a
2762 5097 2871 5153 Deo
2894 5098 3085 5172 bonum
3104 5098 3353 5170 angelum
3376 5104 3597 5171 factum,
3626 5111 3673 5155 et
3695 5097 3809 5172 pro-

2233 5170 2349 5240 pria
2377 5180 2693 5242 postremum
2723 5170 3053 5241 perversitate
3074 5179 3372 5243 _mutatum,
3400 5170 3705 5228 anathema
3730 5173 3804 5227 sit.

2229 5508 2238 5517 .
2308 5459 2329 5524 ᾖ
2370 5446 2554 5524 Eorte,
2585 5451 2864 5524 descripta,
2893 5454 3000 5519 vel,
3031 5470 3143 5524 qua:
3169 5454 3366 5524 scripta
3394 5464 3490 5511 est.

2306 5518 2325 5557 τ
2365 5518 2595 5598 Errore,
2618 5534 2676 5598 ut
2692 5518 2925 5592 videtur,
2961 5518 3301 5598 typographi',
3333 5527 3474 5583 Med.
3498 5526 3630 5584 edit.
3654 5545 3801 5585 nunc.

2301 5602 2325 5668 ξε
2364 5594 2724 5668 bcgesodes,
2756 5608 2810 5655 et
2840 5612 2960 5653 meo
2982 5594 3249 5668 periculo,
3283 5616 3406 5666 qua.

2296 5662 2322 5741 1}
2363 5662 2477 5741 Υοὶ
2509 5662 2789 5741 Dominum
2811 5670 2967 5725 deest
2988 5662 3042 5725 in
3072 5662 3242 5741 prima
3266 5662 3531 5728 editione.

2304 5736 2318 5771 ί
2356 5736 2720 5816 _S_cri_b_endum
2772 5741 3003 5816 videtur,
3049 5740 3241 5795 dictum
3270 5752 3346 5816 est
3371 5758 3399 5816 _:
3440 5753 3486 5799 et
3514 5747 3708 5816 factum
3734 5753 3799 5797 est

2222 5809 2316 5865 ita.
2348 5807 2418 5865 Et
2444 5811 2570 5866 vidit
2594 5812 2753 5883 Dens,
2785 5815 2908 5884 quia
2935 5807 3071 5869 bona
3107 5820 3225 5867 sunt
3254 5814 3430 5875 valde.
