  <div class='ocr_page' id='page_1' title='image "/cluster/home/n/w/nwhite01/storage/ocr_20150623/20/hvd.32044015471352/526.png"; bbox 0 0 4060 6344; ppageno 0'>
   <div class='ocr_carea' id='block_1_1' title="bbox 254 332 387 396">
    <p class='ocr_par' dir='ltr' id='par_1_1' title="bbox 254 332 387 396">
     <span class='ocr_line' id='line_1_1' title="bbox 254 332 387 396; baseline -0.015 -7"><span class='ocrx_word' id='word_1_1' title='bbox 254 332 387 396; x_wconf 70' lang='grc'><strong>1055</strong></span> 
     </span>
    </p>
   </div>
   <div class='ocr_carea' id='block_1_2' title="bbox 1576 344 2198 411">
    <p class='ocr_par' dir='ltr' id='par_1_2' title="bbox 1576 344 2198 411">
     <span class='ocr_line' id='line_1_2' title="bbox 1576 344 2198 411; baseline 0.013 -9"><span class='ocrx_word' id='word_1_2' title='bbox 1576 344 1957 406; x_wconf 75' lang='lat' dir='ltr'><strong>PHOFESSIO</strong></span> <span class='ocrx_word' id='word_1_3' title='bbox 2000 348 2061 407; x_wconf 67' lang='grc' dir='ltr'><strong>ει</strong></span> <span class='ocrx_word' id='word_1_4' title='bbox 2074 348 2198 411; x_wconf 78' lang='lat' dir='ltr'><strong>DEI.</strong></span> 
     </span>
    </p>
   </div>
   <div class='ocr_carea' id='block_1_3' title="bbox 3411 376 3551 437">
    <p class='ocr_par' dir='ltr' id='par_1_3' title="bbox 3411 376 3551 437">
     <span class='ocr_line' id='line_1_3' title="bbox 3411 376 3551 437; baseline 0.021 -3"><span class='ocrx_word' id='word_1_5' title='bbox 3411 376 3551 437; x_wconf 60' lang='lat'><strong>405‘</strong></span> 
     </span>
    </p>
   </div>
   <div class='ocr_carea' id='block_1_4' title="bbox 247 444 3551 561">
    <p class='ocr_par' dir='ltr' id='par_1_4' title="bbox 247 444 3551 561">
     <span class='ocr_line' id='line_1_4' title="bbox 247 444 3551 561; baseline 0.025 -97"><span class='ocrx_word' id='word_1_6' title='bbox 247 445 368 561; x_wconf 45' lang='lat'><strong>01:5?</strong></span> <span class='ocrx_word' id='word_1_7' title='bbox 400 444 537 500; x_wconf 69' lang='lat' dir='ltr'><strong><em>bona</em></strong></span> <span class='ocrx_word' id='word_1_8' title='bbox 566 455 684 561; x_wconf 49' lang='lat' dir='ltr'><strong>m‘m</strong></span> <span class='ocrx_word' id='word_1_9' title='bbox 712 448 857 551; x_wconf 55' lang='grc' dir='ltr'><strong>,Ἦίάε</strong></span> <span class='ocrx_word' id='word_1_10' title='bbox 889 448 1041 519; x_wconf 55' lang='grc' dir='ltr'><strong>(δέη⁸</strong></span> <span class='ocrx_word' id='word_1_11' title='bbox 1083 469 1121 519; x_wconf 52' lang='grc' dir='ltr'>ι,</span> <span class='ocrx_word' id='word_1_12' title='bbox 1154 453 1246 516; x_wconf 50' lang='lat'><strong>50.</strong></span> <span class='ocrx_word' id='word_1_13' title='bbox 1280 455 1341 510; x_wconf 70' lang='grc' dir='ltr'><strong>’δι</strong></span> <span class='ocrx_word' id='word_1_14' title='bbox 1366 455 1474 561; x_wconf 36' lang='grc' dir='ltr'><strong>),.ι.</strong></span> <span class='ocrx_word' id='word_1_15' title='bbox 1515 457 1621 513; x_wconf 77' lang='lat' dir='ltr'><strong>sed</strong></span> <span class='ocrx_word' id='word_1_16' title='bbox 1661 460 1728 561; x_wconf 79' lang='lat' dir='ltr'><strong>ab</strong></span> <span class='ocrx_word' id='word_1_17' title='bbox 1758 459 1843 516; x_wconf 86' lang='lat' dir='ltr'><strong>his</strong></span> <span class='ocrx_word' id='word_1_18' title='bbox 1870 471 1925 530; x_wconf 77' lang='grc' dir='ltr'><strong>Α</strong></span> <span class='ocrx_word' id='word_1_19' title='bbox 1952 460 2176 561; x_wconf 42' lang='lat' dir='ltr'><strong>Et-alibi</strong></span> <span class='ocrx_word' id='word_1_20' title='bbox 2225 464 2416 523; x_wconf 89' lang='lat' dir='ltr'><strong>beatus</strong></span> <span class='ocrx_word' id='word_1_21' title='bbox 2446 467 2681 527; x_wconf 82' lang='lat' dir='ltr'><strong>Petrus:</strong></span> <span class='ocrx_word' id='word_1_22' title='bbox 2718 472 2900 531; x_wconf 85' lang='lat' dir='ltr'><strong>Omnis</strong></span> <span class='ocrx_word' id='word_1_23' title='bbox 2928 494 3096 536; x_wconf 85' lang='lat' dir='ltr'><strong>sermo</strong></span> <span class='ocrx_word' id='word_1_24' title='bbox 3124 484 3551 561; x_wconf 75' lang='lat' dir='ltr'><strong>interpretatione</strong></span> 
     </span>
    </p>
   </div>
   <div class='ocr_carea' id='block_1_5' title="bbox 245 534 1841 623">
    <p class='ocr_par' dir='ltr' id='par_1_5' title="bbox 245 534 1841 623">
     <span class='ocr_line' id='line_1_5' title="bbox 245 534 1841 623; baseline 0.01 -33"><span class='ocrx_word' id='word_1_25' title='bbox 245 534 312 591; x_wconf 86' lang='lat' dir='ltr'><strong>ad</strong></span> <span class='ocrx_word' id='word_1_26' title='bbox 340 543 558 607; x_wconf 85' lang='lat' dir='ltr'><strong>tempus</strong></span> <span class='ocrx_word' id='word_1_27' title='bbox 588 538 882 610; x_wconf 77' lang='lat' dir='ltr'><strong>abstinere,</strong></span> <span class='ocrx_word' id='word_1_28' title='bbox 917 559 1024 599; x_wconf 88' lang='lat' dir='ltr'><strong>non</strong></span> <span class='ocrx_word' id='word_1_29' title='bbox 1073 561 1171 614; x_wconf 85' lang='lat' dir='ltr'><strong>pro</strong></span> <span class='ocrx_word' id='word_1_30' title='bbox 1200 549 1587 616; x_wconf 72' lang='lat' dir='ltr'><strong>superstitione</strong></span> <span class='ocrx_word' id='word_1_31' title='bbox 1620 551 1841 623; x_wconf 90' lang='lat' dir='ltr'><strong>religio-</strong></span> 
     </span>
    </p>
   </div>
   <div class='ocr_carea' id='block_1_6' title="bbox 246 629 1839 715">
    <p class='ocr_par' dir='ltr' id='par_1_6' title="bbox 246 629 1839 715">
     <span class='ocr_line' id='line_1_6' title="bbox 246 629 1839 715; baseline 0.011 -30"><span class='ocrx_word' id='word_1_32' title='bbox 246 631 329 685; x_wconf 96' lang='lat' dir='ltr'><strong>nis</strong></span> <span class='ocrx_word' id='word_1_33' title='bbox 359 647 540 704; x_wconf 89' lang='lat' dir='ltr'><strong>neque</strong></span> <span class='ocrx_word' id='word_1_34' title='bbox 569 629 975 695; x_wconf 82' lang='lat' dir='ltr'><strong>abominatioiie</strong></span> <span class='ocrx_word' id='word_1_35' title='bbox 998 650 1264 695; x_wconf 84' lang='lat' dir='ltr'><strong>creaturae</strong></span> <span class='ocrx_word' id='word_1_36' title='bbox 1293 642 1413 708; x_wconf 86' lang='lat' dir='ltr'><strong>Dei,</strong></span> <span class='ocrx_word' id='word_1_37' title='bbox 1445 646 1541 700; x_wconf 91' lang='lat' dir='ltr'><strong>scd</strong></span> <span class='ocrx_word' id='word_1_38' title='bbox 1575 660 1675 715; x_wconf 92' lang='lat' dir='ltr'><strong>pro</strong></span> <span class='ocrx_word' id='word_1_39' title='bbox 1705 662 1839 702; x_wconf 88' lang='lat' dir='ltr'><strong>con-</strong></span> 
     </span>
    </p>
   </div>
   <div class='ocr_carea' id='block_1_7' title="bbox 246 722 1843 812">
    <p class='ocr_par' dir='ltr' id='par_1_7' title="bbox 246 722 1843 812">
     <span class='ocr_line' id='line_1_7' title="bbox 246 722 1843 812; baseline 0.012 -34"><span class='ocrx_word' id='word_1_40' title='bbox 246 722 471 780; x_wconf 91' lang='lat' dir='ltr'><strong>tinentia</strong></span> <span class='ocrx_word' id='word_1_41' title='bbox 503 729 707 795; x_wconf 84' lang='lat' dir='ltr'><strong>carnis,</strong></span> <span class='ocrx_word' id='word_1_42' title='bbox 742 730 872 786; x_wconf 89' lang='lat' dir='ltr'><strong>utile</strong></span> <span class='ocrx_word' id='word_1_43' title='bbox 902 747 1023 789; x_wconf 89' lang='lat' dir='ltr'><strong>esse</strong></span> <span class='ocrx_word' id='word_1_44' title='bbox 1045 736 1311 791; x_wconf 74' lang='lat' dir='ltr'><strong>sentimus</strong></span> <span class='ocrx_word' id='word_1_45' title='bbox 1342 740 1641 793; x_wconf 89' lang='lat' dir='ltr'><strong>secundum</strong></span> <span class='ocrx_word' id='word_1_46' title='bbox 1696 740 1843 812; x_wconf 84' lang='lat' dir='ltr'><strong>Apo-</strong></span> 
     </span>
    </p>
   </div>
   <div class='ocr_carea' id='block_1_8' title="bbox 241 819 1841 895">
    <p class='ocr_par' dir='ltr' id='par_1_8' title="bbox 241 819 1841 895">
     <span class='ocr_line' id='line_1_8' title="bbox 241 819 1841 895; baseline 0.01 -20"><span class='ocrx_word' id='word_1_47' title='bbox 241 819 369 875; x_wconf 85' lang='lat' dir='ltr'><strong>stoli</strong></span> <span class='ocrx_word' id='word_1_48' title='bbox 398 822 827 895; x_wconf 89' lang='lat' dir='ltr'><strong>consilium,qui</strong></span> <span class='ocrx_word' id='word_1_49' title='bbox 853 826 986 883; x_wconf 80' lang='lat' dir='ltr'><strong>dicit</strong></span> <span class='ocrx_word' id='word_1_50' title='bbox 1011 846 1025 883; x_wconf 92' lang='lat'><strong>:</strong></span> <span class='ocrx_word' id='word_1_51' title='bbox 1056 827 1268 884; x_wconf 82' lang='lat' dir='ltr'><strong>Bonum</strong></span> <span class='ocrx_word' id='word_1_52' title='bbox 1288 842 1363 887; x_wconf 89' lang='lat' dir='ltr'><strong>est</strong></span> <span class='ocrx_word' id='word_1_53' title='bbox 1393 850 1495 888; x_wconf 89' lang='lat' dir='ltr'><strong>non</strong></span> <span class='ocrx_word' id='word_1_54' title='bbox 1525 836 1841 892; x_wconf 82' lang='lat' dir='ltr'><strong>manducare</strong></span> 
     </span>
    </p>
   </div>
   <div class='ocr_carea' id='block_1_9' title="bbox 240 917 1839 999">
    <p class='ocr_par' dir='ltr' id='par_1_9' title="bbox 240 917 1839 999">
     <span class='ocr_line' id='line_1_9' title="bbox 240 917 1839 999; baseline 0.011 -32"><span class='ocrx_word' id='word_1_55' title='bbox 240 927 471 983; x_wconf 85' lang='lat' dir='ltr'><strong>carnem,</strong></span> <span class='ocrx_word' id='word_1_56' title='bbox 508 933 671 988; x_wconf 86' lang='lat' dir='ltr'><strong>neque</strong></span> <span class='ocrx_word' id='word_1_57' title='bbox 699 917 866 973; x_wconf 82' lang='lat' dir='ltr'><strong>bibere</strong></span> <span class='ocrx_word' id='word_1_58' title='bbox 893 923 1067 976; x_wconf 84' lang='lat' dir='ltr'><strong>vinum</strong></span> <span class='ocrx_word' id='word_1_59' title='bbox 1113 923 1131 996; x_wconf 95' lang='lat'>(</span> <span class='ocrx_word' id='word_1_60' title='bbox 1165 922 1316 978; x_wconf 87' lang='lat' dir='ltr'><strong>Rom.</strong></span> <span class='ocrx_word' id='word_1_61' title='bbox 1350 941 1459 996; x_wconf 82' lang='lat' dir='ltr'><strong>xiv,</strong></span> <span class='ocrx_word' id='word_1_62' title='bbox 1491 927 1631 998; x_wconf 77' lang='grc'><strong>21);</strong></span> <span class='ocrx_word' id='word_1_63' title='bbox 1674 939 1839 999; x_wconf 82' lang='lat' dir='ltr'><strong>atque</strong></span> 
     </span>
    </p>
   </div>
   <div class='ocr_carea' id='block_1_10' title="bbox 240 1009 1837 1089">
    <p class='ocr_par' dir='ltr' id='par_1_10' title="bbox 240 1009 1837 1089">
     <span class='ocr_line' id='line_1_10' title="bbox 240 1009 1837 1089; baseline 0.01 -28"><span class='ocrx_word' id='word_1_64' title='bbox 240 1022 364 1075; x_wconf 87' lang='lat' dir='ltr'><strong>cum</strong></span> <span class='ocrx_word' id='word_1_65' title='bbox 389 1009 631 1077; x_wconf 86' lang='lat' dir='ltr'><strong>libuerit,</strong></span> <span class='ocrx_word' id='word_1_66' title='bbox 664 1013 737 1066; x_wconf 87' lang='lat' dir='ltr'><strong>uti</strong></span> <span class='ocrx_word' id='word_1_67' title='bbox 764 1029 778 1078; x_wconf 91' lang='lat'><strong>;</strong></span> <span class='ocrx_word' id='word_1_68' title='bbox 809 1022 864 1068; x_wconf 90' lang='lat' dir='ltr'><strong>et</strong></span> <span class='ocrx_word' id='word_1_69' title='bbox 891 1028 1012 1069; x_wconf 93' lang='lat' dir='ltr'><strong>cum</strong></span> <span class='ocrx_word' id='word_1_70' title='bbox 1042 1015 1421 1085; x_wconf 67' lang='lat' dir='ltr'><strong>delectaverit,</strong></span> <span class='ocrx_word' id='word_1_71' title='bbox 1453 1021 1750 1089; x_wconf 75' lang='lat' dir='ltr'><strong>absﬁnere,</strong></span> <span class='ocrx_word' id='word_1_72' title='bbox 1782 1023 1837 1077; x_wconf 93' lang='lat' dir='ltr'><strong>in</strong></span> 
     </span>
    </p>
   </div>
   <div class='ocr_carea' id='block_1_11' title="bbox 237 1100 1836 1184">
    <p class='ocr_par' dir='ltr' id='par_1_11' title="bbox 237 1100 1836 1184">
     <span class='ocr_line' id='line_1_11' title="bbox 237 1100 1836 1184; baseline 0.009 -26"><span class='ocrx_word' id='word_1_73' title='bbox 237 1100 479 1161; x_wconf 82' lang='lat' dir='ltr'><strong>hominis</strong></span> <span class='ocrx_word' id='word_1_74' title='bbox 520 1116 790 1177; x_wconf 84' lang='lat' dir='ltr'><strong>potestate</strong></span> <span class='ocrx_word' id='word_1_75' title='bbox 817 1110 1143 1167; x_wconf 86' lang='lat' dir='ltr'><strong>consistere.</strong></span> <span class='ocrx_word' id='word_1_76' title='bbox 1174 1114 1194 1144; x_wconf 82' lang='grc'><em>³</em></span> <span class='ocrx_word' id='word_1_77' title='bbox 1224 1112 1490 1184; x_wconf 89' lang='lat' dir='ltr'><strong>Conjugia</strong></span> <span class='ocrx_word' id='word_1_78' title='bbox 1518 1115 1836 1184; x_wconf 79' lang='lat' dir='ltr'><strong>probamus,</strong></span> 
     </span>
    </p>
   </div>
   <div class='ocr_carea' id='block_1_12' title="bbox 240 1198 1834 1269">
    <p class='ocr_par' dir='ltr' id='par_1_12' title="bbox 240 1198 1834 1269">
     <span class='ocr_line' id='line_1_12' title="bbox 240 1198 1834 1269; baseline 0.009 -17"><span class='ocrx_word' id='word_1_79' title='bbox 240 1213 362 1269; x_wconf 78' lang='lat' dir='ltr'><strong>qua:</strong></span> <span class='ocrx_word' id='word_1_80' title='bbox 398 1198 509 1255; x_wconf 88' lang='lat' dir='ltr'><strong>Deo</strong></span> <span class='ocrx_word' id='word_1_81' title='bbox 549 1210 771 1258; x_wconf 85' lang='lat' dir='ltr'><strong>auctore</strong></span> <span class='ocrx_word' id='word_1_82' title='bbox 808 1218 1065 1260; x_wconf 86' lang='lat' dir='ltr'><strong>concessa</strong></span> <span class='ocrx_word' id='word_1_83' title='bbox 1116 1215 1243 1262; x_wconf 88' lang='lat' dir='ltr'><strong>sunt</strong></span> <span class='ocrx_word' id='word_1_84' title='bbox 1299 1224 1313 1261; x_wconf 91' lang='lat'><strong>:</strong></span> <span class='ocrx_word' id='word_1_85' title='bbox 1362 1208 1751 1265; x_wconf 84' lang='lat' dir='ltr'><strong>continentiam</strong></span> <span class='ocrx_word' id='word_1_86' title='bbox 1782 1210 1834 1266; x_wconf 89' lang='lat' dir='ltr'><strong>in</strong></span> 
     </span>
    </p>
   </div>
   <div class='ocr_carea' id='block_1_13' title="bbox 235 1291 1832 1378">
    <p class='ocr_par' dir='ltr' id='par_1_13' title="bbox 235 1291 1832 1378">
     <span class='ocr_line' id='line_1_13' title="bbox 235 1291 1832 1378; baseline 0.009 -31"><span class='ocrx_word' id='word_1_87' title='bbox 235 1291 371 1365; x_wconf 83' lang='lat' dir='ltr'><strong>ipsis</strong></span> <span class='ocrx_word' id='word_1_88' title='bbox 431 1298 833 1367; x_wconf 61' lang='lat' dir='ltr'><strong>praedicamus;</strong></span> <span class='ocrx_word' id='word_1_89' title='bbox 876 1301 1259 1372; x_wconf 83' lang='lat' dir='ltr'><strong>virginitatem,</strong></span> <span class='ocrx_word' id='word_1_90' title='bbox 1321 1314 1504 1375; x_wconf 81' lang='lat' dir='ltr'><strong>utpote</strong></span> <span class='ocrx_word' id='word_1_91' title='bbox 1560 1305 1832 1378; x_wconf 86' lang='lat' dir='ltr'><strong>egregium</strong></span> 
     </span>
    </p>
   </div>
   <div class='ocr_carea' id='block_1_14' title="bbox 242 1375 1835 1470">
    <p class='ocr_par' dir='ltr' id='par_1_14' title="bbox 242 1375 1835 1470">
     <span class='ocr_line' id='line_1_14' title="bbox 242 1375 1835 1470; baseline 0.008 -26"><span class='ocrx_word' id='word_1_92' title='bbox 242 1375 493 1460; x_wconf 75' lang='lat' dir='ltr'><strong>germen,</strong></span> <span class='ocrx_word' id='word_1_93' title='bbox 525 1403 578 1448; x_wconf 89' lang='lat' dir='ltr'><strong>et</strong></span> <span class='ocrx_word' id='word_1_94' title='bbox 607 1408 675 1465; x_wconf 9' lang='lat' dir='ltr'><strong>ex,</strong></span> <span class='ocrx_word' id='word_1_95' title='bbox 698 1393 855 1450; x_wconf 74' lang='lat' dir='ltr'><strong>elleta</strong></span> <span class='ocrx_word' id='word_1_96' title='bbox 888 1396 1273 1454; x_wconf 85' lang='lat' dir='ltr'><strong>trunciradice</strong></span> <span class='ocrx_word' id='word_1_97' title='bbox 1301 1400 1628 1470; x_wconf 86' lang='lat' dir='ltr'><strong>procedens,</strong></span> <span class='ocrx_word' id='word_1_98' title='bbox 1664 1402 1835 1457; x_wconf 77' lang='lat' dir='ltr'><strong>extol-</strong></span> 
     </span>
    </p>
   </div>
   <div class='ocr_carea' id='block_1_15' title="bbox 232 1483 1832 1566">
    <p class='ocr_par' dir='ltr' id='par_1_15' title="bbox 232 1483 1832 1566">
     <span class='ocr_line' id='line_1_15' title="bbox 232 1483 1832 1566; baseline 0.006 -26"><span class='ocrx_word' id='word_1_99' title='bbox 232 1483 398 1540; x_wconf 90' lang='lat' dir='ltr'><strong>limus</strong></span> <span class='ocrx_word' id='word_1_100' title='bbox 428 1496 483 1543; x_wconf 90' lang='lat' dir='ltr'><strong>et</strong></span> <span class='ocrx_word' id='word_1_101' title='bbox 510 1488 793 1545; x_wconf 85' lang='lat' dir='ltr'><strong>miramur.</strong></span> <span class='ocrx_word' id='word_1_102' title='bbox 824 1489 1102 1547; x_wconf 85' lang='lat' dir='ltr'><strong>Justorum</strong></span> <span class='ocrx_word' id='word_1_103' title='bbox 1134 1503 1594 1566; x_wconf 88' lang='lat' dir='ltr'><strong>peccatorumque</strong></span> <span class='ocrx_word' id='word_1_104' title='bbox 1622 1496 1832 1550; x_wconf 88' lang='lat' dir='ltr'><strong>distan-</strong></span> 
     </span>
    </p>
   </div>
   <div class='ocr_carea' id='block_1_16' title="bbox 233 1577 1833 1653">
    <p class='ocr_par' dir='ltr' id='par_1_16' title="bbox 233 1577 1833 1653">
     <span class='ocr_line' id='line_1_16' title="bbox 233 1577 1833 1653; baseline 0.009 -21"><span class='ocrx_word' id='word_1_105' title='bbox 233 1577 389 1645; x_wconf 84' lang='lat' dir='ltr'><strong>tiam,</strong></span> <span class='ocrx_word' id='word_1_106' title='bbox 419 1595 527 1635; x_wconf 90' lang='lat' dir='ltr'><strong>non</strong></span> <span class='ocrx_word' id='word_1_107' title='bbox 560 1597 630 1637; x_wconf 77' lang='lat' dir='ltr'><strong>ex</strong></span> <span class='ocrx_word' id='word_1_108' title='bbox 663 1582 981 1641; x_wconf 90' lang='lat' dir='ltr'><strong>conditione</strong></span> <span class='ocrx_word' id='word_1_109' title='bbox 1009 1589 1300 1653; x_wconf 85' lang='lat' dir='ltr'><strong>creatoris,</strong></span> <span class='ocrx_word' id='word_1_110' title='bbox 1335 1587 1432 1643; x_wconf 91' lang='lat' dir='ltr'><strong>scd</strong></span> <span class='ocrx_word' id='word_1_111' title='bbox 1466 1588 1690 1643; x_wconf 88' lang='lat' dir='ltr'><strong>arbitrio</strong></span> <span class='ocrx_word' id='word_1_112' title='bbox 1711 1605 1833 1646; x_wconf 85' lang='lat' dir='ltr'><strong>cre-</strong></span> 
     </span>
    </p>
   </div>
   <div class='ocr_carea' id='block_1_17' title="bbox 230 1669 1829 1753">
    <p class='ocr_par' dir='ltr' id='par_1_17' title="bbox 230 1669 1829 1753">
     <span class='ocr_line' id='line_1_17' title="bbox 230 1669 1829 1753; baseline 0.009 -28"><span class='ocrx_word' id='word_1_113' title='bbox 230 1669 411 1727; x_wconf 85' lang='lat' dir='ltr'><strong>dimus</strong></span> <span class='ocrx_word' id='word_1_114' title='bbox 433 1675 699 1731; x_wconf 84' lang='lat' dir='ltr'><strong>accedere</strong></span> <span class='ocrx_word' id='word_1_115' title='bbox 728 1677 1046 1733; x_wconf 82' lang='lat' dir='ltr'><strong>voluntatis.</strong></span> <span class='ocrx_word' id='word_1_116' title='bbox 1066 1679 1450 1736; x_wconf 66' lang='lat' dir='ltr'><strong>Paenitentiam</strong></span> <span class='ocrx_word' id='word_1_117' title='bbox 1485 1691 1829 1753; x_wconf 86' lang='lat' dir='ltr'><strong>peccatorum</strong></span> 
     </span>
    </p>
   </div>
   <div class='ocr_carea' id='block_1_18' title="bbox 228 1763 1828 1847">
    <p class='ocr_par' dir='ltr' id='par_1_18' title="bbox 228 1763 1828 1847">
     <span class='ocr_line' id='line_1_18' title="bbox 228 1763 1828 1847; baseline 0.008 -28"><span class='ocrx_word' id='word_1_118' title='bbox 228 1763 549 1836; x_wconf 87' lang='lat' dir='ltr'><strong>plenissima</strong></span> <span class='ocrx_word' id='word_1_119' title='bbox 574 1768 677 1824; x_wconf 79' lang='lat' dir='ltr'><strong>ﬁde</strong></span> <span class='ocrx_word' id='word_1_120' title='bbox 705 1772 1056 1840; x_wconf 84' lang='lat' dir='ltr'><strong>suscipimus,</strong></span> <span class='ocrx_word' id='word_1_121' title='bbox 1091 1788 1156 1828; x_wconf 91' lang='lat' dir='ltr'><strong>ac</strong></span> <span class='ocrx_word' id='word_1_122' title='bbox 1183 1774 1351 1828; x_wconf 89' lang='lat' dir='ltr'><strong>veluti</strong></span> <span class='ocrx_word' id='word_1_123' title='bbox 1375 1776 1672 1831; x_wconf 86' lang='lat' dir='ltr'><strong>secundam</strong></span> <span class='ocrx_word' id='word_1_124' title='bbox 1703 1793 1828 1847; x_wconf 89' lang='lat' dir='ltr'><strong>gra-</strong></span> 
     </span>
    </p>
   </div>
   <div class='ocr_carea' id='block_1_19' title="bbox 1950 554 3551 651">
    <p class='ocr_par' dir='ltr' id='par_1_19' title="bbox 1950 554 3551 651">
     <span class='ocr_line' id='line_1_19' title="bbox 1950 554 3551 651; baseline 0.022 -46"><span class='ocrx_word' id='word_1_125' title='bbox 1950 554 2147 651; x_wconf 81' lang='lat' dir='ltr'><strong>indiget</strong></span> <span class='ocrx_word' id='word_1_126' title='bbox 2178 557 2199 628; x_wconf 93' lang='lat'>(</span> <span class='ocrx_word' id='word_1_127' title='bbox 2226 557 2269 611; x_wconf 90' lang='lat' dir='ltr'><strong>ll</strong></span> <span class='ocrx_word' id='word_1_128' title='bbox 2297 557 2417 613; x_wconf 87' lang='lat' dir='ltr'><strong>Pet.</strong></span> <span class='ocrx_word' id='word_1_129' title='bbox 2445 576 2483 627; x_wconf 80' lang='grc' dir='ltr'>ι,</span> <span class='ocrx_word' id='word_1_130' title='bbox 2530 562 2602 618; x_wconf 75' lang='lat'><strong>20</strong></span> <span class='ocrx_word' id='word_1_131' title='bbox 2624 563 2666 635; x_wconf 88' lang='lat'><strong>).</strong></span> <span class='ocrx_word' id='word_1_132' title='bbox 2690 564 2926 625; x_wconf 85' lang='lat' dir='ltr'><strong>Omnem</strong></span> <span class='ocrx_word' id='word_1_133' title='bbox 2950 554 3278 643; x_wconf 80' lang='lat' dir='ltr'><strong>scripturam</strong></span> <span class='ocrx_word' id='word_1_134' title='bbox 3305 596 3426 651; x_wconf 70' lang='lat' dir='ltr'><strong>quae</strong></span> <span class='ocrx_word' id='word_1_135' title='bbox 3457 599 3551 640; x_wconf 84' lang='lat' dir='ltr'><strong>ec-</strong></span> 
     </span>
    </p>
   </div>
   <div class='ocr_carea' id='block_1_20' title="bbox 1946 646 3545 746">
    <p class='ocr_par' dir='ltr' id='par_1_20' title="bbox 1946 646 3545 746">
     <span class='ocr_line' id='line_1_20' title="bbox 1946 646 3545 746; baseline 0.019 -44"><span class='ocrx_word' id='word_1_136' title='bbox 1946 646 2260 705; x_wconf 86' lang='lat' dir='ltr'><strong>clesiastico</strong></span> <span class='ocrx_word' id='word_1_137' title='bbox 2309 656 2505 709; x_wconf 91' lang='lat' dir='ltr'><strong>canoni</strong></span> <span class='ocrx_word' id='word_1_138' title='bbox 2554 673 2661 712; x_wconf 92' lang='lat' dir='ltr'><strong>non</strong></span> <span class='ocrx_word' id='word_1_139' title='bbox 2707 664 2965 733; x_wconf 79' lang='lat' dir='ltr'><strong>congruit</strong></span> <span class='ocrx_word' id='word_1_140' title='bbox 3011 683 3193 739; x_wconf 86' lang='lat' dir='ltr'><strong>neque</strong></span> <span class='ocrx_word' id='word_1_141' title='bbox 3248 646 3545 746; x_wconf 81' lang='lat' dir='ltr'><strong>consentit,</strong></span> 
     </span>
    </p>
   </div>
   <div class='ocr_carea' id='block_1_21' title="bbox 1946 740 3542 828">
    <p class='ocr_par' dir='ltr' id='par_1_21' title="bbox 1946 740 3542 828">
     <span class='ocr_line' id='line_1_21' title="bbox 1946 740 3542 828; baseline 0.023 -37"><span class='ocrx_word' id='word_1_142' title='bbox 1946 754 2053 794; x_wconf 90' lang='lat' dir='ltr'><strong>non</strong></span> <span class='ocrx_word' id='word_1_143' title='bbox 2082 740 2263 797; x_wconf 88' lang='lat' dir='ltr'><strong>solum</strong></span> <span class='ocrx_word' id='word_1_144' title='bbox 2290 760 2396 801; x_wconf 94' lang='lat' dir='ltr'><strong>non</strong></span> <span class='ocrx_word' id='word_1_145' title='bbox 2429 750 2778 821; x_wconf 91' lang='lat' dir='ltr'><strong>suscipimus,</strong></span> <span class='ocrx_word' id='word_1_146' title='bbox 2811 771 2999 813; x_wconf 88' lang='lat' dir='ltr'><strong>verum</strong></span> <span class='ocrx_word' id='word_1_147' title='bbox 3031 762 3197 818; x_wconf 89' lang='lat' dir='ltr'><strong>etiam</strong></span> <span class='ocrx_word' id='word_1_148' title='bbox 3227 766 3377 823; x_wconf 90' lang='lat' dir='ltr'><strong>velut</strong></span> <span class='ocrx_word' id='word_1_149' title='bbox 3406 740 3542 828; x_wconf 44' lang='lat' dir='ltr'><strong>alie;</strong></span> 
     </span>
    </p>
   </div>
   <div class='ocr_carea' id='block_1_22' title="bbox 1945 837 3551 938">
    <p class='ocr_par' dir='ltr' id='par_1_22' title="bbox 1945 837 3551 938">
     <span class='ocr_line' id='line_1_22' title="bbox 1945 837 3551 938; baseline 0.024 -52"><span class='ocrx_word' id='word_1_150' title='bbox 1945 849 2069 937; x_wconf 78' lang='lat' dir='ltr'><strong>nam</strong></span> <span class='ocrx_word' id='word_1_151' title='bbox 2108 851 2137 891; x_wconf 92' lang='lat' dir='ltr'><strong>a</strong></span> <span class='ocrx_word' id='word_1_152' title='bbox 2170 837 2323 895; x_wconf 85' lang='lat' dir='ltr'><strong>Fidei</strong></span> <span class='ocrx_word' id='word_1_153' title='bbox 2372 843 2599 901; x_wconf 84' lang='lat' dir='ltr'><strong>veritate</strong></span> <span class='ocrx_word' id='word_1_154' title='bbox 2650 848 2992 909; x_wconf 86' lang='lat' dir='ltr'><strong>damnamus.</strong></span> <span class='ocrx_word' id='word_1_155' title='bbox 3044 855 3357 931; x_wconf 87' lang='lat' dir='ltr'><strong>Peregrinis</strong></span> <span class='ocrx_word' id='word_1_156' title='bbox 3382 874 3551 938; x_wconf 85' lang='lat' dir='ltr'><strong>atque</strong></span> 
     </span>
    </p>
   </div>
   <div class='ocr_carea' id='block_1_23' title="bbox 1943 926 3545 1022">
    <p class='ocr_par' dir='ltr' id='par_1_23' title="bbox 1943 926 3545 1022">
     <span class='ocr_line' id='line_1_23' title="bbox 1943 926 3545 1022; baseline 0.024 -42"><span class='ocrx_word' id='word_1_157' title='bbox 1943 926 2142 997; x_wconf 81' lang='lat' dir='ltr'><strong>ignotis</strong></span> <span class='ocrx_word' id='word_1_158' title='bbox 2171 929 2369 989; x_wconf 79' lang='lat' dir='ltr'><strong>fabulis</strong></span> <span class='ocrx_word' id='word_1_159' title='bbox 2390 934 2462 991; x_wconf 91' lang='lat' dir='ltr'><strong>de</strong></span> <span class='ocrx_word' id='word_1_160' title='bbox 2486 938 2876 1010; x_wconf 89' lang='lat' dir='ltr'><strong>scripturarum</strong></span> <span class='ocrx_word' id='word_1_161' title='bbox 2907 926 3269 1022; x_wconf 78' lang='lat' dir='ltr'><strong>continentia,</strong></span> <span class='ocrx_word' id='word_1_162' title='bbox 3315 972 3423 1014; x_wconf 92' lang='lat' dir='ltr'><strong>non</strong></span> <span class='ocrx_word' id='word_1_163' title='bbox 3454 926 3545 1017; x_wconf 63' lang='lat' dir='ltr'><strong>ia-</strong></span> 
     </span>
    </p>
   </div>
   <div class='ocr_carea' id='block_1_24' title="bbox 1942 1019 3547 1117">
    <p class='ocr_par' dir='ltr' id='par_1_24' title="bbox 1942 1019 3547 1117">
     <span class='ocr_line' id='line_1_24' title="bbox 1942 1019 3547 1117; baseline 0.026 -44"><span class='ocrx_word' id='word_1_164' title='bbox 1942 1019 2047 1075; x_wconf 91' lang='lat' dir='ltr'><strong>cile</strong></span> <span class='ocrx_word' id='word_1_165' title='bbox 2106 1029 2584 1088; x_wconf 82' lang='lat' dir='ltr'><strong>accommodamus</strong></span> <span class='ocrx_word' id='word_1_166' title='bbox 2653 1049 2972 1106; x_wconf 81' lang='lat' dir='ltr'><strong>assensum;</strong></span> <span class='ocrx_word' id='word_1_167' title='bbox 3025 1059 3200 1117; x_wconf 88' lang='lat' dir='ltr'><strong>neque</strong></span> <span class='ocrx_word' id='word_1_168' title='bbox 3241 1019 3352 1107; x_wconf 86' lang='lat' dir='ltr'><strong>cito</strong></span> <span class='ocrx_word' id='word_1_169' title='bbox 3402 1070 3547 1113; x_wconf 87' lang='lat' dir='ltr'><strong>nova</strong></span> 
     </span>
    </p>
   </div>
   <div class='ocr_carea' id='block_1_25' title="bbox 1940 1112 3547 1221">
    <p class='ocr_par' dir='ltr' id='par_1_25' title="bbox 1940 1112 3547 1221">
     <span class='ocr_line' id='line_1_25' title="bbox 1940 1112 3547 1221; baseline 0.026 -54"><span class='ocrx_word' id='word_1_170' title='bbox 1940 1112 2184 1221; x_wconf 70' lang='lat' dir='ltr'><strong>doctrina</strong></span> <span class='ocrx_word' id='word_1_171' title='bbox 2236 1122 2449 1177; x_wconf 89' lang='lat' dir='ltr'><strong>aurium</strong></span> <span class='ocrx_word' id='word_1_172' title='bbox 2499 1136 2805 1186; x_wconf 90' lang='lat' dir='ltr'><strong>nostrarum</strong></span> <span class='ocrx_word' id='word_1_173' title='bbox 2853 1133 3017 1192; x_wconf 89' lang='lat' dir='ltr'><strong>intrat</strong></span> <span class='ocrx_word' id='word_1_174' title='bbox 3069 1112 3376 1216; x_wconf 78' lang='lat' dir='ltr'><strong>cavernas,</strong></span> <span class='ocrx_word' id='word_1_175' title='bbox 3416 1151 3547 1221; x_wconf 82' lang='lat' dir='ltr'><strong>quia</strong></span> 
     </span>
    </p>
   </div>
   <div class='ocr_carea' id='block_1_26' title="bbox 1940 1203 3541 1310">
    <p class='ocr_par' dir='ltr' id='par_1_26' title="bbox 1940 1203 3541 1310">
     <span class='ocr_line' id='line_1_26' title="bbox 1940 1203 3541 1310; baseline 0.027 -53"><span class='ocrx_word' id='word_1_176' title='bbox 1940 1203 2169 1275; x_wconf 86' lang='lat' dir='ltr'><strong>legimus</strong></span> <span class='ocrx_word' id='word_1_177' title='bbox 2212 1210 2751 1284; x_wconf 70' lang='lat' dir='ltr'><strong>Virginembnovam</strong></span> <span class='ocrx_word' id='word_1_178' title='bbox 2797 1224 2952 1281; x_wconf 90' lang='lat' dir='ltr'><strong>aliam</strong></span> <span class='ocrx_word' id='word_1_179' title='bbox 3002 1229 3055 1285; x_wconf 91' lang='lat' dir='ltr'><strong>in</strong></span> <span class='ocrx_word' id='word_1_180' title='bbox 3108 1248 3343 1304; x_wconf 87' lang='lat' dir='ltr'><strong>secreto,</strong></span> <span class='ocrx_word' id='word_1_181' title='bbox 3361 1203 3541 1310; x_wconf 51' lang='lat' dir='ltr'><strong>&#39;qtiam</strong></span> 
     </span>
    </p>
   </div>
   <div class='ocr_carea' id='block_1_27' title="bbox 1940 1300 3541 1403">
    <p class='ocr_par' dir='ltr' id='par_1_27' title="bbox 1940 1300 3541 1403">
     <span class='ocr_line' id='line_1_27' title="bbox 1940 1300 3541 1403; baseline 0.025 -51"><span class='ocrx_word' id='word_1_182' title='bbox 1940 1300 2127 1355; x_wconf 88' lang='lat' dir='ltr'><strong>rudem</strong></span> <span class='ocrx_word' id='word_1_183' title='bbox 2183 1305 2268 1359; x_wconf 86' lang='lat' dir='ltr'><strong>vel</strong></span> <span class='ocrx_word' id='word_1_184' title='bbox 2319 1319 2583 1366; x_wconf 87' lang='lat' dir='ltr'><strong>secretam</strong></span> <span class='ocrx_word' id='word_1_185' title='bbox 2635 1316 2972 1385; x_wconf 88' lang='lat' dir='ltr'><strong>suspicamur</strong></span> <span class='ocrx_word' id='word_1_186' title='bbox 3021 1338 3142 1380; x_wconf 89' lang='lat' dir='ltr'><strong>esse</strong></span> <span class='ocrx_word' id='word_1_187' title='bbox 3191 1300 3541 1403; x_wconf 74' lang='lat' dir='ltr'><strong>doctrinam;</strong></span> 
     </span>
    </p>
   </div>
   <div class='ocr_carea' id='block_1_28' title="bbox 1938 1396 3536 1499">
    <p class='ocr_par' dir='ltr' id='par_1_28' title="bbox 1938 1396 3536 1499">
     <span class='ocr_line' id='line_1_28' title="bbox 1938 1396 3536 1499; baseline 0.026 -54"><span class='ocrx_word' id='word_1_188' title='bbox 1938 1408 2057 1463; x_wconf 82' lang='lat' dir='ltr'><strong>qua:</strong></span> <span class='ocrx_word' id='word_1_189' title='bbox 2086 1396 2155 1451; x_wconf 92' lang='lat' dir='ltr'><strong>ob</strong></span> <span class='ocrx_word' id='word_1_190' title='bbox 2179 1396 2281 1454; x_wconf 91' lang='lat' dir='ltr'><strong>hoc</strong></span> <span class='ocrx_word' id='word_1_191' title='bbox 2312 1403 2633 1470; x_wconf 85' lang='lat' dir='ltr'><strong>prohibetur</strong></span> <span class='ocrx_word' id='word_1_192' title='bbox 2660 1408 2873 1480; x_wconf 91' lang='lat' dir='ltr'><strong>inspici,</strong></span> <span class='ocrx_word' id='word_1_193' title='bbox 2926 1430 2995 1471; x_wconf 91' lang='lat' dir='ltr'><strong>ne</strong></span> <span class='ocrx_word' id='word_1_194' title='bbox 3038 1416 3319 1479; x_wconf 82' lang='lat' dir='ltr'><strong>hominum</strong></span> <span class='ocrx_word' id='word_1_195' title='bbox 3348 1396 3536 1499; x_wconf 70' lang='lat' dir='ltr'><strong>corda,</strong></span> 
     </span>
    </p>
   </div>
   <div class='ocr_carea' id='block_1_29' title="bbox 1934 1490 3539 1589">
    <p class='ocr_par' dir='ltr' id='par_1_29' title="bbox 1934 1490 3539 1589">
     <span class='ocr_line' id='line_1_29' title="bbox 1934 1490 3539 1589; baseline 0.024 -51"><span class='ocrx_word' id='word_1_196' title='bbox 1934 1490 2307 1545; x_wconf 89' lang='lat' dir='ltr'><strong>commentitia</strong></span> <span class='ocrx_word' id='word_1_197' title='bbox 2334 1532 2347 1555; x_wconf 90' lang='lat'><strong>,</strong></span> <span class='ocrx_word' id='word_1_198' title='bbox 2401 1495 2501 1549; x_wconf 91' lang='lat' dir='ltr'><strong>sub</strong></span> <span class='ocrx_word' id='word_1_199' title='bbox 2544 1500 2723 1568; x_wconf 90' lang='lat' dir='ltr'><strong>specie</strong></span> <span class='ocrx_word' id='word_1_200' title='bbox 2752 1503 3019 1574; x_wconf 77' lang='lat' dir='ltr'><strong>veritatis,</strong></span> <span class='ocrx_word' id='word_1_201' title='bbox 3054 1526 3367 1571; x_wconf 87' lang='lat' dir='ltr'><strong>sermonum</strong></span> <span class='ocrx_word' id='word_1_202' title='bbox 3417 1490 3539 1589; x_wconf 55' lang='lat' dir='ltr'><strong>pul;</strong></span> 
     </span>
    </p>
   </div>
   <div class='ocr_carea' id='block_1_30' title="bbox 1888 1579 3533 1679">
    <p class='ocr_par' dir='ltr' id='par_1_30' title="bbox 1888 1579 3533 1679">
     <span class='ocr_line' id='line_1_30' title="bbox 1888 1579 3533 1679; baseline 0.025 -48"><span class='ocrx_word' id='word_1_203' title='bbox 1936 1579 2244 1679; x_wconf 78' lang='lat' dir='ltr'><strong>chritudine</strong></span> <span class='ocrx_word' id='word_1_204' title='bbox 2308 1590 2684 1662; x_wconf 84' lang='lat' dir='ltr'><strong>suavitateque</strong></span> <span class='ocrx_word' id='word_1_205' title='bbox 2752 1596 3015 1668; x_wconf 82' lang='lat' dir='ltr'><strong>decipiat.</strong></span> <span class='ocrx_word' id='word_1_206' title='bbox 3066 1603 3233 1679; x_wconf 83' lang='lat' dir='ltr'><strong>Virgo</strong></span> <span class='ocrx_word' id='word_1_207' title='bbox 3300 1623 3386 1667; x_wconf 89' lang='lat' dir='ltr'><strong>est</strong></span> <span class='ocrx_word' id='word_1_208' title='bbox 3417 1579 3533 1672; x_wconf 40' lang='lat' dir='ltr'><strong>lilia</strong></span> 
     </span>
    </p>
   </div>
   <div class='ocr_carea' id='block_1_31' title="bbox 1935 1670 3538 1766">
    <p class='ocr_par' dir='ltr' id='par_1_31' title="bbox 1935 1670 3538 1766">
     <span class='ocr_line' id='line_1_31' title="bbox 1935 1670 3538 1766; baseline 0.026 -41"><span class='ocrx_word' id='word_1_209' title='bbox 1935 1670 2205 1741; x_wconf 83' lang='lat' dir='ltr'><strong>doctrina,</strong></span> <span class='ocrx_word' id='word_1_210' title='bbox 2235 1693 2357 1748; x_wconf 66' lang='lat' dir='ltr'><strong>qua:</strong></span> <span class='ocrx_word' id='word_1_211' title='bbox 2386 1682 2521 1736; x_wconf 92' lang='lat' dir='ltr'><strong>nulli</strong></span> <span class='ocrx_word' id='word_1_212' title='bbox 2571 1686 2689 1739; x_wconf 89' lang='lat' dir='ltr'><strong>viro</strong></span> <span class='ocrx_word' id='word_1_213' title='bbox 2736 1689 3111 1751; x_wconf 83' lang='lat' dir='ltr'><strong>ecclesiastico</strong></span> <span class='ocrx_word' id='word_1_214' title='bbox 3148 1670 3231 1756; x_wconf 47' lang='lat' dir='ltr'><strong>v&#39;el</strong></span> <span class='ocrx_word' id='word_1_215' title='bbox 3264 1704 3538 1766; x_wconf 89' lang='lat' dir='ltr'><strong>catholico</strong></span> 
     </span>
    </p>
   </div>
   <div class='ocr_carea' id='block_1_32' title="bbox 1933 1766 3534 1867">
    <p class='ocr_par' dir='ltr' id='par_1_32' title="bbox 1933 1766 3534 1867">
     <span class='ocr_line' id='line_1_32' title="bbox 1933 1766 3534 1867; baseline 0.026 -51"><span class='ocrx_word' id='word_1_216' title='bbox 1933 1766 2147 1835; x_wconf 86' lang='lat' dir='ltr'><strong>cognita</strong></span> <span class='ocrx_word' id='word_1_217' title='bbox 2202 1778 2284 1823; x_wconf 89' lang='lat' dir='ltr'><strong>est</strong></span> <span class='ocrx_word' id='word_1_218' title='bbox 2310 1787 2323 1836; x_wconf 91' lang='lat'><strong>;</strong></span> <span class='ocrx_word' id='word_1_219' title='bbox 2350 1772 2447 1827; x_wconf 81' lang='lat' dir='ltr'><strong>sed</strong></span> <span class='ocrx_word' id='word_1_220' title='bbox 2470 1774 2616 1831; x_wconf 90' lang='lat' dir='ltr'><strong>inter</strong></span> <span class='ocrx_word' id='word_1_221' title='bbox 2644 1779 2903 1837; x_wconf 88' lang='lat' dir='ltr'><strong>mulieres</strong></span> <span class='ocrx_word' id='word_1_222' title='bbox 2938 1800 3159 1857; x_wconf 88' lang='lat' dir='ltr'><strong>semper</strong></span> <span class='ocrx_word' id='word_1_223' title='bbox 3184 1794 3442 1867; x_wconf 87' lang='lat' dir='ltr'><strong>adolevit,</strong></span> <span class='ocrx_word' id='word_1_224' title='bbox 3478 1802 3534 1858; x_wconf 90' lang='lat' dir='ltr'><strong>id</strong></span> 
     </span>
    </p>
   </div>
   <div class='ocr_carea' id='block_1_33' title="bbox 228 1856 3535 1962">
    <p class='ocr_par' dir='ltr' id='par_1_33' title="bbox 228 1856 3535 1962">
     <span class='ocr_line' id='line_1_33' title="bbox 228 1856 3535 1962; baseline 0.012 -51"><span class='ocrx_word' id='word_1_225' title='bbox 228 1856 358 1912; x_wconf 87' lang='lat' dir='ltr'><strong>tiam</strong></span> <span class='ocrx_word' id='word_1_226' title='bbox 405 1861 771 1929; x_wconf 79' lang='lat' dir='ltr'><strong>suSpicamur,</strong></span> <span class='ocrx_word' id='word_1_227' title='bbox 821 1863 965 1919; x_wconf 87' lang='lat' dir='ltr'><strong>sicut</strong></span> <span class='ocrx_word' id='word_1_228' title='bbox 1011 1864 1316 1935; x_wconf 86' lang='lat' dir='ltr'><strong>Apostolus</strong></span> <span class='ocrx_word' id='word_1_229' title='bbox 1386 1866 1452 1921; x_wconf 90' lang='lat' dir='ltr'><strong>ad</strong></span> <span class='ocrx_word' id='word_1_230' title='bbox 1511 1867 1829 1925; x_wconf 84' lang='lat' dir='ltr'><strong>Corinthios</strong></span> <span class='ocrx_word' id='word_1_231' title='bbox 1859 1871 1906 1932; x_wconf 87' lang='lat' dir='ltr'><strong>B</strong></span> <span class='ocrx_word' id='word_1_232' title='bbox 1935 1870 2039 1926; x_wconf 74' lang='grc' dir='ltr'><strong>εει,</strong></span> <span class='ocrx_word' id='word_1_233' title='bbox 2073 1862 2299 1931; x_wconf 68' lang='grc' dir='ltr'><strong>δηίηιθε,</strong></span> <span class='ocrx_word' id='word_1_234' title='bbox 2328 1880 2450 1936; x_wconf 76' lang='lat' dir='ltr'><strong>qua:</strong></span> <span class='ocrx_word' id='word_1_235' title='bbox 2500 1884 2718 1941; x_wconf 86' lang='lat' dir='ltr'><strong>semper</strong></span> <span class='ocrx_word' id='word_1_236' title='bbox 2762 1856 3071 1945; x_wconf 78' lang='lat' dir='ltr'><strong>discentes,</strong></span> <span class='ocrx_word' id='word_1_237' title='bbox 3120 1888 3271 1941; x_wconf 89' lang='lat' dir='ltr'><strong>omni</strong></span> <span class='ocrx_word' id='word_1_238' title='bbox 3319 1856 3535 1962; x_wconf 76' lang='lat' dir='ltr'><strong>spiritui</strong></span> 
     </span>
    </p>
   </div>
   <div class='ocr_carea' id='block_1_34' title="bbox 227 1946 1827 2031">
    <p class='ocr_par' dir='ltr' id='par_1_34' title="bbox 227 1946 1827 2031">
     <span class='ocr_line' id='line_1_34' title="bbox 227 1946 1827 2031; baseline 0.007 -28"><span class='ocrx_word' id='word_1_239' title='bbox 227 1946 397 2005; x_wconf 90' lang='lat' dir='ltr'><strong>dicit:</strong></span> <span class='ocrx_word' id='word_1_240' title='bbox 436 1950 595 2007; x_wconf 82' lang='lat' dir='ltr'><strong>Volui</strong></span> <span class='ocrx_word' id='word_1_241' title='bbox 620 1971 711 2023; x_wconf 87' lang='lat' dir='ltr'><strong>per</strong></span> <span class='ocrx_word' id='word_1_242' title='bbox 740 1971 828 2009; x_wconf 85' lang='lat' dir='ltr'><strong>vos</strong></span> <span class='ocrx_word' id='word_1_243' title='bbox 858 1956 1051 2023; x_wconf 82' lang='lat' dir='ltr'><strong>venire,</strong></span> <span class='ocrx_word' id='word_1_244' title='bbox 1075 1968 1131 2010; x_wconf 86' lang='lat' dir='ltr'><strong>ut</strong></span> <span class='ocrx_word' id='word_1_245' title='bbox 1161 1958 1444 2014; x_wconf 85' lang='lat' dir='ltr'><strong>secundam</strong></span> <span class='ocrx_word' id='word_1_246' title='bbox 1483 1962 1710 2031; x_wconf 86' lang='lat' dir='ltr'><strong>gratiam</strong></span> <span class='ocrx_word' id='word_1_247' title='bbox 1732 1960 1827 2014; x_wconf 86' lang='lat' dir='ltr'><strong>Ita-</strong></span> 
     </span>
    </p>
   </div>
   <div class='ocr_carea' id='block_1_35' title="bbox 228 2043 865 2120">
    <p class='ocr_par' dir='ltr' id='par_1_35' title="bbox 228 2043 865 2120">
     <span class='ocr_line' id='line_1_35' title="bbox 228 2043 865 2120; baseline 0.009 -23"><span class='ocrx_word' id='word_1_248' title='bbox 228 2044 390 2099; x_wconf 80' lang='lat' dir='ltr'><strong>beatis</strong></span> <span class='ocrx_word' id='word_1_249' title='bbox 419 2045 503 2113; x_wconf 84' lang='lat' dir='ltr'><strong>(ll</strong></span> <span class='ocrx_word' id='word_1_250' title='bbox 524 2043 646 2101; x_wconf 84' lang='lat' dir='ltr'><strong>Cor.</strong></span> <span class='ocrx_word' id='word_1_251' title='bbox 678 2065 716 2116; x_wconf 89' lang='lat' dir='ltr'><strong>I,</strong></span> <span class='ocrx_word' id='word_1_252' title='bbox 752 2048 865 2120; x_wconf 82' lang='grc'><strong>15).</strong></span> 
     </span>
    </p>
   </div>
   <div class='ocr_carea' id='block_1_36' title="bbox 298 2137 1829 2214">
    <p class='ocr_par' dir='ltr' id='par_1_36' title="bbox 298 2137 1829 2214">
     <span class='ocr_line' id='line_1_36' title="bbox 298 2137 1829 2214; baseline 0.007 -21"><span class='ocrx_word' id='word_1_253' title='bbox 298 2137 351 2193; x_wconf 89' lang='grc'>6.</span> <span class='ocrx_word' id='word_1_254' title='bbox 381 2137 549 2194; x_wconf 83' lang='lat' dir='ltr'><strong>Vetus</strong></span> <span class='ocrx_word' id='word_1_255' title='bbox 569 2149 624 2196; x_wconf 91' lang='lat' dir='ltr'><strong>et</strong></span> <span class='ocrx_word' id='word_1_256' title='bbox 643 2156 844 2197; x_wconf 91' lang='lat' dir='ltr'><strong>novum</strong></span> <span class='ocrx_word' id='word_1_257' title='bbox 866 2142 1278 2200; x_wconf 82' lang='lat' dir='ltr'><strong>Testamentum</strong></span> <span class='ocrx_word' id='word_1_258' title='bbox 1303 2145 1496 2214; x_wconf 66' lang='lat' dir='ltr'><strong>arquali</strong></span> <span class='ocrx_word' id='word_1_259' title='bbox 1528 2145 1652 2201; x_wconf 88' lang='lat' dir='ltr'><strong>ﬁdei</strong></span> <span class='ocrx_word' id='word_1_260' title='bbox 1676 2146 1829 2203; x_wconf 87' lang='lat' dir='ltr'><strong>lance</strong></span> 
     </span>
    </p>
   </div>
   <div class='ocr_carea' id='block_1_37' title="bbox 1929 1952 3535 2052">
    <p class='ocr_par' dir='ltr' id='par_1_37' title="bbox 1929 1952 3535 2052">
     <span class='ocr_line' id='line_1_37' title="bbox 1929 1952 3535 2052; baseline 0.024 -45"><span class='ocrx_word' id='word_1_261' title='bbox 1929 1952 2265 2026; x_wconf 88' lang='lat' dir='ltr'><strong>deceptionis</strong></span> <span class='ocrx_word' id='word_1_262' title='bbox 2304 1960 2530 2017; x_wconf 89' lang='lat' dir='ltr'><strong>credula</strong></span> <span class='ocrx_word' id='word_1_263' title='bbox 2579 1978 2639 2021; x_wconf 89' lang='lat' dir='ltr'><strong>se</strong></span> <span class='ocrx_word' id='word_1_264' title='bbox 2685 1966 2950 2028; x_wconf 78' lang='lat' dir='ltr'><strong>facilitate</strong></span> <span class='ocrx_word' id='word_1_265' title='bbox 3002 1952 3382 2052; x_wconf 66' lang='lat' dir='ltr'><strong>coiniiiiscenl,</strong></span> <span class='ocrx_word' id='word_1_266' title='bbox 3425 2004 3535 2047; x_wconf 92' lang='lat' dir='ltr'><strong>non</strong></span> 
     </span>
    </p>
   </div>
   <div class='ocr_carea' id='block_1_38' title="bbox 1928 2050 3535 2139">
    <p class='ocr_par' dir='ltr' id='par_1_38' title="bbox 1928 2050 3535 2139">
     <span class='ocr_line' id='line_1_38' title="bbox 1928 2050 3535 2139; baseline 0.023 -37"><span class='ocrx_word' id='word_1_267' title='bbox 1928 2061 2073 2104; x_wconf 69' lang='lat' dir='ltr'><strong>curae</strong></span> <span class='ocrx_word' id='word_1_268' title='bbox 2094 2050 2360 2110; x_wconf 75' lang='lat' dir='ltr'><strong>habentes</strong></span> <span class='ocrx_word' id='word_1_269' title='bbox 2392 2058 2535 2113; x_wconf 90' lang='lat' dir='ltr'><strong>unde</strong></span> <span class='ocrx_word' id='word_1_270' title='bbox 2583 2061 2935 2133; x_wconf 91' lang='lat' dir='ltr'><strong>concipiant;</strong></span> <span class='ocrx_word' id='word_1_271' title='bbox 2989 2083 3111 2125; x_wconf 91' lang='lat' dir='ltr'><strong>cum</strong></span> <span class='ocrx_word' id='word_1_272' title='bbox 3162 2050 3428 2135; x_wconf 85' lang='lat' dir='ltr'><strong>Dominus</strong></span> <span class='ocrx_word' id='word_1_273' title='bbox 3477 2082 3535 2139; x_wconf 89' lang='lat' dir='ltr'><strong>in</strong></span> 
     </span>
    </p>
   </div>
   <div class='ocr_carea' id='block_1_39' title="bbox 1928 2140 3531 2230">
    <p class='ocr_par' dir='ltr' id='par_1_39' title="bbox 1928 2140 3531 2230">
     <span class='ocr_line' id='line_1_39' title="bbox 1928 2140 3531 2230; baseline 0.022 -35"><span class='ocrx_word' id='word_1_274' title='bbox 1928 2140 2071 2214; x_wconf 90' lang='lat' dir='ltr'><strong>Lege</strong></span> <span class='ocrx_word' id='word_1_275' title='bbox 2103 2147 2460 2215; x_wconf 74' lang='lat' dir='ltr'><strong>mandaverit,</strong></span> <span class='ocrx_word' id='word_1_276' title='bbox 2504 2165 2572 2206; x_wconf 89' lang='lat' dir='ltr'><strong>ne</strong></span> <span class='ocrx_word' id='word_1_277' title='bbox 2600 2168 2709 2208; x_wconf 91' lang='lat' dir='ltr'><strong>non</strong></span> <span class='ocrx_word' id='word_1_278' title='bbox 2744 2155 2848 2211; x_wconf 88' lang='lat' dir='ltr'><strong>nisi</strong></span> <span class='ocrx_word' id='word_1_279' title='bbox 2875 2158 2943 2215; x_wconf 90' lang='lat' dir='ltr'><strong>de</strong></span> <span class='ocrx_word' id='word_1_280' title='bbox 2985 2162 3124 2218; x_wconf 86' lang='lat' dir='ltr'><strong>tribu</strong></span> <span class='ocrx_word' id='word_1_281' title='bbox 3172 2180 3271 2222; x_wconf 88' lang='lat' dir='ltr'><strong>sua</strong></span> <span class='ocrx_word' id='word_1_282' title='bbox 3317 2171 3371 2225; x_wconf 87' lang='lat' dir='ltr'><strong>iti</strong></span> <span class='ocrx_word' id='word_1_283' title='bbox 3400 2188 3531 2230; x_wconf 87' lang='lat' dir='ltr'><strong>con-</strong></span> 
     </span>
    </p>
   </div>
   <div class='ocr_carea' id='block_1_40' title="bbox 223 2233 3530 2337">
    <p class='ocr_par' dir='ltr' id='par_1_40' title="bbox 223 2233 3530 2337">
     <span class='ocr_line' id='line_1_40' title="bbox 223 2233 3530 2337; baseline 0.009 -50"><span class='ocrx_word' id='word_1_284' title='bbox 223 2233 597 2301; x_wconf 86' lang='lat' dir='ltr'><strong>suscipimus;</strong></span> <span class='ocrx_word' id='word_1_285' title='bbox 647 2250 711 2290; x_wconf 90' lang='lat' dir='ltr'><strong>ac</strong></span> <span class='ocrx_word' id='word_1_286' title='bbox 749 2236 916 2292; x_wconf 92' lang='lat' dir='ltr'><strong>veluti</strong></span> <span class='ocrx_word' id='word_1_287' title='bbox 958 2239 1232 2295; x_wconf 84' lang='lat' dir='ltr'><strong>currentis</strong></span> <span class='ocrx_word' id='word_1_288' title='bbox 1260 2256 1355 2310; x_wconf 90' lang='lat' dir='ltr'><strong>per</strong></span> <span class='ocrx_word' id='word_1_289' title='bbox 1380 2242 1535 2312; x_wconf 90' lang='lat' dir='ltr'><strong>signa</strong></span> <span class='ocrx_word' id='word_1_290' title='bbox 1568 2240 1827 2309; x_wconf 86' lang='lat' dir='ltr'><strong>ponderis</strong></span> <span class='ocrx_word' id='word_1_291' title='bbox 1922 2235 2072 2308; x_wconf 89' lang='lat' dir='ltr'><strong>jugio</strong></span> <span class='ocrx_word' id='word_1_292' title='bbox 2111 2240 2413 2311; x_wconf 90' lang='lat' dir='ltr'><strong>copuletur,</strong></span> <span class='ocrx_word' id='word_1_293' title='bbox 2450 2244 2499 2298; x_wconf 91' lang='lat' dir='ltr'><strong>id</strong></span> <span class='ocrx_word' id='word_1_294' title='bbox 2531 2254 2636 2316; x_wconf 82' lang='lat' dir='ltr'><strong>est,</strong></span> <span class='ocrx_word' id='word_1_295' title='bbox 2666 2247 2741 2303; x_wconf 92' lang='lat' dir='ltr'><strong>illi</strong></span> <span class='ocrx_word' id='word_1_296' title='bbox 2767 2248 2891 2306; x_wconf 81' lang='lat' dir='ltr'><strong>ﬁdei</strong></span> <span class='ocrx_word' id='word_1_297' title='bbox 2926 2263 2948 2291; x_wconf 76' lang='grc' dir='ltr'><strong>ο</strong></span> <span class='ocrx_word' id='word_1_298' title='bbox 2982 2254 3310 2329; x_wconf 90' lang='lat' dir='ltr'><strong>intellectus,</strong></span> <span class='ocrx_word' id='word_1_299' title='bbox 3344 2266 3436 2337; x_wconf 85' lang='lat' dir='ltr'><strong>qui</strong></span> <span class='ocrx_word' id='word_1_300' title='bbox 3461 2283 3530 2324; x_wconf 71' lang='lat' dir='ltr'><strong>ex</strong></span> 
     </span>
    </p>
   </div>
   <div class='ocr_carea' id='block_1_41' title="bbox 220 2324 1825 2403">
    <p class='ocr_par' dir='ltr' id='par_1_41' title="bbox 220 2324 1825 2403">
     <span class='ocr_line' id='line_1_41' title="bbox 220 2324 1825 2403; baseline 0.006 -21"><span class='ocrx_word' id='word_1_301' title='bbox 220 2324 383 2391; x_wconf 89' lang='lat' dir='ltr'><strong>libra,</strong></span> <span class='ocrx_word' id='word_1_302' title='bbox 416 2328 495 2383; x_wconf 92' lang='lat' dir='ltr'><strong>sic</strong></span> <span class='ocrx_word' id='word_1_303' title='bbox 524 2332 977 2391; x_wconf 74' lang='lat' dir='ltr'><strong>testimoniorum</strong></span> <span class='ocrx_word' id='word_1_304' title='bbox 1026 2344 1181 2403; x_wconf 89' lang='lat' dir='ltr'><strong>gesta</strong></span> <span class='ocrx_word' id='word_1_305' title='bbox 1230 2334 1420 2389; x_wconf 91' lang='lat' dir='ltr'><strong>mobili</strong></span> <span class='ocrx_word' id='word_1_306' title='bbox 1466 2334 1825 2391; x_wconf 88' lang='lat' dir='ltr'><strong>meditatione</strong></span> 
     </span>
    </p>
   </div>
   <div class='ocr_carea' id='block_1_42' title="bbox 224 2422 1825 2494">
    <p class='ocr_par' dir='ltr' id='par_1_42' title="bbox 224 2422 1825 2494">
     <span class='ocr_line' id='line_1_42' title="bbox 224 2422 1825 2494; baseline 0.006 -20"><span class='ocrx_word' id='word_1_307' title='bbox 224 2435 540 2490; x_wconf 88' lang='lat' dir='ltr'><strong>pensamus.</strong></span> <span class='ocrx_word' id='word_1_308' title='bbox 575 2422 687 2479; x_wconf 86' lang='lat' dir='ltr'><strong>Nec</strong></span> <span class='ocrx_word' id='word_1_309' title='bbox 712 2433 738 2461; x_wconf 72' lang='grc'><strong>³</strong></span> <span class='ocrx_word' id='word_1_310' title='bbox 763 2434 1093 2481; x_wconf 89' lang='lat' dir='ltr'><strong>evacuantes</strong></span> <span class='ocrx_word' id='word_1_311' title='bbox 1132 2426 1383 2483; x_wconf 64' lang='lat' dir='ltr'><strong>historia:</strong></span> <span class='ocrx_word' id='word_1_312' title='bbox 1432 2427 1619 2494; x_wconf 91' lang='lat' dir='ltr'><strong>ﬁdem,</strong></span> <span class='ocrx_word' id='word_1_313' title='bbox 1649 2428 1825 2484; x_wconf 91' lang='lat' dir='ltr'><strong>credi-</strong></span> 
     </span>
    </p>
   </div>
   <div class='ocr_carea' id='block_1_43' title="bbox 222 2516 1822 2593">
    <p class='ocr_par' dir='ltr' id='par_1_43' title="bbox 222 2516 1822 2593">
     <span class='ocr_line' id='line_1_43' title="bbox 222 2516 1822 2593; baseline 0.005 -23"><span class='ocrx_word' id='word_1_314' title='bbox 222 2529 343 2570; x_wconf 90' lang='lat' dir='ltr'><strong>mus</strong></span> <span class='ocrx_word' id='word_1_315' title='bbox 392 2516 648 2573; x_wconf 87' lang='lat' dir='ltr'><strong>universa</strong></span> <span class='ocrx_word' id='word_1_316' title='bbox 690 2528 842 2589; x_wconf 70' lang='lat' dir='ltr'><strong>gesta</strong></span> <span class='ocrx_word' id='word_1_317' title='bbox 867 2534 990 2575; x_wconf 92' lang='lat' dir='ltr'><strong>esse</strong></span> <span class='ocrx_word' id='word_1_318' title='bbox 1031 2536 1152 2591; x_wconf 76' lang='lat' dir='ltr'><strong>qua:</strong></span> <span class='ocrx_word' id='word_1_319' title='bbox 1203 2521 1478 2592; x_wconf 85' lang='lat' dir='ltr'><strong>legimus;</strong></span> <span class='ocrx_word' id='word_1_320' title='bbox 1531 2522 1627 2577; x_wconf 90' lang='lat' dir='ltr'><strong>scd</strong></span> <span class='ocrx_word' id='word_1_321' title='bbox 1666 2522 1822 2593; x_wconf 74' lang='lat' dir='ltr'><strong>juxta</strong></span> 
     </span>
    </p>
   </div>
   <div class='ocr_carea' id='block_1_44' title="bbox 221 2608 1820 2686">
    <p class='ocr_par' dir='ltr' id='par_1_44' title="bbox 221 2608 1820 2686">
     <span class='ocr_line' id='line_1_44' title="bbox 221 2608 1820 2686; baseline 0.003 -22"><span class='ocrx_word' id='word_1_322' title='bbox 221 2608 531 2665; x_wconf 90' lang='lat' dir='ltr'><strong>doctrinam</strong></span> <span class='ocrx_word' id='word_1_323' title='bbox 562 2612 936 2681; x_wconf 74' lang='lat' dir='ltr'><strong>Apestolicam</strong></span> <span class='ocrx_word' id='word_1_324' title='bbox 978 2630 1201 2669; x_wconf 84' lang='lat' dir='ltr'><strong>sensum</strong></span> <span class='ocrx_word' id='word_1_325' title='bbox 1239 2614 1292 2670; x_wconf 90' lang='lat' dir='ltr'><strong>in</strong></span> <span class='ocrx_word' id='word_1_326' title='bbox 1328 2615 1410 2669; x_wconf 78' lang='lat' dir='ltr'><strong>his</strong></span> <span class='ocrx_word' id='word_1_327' title='bbox 1456 2615 1820 2686; x_wconf 89' lang='lat' dir='ltr'><strong>spiritualem,</strong></span> 
     </span>
    </p>
   </div>
   <div class='ocr_carea' id='block_1_45' title="bbox 221 2704 1820 2781">
    <p class='ocr_par' dir='ltr' id='par_1_45' title="bbox 221 2704 1820 2781">
     <span class='ocr_line' id='line_1_45' title="bbox 221 2704 1820 2781; baseline 0.006 -23"><span class='ocrx_word' id='word_1_328' title='bbox 221 2715 383 2774; x_wconf 90' lang='lat' dir='ltr'><strong>prout</strong></span> <span class='ocrx_word' id='word_1_329' title='bbox 416 2704 679 2760; x_wconf 87' lang='lat' dir='ltr'><strong>Dominus</strong></span> <span class='ocrx_word' id='word_1_330' title='bbox 704 2706 940 2771; x_wconf 65' lang='lat' dir='ltr'><strong>dederit,</strong></span> <span class='ocrx_word' id='word_1_331' title='bbox 972 2719 1382 2776; x_wconf 87' lang='lat' dir='ltr'><strong>perscrutamur</strong></span> <span class='ocrx_word' id='word_1_332' title='bbox 1427 2727 1440 2763; x_wconf 88' lang='lat'>:</span> <span class='ocrx_word' id='word_1_333' title='bbox 1487 2714 1581 2781; x_wconf 89' lang='lat' dir='ltr'><strong>qui</strong></span> <span class='ocrx_word' id='word_1_334' title='bbox 1638 2721 1820 2767; x_wconf 89' lang='lat' dir='ltr'><strong>tamen</strong></span> 
     </span>
    </p>
   </div>
   <div class='ocr_carea' id='block_1_46' title="bbox 219 2796 1821 2873">
    <p class='ocr_par' dir='ltr' id='par_1_46' title="bbox 219 2796 1821 2873">
     <span class='ocr_line' id='line_1_46' title="bbox 219 2796 1821 2873; baseline 0.006 -23"><span class='ocrx_word' id='word_1_335' title='bbox 219 2808 420 2851; x_wconf 90' lang='lat' dir='ltr'><strong>sensus</strong></span> <span class='ocrx_word' id='word_1_336' title='bbox 451 2796 517 2850; x_wconf 91' lang='lat' dir='ltr'><strong>ad</strong></span> <span class='ocrx_word' id='word_1_337' title='bbox 546 2810 728 2869; x_wconf 85' lang='lat' dir='ltr'><strong>typum</strong></span> <span class='ocrx_word' id='word_1_338' title='bbox 758 2798 960 2854; x_wconf 81' lang='lat' dir='ltr'><strong>Christi</strong></span> <span class='ocrx_word' id='word_1_339' title='bbox 990 2798 1357 2873; x_wconf 67' lang='lat' dir='ltr'><strong>Ecclesiaque</strong></span> <span class='ocrx_word' id='word_1_340' title='bbox 1393 2806 1699 2873; x_wconf 90' lang='lat' dir='ltr'><strong>pertineat;</strong></span> <span class='ocrx_word' id='word_1_341' title='bbox 1729 2813 1821 2859; x_wconf 89' lang='lat' dir='ltr'><strong>aut</strong></span> 
     </span>
    </p>
   </div>
   <div class='ocr_carea' id='block_1_47' title="bbox 218 2886 1820 2967">
    <p class='ocr_par' dir='ltr' id='par_1_47' title="bbox 218 2886 1820 2967">
     <span class='ocr_line' id='line_1_47' title="bbox 218 2886 1820 2967; baseline 0.006 -24"><span class='ocrx_word' id='word_1_342' title='bbox 218 2886 274 2943; x_wconf 87' lang='lat' dir='ltr'><strong>in</strong></span> <span class='ocrx_word' id='word_1_343' title='bbox 301 2904 518 2944; x_wconf 91' lang='lat' dir='ltr'><strong>morum</strong></span> <span class='ocrx_word' id='word_1_344' title='bbox 546 2891 984 2948; x_wconf 89' lang='lat' dir='ltr'><strong>emendationem</strong></span> <span class='ocrx_word' id='word_1_345' title='bbox 1015 2897 1528 2967; x_wconf 89' lang='lat' dir='ltr'><strong>correctionemque</strong></span> <span class='ocrx_word' id='word_1_346' title='bbox 1555 2896 1820 2967; x_wconf 89' lang='lat' dir='ltr'><strong>proﬁciat.</strong></span> 
     </span>
    </p>
   </div>
   <div class='ocr_carea' id='block_1_48' title="bbox 219 2978 1823 3059">
    <p class='ocr_par' dir='ltr' id='par_1_48' title="bbox 219 2978 1823 3059">
     <span class='ocr_line' id='line_1_48' title="bbox 219 2978 1823 3059; baseline 0.006 -24"><span class='ocrx_word' id='word_1_347' title='bbox 219 2978 292 3035; x_wconf 80' lang='lat' dir='ltr'><strong>Et</strong></span> <span class='ocrx_word' id='word_1_348' title='bbox 327 2981 433 3038; x_wconf 91' lang='lat' dir='ltr'><strong>hoc</strong></span> <span class='ocrx_word' id='word_1_349' title='bbox 464 2984 647 3055; x_wconf 75' lang='lat' dir='ltr'><strong>ipsum</strong></span> <span class='ocrx_word' id='word_1_350' title='bbox 673 2984 827 3055; x_wconf 84' lang='lat' dir='ltr'><strong>juxta</strong></span> <span class='ocrx_word' id='word_1_351' title='bbox 853 2987 1005 3056; x_wconf 91' lang='lat' dir='ltr'><strong>illud,</strong></span> <span class='ocrx_word' id='word_1_352' title='bbox 1034 2989 1177 3058; x_wconf 91' lang='lat' dir='ltr'><strong>quod</strong></span> <span class='ocrx_word' id='word_1_353' title='bbox 1214 2987 1513 3059; x_wconf 78' lang='lat' dir='ltr'><strong>Apostolus</strong></span> <span class='ocrx_word' id='word_1_354' title='bbox 1547 2991 1657 3046; x_wconf 87' lang='lat' dir='ltr'><strong>ait:</strong></span> <span class='ocrx_word' id='word_1_355' title='bbox 1696 2992 1823 3045; x_wconf 86' lang='lat' dir='ltr'><strong>0m-</strong></span> 
     </span>
    </p>
   </div>
   <div class='ocr_carea' id='block_1_49' title="bbox 220 3066 1815 3155">
    <p class='ocr_par' dir='ltr' id='par_1_49' title="bbox 220 3066 1815 3155">
     <span class='ocr_line' id='line_1_49' title="bbox 220 3066 1815 3155; baseline 0.008 -28"><span class='ocrx_word' id='word_1_356' title='bbox 220 3074 305 3129; x_wconf 89' lang='lat' dir='ltr'><strong>nia</strong></span> <span class='ocrx_word' id='word_1_357' title='bbox 352 3073 463 3130; x_wconf 73' lang='lat' dir='ltr'><strong>liazc</strong></span> <span class='ocrx_word' id='word_1_358' title='bbox 490 3078 544 3131; x_wconf 89' lang='lat' dir='ltr'><strong>in</strong></span> <span class='ocrx_word' id='word_1_359' title='bbox 572 3077 798 3151; x_wconf 80' lang='lat' dir='ltr'><strong>ﬁgurant</strong></span> <span class='ocrx_word' id='word_1_360' title='bbox 826 3079 991 3134; x_wconf 87' lang='lat' dir='ltr'><strong>nostri</strong></span> <span class='ocrx_word' id='word_1_361' title='bbox 1018 3066 1343 3152; x_wconf 80' lang='lat' dir='ltr'><strong>contigerant</strong></span> <span class='ocrx_word' id='word_1_362' title='bbox 1375 3080 1434 3155; x_wconf 92' lang='grc' dir='ltr'><strong>(Ι</strong></span> <span class='ocrx_word' id='word_1_363' title='bbox 1483 3080 1605 3137; x_wconf 85' lang='lat' dir='ltr'><strong>Cor.</strong></span> <span class='ocrx_word' id='word_1_364' title='bbox 1639 3098 1694 3151; x_wconf 70' lang='grc' dir='ltr'>ι,</span> <span class='ocrx_word' id='word_1_365' title='bbox 1726 3082 1815 3155; x_wconf 91' lang='grc'><strong>6).</strong></span> 
     </span>
    </p>
   </div>
   <div class='ocr_carea' id='block_1_50' title="bbox 1933 2337 3532 2424">
    <p class='ocr_par' dir='ltr' id='par_1_50' title="bbox 1933 2337 3532 2424">
     <span class='ocr_line' id='line_1_50' title="bbox 1933 2337 3532 2424; baseline 0.02 -38"><span class='ocrx_word' id='word_1_366' title='bbox 1933 2340 2145 2402; x_wconf 90' lang='lat' dir='ltr'><strong>patrum</strong></span> <span class='ocrx_word' id='word_1_367' title='bbox 2197 2337 2424 2400; x_wconf 90' lang='lat' dir='ltr'><strong>semine.</strong></span> <span class='ocrx_word' id='word_1_368' title='bbox 2477 2339 2579 2395; x_wconf 90' lang='lat' dir='ltr'><strong>hoc</strong></span> <span class='ocrx_word' id='word_1_369' title='bbox 2628 2348 2744 2410; x_wconf 90' lang='lat' dir='ltr'><strong>est,</strong></span> <span class='ocrx_word' id='word_1_370' title='bbox 2791 2343 3037 2404; x_wconf 85' lang='lat' dir='ltr'><strong>doctrina</strong></span> <span class='ocrx_word' id='word_1_371' title='bbox 3102 2351 3422 2424; x_wconf 89' lang='lat' dir='ltr'><strong>descend.t,</strong></span> <span class='ocrx_word' id='word_1_372' title='bbox 3475 2372 3532 2418; x_wconf 90' lang='lat' dir='ltr'><strong>et</strong></span> 
     </span>
    </p>
   </div>
   <div class='ocr_carea' id='block_1_51' title="bbox 1930 2429 3531 2528">
    <p class='ocr_par' dir='ltr' id='par_1_51' title="bbox 1930 2429 3531 2528">
     <span class='ocr_line' id='line_1_51' title="bbox 1930 2429 3531 2528; baseline 0.019 -45"><span class='ocrx_word' id='word_1_373' title='bbox 1930 2429 2164 2486; x_wconf 75' lang='lat' dir='ltr'><strong>Abrahae</strong></span> <span class='ocrx_word' id='word_1_374' title='bbox 2194 2433 2285 2503; x_wconf 92' lang='lat' dir='ltr'><strong>qui</strong></span> <span class='ocrx_word' id='word_1_375' title='bbox 2332 2435 2536 2503; x_wconf 80' lang='lat' dir='ltr'><strong>primus</strong></span> <span class='ocrx_word' id='word_1_376' title='bbox 2587 2436 2639 2491; x_wconf 92' lang='lat' dir='ltr'><strong>in</strong></span> <span class='ocrx_word' id='word_1_377' title='bbox 2670 2444 2940 2510; x_wconf 72' lang='lat' dir='ltr'><strong>prrepntio</strong></span> <span class='ocrx_word' id='word_1_378' title='bbox 2975 2448 3229 2517; x_wconf 72' lang='lat' dir='ltr'><strong>credidit,</strong></span> <span class='ocrx_word' id='word_1_379' title='bbox 3280 2460 3531 2528; x_wconf 86' lang='lat' dir='ltr'><strong>prosapia</strong></span> 
     </span>
    </p>
   </div>
   <div class='ocr_carea' id='block_1_52' title="bbox 1928 2522 3528 2619">
    <p class='ocr_par' dir='ltr' id='par_1_52' title="bbox 1928 2522 3528 2619">
     <span class='ocr_line' id='line_1_52' title="bbox 1928 2522 3528 2619; baseline 0.02 -44"><span class='ocrx_word' id='word_1_380' title='bbox 1928 2522 2242 2578; x_wconf 78' lang='lat' dir='ltr'><strong>nobilitatur</strong></span> <span class='ocrx_word' id='word_1_381' title='bbox 2276 2532 2331 2580; x_wconf 90' lang='lat' dir='ltr'><strong>et</strong></span> <span class='ocrx_word' id='word_1_382' title='bbox 2378 2542 2598 2596; x_wconf 87' lang='lat' dir='ltr'><strong>genere.</strong></span> <span class='ocrx_word' id='word_1_383' title='bbox 2653 2528 2818 2603; x_wconf 85' lang='lat' dir='ltr'><strong>Virgo</strong></span> <span class='ocrx_word' id='word_1_384' title='bbox 2848 2545 2932 2589; x_wconf 87' lang='lat' dir='ltr'><strong>est</strong></span> <span class='ocrx_word' id='word_1_385' title='bbox 2974 2536 3063 2593; x_wconf 88' lang='lat' dir='ltr'><strong>illa</strong></span> <span class='ocrx_word' id='word_1_386' title='bbox 3097 2522 3369 2615; x_wconf 85' lang='lat' dir='ltr'><strong>doctrina,</strong></span> <span class='ocrx_word' id='word_1_387' title='bbox 3404 2522 3528 2619; x_wconf 72' lang='lat' dir='ltr'><strong>qua:</strong></span> 
     </span>
    </p>
   </div>
   <div class='ocr_carea' id='block_1_53' title="bbox 1932 2612 3533 2703">
    <p class='ocr_par' dir='ltr' id='par_1_53' title="bbox 1932 2612 3533 2703">
     <span class='ocr_line' id='line_1_53' title="bbox 1932 2612 3533 2703; baseline 0.02 -34"><span class='ocrx_word' id='word_1_388' title='bbox 1932 2612 1957 2652; x_wconf 80' lang='grc'><strong>¹¹</strong></span> <span class='ocrx_word' id='word_1_389' title='bbox 1986 2625 2191 2673; x_wconf 87' lang='lat' dir='ltr'><strong>tantum</strong></span> <span class='ocrx_word' id='word_1_390' title='bbox 2227 2619 2278 2673; x_wconf 94' lang='lat' dir='ltr'><strong>in</strong></span> <span class='ocrx_word' id='word_1_391' title='bbox 2303 2630 2517 2676; x_wconf 89' lang='lat' dir='ltr'><strong>secreto</strong></span> <span class='ocrx_word' id='word_1_392' title='bbox 2538 2621 2642 2677; x_wconf 86' lang='lat' dir='ltr'><strong>sibi</strong></span> <span class='ocrx_word' id='word_1_393' title='bbox 2677 2624 2870 2695; x_wconf 86' lang='lat' dir='ltr'><strong>placet,</strong></span> <span class='ocrx_word' id='word_1_394' title='bbox 2925 2638 2976 2684; x_wconf 92' lang='lat' dir='ltr'><strong>ct</strong></span> <span class='ocrx_word' id='word_1_395' title='bbox 3019 2632 3068 2685; x_wconf 89' lang='lat' dir='ltr'><strong>in</strong></span> <span class='ocrx_word' id='word_1_396' title='bbox 3102 2612 3372 2703; x_wconf 88' lang='lat' dir='ltr'><strong>publicum</strong></span> <span class='ocrx_word' id='word_1_397' title='bbox 3404 2612 3533 2700; x_wconf 78' lang='lat' dir='ltr'><strong>eru-</strong></span> 
     </span>
    </p>
   </div>
   <div class='ocr_carea' id='block_1_54' title="bbox 1925 2710 3527 2796">
    <p class='ocr_par' dir='ltr' id='par_1_54' title="bbox 1925 2710 3527 2796">
     <span class='ocr_line' id='line_1_54' title="bbox 1925 2710 3527 2796; baseline 0.016 -29"><span class='ocrx_word' id='word_1_398' title='bbox 1925 2710 2098 2767; x_wconf 89' lang='lat' dir='ltr'><strong>bescit</strong></span> <span class='ocrx_word' id='word_1_399' title='bbox 2118 2713 2287 2768; x_wconf 83' lang='lat' dir='ltr'><strong>exire.</strong></span> <span class='ocrx_word' id='word_1_400' title='bbox 2324 2712 2473 2770; x_wconf 84' lang='lat' dir='ltr'><strong>Hanc</strong></span> <span class='ocrx_word' id='word_1_401' title='bbox 2503 2716 2687 2782; x_wconf 89' lang='lat' dir='ltr'><strong>talem,</strong></span> <span class='ocrx_word' id='word_1_402' title='bbox 2721 2734 2828 2774; x_wconf 90' lang='lat' dir='ltr'><strong>non</strong></span> <span class='ocrx_word' id='word_1_403' title='bbox 2855 2722 3028 2777; x_wconf 92' lang='lat' dir='ltr'><strong>solum</strong></span> <span class='ocrx_word' id='word_1_404' title='bbox 3056 2724 3310 2796; x_wconf 80' lang='lat' dir='ltr'><strong>fugimus,</strong></span> <span class='ocrx_word' id='word_1_405' title='bbox 3336 2749 3527 2793; x_wconf 90' lang='lat' dir='ltr'><strong>verum</strong></span> 
     </span>
    </p>
   </div>
   <div class='ocr_carea' id='block_1_55' title="bbox 1926 2806 3529 2887">
    <p class='ocr_par' dir='ltr' id='par_1_55' title="bbox 1926 2806 3529 2887">
     <span class='ocr_line' id='line_1_55' title="bbox 1926 2806 3529 2887; baseline 0.016 -27"><span class='ocrx_word' id='word_1_406' title='bbox 1926 2806 2088 2861; x_wconf 91' lang='lat' dir='ltr'><strong>etiam</strong></span> <span class='ocrx_word' id='word_1_407' title='bbox 2121 2806 2331 2875; x_wconf 89' lang='lat' dir='ltr'><strong>publica</strong></span> <span class='ocrx_word' id='word_1_408' title='bbox 2375 2823 2506 2863; x_wconf 87' lang='lat' dir='ltr'><strong>voce</strong></span> <span class='ocrx_word' id='word_1_409' title='bbox 2534 2808 2877 2881; x_wconf 88' lang='lat' dir='ltr'><strong>damnamus,</strong></span> <span class='ocrx_word' id='word_1_410' title='bbox 2933 2818 3154 2874; x_wconf 89' lang='lat' dir='ltr'><strong>stultum</strong></span> <span class='ocrx_word' id='word_1_411' title='bbox 3203 2831 3225 2858; x_wconf 75' lang='grc' dir='ltr'>ο</span> <span class='ocrx_word' id='word_1_412' title='bbox 3264 2823 3529 2887; x_wconf 82' lang='lat' dir='ltr'><strong>docentes</strong></span> 
     </span>
    </p>
   </div>
   <div class='ocr_carea' id='block_1_56' title="bbox 1925 2896 3555 2990">
    <p class='ocr_par' dir='ltr' id='par_1_56' title="bbox 1925 2896 3555 2990">
     <span class='ocr_line' id='line_1_56' title="bbox 1925 2896 3555 2990; baseline 0.017 -39"><span class='ocrx_word' id='word_1_413' title='bbox 1925 2896 2030 2954; x_wconf 91' lang='lat' dir='ltr'><strong>hoc</strong></span> <span class='ocrx_word' id='word_1_414' title='bbox 2057 2899 2305 2961; x_wconf 88' lang='lat' dir='ltr'><strong>credere.</strong></span> <span class='ocrx_word' id='word_1_415' title='bbox 2333 2900 2476 2970; x_wconf 92' lang='lat' dir='ltr'><strong>quod</strong></span> <span class='ocrx_word' id='word_1_416' title='bbox 2503 2910 2597 2956; x_wconf 91' lang='lat' dir='ltr'><strong>aut</strong></span> <span class='ocrx_word' id='word_1_417' title='bbox 2630 2904 2727 2973; x_wconf 86' lang='lat' dir='ltr'><strong>ipsi</strong></span> <span class='ocrx_word' id='word_1_418' title='bbox 2751 2905 3048 2965; x_wconf 83' lang='lat' dir='ltr'><strong>defendere</strong></span> <span class='ocrx_word' id='word_1_419' title='bbox 3074 2927 3181 2969; x_wconf 93' lang='lat' dir='ltr'><strong>non</strong></span> <span class='ocrx_word' id='word_1_420' title='bbox 3211 2932 3522 2990; x_wconf 89' lang='lat' dir='ltr'><strong>possumus,</strong></span> <span class='ocrx_word' id='word_1_421' title='bbox 3549 2954 3555 2959; x_wconf 89' lang='lat'><strong><em>-</em></strong></span> 
     </span>
    </p>
   </div>
   <div class='ocr_carea' id='block_1_57' title="bbox 1924 2991 3280 3071">
    <p class='ocr_par' dir='ltr' id='par_1_57' title="bbox 1924 2991 3280 3071">
     <span class='ocr_line' id='line_1_57' title="bbox 1924 2991 3280 3071; baseline 0.013 -26"><span class='ocrx_word' id='word_1_422' title='bbox 1924 3000 2019 3046; x_wconf 88' lang='lat' dir='ltr'><strong>aut</strong></span> <span class='ocrx_word' id='word_1_423' title='bbox 2041 2991 2108 3046; x_wconf 89' lang='lat' dir='ltr'><strong>ad</strong></span> <span class='ocrx_word' id='word_1_424' title='bbox 2132 3007 2294 3047; x_wconf 91' lang='lat' dir='ltr'><strong>aures</strong></span> <span class='ocrx_word' id='word_1_425' title='bbox 2324 2992 2569 3063; x_wconf 89' lang='lat' dir='ltr'><strong>publicas</strong></span> <span class='ocrx_word' id='word_1_426' title='bbox 2602 3010 2709 3049; x_wconf 94' lang='lat' dir='ltr'><strong>non</strong></span> <span class='ocrx_word' id='word_1_427' title='bbox 2739 2996 2936 3054; x_wconf 82' lang='lat' dir='ltr'><strong>debeat</strong></span> <span class='ocrx_word' id='word_1_428' title='bbox 2966 3006 3280 3071; x_wconf 87' lang='lat' dir='ltr'><strong>pervenire.</strong></span> 
     </span>
    </p>
   </div>
   <div class='ocr_carea' id='block_1_58' title="bbox 1998 3083 3524 3163">
    <p class='ocr_par' dir='ltr' id='par_1_58' title="bbox 1998 3083 3524 3163">
     <span class='ocr_line' id='line_1_58' title="bbox 1998 3083 3524 3163; baseline 0.016 -25"><span class='ocrx_word' id='word_1_429' title='bbox 1998 3083 2053 3138; x_wconf 89' lang='lat'><strong>7.</strong></span> <span class='ocrx_word' id='word_1_430' title='bbox 2095 3084 2116 3115; x_wconf 92' lang='grc'><strong><em>³</em></strong></span> <span class='ocrx_word' id='word_1_431' title='bbox 2154 3083 2361 3155; x_wconf 86' lang='lat' dir='ltr'><strong>Jejunia</strong></span> <span class='ocrx_word' id='word_1_432' title='bbox 2406 3088 2696 3143; x_wconf 87' lang='lat' dir='ltr'><strong>attentiora</strong></span> <span class='ocrx_word' id='word_1_433' title='bbox 2744 3091 3040 3148; x_wconf 91' lang='lat' dir='ltr'><strong>secundum</strong></span> <span class='ocrx_word' id='word_1_434' title='bbox 3099 3099 3524 3163; x_wconf 84' lang='lat' dir='ltr'><strong>ecclesiasticam</strong></span> 
     </span>
    </p>
   </div>
   <div class='ocr_carea' id='block_1_59' title="bbox 294 3286 3521 3379">
    <p class='ocr_par' dir='ltr' id='par_1_59' title="bbox 294 3286 3521 3379">
     <span class='ocr_line' id='line_1_59' title="bbox 294 3286 3521 3379; baseline 0.006 -39"><span class='ocrx_word' id='word_1_435' title='bbox 294 3286 615 3379; x_wconf 29' lang='lat' dir='ltr'><strong>‘nSanctuOm</strong></span> <span class='ocrx_word' id='word_1_436' title='bbox 642 3286 837 3370; x_wconf 82' lang='lat' dir='ltr'><strong>jejunii</strong></span> <span class='ocrx_word' id='word_1_437' title='bbox 866 3301 1023 3343; x_wconf 90' lang='lat' dir='ltr'><strong>usum</strong></span> <span class='ocrx_word' id='word_1_438' title='bbox 1052 3286 1396 3379; x_wconf 60' lang='lat' dir='ltr'><strong>lavinianus,</strong></span> <span class='ocrx_word' id='word_1_439' title='bbox 1421 3286 1578 3379; x_wconf 72' lang='lat' dir='ltr'><strong>cujus</strong></span> <span class='ocrx_word' id='word_1_440' title='bbox 1606 3296 1820 3358; x_wconf 54' lang='lat' dir='ltr'><strong>tempe.</strong></span> <span class='ocrx_word' id='word_1_441' title='bbox 1847 3291 1893 3357; x_wconf 73' lang='grc' dir='ltr'>ο</span> <span class='ocrx_word' id='word_1_442' title='bbox 1925 3302 1985 3379; x_wconf 66' lang='lat' dir='ltr'><strong>eo</strong></span> <span class='ocrx_word' id='word_1_443' title='bbox 2000 3286 2180 3340; x_wconf 83' lang='lat' dir='ltr'><strong>audito</strong></span> <span class='ocrx_word' id='word_1_444' title='bbox 2210 3287 2444 3379; x_wconf 60' lang='lat' dir='ltr'><strong>ttupsis‘se</strong></span> <span class='ocrx_word' id='word_1_445' title='bbox 2480 3286 2753 3369; x_wconf 66' lang='lat' dir='ltr'><strong>dicantur.</strong></span> <span class='ocrx_word' id='word_1_446' title='bbox 2899 3290 3262 3379; x_wconf 74' lang='lat' dir='ltr'><strong>Hieronymus</strong></span> <span class='ocrx_word' id='word_1_447' title='bbox 3304 3319 3521 3379; x_wconf 64' lang='lat' dir='ltr'><strong>quoque</strong></span> 
     </span>
    </p>
   </div>
   <div class='ocr_carea' id='block_1_60' title="bbox 216 3358 1820 3427">
    <p class='ocr_par' dir='ltr' id='par_1_60' title="bbox 216 3358 1820 3427">
     <span class='ocr_line' id='line_1_60' title="bbox 216 3358 1820 3427; baseline 0.002 -14"><span class='ocrx_word' id='word_1_448' title='bbox 216 3374 275 3413; x_wconf 84' lang='lat' dir='ltr'><strong>re</strong></span> <span class='ocrx_word' id='word_1_449' title='bbox 320 3359 669 3414; x_wconf 85' lang='lat' dir='ltr'><strong>Bachiarium</strong></span> <span class='ocrx_word' id='word_1_450' title='bbox 724 3362 934 3413; x_wconf 66' lang='lat' dir='ltr'><strong>vixisse</strong></span> <span class='ocrx_word' id='word_1_451' title='bbox 984 3359 1337 3424; x_wconf 84' lang='lat' dir='ltr'><strong>crediderim,</strong></span> <span class='ocrx_word' id='word_1_452' title='bbox 1374 3358 1690 3427; x_wconf 83' lang='lat' dir='ltr'><strong>improbare</strong></span> <span class='ocrx_word' id='word_1_453' title='bbox 1732 3369 1820 3416; x_wconf 86' lang='lat' dir='ltr'><strong>est</strong></span> 
     </span>
    </p>
   </div>
   <div class='ocr_carea' id='block_1_61' title="bbox 215 3430 1814 3501">
    <p class='ocr_par' dir='ltr' id='par_1_61' title="bbox 215 3430 1814 3501">
     <span class='ocr_line' id='line_1_61' title="bbox 215 3430 1814 3501; baseline 0.001 -18"><span class='ocrx_word' id='word_1_454' title='bbox 215 3445 405 3491; x_wconf 81' lang='lat' dir='ltr'><strong>ausus.</strong></span> <span class='ocrx_word' id='word_1_455' title='bbox 438 3433 599 3500; x_wconf 83' lang='lat' dir='ltr'><strong>eique</strong></span> <span class='ocrx_word' id='word_1_456' title='bbox 638 3447 697 3486; x_wconf 90' lang='lat' dir='ltr'><strong>se</strong></span> <span class='ocrx_word' id='word_1_457' title='bbox 726 3430 1206 3493; x_wconf 72' lang='lat' dir='ltr'><strong>CalllollcaSlalilll</strong></span> <span class='ocrx_word' id='word_1_458' title='bbox 1238 3432 1497 3501; x_wconf 87' lang='lat' dir='ltr'><strong>opposuit</strong></span> <span class='ocrx_word' id='word_1_459' title='bbox 1543 3430 1814 3486; x_wconf 81' lang='lat' dir='ltr'><strong>Ecclesia.</strong></span> 
     </span>
    </p>
   </div>
   <div class='ocr_carea' id='block_1_62' title="bbox 214 3501 1817 3573">
    <p class='ocr_par' dir='ltr' id='par_1_62' title="bbox 214 3501 1817 3573">
     <span class='ocr_line' id='line_1_62' title="bbox 214 3501 1817 3573; baseline 0.001 -16"><span class='ocrx_word' id='word_1_460' title='bbox 214 3501 587 3573; x_wconf 80' lang='lat' dir='ltr'><strong>Hieronymus</strong></span> <span class='ocrx_word' id='word_1_461' title='bbox 638 3519 725 3557; x_wconf 74' lang='lat' dir='ltr'><strong>vnr</strong></span> <span class='ocrx_word' id='word_1_462' title='bbox 767 3503 1164 3565; x_wconf 76' lang='lat' dir='ltr'><strong>Sanctissinius,</strong></span> <span class='ocrx_word' id='word_1_463' title='bbox 1211 3506 1298 3557; x_wconf 92' lang='lat' dir='ltr'><strong>cui</strong></span> <span class='ocrx_word' id='word_1_464' title='bbox 1352 3503 1595 3557; x_wconf 86' lang='lat' dir='ltr'><strong>omnium</strong></span> <span class='ocrx_word' id='word_1_465' title='bbox 1640 3502 1817 3571; x_wconf 90' lang='lat' dir='ltr'><strong>primo</strong></span> 
     </span>
    </p>
   </div>
   <div class='ocr_carea' id='block_1_63' title="bbox 213 3574 1817 3645">
    <p class='ocr_par' dir='ltr' id='par_1_63' title="bbox 213 3574 1817 3645">
     <span class='ocr_line' id='line_1_63' title="bbox 213 3574 1817 3645; baseline 0.002 -19"><span class='ocrx_word' id='word_1_466' title='bbox 213 3574 356 3630; x_wconf 90' lang='lat' dir='ltr'><strong>lianc</strong></span> <span class='ocrx_word' id='word_1_467' title='bbox 400 3575 655 3630; x_wconf 81' lang='lat' dir='ltr'><strong>hu-resim</strong></span> <span class='ocrx_word' id='word_1_468' title='bbox 705 3574 958 3645; x_wconf 86' lang='lat' dir='ltr'><strong>jugulare</strong></span> <span class='ocrx_word' id='word_1_469' title='bbox 1014 3576 1266 3641; x_wconf 89' lang='lat' dir='ltr'><strong>contigit,</strong></span> <span class='ocrx_word' id='word_1_470' title='bbox 1302 3575 1544 3629; x_wconf 69' lang='lat' dir='ltr'><strong>Ilmretici</strong></span> <span class='ocrx_word' id='word_1_471' title='bbox 1596 3590 1817 3629; x_wconf 86' lang='lat' dir='ltr'><strong>errores</strong></span> 
     </span>
    </p>
   </div>
   <div class='ocr_carea' id='block_1_64' title="bbox 215 3645 1817 3716">
    <p class='ocr_par' dir='ltr' id='par_1_64' title="bbox 215 3645 1817 3716">
     <span class='ocr_line' id='line_1_64' title="bbox 215 3645 1817 3716; baseline 0.002 -17"><span class='ocrx_word' id='word_1_472' title='bbox 215 3645 433 3701; x_wconf 87' lang='lat' dir='ltr'><strong>duobus</strong></span> <span class='ocrx_word' id='word_1_473' title='bbox 455 3647 608 3702; x_wconf 90' lang='lat' dir='ltr'><strong>libris</strong></span> <span class='ocrx_word' id='word_1_474' title='bbox 639 3646 877 3715; x_wconf 64' lang='lat' dir='ltr'><strong>exenpit,</strong></span> <span class='ocrx_word' id='word_1_475' title='bbox 912 3648 962 3701; x_wconf 93' lang='lat' dir='ltr'><strong>in</strong></span> <span class='ocrx_word' id='word_1_476' title='bbox 1003 3662 1235 3716; x_wconf 90' lang='lat' dir='ltr'><strong>quorum</strong></span> <span class='ocrx_word' id='word_1_477' title='bbox 1264 3649 1438 3701; x_wconf 87' lang='lat' dir='ltr'><strong>altero</strong></span> <span class='ocrx_word' id='word_1_478' title='bbox 1473 3646 1720 3715; x_wconf 82' lang='lat' dir='ltr'><strong>pluribus</strong></span> <span class='ocrx_word' id='word_1_479' title='bbox 1748 3649 1817 3703; x_wconf 89' lang='lat' dir='ltr'><strong>de</strong></span> 
     </span>
    </p>
   </div>
   <div class='ocr_carea' id='block_1_65' title="bbox 211 3716 1814 3787">
    <p class='ocr_par' dir='ltr' id='par_1_65' title="bbox 211 3716 1814 3787">
     <span class='ocr_line' id='line_1_65' title="bbox 211 3716 1814 3787; baseline 0.001 -16"><span class='ocrx_word' id='word_1_480' title='bbox 211 3716 406 3787; x_wconf 86' lang='lat' dir='ltr'><strong>jejunii</strong></span> <span class='ocrx_word' id='word_1_481' title='bbox 442 3719 679 3773; x_wconf 85' lang='lat' dir='ltr'><strong>utilitate</strong></span> <span class='ocrx_word' id='word_1_482' title='bbox 726 3718 859 3786; x_wconf 83' lang='lat' dir='ltr'><strong>agit,</strong></span> <span class='ocrx_word' id='word_1_483' title='bbox 892 3719 978 3773; x_wconf 90' lang='lat' dir='ltr'><strong>ubi</strong></span> <span class='ocrx_word' id='word_1_484' title='bbox 1008 3720 1171 3773; x_wconf 88' lang='lat' dir='ltr'><strong>etiam</strong></span> <span class='ocrx_word' id='word_1_485' title='bbox 1224 3720 1441 3772; x_wconf 90' lang='lat' dir='ltr'><strong>erudite</strong></span> <span class='ocrx_word' id='word_1_486' title='bbox 1476 3719 1671 3787; x_wconf 89' lang='lat' dir='ltr'><strong>probat</strong></span> <span class='ocrx_word' id='word_1_487' title='bbox 1700 3736 1814 3772; x_wconf 84' lang='lat' dir='ltr'><strong>om-</strong></span> 
     </span>
    </p>
   </div>
   <div class='ocr_carea' id='block_1_66' title="bbox 214 3788 1816 3860">
    <p class='ocr_par' dir='ltr' id='par_1_66' title="bbox 214 3788 1816 3860">
     <span class='ocr_line' id='line_1_66' title="bbox 214 3788 1816 3860; baseline 0.001 -19"><span class='ocrx_word' id='word_1_488' title='bbox 214 3806 329 3843; x_wconf 89' lang='lat' dir='ltr'><strong>nem</strong></span> <span class='ocrx_word' id='word_1_489' title='bbox 363 3800 658 3844; x_wconf 76' lang='lat' dir='ltr'><strong>creaturam</strong></span> <span class='ocrx_word' id='word_1_490' title='bbox 692 3788 782 3843; x_wconf 90' lang='lat' dir='ltr'><strong>Dei</strong></span> <span class='ocrx_word' id='word_1_491' title='bbox 809 3804 925 3860; x_wconf 69' lang='lat' dir='ltr'><strong>qua’</strong></span> <span class='ocrx_word' id='word_1_492' title='bbox 950 3791 1017 3843; x_wconf 85' lang='lat' dir='ltr'><strong>ad</strong></span> <span class='ocrx_word' id='word_1_493' title='bbox 1048 3808 1171 3845; x_wconf 87' lang='lat' dir='ltr'><strong>usus</strong></span> <span class='ocrx_word' id='word_1_494' title='bbox 1201 3790 1431 3844; x_wconf 88' lang='lat' dir='ltr'><strong>ciborum</strong></span> <span class='ocrx_word' id='word_1_495' title='bbox 1480 3807 1512 3842; x_wconf 91' lang='lat' dir='ltr'><strong>a</strong></span> <span class='ocrx_word' id='word_1_496' title='bbox 1551 3792 1816 3845; x_wconf 83' lang='lat' dir='ltr'><strong>conditore</strong></span> 
     </span>
    </p>
   </div>
   <div class='ocr_carea' id='block_1_67' title="bbox 212 3862 1829 3932">
    <p class='ocr_par' dir='ltr' id='par_1_67' title="bbox 212 3862 1829 3932">
     <span class='ocr_line' id='line_1_67' title="bbox 212 3862 1829 3932; baseline 0.002 -19"><span class='ocrx_word' id='word_1_497' title='bbox 212 3877 458 3915; x_wconf 88' lang='lat' dir='ltr'><strong>concessa</strong></span> <span class='ocrx_word' id='word_1_498' title='bbox 488 3872 585 3929; x_wconf 80' lang='lat' dir='ltr'><strong>est,</strong></span> <span class='ocrx_word' id='word_1_499' title='bbox 618 3862 809 3915; x_wconf 89' lang='lat' dir='ltr'><strong>bonam</strong></span> <span class='ocrx_word' id='word_1_500' title='bbox 856 3878 987 3928; x_wconf 86' lang='lat' dir='ltr'><strong>esse,</strong></span> <span class='ocrx_word' id='word_1_501' title='bbox 1020 3864 1095 3916; x_wconf 91' lang='lat' dir='ltr'><strong>uti</strong></span> <span class='ocrx_word' id='word_1_502' title='bbox 1146 3862 1467 3917; x_wconf 76' lang='lat' dir='ltr'><strong>Bacliiarius</strong></span> <span class='ocrx_word' id='word_1_503' title='bbox 1519 3863 1632 3927; x_wconf 90' lang='lat' dir='ltr'><strong>ait;</strong></span> <span class='ocrx_word' id='word_1_504' title='bbox 1668 3862 1829 3932; x_wconf 63' lang='lat' dir='ltr'><strong>quod.</strong></span> 
     </span>
    </p>
   </div>
   <div class='ocr_carea' id='block_1_68' title="bbox 212 3932 1814 4002">
    <p class='ocr_par' dir='ltr' id='par_1_68' title="bbox 212 3932 1814 4002">
     <span class='ocr_line' id='line_1_68' title="bbox 212 3932 1814 4002; baseline 0.002 -17"><span class='ocrx_word' id='word_1_505' title='bbox 212 3941 395 3988; x_wconf 87' lang='lat' dir='ltr'><strong>tamen</strong></span> <span class='ocrx_word' id='word_1_506' title='bbox 429 3935 620 3988; x_wconf 90' lang='lat' dir='ltr'><strong>inscite</strong></span> <span class='ocrx_word' id='word_1_507' title='bbox 644 3932 963 3987; x_wconf 64' lang='lat' dir='ltr'><strong>.luviuianns</strong></span> <span class='ocrx_word' id='word_1_508' title='bbox 994 3933 1246 4002; x_wconf 71' lang='lat' dir='ltr'><strong>negabat.</strong></span> <span class='ocrx_word' id='word_1_509' title='bbox 1277 3934 1335 3989; x_wconf 93' lang='lat' dir='ltr'><strong>S.</strong></span> <span class='ocrx_word' id='word_1_510' title='bbox 1378 3934 1715 4002; x_wconf 79' lang='lat' dir='ltr'><strong>Augustinus</strong></span> <span class='ocrx_word' id='word_1_511' title='bbox 1744 3933 1814 3988; x_wconf 90' lang='lat' dir='ltr'><strong>ad</strong></span> 
     </span>
    </p>
   </div>
   <div class='ocr_carea' id='block_1_69' title="bbox 210 4002 1809 4069">
    <p class='ocr_par' dir='ltr' id='par_1_69' title="bbox 210 4002 1809 4069">
     <span class='ocr_line' id='line_1_69' title="bbox 210 4002 1809 4069; baseline 0.001 -13"><span class='ocrx_word' id='word_1_512' title='bbox 210 4003 655 4069; x_wconf 81' lang='lat' dir='ltr'><strong>Quodvultdeum</strong></span> <span class='ocrx_word' id='word_1_513' title='bbox 685 4005 782 4059; x_wconf 91' lang='lat' dir='ltr'><strong>lib.</strong></span> <span class='ocrx_word' id='word_1_514' title='bbox 818 4002 886 4059; x_wconf 88' lang='lat' dir='ltr'><strong>de</strong></span> <span class='ocrx_word' id='word_1_515' title='bbox 918 4004 1126 4059; x_wconf 67' lang='lat' dir='ltr'><strong>Hirres.</strong></span> <span class='ocrx_word' id='word_1_516' title='bbox 1154 4019 1305 4057; x_wconf 91' lang='lat' dir='ltr'><strong>num.</strong></span> <span class='ocrx_word' id='word_1_517' title='bbox 1343 4005 1434 4068; x_wconf 74' lang='lat'><strong>82,</strong></span> <span class='ocrx_word' id='word_1_518' title='bbox 1467 4005 1535 4057; x_wconf 83' lang='lat' dir='ltr'><strong>de</strong></span> <span class='ocrx_word' id='word_1_519' title='bbox 1563 4006 1809 4059; x_wconf 86' lang='lat' dir='ltr'><strong>Jovinia-</strong></span> 
     </span>
    </p>
   </div>
   <div class='ocr_carea' id='block_1_70' title="bbox 211 4074 1815 4147">
    <p class='ocr_par' dir='ltr' id='par_1_70' title="bbox 211 4074 1815 4147">
     <span class='ocr_line' id='line_1_70' title="bbox 211 4074 1815 4147; baseline 0 -19"><span class='ocrx_word' id='word_1_520' title='bbox 211 4090 281 4129; x_wconf 92' lang='lat' dir='ltr'><strong>n0</strong></span> <span class='ocrx_word' id='word_1_521' title='bbox 312 4076 566 4144; x_wconf 84' lang='lat' dir='ltr'><strong>loquens,</strong></span> <span class='ocrx_word' id='word_1_522' title='bbox 600 4077 678 4131; x_wconf 87' lang='lat' dir='ltr'><strong>ait</strong></span> <span class='ocrx_word' id='word_1_523' title='bbox 710 4094 722 4129; x_wconf 72' lang='grc' dir='ltr'>ε</span> <span class='ocrx_word' id='word_1_524' title='bbox 760 4074 858 4129; x_wconf 82' lang='lat' dir='ltr'><strong>Hic</strong></span> <span class='ocrx_word' id='word_1_525' title='bbox 884 4079 1059 4129; x_wconf 86' lang='lat' dir='ltr'><strong>omnia</strong></span> <span class='ocrx_word' id='word_1_526' title='bbox 1090 4086 1323 4145; x_wconf 84' lang='lat' dir='ltr'><strong>peccata,</strong></span> <span class='ocrx_word' id='word_1_527' title='bbox 1348 4077 1481 4129; x_wconf 82' lang='lat' dir='ltr'><strong>sicut</strong></span> <span class='ocrx_word' id='word_1_528' title='bbox 1509 4074 1679 4130; x_wconf 84' lang='lat' dir='ltr'><strong>Stoici</strong></span> <span class='ocrx_word' id='word_1_529' title='bbox 1700 4075 1815 4147; x_wconf 73' lang='lat' dir='ltr'><strong>plli-</strong></span> 
     </span>
    </p>
   </div>
   <div class='ocr_carea' id='block_1_71' title="bbox 211 4147 1815 4219">
    <p class='ocr_par' dir='ltr' id='par_1_71' title="bbox 211 4147 1815 4219">
     <span class='ocr_line' id='line_1_71' title="bbox 211 4147 1815 4219; baseline 0.001 -20"><span class='ocrx_word' id='word_1_530' title='bbox 211 4147 441 4217; x_wconf 84' lang='lat' dir='ltr'><strong>los0plti,</strong></span> <span class='ocrx_word' id='word_1_531' title='bbox 476 4152 627 4219; x_wconf 86' lang='lat' dir='ltr'><strong>paria</strong></span> <span class='ocrx_word' id='word_1_532' title='bbox 657 4164 766 4202; x_wconf 86' lang='lat' dir='ltr'><strong>esse</strong></span> <span class='ocrx_word' id='word_1_533' title='bbox 797 4147 1025 4213; x_wconf 85' lang='lat' dir='ltr'><strong>dicebat,</strong></span> <span class='ocrx_word' id='word_1_534' title='bbox 1058 4164 1151 4201; x_wconf 88' lang='lat' dir='ltr'><strong>nec</strong></span> <span class='ocrx_word' id='word_1_535' title='bbox 1194 4163 1343 4215; x_wconf 83' lang='lat' dir='ltr'><strong>posse</strong></span> <span class='ocrx_word' id='word_1_536' title='bbox 1394 4162 1604 4219; x_wconf 77' lang='lat' dir='ltr'><strong>peccare</strong></span> <span class='ocrx_word' id='word_1_537' title='bbox 1647 4148 1815 4219; x_wconf 79' lang='lat' dir='ltr'><strong>homi-</strong></span> 
     </span>
    </p>
   </div>
   <div class='ocr_carea' id='block_1_72' title="bbox 210 4216 1813 4291">
    <p class='ocr_par' dir='ltr' id='par_1_72' title="bbox 210 4216 1813 4291">
     <span class='ocr_line' id='line_1_72' title="bbox 210 4216 1813 4291; baseline 0.002 -21"><span class='ocrx_word' id='word_1_538' title='bbox 210 4216 333 4291; x_wconf 84' lang='lat' dir='ltr'><strong>nem</strong></span> <span class='ocrx_word' id='word_1_539' title='bbox 373 4216 581 4273; x_wconf 82' lang='lat' dir='ltr'><strong>lavacro</strong></span> <span class='ocrx_word' id='word_1_540' title='bbox 629 4222 1041 4291; x_wconf 88' lang='lat' dir='ltr'><strong>regenerationis</strong></span> <span class='ocrx_word' id='word_1_541' title='bbox 1068 4228 1303 4291; x_wconf 72' lang='lat' dir='ltr'><strong>araepto,</strong></span> <span class='ocrx_word' id='word_1_542' title='bbox 1324 4234 1413 4273; x_wconf 90' lang='lat' dir='ltr'><strong>nec</strong></span> <span class='ocrx_word' id='word_1_543' title='bbox 1456 4216 1659 4280; x_wconf 84' lang='lat' dir='ltr'><strong>aliquid</strong></span> <span class='ocrx_word' id='word_1_544' title='bbox 1691 4235 1813 4290; x_wconf 85' lang='lat' dir='ltr'><strong>pro-</strong></span> 
     </span>
    </p>
   </div>
   <div class='ocr_carea' id='block_1_73' title="bbox 210 4238 1812 4363">
    <p class='ocr_par' dir='ltr' id='par_1_73' title="bbox 210 4238 1812 4363">
     <span class='ocr_line' id='line_1_73' title="bbox 210 4238 1812 4291; baseline 0.002 -21"><span class='ocrx_word' id='word_1_545' title='bbox 210 4238 327 4273; x_wconf 87' lang='lat' dir='ltr'><strong>nem</strong></span> <span class='ocrx_word' id='word_1_546' title='bbox 373 4238 581 4273; x_wconf 74' lang='lat' dir='ltr'><strong>lavacro</strong></span> <span class='ocrx_word' id='word_1_547' title='bbox 629 4238 684 4274; x_wconf 89' lang='lat' dir='ltr'><strong>re</strong></span> <span class='ocrx_word' id='word_1_548' title='bbox 722 4238 1041 4274; x_wconf 86' lang='lat' dir='ltr'><strong>enerauoms</strong></span> <span class='ocrx_word' id='word_1_549' title='bbox 1068 4238 1298 4291; x_wconf 73' lang='lat' dir='ltr'><strong>accepto,</strong></span> <span class='ocrx_word' id='word_1_550' title='bbox 1324 4238 1413 4273; x_wconf 88' lang='lat' dir='ltr'><strong>nec</strong></span> <span class='ocrx_word' id='word_1_551' title='bbox 1456 4238 1657 4280; x_wconf 73' lang='lat' dir='ltr'><strong>aliqum</strong></span> <span class='ocrx_word' id='word_1_552' title='bbox 1691 4238 1812 4290; x_wconf 85' lang='lat' dir='ltr'><strong>pro—</strong></span> 
     </span>
     <span class='ocr_line' id='line_1_74' title="bbox 210 4238 1812 4363; baseline 0 -19"><span class='ocrx_word' id='word_1_553' title='bbox 210 4289 359 4363; x_wconf 68' lang='lat' dir='ltr'><strong>desse</strong></span> <span class='ocrx_word' id='word_1_554' title='bbox 398 4292 603 4363; x_wconf 83' lang='lat' dir='ltr'><strong>iejunia</strong></span> <span class='ocrx_word' id='word_1_555' title='bbox 630 4238 767 4345; x_wconf 65' lang='grc' dir='ltr'><em>υεῖα</em></span> <span class='ocrx_word' id='word_1_556' title='bbox 796 4290 925 4363; x_wconf 85' lang='lat' dir='ltr'><strong>cibis</strong></span> <span class='ocrx_word' id='word_1_557' title='bbox 951 4292 1214 4363; x_wconf 71' lang='lat' dir='ltr'><strong>aliquibus</strong></span> <span class='ocrx_word' id='word_1_558' title='bbox 1251 4290 1641 4363; x_wconf 80' lang='lat' dir='ltr'><strong>abstinentiam.</strong></span> <span class='ocrx_word' id='word_1_559' title='bbox 1677 4290 1812 4363; x_wconf 63' lang='lat' dir='ltr'><strong>Vide</strong></span> 
     </span>
    </p>
   </div>
   <div class='ocr_carea' id='block_1_74' title="bbox 209 4360 1809 4431">
    <p class='ocr_par' dir='ltr' id='par_1_74' title="bbox 209 4360 1809 4431">
     <span class='ocr_line' id='line_1_75' title="bbox 209 4360 1809 4431; baseline -0.001 -14"><span class='ocrx_word' id='word_1_560' title='bbox 209 4360 269 4417; x_wconf 94' lang='lat' dir='ltr'><strong>S.</strong></span> <span class='ocrx_word' id='word_1_561' title='bbox 298 4360 649 4417; x_wconf 80' lang='lat' dir='ltr'><strong>Ambrosium</strong></span> <span class='ocrx_word' id='word_1_562' title='bbox 678 4365 731 4417; x_wconf 91' lang='lat' dir='ltr'><strong>in</strong></span> <span class='ocrx_word' id='word_1_563' title='bbox 756 4362 921 4431; x_wconf 88' lang='lat' dir='ltr'><strong>epist.</strong></span> <span class='ocrx_word' id='word_1_564' title='bbox 941 4360 1124 4427; x_wconf 48' lang='lat' dir='ltr'><strong>sane</strong></span> <span class='ocrx_word' id='word_1_565' title='bbox 1158 4362 1391 4418; x_wconf 86' lang='lat' dir='ltr'><strong>Vercell.</strong></span> <span class='ocrx_word' id='word_1_566' title='bbox 1417 4377 1432 4427; x_wconf 91' lang='lat'><strong>;</strong></span> <span class='ocrx_word' id='word_1_567' title='bbox 1464 4360 1809 4417; x_wconf 82' lang='lat' dir='ltr'><strong>Gciinadium</strong></span> 
     </span>
    </p>
   </div>
   <div class='ocr_carea' id='block_1_75' title="bbox 208 4432 870 4503">
    <p class='ocr_par' dir='ltr' id='par_1_75' title="bbox 208 4432 870 4503">
     <span class='ocr_line' id='line_1_76' title="bbox 208 4432 870 4503; baseline -0.002 -16"><span class='ocrx_word' id='word_1_568' title='bbox 208 4433 262 4487; x_wconf 88' lang='lat' dir='ltr'><strong>in</strong></span> <span class='ocrx_word' id='word_1_569' title='bbox 294 4432 444 4488; x_wconf 82' lang='lat' dir='ltr'><strong>Fidei</strong></span> <span class='ocrx_word' id='word_1_570' title='bbox 473 4436 728 4503; x_wconf 79' lang='lat' dir='ltr'><strong>profess.,</strong></span> <span class='ocrx_word' id='word_1_571' title='bbox 762 4448 870 4487; x_wconf 83' lang='lat' dir='ltr'><strong>etc.</strong></span> 
     </span>
    </p>
   </div>
   <div class='ocr_carea' id='block_1_76' title="bbox 281 4504 1811 4573">
    <p class='ocr_par' dir='ltr' id='par_1_76' title="bbox 281 4504 1811 4573">
     <span class='ocr_line' id='line_1_77' title="bbox 281 4504 1811 4573; baseline 0.001 -15"><span class='ocrx_word' id='word_1_572' title='bbox 281 4507 301 4536; x_wconf 86' lang='grc'>³</span> <span class='ocrx_word' id='word_1_573' title='bbox 334 4505 521 4561; x_wconf 84' lang='lat' dir='ltr'><strong>Altera</strong></span> <span class='ocrx_word' id='word_1_574' title='bbox 570 4509 687 4560; x_wconf 69' lang='lat' dir='ltr'><strong>lure</strong></span> <span class='ocrx_word' id='word_1_575' title='bbox 737 4506 835 4559; x_wconf 79' lang='lat' dir='ltr'><strong>fuit</strong></span> <span class='ocrx_word' id='word_1_576' title='bbox 866 4505 1135 4560; x_wconf 86' lang='lat' dir='ltr'><strong>Joviniani</strong></span> <span class='ocrx_word' id='word_1_577' title='bbox 1168 4504 1419 4569; x_wconf 70' lang='lat' dir='ltr'><strong>hmresis,</strong></span> <span class='ocrx_word' id='word_1_578' title='bbox 1454 4520 1650 4573; x_wconf 83' lang='lat' dir='ltr'><strong>nempe</strong></span> <span class='ocrx_word' id='word_1_579' title='bbox 1678 4520 1811 4559; x_wconf 87' lang='lat' dir='ltr'><strong>con-</strong></span> 
     </span>
    </p>
   </div>
   <div class='ocr_carea' id='block_1_77' title="bbox 203 4574 1809 4647">
    <p class='ocr_par' dir='ltr' id='par_1_77' title="bbox 203 4574 1809 4647">
     <span class='ocr_line' id='line_1_78' title="bbox 203 4574 1809 4647; baseline 0.001 -18"><span class='ocrx_word' id='word_1_580' title='bbox 203 4574 353 4647; x_wconf 85' lang='lat' dir='ltr'><strong>jugia</strong></span> <span class='ocrx_word' id='word_1_581' title='bbox 387 4591 545 4631; x_wconf 79' lang='lat' dir='ltr'><strong>Sacro</strong></span> <span class='ocrx_word' id='word_1_582' title='bbox 576 4576 921 4647; x_wconf 83' lang='lat' dir='ltr'><strong>Virginitatis</strong></span> <span class='ocrx_word' id='word_1_583' title='bbox 952 4587 1077 4647; x_wconf 88' lang='lat' dir='ltr'><strong>voto</strong></span> <span class='ocrx_word' id='word_1_584' title='bbox 1110 4593 1347 4646; x_wconf 85' lang='lat' dir='ltr'><strong>a-quare.</strong></span> <span class='ocrx_word' id='word_1_585' title='bbox 1380 4580 1435 4630; x_wconf 82' lang='lat' dir='ltr'><strong>S.</strong></span> <span class='ocrx_word' id='word_1_586' title='bbox 1472 4581 1809 4643; x_wconf 74' lang='lat' dir='ltr'><strong>Augustinus</strong></span> 
     </span>
    </p>
   </div>
   <div class='ocr_carea' id='block_1_78' title="bbox 208 4646 1807 4718">
    <p class='ocr_par' dir='ltr' id='par_1_78' title="bbox 208 4646 1807 4718">
     <span class='ocr_line' id='line_1_79' title="bbox 208 4646 1807 4718; baseline -0.003 -15"><span class='ocrx_word' id='word_1_587' title='bbox 208 4646 333 4718; x_wconf 76' lang='lat' dir='ltr'><strong>loeti</strong></span> <span class='ocrx_word' id='word_1_588' title='bbox 364 4664 528 4718; x_wconf 84' lang='lat' dir='ltr'><strong>supra</strong></span> <span class='ocrx_word' id='word_1_589' title='bbox 577 4646 746 4703; x_wconf 82' lang='lat' dir='ltr'><strong>citato</strong></span> <span class='ocrx_word' id='word_1_590' title='bbox 776 4648 927 4703; x_wconf 85' lang='lat' dir='ltr'><strong>addit</strong></span> <span class='ocrx_word' id='word_1_591' title='bbox 960 4667 972 4700; x_wconf 89' lang='lat'><strong>:</strong></span> <span class='ocrx_word' id='word_1_592' title='bbox 1012 4646 1377 4718; x_wconf 80' lang='lat' dir='ltr'><strong>Virginitatem</strong></span> <span class='ocrx_word' id='word_1_593' title='bbox 1425 4648 1807 4702; x_wconf 85' lang='lat' dir='ltr'><strong>sanctimonia-</strong></span> 
     </span>
    </p>
   </div>
   <div class='ocr_carea' id='block_1_79' title="bbox 207 4717 1803 4791">
    <p class='ocr_par' dir='ltr' id='par_1_79' title="bbox 207 4717 1803 4791">
     <span class='ocr_line' id='line_1_80' title="bbox 207 4717 1803 4791; baseline 0 -21"><span class='ocrx_word' id='word_1_594' title='bbox 207 4717 364 4783; x_wconf 85' lang='lat' dir='ltr'><strong>lium,</strong></span> <span class='ocrx_word' id='word_1_595' title='bbox 390 4717 442 4774; x_wconf 84' lang='lat' dir='ltr'><strong>et</strong></span> <span class='ocrx_word' id='word_1_596' title='bbox 470 4721 844 4775; x_wconf 84' lang='lat' dir='ltr'><strong>continentiam</strong></span> <span class='ocrx_word' id='word_1_597' title='bbox 874 4736 1026 4773; x_wconf 74' lang='lat' dir='ltr'><strong>sexus</strong></span> <span class='ocrx_word' id='word_1_598' title='bbox 1053 4717 1219 4773; x_wconf 82' lang='lat' dir='ltr'><strong>virilis</strong></span> <span class='ocrx_word' id='word_1_599' title='bbox 1244 4723 1296 4773; x_wconf 89' lang='lat' dir='ltr'><strong>in</strong></span> <span class='ocrx_word' id='word_1_600' title='bbox 1338 4720 1531 4773; x_wconf 73' lang='lat' dir='ltr'><strong>sancris</strong></span> <span class='ocrx_word' id='word_1_601' title='bbox 1569 4719 1803 4791; x_wconf 78' lang='lat' dir='ltr'><strong>eligenti-</strong></span> 
     </span>
    </p>
   </div>
   <div class='ocr_carea' id='block_1_80' title="bbox 208 4788 1806 4873">
    <p class='ocr_par' dir='ltr' id='par_1_80' title="bbox 208 4788 1806 4873">
     <span class='ocr_line' id='line_1_81' title="bbox 208 4788 1806 4873; baseline -0.001 -28"><span class='ocrx_word' id='word_1_602' title='bbox 208 4791 302 4873; x_wconf 82' lang='lat' dir='ltr'><strong>bus</strong></span> <span class='ocrx_word' id='word_1_603' title='bbox 331 4793 560 4847; x_wconf 70' lang='lat' dir='ltr'><strong>caelibem</strong></span> <span class='ocrx_word' id='word_1_604' title='bbox 588 4794 766 4873; x_wconf 75' lang='lat' dir='ltr'><strong>vitam,</strong></span> <span class='ocrx_word' id='word_1_605' title='bbox 793 4793 1159 4873; x_wconf 75' lang='lat' dir='ltr'><strong>conjugiorum</strong></span> <span class='ocrx_word' id='word_1_606' title='bbox 1189 4803 1455 4873; x_wconf 70' lang='lat' dir='ltr'><strong>costarum</strong></span> <span class='ocrx_word' id='word_1_607' title='bbox 1495 4788 1654 4873; x_wconf 79' lang='lat' dir='ltr'><strong>atque</strong></span> <span class='ocrx_word' id='word_1_608' title='bbox 1674 4788 1806 4860; x_wconf 83' lang='lat' dir='ltr'><strong>ﬁde-</strong></span> 
     </span>
    </p>
   </div>
   <div class='ocr_carea' id='block_1_81' title="bbox 206 4862 1808 4934">
    <p class='ocr_par' dir='ltr' id='par_1_81' title="bbox 206 4862 1808 4934">
     <span class='ocr_line' id='line_1_82' title="bbox 206 4862 1808 4934; baseline 0 -19"><span class='ocrx_word' id='word_1_609' title='bbox 206 4862 333 4916; x_wconf 89' lang='lat' dir='ltr'><strong>lium</strong></span> <span class='ocrx_word' id='word_1_610' title='bbox 364 4867 559 4918; x_wconf 84' lang='lat' dir='ltr'><strong>meritis</strong></span> <span class='ocrx_word' id='word_1_611' title='bbox 584 4862 925 4934; x_wconf 65' lang='lat' dir='ltr'><strong>ada&#39;quabat;</strong></span> <span class='ocrx_word' id='word_1_612' title='bbox 953 4862 1025 4916; x_wconf 85' lang='lat' dir='ltr'><strong>ita</strong></span> <span class='ocrx_word' id='word_1_613' title='bbox 1054 4872 1107 4916; x_wconf 92' lang='lat' dir='ltr'><strong>ut</strong></span> <span class='ocrx_word' id='word_1_614' title='bbox 1137 4863 1375 4934; x_wconf 82' lang='lat' dir='ltr'><strong>quwdam</strong></span> <span class='ocrx_word' id='word_1_615' title='bbox 1399 4863 1623 4933; x_wconf 82' lang='lat' dir='ltr'><strong>virgines</strong></span> <span class='ocrx_word' id='word_1_616' title='bbox 1647 4877 1808 4917; x_wconf 77' lang='lat' dir='ltr'><strong>sacra:</strong></span> 
     </span>
    </p>
   </div>
   <div class='ocr_carea' id='block_1_82' title="bbox 207 4934 1800 5009">
    <p class='ocr_par' dir='ltr' id='par_1_82' title="bbox 207 4934 1800 5009">
     <span class='ocr_line' id='line_1_83' title="bbox 207 4934 1800 5009; baseline 0.001 -23"><span class='ocrx_word' id='word_1_617' title='bbox 207 4945 467 5005; x_wconf 79' lang='lat' dir='ltr'><strong>provectw</strong></span> <span class='ocrx_word' id='word_1_618' title='bbox 482 4939 598 5009; x_wconf 83' lang='lat' dir='ltr'><strong>jam</strong></span> <span class='ocrx_word' id='word_1_619' title='bbox 628 4937 798 4991; x_wconf 69' lang='lat' dir='ltr'><strong>letalis</strong></span> <span class='ocrx_word' id='word_1_620' title='bbox 826 4936 880 4989; x_wconf 87' lang='lat' dir='ltr'><strong>in</strong></span> <span class='ocrx_word' id='word_1_621' title='bbox 923 4937 1045 4990; x_wconf 86' lang='lat' dir='ltr'><strong>urbe</strong></span> <span class='ocrx_word' id='word_1_622' title='bbox 1072 4934 1242 4989; x_wconf 82' lang='lat' dir='ltr'><strong>Roma</strong></span> <span class='ocrx_word' id='word_1_623' title='bbox 1291 4935 1379 4988; x_wconf 86' lang='lat' dir='ltr'><strong>ubi</strong></span> <span class='ocrx_word' id='word_1_624' title='bbox 1427 4935 1536 4990; x_wconf 68' lang='lat' dir='ltr'><strong>haec</strong></span> <span class='ocrx_word' id='word_1_625' title='bbox 1566 4934 1800 5002; x_wconf 85' lang='lat' dir='ltr'><strong>docebat,</strong></span> 
     </span>
    </p>
   </div>
   <div class='ocr_carea' id='block_1_83' title="bbox 279 5120 1804 5201">
    <p class='ocr_par' dir='ltr' id='par_1_83' title="bbox 279 5120 1804 5201">
     <span class='ocr_line' id='line_1_84' title="bbox 279 5120 1804 5201; baseline -0.001 -26"><span class='ocrx_word' id='word_1_626' title='bbox 279 5130 305 5157; x_wconf 78' lang='grc' dir='ltr'>α</span> <span class='ocrx_word' id='word_1_627' title='bbox 346 5120 673 5201; x_wconf 62' lang='lat' dir='ltr'><strong>Notissitiius</strong></span> <span class='ocrx_word' id='word_1_628' title='bbox 704 5130 787 5175; x_wconf 84' lang='lat' dir='ltr'><strong>est</strong></span> <span class='ocrx_word' id='word_1_629' title='bbox 817 5120 916 5175; x_wconf 90' lang='lat' dir='ltr'><strong>hac</strong></span> <span class='ocrx_word' id='word_1_630' title='bbox 944 5120 1014 5176; x_wconf 90' lang='lat' dir='ltr'><strong>de</strong></span> <span class='ocrx_word' id='word_1_631' title='bbox 1034 5136 1094 5176; x_wconf 89' lang='lat' dir='ltr'><strong>re</strong></span> <span class='ocrx_word' id='word_1_632' title='bbox 1122 5120 1375 5201; x_wconf 77' lang='lat' dir='ltr'><strong>Origenis</strong></span> <span class='ocrx_word' id='word_1_633' title='bbox 1417 5134 1600 5201; x_wconf 64' lang='lat' dir='ltr'><strong>error,</strong></span> <span class='ocrx_word' id='word_1_634' title='bbox 1644 5135 1804 5201; x_wconf 69' lang='lat' dir='ltr'><strong>quem</strong></span> 
     </span>
    </p>
   </div>
   <div class='ocr_carea' id='block_1_84' title="bbox 205 5189 1807 5262">
    <p class='ocr_par' dir='ltr' id='par_1_84' title="bbox 205 5189 1807 5262">
     <span class='ocr_line' id='line_1_85' title="bbox 205 5189 1807 5262; baseline 0.001 -16"><span class='ocrx_word' id='word_1_635' title='bbox 205 5189 409 5251; x_wconf 84' lang='lat' dir='ltr'><strong>Doctor</strong></span> <span class='ocrx_word' id='word_1_636' title='bbox 426 5193 693 5247; x_wconf 74' lang='lat' dir='ltr'><strong>Maximus</strong></span> <span class='ocrx_word' id='word_1_637' title='bbox 717 5209 861 5262; x_wconf 62' lang='lat' dir='ltr'><strong>s&#39;a&#39;pe</strong></span> <span class='ocrx_word' id='word_1_638' title='bbox 887 5203 1063 5255; x_wconf 82' lang='lat' dir='ltr'><strong>nutat,</strong></span> <span class='ocrx_word' id='word_1_639' title='bbox 1096 5189 1401 5261; x_wconf 62' lang='lat' dir='ltr'><strong>prwSertiiii</strong></span> <span class='ocrx_word' id='word_1_640' title='bbox 1425 5208 1556 5247; x_wconf 90' lang='lat' dir='ltr'><strong>vero</strong></span> <span class='ocrx_word' id='word_1_641' title='bbox 1588 5191 1639 5246; x_wconf 90' lang='lat' dir='ltr'><strong>in</strong></span> <span class='ocrx_word' id='word_1_642' title='bbox 1668 5190 1807 5247; x_wconf 89' lang='lat' dir='ltr'><strong>libro</strong></span> 
     </span>
    </p>
   </div>
   <div class='ocr_carea' id='block_1_85' title="bbox 204 5264 1805 5344">
    <p class='ocr_par' dir='ltr' id='par_1_85' title="bbox 204 5264 1805 5344">
     <span class='ocr_line' id='line_1_86' title="bbox 204 5264 1805 5344; baseline 0 -26"><span class='ocrx_word' id='word_1_643' title='bbox 204 5275 393 5344; x_wconf 76' lang='lat' dir='ltr'><strong>contra</strong></span> <span class='ocrx_word' id='word_1_644' title='bbox 415 5264 689 5344; x_wconf 53' lang='grc' dir='ltr'><strong>ἐυειιηςιιι</strong></span> <span class='ocrx_word' id='word_1_645' title='bbox 743 5264 1150 5344; x_wconf 66' lang='lat' dir='ltr'><strong>Herosolyinit.</strong></span> <span class='ocrx_word' id='word_1_646' title='bbox 1184 5281 1335 5317; x_wconf 90' lang='lat' dir='ltr'><strong>num.</strong></span> <span class='ocrx_word' id='word_1_647' title='bbox 1370 5264 1568 5344; x_wconf 46' lang='lat' dir='ltr'><strong>7Lllon</strong></span> <span class='ocrx_word' id='word_1_648' title='bbox 1606 5265 1805 5344; x_wconf 46' lang='lat' dir='ltr'><strong>ule,_usi</strong></span> 
     </span>
    </p>
   </div>
   <div class='ocr_carea' id='block_1_86' title="bbox 205 5335 1806 5408">
    <p class='ocr_par' dir='ltr' id='par_1_86' title="bbox 205 5335 1806 5408">
     <span class='ocr_line' id='line_1_87' title="bbox 205 5335 1806 5408; baseline 0 -19"><span class='ocrx_word' id='word_1_649' title='bbox 205 5335 378 5403; x_wconf 90' lang='lat' dir='ltr'><strong>lubet,</strong></span> <span class='ocrx_word' id='word_1_650' title='bbox 414 5335 559 5390; x_wconf 91' lang='lat' dir='ltr'><strong>Diss.</strong></span> <span class='ocrx_word' id='word_1_651' title='bbox 591 5336 648 5404; x_wconf 76' lang='lat'><strong>2,</strong></span> <span class='ocrx_word' id='word_1_652' title='bbox 676 5352 799 5408; x_wconf 89' lang='lat' dir='ltr'><strong>cap.</strong></span> <span class='ocrx_word' id='word_1_653' title='bbox 844 5335 1134 5391; x_wconf 71' lang='lat' dir='ltr'><strong>4.—-lla:c</strong></span> <span class='ocrx_word' id='word_1_654' title='bbox 1164 5350 1378 5405; x_wconf 86' lang='lat' dir='ltr'><strong>quoque</strong></span> <span class='ocrx_word' id='word_1_655' title='bbox 1410 5335 1642 5390; x_wconf 54' lang='lat' dir='ltr'><strong>Dissert.</strong></span> <span class='ocrx_word' id='word_1_656' title='bbox 1673 5335 1806 5389; x_wconf 92' lang='lat' dir='ltr'><strong>alibi</strong></span> 
     </span>
    </p>
   </div>
   <div class='ocr_carea' id='block_1_87' title="bbox 204 5409 535 5462">
    <p class='ocr_par' dir='ltr' id='par_1_87' title="bbox 204 5409 535 5462">
     <span class='ocr_line' id='line_1_88' title="bbox 204 5409 535 5462; baseline -0.003 0"><span class='ocrx_word' id='word_1_657' title='bbox 204 5409 535 5462; x_wconf 80' lang='lat' dir='ltr'><strong>exhibenda.</strong></span> 
     </span>
    </p>
   </div>
   <div class='ocr_carea' id='block_1_88' title="bbox 274 5477 1800 5548">
    <p class='ocr_par' dir='ltr' id='par_1_88' title="bbox 274 5477 1800 5548">
     <span class='ocr_line' id='line_1_89' title="bbox 274 5477 1800 5548; baseline -0.001 -14"><span class='ocrx_word' id='word_1_658' title='bbox 274 5479 303 5518; x_wconf 74' lang='lat' dir='ltr'><strong>b</strong></span> <span class='ocrx_word' id='word_1_659' title='bbox 343 5478 541 5543; x_wconf 89' lang='lat' dir='ltr'><strong>Locus,</strong></span> <span class='ocrx_word' id='word_1_660' title='bbox 573 5478 619 5531; x_wconf 92' lang='lat' dir='ltr'><strong>si</strong></span> <span class='ocrx_word' id='word_1_661' title='bbox 653 5480 773 5548; x_wconf 85' lang='lat' dir='ltr'><strong>quis</strong></span> <span class='ocrx_word' id='word_1_662' title='bbox 818 5478 975 5545; x_wconf 90' lang='lat' dir='ltr'><strong>alius,</strong></span> <span class='ocrx_word' id='word_1_663' title='bbox 1021 5477 1488 5548; x_wconf 86' lang='lat' dir='ltr'><strong>corruptissimus.</strong></span> <span class='ocrx_word' id='word_1_664' title='bbox 1543 5477 1800 5533; x_wconf 87' lang='lat' dir='ltr'><strong>Libenter</strong></span> 
     </span>
    </p>
   </div>
   <div class='ocr_carea' id='block_1_89' title="bbox 202 5549 1800 5620">
    <p class='ocr_par' dir='ltr' id='par_1_89' title="bbox 202 5549 1800 5620">
     <span class='ocr_line' id='line_1_90' title="bbox 202 5549 1800 5620; baseline -0.001 -15"><span class='ocrx_word' id='word_1_665' title='bbox 202 5551 277 5605; x_wconf 90' lang='lat' dir='ltr'><strong>ita</strong></span> <span class='ocrx_word' id='word_1_666' title='bbox 309 5552 647 5605; x_wconf 87' lang='lat' dir='ltr'><strong>restitneiem</strong></span> <span class='ocrx_word' id='word_1_667' title='bbox 704 5565 716 5599; x_wconf 90' lang='lat'><strong>:</strong></span> <span class='ocrx_word' id='word_1_668' title='bbox 778 5550 913 5616; x_wconf 86' lang='lat' dir='ltr'><strong>Quia</strong></span> <span class='ocrx_word' id='word_1_669' title='bbox 968 5550 1185 5620; x_wconf 78' lang='lat' dir='ltr'><strong>legimus</strong></span> <span class='ocrx_word' id='word_1_670' title='bbox 1245 5549 1513 5619; x_wconf 86' lang='lat' dir='ltr'><strong>Virginem</strong></span> <span class='ocrx_word' id='word_1_671' title='bbox 1542 5550 1800 5603; x_wconf 84' lang='lat' dir='ltr'><strong>nominari</strong></span> 
     </span>
    </p>
   </div>
   <div class='ocr_carea' id='block_1_90' title="bbox 201 5619 1798 5687">
    <p class='ocr_par' dir='ltr' id='par_1_90' title="bbox 201 5619 1798 5687">
     <span class='ocr_line' id='line_1_91' title="bbox 201 5619 1798 5687; baseline -0.001 -11"><span class='ocrx_word' id='word_1_672' title='bbox 201 5622 380 5687; x_wconf 81' lang='lat' dir='ltr'><strong>Alma,</strong></span> <span class='ocrx_word' id='word_1_673' title='bbox 413 5622 509 5675; x_wconf 86' lang='lat' dir='ltr'><strong>hoc</strong></span> <span class='ocrx_word' id='word_1_674' title='bbox 538 5632 608 5675; x_wconf 87' lang='lat' dir='ltr'><strong>est</strong></span> <span class='ocrx_word' id='word_1_675' title='bbox 663 5623 716 5673; x_wconf 87' lang='lat' dir='ltr'><strong>in</strong></span> <span class='ocrx_word' id='word_1_676' title='bbox 772 5631 991 5687; x_wconf 85' lang='lat' dir='ltr'><strong>secreta,</strong></span> <span class='ocrx_word' id='word_1_677' title='bbox 1021 5619 1135 5675; x_wconf 23' lang='lat' dir='ltr'><strong>’vel</strong></span> <span class='ocrx_word' id='word_1_678' title='bbox 1186 5628 1454 5675; x_wconf 87' lang='lat' dir='ltr'><strong>secretam.</strong></span> <span class='ocrx_word' id='word_1_679' title='bbox 1504 5619 1798 5675; x_wconf 85' lang='lat' dir='ltr'><strong>Adeundus</strong></span> 
     </span>
    </p>
   </div>
   <div class='ocr_carea' id='block_1_91' title="bbox 200 5690 1800 5762">
    <p class='ocr_par' dir='ltr' id='par_1_91' title="bbox 200 5690 1800 5762">
     <span class='ocr_line' id='line_1_92' title="bbox 200 5690 1800 5762; baseline -0.001 -13"><span class='ocrx_word' id='word_1_680' title='bbox 200 5707 426 5750; x_wconf 90' lang='lat' dir='ltr'><strong>sanctus</strong></span> <span class='ocrx_word' id='word_1_681' title='bbox 459 5693 826 5762; x_wconf 83' lang='lat' dir='ltr'><strong>Hieronymus</strong></span> <span class='ocrx_word' id='word_1_682' title='bbox 854 5693 906 5746; x_wconf 91' lang='lat' dir='ltr'><strong>in</strong></span> <span class='ocrx_word' id='word_1_683' title='bbox 933 5709 1053 5761; x_wconf 83' lang='lat' dir='ltr'><strong>cap.</strong></span> <span class='ocrx_word' id='word_1_684' title='bbox 1088 5708 1161 5746; x_wconf 86' lang='lat' dir='ltr'><strong>vu</strong></span> <span class='ocrx_word' id='word_1_685' title='bbox 1192 5690 1366 5757; x_wconf 70' lang='lat' dir='ltr'><strong>Isaizc,</strong></span> <span class='ocrx_word' id='word_1_686' title='bbox 1398 5692 1486 5756; x_wconf 76' lang='grc'><strong>14,</strong></span> <span class='ocrx_word' id='word_1_687' title='bbox 1535 5691 1626 5747; x_wconf 89' lang='lat' dir='ltr'><strong>ubi</strong></span> <span class='ocrx_word' id='word_1_688' title='bbox 1658 5692 1800 5748; x_wconf 90' lang='lat' dir='ltr'><strong>inter</strong></span> 
     </span>
    </p>
   </div>
   <div class='ocr_carea' id='block_1_92' title="bbox 199 5762 1800 5836">
    <p class='ocr_par' dir='ltr' id='par_1_92' title="bbox 199 5762 1800 5836">
     <span class='ocr_line' id='line_1_93' title="bbox 199 5762 1800 5836; baseline -0.002 -14"><span class='ocrx_word' id='word_1_689' title='bbox 199 5774 400 5822; x_wconf 60' lang='lat' dir='ltr'><strong>caetera</strong></span> <span class='ocrx_word' id='word_1_690' title='bbox 435 5764 551 5819; x_wconf 66' lang='lat' dir='ltr'><strong>haec</strong></span> <span class='ocrx_word' id='word_1_691' title='bbox 574 5765 735 5819; x_wconf 88' lang='lat' dir='ltr'><strong>habet</strong></span> <span class='ocrx_word' id='word_1_692' title='bbox 770 5780 785 5815; x_wconf 88' lang='lat'><strong>:</strong></span> <span class='ocrx_word' id='word_1_693' title='bbox 821 5762 963 5836; x_wconf 87' lang='lat' dir='ltr'><strong>Ergo</strong></span> <span class='ocrx_word' id='word_1_694' title='bbox 994 5779 1135 5819; x_wconf 70' lang='grc' dir='ltr'><strong>ΑικΑ</strong></span> <span class='ocrx_word' id='word_1_695' title='bbox 1166 5780 1267 5817; x_wconf 83' lang='grc' dir='ltr'><strong>ηοη</strong></span> <span class='ocrx_word' id='word_1_696' title='bbox 1298 5762 1468 5818; x_wconf 83' lang='lat' dir='ltr'><strong>solum</strong></span> <span class='ocrx_word' id='word_1_697' title='bbox 1497 5762 1697 5834; x_wconf 87' lang='lat' dir='ltr'><strong>puella,</strong></span> <span class='ocrx_word' id='word_1_698' title='bbox 1720 5762 1800 5818; x_wconf 73' lang='lat' dir='ltr'><strong>vel</strong></span> 
     </span>
    </p>
   </div>
   <div class='ocr_carea' id='block_1_93' title="bbox 200 5836 1799 5903">
    <p class='ocr_par' dir='ltr' id='par_1_93' title="bbox 200 5836 1799 5903">
     <span class='ocr_line' id='line_1_94' title="bbox 200 5836 1799 5903; baseline -0.003 -10"><span class='ocrx_word' id='word_1_699' title='bbox 200 5854 381 5901; x_wconf 75' lang='lat' dir='ltr'><strong>VIBGU,</strong></span> <span class='ocrx_word' id='word_1_700' title='bbox 412 5838 502 5891; x_wconf 84' lang='lat' dir='ltr'><strong>sed</strong></span> <span class='ocrx_word' id='word_1_701' title='bbox 529 5853 645 5891; x_wconf 88' lang='lat' dir='ltr'><strong>cum</strong></span> <span class='ocrx_word' id='word_1_702' title='bbox 676 5837 927 5900; x_wconf 81' lang='grc' dir='ltr'><strong>ἐπιτάσει,</strong></span> <span class='ocrx_word' id='word_1_703' title='bbox 959 5837 1098 5903; x_wconf 79' lang='lat' dir='ltr'><strong>t&#39;irgo</strong></span> <span class='ocrx_word' id='word_1_704' title='bbox 1127 5851 1452 5891; x_wconf 75' lang='lat' dir='ltr'><strong>ABSCONDITA</strong></span> <span class='ocrx_word' id='word_1_705' title='bbox 1480 5836 1670 5889; x_wconf 86' lang='lat' dir='ltr'><strong>dicitur</strong></span> <span class='ocrx_word' id='word_1_706' title='bbox 1721 5836 1799 5889; x_wconf 80' lang='lat' dir='ltr'><strong>vel</strong></span> 
     </span>
    </p>
   </div>
   <div class='ocr_carea' id='block_1_94' title="bbox 198 5906 1794 5981">
    <p class='ocr_par' dir='ltr' id='par_1_94' title="bbox 198 5906 1794 5981">
     <span class='ocr_line' id='line_1_95' title="bbox 198 5906 1794 5981; baseline -0.005 -14"><span class='ocrx_word' id='word_1_707' title='bbox 198 5923 466 5976; x_wconf 67' lang='lat' dir='ltr'><strong>Sicut-su,</strong></span> <span class='ocrx_word' id='word_1_708' title='bbox 498 5924 615 5979; x_wconf 78' lang='lat' dir='ltr'><strong>qua:</strong></span> <span class='ocrx_word' id='word_1_709' title='bbox 642 5924 921 5979; x_wconf 87' lang='lat' dir='ltr'><strong>numquam</strong></span> <span class='ocrx_word' id='word_1_710' title='bbox 952 5907 1181 5961; x_wconf 78' lang='lat' dir='ltr'><strong>virorum</strong></span> <span class='ocrx_word' id='word_1_711' title='bbox 1210 5906 1433 5980; x_wconf 82' lang='lat' dir='ltr'><strong>patuerit</strong></span> <span class='ocrx_word' id='word_1_712' title='bbox 1487 5906 1794 5981; x_wconf 80' lang='lat' dir='ltr'><strong>aspectibus.</strong></span> 
     </span>
    </p>
   </div>
   <div class='ocr_carea' id='block_1_95' title="bbox 772 6000 1282 6063">
    <p class='ocr_par' dir='ltr' id='par_1_95' title="bbox 772 6000 1282 6063">
     <span class='ocr_line' id='line_1_96' title="bbox 772 6000 1282 6063; baseline -0.006 0"><span class='ocrx_word' id='word_1_713' title='bbox 772 6002 1045 6063; x_wconf 77' lang='lat' dir='ltr'><strong>PATROL.</strong></span> <span class='ocrx_word' id='word_1_714' title='bbox 1129 6000 1282 6063; x_wconf 84' lang='lat' dir='ltr'><strong>XX.</strong></span> 
     </span>
    </p>
   </div>
   <div class='ocr_carea' id='block_1_96' title="bbox 1926 3357 3524 3447">
    <p class='ocr_par' dir='ltr' id='par_1_96' title="bbox 1926 3357 3524 3447">
     <span class='ocr_line' id='line_1_97' title="bbox 1926 3357 3524 3447; baseline 0.018 -37"><span class='ocrx_word' id='word_1_715' title='bbox 1926 3359 2026 3447; x_wconf 73' lang='lat' dir='ltr'><strong>lib.</strong></span> <span class='ocrx_word' id='word_1_716' title='bbox 2062 3374 2079 3412; x_wconf 85' lang='grc' dir='ltr'><strong>ι</strong></span> <span class='ocrx_word' id='word_1_717' title='bbox 2110 3368 2328 3447; x_wconf 53' lang='lat' dir='ltr'><strong>contra</strong></span> <span class='ocrx_word' id='word_1_718' title='bbox 2369 3357 2750 3443; x_wconf 35' lang='lat' dir='ltr'><strong>_Jov.ini.anum.</strong></span> <span class='ocrx_word' id='word_1_719' title='bbox 2775 3358 2916 3447; x_wconf 76' lang='lat' dir='ltr'><strong>hanc</strong></span> <span class='ocrx_word' id='word_1_720' title='bbox 2962 3357 3205 3447; x_wconf 68' lang='lat' dir='ltr'><strong>ejusdem</strong></span> <span class='ocrx_word' id='word_1_721' title='bbox 3264 3357 3524 3447; x_wconf 37' lang='lat' dir='ltr'><strong>ptiopti&#39;tlivt</strong></span> 
     </span>
    </p>
   </div>
   <div class='ocr_carea' id='block_1_97' title="bbox 1925 3427 3521 3518">
    <p class='ocr_par' dir='ltr' id='par_1_97' title="bbox 1925 3427 3521 3518">
     <span class='ocr_line' id='line_1_98' title="bbox 1925 3427 3521 3518; baseline 0.007 -34"><span class='ocrx_word' id='word_1_722' title='bbox 1925 3430 2243 3518; x_wconf 45' lang='lat' dir='ltr'><strong>ha&#39;resimIi</strong></span> <span class='ocrx_word' id='word_1_723' title='bbox 2262 3427 2398 3513; x_wconf 50' lang='lat' dir='ltr'><strong>Dicit</strong></span> <span class='ocrx_word' id='word_1_724' title='bbox 2430 3430 2674 3518; x_wconf 60' lang='lat' dir='ltr'><strong>uirgines,</strong></span> <span class='ocrx_word' id='word_1_725' title='bbox 2702 3432 2886 3516; x_wconf 76' lang='lat' dir='ltr'><strong>viduas</strong></span> <span class='ocrx_word' id='word_1_726' title='bbox 2917 3446 2965 3488; x_wconf 90' lang='lat' dir='ltr'><strong>et</strong></span> <span class='ocrx_word' id='word_1_727' title='bbox 2988 3427 3285 3518; x_wconf 56' lang='lat' dir='ltr'><strong>maritatas:</strong></span> <span class='ocrx_word' id='word_1_728' title='bbox 3441 3427 3521 3509; x_wconf 59' lang='grc' dir='ltr'><strong>ξ’έί</strong></span> 
     </span>
    </p>
   </div>
   <div class='ocr_carea' id='block_1_98' title="bbox 1922 3499 3518 3585">
    <p class='ocr_par' dir='ltr' id='par_1_98' title="bbox 1922 3499 3518 3585">
     <span class='ocr_line' id='line_1_99' title="bbox 1922 3499 3518 3585; baseline 0.009 -31"><span class='ocrx_word' id='word_1_729' title='bbox 1922 3500 2123 3585; x_wconf 86' lang='lat' dir='ltr'><strong>mel</strong></span> <span class='ocrx_word' id='word_1_730' title='bbox 2182 3499 2387 3585; x_wconf 72' lang='lat' dir='ltr'><strong>Christo</strong></span> <span class='ocrx_word' id='word_1_731' title='bbox 2436 3502 2555 3556; x_wconf 75' lang='lat' dir='ltr'><strong>lota:</strong></span> <span class='ocrx_word' id='word_1_732' title='bbox 2597 3506 2821 3585; x_wconf 72' lang='lat' dir='ltr'><strong>sunt,_si</strong></span> <span class='ocrx_word' id='word_1_733' title='bbox 2851 3522 2957 3585; x_wconf 69' lang='lat' dir='ltr'><strong>non</strong></span> <span class='ocrx_word' id='word_1_734' title='bbox 3002 3499 3518 3585; x_wconf 10' lang='lat' dir='ltr'><strong>discrepantiam};</strong></span> 
     </span>
    </p>
   </div>
   <div class='ocr_carea' id='block_1_99' title="bbox 1922 3572 3517 3656">
    <p class='ocr_par' dir='ltr' id='par_1_99' title="bbox 1922 3572 3517 3656">
     <span class='ocr_line' id='line_1_100' title="bbox 1922 3572 3517 3656; baseline 0.019 -35"><span class='ocrx_word' id='word_1_735' title='bbox 1922 3572 2455 3656; x_wconf 52' lang='lat' dir='ltr'><strong>aperibus,_rjus_dent</strong></span> <span class='ocrx_word' id='word_1_736' title='bbox 2481 3590 2591 3656; x_wconf 73' lang='lat' dir='ltr'><strong>esse</strong></span> <span class='ocrx_word' id='word_1_737' title='bbox 2618 3577 2811 3656; x_wconf 81' lang='lat' dir='ltr'><strong>meriti.</strong></span> <span class='ocrx_word' id='word_1_738' title='bbox 2856 3572 3182 3656; x_wconf 58' lang='lat' dir='ltr'><strong>Gennadius</strong></span> <span class='ocrx_word' id='word_1_739' title='bbox 3226 3572 3517 3652; x_wconf 39' lang='lat' dir='ltr'><strong>Massill&#39;i&#39;n</strong></span> 
     </span>
    </p>
   </div>
   <div class='ocr_carea' id='block_1_100' title="bbox 1921 3644 3520 3722">
    <p class='ocr_par' dir='ltr' id='par_1_100' title="bbox 1921 3644 3520 3722">
     <span class='ocr_line' id='line_1_101' title="bbox 1921 3644 3520 3722; baseline 0.007 -24"><span class='ocrx_word' id='word_1_740' title='bbox 1921 3644 2159 3722; x_wconf 78' lang='lat' dir='ltr'><strong>Proless.</strong></span> <span class='ocrx_word' id='word_1_741' title='bbox 2197 3644 2374 3722; x_wconf 64' lang='lat' dir='ltr'><strong>ridet.</strong></span> <span class='ocrx_word' id='word_1_742' title='bbox 2410 3662 2529 3716; x_wconf 58' lang='lat' dir='ltr'><strong>qu.»</strong></span> <span class='ocrx_word' id='word_1_743' title='bbox 2559 3645 2610 3700; x_wconf 93' lang='lat' dir='ltr'><strong>in</strong></span> <span class='ocrx_word' id='word_1_744' title='bbox 2642 3648 2895 3722; x_wconf 73' lang='lat' dir='ltr'><strong>Appetid.</strong></span> <span class='ocrx_word' id='word_1_745' title='bbox 2931 3651 2996 3704; x_wconf 92' lang='lat' dir='ltr'><strong>ad</strong></span> <span class='ocrx_word' id='word_1_746' title='bbox 3046 3664 3177 3709; x_wconf 91' lang='lat' dir='ltr'><strong>tom.</strong></span> <span class='ocrx_word' id='word_1_747' title='bbox 3211 3656 3281 3713; x_wconf 82' lang='grc' dir='ltr'><strong>ιιι</strong></span> <span class='ocrx_word' id='word_1_748' title='bbox 3314 3644 3520 3722; x_wconf 62' lang='grc' dir='ltr'><strong>δίἈίιζ</strong></span> 
     </span>
    </p>
   </div>
   <div class='ocr_carea' id='block_1_101' title="bbox 1919 3717 3518 3795">
    <p class='ocr_par' dir='ltr' id='par_1_101' title="bbox 1919 3717 3518 3795">
     <span class='ocr_line' id='line_1_102' title="bbox 1919 3717 3518 3795; baseline 0.016 -26"><span class='ocrx_word' id='word_1_749' title='bbox 1919 3718 2122 3795; x_wconf 62' lang='lat' dir='ltr'><strong>gttstitii</strong></span> <span class='ocrx_word' id='word_1_750' title='bbox 2154 3717 2299 3795; x_wconf 78' lang='lat' dir='ltr'><strong>edita</strong></span> <span class='ocrx_word' id='word_1_751' title='bbox 2335 3730 2451 3795; x_wconf 74' lang='lat' dir='ltr'><strong>est,</strong></span> <span class='ocrx_word' id='word_1_752' title='bbox 2500 3734 2649 3795; x_wconf 78' lang='lat' dir='ltr'><strong>uuln.</strong></span> <span class='ocrx_word' id='word_1_753' title='bbox 2685 3718 2774 3783; x_wconf 82' lang='grc'><strong>68,</strong></span> <span class='ocrx_word' id='word_1_754' title='bbox 2811 3722 3014 3776; x_wconf 84' lang='lat' dir='ltr'><strong>similia</strong></span> <span class='ocrx_word' id='word_1_755' title='bbox 3046 3724 3204 3782; x_wconf 85' lang='lat' dir='ltr'><strong>habet</strong></span> <span class='ocrx_word' id='word_1_756' title='bbox 3240 3747 3253 3783; x_wconf 88' lang='lat'><strong>:</strong></span> <span class='ocrx_word' id='word_1_757' title='bbox 3283 3717 3518 3795; x_wconf 62' lang='lat' dir='ltr'><strong>Sacrata:</strong></span> 
     </span>
    </p>
   </div>
   <div class='ocr_carea' id='block_1_102' title="bbox 1919 3787 3519 3868">
    <p class='ocr_par' dir='ltr' id='par_1_102' title="bbox 1919 3787 3519 3868">
     <span class='ocr_line' id='line_1_103' title="bbox 1919 3787 3519 3868; baseline 0.014 -26"><span class='ocrx_word' id='word_1_758' title='bbox 1919 3787 2033 3843; x_wconf 88' lang='lat' dir='ltr'><strong>Deo</strong></span> <span class='ocrx_word' id='word_1_759' title='bbox 2050 3788 2345 3868; x_wconf 51' lang='lat' dir='ltr'><strong>uirginitati</strong></span> <span class='ocrx_word' id='word_1_760' title='bbox 2369 3791 2577 3868; x_wconf 81' lang='lat' dir='ltr'><strong>nuptias</strong></span> <span class='ocrx_word' id='word_1_761' title='bbox 2605 3806 2894 3868; x_wconf 50' lang='lat' dir='ltr'><strong>coaequare,</strong></span> <span class='ocrx_word' id='word_1_762' title='bbox 2919 3803 3009 3868; x_wconf 86' lang='lat' dir='ltr'><strong>aut</strong></span> <span class='ocrx_word' id='word_1_763' title='bbox 3039 3815 3134 3868; x_wconf 83' lang='lat' dir='ltr'><strong>pro</strong></span> <span class='ocrx_word' id='word_1_764' title='bbox 3160 3818 3335 3857; x_wconf 86' lang='lat' dir='ltr'><strong>amore</strong></span> 
     </span>
    </p>
   </div>
   <div class='ocr_carea' id='block_1_103' title="bbox 1919 3861 3521 3945">
    <p class='ocr_par' dir='ltr' id='par_1_103' title="bbox 1919 3861 3521 3945">
     <span class='ocr_line' id='line_1_104' title="bbox 1919 3861 3521 3945; baseline 0.011 -32"><span class='ocrx_word' id='word_1_765' title='bbox 1919 3861 2078 3945; x_wconf 66' lang='lat' dir='ltr'><strong>gandi</strong></span> <span class='ocrx_word' id='word_1_766' title='bbox 2123 3861 2357 3943; x_wconf 79' lang='lat' dir='ltr'><strong>corporis</strong></span> <span class='ocrx_word' id='word_1_767' title='bbox 2407 3861 2785 3918; x_wconf 84' lang='lat' dir='ltr'><strong>abstinentibus</strong></span> <span class='ocrx_word' id='word_1_768' title='bbox 2824 3881 2856 3945; x_wconf 65' lang='grc' dir='ltr'><em>ᾳ</em></span> <span class='ocrx_word' id='word_1_769' title='bbox 2886 3861 3521 3945; x_wconf 23' lang='lat' dir='ltr'><strong>vinnojielcarnibusfnil</strong></span> 
     </span>
    </p>
   </div>
   <div class='ocr_carea' id='block_1_104' title="bbox 1918 3932 3519 4011">
    <p class='ocr_par' dir='ltr' id='par_1_104' title="bbox 1918 3932 3519 4011">
     <span class='ocr_line' id='line_1_105' title="bbox 1918 3932 3519 4011; baseline 0.009 -28"><span class='ocrx_word' id='word_1_770' title='bbox 1918 3933 2127 4011; x_wconf 74' lang='lat' dir='ltr'><strong>credere</strong></span> <span class='ocrx_word' id='word_1_771' title='bbox 2156 3932 2328 3987; x_wconf 85' lang='lat' dir='ltr'><strong>meriti</strong></span> <span class='ocrx_word' id='word_1_772' title='bbox 2358 3947 2667 4000; x_wconf 85' lang='lat' dir='ltr'><strong>accrescere,</strong></span> <span class='ocrx_word' id='word_1_773' title='bbox 2702 3952 2805 3990; x_wconf 90' lang='lat' dir='ltr'><strong>non</strong></span> <span class='ocrx_word' id='word_1_774' title='bbox 2834 3937 2927 3989; x_wconf 80' lang='lat' dir='ltr'><strong>hoc</strong></span> <span class='ocrx_word' id='word_1_775' title='bbox 2950 3935 3255 4011; x_wconf 84' lang='lat' dir='ltr'><strong>Christiani,</strong></span> <span class='ocrx_word' id='word_1_776' title='bbox 3289 3932 3519 4008; x_wconf 45' lang='grc' dir='ltr'><strong>θαίᾚᾶ</strong></span> 
     </span>
    </p>
   </div>
   <div class='ocr_carea' id='block_1_105' title="bbox 1916 4004 2235 4056">
    <p class='ocr_par' dir='ltr' id='par_1_105' title="bbox 1916 4004 2235 4056">
     <span class='ocr_line' id='line_1_106' title="bbox 1916 4004 2235 4056; baseline 0.003 -1"><span class='ocrx_word' id='word_1_777' title='bbox 1916 4004 2116 4056; x_wconf 84' lang='lat' dir='ltr'><strong>viniani</strong></span> <span class='ocrx_word' id='word_1_778' title='bbox 2143 4013 2235 4056; x_wconf 89' lang='lat' dir='ltr'><strong>est.</strong></span> 
     </span>
    </p>
   </div>
   <div class='ocr_carea' id='block_1_106' title="bbox 1990 4073 3517 4150">
    <p class='ocr_par' dir='ltr' id='par_1_106' title="bbox 1990 4073 3517 4150">
     <span class='ocr_line' id='line_1_107' title="bbox 1990 4073 3517 4150; baseline 0.016 -24"><span class='ocrx_word' id='word_1_779' title='bbox 1990 4073 2011 4104; x_wconf 85' lang='grc'>³</span> <span class='ocrx_word' id='word_1_780' title='bbox 2042 4073 2807 4150; x_wconf 73' lang='lat' dir='ltr'><strong>EgregiamDisquisitionem</strong></span> <span class='ocrx_word' id='word_1_781' title='bbox 2847 4079 2917 4134; x_wconf 92' lang='lat' dir='ltr'><strong>de</strong></span> <span class='ocrx_word' id='word_1_782' title='bbox 2954 4092 3198 4141; x_wconf 90' lang='lat' dir='ltr'><strong>veterum</strong></span> <span class='ocrx_word' id='word_1_783' title='bbox 3249 4088 3517 4150; x_wconf 77' lang='lat' dir='ltr'><strong>Christia-</strong></span> 
     </span>
    </p>
   </div>
   <div class='ocr_carea' id='block_1_107' title="bbox 1919 4144 3518 4220">
    <p class='ocr_par' dir='ltr' id='par_1_107' title="bbox 1919 4144 3518 4220">
     <span class='ocr_line' id='line_1_108' title="bbox 1919 4144 3518 4220; baseline 0.006 -20"><span class='ocrx_word' id='word_1_784' title='bbox 1919 4160 2112 4220; x_wconf 79' lang='lat' dir='ltr'><strong>norum</strong></span> <span class='ocrx_word' id='word_1_785' title='bbox 2144 4144 2375 4220; x_wconf 77' lang='lat' dir='ltr'><strong>Jejuniis</strong></span> <span class='ocrx_word' id='word_1_786' title='bbox 2407 4145 2530 4220; x_wconf 70' lang='lat' dir='ltr'><strong>vide</strong></span> <span class='ocrx_word' id='word_1_787' title='bbox 2563 4146 2702 4215; x_wconf 86' lang='lat' dir='ltr'><strong>apud</strong></span> <span class='ocrx_word' id='word_1_788' title='bbox 2737 4163 2785 4202; x_wconf 90' lang='lat' dir='ltr'><strong>c.</strong></span> <span class='ocrx_word' id='word_1_789' title='bbox 2825 4164 2872 4202; x_wconf 88' lang='lat' dir='ltr'><strong>v.</strong></span> <span class='ocrx_word' id='word_1_790' title='bbox 2904 4150 3289 4214; x_wconf 79' lang='lat' dir='ltr'><strong>Cabassutium</strong></span> <span class='ocrx_word' id='word_1_791' title='bbox 3323 4144 3377 4216; x_wconf 78' lang='lat' dir='ltr'><strong>in</strong></span> 
     </span>
    </p>
   </div>
   <div class='ocr_carea' id='block_1_108' title="bbox 1920 4215 3513 4293">
    <p class='ocr_par' dir='ltr' id='par_1_108' title="bbox 1920 4215 3513 4293">
     <span class='ocr_line' id='line_1_109' title="bbox 1920 4215 3513 4293; baseline 0.016 -25"><span class='ocrx_word' id='word_1_792' title='bbox 1920 4216 2003 4293; x_wconf 78' lang='lat' dir='ltr'><strong>tit.</strong></span> <span class='ocrx_word' id='word_1_793' title='bbox 2030 4232 2157 4270; x_wconf 60' lang='lat' dir='ltr'><strong>saec.</strong></span> <span class='ocrx_word' id='word_1_794' title='bbox 2187 4232 2243 4270; x_wconf 88' lang='lat' dir='ltr'><strong>ll.</strong></span> <span class='ocrx_word' id='word_1_795' title='bbox 2264 4215 2472 4293; x_wconf 78' lang='lat' dir='ltr'><strong>Jejunii</strong></span> <span class='ocrx_word' id='word_1_796' title='bbox 2491 4228 2672 4270; x_wconf 84' lang='lat' dir='ltr'><strong>autent</strong></span> <span class='ocrx_word' id='word_1_797' title='bbox 2701 4234 2824 4273; x_wconf 90' lang='lat' dir='ltr'><strong>vera</strong></span> <span class='ocrx_word' id='word_1_798' title='bbox 2849 4224 2993 4277; x_wconf 89' lang='lat' dir='ltr'><strong>ratio</strong></span> <span class='ocrx_word' id='word_1_799' title='bbox 3020 4240 3126 4280; x_wconf 92' lang='lat' dir='ltr'><strong>non</strong></span> <span class='ocrx_word' id='word_1_800' title='bbox 3159 4231 3210 4283; x_wconf 85' lang='lat' dir='ltr'><strong>iii</strong></span> <span class='ocrx_word' id='word_1_801' title='bbox 3241 4246 3307 4284; x_wconf 90' lang='lat' dir='ltr'><strong>eo</strong></span> <span class='ocrx_word' id='word_1_802' title='bbox 3332 4215 3513 4293; x_wconf 76' lang='lat' dir='ltr'><strong>solum</strong></span> 
     </span>
    </p>
   </div>
   <div class='ocr_carea' id='block_1_109' title="bbox 1917 4288 3514 4364">
    <p class='ocr_par' dir='ltr' id='par_1_109' title="bbox 1917 4288 3514 4364">
     <span class='ocr_line' id='line_1_110' title="bbox 1917 4288 3514 4364; baseline 0.016 -26"><span class='ocrx_word' id='word_1_803' title='bbox 1917 4290 2019 4343; x_wconf 89' lang='lat' dir='ltr'><strong>sita</strong></span> <span class='ocrx_word' id='word_1_804' title='bbox 2053 4297 2275 4364; x_wconf 82' lang='lat' dir='ltr'><strong>cr_at,_ut</strong></span> <span class='ocrx_word' id='word_1_805' title='bbox 2307 4304 2335 4340; x_wconf 91' lang='lat' dir='ltr'><strong>a</strong></span> <span class='ocrx_word' id='word_1_806' title='bbox 2368 4288 2506 4341; x_wconf 86' lang='lat' dir='ltr'><strong>cibis</strong></span> <span class='ocrx_word' id='word_1_807' title='bbox 2562 4297 2618 4342; x_wconf 90' lang='lat' dir='ltr'><strong>et</strong></span> <span class='ocrx_word' id='word_1_808' title='bbox 2658 4294 3149 4364; x_wconf 80' lang='lat' dir='ltr'><strong>coniessationibus</strong></span> <span class='ocrx_word' id='word_1_809' title='bbox 3202 4288 3514 4364; x_wconf 72' lang='lat' dir='ltr'><strong>Christiana</strong></span> 
     </span>
    </p>
   </div>
   <div class='ocr_carea' id='block_1_110' title="bbox 1914 4360 3519 4451">
    <p class='ocr_par' dir='ltr' id='par_1_110' title="bbox 1914 4360 3519 4451">
     <span class='ocr_line' id='line_1_111' title="bbox 1914 4360 3519 4451; baseline 0.013 -39"><span class='ocrx_word' id='word_1_810' title='bbox 1914 4375 2047 4451; x_wconf 68' lang='lat' dir='ltr'><strong>gens</strong></span> <span class='ocrx_word' id='word_1_811' title='bbox 2067 4360 2402 4451; x_wconf 58' lang='lat' dir='ltr'><strong>abstiiieret;</strong></span> <span class='ocrx_word' id='word_1_812' title='bbox 2428 4360 2839 4451; x_wconf 49' lang='lat' dir='ltr'><strong>veru‘nictiain,</strong></span> <span class='ocrx_word' id='word_1_813' title='bbox 2869 4375 2926 4417; x_wconf 92' lang='lat' dir='ltr'><strong>ut</strong></span> <span class='ocrx_word' id='word_1_814' title='bbox 2971 4382 3031 4421; x_wconf 82' lang='lat' dir='ltr'><strong>se</strong></span> <span class='ocrx_word' id='word_1_815' title='bbox 3064 4370 3291 4451; x_wconf 81' lang='lat' dir='ltr'><strong>reliquis</strong></span> <span class='ocrx_word' id='word_1_816' title='bbox 3324 4360 3519 4451; x_wconf 66' lang='lat' dir='ltr'><strong>volup:</strong></span> 
     </span>
    </p>
   </div>
   <div class='ocr_carea' id='block_1_111' title="bbox 1918 4430 3515 4507">
    <p class='ocr_par' dir='ltr' id='par_1_111' title="bbox 1918 4430 3515 4507">
     <span class='ocr_line' id='line_1_112' title="bbox 1918 4430 3515 4507; baseline 0.006 -22"><span class='ocrx_word' id='word_1_817' title='bbox 1918 4432 2119 4485; x_wconf 89' lang='lat' dir='ltr'><strong>tatibus</strong></span> <span class='ocrx_word' id='word_1_818' title='bbox 2150 4430 2504 4507; x_wconf 82' lang='lat' dir='ltr'><strong>subduceret.</strong></span> <span class='ocrx_word' id='word_1_819' title='bbox 2537 4431 2639 4507; x_wconf 80' lang='lat' dir='ltr'><strong>Qui</strong></span> <span class='ocrx_word' id='word_1_820' title='bbox 2685 4434 2807 4498; x_wconf 86' lang='lat' dir='ltr'><strong>pius</strong></span> <span class='ocrx_word' id='word_1_821' title='bbox 2854 4450 2974 4490; x_wconf 84' lang='lat' dir='ltr'><strong>nios</strong></span> <span class='ocrx_word' id='word_1_822' title='bbox 3000 4440 3143 4507; x_wconf 91' lang='lat' dir='ltr'><strong>apud</strong></span> <span class='ocrx_word' id='word_1_823' title='bbox 3176 4430 3515 4506; x_wconf 42' lang='lat' dir='ltr'><strong>vetet-calta.</strong></span> 
     </span>
    </p>
   </div>
   <div class='ocr_carea' id='block_1_112' title="bbox 1919 4503 3516 4589">
    <p class='ocr_par' dir='ltr' id='par_1_112' title="bbox 1919 4503 3516 4589">
     <span class='ocr_line' id='line_1_113' title="bbox 1919 4503 3516 4589; baseline 0.012 -34"><span class='ocrx_word' id='word_1_824' title='bbox 1919 4514 2191 4589; x_wconf 53' lang='lat' dir='ltr'><strong>tres.n0n</strong></span> <span class='ocrx_word' id='word_1_825' title='bbox 2242 4503 2741 4589; x_wconf 43' lang='lat' dir='ltr'><strong>rara-descriptus</strong></span> <span class='ocrx_word' id='word_1_826' title='bbox 2795 4503 3086 4589; x_wconf 69' lang='lat' dir='ltr'><strong>reperitur,</strong></span> <span class='ocrx_word' id='word_1_827' title='bbox 3120 4524 3173 4589; x_wconf 73' lang='lat' dir='ltr'><strong>et</strong></span> <span class='ocrx_word' id='word_1_828' title='bbox 3234 4503 3516 4589; x_wconf 65' lang='lat' dir='ltr'><strong>praecipue</strong></span> 
     </span>
    </p>
   </div>
   <div class='ocr_carea' id='block_1_113' title="bbox 1914 4573 3517 4657">
    <p class='ocr_par' dir='ltr' id='par_1_113' title="bbox 1914 4573 3517 4657">
     <span class='ocr_line' id='line_1_114' title="bbox 1914 4573 3517 4657; baseline 0.007 -32"><span class='ocrx_word' id='word_1_829' title='bbox 1914 4573 2058 4643; x_wconf 91' lang='lat' dir='ltr'><strong>apud</strong></span> <span class='ocrx_word' id='word_1_830' title='bbox 2084 4584 2329 4657; x_wconf 65' lang='lat' dir='ltr'><strong>sanctum</strong></span> <span class='ocrx_word' id='word_1_831' title='bbox 2360 4573 2672 4657; x_wconf 67' lang='lat' dir='ltr'><strong>maximum,</strong></span> <span class='ocrx_word' id='word_1_832' title='bbox 2797 4573 3338 4657; x_wconf 13' lang='lat' dir='ltr'><strong>Leonet_ii,raliosque</strong></span> <span class='ocrx_word' id='word_1_833' title='bbox 3367 4573 3517 4649; x_wconf 23' lang='lat' dir='ltr'><strong>vet-(&#39;3&#39;.</strong></span> 
     </span>
    </p>
   </div>
   <div class='ocr_carea' id='block_1_114' title="bbox 1916 4645 3509 4722">
    <p class='ocr_par' dir='ltr' id='par_1_114' title="bbox 1916 4645 3509 4722">
     <span class='ocr_line' id='line_1_115' title="bbox 1916 4645 3509 4722; baseline 0.009 -23"><span class='ocrx_word' id='word_1_834' title='bbox 1916 4657 2256 4722; x_wconf 28' lang='lat' dir='ltr'><strong>I&#39;es‘palres.</strong></span> <span class='ocrx_word' id='word_1_835' title='bbox 2290 4645 2364 4722; x_wconf 84' lang='lat' dir='ltr'><strong>De</strong></span> <span class='ocrx_word' id='word_1_836' title='bbox 2408 4645 2639 4722; x_wconf 71' lang='lat' dir='ltr'><strong>Jej_uni_is</strong></span> <span class='ocrx_word' id='word_1_837' title='bbox 2696 4645 3164 4717; x_wconf 43' lang='lat' dir='ltr'><strong>elegantissin&#39;ium</strong></span> <span class='ocrx_word' id='word_1_838' title='bbox 3219 4645 3509 4722; x_wconf 56' lang='lat' dir='ltr'><strong>tractatui&quot;</strong></span> 
     </span>
    </p>
   </div>
   <div class='ocr_carea' id='block_1_115' title="bbox 1834 4702 3512 4793">
    <p class='ocr_par' dir='ltr' id='par_1_115' title="bbox 1834 4702 3512 4793">
     <span class='ocr_line' id='line_1_116' title="bbox 1834 4702 3512 4793; baseline -0.037 -30"><span class='ocrx_word' id='word_1_839' title='bbox 1834 4702 1888 4762; x_wconf 90' lang='lat' dir='ltr'><strong>D</strong></span> <span class='ocrx_word' id='word_1_840' title='bbox 1914 4702 2450 4793; x_wconf 28' lang='lat' dir='ltr'><strong>ediili&#39;t‘clarissimus</strong></span> <span class='ocrx_word' id='word_1_841' title='bbox 2470 4702 2539 4793; x_wconf 49' lang='lat' dir='ltr'><strong>&#39;P.</strong></span> <span class='ocrx_word' id='word_1_842' title='bbox 2575 4702 3164 4793; x_wconf 28' lang='lat' dir='ltr'><strong>&#39;[honia‘ssmusl—Vide</strong></span> 
     </span>
    </p>
   </div>
   <div class='ocr_carea' id='block_1_116' title="bbox 1913 4787 3511 4869">
    <p class='ocr_par' dir='ltr' id='par_1_116' title="bbox 1913 4787 3511 4869">
     <span class='ocr_line' id='line_1_117' title="bbox 1913 4787 3511 4869; baseline 0.014 -28"><span class='ocrx_word' id='word_1_843' title='bbox 1913 4789 2260 4861; x_wconf 88' lang='lat' dir='ltr'><strong>quisitionem</strong></span> <span class='ocrx_word' id='word_1_844' title='bbox 2293 4805 2468 4869; x_wconf 71' lang='lat' dir='ltr'><strong>meatu</strong></span> <span class='ocrx_word' id='word_1_845' title='bbox 2494 4788 2559 4843; x_wconf 84' lang='lat' dir='ltr'><strong>de</strong></span> <span class='ocrx_word' id='word_1_846' title='bbox 2582 4787 3003 4869; x_wconf 28' lang='lat' dir='ltr'><strong>{ejuniis‘trium</strong></span> <span class='ocrx_word' id='word_1_847' title='bbox 3029 4809 3077 4851; x_wconf 81' lang='lat' dir='ltr'><strong>et</strong></span> <span class='ocrx_word' id='word_1_848' title='bbox 3102 4811 3327 4869; x_wconf 84' lang='lat' dir='ltr'><strong>quatuor</strong></span> <span class='ocrx_word' id='word_1_849' title='bbox 3357 4787 3511 4864; x_wconf 69' lang='lat' dir='ltr'><strong>Teiu-</strong></span> 
     </span>
    </p>
   </div>
   <div class='ocr_carea' id='block_1_117' title="bbox 1913 4862 3515 4944">
    <p class='ocr_par' dir='ltr' id='par_1_117' title="bbox 1913 4862 3515 4944">
     <span class='ocr_line' id='line_1_118' title="bbox 1913 4862 3515 4944; baseline 0.016 -31"><span class='ocrx_word' id='word_1_850' title='bbox 1913 4878 2120 4944; x_wconf 80' lang='lat' dir='ltr'><strong>parum,</strong></span> <span class='ocrx_word' id='word_1_851' title='bbox 2147 4876 2310 4932; x_wconf 91' lang='lat' dir='ltr'><strong>quam</strong></span> <span class='ocrx_word' id='word_1_852' title='bbox 2336 4873 2394 4917; x_wconf 92' lang='lat' dir='ltr'><strong>ut</strong></span> <span class='ocrx_word' id='word_1_853' title='bbox 2427 4862 2571 4917; x_wconf 89' lang='lat' dir='ltr'><strong>hunc</strong></span> <span class='ocrx_word' id='word_1_854' title='bbox 2595 4862 2771 4918; x_wconf 90' lang='lat' dir='ltr'><strong>locum</strong></span> <span class='ocrx_word' id='word_1_855' title='bbox 2796 4862 3128 4925; x_wconf 80' lang='lat' dir='ltr'><strong>illustrareni</strong></span> <span class='ocrx_word' id='word_1_856' title='bbox 3160 4872 3212 4928; x_wconf 90' lang='lat' dir='ltr'><strong>in</strong></span> <span class='ocrx_word' id='word_1_857' title='bbox 3247 4873 3351 4933; x_wconf 89' lang='lat' dir='ltr'><strong>hoc</strong></span> <span class='ocrx_word' id='word_1_858' title='bbox 3374 4862 3515 4939; x_wconf 79' lang='lat' dir='ltr'><strong>libro</strong></span> 
     </span>
    </p>
   </div>
   <div class='ocr_carea' id='block_1_118' title="bbox 1913 4948 2183 4988">
    <p class='ocr_par' dir='ltr' id='par_1_118' title="bbox 1913 4948 2183 4988">
     <span class='ocr_line' id='line_1_119' title="bbox 1913 4948 2183 4988; baseline 0 0"><span class='ocrx_word' id='word_1_859' title='bbox 1913 4948 2183 4988; x_wconf 81' lang='lat' dir='ltr'><strong>invenies.</strong></span> 
     </span>
    </p>
   </div>
   <div class='ocr_carea' id='block_1_119' title="bbox 1908 5116 3514 5194">
    <p class='ocr_par' dir='ltr' id='par_1_119' title="bbox 1908 5116 3514 5194">
     <span class='ocr_line' id='line_1_120' title="bbox 1908 5116 3514 5194; baseline 0.009 -22"><span class='ocrx_word' id='word_1_860' title='bbox 1908 5117 1967 5194; x_wconf 83' lang='lat' dir='ltr'><strong>In</strong></span> <span class='ocrx_word' id='word_1_861' title='bbox 2000 5116 2285 5171; x_wconf 82' lang='lat' dir='ltr'><strong>Hebraicis</strong></span> <span class='ocrx_word' id='word_1_862' title='bbox 2336 5116 2647 5194; x_wconf 59' lang='lat' dir='ltr'><strong>nominibus</strong></span> <span class='ocrx_word' id='word_1_863' title='bbox 2698 5132 2844 5194; x_wconf 61' lang='lat' dir='ltr'><strong>saepe</strong></span> <span class='ocrx_word' id='word_1_864' title='bbox 2875 5117 3011 5194; x_wconf 80' lang='lat' dir='ltr'><strong>ludit</strong></span> <span class='ocrx_word' id='word_1_865' title='bbox 3068 5120 3410 5194; x_wconf 84' lang='lat' dir='ltr'><strong>Bachiarius,</strong></span> <span class='ocrx_word' id='word_1_866' title='bbox 3454 5140 3514 5186; x_wconf 90' lang='lat' dir='ltr'><strong>ut</strong></span> 
     </span>
    </p>
   </div>
   <div class='ocr_carea' id='block_1_120' title="bbox 1910 5189 3512 5257">
    <p class='ocr_par' dir='ltr' id='par_1_120' title="bbox 1910 5189 3512 5257">
     <span class='ocr_line' id='line_1_121' title="bbox 1910 5189 3512 5257; baseline 0.009 -15"><span class='ocrx_word' id='word_1_867' title='bbox 1910 5189 2322 5243; x_wconf 71' lang='lat' dir='ltr'><strong>obsi-rvavimus</strong></span> <span class='ocrx_word' id='word_1_868' title='bbox 2357 5189 2475 5242; x_wconf 83' lang='lat' dir='ltr'><strong>Diss</strong></span> <span class='ocrx_word' id='word_1_869' title='bbox 2529 5189 2583 5249; x_wconf 80' lang='lat'><strong>‘2,</strong></span> <span class='ocrx_word' id='word_1_870' title='bbox 2620 5198 2676 5241; x_wconf 89' lang='lat' dir='ltr'><strong>et</strong></span> <span class='ocrx_word' id='word_1_871' title='bbox 2704 5190 2898 5255; x_wconf 88' lang='lat' dir='ltr'><strong>cuique</strong></span> <span class='ocrx_word' id='word_1_872' title='bbox 2957 5192 3255 5251; x_wconf 85' lang='lat' dir='ltr'><strong>observare</strong></span> <span class='ocrx_word' id='word_1_873' title='bbox 3286 5189 3411 5255; x_wconf 85' lang='lat' dir='ltr'><strong>licet</strong></span> <span class='ocrx_word' id='word_1_874' title='bbox 3458 5201 3512 5257; x_wconf 89' lang='lat' dir='ltr'><strong>in</strong></span> 
     </span>
    </p>
   </div>
   <div class='ocr_carea' id='block_1_121' title="bbox 1909 5258 2959 5333">
    <p class='ocr_par' dir='ltr' id='par_1_121' title="bbox 1909 5258 2959 5333">
     <span class='ocr_line' id='line_1_122' title="bbox 1909 5258 2959 5333; baseline 0.002 -18"><span class='ocrx_word' id='word_1_875' title='bbox 1909 5261 2080 5333; x_wconf 79' lang='lat' dir='ltr'><strong>altero</strong></span> <span class='ocrx_word' id='word_1_876' title='bbox 2109 5260 2297 5314; x_wconf 90' lang='lat' dir='ltr'><strong>libello</strong></span> <span class='ocrx_word' id='word_1_877' title='bbox 2328 5258 2402 5333; x_wconf 81' lang='lat' dir='ltr'><strong>de</strong></span> <span class='ocrx_word' id='word_1_878' title='bbox 2434 5259 2778 5332; x_wconf 79' lang='lat' dir='ltr'><strong>Reparati&#39;one</strong></span> <span class='ocrx_word' id='word_1_879' title='bbox 2808 5263 2959 5333; x_wconf 85' lang='lat' dir='ltr'><strong>lapsi.</strong></span> 
     </span>
    </p>
   </div>
   <div class='ocr_carea' id='block_1_122' title="bbox 1986 5330 3510 5401">
    <p class='ocr_par' dir='ltr' id='par_1_122' title="bbox 1986 5330 3510 5401">
     <span class='ocr_line' id='line_1_123' title="bbox 1986 5330 3510 5401; baseline 0.005 -14"><span class='ocrx_word' id='word_1_880' title='bbox 1986 5343 2007 5372; x_wconf 76' lang='grc' dir='ltr'><strong>ε</strong></span> <span class='ocrx_word' id='word_1_881' title='bbox 2052 5331 2215 5401; x_wconf 72' lang='lat' dir='ltr'><strong>Lege,</strong></span> <span class='ocrx_word' id='word_1_882' title='bbox 2259 5330 2557 5384; x_wconf 70' lang='lat' dir='ltr'><strong>intellectui.</strong></span> <span class='ocrx_word' id='word_1_883' title='bbox 2587 5337 2713 5387; x_wconf 78' lang='grc' dir='ltr'><strong>Νοῦν</strong></span> <span class='ocrx_word' id='word_1_884' title='bbox 2767 5330 2963 5387; x_wconf 77' lang='lat' dir='ltr'><strong>vocant</strong></span> <span class='ocrx_word' id='word_1_885' title='bbox 3009 5333 3166 5391; x_wconf 88' lang='lat' dir='ltr'><strong>Philo</strong></span> <span class='ocrx_word' id='word_1_886' title='bbox 3208 5337 3429 5396; x_wconf 75' lang='lat' dir='ltr'><strong>Juda-us</strong></span> <span class='ocrx_word' id='word_1_887' title='bbox 3454 5354 3510 5400; x_wconf 78' lang='lat' dir='ltr'><strong>et</strong></span> 
     </span>
    </p>
   </div>
   <div class='ocr_carea' id='block_1_123' title="bbox 1910 5401 3510 5479">
    <p class='ocr_par' dir='ltr' id='par_1_123' title="bbox 1910 5401 3510 5479">
     <span class='ocr_line' id='line_1_124' title="bbox 1910 5401 3510 5479; baseline 0.008 -22"><span class='ocrx_word' id='word_1_888' title='bbox 1910 5404 2157 5479; x_wconf 75' lang='lat' dir='ltr'><strong>Philonis</strong></span> <span class='ocrx_word' id='word_1_889' title='bbox 2186 5401 2738 5479; x_wconf 78' lang='lat' dir='ltr'><strong>sectator_0rigenes,</strong></span> <span class='ocrx_word' id='word_1_890' title='bbox 2756 5420 3017 5479; x_wconf 2' lang='lat' dir='ltr'><strong>potiorum</strong></span> <span class='ocrx_word' id='word_1_891' title='bbox 3044 5421 3292 5479; x_wconf 77' lang='lat' dir='ltr'><strong>uterque</strong></span> <span class='ocrx_word' id='word_1_892' title='bbox 3348 5413 3510 5470; x_wconf 76' lang='lat' dir='ltr'><strong>innu-</strong></span> 
     </span>
    </p>
   </div>
   <div class='ocr_carea' id='block_1_124' title="bbox 1910 5474 3509 5552">
    <p class='ocr_par' dir='ltr' id='par_1_124' title="bbox 1910 5474 3509 5552">
     <span class='ocr_line' id='line_1_125' title="bbox 1910 5474 3509 5552; baseline 0.009 -24"><span class='ocrx_word' id='word_1_893' title='bbox 1910 5479 2078 5552; x_wconf 48' lang='lat' dir='ltr'><strong>{neris</strong></span> <span class='ocrx_word' id='word_1_894' title='bbox 2107 5475 2159 5528; x_wconf 92' lang='lat' dir='ltr'><strong>in</strong></span> <span class='ocrx_word' id='word_1_895' title='bbox 2204 5475 2338 5529; x_wconf 90' lang='lat' dir='ltr'><strong>locis</strong></span> <span class='ocrx_word' id='word_1_896' title='bbox 2382 5474 2675 5552; x_wconf 78' lang='lat' dir='ltr'><strong>allegorica</strong></span> <span class='ocrx_word' id='word_1_897' title='bbox 2734 5476 2876 5529; x_wconf 90' lang='lat' dir='ltr'><strong>illius</strong></span> <span class='ocrx_word' id='word_1_898' title='bbox 2932 5474 3509 5552; x_wconf 58' lang='lat' dir='ltr'><strong>conjugia&#39;explicat.</strong></span> 
     </span>
    </p>
   </div>
   <div class='ocr_carea' id='block_1_125' title="bbox 1909 5546 3509 5620">
    <p class='ocr_par' dir='ltr' id='par_1_125' title="bbox 1909 5546 3509 5620">
     <span class='ocr_line' id='line_1_126' title="bbox 1909 5546 3509 5620; baseline 0.009 -18"><span class='ocrx_word' id='word_1_899' title='bbox 1909 5546 2037 5620; x_wconf 80' lang='lat' dir='ltr'><strong>Sed</strong></span> <span class='ocrx_word' id='word_1_900' title='bbox 2052 5549 2381 5615; x_wconf 82' lang='lat' dir='ltr'><strong>interpretes</strong></span> <span class='ocrx_word' id='word_1_901' title='bbox 2411 5547 2608 5620; x_wconf 63' lang='lat' dir='ltr'><strong>saepius</strong></span> <span class='ocrx_word' id='word_1_902' title='bbox 2632 5547 2889 5620; x_wconf 78' lang='lat' dir='ltr'><strong>decorum</strong></span> <span class='ocrx_word' id='word_1_903' title='bbox 2915 5562 3023 5602; x_wconf 91' lang='lat' dir='ltr'><strong>non</strong></span> <span class='ocrx_word' id='word_1_904' title='bbox 3042 5546 3297 5620; x_wconf 83' lang='lat' dir='ltr'><strong>servant,</strong></span> <span class='ocrx_word' id='word_1_905' title='bbox 3319 5546 3375 5611; x_wconf 76' lang='lat' dir='ltr'><strong>et</strong></span> <span class='ocrx_word' id='word_1_906' title='bbox 3392 5565 3509 5615; x_wconf 79' lang='grc' dir='ltr'><strong>νοῦν</strong></span> 
     </span>
    </p>
   </div>
   <div class='ocr_carea' id='block_1_126' title="bbox 1909 5616 3017 5681">
    <p class='ocr_par' dir='ltr' id='par_1_126' title="bbox 1909 5616 3017 5681">
     <span class='ocr_line' id='line_1_127' title="bbox 1909 5616 3017 5681; baseline 0.002 -8"><span class='ocrx_word' id='word_1_907' title='bbox 1909 5617 2161 5681; x_wconf 89' lang='lat' dir='ltr'><strong>reddunt,</strong></span> <span class='ocrx_word' id='word_1_908' title='bbox 2190 5627 2431 5680; x_wconf 86' lang='lat' dir='ltr'><strong>mentem,</strong></span> <span class='ocrx_word' id='word_1_909' title='bbox 2464 5616 2776 5673; x_wconf 81' lang='lat' dir='ltr'><strong>feniininam</strong></span> <span class='ocrx_word' id='word_1_910' title='bbox 2804 5632 3017 5675; x_wconf 88' lang='lat' dir='ltr'><strong>vocem.</strong></span> 
     </span>
    </p>
   </div>
   <div class='ocr_carea' id='block_1_127' title="bbox 1980 5687 3504 5774">
    <p class='ocr_par' dir='ltr' id='par_1_127' title="bbox 1980 5687 3504 5774">
     <span class='ocr_line' id='line_1_128' title="bbox 1980 5687 3504 5774; baseline 0.009 -30"><span class='ocrx_word' id='word_1_911' title='bbox 1980 5687 2006 5726; x_wconf 74' lang='grc' dir='ltr'><em>ά</em></span> <span class='ocrx_word' id='word_1_912' title='bbox 2044 5687 2315 5759; x_wconf 83' lang='lat' dir='ltr'><strong>Corrupto</strong></span> <span class='ocrx_word' id='word_1_913' title='bbox 2346 5689 2515 5744; x_wconf 88' lang='lat' dir='ltr'><strong>editio</strong></span> <span class='ocrx_word' id='word_1_914' title='bbox 2544 5690 2683 5745; x_wconf 83' lang='lat' dir='ltr'><strong>Med.</strong></span> <span class='ocrx_word' id='word_1_915' title='bbox 2716 5689 2805 5745; x_wconf 87' lang='lat' dir='ltr'><strong>cui</strong></span> <span class='ocrx_word' id='word_1_916' title='bbox 2856 5697 3039 5748; x_wconf 86' lang='lat' dir='ltr'><strong>tamen</strong></span> <span class='ocrx_word' id='word_1_917' title='bbox 3072 5692 3218 5752; x_wconf 82' lang='lat' dir='ltr'><strong>favet</strong></span> <span class='ocrx_word' id='word_1_918' title='bbox 3245 5707 3504 5774; x_wconf 84' lang='lat' dir='ltr'><strong>autogra-</strong></span> 
     </span>
    </p>
   </div>
   <div class='ocr_carea' id='block_1_128' title="bbox 1910 5760 2290 5831">
    <p class='ocr_par' dir='ltr' id='par_1_128' title="bbox 1910 5760 2290 5831">
     <span class='ocr_line' id='line_1_129' title="bbox 1910 5760 2290 5831; baseline 0 -18"><span class='ocrx_word' id='word_1_919' title='bbox 1910 5760 2097 5831; x_wconf 83' lang='lat' dir='ltr'><strong>phum,</strong></span> <span class='ocrx_word' id='word_1_920' title='bbox 2131 5770 2290 5814; x_wconf 85' lang='lat' dir='ltr'><strong>tanta.</strong></span> 
     </span>
    </p>
   </div>
   <div class='ocr_carea' id='block_1_129' title="bbox 1988 5832 2574 5899">
    <p class='ocr_par' dir='ltr' id='par_1_129' title="bbox 1988 5832 2574 5899">
     <span class='ocr_line' id='line_1_130' title="bbox 1988 5832 2574 5899; baseline -0.002 -12"><span class='ocrx_word' id='word_1_921' title='bbox 1988 5842 2010 5869; x_wconf 69' lang='grc' dir='ltr'><strong>ι’</strong></span> <span class='ocrx_word' id='word_1_922' title='bbox 2046 5832 2277 5899; x_wconf 85' lang='lat' dir='ltr'><strong>Mallem,</strong></span> <span class='ocrx_word' id='word_1_923' title='bbox 2309 5834 2574 5889; x_wconf 82' lang='lat' dir='ltr'><strong>ducentes.</strong></span> 
     </span>
    </p>
   </div>
   <div class='ocr_carea' id='block_1_130' title="bbox 3077 6002 3155 6065">
    <p class='ocr_par' dir='ltr' id='par_1_130' title="bbox 3077 6002 3155 6065">
     <span class='ocr_line' id='line_1_131' title="bbox 3077 6002 3155 6065; baseline 0.038 -3"><span class='ocrx_word' id='word_1_924' title='bbox 3077 6002 3155 6065; x_wconf 82' lang='lat'><strong>33</strong></span> 
     </span>
    </p>
   </div>
  </div>
