4060 6344
517 319 659 386 I059

1818 306 2175 369 BACHIARII
2214 304 2523 366 MUNACIII

3674 298 3803 359 1οω

519 455 743 497 suorum
781 436 990 493 loculos
1019 443 1096 491 tot
1116 432 1396 490 constituit
1430 444 1629 501 genera
1668 428 2075 500 pigmentorum
2099 468 2115 493 ,
2147 436 2198 494 Α
2224 438 2381 479 soror
2408 432 2496 477 tua
2531 428 2647 486 est;
2680 432 2841 489 quam
2873 416 2919 473 si
2958 430 3150 487 passus
3178 414 3346 471 fueris
3378 413 3523 469 inter
3548 411 3804 480 alienige-

520 535 567 589 si
600 533 733 589 nihil
768 540 944 587 estex
978 529 1232 585 omnibus
1260 522 1574 594 emplastris
1606 522 1747 591 ejus,
1787 535 1894 590 quo
1930 516 2115 573 sanari

518 627 697 699 possit
742 627 939 681 vulnus
984 622 1129 694 quod
1184 618 1387 676 inflixit
1442 614 1735 671 inimicus?
1806 612 1959 667 Itane
2017 608 2119 664 fuit

517 721 663 793 quod
687 722 884 777 lateret
904 729 930 756 τί
956 716 1323 778 Archiatrum,
1356 712 1442 767 cui
1472 723 1814 780 nequaquam
1842 705 1978 760 artis
2005 719 2118 757 sua:

516 804 717 886 peritia
752 808 1103 883 provideret?
1125 806 1153 847 δ
1189 808 1253 860 Ει
1297 808 1340 859 si
1386 804 1583 872 placet,
1618 800 1933 871 aperiamus
1958 796 2122 851 scho-

518 906 627 961 lam
659 904 849 961 Medici
883 902 1081 966 nostri;
1109 908 1163 955 et
1193 914 1255 954 ea
1284 895 1549 967 principio
1580 893 1811 949 canonis
1833 892 2117 949 vulnerum

519 1010 575 1057 et
616 997 1037 1054 medicaminum
1086 995 1302 1063 species
1337 989 1739 1061 perquiramus.
1783 986 1924 1041 Ecce
1958 985 2010 1038 in
2042 984 2123 1053 ip-

522 1094 639 1149 sius
662 1094 887 1147 introitu
921 1090 1125 1145 scholae
1166 1097 1459 1143 occurrunt
1500 1084 1579 1140 illi
1610 1082 1721 1137 duo
1750 1090 2005 1135 auctores
2035 1092 2123 1133 se—

523 1189 687 1244 minis
714 1186 952 1242 carnalis
987 1195 1034 1251 ο,
1068 1183 1160 1255 qui
1192 1190 1465 1237 venenato
1497 1178 1770 1249 serpentis
1800 1176 1963 1231 dente
1996 1190 2121 1244 per-

522 1280 664 1335 cussi
693 1323 707 1347 ,
749 1294 857 1333 non
901 1277 1083 1332 statim
1108 1272 1135 1312 ἀ
1166 1282 1444 1346 perpetuae
1489 1287 1663 1343 ptente
1703 1270 1897 1324 mortis
1920 1266 2123 1322 addicti

523 1383 653 1427 sunt
678 1390 693 1438 ;
723 1370 817 1427 sed
847 1370 1043 1439 deiecti
1073 1368 1141 1425 de
1166 1366 1407 1438 paradisi
1448 1363 1679 1423 deliciis.
1717 1362 1769 1417 id
1793 1371 1900 1427 est,
1933 1360 2002 1415 de
2026 1361 2125 1414 Ec-

496 1464 705 1520 clesiae
737 1463 993 1518 libertate
1030 1471 1085 1516 et
1122 1461 1190 1516 de
1234 1460 1376 1514 sacri
1422 1456 1815 1512 communione
1851 1452 2122 1525 mysterii,

522 1557 647 1612 ideo
685 1555 1015 1625 temporarie
1066 1553 1169 1609 sub
1198 1566 1327 1624 typo
1361 1549 1616 1605 maeroris
1650 1547 2127 1615 tribulationisque

522 1649 762 1704 damnati
794 1656 943 1713 sunt,
978 1658 1036 1701 ut
1061 1646 1389 1716 malagmate
1412 1643 1751 1716 paenitentia:
1778 1648 2123 1704 sanarentur;

526 1753 582 1799 et
604 1760 669 1797 eo
694 1758 863 1812 usque
893 1741 962 1795 de
986 1740 1133 1811 ligno
1156 1738 1302 1804 vitaz,
1351 1738 1402 1791 id
1448 1748 1557 1801 est,
1586 1733 1787 1790 Christi
1840 1732 2128 1803 participio

2220 531 2315 570 iias
2337 516 2573 577 servire,
2610 511 2885 583 peccabis.
2916 509 3024 566 Sed
3049 509 3187 565 dicis
3219 508 3479 571 fortasse,
3515 504 3701 560 Levita
3731 512 3809 559 est

2222 609 2329 663 iste
2379 607 2471 677 qui
2512 606 2714 661 cecidit
2757 624 2771 659 :
2820 620 2928 658 non
2968 604 3017 659 ei
3048 602 3272 659 remedii
3318 609 3501 671 potest
3549 597 3809 654 medicina

2219 698 2479 755 conferri.
2524 700 2709 763 Erras,
2730 697 2899 753 frater
2933 715 2946 750 :
2976 710 3201 751 recurre
3228 693 3294 748 ad
3325 692 3577 747 scholam
3605 690 3809 746 Medici.

2221 794 2363 849 ECCC
2414 793 2467 847 in
2518 791 2760 847 secundo
2787 792 2932 854 loro,
2967 790 3019 844 id
3045 800 3152 856 est,
3187 786 3361 843 Exodi
3397 786 3564 854 libro,
3608 784 3695 839 tibi
3736 793 3814 839 ιον

2223 886 2329 941 tius
2370 885 2525 955 plaga
2578 883 2763 956 populi
2806 880 3110 954 vulnusque
3137 880 3496 946 describitur,
3522 879 3688 934 etiam
3720 878 3815 933 Le-

2223 979 2347 1033 vita:
2400 993 2658 1048 peccasse
2718 978 3065 1041 referuntur;
3108 976 3200 1046 qui
3251 976 3466 1044 priores
3524 973 3593 1027 ad
3640 988 3818 1028 corre-

2222 1073 2465 1143 ptionem
2501 1070 2826 1141 Iegislatoris
2857 1069 3135 1125 emendati
3161 1084 3284 1124 esse
3340 1066 3741 1139 perhibentur;
3770 1075 3823 1121 et

2226 1182 2334 1221 non
2368 1176 2475 1219 tam
2510 1165 2561 1218 in
2599 1165 2678 1219 cis
2720 1164 2927 1234 peccati
2962 1164 3169 1217 crimen
3200 1163 3474 1233 arguitur,
3518 1175 3679 1230 quam
3728 1173 3820 1214 ve-

2229 1259 2320 1312 lox
2383 1258 2675 1312 conversio
2723 1256 2777 1311 in
2838 1256 3173 1327 paenitentia:
3229 1254 3525 1309 celeritate
3584 1252 3823 1307 laudatur

2232 1350 2442 1422 (Exod.
2468 1365 2639 1414 χχχιι,
2666 1348 2689 1402 I
2721 1366 2857 1419 seqq.
2881 1347 2921 1417 ).
2946 1347 3113 1418 Cujus
3142 1346 3222 1402 rei
3250 1348 3418 1403 etiam
3455 1347 3511 1400 in
3546 1344 3823 1401 Ezechiele

2229 1443 2478 1497 meminit
2534 1443 2797 1497 Dominus
2856 1449 3064 1509 noster,
3124 1458 3243 1496 cum
3297 1440 3435 1495 dicit
3469 1438 3540 1495 de
3586 1439 3820 1495 Levitis:

2234 1537 2334 1603 Qui
2362 1538 2517 1607 primi
2542 1538 2778 1591 exierunt
2816 1555 2847 1591 a
2888 1554 2988 1603 me,
3017 1553 3131 1591 cum
3156 1546 3381 1591 errasset
3406 1534 3581 1591 Israel
3608 1534 3822 1607 (Ezech.

2231 1649 2378 1697 xuv,
2413 1633 2529 1702 10).
2564 1632 2682 1701 Ipse
2724 1646 2944 1703 quoque
2988 1631 3237 1703 pontifex
3294 1630 3363 1685 ad
3419 1632 3824 1701 suggestionem

2233 1726 2415 1797 populi
2461 1724 2667 1779 idolum
2723 1725 3013 1781 fabricavit
3048 1741 3063 1778 :
3093 1740 3189 1794 pro
3218 1739 3327 1795 quo
3363 1726 3678 1780 orationem
3710 1723 3829 1780 fecit

520 1834 739 1891 exsules
768 1833 992 1898 fierent,
1024 1832 1200 1887 donec
1242 1830 1306 1884 ad
1334 1845 1457 1884 eum
1484 1844 1580 1897 per
1600 1830 1936 1897 romphaeam
1970 1825 2122 1879 llam-
2159 1829 2206 1889 Β
2237 1820 2473 1891 Moyses,
2508 1820 2611 1873 hoc
2639 1828 2744 1880 est.
2780 1818 3026 1873 fraterno
3056 1818 3324 1874 liberatus
3354 1828 3444 1874 est
3472 1818 3704 1874 auxilio.
3730 1817 3828 1874 Sed

523 1944 706 1983 meam
743 1924 901 1999 (Gen.
930 1941 1008 1980 ιιι.
1036 1923 1154 1993 24),
1186 1922 1235 1976 id
1266 1932 1350 1977 est
1372 1922 1595 1992 ignitam
1644 1919 1890 1990 martyrii
1916 1917 2127 1987 passio-

527 2038 677 2089 nem,
730 2030 823 2075 aut
874 2036 970 2089 per
1017 2016 1309 2072 Cherubim
1358 2012 1576 2069 Domini
1604 2014 1694 2085 qui
1739 2013 2131 2081 interpretatur

526 2112 803 2168 multitudo
851 2111 1098 2172 scientiw,
1133 2118 1443 2163 remearent
1484 2125 1496 2159 :
1529 2106 1596 2161 de
1628 2106 1827 2175 quibus
1856 2120 2001 2159 nunc
2034 2119 2132 2174 per

525 2205 742 2278 singula
776 2221 886 2259 non
910 2213 994 2259 est
1021 2202 1282 2273 temporis
1310 2201 1479 2271 loqui.
1516 2198 1655 2268 Quid
1687 2215 1815 2253 vero
1839 2198 1926 2252 ille
1948 2198 2131 2252 fratri-

527 2303 672 2371 cida,
702 2302 789 2357 cui
831 2300 901 2356 ob
945 2300 1048 2354 hoc
1100 2299 1314 2369 signum
1361 2296 1623 2351 Dominus
1671 2292 1895 2349 mandat
1926 2291 2132 2363 imponi

524 2395 685 2472 (Gen.
740 2412 816 2461 iv,
842 2393 954 2465 15),
1006 2408 1073 2447 ne
1104 2392 1172 2446 ab
1200 2392 1388 2460 aliquo
1418 2388 1591 2459 possit
1622 2386 1842 2442 occidi?
1872 2384 1995 2439 Non
2028 2385 2135 2439 vult

526 2493 665 2549 enim
711 2498 925 2544 mortem
964 2485 1271 2560 peccatoris,
1328 2484 1419 2539 sed
1464 2493 1517 2537 ut
1564 2491 1891 2537 convertatur
1912 2490 1959 2535 et
2000 2481 2134 2533 vivat

528 2582 748 2658 (Ezech.
779 2596 933 2648 xviii,
959 2579 1074 2649 ὀὶ).
1099 2577 1210 2633 Nec
1240 2578 1400 2646 longe
1430 2577 1498 2630 ab
1529 2574 1613 2629 his
1640 2576 1806 2629 distat
1842 2574 1931 2628 ille
1984 2572 2135 2645 priu-

528 2694 663 2748 ceps
696 2687 930 2747 patrum,
964 2675 1053 2743 qui
1086 2671 1292 2740 primus
1323 2668 1631 2736 credidit,ct
1660 2677 1955 2735 reputatum
1987 2678 2063 2721 est
2091 2668 2136 2722 ei

526 2768 869 2843 adjustitiam
896 2762 1052 2835 (Gen.
1078 2779 1169 2832 xv,
1203 2762 1258 2831 6)
1282 2778 1296 2827 ;
1322 2761 1415 2831 qui
1438 2770 1657 2831 captum
1682 2761 1751 2814 ab
1782 2761 1964 2814 hostili
2000 2771 2021 2796 υ
2056 2760 2136 2815 lc-

528 2864 693 2933 gioue
738 2860 905 2914 lilium
936 2856 1142 2921 fratris,
1178 2863 1455 2923 assumpta
1492 2851 1918 2908 vernaculorum
1957 2853 2135 2917 turba,

533 2952 805 3023 surripuit
838 2970 851 3006 :
884 2966 1045 3021 quem
1100 2946 1447 3019 postmodum
1490 2944 1557 3000 de
1587 2945 1838 2999 Sodomae
1874 2946 2049 3014 plaga,
2086 2942 2138 2996 id

532 3057 642 3115 est,
665 3042 954 3115 dejiidicio
976 3042 1263 3113 geheniue,
1288 3038 1478 3092 habito
1500 3053 1622 3093 cum
1646 3036 1829 3091 divina
1854 3037 2141 3106 majestate

532 3139 832 3211 colloquio,
886 3138 991 3193 hoc
1019 3146 1125 3206 est,
1158 3132 1435 3191 orationis
1479 3148 1589 3188 sua:
1621 3131 1834 3187 meritis
1865 3129 2137 3185 liberavit.

2235 1915 2373 1969 dicis
2404 1914 2660 1980 fortasse,
2696 1913 3011 1969 beatiSsime
3047 1932 3060 1967 :
3092 1914 3284 1969 Adhuc
3339 1929 3443 1969 nec
3475 1914 3683 1969 Levita:
3710 1930 3828 1969 san-

2233 2008 2454 2064 CiifiCati
2485 2018 2665 2073 erant,
2701 2023 2801 2063 nec
2834 2007 3076 2077 pontifex
3101 2019 3499 2076 consecratus,
3530 2024 3657 2064 cum
3686 2007 3832 2064 istius

2234 2102 2363 2157 mali
2398 2103 2609 2157 crimen
2640 2100 2941 2157 admissum
2974 2112 3081 2157 est.
3118 2101 3235 2157 Non
3274 2104 3601 2159 contradiCn
3635 2103 3832 2173 perspi-

2235 2198 2399 2252 cacia:
2431 2206 2557 2260 tute,
2582 2213 2742 2268 quam
2770 2212 2839 2251 ex
2867 2196 3273 2267 Scripturarum
3303 2198 3685 2252 voluminibus
3713 2212 3835 2253 con-

2235 2292 2449 2363 cepisti.
2476 2290 2683 2347 Tamen
2702 2288 2819 2347 sich
2838 2307 3051 2360 possem
3067 2292 3408 2361 reSpondere
3434 2293 3530 2348 tibi
3545 2294 3835 2348 secundum

2236 2385 2602 2453 apostolicam
2633 2386 2990 2451 sententiam,
3024 2402 3127 2456 qua
3160 2387 3404 2457 loquitur
3460 2387 3529 2441 ad
3585 2386 3837 2443 Hebraeos

2240 2475 2445 2546 (Hebr.
2487 2494 2581 2543 vn,
2634 2479 2690 2545 9,
2724 2478 2856 2549 10);
2896 2480 3018 2551 quia
3053 2479 3106 2535 iit
3136 2479 3379 2535 Abrahae
3430 2480 3634 2536 lumbis
3676 2482 3838 2536 latens

2238 2567 2367 2625 Levi
2382 2570 2626 2625 decimas
2648 2569 2662 2607 ί
2684 2570 3085 2627 Melchisedech
3104 2571 3277 2632 dedit.
3293 2582 3351 2627 et
3366 2574 3603 2641 accepit.
3622 2576 3729 2628 Aut
3746 2572 3839 2643 ipsi

2240 2662 2421 2716 Aaron
2473 2662 2599 2733 quid
2636 2662 2736 2716 tibi
2776 2662 2955 2718 minus
2984 2664 3205 2718 videtur
3239 2662 3411 2719 fuisse
3440 2664 3513 2720 de
3557 2664 3841 2735 pontificali

2243 2742 2451 2811 honore
2482 2756 2568 2810 vel
2599 2755 2795 2827 gradu,
2828 2774 2953 2811 cum
2995 2755 3295 2828 Egyptum
3352 2757 3528 2829 signis
3584 2758 3843 2828 percussit

2241 2848 2557 2912 horrendis,
2584 2849 2957 2920 etcgrediens
3014 2860 3172 2904 nocte
3216 2866 3341 2905 cum
3394 2851 3635 2922 populo,
3670 2855 3684 2902 ι
3723 2866 3842 2905 san-

2242 2951 2387 2997 ctum
2418 2941 2716 2997 celebravit
2755 2942 2995 3011 pascha?
3018 2942 3235 2998 Scimus
3262 2955 3449 2999 autem
3479 2945 3609 3016 quia
3622 2944 3739 3000 sine
3764 2959 3844 3000 sa-

2242 3034 2469 3089 cerdote
2503 3034 2704 3103 pascha
2732 3049 2837 3089 non
2869 3045 3087 3106 poterat
3110 3034 3406 3091 ci-lebrari.

2319 3132 2373 3186 5.
2417 3130 2524 3186 Sed
2547 3129 2877 3186 intermissis
2909 3131 3014 3194 his,
3049 3133 3393 3199 interrogare
3425 3142 3478 3189 te
3508 3134 3638 3191 volo
3671 3152 3683 3189 :
3715 3131 3844 3202 Quid

534 3235 608 3292 Et
639 3244 694 3289 tu
714 3247 846 3304 ergo
887 3245 1105 3284 assume
1152 3226 1575 3283 vernaculorum
1618 3225 1829 3279 turbam
1859 3221 1904 3286 τ,
1940 3222 1991 3277 id
2035 3232 2139 3287 est,
2172 3231 2217 3295 (ζ
2249 3234 2365 3280 erat
2396 3223 2598 3294 Aaron,
2630 3240 2754 3279 cum
2802 3225 3071 3280 adversus
3130 3224 3353 3297 Mnysett
3409 3225 3636 3283 invidia:
3682 3228 3845 3283 livore

534 3343 704 3399 Opere
753 3338 844 3381 tuo
884 3340 994 3378 non
1033 3322 1213 3377 alieno
1240 3362 1254 3386 ,
1310 3319 1462 3373 fratri
1498 3317 1767 3372 auxilium
1814 3325 2015 3386 praesta
2050 3332 2141 3371 ca-

530 3425 703 3496 ptivo.
720 3421 971 3491 Loquere
985 3432 1108 3473 cuin
1126 3415 1377 3483 Domino,
1395 3412 1498 3468 hoc
1514 3423 1617 3481 est,
1640 3427 1737 3467 ora
1759 3411 1825 3466 ad
1842 3408 2142 3479 Christum,

536 3534 606 3575 ne
633 3532 757 3574 eum
789 3513 960 3569 futuri
984 3510 1175 3582 judicii
1204 3510 1341 3579 ignis
1365 3516 1584 3563 exurat.

613 3611 669 3665 4.
710 3608 931 3665 Imitare
980 3600 1419 3674 patriarcharum
1470 3616 1610 3670 Opus
1656 3600 1833 3671 (Gen.
1859 3615 2042 3666 xxxiv,
2072 3599 2147 3657 9.5

538 3703 741 3777 seqq),
794 3700 886 3773 qui
918 3708 1167 3769 stuprum
1219 3695 1431 3751 sororis
1468 3710 1579 3749 sua:
1627 3694 1679 3749 in
1718 3695 2145 3766 alienigenarum

542 3814 742 3857 manus
798 3795 1128 3860 incidentis,
1184 3809 1293 3848 non
1340 3790 1567 3845 solumB
1627 3793 1993 3860 horruerunt,
2052 3792 2150 3849 sed

544 3893 715 3952 etiam
760 3889 1208 3946 vindicaverunt.
1257 3883 1502 3955 Require
1556 3892 1764 3950 tamen,
1811 3885 1899 3955 qui
1944 3884 2153 3941 ultores

541 3986 696 4044 fuere
732 3982 959 4055 peccati.
992 3980 1183 4037 Nonne
1223 3978 1443 4033 Simeon
1490 3988 1653 4048 atque
1684 3976 1859 4033 Levi?
1884 3978 1950 4033 Et
1987 3986 2046 4035 tu
2084 3995 2149 4035 ex

548 4081 694 4137 tribu
737 4077 867 4134 Levi
895 4091 976 4143 es,
1011 4072 1105 4145 qui
1136 4072 1516 4129 ecclesiastico
1561 4072 1733 4127 servis
1785 4071 1985 4127 officio.
2058 4073 2148 4128 Si-

548 4187 711 4229 meon
736 4180 919 4226 autem
944 4166 1213 4221 obauditio
1242 4167 1659 4237 interpretatur.
1697 4166 1763 4221 Et
1798 4174 1855 4219 tu
1882 4181 2034 4237 ergo,
2060 4166 2152 4237 qui

549 4265 815 4323 obediens
846 4261 1002 4318 fuisti
1034 4260 1171 4326 Deo,
1204 4260 1613 4315 iuobedientcm
1644 4260 1886 4315 animam
1916 4260 2151 4316 liberare

549 4371 643 4417 aut
670 4358 950 4415 vindicare
977 4370 1075 4411 cur
1114 4351 1338 4410 cessas?
1368 4354 1563 4408 Anima
1594 4363 1777 4409 autem
1828 4353 2011 4409 fratris
2052 4353 2149 4422 tui,

2250 3333 2562 3390 peri-uSsus,
2602 3318 2790 3390 juncta
2832 3320 2933 3373 sibi
2985 3319 3191 3386 Maria,
3242 3323 3613 3376 mnrmuravit
3656 3320 3844 3394 (Nam.

2248 3428 2343 3474 χιι.
2376 3412 2428 3479 1,
2458 3412 2559 3483 2)?
2586 3414 2657 3467 At
2684 3413 2835 3467 dicas
2865 3411 3126 3477 fortasse,
3146 3403 3327 3468 minus
3356 3424 3440 3469 est
3461 3414 3665 3470 invidia
3696 3429 3846 3485 quam

2250 3506 2426 3563 fornic
2448 3507 2561 3561 ilio.
2596 3506 2746 3578 Lege
2774 3523 2907 3579 ergo
2936 3508 3155 3563 beatum
3182 3508 3536 3577 Apostolum,
3572 3511 3666 3580 qui
3694 3510 3845 3565 dicit:

2253 3598 2434 3667 Neque
2463 3600 2758 3671 fornicarii,
2791 3616 2954 3671 neque
2986 3600 3172 3667 invidi,
3204 3618 3368 3670 neque
3393 3602 3666 3669 maledici,
3701 3617 3848 3673 neque

2253 3694 2425 3758 avari,
2486 3711 2645 3763 neque
2698 3693 3014 3749 detractores
3063 3711 3278 3768 regnum
3323 3692 3425 3748 Dei
3480 3702 3848 3767 consequentur

2260 3788 2304 3861 (Ι
2332 3787 2452 3843 Cor.
2487 3806 2559 3855 γι,
2590 3788 2671 3859 9).
2709 3788 2873 3844 Vides
2898 3788 2987 3844 tibi
3016 3789 3167 3844 velut
3208 3789 3435 3860 a-qualia
3478 3791 3586 3846 sibi
3629 3792 3849 3847 similia-

2258 3898 2362 3953 que
2407 3884 2731 3953 junguntur,
2778 3898 2900 3954 quie
2948 3881 3015 3938 ad
3044 3882 3311 3938 cmlorum
3354 3899 3528 3954 regna
3571 3901 3682 3941 non
3725 3885 3849 3942 sub-

2258 3976 2428 4033 eunt?
2480 3976 2719 4033 Adverte
2757 3977 2917 4046 cujus
2968 3992 3147 4046 pcenre
3190 3978 3529 4035 sententiam
3582 3993 3851 4038 mereatur

2256 4072 2481 4142 invidia,
2509 4090 2605 4145 per
2632 4089 2793 4145 quain
2821 4074 3169 4143 prophetissa
3204 4072 3373 4129 Maria
3402 4074 3561 4143 lepra
3613 4074 3849 4147 percuti-

2257 4178 2342 4222 tur
2372 4164 2561 4236 (Nam.
2590 4182 2701 4232 xu,
2738 4166 2866 4235 10);
2900 4165 3059 4235 cujus
3102 4165 3269 4220 etiam
3314 4167 3587 4234 avaritia,
3620 4183 3721 4238 pro
3753 4182 3847 4238 qua

2255 4258 2405 4316 Giezi
2456 4259 2638 4314 Eliszei
2694 4258 2949 4314 minister
2978 4257 3145 4313 simili
3193 4268 3341 4314 sorte
3394 4258 3697 4315 damnatur
3743 4256 3847 4332 (IV

2257 4354 2391 4429 Reg.
2423 4374 2477 4425 v,
2507 4356 2625 4427 27).
2654 4355 2736 4411 Tu
2764 4372 2914 4423 vero,
2942 4355 2966 4393 ¹ε
3001 4356 3094 4427 qui
3124 4370 3352 4411 avarum
3384 4371 3497 4411 non
3544 4355 3846 4421 detestaris,

627 4508 651 4536 υ
683 4494 925 4552 Pessime
954 4492 1007 4545 in
1039 4489 1225 4552 editis,
1265 4488 1637 4563 grchitectum.
1662 4489 1865 4563 Locum
1896 4490 2153 4563 emendat
2181 4496 2236 4557 Ῑ)
2259 4492 2381 4563 stoli
2400 4494 2702 4550 auctoritas
2720 4495 2863 4563 cogit
2917 4496 3287 4551 utsentiamus
3308 4494 3592 4552 Abraham
3614 4495 3849 4552 dedisse:

556 4570 681 4627 cod.
728 4565 917 4622 Anibr.
978 4562 1213 4619 Uberius
1264 4560 1545 4627 Erasinus,
1603 4563 1739 4615 itane
1790 4562 1935 4630 ﬁeret
1980 4562 2157 4633 aliqua

558 4641 739 4716 plaga,
770 4634 1185 4716 qute_scientium
1211 4633 1373 4716 nostri
1404 4634 1586 4686 lateret
1610 4634 1889 4687 Archiatri.

631 4702 677 4750 δ”
692 4702 1017 4777 Legenduur
1031 4719 1254 4777 censeo,
1270 4702 1349 4777 _At
1361 4743 1374 4757 .

638 4794 660 4822 ε
694 4773 866 4851 (ὶιῇιι.
908 4786 966 4851 et
992 4774 1142 4851 Bigtt.
1178 4773 1408 4851 addi-uit,
1442 4774 1623 4851 Adant
1648 4785 1696 4851 et
1724 4774 1867 4842 Eva;
1895 4777 1988 4831 sed
2016 4778 2163 4849 glos-

562 4868 720 4913 sema
739 4844 893 4904 diaest
921 4847 977 4901 in
1012 4844 1198 4899 Anthr.
1225 4852 1280 4897 et
1298 4844 1513 4898 Erasini
1540 4845 1801 4901 editione.

634 4924 660 4961 «ι
692 4925 759 4978 τὸ
783 4929 1077 4992 ρει-μείνω,
1125 4916 1269 4992 quod
1318 4914 1487 4992 Ciyii.
1538 4916 1787 4992 et‘llign.
1837 4936 1943 4974 non
1998 4936 2169 4989 agno-

564 4988 939 5061 scuiit,i5xstat
963 4991 1015 5043 in
1038 4988 1231 5042 Atiibr.
1254 4989 1466 5051 codice,
1498 4998 1552 5043 et
1578 4989 2017 5061 Hieronymiatiis
2036 4988 2167 5047 Cedi-

570 5068 831 5126 IiOnihus.

644 5153 667 5177 ε
700 5137 959 5193 Metnlose
988 5132 1038 5186 iit
1065 5131 1259 5186 Anthr.
1293 5132 1552 5205 scriptum
1583 5144 1687 5195 est,
1716 5135 1943 5205 regione.

645 5212 664 5250 ί
700 5210 885 5265 Ambr.
914 5205 1063 5257 addit
1096 5206 1385 5276 propriam.
1415 5204 1550 5258 Male
1582 5209 1632 5259 iii
1662 5204 1827 5262 editis
1848 5250 1861 5271 ,
1919 5226 2012 5276 pro
2042 5210 2165 5272 isto,

569 5287 624 5340 id
654 5293 748 5348 est,
782 5295 934 5349 opire
956 5286 1064 5330 tuo.
1090 5275 1285 5329 Melius
1309 5277 1489 5343 bras”
1524 5278 1819 5344 turbam,id
1834 5275 1927 5345 est,
1956 5281 2169 5352 proprio

564 5376 593 5414 ο
600 5372 717 5429 pere
746 5364 857 5429 tuo.

642 5439 667 5477 s
702 5426 891 5481 Anthr.
904 5462 917 5484 .
945 5426 1205 5474 eruerant.

642 5499 671 5537 ιι
703 5500 987 5554 Erasinnm
1027 5489 1186 5560 sequi
1220 5488 1440 5558 placuit.
1473 5490 1636 5548 Amb.
1681 5504 1842 5562 atque
1898 5495 2054 5561 editi,
2088 5505 2166 5550 ta-

572 5591 686 5629 ,ηεη
710 5562 1231 5641 respondissem-tibi,
1258 5563 1301 5613 si
1326 5578 1524 5641 possent
1554 5568 1877 5641 respondere.

653 5645 668 5682 i
698 5642 774 5697 ιιι,
798 5633 1014 5701 Ἀιιὼι-.;
1036 5634 1165 5689 editi
1198 5648 1349 5691 vero,
1376 5633 1601 5689 decimas
1623 5633 1653 5689 a
1672 5638 2050 5695 Melchisedech
2078 5656 2165 5695 ac-

571 5717 727 5786 cepit,
760 5723 808 5768 et
830 5712 971 5786 dedit
1019 5705 1099 5761 Ex
1128 5706 1268 5786 libro
1300 5702 1582 5786 Geneseos
1612 5725 1721 5774 xw,
1752 5711 1846 5780 20,
1886 5712 2162 5786 nonsatis

566 5777 753 5859 aperte
781 5780 1104 5859 colligimus,
1133 5777 1355 5859 quitiam
1384 5777 1623 5859 decimas
1644 5777 1920 5859 acceperit
1938 5784 2162 5859 ,ΔΑ-ἱππι-

557 5846 761 5925 Ιιξιηιιιυ
790 5868 855 5909 ex
886 5846 1309 5913 Melchisedech,
1343 5849 1426 5903 \‘el
1479 5867 1507 5905 e
1530 5846 1827 5912 contrario.
1874 5856 1982 5914 Sed
2010 5857 2158 5928 Apo-

2259 4562 2365 4641 Bei:
2386 4564 2666 4641 Abraltum,
2694 4577 2740 4641 et
2771 4562 2911 4641 Levi,
2940 4569 3028 4639 qui
3059 4568 3283 4621 decimas
3304 4569 3502 4641 accepit
3526 4570 3750 4623 decimas
3765 4579 3850 4641 est.

2262 4634 2605 4711 ᾼςϋιιιρᾼεηξηι
2626 4640 2702 4711 _in7
2717 4638 2899 4692 lumbis
2947 4634 3108 4711 patris
3139 4650 3269 4711 erat,
3316 4634 3535 4711 quando
3564 4640 3778 4694 obviarit
3811 4638 3853 4693 ei

2267 4707 2646 4763 Melchisedech
2683 4710 2883 4765 Locum
2918 4707 3081 4780 igitur
3102 4711 3188 4764 Bai
3211 4707 3367 4764 hiat-ii
3394 4713 3447 4766 in
3477 4711 3625 4768 hunc
3649 4715 3852 4766 modum

2268 4782 2612 4833 re-titueretii
2644 4798 2658 4829 τ
2688 4780 2997 4837 ΙηΑὸναΙιω
3044 4782 3229 4836 lumbis
3255 4782 3423 4837 latens
3474 4782 3602 4838 Levi
3642 4784 3852 4839 decimas

2271 4850 2672 4925 Melchisedech,
2699 4870 2827 4925 quas
2850 4855 3046 4925 accepit
3072 4866 3117 4907 et
3142 4853 3316 4925 (dedit.

2349 4923 2361 4972 ἱ
2405 4924 2584 4993 Βίςιι.,
2610 4923 2805 4979 sancto.
2849 4924 2999 4979 Ilum:
3031 4924 3297 4978 Bacliiarii
3345 4925 3526 4980 locum
3551 4927 3715 4982 aﬂ'ert
3758 4928 3853 4981 An—

2276 4994 2455 5048 tonius
2486 4998 2817 5065 Angusttnus
2846 4995 3075 5051 'l‘nuttée
3104 4996 3498 5053 Beiiedictinns
3548 4999 3761 5053 clariss.
3806 4997 3851 5051 in

2273 5068 2416 5139 notis
2447 5067 2510 5119 ad
2540 5074 2710 5121 sancti
2731 5066 2919 5139 Cyrilli
2947 5067 3215 5121 llierosol.
3247 5066 3471 5123 Caiech.
3500 5070 3559 5132 2,
3592 5087 3740 5124 num.
3777 5069 3850 5133 I0,

2275 5137 2363 5189 ubi
2418 5154 2514 5197 ier
2544 5137 3019 5204 anticipationem,
3055 5140 3357 5193 sacerdotis
3402 5144 3629 5197 nomine
3685 5146 3855 5195 Aaron

2273 5216 2589 5283 exornatur.
2629 5210 2856 5282 Moysis,
2890 5212 3055 5283 inquit
3088 5212 3364 5283 Cyrillus,
3394 5230 3489 5283 pro
3532 5230 3733 5266 summa
3777 5230 3854 5265 sa-

2274 5278 2477 5353 cerdote
2509 5278 2747 5348 peccante
2770 5278 3069 5350 supplicans
3098 5278 3264 5336 Deum
3308 5278 3476 5353 Ῑιεὼῑι.
3531 5284 3647 5339 Hoc
3703 5298 3854 5339 sensu

2274 5352 2547 5427 explicare
2614 5355 2769 5408 Iacile
2823 5366 2907 5427 est
2950 5356 3109 5427 etiam
3156 5352 3510 5410 Ambrosium
3561 5357 3723 5427 epist.
3771 5353 3852 5418 U6,

2276 5436 2424 5503 num.
2452 5423 2508 5486 5,
2540 5432 2595 5478 et
2618 5426 2837 5503 Apolog.
2870 5424 3040 5503 David
3068 5440 3189 5496 cap.
3238 5428 3294 5493 4,
3330 5442 3482 5483 num.
3520 5423 3613 5483 I7:
3643 5427 3855 5483 Baebia-

2273 5497 2597 5568 riusiauteni
2630 5497 2715 5551 vix
2741 5497 2987 5552 eiicusari
3022 5507 3217 5568 potest.

2341 5562 2644 5644 l‘_Pe.~siiite
2667 5568 2967 5644 _Bigii:rus:
2995 5562 3084 5622 cur
3112 5587 3350 5638 avarum,
3381 5578 3487 5644 etc.
3514 5571 3716 5644 Gryn.,
3744 5571 3850 5644 Ern,

2270 5636 2491 5711 Ambn,
2516 5641 2623 5711 qui.
2650 5636 2803 5711 Apud
2830 5640 3102 5709 antiquos,
3130 5650 3187 5695 ut
3213 5636 3410 5697 notant
3436 5636 3731 5707 Petavius,
3754 5642 3855 5697 Mo-

2268 5710 2420 5763 rinus
2440 5710 2659 5782 aliique,
2685 5710 2907 5781 peccata
2931 5715 2981 5768 in
3003 5724 3109 5787 tres
3128 5712 3337 5787 classes,
3358 5715 3849 5787 distinguebantur:

2266 5797 2494 5850 quarunt
2530 5787 2755 5850 primam
2788 5786 3191 5841 constituebant
3231 5785 3586 5851 idololatria,
3616 5786 3852 5846 Inachia.

2267 5852 2641 5925 homicidium,
2682 5872 2979 5929 eorumque
3022 5856 3330 5913 manifesta:
3377 5859 3623 5930 Species,
3675 5859 3856 5931 quibus
