4060 6344
241 375 381 434 1045

1038 373 1246 431 Lieau
1288 374 1380 432 At)
1417 356 1834 440 JANuAnttin,
1879 366 1971 431 uta
2012 362 2504 432 autumnoue
2540 371 2763 432 LAPSI.

3411 363 3557 436 toto

234 487 541 550 indulserat
570 488 797 564 (Corpus
822 486 960 543 enim
1002 480 1161 562 (Sep.
1193 504 1267 558 ιι,
1305 484 1395 561 l5)
1416 489 1553 561 quod
1609 504 1845 542 corrum-
1875 486 1930 557 Α
1958 472 2177 545 illorum
2230 489 2478 562 praemia,
2528 504 2625 545 sua
2656 474 2823 546 sentit
2852 502 2975 547 esse
3008 501 3295 548 tormenta.
3349 492 3407 550 Si
3436 493 3559 566 quis

234 587 401 655 pitur,
431 590 682 658 aggravet
711 572 986 647 animam)
1026 580 1053 617 *ι
1076 576 1144 634 ab
1175 584 1240 637 eo
1287 597 1445 652 quem
1474 570 1837 651 persequitur,

233 672 445 748 Abner,
484 677 555 734 de
575 675 803 748 cuSpide
846 677 1053 730 lanceae
1082 672 1139 729 in
1172 674 1396 730 renibus
1432 675 1668 730 refertur
1717 678 1841 731 esse

232 786 550 845 percussus.
587 762 644 827 in
669 786 777 842 quo
810 769 931 824 loco
962 767 1217 837 membri,
1247 771 1436 825 vitium
1470 766 1843 825 fornicationis

231 868 383 940 poni,
412 864 623 921 nullum
651 873 784 936 puto
813 878 941 919 esse
971 863 1064 934 qui
1098 858 1330 918 dubitet.
1368 862 1698 919 Sicutetiam
1728 863 1843 931 ipse

230 954 417 1019 Abner
447 976 478 1016 a
505 960 643 1016 Joab
664 959 837 1015 fratre
870 957 990 1029 ejus
1020 952 1368 1029 postmodum
1393 954 1448 1012 in
1476 950 1701 1029 inguine
1719 970 1842 1027 per-

232 1069 433 1111 cussus
464 1068 588 1109 esse
615 1050 941 1124 perhibetur
966 1042 1212 1122 (ll'Reg.
1248 1063 1328 1118 ut,
1361 1038 1486 1119 2'7);
1519 1049 1639 1119 quia
1674 1037 1845 1101 fo‘rni-

233 1149 465 1206 cationis
494 1147 666 1203 forma
691 1161 798 1201 non
831 1136 961 1201 alibi
990 1160 1151 1216 quam
1184 1144 1237 1198 in
1264 1138 1483 1214 inguine
1526 1142 1843 1197 merebatur

232 1243 494 1302 interfici.
523 1240 797 1312 Numquid
827 1250 1012 1296 autem
1061 1238 1226 1294 Asael
1254 1236 1690 1293 consolationem
1728 1232 1837 1292 fra-

234 1348 378 1395 trum
433 1354 539 1393 non
588 1336 858 1404 meminit,
917 1350 1077 1407 quem
1112 1334 1185 1390 ita
1212 1344 1356 1390 totus
1378 1324 1599 1389 Davidis
1630 1332 1841 1405 planxit

233 1430 552 1491 exercitus?
608 1442 702 1487 aut
728 1432 795 1487 de
831 1426 970 1487 libro
1017 1430 1140 1484 vitm
1174 1424 1388 1485 deletus
1421 1441 1523 1502 est,
1555 1430 1606 1484 id
1639 1442 1743 1497 eSI,
1775 1429 1842 1486 de

232 1526 495 1583 memoria
524 1524 815 1580 Dominicze
845 1514 1131 1579 lectionis?
1158 1523 1249 1579 Sic
1276 1523 1548 1594 scriptura
1576 1538 1682 1576 non
1703 1514 1843 1578 obli-

230 1619 483 1685 viscitur,
520 1628 575 1672 ut
605 1615 767 1673 etiam
792 1612 1094 1671 velocitatis
1114 1612 1233 1687 ejus
1262 1626 1423 1685 quam
1452 1625 1580 1669 ante
1609 1625 1839 1669 tnurtcm

233 1713 486 1779 habebat,
520 1711 547 1751 ι’
580 1700 743 1767 faciat
772 1708 1130 1780 mentionem,
1163 1726 1284 1765 cum
1318 1706 1452 1765 dicit
1482 1729 1496 1766 :
1538 1698 1708 1764 Velox
1729 1720 1840 1763 erat

230 1810 356 1866 sicut
388 1820 611 1874 cervus;
641 1805 690 1861 id
721 1817 827 1872 est,
855 1805 950 1876 qui
972 1821 1076 1859 non
1110 1803 1283 1858 solum
1312 1805 1652 1874 perspicacia
1677 1820 1834 1859 meu-

1945 581 2223 648 laudatur,
2253 572 2534 638 erubescit
2566 599 2579 635 :
2610 582 2655 636 si
2686 581 2811 653 quis
2868 580 3234 655 vituperatur,
3279 586 3555 657 agnoscit.

1944 673 2092 731 Inter
2123 676 2239 731 haec
2267 670 2557 731 verborum
2578 660 2790 745 llagella
2807 676 3158 746 consdtutus,
3192 666 3549 736 satisfactioui

1944 760 2424 840 emendationique
2451 783 2666 839 semper
2694 770 3054 838 approximat.

1982 920 1983 923 η
2023 858 2111 917 10.
2152 861 2270 917 iam
2298 874 2429 918 vero
2458 848 2587 915 illud
2618 860 2776 933 quale
2824 874 2932 931 est,
2963 854 3106 933 quod
3152 879 3182 916 a
3224 854 3547 934 quibusdam

1948 956 2257 1012 audivimus
2281 957 2388 1012 dici
2427 975 2440 1013 :
2470 956 2526 1011 ut
2565 944 2655 1011 illa
2685 940 2767 1011 vel
2795 942 2911 1025 ille,
2941 959 3031 1027 qui
3080 944 3323 1014 criminis
3351 973 3552 1030 pecca-

1950 1054 2096 1124 tique
2124 1063 2407 1110 eonSortes
2433 1062 2584 1123 sunt,
2616 1040 2783 1110 veluti
2815 1044 2867 1109 in
2894 1046 3243 1110 matrimonio
3266 1054 3549 1126 corijugio—

1947 1147 2386 1218 quejungantur.
2421 1136 2575 1203 Absit
2603 1145 2708 1203 hoc
2735 1165 2765 1202 a
2793 1157 2818 1194 ε
2848 1132 3129 1202 christiani
3156 1147 3269 1204 oris
3296 1147 3541 1219 eloquio.

1949 1240 2235 1314 Serpentis
2260 1253 2347 1299 est
2370 1243 2473 1298 ista
2503 1244 2802 1315 suggestio,
2832 1254 2890 1297 ut
2918 1243 3064 1298 illius
3109 1259 3270 1314 quem
3322 1241 3543 1311 occidit,

1948 1339 2114 1393 etiam
2162 1335 2393 1392 cadaver
2443 1347 2706 1391 assumat.
2758 1324 2950 1392 Nonne
3003 1338 3182 1393 simile
3209 1347 3315 1403 est,
3344 1337 3392 1393 si
3422 1335 3544 1407 quis

1949 1448 2242 1505 percussus
2264 1432 2521 1505 graviter,
2545 1440 2796 1488 estrei-ao
2824 1417 3048 1488 anhelet
3068 1432 3120 1487 in
3150 1430 3293 1497 line;
3321 1429 3542 1487 ethunc

1948 1538 2201 1584 terrenus
2231 1527 2495 1595 medicus,
2530 1527 2574 1582 si
2602 1529 2740 1583 forte
2764 1526 3086 1593 visitaverit,
3117 1526 3242 1597 quia
3257 1542 3365 1583 non
3378 1540 3542 1599 posse

1947 1621 2025 1677 vi\
2040 1637 2134 1679 ere
2187 1620 2512 1690 διιενίεειιηι,
2563 1617 2810 1675 hortetur
2849 1620 3059 1676 occidi?
3089 1616 3278 1675 Simile
3305 1632 3390 1677 est
3420 1619 3541 1675 sine

1945 1710 2112 1770 dubio
2142 1713 2287 1787 quod
2317 1713 2517 1770 dicitur
2545 1730 2557 1767 :
2584 1713 2843 1769 Inventus
2894 1724 2980 1770 est
3016 1714 3207 1781 frater,
3238 1724 3332 1770 aut
3359 1728 3539 1780 soror,

1944 1809 2402 1880 concupiscentiae
2452 1808 2561 1864 telo
2612 1808 2848 1879 graviter
2876 1808 3195 1865 vulneratus
3226 1827 3240 1865 :
3266 1807 3391 1866 huic
3412 1810 3537 1865 cuni

231 1899 321 1966 tis,
350 1898 559 1954 inimici
608 1892 830 1970 laqueos
878 1895 1139 1963 evitabat,
1182 1912 1371 1951 verum
1412 1895 1575 1952 etiam
1607 1911 1828 1967 serpen-

1951 1905 1971 1941 δ
1994 1905 2218 1961 sceleris
2265 1903 2596 1973 sui-nuptias
2648 1903 2974 1971 suadentur;
3003 1904 3130 1975 quid
3176 1903 3320 1959 aliud
3342 1904 3532 1960 dicitur

232 1994 388 2061 tium,
416 1990 525 2049 hoc
554 1999 639 2049 est
668 2034 682 2061 ,
716 1990 1154 2047 adversariarum
1206 1990 1464 2046 virtutum
1515 1989 1834 2047 interfector

230 2083 462 2143 exstitit.
744 2150 751 2157 ο

299 2174 354 2229 9.
396 2168 691 2240 Memento,
724 2171 912 2238 frater,
946 2170 1089 2244 quod
1122 2187 1249 2227 caro
1272 2186 1457 2228 sumus
1492 2193 1504 2229 :
1533 2192 1683 2232 mare
1704 2166 1836 2233 illud

232 2260 507 2343 (hoqest,
541 2265 711 2321 forma
744 2265 1041 2337 baptismi)
1069 2265 1211 2336 quod
1256 2268 1447 2322 beatus
1502 2267 1737 2325 Joannes
1780 2264 1834 2327 in

229 2367 564 2439 Apocalypsi
596 2362 798 2423 vidisse
820 2382 878 2422 se
906 2364 1061 2436 dicit,
1089 2371 1320 2425 vitrequ
1347 2356 1518 2425 fuisse
1537 2366 1835 2439 descripsit

233 2459 434 2534 (Apoc.
464 2476 539 2528 tv,
566 2458 636 2527 6;
667 2476 756 2525 xv,
780 2454 815 2514 Ξ
837 2458 889 2532 );
918 2470 973 2516 et
996 2461 1117 2518 ideo
1141 2462 1196 2517 in
1229 2452 1389 2518 nobis
1411 2464 1521 2518 cito
1556 2452 1836 2532 periclita-

232 2564 319 2611 tur
339 2565 433 2610 aut
467 2554 758 2626 frangitur.
792 2548 1022 2610 Lubrica
1055 2568 1139 2612 est
1170 2558 1251 2611 via
1280 2558 1466 2611 szeculi
1500 2556 1678 2627 hujus,
1720 2554 1831 2628 gla-

230 2646 666 2720 cialiiuiquitate
684 2651 980 2705 constricta
1016 2670 1028 2705 :
1062 2668 1222 2723 quam
1255 2668 1377 2707 cum
1411 2662 1433 2692 ε
1468 2651 1681 2707 medice
1701 2668 1834 2708 con-

231 2742 589 2815 capiscentiae
621 2745 770 2798 ealor
800 2745 1051 2810 solverit,
1087 2738 1263 2800 facilis
1289 2758 1371 2801 est
1395 2747 1462 2800 ad
1492 2747 1698 2818 lapsum
1727 2746 1838 2809 rui-

232 2851 476 2906 namque
516 2836 840 2890 miserorum
874 2853 888 2892 :
919 2832 1142 2909 I’orrige
1193 2854 1402 2893 manum
1457 2847 1596 2893 tuam
1634 2840 1837 2913 jaceuti

234 2922 585 3001 frutri(Eccl.
611 2943 701 2994 xv,
733 2922 845 3001 18),
897 2922 988 3000 qui
1035 2926 1296 2986 confusus
1345 2932 1549 3002 pudore
1600 2931 1832 3003 peccati,

235 3036 337 3077 nec
361 3018 576 3092 erigere
605 3035 664 3075 se
695 3036 793 3075 nec
826 3023 1015 3076 oculos
1059 3023 1225 3077 audet
1276 3024 1552 3080 attollere.
1611 3025 1837 3094 tlomple

238 3114 418 3183 legem
447 3108 649 3187 Moysi:
682 3113 745 3169 Si
766 3108 1004 3170 ceciderit
1026 3118 1204 3170 asinus
1225 3112 1445 3188 dfratris
1474 3119 1551 3171 tui
1588 3118 1680 3172 sub
1708 3135 1837 3189 pon-

239 3204 587 3280 tlere(Ea:od.
630 3194 793 3278 'xxttt,
840 3202 937 3279 5),
964 3194 1069 3265 hoc
1112 3218 1217 3277 est,
1252 3226 1379 3265 caro
1405 3208 1543 3265 victa
1589 3222 1834 3281 peccato,

239 3300 449 3356 acclina
484 3306 557 3368 te,
591 3308 646 3356 et
676 3299 900 3356 humilia
934 3311 1007 3369 te,
1038 3312 1094 3358 et
1120 3303 1345 3359 subleva
1393 3303 1460 3359 de
1488 3306 1667 3359 ruina.
1700 3290 1837 3371 Quid
1864 3287 1911 3353 C

242 3382 527 3450 erubescis
556 3392 812 3466 conjungi
842 3393 1045 3449 homini
1082 3396 1396 3466 peccaturi?
1428 3388 1657 3469 lteSpice
1684 3397 1836 3452 illum

241 3486 333 3559 qui
357 3486 490 3542 dicit
525 3484 692 3541 :Noli
745 3486 957 3539 nimium
1010 3488 1118 3542 ease
1153 3491 1330 3562 justus
1353 3487 1551 3561 (Ercle.
1587 3505 1684 3555 γη,
1706 3490 1771 3545 17

243 3578 501 3651 Magister
543 3578 728 3634 noster
767 3596 796 3633 a
828 3578 1130 3634 latronibus
1186 3581 1524 3636 vulneratum
1562 3580 1738 3654 (Luc.
1782 3598 1839 3649 Χ,

244 3668 496 3747 30),non
518 3670 695 3728 solum
745 3690 872 3729 cura
922 3675 1143 3747 dignum
1196 3677 1424 3748 judicat,
1458 3696 1641 3734 verum
1675 3679 1840 3734 etiam

246 3766 312 3824 ad
338 3766 617 3824 stabulum
642 3784 797 3824 suum
832 3780 884 3825 et
914 3772 1054 3825 ovile
1083 3771 1356 3839 restituit;
1403 3789 1464 3828 ac
1486 3774 1626 3828 datis
1658 3774 1841 3829 stabu-

245 3856 384 3919 lario
434 3850 646 3918 duobus
688 3854 951 3929 denariis,
997 3863 1100 3919 hoc
1155 3874 1255 3930 cst,
1294 3864 1534 3939 utrisque
1562 3865 1842 3923 divinica-

248 3950 413 4011 nonis
435 3950 823 4019 Testamentis,
858 3954 1032 4026 majus
1055 3958 1101 4011 ei
1130 3960 1410 4027 praemium
1444 3957 1729 4030 polliCctur
1751 4002 1764 4027 ,
1799 3956 1845 4016 si

249 4043 532 4122 diligentia
568 4066 663 4105 sua
694 4066 1011 4122 percussum
1046 4051 1323 4107 hominem
1356 4052 1419 4107 ad
1449 4064 1648 4107 statum
1676 4053 1848 4124 pristi-

250 4160 381 4200 num
436 4144 732 4200 reduxerit.
764 4136 833 4199 Et
882 4155 934 4198 tu
967 4159 1098 4215 ergo
1139 4144 1336 4214 collige
1386 4143 1631 4212 fratrem,
1686 4162 1845 4216 quem

250 4236 500 4293 diabolus
532 4236 672 4292 latro
701 4244 825 4291 cum
848 4236 1140 4291 satellitum
1166 4248 1389 4292 suorum
1431 4238 1587 4293 turba
1630 4248 1851 4307 percus-

252 4330 324 4387 sit
356 4347 370 4383 :
403 4328 619 4402 assigtta
654 4330 971 4396 stabulario,
1027 4327 1130 4386 hoe
1173 4341 1275 4400 est,
1310 4339 1333 4369 ε
1364 4326 1424 4386 Β.
1451 4335 1730 4404 episcopo,
1758 4332 1850 4405 qui

252 4425 297 4481 si
330 4426 458 4497 quid
490 4416 541 4479 in
573 4440 638 4480 eo
669 4423 1028 4496 impenderit,
1059 4426 1293 4497 amplius
1320 4443 1349 4482 a
1383 4427 1611 4484 Domino
1658 4444 1852 4487 conse-

253 4526 477 4589 quetur.
536 4515 646 4573 Sed
699 4516 834 4574 dicis
876 4518 1017 4574 forte
1048 4536 1062 4575 :
1096 4518 1190 4574 ille
1240 4521 1558 4577 vulneratus
1583 4531 1735 4588 erat;
1764 4523 1852 4578 hit:

253 4616 504 4666 mortuus
530 4618 637 4664 est.
670 4609 740 4664 Et
766 4617 824 4665 tu
852 4616 982 4680 ergo
1010 4611 1057 4666 st
1083 4615 1351 4668 tiiOrttmm
1383 4612 1542 4683 dicis,
1592 4614 1673 4670 vel
1696 4617 1847 4685 justa

1938 1997 2043 2052 nisi
2067 1996 2364 2063 occidatur,
2396 1996 2521 2067 quia
2546 1995 2727 2052 vivere
2753 2007 2846 2051 aut
2874 1996 3107 2053 evadere
3130 2012 3236 2052 non
3253 1996 3450 2067 poterit
3472 1995 3541 2052 de

1938 2092 2041 2149 hac
2066 2091 2263 2164 plaga?
2289 2088 2475 2149 Nescis
2507 2093 2763 2161 fortasse,
2793 2108 2915 2165 qua:
2943 2109 3100 2164 ptena
3118 2094 3541 2165 maneatdespe-

1939 2190 2186 2244 rantem?
2209 2187 2536 2243 llleuuutius
2563 2186 2742 2243 Saulis
2774 2186 2964 2242 mortis
2992 2187 3061 2262 (ll
3087 2188 3213 2260 Reg.
3238 2203 3278 2256 ι,
3303 2188 3339 2243 2
3366 2188 3535 2260 seqq.)

1938 2296 2065 2337 cum
2111 2280 2178 2335 ad
2235 2279 2400 2335 David
2459 2278 2723 2344 venisset.
2775 2290 2829 2335 et
2876 2278 3108 2335 referret
3155 2279 3206 2335 ei
3262 2280 3541 2335 inimicum

1939 2389 2098 2430 suum
2129 2391 2253 2430 esse
2277 2384 2642 2445 prostratum;
2678 2373 2844 2431 David
2872 2389 3088 2430 causam
3117 2376 3310 2431 mortis
3363 2375 3540 2446 inqui-

1938 2487 2088 2538 rens,
2145 2471 2355 2526 audivit
2400 2470 2469 2524 ab
2514 2486 2602 2536 eo,
2657 2470 2804 2540 quod
2862 2471 2977 2541 ipse
3004 2471 3223 2526 nuntius
3253 2470 3405 2526 illum
3434 2484 3539 2525 suo

1936 2566 2120 2636 gladio
2151 2565 2399 2635 peremit,
2423 2563 2628 2619 addens
2657 2573 2713 2618 et
2733 2564 2919 2619 dicens
2938 2562 3105 2630 :Quia
3125 2564 3356 2619 videbam
3401 2565 3540 2634 quod

1938 2659 2044 2713 ictu
2072 2658 2210 2712 illati
2234 2659 2289 2712 in
2310 2674 2364 2712 se
2392 2656 2618 2712 vulneris
2646 2674 2751 2712 non
2776 2668 2886 2712 erat
2906 2658 3137 2712 victurus
3160 2659 3178 2728 ί
3205 2656 3372 2728 Ibid.,
3405 2660 3497 2734 10)
3524 2678 3539 2727 ς

1937 2767 2099 2823 quem
2131 2750 2298 2806 David
2328 2750 2509 2804 statim
2541 2758 2713 2804 morte
2741 2748 3048 2814 damnavit;
3072 2765 3195 2805 eum
3222 2766 3538 2820 percussum

1941 2845 2008 2900 ab
2039 2844 2290 2900 hostibus
2335 2842 2686 2915 desperasset
2734 2857 2856 2898 csse
2886 2842 3175 2911 victurum,
3199 2853 3254 2899 et
3283 2859 3406 2909 eum
3448 2860 3542 2900 su-

1942 2938 2086 2994 blata
2117 2937 2233 3009 spei
2259 2936 2456 2992 fiducia
2489 2924 2817 3006 jugulasset.
2848 2936 2990 3002 Quin
3016 2936 3183 2990 immo
3210 2952 3360 2990 more
3385 2936 3545 2992 Davi.

1941 3029 2064 3086 dico
2085 3029 2403 3086 scindantur
2423 3028 2747 3084 vestimenta
2776 3026 2957 3082 cordis
2987 3037 3043 3083 et
3069 3028 3309 3096 pectoris
3339 3044 3353 3081 :
3387 3026 3540 3084 ﬂebi-

1942 3122 2009 3180 lis
2036 3138 2140 3178 vox
2190 3121 2408 3176 tollatur
2464 3122 2516 3175 in
2571 3118 2845 3190 planctum
2877 3136 2890 3173 :
2921 3121 3187 3175 doceatur
3239 3121 3541 3178 lamentum

1945 3214 2270 3271 lsraeliticus
2297 3214 2548 3284 populus,
2584 3213 2634 3268 id
2664 3224 2746 3268 est
2777 3212 2930 3283 plebs
2961 3213 3351 3281 ecclesiastica,
3381 3223 3438 3272 et
3460 3214 3543 3271 di-

1944 3319 2062 3363 cat:
2102 3304 2116 3344 ί
2152 3303 2375 3361 Subleva
2405 3303 2602 3374 lapides
2631 3313 2746 3358 tuos
2773 3320 2928 3377 super
2979 3304 3283 3360 altitudines
3314 3317 3450 3375 tuas,
3496 3318 3545 3364 et

1945 3402 2115 3473 cogita
2145 3400 2207 3454 de
2231 3399 2513 3471 interfectis
2543 3388 2670 3465 tuis,
2689 3397 2948 3469 quomodo
2971 3398 3265 3453 ceciderunt
3309 3410 3541 3471 potentes

1942 3497 1997 3551 in
2030 3494 2232 3566 prcelio.
2262 3492 2382 3548 Non
2407 3486 2779 3547 nuntieturhoc
2803 3492 2857 3546 in
2879 3488 3030 3558 Gelh,
3056 3508 3218 3564 neque
3237 3494 3546 3566 prtedicetur

1944 3589 1997 3644 in
2031 3580 2125 3643 viis
2149 3578 2441 3654 Ascalonis,
2474 3602 2537 3640 ne
2561 3586 2694 3657 forte
2717 3582 2955 3639 laetentur
2976 3584 3102 3654 ﬁlia:
3133 3586 3545 3665 alienigenarum

1944 3691 1993 3735 et
2020 3679 2377 3736 exhilarentur
2415 3678 2515 3748 ﬁlii
2560 3677 3041 3732 incircumcisorum
3069 3676 3258 3752 (Ibid.,
3296 3662 3386 3749 19,
3408 3662 3501 3753 ΞΟ)
3530 3698 3547 3748 ;

1946 3786 2002 3832 et
2034 3776 2262 3846 reliqua,
2287 3790 2408 3847 quae
2433 3774 2781 3831 continentur
2812 3774 2826 3824 i
2863 3773 3087 3830 lamenti
3138 3775 3305 3845 ipsius
3331 3774 3546 3843 edicto;

1948 3882 2002 3927 et
2028 3872 2193 3935 dicat,
2226 3879 2320 3924 aut
2348 3870 2636 3938 loquatur:
2677 3882 2804 3923 ecce
2834 3864 3153 3938 prohibetur
3183 3883 3250 3923 ne
3281 3869 3337 3924 in
3364 3870 3550 3926 termi-

1948 3965 2032 4019 nis
2054 3963 2216 4029 Getb,
2249 3978 2425 4032 neque
2461 3961 2517 4016 in
2548 3960 2749 4017 finibus
2777 3959 3085 4028 Ascalonis,
3107 3961 3208 4016 hoc
3227 3971 3332 4029 est,
3365 3962 3418 4016 in
3451 3977 3552 4018 no-

1952 4056 2121 4111 titiam
2168 4054 2507 4111 smcularium
2537 4055 2653 4109 sive
2680 4054 2955 4108 hominum
3004 4053 3426 4131 mundanorum,
3462 4069 3551 4110 ca-

1949 4164 2044 4206 sus
2074 4148 2255 4203 fratris
2284 4147 2367 4201 vel
2400 4148 2552 4202 ruina
2579 4147 2881 4204 seminetur
2905 4164 2917 4199 :
2941 4156 2995 4200 et
3023 4160 3124 4201 nos
3151 4147 3295 4217 passi
3340 4162 3555 4214 smnus,

1955 4251 2060 4297 nun
2090 4244 2265 4295 solum
2289 4240 2459 4310 ipsam
2488 4242 2647 4309 quam
2670 4224 2855 4292 incolit
2891 4236 3190 4304 civitatem,
3239 4237 3335 4292 seu
3388 4238 3554 4293 etiam

1956 4341 2126 4389 totum
2160 4322 2347 4389 urbem
2371 4322 2529 4385 fama:
2581 4329 2754 4400 ipsius
2795 4314 3182 4399 desperatione
3234 4316 3557 4399 compleri?

1952 4428 2147 4485 Nonne
2177 4416 2302 4483 huic
2325 4432 2601 4497 praecepto
2623 4422 2865 4479 cohaeret
2881 4422 3047 4479 etiam
3079 4422 3172 4478 ille
3203 4423 3562 4495 evangelicae

1955 4535 2161 4587 sermo,
2195 4519 2287 4591 qui
2312 4519 2445 4575 dicit
2478 4536 2491 4573 :
2522 4516 2584 4572 Si
2610 4515 2893 4586 peccaverit
2919 4515 2975 4569 iit
3004 4520 3051 4570 te
3075 4515 3240 4589 frater
3272 4524 3413 4584 tuus,
3443 4514 3561 4567 cbr-

1954 4616 2069 4687 ripe
2088 4622 2203 4670 eunt
2234 4610 2415 4681 solus;
2438 4600 2577 4684 quod
2608 4612 2655 4666 si
2682 4608 2730 4666 le
2757 4598 3002 4676 audierit,
3033 4606 3272 4665 lucratus
3301 4610 3356 4666 ei
3396 4618 3511 4664 sum
3547 4622 3566 4661 :

255 4695 440 4759 Elisaai
464 4694 615 4758 illum
643 4716 765 4759 ossa
797 4676 1068 4760 constitue
1094 4700 1183 4778 (IV
1216 4696 1347 4780 Reg.
1381 4722 1498 4774 sm,
1527 4676 1592 4761 ἐι
1613 4706 1653 4775 ).
1686 4676 1847 4773 Nolo,
1875 4676 1928 4737 D
1956 4676 2192 4765 siautem
2223 4724 2325 4763 non
2347 4676 2670 4771 te'uudierit,
2717 4694 2910 4758 adhibe
2946 4712 3114 4759 tecum
3158 4704 3290 4759 duos
3336 4704 3416 4759 vel
3461 4708 3566 4756 tres

256 4805 321 4853 ut
343 4811 466 4852 eum
497 4795 658 4868 longe
686 4811 940 4867 segreges
970 4814 1000 4852 a
1027 4796 1229 4853 Christi
1257 4799 1543 4868 membris,
1571 4800 1694 4870 quia
1738 4801 1853 4871 ipse

255 4888 536 4945 consortio
565 4890 849 4945 meliorum
876 4889 1186 4956 erubescet,
1216 4901 1268 4945 et
1299 4900 1545 4962 resurget
1565 4892 1632 4947 ad
1661 4893 1849 4947 vitam.

253 4980 371 5037 Non
402 4981 807 5039 emendationis
838 4992 1060 5054 parvam
1094 4995 1247 5055 putes
1277 4998 1400 5041 esse
1437 4982 1456 5024 ΐ
1492 4996 1851 5055 lOrmentum,

257 5077 301 5132 si
336 5085 599 5149 peccator
625 5066 1363 5135 adsciscitur-incensurum
1396 5081 1707 5150 beatorum;
1731 5082 1854 5153 quia

1961 4810 2109 4856 testes
2139 4799 2356 4872 (Matth.
2378 4812 2530 4861 xuii,
2556 4795 2646 4867 16,
2679 4793 2793 4867 16),
2834 4806 2886 4852 et
2936 4795 3144 4868 reliqua
3170 4809 3291 4868 quas
3317 4793 3568 4853 continet

1958 4908 2141 4952 sermo
2166 4893 2440 4965 prtecepti.
2476 4879 2638 4947 Vides
2659 4896 2791 4962 ergo
2812 4890 2939 4961 quid
2966 4889 3123 4947 dicit:
3150 4886 3235 4947 Ne
3263 4884 3563 4946 exltilar‘e’fté

1959 4996 2044 5042 tur
2064 4987 2164 5056 ﬁlii
2179 4985 2677 5041 incircumcisorum.
2697 4982 3088 5060 Memiserum,
3115 4986 3209 5056 qui
3231 4984 3335 5041 ista
3363 4998 3568 5055 cogno-

1962 5097 2076 5138 sco.
2106 5081 2228 5138 Filii
2251 5082 2395 5138 enim
2440 5079 2945 5136 itioiretnnoisorutn
2975 5082 3067 5152 qui
3092 5091 3220 5139 sunt
3248 5081 3355 5138 nisi
3387 5080 3567 5137 homi-

296 5288 375 5332 ua:
402 5285 671 5355 morantur
696 5276 748 5332 in
776 5277 939 5335 silvis.
970 5270 1124 5350 Apud
1161 5266 1328 5347 LXX,
1361 5279 1615 5339 similiter
1629 5282 1698 5345 ὡς
1717 5285 1747 5342 ἡ
1766 5285 1861 5355 μία
1965 5283 2114 5339 bros.
2144 5282 2551 5355 Rursumnum.
2574 5282 2839 5339 “laudat
2867 5283 3216 5341 beatissimum
3240 5284 3570 5355 pontiﬁcem:

296 5295 375 5332 ua:
402 5295 671 5333 morantur
696 5295 711 5332 t

256 5295 449 5427 gopxéj
480 5350 528 5405 ἐν
549 5351 711 5427 ἀγρῷ.

332 5418 357 5457 δ
401 5418 826 5495 Gryn.,'"'lstu_m
881 5424 1206 5494 persequitur
1261 5422 1451 5477 Abner.
1506 5418 1722 5491 Ambr.,
1756 5418 1866 5483 Iste

259 5488 383 5547 dum
404 5488 726 5619 persequitur
741 5488 930 5547 Abner.

334 5564 362 5602 ι’
451 5575 702 5619 eaantetn
732 5564 930 5619 DartiCt

451 5583 480 5619 θ

483 5575 702 5649 gantem
732 5564 1057 5649 particulam
1077 5580 1247 5647 quam
1280 5565 1560 5649 interserit
1592 5568 1858 5640 Dignatus,

268 5634 636 5707 expungimus
657 5648 761 5707 ope
794 5654 894 5689 ms.
924 5642 982 5707 et
1007 5639 1193 5707 prima:
1227 5634 1501 5707 editionis.

337 5702 360 5747 έ
404 5702 570 5784 iidem
616 5702 1364 5784 libriemendantMargarini
1414 5710 1705 5776 editiones,
1740 5726 1862 5784 quae

262 5779 475 5851 legunt
506 5780 817 5833 immodicw.

340 5850 365 5933 (1
606 5851 1083 5933 Τοῦ-ἔχθρρῦρξοιμ
1111 5850 1293 5924 Vulgi,
1324 5854 1543 5933 odientis
1574 5864 1643 5910 te.

346 5932 371 5960 ο
411 5916 672 5978 Litteram
707 5916 848 5976 hanc
874 5916 1137 5979 initialem
1169 5916 1550 5996 non'agnoscit
1573 5916 1697 5982 cod.
1744 5922 1868 5981 Am-

1968 5354 2172 5426 dehoe
2200 5354 2425 5410 honoris
2456 5355 2616 5426 titulo
2643 5356 2859 5426 egimus
2890 5356 3035 5412 Diss.
3067 5358 3120 5422 1,
3150 5370 3272 5424 cap.
3302 5358 3357 5411 6.

2047 5425 2065 5464 ί
2111 5420 2184 5480 ita
2213 5435 2362 5482 recte
2395 5425 2606 5491 Ambm
2666 5420 2860 5483 s'ensus
2888 5436 3073 5482 tamen
3105 5420 3345 5498 postulat
3376 5436 3435 5481 ut
3465 5439 3564 5497 pro

1970 5507 2282 5553 tormentum
2312 5501 2574 5568 legamus,
2620 5508 2954 5555 momentum.

2046 5580 2071 5617 κ
2100 5570 2266 5639 Edit.,
2298 5562 2511 5626 Chi-isti.
2541 5562 2740 5625 Melius
2766 5569 2959 5625 Ambr.
2993 5580 3154 5638 quem
3189 5569 3496 5639 sequimur.

2046 5638 2073 5678 ί*
2105 5640 2179 5695 Ita
2209 5636 2399 5713 Anthr.
2429 5646 2497 5697 At
2524 5642 2702 5711 Dign.,
2730 5658 2848 5695 cum
2895 5636 3056 5712 ipsius
3106 5636 3334 5711 nuptlte.
3363 5642 3574 5713 Grynn,

1969 5730 2084 5768 cum
2110 5711 2321 5783 sceleris
2371 5713 2556 5783 ipsius.

2050 5785 2061 5821 ⁵
2099 5776 2268 5852 LXX,
2297 5776 2583 5852 στήλωσον,
2610 5784 2754 5854 quod
2785 5780 3059 5855 signiﬁcat
3080 5785 3318 5840 ttitulnm
3342 5784 3589 5853 imrrilac,
3671 5804 3677 5810 '

1972 5859 2182 5926 cippum
2230 5860 2384 5927 erige.

2052 5929 2064 5977 i
2115 5928 2307 5984 Anthr.
2337 5929 2562 5984 continet
2585 5928 2794 5984 lamenti
2824 5928 2986 6000 ipsius
3014 5928 3192 5984 editio.
