4060 6344
518 306 657 365 1047

1799 306 2049 364 BACIIH
2065 306 2153 362 Rll
2192 305 2494 363 MONACHI

3668 304 3796 361 1043

508 436 607 478 nes
630 420 789 493 hujus
803 422 1014 489 saeculi,
1041 424 1091 478 in
1124 424 1327 494 peccati
1352 424 1432 478 sui
1463 438 1651 479 errore
1676 432 1697 459 θ
1729 422 2110 495 etgeutilitate
2136 427 2185 488 Α
2212 424 2423 496 rugiens
2452 424 2655 489 circuit,
2686 438 2924 495 quterens
2953 440 3099 495 quem
3128 425 3333 477 devoret
3358 422 3377 494 (
3405 420 3420 475 l
3458 420 3577 476 Pet.
3620 436 3675 486 v,
3708 421 3801 493 8).

512 517 799 573 viventes?
830 516 894 573 lli
918 532 1047 590 ergo
1071 518 1459 583 exbilarantur,
1493 531 1616 573 cum
1642 516 1863 572 audiant
1899 516 2113 571 ruinam

513 609 703 665 militis
731 610 954 679 Christi,
984 612 1068 666 vel
1099 626 1165 666 ex
1215 610 1357 664 illius
1380 625 1437 665 se
1460 610 1813 665 consolantur
1842 624 2009 677 Opere
2034 608 2115 663 di-

515 714 706 761 centes
735 725 746 759 :
777 706 917 761 Ecce
947 706 1039 775 qui
1084 702 1282 759 nobisb
1307 704 1671 773 exprobratur
1698 719 1727 757 a
1762 702 1977 759 caeteris
2007 720 2020 757 :
2047 702 2115 757 ad

515 802 674 871 cujus
697 801 1009 869 exemplum
1031 798 1361 867 cOgebamur
1392 800 1607 863 vivere;
1638 798 1727 868 qui
1754 814 1877 853 cum
1921 810 2115 853 nostro

516 895 834 948 emersisset
862 909 891 947 e
914 906 1163 962 carpere,
1188 902 1369 947 tamen
1393 892 1458 947 ad
1474 892 1841 946 confusionem
1873 902 2114 945 nostram

517 987 625 1041 vita
673 976 795 1058 ejus
846 987 1129 1043 dicebatur
1160 1001 1280 1041 esse
1329 986 1631 1041 dissimilis.
1684 986 1952 1056 Numquid
2006 1002 2113 1042 non

516 1082 711 1136 melius
743 1089 864 1136 erat
905 1095 1009 1136 nec
1059 1080 1319 1135 inchoare
1363 1081 1505 1152 quod
1561 1081 1766 1137 bonum
1812 1092 1915 1148 est,
1952 1097 2115 1149 quam

515 1182 627 1227 tam
649 1176 879 1243 turpiter
899 1173 1121 1241 cadere,
1153 1185 1244 1228 aut
1273 1190 1379 1228 non
1402 1189 1559 1244 posse
1582 1190 1640 1229 se
1670 1176 1943 1243 complere
1969 1174 2116 1246 quod

517 1266 785 1335 cameris?
810 1266 1151 1332 Nescientes,
1182 1267 1324 1337 quod
1352 1266 1556 1337 judicio
1587 1270 1678 1324 liei
1712 1269 1972 1339 majorem
2007 1268 2117 1324 for-

517 1359 657 1413 sitan
680 1362 1083 1415 excusationem
1113 1361 1366 1416 habitura
1395 1363 1465 1416 sit
1490 1364 1692 1428 anima,
1747 1378 1867 1434 qum
1916 1363 2115 1418 bonum

516 1454 759 1509 voluisse
790 1464 842 1508 et
872 1456 941 1507 ab
969 1455 1287 1509 insitliatore
1318 1455 1667 1524 supplantata
1694 1471 1817 1510 esse
1845 1460 2114 1522 noscitur,

516 1564 679 1617 quam
715 1564 776 1603 ea
808 1564 929 1615 qua:
958 1548 1177 1603 rebellis
1199 1550 1334 1616 Deo,
1365 1564 1430 1604 ex
1464 1551 1682 1604 servilis
1733 1550 2117 1619 desperatione

515 1640 821 1696 formidinis
872 1642 1044 1710 magis
1102 1643 1327 1713 elegerit
1377 1643 1504 1713 jugo
1551 1644 1883 1713 captivitatis
1915 1644 2113 1711 addici,

516 1750 679 1806 quam
710 1737 1007 1805 periculum
1047 1736 1364 1791 certaminis
1420 1737 1675 1807 experiri.
1736 1737 1926 1791 Nonne
1975 1738 2114 1807 apud

513 1843 697 1899 regem
725 1843 885 1883 suum
914 1840 936 1867 ο
970 1829 1125 1884 miles
1154 1839 1445 1884 excusatur
1493 1830 1726 1900 propriis
1777 1832 2111 1898 vulneribus,
2148 1828 2192 1888 B

514 1930 569 1976 et
594 1920 913 1991 plerumque
933 1930 1220 1976 strenuum
1253 1921 1569 1976 bellatorem
1622 1922 1935 1977 cicatricum
1986 1937 2114 1977 sua-

516 2028 639 2068 rum
665 2014 821 2085 plaga
853 2014 1214 2069 commendat.

594 2108 683 2163 ll.
719 2107 825 2165 Sed
874 2102 1257 2178 praetermissis
1304 2108 1410 2173 his,
1467 2111 1757 2181 plangatur
1798 2110 2111 2175 defunctus,

517 2198 816 2271 sepeliatur
868 2210 1150 2266 mortuus;
1180 2200 1229 2256 id
1275 2211 1382 2266 est,
1413 2203 1610 2273 partim
1654 2215 1845 2258 nostro
1904 2205 2114 2269 labore,

517 2294 713 2363 partim
768 2295 1114 2349 verecundiae
1168 2308 1281 2349 sure
1323 2294 1645 2351 confusione
1684 2306 1967 2367 peccatum
1997 2299 2118 2367 ejus

512 2388 749 2454 celetur,
810 2397 866 2445 et
906 2390 1186 2446 auferatur
1212 2408 1241 2447 e
1274 2392 1477 2448 medio.
1508 2392 1619 2447 Nos
1648 2403 1831 2449 autem
1861 2395 2117 2450 consola—

514 2480 680 2537 tionis
708 2482 1029 2539 linteamina
1059 2496 1113 2539 et
1140 2485 1382 2540 ccelestis
1436 2487 1551 2556 spei
1597 2488 1873 2558 pigmenta
1913 2490 2120 2543 tribua-

516 2592 637 2631 mus
667 2594 679 2629 :
712 2577 825 2647 ipse
855 2588 1036 2633 autem
1064 2580 1203 2633 intra
1251 2581 1556 2650 sepulcrum
1590 2583 1789 2637 secreti
1836 2584 1941 2649 sui,
1990 2599 2121 2638 con-

516 2668 669 2724 fusus
700 2670 906 2738 peccati
922 2671 1125 2740 pudore
1142 2673 1416 2727 contineat
1437 2687 1527 2739 se;
1550 2673 1624 2728 ibi
1638 2676 1987 2730 consc'entim
2006 2690 2118 2729 sure

514 2782 701 2822 verme
724 2767 1016 2835 laceretur,
1039 2769 1131 2839 qui
1156 2766 1182 2805 (ι
1217 2778 1357 2825 totas
1390 2770 1441 2824 in
1472 2786 1538 2824 co
1570 2770 1887 2839 putredines
1929 2787 2120 2840 pecca-

517 2869 698 2914 torum
727 2871 1034 2924 consumat,
1064 2861 1238 2917 donec
1268 2863 1477 2916 nullum
1508 2878 1579 2918 ex
1608 2878 1668 2917 se
1695 2862 1921 2919 fetorem
1957 2864 2119 2920 fama

518 2952 695 3022 turpis
721 2954 955 3009 emittat.
986 2952 1177 3009 Nonne
1206 2954 1286 3009 sic
1312 2955 1503 3010 beatus
1526 2954 1728 3011 Tobias
1775 2958 1985 3011 veniam
2020 2959 2123 3014 mi-

517 3048 831 3103 sericordiae
889 3048 1129 3104 caelestis
1170 3050 1424 3117 emeruit,
1462 3051 1691 3105 mortuis
1720 3052 1771 3106 in
1802 3053 2120 3122 captivitate

516 3137 781 3195 fratribus
858 3142 1103 3198 tribuens
1153 3144 1539 3213 sepulturam?
1585 3145 1773 3206 credo,
1804 3146 1969 3212 lapsis
2019 3147 2121 3202 sub

2216 516 2318 584 Qui
2346 524 2523 571 tamen
2550 516 2704 587 juxta
2736 516 2969 573 cadaver
2993 518 3111 589 ejus
3136 518 3362 580 assistit,
3405 523 3471 571 ut
3494 516 3601 571 nisi
3654 514 3806 573 fuerit

2215 610 2282 663 ad
2308 609 2567 664 Ecclesia:
2594 611 2769 664 sinum
2795 620 2850 664 ct
2877 611 3183 682 sepulcrum
3215 618 3518 680 portatum,
3560 608 3615 662 in
3639 607 3807 666 cilium

2215 704 2265 759 ei
2290 718 2580 772 escamque
2605 702 2911 772 proﬁceret.
2959 702 3064 759 Sed
3090 719 3188 758 nos
3217 702 3304 755 vel
3326 700 3811 771 pseudoprophetis:

2217 798 2494 853 imitemur
2514 798 2747 852 alliciam
2771 813 2786 862 ;
2809 808 2863 851 et
2888 812 3011 853 eum
3034 813 3192 867 quem
3225 796 3499 861 percussit
3546 794 3808 862 diabolus,

2219 903 2243 941 κ
2271 893 2453 948 debito
2482 892 2739 947 omnibus
2761 893 2968 947 honore
2995 892 3345 947 tumulemus.
3375 889 3532 946 Solet
3576 887 3811 945 Christus

2217 987 2287 1043 de
2320 988 2413 1042 tali
2444 987 2693 1057 sepulcro
2718 998 2965 1041 mortuos
3014 987 3285 1040 suscitare
3316 1002 3328 1039 :
3358 994 3571 1038 tantum
3619 996 3689 1037 ne
3731 996 3812 1037 ca-

2218 1081 2385 1136 daver
2412 1080 2529 1150 ejus
2578 1079 2950 1134 devorandum
2983 1078 3111 1133 feris
3168 1089 3261 1131 aut
3319 1075 3567 1143 alitibus,
3612 1075 3663 1129 id
3714 1083 3811 1143 est,

2218 1174 2363 1229 vitiis
2391 1175 2504 1228 sive
2525 1172 2834 1237 hominibus
2863 1172 3047 1226 Sa-cnli
3094 1171 3496 1240 relinquamus.
3545 1166 3804 1235 Qualiter,

2219 1283 2366 1339 rogo,
2393 1267 2460 1321 de
2490 1266 2861 1322 misericordia
2894 1266 3103 1321 Domini
3146 1278 3459 1335 possumus
3507 1260 3812 1329 desperare,

2217 1360 2307 1431 qui
2328 1362 2489 1413 etiam
2513 1359 2851 1414 Pharaonem
2871 1359 3067 1429 arguit,
3102 1373 3270 1428 quare
3324 1371 3671 1426 nequaquam
3718 1368 3812 1424 pm-

2220 1455 2395 1506 nitere
2417 1451 2667 1521 dignatus
2694 1452 2783 1516 sit,
2822 1449 3009 1504 dicens
3043 1450 3093 1503 in
3126 1450 3418 1520 pr0pltetia
3474 1446 3808 1501 Pharaonis:

2216 1543 2442 1598 Brachia
2470 1547 2604 1616 regis
2630 1544 2850 1617 .«Egypti
2878 1545 3133 1608 contrivi;
3160 1555 3207 1597 et
3240 1560 3345 1597 non
3368 1551 3444 1597 est
3510 1543 3809 1611 deprecatus

2220 1647 2273 1692 ut
2332 1638 2544 1691 daretur
2597 1640 2649 1692 in
2706 1655 2765 1692 eo
2808 1639 3025 1703 sanitas,
3058 1646 3101 1691 et
3128 1637 3433 1691 redderetur
3470 1637 3519 1691 ei
3565 1636 3725 1689 t'irtus
3752 1635 3812 1688 ad

2221 1734 2759 1799 comprehendendum
2791 1731 3024 1804 gladium
3058 1730 3273 1803 (ffzech.
3308 1747 3438 1799 xxx,
3482 1731 3601 1800 9.5).

2296 1830 2381 1885 12.
2428 1828 2684 1885 Salomon
2710 1824 2734 1863 ιι
2765 1828 2855 1882 ille
2884 1826 3164 1895 mirabilis,
3188 1827 3282 1894 qui
3316 1827 3517 1881 meruit
3563 1826 3815 1881 adsisttici

2221 1924 2319 1979 Dei
2349 1924 2503 1996 (Sap.
2538 1940 2611 1986 tx,
2637 1920 2714 1993 4),
2744 1922 2845 1977 hoc
2860 1931 2963 1986 est,
3000 1922 3293 1992 Sapientiae
3324 1921 3597 1991 copulari,
3627 1922 3679 1976 in
3706 1921 3817 1975 alie-

2222 2019 2541 2087 nigenarum
2579 2017 2865 2071 mulierum
2911 2017 3138 2069 incurrit
3164 2015 3490 2084 amplexus;
3521 2023 3578 2069 et
3609 2011 3819 2071 vinculo

2221 2111 2457 2167 libidinis
2501 2112 2853 2178 illaqucalns,
2884 2110 3046 2164 etiam
3094 2108 3373 2179 sacrilegii
3404 2124 3599 2164 errore
3632 2124 3691 2164 se
3712 2108 3816 2175 pol-

2223 2204 2343 2270 luit,
2374 2202 2593 2273 quando
2650 2202 2999 2257 simulacrum
3052 2202 3287 2257 Chamos
3334 2200 3635 2255 Moabitico
3685 2200 3816 2255 idolo

2223 2297 2511 2352 fabricavit
2537 2296 2629 2366 (Ill
2655 2294 2845 2367 Reg.x1
2871 2337 2885 2359 ,
2912 2294 3149 2371 l7)._Sed
3201 2295 3296 2365 qui
3326 2310 3429 2366 per
3460 2292 3473 2331 ί
3504 2294 3815 2365 prophetam

2222 2392 2436 2461 culpam
2485 2391 2688 2444 erroris
2723 2390 2979 2459 agnovit,
3036 2387 3296 2458 numquid
3356 2388 3371 2439 i
3436 2387 3817 2444 misericordia:

2222 2485 2461 2541 cmlcsus
2492 2484 2728 2539 extorris
2766 2484 2891 2537 est?
2948 2485 3016 2537 At
3052 2482 3277 2538 forsitan
3325 2483 3479 2540 dicas
3511 2483 3813 2553 :Nusquam

2223 2593 2346 2633 eum
2376 2578 2426 2631 in
2460 2591 2666 2631 canone
2724 2577 2840 2647 lege
2885 2578 3231 2645 paenituisse,
3276 2593 3456 2649 neque
3514 2579 3815 2633 misericor-

2227 2671 2372 2725 diam
2396 2678 2775 2725 consecutum.
2810 2667 2833 2706 κ
2859 2668 2999 2724 Audi
3022 2685 3183 2739 ergo,
3209 2671 3399 2726 frater.
3439 2671 3814 2727 Pmnitentiam

2224 2764 2341 2834 ejus
2372 2780 2490 2834 qure
2514 2780 2617 2817 non
2646 2762 2902 2817 scribitur
2923 2763 3152 2832 publicis
3182 2764 3418 2834 legibus,
3443 2763 3681 2818 fortasse
3704 2763 3814 2818 ideo

2223 2855 2612 2927 acceptabilem
2631 2856 2793 2926 aliqui
2811 2855 3012 2919 dicant,
3034 2857 3161 2925 quia
3182 2872 3285 2910 non
3308 2855 3373 2910 ad
3399 2856 3594 2911 faciem
3621 2856 3813 2925 populi,

2222 2951 2317 3007 sed
2350 2952 2403 3005 in
2427 2964 2638 3005 secreto
2668 2949 3039 3011 conscientiae.
3076 2949 3186 3004 Deo
3211 2959 3377 3014 teste,
3408 2948 3688 3020 paenituit.
3724 2948 3815 3002 γε.

2223 3046 2365 3101 niam
2395 3053 2574 3099 autem
2607 3060 2673 3098 ex
2709 3044 2814 3098 hoc
2844 3050 3201 3097 consecutum
3221 3057 3347 3099 esse
3392 3042 3812 3112 cognoscimus;

2223 3139 2346 3211 quia
2379 3154 2501 3193 cum
2530 3137 2736 3191 solutus
2770 3135 2961 3191 fuisset
3000 3152 3030 3191 a
3071 3151 3323 3207 corpore,
3368 3136 3644 3207 sepoltmn
3671 3136 3814 3192 illum

516 3233 811 3289 mundialis
832 3236 1095 3305 principis
1123 3236 1498 3293 dominatione
1531 3238 1765 3291 suadens
1802 3239 2114 3294 insinuans-
2146 3228 2192 3293 C
2225 3232 2368 3286 inter
2388 3246 2575 3299 regum
2609 3229 2976 3284 Ismeniam!"
3008 3244 3239 3299 ρονροττι
3270 3230 3556 3299 Scriptura
3584 3245 3815 3286 comme-

518 3342 623 3399 que
652 3331 1026 3397 paenitentiam
1054 3328 1208 3401 (Tob.
1230 3345 1268 3393 ι,
1306 3330 1392 3395 18;
1417 3345 1478 3393 tt,
1517 3329 1595 3400 9).
1624 3330 1689 3384 Et
1720 3346 1816 3383 nos
1846 3346 2000 3401 ergo,
2030 3348 2117 3388 se-

513 3423 751 3477 cundum
776 3422 917 3492 quod
950 3431 1218 3483 meretur,
1275 3436 1473 3491 c0rpus
1517 3422 1658 3475 illius
1685 3432 1707 3458 ι’
1736 3434 2113 3491 cmtegamus.

516 3515 659 3572 Ecce
700 3517 831 3571 exiit
876 3515 1138 3586 propheta
1166 3515 1236 3568 de
1267 3514 1602 3569 llierusalem
1628 3514 1718 3585 (lll
1776 3516 1909 3589 Reg.
1943 3535 2057 3583 χιιι,
2084 3521 2111 3575 l

516 3606 707 3679 seqq.),
770 3608 870 3663 hoc
921 3618 1024 3667 est.
1055 3608 1123 3662 de
1162 3607 1326 3660 domo
1374 3606 1590 3661 Domini
1616 3609 1876 3663 adversus
1925 3610 2116 3667 Bcthel

516 3718 638 3773 qua:
667 3700 1035 3757 fornicabatur
1060 3718 1089 3755 a
1117 3700 1371 3764 Domino,
1405 3699 1453 3753 id
1477 3711 1580 3769 est,
1604 3701 1787 3755 mundi
1821 3702 1973 3755 istius
1992 3704 2121 3757 civi-

517 3803 721 3860 tatem;
777 3796 861 3849 cui
897 3799 1231 3864 praeceperat
1275 3792 1556 3857 Dominus,
1600 3808 1669 3847 ne
1716 3794 1783 3847 de
1827 3794 1948 3848 cibo
2002 3799 2122 3864 ejus

511 3896 756 3959 gustaret
810 3896 903 3941 aut
952 3893 1101 3956 potu.
1136 3883 1244 3939 Sed
1268 3886 1357 3954 qui
1404 3897 1504 3954 per
1557 3882 2121 3953 pseudoprophetam,

517 3985 570 4039 id
596 3992 700 4048 est,
725 3998 819 4053 per
868 3981 1116 4050 Spiritum
1167 3978 1566 4044 fornicationis,
1617 3977 1880 4047 deceptus
1920 3988 2006 4033 est
2052 3980 2122 4034 ab

515 4077 719 4147 iniquo,
762 4074 952 4131 cecidit
982 4074 1033 4128 in
1060 4082 1385 4143 potestatem
1418 4071 1596 4127 leonis
1624 4086 1688 4126 ac
1722 4070 1992 4137 rsortem,
2025 4075 2119 4144 qui

596 4214 741 4268 “Pro
768 4222 816 4267 et
850 4213 899 4265 in
925 4210 1115 4267 Amhr.
1140 4228 1223 4265 ex.
1255 4209 1610 4281 Synrhronus
1637 4223 1829 4265 auctor
1854 4212 2112 4278 Epismla:

520 4288 589 4341 ad
621 4282 931 4339 Monachum
957 4285 1184 4353 lapsum,
1214 4284 1281 4337 45
1318 4286 1455 4337 inter
1498 4282 1799 4337 Basilianas
1834 4299 1992 4353 fnum.
2018 4284 2111 4351 ‘21;

516 4358 864 4431 Captiuaruut,
902 4352 1363 4431 ait,facti_sumus
1410 4353 1662 4431 tragoedia
1688 4369 1706 4416 ,'
1737 4370 1767 4406 a
1817 4352 2019 4409 Judteis
2066 4368 2114 4409 et

518 4424 793 4502 gentilibus
822 4442 902 4479 res
928 4436 1117 4502 nostra!
1137 4426 1198 4502 in
1219 4442 1426 4479 scenam
1451 4424 1799 4479 deducuntur.

590 4500 620 4539 δ
663 4499 851 4563 Forte,
874 4496 1301 4567 exprobrabatur.

593 4582 616 4610 ο
660 4570 915 4641 Giyu.et
968 4570 1155 4622 Ambr.
1214 4569 1586 4624 consentiunt.
1629 4568 1804 4623 Minus
1860 4581 2010 4627 recte
2066 4574 2115 4627 in

522 4644 679 4708 Bign.
712 4641 869 4704 edit.,
900 4655 1051 4692 suum
1083 4654 1260 4693 excus.
1294 4656 1471 4710 propr.
1499 4641 1638 4693 vuln.
1670 4651 1718 4693 et
1744 4643 1905 4697 miles.

586 4714 615 4753 ἀ
657 4713 825 4775 Edit.,
883 4719 1041 4763 totus.

594 4796 619 4823 ο
661 4785 841 4853 Btgu.,
866 4782 1206 4851 contigamus.
1261 4781 1572 4850 Elegantem
1597 4797 1663 4836 ac
1684 4799 1866 4838 veram
1923 4785 2116 4841 lectio-

515 4874 641 4914 nem
699 4853 1039 4909 reslllllilnlls
1070 4868 1136 4907 ex
1170 4860 1471 4906 vetustiore
1519 4853 1736 4925 Gryna-i
1776 4856 2016 4913 editione
2044 4876 2113 4914 ex

512 4930 705 4984 codice
730 4925 1113 4978 Atubrosiano.

598 5000 615 5037 τ
659 4994 836 5067 Quid?
859 4996 902 5046 si
938 4993 1253 5067 liachiaritts
1304 4996 1585 5063 scripserit
1613 4997 1796 5066 fortem
1826 5014 1969 5067 :qno
2016 5018 2114 5056 no-

519 5071 667 5128 mine
684 5064 784 5122 'leo
814 5064 1058 5119 innititur
1086 5064 1138 5140 in
1166 5064 1451 5140 Samsouis
1479 5064 1766 5137 aenigmate
1787 5064 1961 5123 ludia.
1997 5090 2109 5140 XIV,

520 5143 609 5199 M.
649 5141 872 5208 Vulgata
904 5146 1085 5214 tamen
1121 5137 1285 5191 lectio
1317 5138 1445 5192 ferri
1472 5149 1672 5209 p0tcst,
1718 5140 1881 5211 eique
1913 5137 2113 5214 astipu-

516 5216 663 5271 latur
691 5215 863 5267 codex
892 5213 923 5263 Α
938 5208 1141 5262 mbros.

588 5296 614 5334 tr
652 5284 869 5349 Amhr.,
903 5281 1040 5332 omni
1063 5280 1231 5334 debito
1253 5282 1582 5336 (simulemus.

588 5356 614 5394 ¹³
656 5358 736 5412 Ad
769 5368 920 5429 oram
951 5352 1072 5406 libri
1102 5352 1289 5429 .tmbr.
1320 5356 1506 5429 rubens
1528 5355 1723 5414 litteris
1738 5359 1998 5429 scriptum
2028 5368 2110 5414 est

516 5428 820 5484 Salomonis
847 5440 1068 5489 nomen,
1095 5433 1155 5477 ut
1187 5425 1418 5477 lectores
1450 5425 1591 5480 forte
1638 5425 1991 5485 monereutur
2016 5446 2107 5484 ex-

513 5510 665 5555 stare
710 5500 812 5551 hoc
859 5498 979 5549 loco
1024 5493 1343 5564 prmclaram
1392 5502 1819 5567 sententiam,et
1851 5504 2109 5557 tht-rva-

518 5574 668 5626 tione
696 5573 932 5643 dignam.
971 5568 1122 5643 lllaiu
1151 5567 1423 5643 excerpsit
1448 5566 1760 5643 Fulbertus.
1792 5589 1950 5643 quem
1985 5574 2102 5627 lau-

515 5644 763 5714 davimus
817 5639 1044 5714 Dissert.
1078 5638 1151 5714 2,
1213 5652 1335 5714 cap.
1384 5639 1437 5714 '_'o.
1494 5639 1634 5698 Male
1659 5638 1857 5697 ibidem
1886 5645 2101 5714 legitur,

511 5715 676 5767 astrui
706 5712 837 5773 Deo,
868 5712 1135 5775 sapientiae
1162 5710 1419 5778 copulari.
1454 5714 1656 5780 Aperte
1682 5710 1999 5769 Bachiarius
2027 5717 2107 5770 al-

513 5785 647 5838 ludit
669 5784 733 5837 ad
762 5783 908 5836 illam
939 5784 1241 5836 orationem
1272 5781 1401 5852 Sap.
1438 5798 1515 5845 is,
1540 5792 1603 5837 4:
1640 5783 1721 5838 Da
1749 5788 1874 5840 mihi
1902 5787 2103 5840 sedium

507 5864 717 5909 tuarum
768 5852 1075 5907 assistricem
1122 5853 1450 5918 sapientiam.
1507 5854 1581 5909 Ex
1642 5873 1751 5927 quo
1814 5859 2097 5917 discimus,

2146 4534 2197 4593 D

2224 3334 2401 3381 morat
2430 3324 2606 3396 :quod
2637 3334 2821 3379 tamen
2845 3323 2973 3378 alibi
3006 3325 3387 3393 peccatoribus
3410 3326 3638 3396 regibus
3662 3327 3817 3381 abne-

2223 3427 2403 3488 gatam
2458 3432 2581 3475 esse
2635 3416 3036 3487 cognoscimus,
3091 3418 3182 3483 qui
3215 3432 3386 3487 usque
3418 3417 3471 3472 in
3504 3419 3671 3473 linem
3700 3418 3817 3473 vitae

2223 3528 2337 3568 sua:
2390 3514 2441 3567 in
2489 3512 2750 3581 propositi
2817 3512 3174 3580 perversitate
3222 3522 3674 3576 manserunt;et
3700 3516 3816 3570 ideo

2223 3608 2348 3676 quia
2373 3607 2513 3661 inter
2532 3622 2685 3677 reges
2711 3606 2888 3675 justo<
2911 3606 3110 3660 meruit
3140 3604 3381 3676 sepeliri,
3413 3623 3523 3663 non
3570 3607 3674 3663 fuit
3693 3610 3819 3666 alie-

2228 3716 2329 3757 nus
2358 3716 2387 3755 a
2414 3701 2569 3755 venia
2606 3719 2618 3755 :
2652 3699 2864 3755 veniam
2892 3710 3071 3755 autem
3104 3700 3276 3771 ipsam
3334 3704 3457 3757 sine
3502 3704 3815 3773 paenitentia

2229 3812 2338 3850 non
2365 3796 2539 3866 petuit
2568 3796 2886 3865 promereri.
2922 3794 3205 3866 Synagoga
3232 3797 3319 3850 illa
3366 3795 3535 3863 Core,
3570 3814 3694 3853 cum
3726 3814 3816 3865 pro

2228 3904 2392 3944 ausus
2415 3889 2494 3943 sui
2526 3888 2831 3943 temeritate
2855 3896 3017 3942 terra:
3045 3888 3195 3941 hiatu
3248 3888 3368 3943 viva
3404 3888 3601 3945 fuisset
3630 3892 3814 3947 absor—

2227 3994 2349 4054 pta;
2383 3981 2400 4019 ι
2432 3983 2598 4037 arulzc
2627 3991 2804 4037 tamen
2830 3997 3017 4036 eorum
3047 3981 3099 4035 in
3127 3981 3322 4051 quibus
3352 3982 3537 4051 ignem
3597 3998 3817 4039 succen-

2226 4075 2424 4129 debant
2471 4075 2730 4142 alienum,
2766 4088 2796 4127 a
2827 4074 3054 4128 Domino
3090 4072 3419 4129 circumdari
3442 4075 3708 4144 jubentur
3746 4078 3817 4131 al-

2224 4214 2563 4269 Bachiarium
2594 4216 2833 4271 tribuere
2878 4216 3076 4269 librum
3127 4214 3269 4269 hunc
3302 4215 3611 4282 Salomoni,
3668 4218 3815 4285 cujus

2225 4288 2445 4340 nomine
2480 4289 2818 4341 inscribitur.
2853 4286 2998 4341 Idem
3030 4287 3229 4355 placuit
3262 4287 3465 4343 Rufino
3482 4299 3698 4350 no~tro,
3730 4291 3815 4355 qui

2224 4357 2581 4428 interpretem
2616 4374 2783 4427 agens
2812 4358 2961 4412 hom.
2999 4360 3062 4413 Η
3106 4361 3157 4412 in
3202 4359 3363 4413 Prov.
3420 4361 3602 4417 sancti
3647 4361 3814 4415 Basilii

2226 4444 2374 4482 num.
2410 4431 2464 4490 l,
2496 4432 2661 4483 verba
2696 4431 2831 4507 hrrc,
2866 4440 3009 4507 τρεῖς
3042 4432 3133 4507 τὰς
3171 4431 3352 4507 troia-att:
3401 4432 3625 4507 ἔγνωμεν
3653 4454 3814 4507 πραγ-

2225 4507 2443 4573 ματείας
2470 4508 2558 4557 τοῦ
2589 4503 2907 4575 σοφωτάτου’
2931 4503 3256 4574 Σαλομὸντος,
3310 4505 3382 4557 ita
3435 4503 3617 4559 reddit
3652 4526 3663 4559 :
3693 4503 3815 4558 Tres

2224 4575 2350 4626 istos
2382 4574 2537 4626 libros
2569 4574 2804 4627 novimus
2832 4590 3236 4629 PRINCIPALITER
3265 4576 3644 4641 sapientissimi
3671 4576 3813 4631 Sala-

2222 4648 2406 4717 monis,
2442 4646 2857 4717 P_rouerbiorum,
2884 4658 2928 4699 et
2958 4643 3323 4709 Ecclesiasten,
3358 4657 3403 4699 et
3434 4663 3552 4717 qua!
3580 4649 3811 4702 dicuntur

2222 4714 2435 4770 Cantica
2464 4714 2817 4781 Canticorum,
2848 4727 2979 4770 tom.
3016 4717 3079 4783 ll,
3108 4734 3159 4783 p.
3192 4718 3319 4771 750.

2302 4788 2316 4824 ί
2352 4788 2515 4862 Apud
2568 4788 2883 4842 Fulhertum
2931 4793 3156 4851 rectius,
3201 4802 3256 4841 nt
3303 4787 3547 4853 videtur,
3575 4807 3666 4859 per
3686 4806 3804 4862 pro-

2222 4860 2469 4927 pltetiam.

2296 4931 2308 4979 t'
2362 4930 2571 4994 Atnhr.,
2607 4930 2872 4983 medicinae
2896 4931 3133 4984 rte/estis.

2293 4998 2317 5037 ¹ί
2358 4999 2650 5054 Fulherttts
2696 5004 2871 5055 Iocmu
2924 5002 3091 5055 refert
3124 5004 3172 5055 in
3208 5001 3359 5055 hunc
3401 5005 3625 5060 modum
3660 5026 3670 5060 :
3700 5005 3813 5061 Non

2220 5072 2471 5145 ambigas,
2492 5073 2673 5140 frater,
2696 5074 2759 5126 de
2781 5075 3076 5141 paenitentia
3104 5077 3237 5145 ejus,
3267 5090 3385 5143 qua!
3433 5093 3539 5130 non
3587 5078 3814 5131 inscribi-

2217 5154 2301 5221 tur
2331 5142 2551 5209 publicis
2583 5145 2798 5213 legibus.
2820 5145 2899 5221 _lt't
2928 5142 3145 5221 fortasse
3181 5142 3298 5221 ideo
3346 5149 3715 5218 acceptabilior
3734 5153 3813 5221 jn-

2216 5216 2731 5290 r_ficatur,_quasnon
2762 5218 2828 5268 ad
2857 5219 3061 5290 faciem,
3080 5228 3187 5290 etc.
3215 5215 3414 5290 Mirum
3443 5215 3691 5285 videtur,
3725 5215 3812 5290 qui

2218 5286 2533 5339 Bachiarins
2566 5287 2705 5339 ultro
2735 5288 3002 5341 concedat
3062 5288 3395 5342 adversariis
3438 5286 3808 5356 pmuiteutiam

2214 5356 2529 5429 Salomonis
2556 5357 2609 5411 in
2637 5359 2792 5412 libris
2818 5359 3094 5413 canoiticis
3120 5375 3224 5412 non
3270 5360 3475 5416 referri
3502 5380 3517 5429 ;
3572 5379 3693 5419 cum
3727 5380 3809 5417 ve-

2215 5436 2358 5481 teres
2376 5428 2469 5497 qui
2498 5426 2811 5483 Salomonis
2834 5430 3217 5486 salutifavent.
3243 5426 3809 5490 maximeionitantur

2212 5498 2394 5553 verbis
2439 5501 2547 5553 illis
2592 5499 2836 5554 Proverb.
2870 5518 3017 5568 xxiv,
3045 5502 3137 5567 ει,
3171 5502 3258 5556 ubi
3278 5518 3346 5557 ex
3382 5509 3638 5563 versione
3669 5506 3803 5562 LXX

2212 5570 2576 5651 Interpretum
2625 5573 2855 5651 Sapiens
2883 5573 2951 5626 de
2982 5589 3041 5628 se
3082 5582 3313 5651 testatur
3341 5593 3353 5629 :
3387 5576 3685 5651 Novissime
3718 5594 3804 5651 ego

2208 5644 2681 5713 cgipaenitentiam.
2724 5644 2995 5697 Czcterutn
3030 5646 3243 5715 publica
3271 5648 3600 5709 paenitentia
3654 5644 3806 5704 Salo.

2211 5718 2355 5769 moui
2408 5716 2689 5769 subeunda
2739 5726 2881 5781 erat,
2920 5724 2977 5769 ut
3021 5720 3198 5788 populi
3246 5717 3809 5777 oﬂ'ensionimedere-

2209 5797 2315 5841 llll'.

2286 5855 2524 5913 1Ambr.
2572 5861 2776 5914 areotie.
2828 5860 3093 5932 Vulgatns
3142 5861 3449 5933 Scriptum
3498 5863 3801 5937 interpres,
