4060 6344
254 328 395 387 1041)

1040 327 1248 386 LIBER
1288 327 1382 385 AD
1420 327 1846 413 ιΑιςυΑιιιυιι,
1887 327 1977 386 DE
2017 327 2510 387 REPARATIONE
2553 327 2775 388 LAPSI.

3418 334 3438 390 Ι
3451 330 3559 392 050

249 444 386 499 tario
414 442 610 518 (Num.
637 459 754 515 xvi,
783 445 898 517 37),
924 445 994 501 oh
1019 446 1120 502 hoc
1143 448 1266 518 quia
1313 447 1660 504 sanctificata:
1691 448 1856 505 fuisse
1882 446 2085 512 Alites
2129 431 2280 515 suos,
2330 449 2523 521 quibus
2573 450 2626 505 in
2655 447 3113 507 dehonestatione
3156 463 3252 505 sua
3299 449 3428 507 fecit
3457 450 3558 508 ista

249 537 508 593 dicuntur
539 554 554 592 :
590 553 724 608 quas
746 553 846 595 nos
873 539 1085 595 animas
1110 555 1302 597 eorum
1333 556 1460 598 esse
1488 544 1775 606 sentimus,
1802 542 1856 598 in

247 632 448 704 quibus
474 631 802 690 adulterina:
826 633 1320 691 flammae'calorem
1341 646 1668 708 praesumpta
1695 636 1859 693 liber-

248 733 358 781 tate
387 737 787 796 susceperant;
823 735 878 781 et
898 725 1020 781 ideo
1064 728 1172 781 vivi
1227 728 1627 798 deglutiuntur;
1685 729 1856 784 arula:

249 833 380 873 vero
399 833 592 873 eorum
620 819 801 890 perire
831 821 1222 888 prohibentur;
1253 825 1395 875 sicut
1420 821 1581 876 etiam
1625 821 1858 890 Aposto-

257 912 337 968 lus
350 913 489 968 dicit
521 931 535 969 :
565 912 701 966 Dedi
730 912 1036 986 Itajusmodi
1073 914 1334 968 nominem
1363 913 1576 969 Satanae
1599 915 1650 968 in
1671 915 1856 968 interi-

255 1016 358 1061 tum
381 1008 581 1072 carnis,
615 1019 671 1062 at
699 1008 908 1080 spiritus
929 1008 1104 1061 salvus
1130 1009 1198 1062 sit
1227 1018 1250 1045 ³
1281 1011 1333 1062 in
1355 1009 1438 1062 die
1457 1006 1670 1062 Domini
1695 1009 1860 1063 nostri

247 1101 371 1158 Iesu
420 1102 613 1159 Christi
644 1101 707 1177 (Ι
737 1102 857 1158 Cor.
915 1117 972 1167 v,
1008 1101 1090 1175 5).
1127 1101 1425 1159 Considera
1471 1119 1623 1175 ergo.
1653 1102 1854 1170 frater,

245 1212 409 1270 quam
429 1198 622 1269 paucis
654 1197 936 1262 tribuitur,
996 1207 1055 1251 ut
1095 1198 1164 1253 de
1216 1197 1626 1268 amphitheatro
1669 1197 1856 1253 mundi

248 1291 426 1358 istius,
452 1291 542 1345 ubi
573 1305 694 1345 cum
725 1291 878 1357 feris,
913 1289 1015 1345 hoc
1039 1302 1142 1355 εει,
1171 1305 1295 1346 cum
1325 1290 1475 1346 vitiis
1490 1292 1856 1362 depugnatur,

247 1385 630 1442 immaculatia
658 1386 866 1457 peccati
914 1401 1096 1440 morsu
1150 1388 1396 1442 membra
1441 1386 1682 1441 liherent
1733 1401 1851 1442 sua.

246 1476 400 1546 Quod
429 1487 690 1549 expertus
711 1477 800 1534 ille
828 1478 1080 1534 dicebat:
1115 1477 1199 1533 Ne
1223 1480 1400 1534 tradas
1441 1479 1612 1534 bestiis
1653 1480 1856 1533 animas

243 1575 546 1642 conﬁtentes
580 1573 674 1628 tibi
701 1572 878 1641 (Psal.
933 1589 1123 1640 Lxxttt,
1157 1573 1266 1643 19).
1311 1573 1419 1629 Sed
1466 1575 1586 1644 quia
1615 1574 1728 1643 jam
1756 1573 1857 1628 du-

245 1665 370 1724 dum
404 1679 510 1737 est,
545 1667 689 1740 quod
721 1678 901 1724 tecum
925 1669 1388 1736 sermucinautur,
1419 1668 1722 1723 cavendum
1770 1675 1856 1722 est

244 1760 423 1826 nobis,
454 1775 524 1815 ne
553 1759 795 1816 offendat
824 1771 877 1816 te
909 1771 1094 1815 nostra
1125 1761 1458 1816 verbositas.
1492 1759 1644 1816 Unde
1684 1763 1850 1816 etiam

242 1852 306 1908 ad
333 1863 388 1910 te
416 1855 575 1924 cujus
601 1869 762 1910 causa
793 1854 910 1909 hate
937 1855 1198 1920 diximus,
1224 1854 1429 1926 slylum
1454 1855 1736 1909 vertimus.

316 1948 406 2003 l5.
438 1949 579 2016 Quid
611 1963 699 2004 me
730 1949 953 2021 refugis,
987 1947 1194 2006 frater?
1235 1949 1371 2018 Quid
1424 1957 1476 2005 te
1517 1951 1690 2020 magis
1718 1963 1848 2004 con-

242 2042 416 2097 sortio
447 2042 802 2098 mundialium
833 2043 1108 2098 hominum
1128 2043 1340 2097 credis?
1368 2042 1449 2097 llli
1481 2040 1754 2097 fortasseb
1774 2043 1843 2098 ri-

241 2133 405 2190 deant
434 2136 654 2206 culpam
686 2143 872 2202 tuam;
906 2151 1007 2206 ego
1039 2136 1256 2207 plango,
1291 2144 1345 2191 et
1388 2137 1430 2190 si
1463 2135 1724 2191 commori
1753 2149 1846 2190 ne-

238 2242 390 2285 cesse
427 2231 554 2296 erit,
586 2233 806 2302 optabo.
851 2231 991 2298 Quid
1032 2232 1310 2287 erubescis
1361 2230 1707 2299 prtesentiam
1757 2246 1848 2284 nn-

237 2330 407 2380 stram
432 2323 459 2377 ‘f
501 2324 710 2379 Similis
741 2323 898 2379 nobis
927 2339 1087 2380 causa
1119 2335 1240 2392 est,
1273 2324 1398 2394 quia
1439 2332 1489 2378 et
1535 2339 1636 2395 ego
1667 2323 1718 2377 in
1752 2332 1845 2377 tuo

237 2419 457 2489 negotio
490 2418 694 2486 pttdore
725 2418 1049 2474 confundor.
1087 2430 1109 2457 ι’
1134 2420 1302 2487 Rasit,
1323 2430 1378 2473 ut
1408 2418 1589 2484 viden,
1624 2423 1844 2472 Ammo-

239 2513 403 2569 nitius
435 2529 530 2570 rex
557 2513 623 2584 (ll
650 2513 779 2586 Reg.
797 2531 850 2584 κ,
871 2514 907 2568 4
934 2513 1100 2586 seqq.)
1125 2515 1382 2570 militibus
1414 2513 1598 2584 David,
1620 2513 1721 2570 hoc
1735 2523 1839 2582 εει,

237 2607 507 2661 ministris
533 2605 759 2672 Christi,
794 2606 1077 2662 dimidium
1112 2606 1292 2660 harbm
1322 2617 1376 2661 et
1414 2608 1624 2662 tunicas
1653 2622 1840 2662 eorum

237 2713 410 2769 usque
435 2698 501 2753 ad
531 2699 750 2770 inguina
784 2700 1026 2769 przecidit
1063 2717 1076 2753 :
1110 2699 1160 2754 id
1191 2709 1294 2767 cst,
1328 2701 1546 2756 sustulit
1577 2701 1645 2754 ab
1676 2699 1756 2754 eis
1787 2699 1840 2754 in

235 2793 578 2849 dimidietate
600 2793 784 2849 barba:
809 2793 1020 2848 virilem
1051 2796 1308 2863 Speciem,
1345 2803 1399 2848 et
1425 2792 1722 2848 ell‘eminari
1747 2809 1842 2848 eos

236 2901 331 2958 per
356 2886 742 2942 delectabilem
789 2887 1044 2941 vitiorum
1093 2888 1412 2942 novaculam
1465 2887 1658 2942 fecisse
1688 2903 1842 2942 mon-

234 2990 461 3037 stratur.
491 2980 718 3036 Dimidia
749 2989 929 3035 autem
964 2981 1129 3035 barba
1159 2981 1250 3034 tihi
1285 2995 1403 3035 rasa
1434 2989 1516 3035 est
1540 3022 1554 3044 ,
1585 2981 1707 3050 quia
1734 2995 1844 3035 uno

234 3076 391 3140 vitio,
424 3075 469 3129 si
496 3073 626 3145 quid
659 3075 784 3129 boni
817 3075 868 3129 in
900 3074 992 3129 Dei
1026 3073 1316 3130 virtutibus
1346 3087 1593 3143 gesseras
1618 3114 1632 3138 ,
1665 3072 1841 3142 perdi-

233 3167 381 3224 deris
407 3185 422 3222 :
455 3167 678 3222 dimidia
709 3178 761 3222 et
791 3177 849 3222 tu
877 3181 1032 3222 rasus
1059 3181 1120 3222 es
1146 3166 1331 3234 batba,
1359 3166 1482 3237 quia
1529 3166 1571 3221 si
1602 3165 1839 3220 volueris

1960 540 2233 597 inimicus.
2261 541 2444 597 Ahfuit
2472 542 2748 612 paulisper
2769 558 2796 596 a
2821 551 3115 614 conspectu
3140 551 3326 598 nostro
3351 558 3445 599 rex
3468 559 3562 598 no-

1958 646 2072 694 ster
2107 638 2276 694 David
2304 657 2318 703 ;
2351 650 2406 696 et
2436 641 2559 695 ideo
2587 641 2716 696 victi
2745 639 2812 694 ab
2845 641 3097 709 inimicis,
3129 639 3155 678 ά
3184 651 3391 710 partem
3443 639 3561 710 agri

1959 734 2176 804 plenam
2201 735 2455 790 lenticula
2490 735 2787 791 rubicunda
2818 753 2939 806 qua:
2983 747 3061 793 est
3091 735 3434 792 verecundia:
3463 748 3562 789 no-

1959 836 2086 881 strte
2116 839 2165 882 et
2197 827 2444 884 delicata:
2473 829 2739 884 castitatis
2772 829 2940 884 forma
2967 870 2984 896 ,
3012 827 3398 898 confregimus.
3449 823 3560 884 Sed

1955 917 2066 988 jam
2100 918 2191 974 ubi
2222 919 2656 975 recordationem
2691 922 2895 990 peccati
2921 936 3014 976 rex
3047 928 3233 976 noster
3261 918 3434 974 oculis
3462 932 3562 973 no-

1959 1009 2055 1064 stri
2085 1011 2266 1065 cordis
2295 1013 2507 1082 aperuit
2533 1058 2546 1082 ,
2580 1022 2783 1068 stemus
2805 1055 2818 1078 ,
2850 1023 2909 1068 ut
2944 1013 3028 1068 vel
3057 1011 3190 1068 illud
3234 1009 3377 1082 quod
3425 1009 3563 1065 resi-

1959 1101 2124 1157 duum
2155 1115 2238 1158 est
2266 1149 2280 1173 ,
2316 1104 2366 1159 id
2396 1113 2482 1160 est
2505 1147 2518 1170 ,
2554 1106 2822 1177 reliquum
2847 1108 2970 1160 vita:
3000 1113 3202 1160 nostra:
3232 1113 3444 1173 tempus
3463 1101 3562 1158 de-

1960 1192 2230 1259 fendatur,
2280 1205 2339 1250 ut
2367 1198 2574 1252 salvum
2607 1199 2698 1252 sit.
2753 1197 2830 1252 Ne
2853 1243 2868 1267 ,
2901 1213 3086 1270 qua‘so
3109 1239 3123 1263 ,
3158 1207 3208 1252 te
3238 1195 3564 1267 persuadeat

1958 1286 2204 1358 quisquis
2245 1288 2337 1344 ille
2366 1289 2510 1344 dicat
2543 1290 2637 1345 tihi
2662 1332 2676 1355 ,
2710 1299 2766 1344 ut
2794 1292 2972 1346 scelus
3003 1289 3106 1345 huc
3145 1291 3199 1344 in
3244 1288 3560 1359 conjugium

1959 1395 2159 1453 vertas,
2191 1403 2252 1441 ac
2282 1387 2348 1442 de
2378 1387 2605 1444 crimine
2636 1387 3039 1442 matrimoniqu
3063 1401 3244 1441 voces.
3279 1394 3302 1422 θ
3327 1383 3462 1438 Nolo
3483 1381 3566 1437 of-

1959 1479 2164 1533 fensam
2199 1479 2293 1534 Dei
2328 1495 2612 1550 provoces,
2645 1492 2806 1550 atque
2836 1481 3180 1550 multiplices.
3233 1477 3290 1533 Si
3328 1475 3473 1532 enim
3504 1482 3565 1530 ut

1958 1583 2186 1628 vocatur
2216 1575 2268 1628 in
2298 1575 2536 1644 culpam,
2565 1575 2708 1645 quod
2741 1576 2936 1630 furtive
2961 1590 3025 1630 ac
3053 1588 3176 1630 cum
3207 1573 3403 1628 timore
3437 1585 3563 1642 per-

1957 1671 2128 1726 suasit
2169 1671 2263 1726 tibi
2313 1672 2604 1741 inimicus,
2664 1671 2932 1741 quomodo
2975 1672 3272 1727 merebitur
3318 1668 3560 1740 veniam,

1957 1769 2100 1840 quod
2133 1769 2298 1824 veluti
2331 1769 2592 1824 insultans
2607 1769 2720 1824 Deo
2743 1779 2795 1824 et
2825 1769 2941 1838 ejus
2965 1767 3196 1838 judicio,
3224 1765 3436 1836 publice
3466 1760 3563 1820 tibi

1877 1852 1925 1912 B
1951 1863 2186 1932 eteperis
2214 1862 2533 1918 vindicare?
2563 1862 2786 1917 Imitare
2816 1862 2968 1916 illum
3004 1860 3216 1915 Amnon
3248 1858 3462 1913 Davidis
3492 1856 3558 1912 li-

1949 1954 2079 2009 lium
2114 1956 2132 2028 (
2163 1954 2208 2010 ll
2233 1953 2364 2026 Reg.
2398 1971 2516 2018 xm,
2551 1955 2618 2009 15
2647 1953 2837 2026 seqq),
2870 1954 2959 2024 qui
2992 1968 3112 2007 cum
3138 1952 3191 2006 in
3214 1950 3422 2004 sororis
3446 1963 3559 2005 suae

1947 2057 2191 2118 stuprqu
2225 2047 2408 2102 illicita
2438 2046 2652 2101 flamma
2685 2047 2942 2101 caluisset
2964 2088 2979 2112 ,
3041 2044 3386 2115 postmodum
3432 2056 3556 2097 eam

1948 2141 2119 2212 magis
2148 2153 2349 2196 exosus
2377 2151 2481 2206 est,
2514 2155 2675 2209 quam
2703 2151 2862 2194 antea
2894 2146 3172 2192 amaverat
3197 2152 3210 2202 ;
3252 2145 3305 2190 et
3331 2150 3429 2206 pro
3453 2133 3556 2190 hoc

1946 2233 2092 2288 facto
2116 2234 2330 2288 occisus
2354 2242 2434 2287 est
2457 2247 2486 2286 a
2519 2231 2706 2297 fratre,
2738 2231 2862 2303 quia
2901 2229 2919 2268 ί
2953 2231 3131 2301 agnita
3163 2229 3319 2297 culpa
3351 2226 3561 2284 erroris

1948 2342 2054 2381 non
2079 2329 2280 2380 mansit
2308 2326 2362 2381 in
2391 2327 2620 2381 crimine
2646 2370 2660 2393 ,
2696 2324 2789 2380 sed
2830 2323 3112 2378 materiam
3145 2323 3317 2392 ipsius
3345 2320 3554 2391 peccati

1947 2418 2296 2474 vehementer
2316 2435 2516 2473 exosus
2547 2428 2651 2473 est.
2683 2417 2839 2474 Unde
2871 2419 3032 2473 etiam
3073 2417 3418 2486 suspicamur
3450 2413 3555 2468 Da-

1945 2513 2126 2570 videm
2155 2516 2202 2569 ei
2236 2532 2340 2570 non
2371 2514 2537 2569 fuisse
2568 2522 2925 2579 commotum,
2960 2513 3082 2583 quia
3115 2512 3222 2566 cito
3265 2507 3396 2564 vidit
3426 2521 3551 2564 eum

1947 2608 2319 2677 paenitentiam
2353 2607 2657 2676 recepisse;
2690 2613 2746 2661 et
2769 2605 2844 2670 id,
2872 2614 2896 2651 ις
2921 2619 3017 2674 per
3043 2601 3187 2674 quod
3216 2602 3376 2656 unius
3406 2599 3554 2654 hora:

1943 2701 2122 2770 spatio
2163 2700 2421 2770 deceptus
2447 2707 2550 2765 est,
2599 2699 2783 2753 statim
2816 2712 2938 2751 cum
2972 2695 3305 2766 impatientia
3345 2691 3550 2757 odisse,

1943 2802 1998 2848 et
2025 2794 2226 2849 virtute
2266 2793 2603 2865 paenitentia:
2649 2791 2946 2860 disrupisse
2991 2789 3110 2859 ejus
3158 2789 3396 2858 laqueos.
3448 2785 3553 2852 Qui

1943 2903 2081 2944 vero
2109 2898 2302 2958 captus
2331 2897 2413 2942 est
2446 2887 2498 2942 in
2527 2899 2644 2942 rete
2670 2886 2958 2950 vitiorum,
2991 2891 3047 2938 et
3073 2882 3343 2952 patienter
3371 2879 3554 2934 inimi-

1943 2981 2023 3036 cis
2049 2980 2184 3047 Suis,
2211 2980 2315 3035 hoc
2342 2989 2446 3043 est,
2471 2978 2823 3034 venatoribus
2849 2975 3170 3046 acquiescit,
3196 2973 3365 3028 donec
3385 2971 3548 3026 etiam

1943 3073 2254 3129 recludatur
2284 3074 2334 3128 in
2365 3087 2554 3138 cavea,
2583 3081 2638 3126 et
2667 3071 2742 3126 ibi
2766 3071 2925 3141 longo
2961 3067 3223 3139 temporis
3252 3066 3428 3137 spatio
3457 3079 3548 3118 sa-

1943 3170 2158 3240 glnetur
2187 3169 2253 3222 ad
2286 3182 2568 3237 pompam;
2596 3175 2705 3221 tum
2727 3164 2961 3219 maxime
2979 3160 3004 3200 ¹¹
3026 3160 3418 3233 principalibus
3444 3173 3549 3212 sa:-

234 3263 450 3332 reliquo
478 3262 600 3314 vitae
629 3271 732 3316 tuze
763 3271 1012 3332 tempore
1055 3261 1200 3332 quod
1251 3261 1342 3314 tihi
1393 3269 1641 3330 superest
1683 3257 1837 3313 labo-
1868 3239 1915 3304 Ο
1944 3239 2074 3328 culi,
2106 3275 2228 3315 cum
2256 3260 2468 3314 occisus
2501 3258 2683 3325 fuerit,
2711 3258 3120 3327 placiturusest.
3149 3255 3328 3309 Donec
3356 3251 3370 3289 ί
3401 3267 3549 3307 mus-

233 3371 384 3422 rare,
417 3366 754 3412 concrcscet.
789 3356 1040 3413 Prmcidit
1069 3372 1198 3411 vero
1227 3357 1434 3411 tunicas
1465 3372 1633 3427 usque
1657 3355 1721 3411 ad
1754 3356 1837 3410 in-

231 3451 400 3522 guina
434 3495 446 3516 ,
477 3464 600 3503 cum
653 3450 827 3520 turpia
880 3450 1015 3504 facta
1048 3465 1167 3519 qua:
1211 3449 1328 3520 ipse
1368 3459 1751 3519 persuaserat,
1786 3450 1838 3504 in

233 3542 414 3599 oculis
444 3541 723 3597 hominum
756 3543 1035 3598 revelavit.
1091 3542 1198 3598 Sed
1246 3555 1295 3599 ει
1342 3559 1505 3614 super
1543 3544 1644 3598 hoc
1691 3557 1836 3614 spes.

233 3635 542 3693 Sedeamus
564 3636 616 3690 in
636 3635 910 3702 lliericho,
933 3635 1108 3692 donec.
1135 3647 1384 3693 crescant
1405 3636 1585 3692 barba:
1606 3645 1836 3691 nostrae:

232 3730 284 3786 id
319 3741 429 3796 εει,
457 3729 627 3785 simus
657 3730 1006 3801 opprobrium
1055 3741 1108 3786 et
1140 3731 1432 3802 ignominia
1467 3732 1751 3787 meliorum
1781 3740 1837 3786 et

233 3825 540 3880 efficiamur
567 3827 857 3880 anathema
887 3826 1128 3880 omnium
1158 3869 1172 3891 ,
1205 3827 1342 3881 sicut
1390 3827 1442 3880 in
1477 3827 1728 3882 lliericho
1757 3825 1837 3882 ls-

233 3919 486 3975 raelitico
517 3921 714 3990 populo
758 3921 875 3987 fuit,
907 3920 1082 3975 donec
1113 3919 1398 3974 barbarum
1430 3920 1638 3990 species
1658 3919 1839 3985 nobis,

234 4014 343 4070 hoc
373 4025 478 4082 est,
502 4017 756 4071 virtutum
785 4015 1119 4071 incrementa
1150 4024 1462 4070 nascantur.
1486 4016 1659 4070 Crede
1683 4014 1838 4080 mihi,

233 4112 363 4185 quia
394 4110 505 4184 regi
539 4121 725 4166 nostro
754 4110 961 4167 dolebit
990 4110 1208 4180 injuria,
1259 4110 1552 4165 ulciscetur
1591 4123 1690 4163 nos
1733 4109 1837 4162 mi-

237 4299 528 4357 thuribula.
563 4298 814 4366 Ruﬁnus,
835 4296 1009 4352 bacilli
1037 4305 1167 4352 tom.
1191 4294 1234 4350 ll
1256 4293 1421 4364 Oper.
1441 4290 1663 4363 Origen.
1696 4288 1831 4344 cdit.

237 4373 444 4500 Berolta
475 4443 700 4508 Ambr.;
732 4441 828 4497 sed
861 4441 1038 4510 Bign.,
1072 4441 1163 4511 ﬁat
1191 4440 1243 4494 in
1273 4438 1427 4492 diem.

334 4517 362 4556 δ
387 4517 581 4590 Gryn.,
633 4505 854 4570 videant.
889 4505 1042 4584 Bign.
1072 4505 1264 4567 uident.
1317 4513 1381 4564 lit
1423 4507 1490 4562 ad
1532 4505 1653 4562 libri
1681 4521 1836 4562 oram
1864 4518 1921 4579 D

236 4589 452 4662 reiecit,
477 4590 664 4662 rident.

197 4709 200 4713 .
299 4649 339 4701 ἐ
374 4649 705 4728 Lugendum,
737 4661 941 4713 Annon.
975 4656 1206 4712 Sanctus
1236 4652 1537 4728 Eucherius
1560 4651 1619 4728 in
1669 4649 1839 4728 libros

238 4723 475 4804 Regum,
497 4734 587 4789 lib.
617 4723 827 4802 ll,'pag.
854 4730 975 4796 197,
996 4728 1193 4804 eadem
1219 4725 1696 4804 allegorianutitur:
1722 4723 1839 4804 Sic-

241 4819 298 4862 ut
327 4795 544 4869 ‘Annon,
594 4795 801 4874 inquit:
836 4818 930 4857 rea:
966 4795 1191 4874 Ammon
1239 4813 1408 4874 servos
1459 4795 1628 4874 David
1676 4796 1758 4874 ad.
1786 4812 1840 4848 se

240 4880 422 4933 missos
447 4866 760 4944 ἄειιινραὶνίι,
778 4866 946 4945 atque
975 4869 1493 4945 lndibriterfwdatos
1520 4866 1588 4945 ad
1605 4867 1839 4945 eumdem

241 4949 416 5004 Darid
439 4939 634 5004 remisit
658 4965 676 5012 ;
707 4939 778 5000 ita
806 4939 1120 5000 et'diabolus
1141 4985 1156 5006 ,
1185 4939 1424 5012 princeps
1454 4941 1608 5013 hujus
1637 4939 1836 5003 mundi,

242 5025 515 5093 plerosque
561 5009 832 5093 religiosos
883 5034 974 5086 per
1017 5009 1356 5093 subripientia
1403 5009 1529 5093 uitia
1564 5009 1841 5093 deturpare

241 5083 522 5148 consuerit.
575 5083 682 5156 Qui
703 5093 828 5142 dum
857 5083 1033 5143 eorum
1065 5083 1278 5140 latentia
1323 5083 1464 5138 mala
1506 5086 1559 5136 in
1588 5091 1765 5156 aperta
1793 5091 1839 5134 et

240 5167 506 5236 ﬂagitiosa
538 5153 934 5236 perpetrataque
964 5159 1174 5236 luxuria
1218 5157 1442 5236 detegit,_
1478 5153 1640 5236 quasi
1660 5168 1840 5236 eorum

239 5226 557 5291 indumentis
585 5226 744 5300 usque
769 5226 1009 5285 adinates
1038 5230 1298 5292 abscissis,
1334 5226 1501 5280 nudos
1531 5245 1564 5281 a
1591 5226 1841 5300 dignitate

239 5308 489 5363 castitatis
515 5297 798 5373 relinquit;
823 5313 872 5358 et
897 5304 1020 5355 dum
1049 5301 1322 5373 pristinam
1353 5315 1528 5352 eorum
1571 5297 1839 5373 fortitudi-

243 5397 355 5434 nem
388 5379 563 5448 eripit,
596 5365 730 5431 relut
758 5365 969 5448 barbam
989 5365 1130 5448 radit
1164 5385 1331 5439 :qttos
1363 5379 1540 5448 tamen
1561 5365 1840 5448 uerusba-

242 5453 348 5514 uid,
386 5438 640 5504 Dominus
671 5446 865 5501 scilicet
897 5455 944 5498 et
979 5438 1222 5500 Salvator
1251 5451 1460 5514 noster,
1491 5438 1730 5514 clementi
1759 5454 1841 5490 re-

242 5511 417 5593 spectu
447 5539 480 5574 a
509 5519 819 5593 pwnifentiw
857 5514 1182 5593 indulgentia
1212 5528 1312 5564 non
1343 5511 1554 5593 exclusit
1575 5523 1767 5593 ;r.quos
1792 5519 1842 5591 et

243 5581 297 5647 in
330 5581 605 5653 Hiericbo,
634 5590 734 5644 huc
761 5597 851 5654 est,
905 5587 996 5641 sub
1009 5581 1353 5638 'anathemate
1379 5581 1842 5654 pmnitentiwgresi-

244 5666 362 5719 dere
380 5667 550 5734 jubet,
581 5651 742 5715 donec
767 5651 1088 5734 sacramenta
1114 5651 1399 5734 spiritalia,
1417 5663 1461 5734 et
1487 5651 1842 5734 [ortitudinent

245 5722 431 5791 mentis
455 5722 574 5807 quae
601 5732 859 5807 peccando
905 5722 1260 5807 perdiderunt,
1303 5722 1842 5807 satisfaciendo.reri-

281 5808 412 5869 iant,
461 5793 508 5861 Et
552 5793 624 5860 sti:
665 5805 871 5856 demum
905 5793 970 5854 ἰη
1000 5809 1275 5865 conspectu
1306 5801 1418 5870 ejus
1447 5806 1587 5853 stare
1613 5793 1836 5849 ualeant.

281 5825 412 5869 tam,
461 5825 508 5861 et
552 5825 624 5860 lic
665 5825 871 5856 uernum
917 5825 970 5854 tn
1000 5825 1275 5865 cunapccm
1306 5825 1397 5870 qu,

244 5825 498 5950 iurique,
531 5886 591 5932 ut
616 5876 850 5941 videtur,
881 5873 1021 5929 idem
1052 5870 1173 5926 fons
1205 5878 1397 5940 patuit.

1944 3353 2180 3424 cipulam
2211 3352 2582 3409 fornicationis
2605 3353 2846 3405 evaseris
2871 3395 2885 3418 ,
2935 3364 3041 3403 non
3073 3361 3124 3403 te
3161 3347 3442 3402 ebrietatis
3468 3344 3547 3398 la-

1943 3449 2097 3520 queis
2126 3448 2318 3504 credas
2342 3490 2356 3514 ,
2387 3462 2484 3517 per
2514 3461 2649 3518 quos
2683 3444 2696 3495 i
2737 3445 2950 3499 animos
2979 3443 3098 3499 irati
3131 3437 3420 3496 Ahsalonis
3456 3437 3546 3492 in-

1943 3557 2134 3598 curras
2163 3541 2468 3614 (lbid.,28)
2497 3556 2512 3606 ;
2537 3540 2661 3610 quia
2693 3537 2902 3593 luxuria
2930 3545 3092 3606 atque
3118 3535 3375 3598 ebrietas,
3398 3545 3549 3602 quaa-

1944 3637 2069 3694 datn
2097 3638 2202 3694 sibi
2229 3640 2282 3693 in
2311 3637 2566 3691 vitiorum
2597 3635 2880 3690 nativitate
2907 3631 3234 3704 germanitas
3258 3637 3360 3683 εει.

2016 3734 2105 3789 14.
2150 3733 2351 3788 Attolle
2382 3749 2511 3803 ergo
2533 3734 2766 3796 animos,
2799 3729 2987 3795 frater,
3017 3727 3166 3796 erige
3195 3723 3381 3778 oculos
3407 3734 3548 3792 quos

1940 3830 2289 3885 conscientitc
2315 3828 2491 3899 pudor
2521 3825 2836 3890 inclinavit;
2880 3840 2979 3880 nec
3011 3835 3062 3879 te
3101 3821 3316 3876 inimica
3348 3818 3546 3888 despe-

1942 3924 2083 3978 ratio
2111 3922 2440 3992 confringat.
2491 3921 2636 3977 Ecce
2666 3920 2907 3977 Ahsalon
2937 3917 3025 3988 qui
3060 3917 3282 3970 fratrem
3330 3911 3546 3968 occide-

1925 4022 2050 4080 ”rat,
2081 4030 2176 4083 per
2201 4017 2498 4068 amicorum
2529 4011 2781 4082 suifragia
2809 4009 2950 4079 regis
2975 4009 3184 4062 veniam
3207 4012 3551 4074 promeretur

1943 4107 2013 4177 (ll
2047 4107 2177 4180 Reg.
2206 4123 2315 4173 xw,
2347 4107 2440 4178 9.5)
2469 4125 2481 4162 :
2511 4108 2581 4162 ita
2610 4107 2856 4160 utetiam
2885 4101 3127 4156 osculum
3153 4099 3300 4169 pacis
3317 4106 3370 4152 et
3399 4110 3544 4166 prte-

2015 4286 2047 4365 d_
2074 4287 2116 4342 ll
2148 4287 2285 4365 Reg.
2317 4303 2474 4356 xxm,
2508 4288 2567 4365 ῌ
2605 4291 2802 4365 ζ-Μερὶς
2823 4292 2930 4365 Δἰὀὶο
2961 4287 3118 4362 ἀγροῦ
3148 4283 3340 4365 πλήρης
3365 4286 3548 4365 pastui}-

1943 4358 2048 4416 Sed
2081 4361 2172 4433 qui
2201 4350 2555 4433 partemagri
2599 4361 2672 4413 ait
2709 4350 3047 4433 cuttl‘ractain
3089 4367 3210 4408 esse
3230 4350 3263 4433 ις
3311 4350 3400 4433 Att
3443 4350 3548 4406 hoc

1948 4424 2169 4488 nomine
2200 4424 2455 4500 intelligit
2477 4424 2601 4498 'vas,
2633 4446 2727 4486 seu
2757 4424 3402 4500 testeatulagnnculam?

2022 4514 2044 4540 ε
2077 4505 2287 4575 Integra
2312 4498 2426 4558 huic
2446 4503 2703 4574 pericOpe
2724 4503 2880 4558 deest
2908 4500 2959 4553 in
2983 4498 3171 4554 Amhr.
3197 4509 3384 4552 errore
3399 4508 3550 4550 ama-

1943 4591 2181 4631 nuenSts.

2019 4648 2038 4687 τ
2073 4648 2164 4704 Hzc
2194 4656 2320 4702 sunt
2351 4661 2515 4701 mera:
2547 4661 2724 4715 nugtc,
2756 4659 2892 4709 quas
2920 4657 3074 4715 sacer
3103 4649 3282 4715 textus
3321 4636 3547 4715 refellit.

1942 4720 2410 4789 Quemadmodum
2443 4709 2706 4772 incertum
2740 4727 2846 4784 est,
2885 4731 2954 4770 au
2995 4711 3275 4789 [tedissimi
3302 4709 3550 4767 criminis

1948 4784 2248 4849 amnt-nem
2281 4791 2628 4860 pteuituerit;
2679 4790 2749 4844 ita
2798 4789 2998 4844 nemini
3038 4784 3264 4840 dubium
3295 4797 3417 4860 esse
3448 4797 3550 4850 po-

1947 4874 2076 4926 test,
2110 4863 2240 4933 quin
2277 4857 2461 4917 itavidi
2487 4904 2501 4926 ,
2535 4872 2591 4915 ιιι
2623 4863 2700 4936 illi
2736 4871 3007 4936 parceret.
3045 4862 3249 4936 patrius
3291 4857 3543 4936 animus;

1944 4931 2203 4991 Absaloni
2235 4943 2437 4993 autem,
2470 4947 2521 4988 ut
2555 4934 2770 4988 saeviret
2799 4933 2848 4986 in
2882 4935 3126 4992 l’ratretu,
3161 4931 3428 4996 impotens
3451 4931 3547 4980 ira:

1943 5009 2212 5075 cupiditas
2258 5005 2514 5079 suaserit.
2567 5005 2674 5060 Sed
2727 5003 3058 5079 allegoristis
3101 5000 3370 5079 donanda:
3420 5005 3549 5079 sunt

1947 5073 2258 5146 huiusmodi
2283 5078 2544 5146 argutiae;
2593 5093 2692 5130 nec
2723 5073 2910 5147 paucis
2932 5074 3263 5147 offendimur
3292 5073 3545 5147 maculis.

2018 5141 2042 5198 ἑ
2073 5141 2495 5218 ϐοιτιιριίεέίιηιι
2528 5159 2609 5203 εει
2640 5141 2982 5204 Anibrusiaui
3008 5145 3214 5218 codicis
3243 5141 3544 5218 scriptura:

1947 5223 2012 5278 Et
2044 5223 2098 5275 id
2125 5237 2219 5289 pro
2245 5208 2400 5273 eausa
2441 5223 2551 5290 ejus
2581 5221 2668 5289 qui
2714 5222 2866 5292 unius
2893 5218 3038 5272 horae
3060 5217 3318 5292 deceptus
3357 5208 3432 5292 est
3466 5208 3548 5292 la-

1944 5311 2071 5365 queo
2099 5304 2145 5346 et
2176 5293 2350 5365 statim.
2397 5289 2757 5365 inpatientia,
2790 5291 2889 5346 hoc
2919 5301 2991 5344 est
3023 5289 3548 5365 uirtutepwnitentite

1945 5352 2163 5435 dirupit.
2191 5363 2261 5437 Et
2291 5367 2406 5437 ejus
2434 5352 2861 5437 (lilirCttp‘ud—Ctil,
2883 5376 2998 5437 etc.
3021 5352 3427 5428 Gryna‘i'editio
3446 5353 3547 5407 Itoc

1947 5433 2076 5491 loco
2096 5433 2373 5501 tuulctat'a,
2401 5433 2541 5489 'nihil
2576 5435 2810 5502 praesidii
2838 5434 3014 5488 affert.

2017 5505 2045 5544 ιι
2078 5507 2262 5571 Forte,
2296 5507 2691 5576 principatibus.

2025 5578 2040 5615 ί
2079 5578 2156 5632 Ita
2179 5567 2394 5643 Aurinx;
2422 5567 2478 5632 ιη’
2498 5579 2632 5634 edit.
2661 5579 2838 5648 Bign.,
2873 5577 3036 5631 donec
3065 5572 3289 5628 etiamsi.
3319 5567 3548 5624 Videtur

1944 5649 2234 5723 legendum
2267 5668 2279 5701 :
2309 5649 2564 5721 Denique,
2597 5651 2820 5714 etiamsi,
2853 5661 2962 5723 etc.
3316 5713 3329 5723 _
3365 5713 3376 5723 _
3461 5711 3472 5723 .

2022 5712 2035 5773 i
2095 5712 2487 5789 lle-ponendum
2537 5712 2821 5791 suspicor,
2871 5721 2926 5773 in
2952 5733 3150 5791 manus
3174 5734 3192 5784 ;
3235 5713 3332 5772 sed
3364 5712 3548 5768 invitis

1947 5792 2278 5850 editiouihus
2307 5804 2365 5848 et
2391 5793 2580 5850 codice
2605 5789 2816 5857 nostro,
2850 5789 2983 5846 nihil
3011 5802 3184 5844 muto.
