4060 6344
521 341 651 399 iOil

1822 349 2172 407 BACIIIARII
2225 353 2533 411 MONACIII

3695 373 3825 431 1052

519 460 749 516 sentiant
803 461 981 518 vultus
1011 462 1215 520 Christi
1260 481 1363 520 ttott
1397 463 1650 536 deSperct
1675 483 1995 537 exposcere.
2057 469 2126 524 Et
2159 472 2200 531 Α
2233 474 2518 543 pervenire
2584 491 2688 530 non
2765 479 2978 549 potuit,
3058 483 3181 551 quia
3248 482 3380 538 illttd
3441 484 3602 540 solus
3678 485 3825 546 Pater

521 563 577 608 tu
609 570 738 625 ergo
766 571 901 626 quos
928 559 1135 613 amicos
1167 558 1384 612 Davidis
1410 573 1530 614 esse
1551 561 1714 623 nosti,
1739 563 1828 631 qni
1854 563 2126 634 quondam

517 659 678 719 pater
712 660 854 711 tuus,
909 652 1126 723 quando
1175 669 1280 706 non
1336 668 1660 722 pectaveras
1690 698 1702 720 ,
1739 656 1876 720 fuit,
1912 657 2130 712 humilis

522 754 639 798 esto
668 753 720 798 et
750 744 991 810 acclinis,
1029 754 1085 798 ιιι
1113 744 1255 816 quod
1287 760 1316 799 a
1350 757 1400 801 te
1434 762 1538 802 non
1572 757 1746 814 potes,
1789 764 1884 820 per
1917 750 2126 804 illorum

520 835 775 906 sull'ragia
810 846 833 873 α
865 839 1148 893 merearis.
1199 838 1278 893 Ac
1309 841 1353 894 si
1387 839 1525 896 forte
1555 837 1672 896 dttri
1706 840 1906 897 fuerint
1937 845 1986 898 in
2030 860 2127 900 au-

523 931 742 999 diendo,
794 944 1117 1003 opportune,
1170 935 1474 1007 importune
1528 953 1630 994 non
1680 939 1896 996 desinas
1926 940 2126 1012 suppli—

521 1040 689 1092 care;
722 1026 848 1098 quia
880 1028 1113 1084 Absalon
1160 1045 1258 1101 per
1289 1033 1538 1100 injuriam
1573 1036 1768 1089 meruit
1796 1079 1810 1102 ,
1863 1036 2002 1106 quod
2037 1050 2130 1104 per

521 1121 812 1176 amicitiam
840 1123 1138 1192 impetrare
1169 1141 1273 1180 non
1307 1128 1478 1194 potuit
1508 1145 1521 1193 ;
1571 1138 1626 1182 et
1652 1128 1793 1197 qttod
1825 1128 1852 1167 δ
1887 1145 1982 1199 pro
2011 1146 2128 1183 nte-

519 1211 641 1270 ritis
675 1229 776 1268 non
813 1216 1036 1282 meruit,
1088 1233 1186 1288 per
1234 1218 1486 1289 injuriam
1535 1221 1790 1277 obtinuit.
1845 1222 1938 1278 Vis
1989 1224 2129 1278 scire

519 1307 666 1380 quod
703 1309 1031 1383 plerumque
1062 1328 1159 1382 per
1191 1315 1542 1371 occasionem
1575 1317 1790 1387 injurizn
1818 1319 1994 1374 saneti
2031 1335 2130 1390 pro

521 1403 904 1472 peccatoribus
925 1405 1332 1477 deprecantur?
1356 1409 1554 1467 Beatus
1573 1413 1664 1468 ille
1684 1429 1820 1468 unus
1843 1429 1907 1470 ex
1943 1426 1962 1453 ε
2000 1431 2131 1484 qua-

523 1505 672 1563 tuor,
709 1500 1094 1558 confessorum
1125 1517 1286 1576 caput
1317 1516 1371 1561 et
1403 1519 1700 1581 martyrum
1728 1553 1742 1575 ,
1795 1526 1916 1565 cum
1950 1511 2017 1565 ab
2049 1514 2130 1568 in-

520 1605 658 1648 sano
686 1595 890 1666 populo
927 1597 1197 1668 lapidibus
1226 1612 1531 1672 urgeretur,
1566 1604 1618 1658 in
1651 1607 1764 1672 ipso
1794 1606 1934 1660 exitu
1961 1605 2130 1662 Israel

523 1684 858 1760 de,/Egypto
891 1689 908 1756 (
937 1687 1084 1743 Psal.
1117 1706 1203 1758 cv,
1236 1691 1290 1762 1)
1317 1733 1333 1760 ,
1380 1693 1429 1745 id
1464 1703 1546 1748 est
1577 1697 1774 1750 animae
1801 1696 1868 1750 de
1899 1713 2128 1766 corpore

522 1775 910 1848 discedentis,
971 1797 1111 1851 genu
1175 1782 1348 1849 ﬂexo,
1409 1788 1546 1856 patri
1599 1804 1697 1858 pro
1751 1792 2126 1858 peccatoribus

2233 566 2474 634 agnovb.

2309 661 2393 716 15.
2449 662 2555 719 Sed
2608 664 2839 720 forsitan
2889 668 3038 724 dicas
3084 689 3096 724 :
3141 671 3441 728 Persuasio
3469 684 3562 729 tua
3592 676 3828 746 quietum

2234 755 2463 825 requirit
2489 755 2764 813 bomin'em
2797 760 2881 815 vel
2911 776 3162 818 securum
3191 781 3204 829 ;
3256 781 3343 819 me
3390 777 3579 823 autem
3613 785 3830 830 necesse

2232 861 2314 902 est
2346 850 2589 917 quotidie
2622 864 3028 921 persecutorem
3061 858 3245 912 saeculi
3273 858 3581 917 formidare
3602 902 3618 928 ,
3642 865 3731 933 qui
3777 865 3827 920 in

2234 957 2321 997 nte
2351 942 2586 998 dedecus
2621 943 2640 982 τ
2679 947 2938 1013 proxima:
2980 964 3091 1004 suae
3140 959 3294 1019 Optat
3343 953 3555 1008 ulcisci.
3608 956 3665 1012 Si
3711 972 3830 1028 ergo

2233 1036 2341 1090 tale
2381 1037 2587 1106 aliquid
2645 1044 3003 1108 pertimescis,
3053 1060 3181 1101 ecce
3229 1063 3327 1102 sex
3360 1047 3558 1119 nefugii
3592 1051 3830 1110 civitates

2232 1128 2368 1198 (Joa.
2406 1147 2495 1195 xx,
2528 1132 2562 1185 2
2593 1134 2783 1205 seqq),
2816 1151 2972 1205 quas,
3009 1137 3053 1192 si
3087 1139 3281 1208 placet,
3337 1141 3657 1211 ingredere.
3697 1145 3828 1199 Acsi

2235 1221 2374 1276 forte
2407 1241 2505 1293 pro
2533 1227 2868 1282 conscientia
2903 1238 3272 1300 peccatorum,
3308 1233 3433 1288 illas
3462 1251 3586 1306 quzc
3616 1247 3742 1292 sunt
3780 1238 3830 1294 in

2235 1327 2379 1371 terra
2426 1320 2902 1389 repromissionis,
2935 1321 3037 1379 hoc
3066 1337 3149 1380 est
3175 1369 3189 1392 ,
3223 1326 3276 1382 in
3309 1327 3561 1383 Ecclesia
3583 1370 3599 1394 ,
3641 1331 3832 1387 intrare

2234 1427 2341 1467 non
2375 1413 2614 1480 audeas;
2670 1425 2756 1471 est
2784 1416 2951 1472 Bosor
2992 1429 3016 1466 ις
3048 1421 3182 1474 ultra
3213 1421 3517 1479 Jordanem
3564 1425 3618 1480 in
3649 1426 3833 1482 solitu-

2233 1506 2377 1568 dine.
2412 1522 2530 1577 qua:
2565 1509 2955 1580 interpretatur
2979 1516 3258 1587 angustia;
3294 1516 3349 1570 id
3373 1529 3482 1588 est,
3507 1519 3708 1574 cellula
3725 1536 3832 1577 mo-

2233 1603 2456 1657 nasterii
2489 1619 2650 1673 parva
2685 1607 2766 1661 vel
2799 1607 3010 1662 modica
3035 1625 3050 1674 ;
3079 1618 3132 1664 et
3161 1611 3370 1681 optime
3399 1613 3498 1668 tibi
3524 1615 3828 1682 conveniet,

2233 1697 2354 1767 quia
2390 1697 2457 1752 de
2498 1709 2650 1754 sorte
2680 1698 2870 1755 Ruben
2903 1710 3006 1768 est,
3052 1711 3106 1758 et
3151 1707 3267 1772 ipse
3300 1715 3483 1760 torum
3517 1708 3690 1774 patris
3729 1723 3832 1762 ma-

2234 1791 2434 1845 culavit
2486 1791 2672 1847 illicite
2726 1791 2902 1865 (Gen.
2939 1795 3205 1866 sunt).
3261 1795 3366 1852 Est
3416 1808 3472 1852 et
3511 1797 3748 1854 Ramoth
3773 1800 3834 1857 de

524 1871 850 1941 supplivavit
897 1873 1055 1943 (Act.
1088 1893 1193 1940 v11,
1228 1877 1336 1948 59)
1385 1896 1398 1932 :
1454 1880 1692 1950 Magistri
1745 1885 1915 1940 nostri
1971 1901 2132 1940 secu-
2162 1877 2209 1937 B
2237 1892 2386 1939 Sorte
2411 1883 2548 1948 Gad,
2576 1901 2696 1954 qua:
2728 1885 3114 1956 interpretatur
3155 1889 3361 1944 excelsa
3394 1908 3560 1955 mors,
3608 1893 3690 1947 vel
3717 1893 3833 1948 cisio

525 1970 614 2018 tus
670 1967 1009 2038 exemplum,
1068 1971 1156 2040 qui
1220 1976 1575 2044 persequcnti
1617 1979 1963 2043 semetipsum
2030 1996 2127 2050 po-

527 2059 658 2128 pulo
692 2062 901 2114 veniant
937 2063 1240 2132 postulabat
1273 2066 1424 2138 (Luc.
1458 2085 1605 2131 χχιιι,
1641 2069 1757 2138 54).
1791 2072 1931 2127 Ecce
1951 2073 2122 2144 vides,

524 2154 614 2209 ubi
647 2157 866 2212 occ:tsio
896 2174 1116 2227 pret-um
1151 2163 1395 2216 nascitur
1421 2180 1487 2219 ex
1519 2164 1710 2234 injuria
1734 2175 1784 2221 et
1818 2182 1972 2237 paena
2003 2183 2128 2222 san-

522 2261 764 2304 ctorum.
799 2249 911 2306 Nec
941 2250 1045 2308 hoc
1072 2252 1198 2308 ideo
1229 2255 1460 2311 dicimus
1485 2301 1498 2326 ,
1531 2267 1588 2312 ut
1633 2268 1686 2312 ttt
1721 2274 1815 2329 per
1845 2268 2129 2316 contume-

521 2341 651 2398 liam
709 2344 988 2402 beatorum
1040 2348 1295 2419 sulfragia
1346 2355 1648 2419 merearis;
1701 2355 1794 2411 sed
1837 2355 2126 2413 consilium

521 2433 737 2504 damus,
772 2449 832 2492 ut
854 2439 899 2493 si
926 2455 1023 2510 pro
1055 2445 1425 2512 magnitudine
1453 2447 1678 2502 sceleris
1709 2449 1786 2504 tui
1820 2451 2128 2520 supplicare

522 2545 629 2586 non
662 2533 782 2588 ausi
815 2543 966 2598 sunt.
991 2533 1018 2572 ἀ
1048 2537 1476 2607 importunitatis
1501 2552 1604 2598 tua:
1631 2543 1888 2615 injuriam
1920 2549 2130 2616 patien-

523 2634 629 2690 tes,
662 2625 876 2682 facilius
921 2646 1018 2699 pro
1045 2647 1112 2686 eo
1138 2649 1168 2686 a
1201 2651 1308 2703 quo
1341 2636 1458 2692 liBSi
1489 2649 1637 2706 sunt,
1679 2640 1990 2696 audiantur.
2038 2641 2127 2696 ln-

521 2719 695 2775 cende
725 2720 993 2779 hordeum
1054 2727 1345 2784 finitimum
1393 2733 1527 2799 tibi,
1582 2735 1725 2802 quod
1774 2745 1856 2791 est
1903 2737 1955 2791 ιιι
1999 2753 2130 2808 agro

524 2808 596 2882 (ll
629 2811 756 2884 Reg.
790 2831 900 2888 xw,
931 2816 1062 2890 '50);
1091 2821 1214 2889 quia
1235 2822 1413 2894 lingua
1439 2825 1576 2896 ignis
1615 2838 1684 2881 est
1719 2837 1741 2864 θ
1775 2827 1915 2903 (Jac.
1945 2846 2021 2897 111,
2048 2831 2124 2904 6),

522 2909 862 2974 ager'autem
889 2923 969 2967 eet
1012 2911 1100 2969 hic
1133 2917 1390 2972 mundus.
1424 2919 1515 2975 Sic
1539 2922 1997 2996 quandocumque
2019 2943 2131 2984 εω-

523 2999 672 3068 peris
701 3001 824 3057 vitae
859 3003 1014 3059 bona:
1039 3005 1304 3063 fructibus
1331 3011 1616 3083 derogare,
1663 3026 1717 3072 et
1743 3015 1927 3074 dicere
1955 3036 1969 3075 :
2002 3035 2130 3077 ecce

521 3089 714 3160 quales
744 3103 870 3148 Sunt
896 3099 1098 3166 Sancti,
1129 3099 1222 3169 qui
1253 3117 1351 3172 pro
1379 3107 1758 3172 peccatoribus
1787 3125 1892 3164 non
1927 3113 2130 3168 audent

521 3197 716 3253 rogare
755 3203 768 3241 :
805 3187 890 3241 ubi
920 3199 1003 3243 est
1033 3191 1349 3260 quotidiana
1375 3211 1587 3250 merces
1618 3199 1840 3268 operis?
1867 3210 1996 3257 tunc
2048 3203 2128 3258 itt-

2232 1979 2430 2032 mortis.
2467 1976 2608 2033 Vere
2637 1980 2781 2033 enim
2811 1981 3026 2036 excelsa
3054 1981 3077 2016 ιι
3106 1997 3275 2047 mors,
3308 1984 3636 2053 paenitentia
3665 1985 3834 2040 dicen-
3924 2057 3932 2064 _

2231 2070 2297 2124 da
2327 2079 2432 2137 est,
2481 2085 2601 2124 cum
2656 2071 2995 2128 ntortificatis
3025 2075 3284 2132 membris
3328 2077 3639 2133 deducatur
3683 2078 3833 2134 homo

2232 2163 2297 2217 ad
2330 2165 2546 2218 excelsa
2577 2165 2840 2221 ctelnrum
2874 2167 3016 2222 unde
3049 2167 3223 2223 fuerat
3249 2179 3382 2226 ante
3407 2171 3658 2241 dilapsus
3685 2189 3697 2226 :
3729 2171 3833 2229 sive

2227 2259 2378 2330 juxta
2408 2261 2563 2314 istam
2595 2261 2855 2315 humilem
2900 2272 3128 2317 mortem
3173 2279 3296 2334 qua:
3324 2264 3667 2336 generaliter
3696 2267 3832 2321 omni

2235 2355 2383 2408 carni
2407 2353 2678 2420 imminet,
2715 2354 2800 2408 illa
2831 2354 2897 2408 ad
2926 2359 3388 2426 comparationem
3433 2359 3557 2428 ejus
3606 2363 3831 2415 rationa-

2236 2445 2418 2501 biliter
2447 2447 2666 2501 excelsa
2701 2447 3046 2512 nominatur;
3101 2449 3224 2518 quia
3271 2451 3444 2504 multo
3489 2450 3725 2505 nobilius
3755 2463 3830 2507 est

2236 2554 2334 2605 per
2384 2537 2756 2608 ptrttiteotiam
2795 2538 2952 2601 tnuri,
2989 2554 3149 2608 quant
3196 2542 3474 2594 communi
3529 2543 3634 2594 hac
3668 2551 3828 2598 morte

2235 2627 2476 2682 dissolvi.
2511 2627 2567 2683 Si
2597 2637 2777 2682 atttcttt
2815 2628 3074 2684 visionem
3109 2629 3302 2684 mortis
3331 2633 3546 2686 sentire
3581 2633 3823 2703 velimus,

2236 2723 2304 2776 ita
2335 2734 2510 2792 potest
2546 2723 2696 2777 itttcll
2723 2726 2807 2791 gi;
2861 2724 2984 2793 quia
3026 2740 3147 2779 cum
3193 2739 3383 2779 sumus
3415 2726 3471 2780 in
3520 2727 3827 2796 prenitentia

2233 2817 2544 2882 consituti,
2579 2829 2782 2872 «tante
2823 2817 3010 2873 oculos
3057 2819 3213 2873 nobis
3261 2819 3521 2890 ponimus
3572 2819 3826 2892 gehennae

2236 2913 2540 2984 infernique
2561 2920 2849 2978 tormenta,
2880 2912 3127 2966 videmus
3157 2915 3328 2981 ipsam
3353 2915 3600 2984 speciem
3626 2915 3826 2980 mortis.

2234 3006 2299 3059 de
2329 3021 2432 3076 qua
2469 3005 2801 3075 patttitentiae
2848 3006 3111 3060 beneficio
3154 3007 3472 3060 liberamur.
3533 3005 3548 3042 ί
3604 3007 3826 3062 Tantum

2235 3101 2548 3154 mentinetis
2577 3108 2626 3152 te
2661 3099 2714 3152 itt
2758 3098 2964 3153 ancill-.e
2993 3098 3084 3152 filii
3115 3100 3333 3154 civitate
3369 3115 3536 3170 agere
3569 3099 3829 3171 poeniten-

2235 3192 2362 3244 tiam
2393 3208 2408 3256 ;
2443 3191 2565 3260 quia
2603 3190 2783 3245 Omnis
2799 3191 2883 3257 qui
2905 3199 3096 3260 peccat,
3130 3208 3303 3244 servus
3329 3203 3400 3246 est
3429 3193 3631 3264 peccati
3656 3192 3822 3264 (Joan.

519 3289 681 3332 censa
717 3293 814 3346 per
836 3279 1071 3351 linguam
1108 3293 1255 3339 tuam
1288 3297 1599 3343 sanctorum
1649 3305 1776 3360 spes
1811 3293 2126 3348 incitabitttr

2235 3299 2345 3348 vttt,
2381 3285 2511 3352 '54);
2548 3284 2560 3333 i
2599 3295 2650 3337 et
2683 3283 2907 3337 formam
2939 3284 3080 3337 servi
3129 3283 3424 3352 accipiens,
3475 3301 3709 3341 necesse
3753 3296 3828 3341 est

520 3369 584 3421 ad
621 3369 872 3447 fiduciam
895 3373 1226 3444 deprecandi
1256 3395 1270 3444 ;
1303 3379 1425 3449 quia
1459 3393 1794 3449 cognoscent
1826 3393 1877 3437 te
1899 3385 1964 3438 ad
1991 3386 2127 3440 hanc

520 3463 910 3518 necessitatem
939 3507 952 3529 ,
989 3467 1239 3522 utilitatis
1270 3479 1374 3524 tute
1404 3487 1590 3536 causa,
1644 3490 1747 3528 non
1782 3476 1912 3529 vitio
1944 3476 2126 3531 detra-

523 3554 724 3607 ctionis
756 3557 1048 3625 impactum
1081 3579 1092 3612 :
1129 3562 1269 3614 sicut
1299 3563 1566 3628 Absalon,
1603 3582 1705 3619 non
1741 3567 1812 3619 ob
1843 3570 1943 3621 hoc
1976 3583 2130 3640 sege-

523 3658 632 3700 tem
665 3647 689 3702 J
718 3651 801 3702 tab
833 3651 1074 3705 incendit
1102 3697 1114 3716 ,
1164 3655 1306 3723 quod
1342 3672 1536 3710 nocere
1571 3659 1730 3712 vellet
1769 3657 1817 3712 ei
1853 3668 2127 3731 umquam

523 3739 746 3796 inimico
777 3760 790 3806 ;
822 3745 916 3799 sed
969 3756 1027 3800 ut
1079 3750 1160 3800 vel
1191 3751 1269 3802 sic
1314 3750 1381 3804 ad
1413 3751 1788 3808 detrahentem
1822 3755 1927 3810 sibi
1950 3759 2128 3826 reSpi-

523 3843 676 3888 ceret
708 3880 722 3903 ,
751 3851 910 3905 quem
946 3853 1050 3892 non
1083 3839 1328 3896 audierat
1354 3842 1720 3900 blandientem
1749 3861 1763 3912 ;
1809 3855 1867 3902 et
1907 3847 1978 3903 ita
2009 3849 2130 3919 ejus

525 3928 875 3996 prtesentiam
924 3945 1267 4002 mereretur,
1304 3931 1396 4005 qui
1425 3937 1625 3994 Christi
1673 3950 1791 3994 erat
1848 3944 2131 4011 proximus

525 4021 607 4076 vel
638 4023 864 4079 amicus.
899 4024 1126 4083 Fructus
1155 4030 1298 4084 enim
1335 4042 1643 4087 sanetorum
1681 4036 1769 4104 qui
1819 4037 2128 4094 secundum

526 4114 777 4174 homines
827 4131 908 4175 est
941 4122 994 4176 in
1044 4122 1250 4178 hordeo
1277 4168 1291 4192 ,
1328 4140 1431 4180 non
1476 4127 1901 4198 incongrttenter
1931 4132 2132 4201 accipi-

526 4219 613 4266 tur
655 4230 669 4267 :
714 4215 804 4284 qui
832 4231 964 4272 vero
1001 4219 1297 4274 secundum
1330 4221 1496 4276 Deum
1525 4262 1539 4286 ,
1593 4223 1644 4276 in
1697 4225 1877 4280 tritico
1928 4229 2132 4296 poterit

525 4307 830 4375 aestimari;
876 4311 999 4380 quia
1031 4327 1137 4367 non
1170 4314 1394 4369 dubiant
1425 4325 1531 4382 est,
1575 4329 1794 4372 sanctos
1839 4329 2132 4388 utrumque

522 4400 799 4457 seminare
817 4405 1119 4460 secundum
1140 4408 1486 4475 Apostolum,
1521 4410 1844 4480 providentes
1873 4413 2005 4465 bona
2029 4425 2129 4466 non

525 4493 696 4548 solum
725 4511 897 4550 coram
935 4497 1042 4552 Deo
1071 4545 1083 4567 ,
1115 4501 1205 4554 sed
1231 4501 1386 4554 etiam
1415 4519 1588 4556 coram
1621 4503 1913 4558 hominibus
1948 4501 2125 4577 (Rom.

524 4601 622 4653 χιι,
658 4589 770 4656 17).
825 4591 892 4645 Ει
945 4593 1066 4647 ideo
1112 4594 1350 4650 Absaloo
1383 4596 1650 4651 hordeum
1682 4596 1970 4652 finitimum
2001 4599 2127 4664 sibi,

2236 3374 2489 3429 humilics
2532 3375 2762 3445 teipsum
2810 3391 2976 3445 usque
3007 3375 3069 3428 ad
3106 3387 3331 3430 mortem
3368 3374 3655 3449 (Philipp.
3687 3393 3742 3444 tt,
3777 3379 3825 3441 7,

2234 3467 2308 3536 8).
2345 3466 2435 3522 Est
2457 3467 2661 3522 Gaulou
2689 3467 2740 3522 in
2773 3468 2965 3522 finibus
2989 3469 3254 3533 Mattasse,
3284 3487 3402 3539 quas
3441 3470 3829 3542 interpretatur

2232 3562 2534 3626 volutatio,
2586 3571 2644 3615 ut
2678 3575 2730 3616 ttt
2760 3559 3072 3616 memineris
3107 3562 3198 3614 tibi
3233 3561 3283 3614 in
3331 3561 3512 3617 cilicio
3555 3572 3612 3618 et
3656 3564 3827 3620 cinere

2233 3670 2354 3710 esse
2385 3655 2732 3709 voltttandttm
2784 3673 2795 3708 :
2851 3665 2902 3709 et
2937 3655 3037 3708 ltoc
3069 3655 3120 3708 in
3169 3654 3362 3709 finibus
3394 3655 3649 3711 Manasse
3675 3701 3689 3722 ,
3743 3657 3827 3727 qtti

2233 3749 2623 3817 interpretatur
2646 3749 2856 3815 oblivio,
2885 3758 2937 3803 ttt
2969 3749 3300 3804 obliviscetts
3332 3764 3394 3803 ea
3424 3766 3549 3820 qua:
3572 3761 3700 3806 ante
3719 3765 3828 3821 ges-

2233 3843 2373 3908 sis1i,
2409 3841 2458 3896 in
2493 3843 2668 3911 priora
2704 3837 3550 3914 teetteudas(Philipp.111,17).
3585 3843 3683 3898 llic
3709 3859 3828 3914 ergo

2235 3929 2496 3996 iuhabita,
2531 3945 2587 3988 ut
2619 3951 2711 4001 per
2739 3933 3036 4004 angustias,
3070 3940 3299 3987 mortem
3330 3941 3386 3987 et
3419 3932 3824 4001 volutationem,

2235 4030 2367 4084 iram
2402 4031 2767 4099 persecutoris
2809 4028 3006 4082 evadas
3048 4035 3100 4082 et
3141 4041 3290 4095 Spem
3334 4027 3528 4081 salutis
3563 4025 3824 4082 invenias.

2234 4123 2370 4177 Tum
2398 4119 2596 4177 deinde
2626 4123 2675 4176 itt
2703 4122 2786 4175 his
2817 4123 2859 4174 si
2892 4118 3022 4190 qttid
3053 4119 3255 4174 utiliter
3281 4120 3548 4191 gesseris,
3581 4123 3744 4176 etiam
3767 4117 3826 4173 ad

2233 4215 2406 4270 (Iades
2435 4217 2482 4268 itt
2520 4224 2664 4268 terra
2714 4213 3152 4281 repromissionis
3181 4253 3194 4276 ,
3227 4227 3352 4282 quae
3377 4222 3466 4267 est
3503 4214 3555 4267 in
3584 4213 3824 4277 Galilaea,

2236 4309 2438 4378 poteris
2468 4307 2750 4375 pervenire
2776 4324 2788 4358 :
2822 4322 2939 4375 quae
2968 4305 3360 4374 interpretatur
3385 4313 3604 4372 sancta;
3633 4313 3689 4358 ut
3713 4311 3828 4360 cum

2235 4403 2287 4456 in
2325 4401 2673 4455 tribulatione
2723 4413 2860 4470 opus
2908 4398 3276 4466 corruptionis
3316 4397 3620 4467 abieceris,
3673 4399 3824 4453 etiam

2236 4495 2300 4548 ad
2329 4505 2570 4548 Sanctam
2601 4493 2700 4548 tibi
2729 4493 3024 4548 Ecclesium
3058 4493 3327 4546 tribuatur
3355 4505 3616 4546 accessus
3640 4507 3654 4556 ;
3696 4500 3749 4545 et
3778 4490 3824 4543 in

2237 4599 2436 4644 Sortem
2467 4586 2812 4659 Nepltthalitu
2841 4627 2854 4651 ,
2902 4601 3021 4654 qua:
3051 4583 3250 4638 dicitur
3285 4584 3403 4636 ritis
3435 4583 3657 4638 remissa
3681 4581 3824 4655 (Gen.

523 4678 576 4732 id
610 4691 716 4745 est,
749 4685 1224 4740 conversatimtem
1275 4703 1398 4755 qua:
1454 4689 1598 4742 inter
1642 4689 1890 4744 homines
1933 4691 2130 4760 ageba—
2156 4691 2209 4752 l)
2235 4703 2376 4750 mit,
2409 4685 2523 4760 ΩΙ),
2557 4697 2612 4741 ιιι
2641 4685 2708 4740 de
2737 4693 3080 4740 sacramento
3108 4681 3364 4736 dominici
3398 4680 3682 4750 Sanguinis
3714 4697 3826 4752 paro

522 4777 612 4825 tur
636 4813 651 4839 ,
688 4772 928 4830 incendit
973 4793 986 4829 :
1038 4776 1104 4832 ad
1135 4778 1265 4832 illttd
1293 4795 1424 4836 vero
1460 4780 1603 4850 quod
1633 4795 1815 4837 coram
1866 4780 1980 4839 Deo
2019 4794 2123 4852 est,

594 4959 620 4987 δ
658 4948 806 5030 inter
849 4951 1026 5008 officia
1079 4955 1393 5030 paenitentis
1425 4957 1790 5030 Tortullianus
1839 4975 1958 5030 cap.
1990 4959 2025 5016 9
2053 4960 2120 5016 de

517 5021 717 5103 Ρωιιίιἶ
747 5021 1159 5103 commemorat,
1193 5028 1430 5082 omnibus
1460 5029 1706 5103 fratribus
1733 5021 2008 5103 legationes
2032 5033 2121 5086 de-

519 5091 836 5172 precationis
883 5112 993 5172 sum
1041 5091 1332 5172 injungere.
1387 5091 1632 5156 Et'lihto
1679 5091 1926 5172 ejusdem
1976 5103 2120 5159 tituli

515 5167 807 5246 Pacianus,
840 5167 1124 5246 multorum
1147 5167 1390 5246 precibus
1409 5175 1684 5246 adjuvari.

589 5238 722 5318 b_lta_
748 5239 925 5318 _Gryn.
959 5249 1014 5296 et
1041 5238 1232 5298 Anthr.
1267 5245 1419 5314 Apud
1445 5238 1715 5316 Bignmum
1747 5249 1806 5303 τὸ
1847 5264 1940 5318 pro
1968 5250 2122 5302 meri-

515 5311 580 5365 tis
606 5311 972 5367 desideratur.

590 5393 611 5422 ο
632 5382 709 5459 Ita
740 5385 868 5440 editi
890 5403 904 5452 ;
923 5386 1352 5459 Ambrosianus,
1380 5404 1446 5441 ea:
1464 5398 1695 5456 septem:
1726 5401 1831 5459 qua
1856 5389 1926 5446 de
1952 5408 2010 5447 re
2041 5391 2120 5445 fu-

511 5453 624 5527 sius
649 5454 881 5527 pisscrt.
914 5457 970 5523 2,
1005 5474 1123 5527 cap.
1169 5462 1214 5511 Ι.

585 5524 608 5563 ά
644 5525 885 5584 Pessime
915 5524 1098 5598 Iligtta,
1128 5531 1183 5600 in
1211 5530 1600 5600 opportunitate
1629 5538 1791 5586 luant.

589 5608 611 5634 ε
646 5600 834 5652 Anthr.
867 5601 1034 5654 addit.
1071 5619 1083 5653 :
1233 5599 1414 5676 manus
1447 5600 1713 5676 iniquitate
1741 5620 1876 5676 sirpe
1902 5621 1993 5676 per
2021 5606 2123 5660 lin-

513 5684 672 5738 guam
693 5671 956 5745 insistitin
991 5671 1452 5745 memln'isai’auln
1483 5671 1642 5726 aliter
1662 5671 1855 5745 Grynl,
1891 5671 1956 5732 Et
1975 5693 2124 5731 mun-

517 5743 615 5811 dus
646 5741 934 5805 iniquitatis
965 5754 1056 5796 est.
1110 5742 1215 5796 Per
1259 5741 1491 5811 linguam
1539 5741 1751 5797 constat
1777 5749 1828 5800 in
1859 5748 2120 5803 membris.

599 5809 617 5847 τ
667 5811 821 5881 Bign.
852 5855 864 5871 .
918 5814 1148 5879 proxime
1190 5809 1361 5864 smmi.
1440 5813 1721 5881 Scriptura
1784 5819 2124 5874 Ambrosiani

521 5894 683 5949 quam
727 5885 1039 5953 seqttimur‘,
1105 5883 1434 5938 confirmare
1491 5885 1702 5940 videtur
1749 5893 2122 5959 conjecturam

2238 4782 2463 4852 ticipare
2495 4780 2778 4833 mercaris.
2829 4776 2936 4833 Sed
2967 4789 3066 4830 nec
3101 4775 3318 4830 Hebron
3349 4775 3530 4828 aditus
3563 4774 3664 4828 tibi
3689 4774 3827 4828 clauo

2230 4958 2603 5026 Tillemuntii,
2666 4957 2834 5013 fuisse
2895 4955 3188 5037 nimirum,
3246 4951 3334 5024 qui
3373 4951 3673 5037 (monacho
3730 4971 3821 5037 nu-

2229 5039 2368 5098 ptias
2405 5031 2698 5085 suaderent
2738 5045 2860 5084 cum
2908 5027 3116 5098 virgine
3161 5036 3438 5096 corrupta,
3491 5037 3546 5081 ut
3593 5027 3822 5096 parentis

2229 5103 2364 5157 iram
2392 5104 2686 5157 emolliret.
2834 5147 2838 5151 _

2303 5184 2326 5222 ε
2356 5174 2510 5242 Biug.
2561 5177 2710 5227 citra.
2747 5167 2933 5226 Anthr.
2969 5179 3167 5224 contra.
3215 5165 3323 5223 Cor
3353 5181 3610 5226 neutrum
3641 5184 3818 5240 sequa-

2229 5262 2371 5302 ntur.
2406 5241 2639 5300 disimtts
2670 5247 2807 5299 Diss.
2842 5241 2888 5303 l,
2923 5259 3041 5312 cap.
3076 5243 3127 5304 7,
3164 5257 3281 5311 pag.
3312 5258 3426 5296 1.1x.

2304 5314 2330 5352 ¹ι
2387 5317 2499 5371 Hoc
2528 5332 2687 5371 sensu
2727 5316 2946 5370 Veteres
2982 5312 3249 5381 aceipiuut
3281 5314 3446 5368 verba
3479 5313 3722 5381 Apostoli
3760 5312 3820 5368 de

2225 5388 2532 5450 Corinthio,
2577 5405 2738 5456 quem
2771 5405 2829 5442 se
2860 5386 3075 5467 dedisse
3103 5386 3178 5438 ait
3207 5384 3426 5467 δίιιιιξιω
3459 5387 3524 5467 ¹ἱιι
3564 5387 3820 5467 interitum

2225 5461 2417 5514 cumis,
2473 5454 2620 5516 lutei-
2669 5461 2766 5513 ltus
2815 5458 3019 5512 emittet
3059 5466 3283 5538 sanctus
3340 5454 3820 5538 Zuplqrinttsoain

2225 5547 2383 5602 quem
2424 5531 2620 5588 frustra
2650 5531 3014 5587 debaccitatur
3058 5525 3100 5582 Τ
3106 5528 3428 5583 crtullianus
3472 5525 3538 5582 de
3572 5527 3819 5582 Pudicitia

2227 5618 2346 5659 αλιι).
2385 5605 2476 5659 15.

2564 5674 2733 5729 Donec
2766 5665 3074 5728 tnetttineris.
3106 5667 3291 5726 Melior
3318 5669 3435 5726 visa
3459 5683 3544 5726 est
3566 5673 3819 5742 scriptura

2227 5746 2432 5800 codicis
2464 5748 2656 5801 nostri.

2305 5818 2317 5866 i
2362 5819 2453 5872 lla:
2495 5835 2615 5886 quae
2646 5833 2750 5873 non
2787 5825 3008 5873 exstant
3039 5815 3091 5870 in
3121 5813 3306 5870 Anthr.
3355 5813 3594 5873 libenter
3631 5821 3823 5887 expono

2227 5903 2434 5958 gerem.
