4060 6344
539 316 679 375 1055

1831 330 2185 388 B.\Clll:\Rll
2225 331 2534 390 MONACHI

3707 347 3836 409 1056

537 443 712 504 tuum,
741 437 893 494 velut
922 436 1066 494 Ruth
1095 439 1164 497 de
1194 455 1324 511 agro
1354 441 1662 510 Moabitlco,
1703 445 1808 503 hoc
1837 456 1922 504 est
1964 456 1989 485 ι
2021 447 2142 503 ani-
2166 455 2218 516 Α
2245 459 2550 520 peccatum.
2599 453 2802 524 Aspice
2850 456 3193 528 prophetam,
3245 461 3340 531 qui
3389 460 3524 518 dicit
3552 479 3567 518 :
3609 461 3676 518 Et
3715 464 3831 537 dixi,

541 544 647 586 mae
674 528 745 587 de
771 530 1036 590 ebrietate
1065 542 1120 590 et
1162 535 1524 594 fornicatione
1557 538 1828 597 venientis
1861 559 1874 596 :
1919 542 2011 613 qui
2043 556 2140 599 sua

541 629 750 678 tantum
781 625 1001 695 quaerit,
1046 637 1099 682 et
1133 629 1521 686 misericordiae
1561 633 1802 701 nescius,
1835 634 1901 691 de
1933 635 2142 692 Israeli-

549 714 655 770 tica
683 715 786 771 sibi
817 718 994 774 solum
1027 720 1198 791 stirpe
1225 723 1510 791 gloriatur.
1547 723 1660 794 Ego
1684 741 1814 782 vero
1848 728 1976 783 licet
1999 729 2140 786 Boos

542 797 741 868 similis
769 829 875 867 non
907 814 1008 867 sim
1054 814 1246 887 (Ruth.
1281 834 1356 886 tv,
1395 819 1419 873 1
1457 827 1652 890 seqq.),
1695 831 1874 879 tamen
1905 827 2140 882 animam

547 913 695 960 tuam
724 906 860 962 mihi
903 908 1061 979 cupio
1090 913 1317 978 sociari;
1351 928 1451 969 nec
1479 913 1505 952 ι)
1537 927 1730 986 arguat
1760 935 1846 973 me
1872 921 2139 991 quiSpiam

545 1012 672 1054 esse
702 1002 1162 1068 prtesumptionis,
1196 1004 1317 1073 quia
1349 1005 1555 1060 licitum
1588 1016 1672 1062 est
1696 1009 1827 1064 mihi
1857 1025 2044 1068 semen
2073 1013 2141 1070 de

543 1090 732 1148 fratris
757 1092 998 1150 defuncti
1031 1097 1191 1152 vidua
1244 1101 1508 1157 suscitare
1540 1101 1720 1174 (Deut.
1750 1121 1842 1171 xx,
1873 1105 1925 1168 7,
1959 1108 2039 1177 9),
2075 1122 2142 1163 ne

541 1185 765 1256 perdam
811 1190 1174 1245 calceamenta
1225 1193 1522 1262 paschalia.
1555 1205 1612 1251 et
1653 1196 1906 1254 exltteres
1943 1199 2141 1256 Christi

541 1278 810 1348 passionis
856 1279 1097 1349 efficiar;
1127 1298 1192 1338 ac
1227 1301 1326 1353 pro
1353 1287 1524 1342 verho
1555 1291 1745 1360 sponsi
1780 1291 1925 1346 velut
1965 1308 2142 1350 caecus

540 1370 788 1439 ell'ectus,
819 1374 1044 1431 Salivam
1080 1388 1102 1417 ο
1132 1379 1310 1448 jejuni
1343 1381 1454 1436 oris
1497 1397 1619 1453 qua:
1651 1383 1704 1440 in
1739 1394 1938 1442 terram
1973 1388 2142 1458 proji-

541 1465 691 1520 citur
731 1476 783 1521 et
810 1471 1189 1536 conculcatur,
1222 1489 1290 1529 ne
1317 1477 1606 1546 accipiam,
1637 1477 1812 1534 donec
1840 1480 2014 1537 effuso
2053 1499 2140 1538 se-

545 1557 692 1613 mine
740 1557 806 1613 ad
861 1560 1081 1617 viduam
1136 1563 1372 1621 animam
1428 1567 1666 1623 defuncti
1717 1569 1920 1636 fratris,
1957 1573 2006 1628 id
2059 1584 2142 1630 est

544 1655 746 1709 mortui
797 1671 892 1725 per
919 1657 1386 1728 desperationem,
1437 1661 1737 1729 introeant;
1788 1665 1881 1719 sed
1913 1668 2139 1735 quaesita

542 1747 888 1804 multitudine
919 1750 1173 1818 seminis,
1204 1763 1494 1824 aggregata
1543 1755 1609 1811 de
1637 1757 1926 1826 scripturis
1955 1759 2142 1830 copio-

2243 551 2520 614 postquam
2547 548 2872 602 meretricata
2889 565 2963 617 es,
2988 551 3057 603 atl
3071 568 3149 605 me
3166 563 3424 608 revertere
3438 552 3656 624 (Jerem.
3674 571 3749 620 Ill.
3767 557 3833 628 ι).

2245 633 2397 690 Licet
2426 637 2684 695 dominici
2719 642 2905 712 templi
2938 659 3067 699 vasa
3112 662 3207 702 rex
3252 651 3564 717 captaverit
3594 651 3836 722 Assyrius

2247 724 2463 797 (Jerem.
2506 747 2674 795 xxvn.
2711 734 2820 804 l6),
2857 743 3040 792 tamen
3084 749 3436 797 revertantur
3482 743 3548 798 ad
3594 745 3836 816 templum

2245 817 2288 888 (Ι
2321 816 2483 875 Esdr.
2520 838 2558 884 t,
2593 824 2767 896 7-H),
2801 843 2870 882 ne
2907 844 2968 884 ea
3019 829 3072 884 in
3109 843 3437 904 perpetuum
3481 835 3720 908 Babylon
3748 839 3837 892 im-

2246 913 2445 967 munda
2477 916 2773 980 possideat.
2822 920 2966 975 Licet
3000 938 3096 991 per
3134 924 3414 980 flammam
3447 928 3622 996 turpis
3650 943 3839 986 concu-

2248 1006 2526 1075 piscentite
2576 997 2878 1068 incenderit
2925 1018 3187 1088 templum
3224 1020 3443 1076 Domini
3479 1024 3732 1096 princeps
3756 1041 3840 1081 co-

2245 1115 2458 1168 corum,
2505 1107 2595 1175 qui
2635 1107 2856 1162 domino
2899 1125 3017 1176 suo,
3075 1113 3260 1178 idest,
3310 1115 3544 1186 principi
3592 1119 3840 1176 mundiali

2249 1208 2404 1248 escas
2456 1208 2765 1252 nostrorum
2821 1211 2972 1270 parat
3015 1215 3398 1273 peccatorum;
3450 1216 3631 1264 tamen
3674 1210 3842 1267 veniat

2247 1283 2570 1351 Zorobabel,
2619 1289 2723 1346 hoc
2768 1303 2868 1361 est,
2904 1295 3128 1362 spiritus
3155 1298 3473 1366 sapientize,
3506 1303 3598 1372 qui
3627 1302 3737 1372 jam
3768 1306 3841 1358 in-

2248 1380 2756 1438 tellexitmuliernm
2789 1389 3084 1457 potentiam
3111 1392 3268 1446 malis
3299 1392 3622 1449 hominibus
3652 1394 3675 1432 ιι
3700 1399 3840 1467 prin-

2245 1473 2440 1542 cipari,
2473 1487 2527 1532 et
2559 1487 2699 1533 totus
2730 1478 2783 1533 in
2833 1481 3062 1537 veritate
3089 1485 3318 1540 confidit
3360 1504 3372 1540 :
3405 1487 3592 1542 veniat
3626 1489 3836 1558 Esdras,

2245 1563 2580 1623 bibliotheca
2630 1570 2813 1640 Legis,
2869 1586 2921 1628 et
2979 1577 3240 1631 mctnoria
3303 1579 3556 1635 lectionis
3605 1598 3622 1636 :
3676 1586 3843 1640 veniat

2251 1656 2267 1695 ί
2311 1659 2550 1716 Naaman
2582 1663 2776 1736 Syrus,
2823 1669 2994 1724 virtus
3031 1671 3375 1727 confidentia:
3399 1685 3842 1750 contemptorque

2245 1749 2579 1819 formidinis;
2609 1757 2700 1828 qui
2728 1775 2824 1827 pro
2849 1764 3216 1820 restructione
3247 1769 3437 1835 patria:
3465 1769 3733 1841 principis
3759 1749 3844 1842 po-

543 1838 708 1896 sitate
741 1841 1058 1911 verborum,
1093 1843 1221 1900 huic
1257 1845 1430 1901 vidua:
1471 1848 1770 1918 conjungar
1799 1848 1825 1889 ά
1855 1867 1918 1906 ac
1953 1855 2140 1922 proxi-
2175 1858 2217 1918 Β
2249 1849 2470 1904 tentiam
2521 1868 2628 1908 non
2658 1865 2906 1921 veretur;
2939 1871 3000 1912 ac
3031 1857 3313 1928 dispositis
3348 1876 3443 1930 per
3481 1862 3696 1934 singula
3728 1865 3843 1921 llic-

547 1948 713 1999 mem,
763 1943 821 1989 ut
860 1935 1058 1991 auditis
1089 1936 1196 2004 his,
1231 1939 1402 2009 possit
1448 1941 1567 1996 sine
1609 1942 1925 2000 difficultate
1956 1949 2143 2003 conci-

546 2040 696 2097 pere,
737 2037 791 2082 et
838 2030 1029 2087 salutis
1080 2033 1338 2102 spiritum
1389 2037 1680 2104 parturire.
1732 2038 1949 2095 Memini
1995 2043 2140 2098 enim

541 2121 830 2190 apostolici
862 2124 1024 2178 verba
1058 2129 1338 2196 praecepti,
1379 2130 1470 2183 ubi
1516 2130 1651 2185 dicit
1688 2151 1700 2185 :
1736 2132 1995 2199 Quosdam
2025 2139 2170 2208 qui-'

539 2211 655 2266 dem
684 2217 866 2286 eripite
888 2216 952 2271 de
980 2218 1118 2288 igne,
1150 2221 1331 2275 dubios
1361 2237 1478 2277 vero
1500 2225 1839 2280 consulamini
1879 2229 1921 2298 (1
1952 2228 2136 2289 Thess.

541 2319 595 2371 ν,
628 2306 743 2376 14);
777 2319 826 2362 et
859 2308 1019 2363 alibi:
1058 2309 1161 2378 Qui
1188 2316 1496 2369 revocaverit
1521 2325 1846 2388 peccatorem
1874 2319 1936 2373 ab
1963 2337 2140 2378 errore

538 2397 634 2453 vite
653 2415 780 2463 suae,
805 2399 1024 2454 salvabit
1049 2405 1276 2458 animam
1302 2423 1447 2460 suam
1478 2408 1544 2462 de
1564 2420 1728 2464 morte
1756 2409 1897 2481 (lac.
1932 2428 1985 2480 v,
2019 2414 2133 2484 20).

481 2499 484 2502 ‘
541 2489 657 2545 Non
679 2502 765 2547 est
793 2493 1102 2562 minimum,
1127 2497 1172 2551 si
1206 2507 1229 2535 ε
1261 2509 1561 2555 extremam
1603 2513 1696 2557 aut
1738 2519 2006 2560 summam
2037 2522 2138 2562 au-

540 2586 764 2642 riculam
787 2588 853 2642 de
873 2589 1048 2644 leonis
1071 2590 1317 2648 faucibus
1331 2595 1683 2652 extrahamns
1699 2599 1900 2670 (Amos.
1917 2616 1996 2665 tu,
2025 2601 2136 2675 12):

542 2681 757 2735 tametsi
791 2682 1165 2739 beatissimum
1196 2687 1507 2755 pontificem
1553 2691 1644 2760 qui
1679 2692 1731 2746 in
1761 2692 1955 2748 iisdem
2003 2695 2139 2751 locis

540 2784 664 2826 cum
695 2777 1072 2832 sacerdotibus
1120 2779 1234 2834 suis
1275 2779 1464 2836 divino
1514 2785 1720 2840 assistit
1760 2787 1977 2855 altario,
2027 2806 2135 2846 non

537 2862 686 2918 aliud
710 2881 838 2922 reor
858 2883 1019 2939 quam
1053 2870 1368 2928 Davidicum
1401 2891 1538 2947 opus
1584 2878 1814 2945 imitari;
1840 2892 1898 2936 ut
1921 2884 2136 2952 quando

539 2955 609 3012 de
650 2973 813 3030 grege
840 2960 924 3015 leo
952 2971 1044 3017 aut
1087 2978 1246 3018 ursus
1277 2980 1434 3021 ovem
1462 2969 1728 3039 rapuerit,
1763 2973 2007 3045 insurgat
2037 2975 2134 3030 ad-

538 3063 728 3105 versus
758 3067 905 3120 eum,
928 3063 984 3110 et
1021 3059 1495 3130 prmstrangnlatis
1527 3061 1770 3119 faucibus
1800 3067 1948 3136 prtcd
1971 3085 2038 3122 im
2069 3085 2136 3125 ex

535 3152 753 3211 gutture
795 3146 1021 3216 eripiat;
1072 3158 1164 3204 aut
1207 3151 1352 3206 velut
1405 3163 1592 3223 pastor
1633 3157 1808 3212 bonus
1847 3171 2132 3231 vagantem

2247 1942 2484 1997 rnsalem
2517 1944 2633 2000 loca
2665 1946 2728 2014 (ll
2773 1945 2930 2002 Esdr.
2963 1964 3037 2013 tv,
3087 1949 3174 2014 16,
3206 1952 3317 2024 li),
3369 1953 3419 2008 id
3470 1966 3578 2022 est,
3610 1958 3840 2014 membra

2243 2039 2492 2104 corporis
2540 2037 2800 2108 angelicis
2849 2037 3397 2114 patriarcharnmque
3427 2049 3740 2114 virtutibus,
3787 2060 3838 2108 ut

2243 2125 2487 2196 collapsa
2534 2130 2548 2178 t
2612 2141 2979 2200 restruantur,
3013 2143 3067 2189 et
3114 2144 3387 2192 restructa
3417 2141 3717 2208 custodiat,
3748 2160 3840 2201 una

2243 2235 2404 2275 manu
2459 2223 2659 2278 serviat
2723 2225 2964 2294 fabricat,
3029 2229 3130 2283 alia
3194 2247 3325 2287 vero
3373 2235 3678 2302 custodite;
3730 2239 3842 2306 quia

2243 2315 2413 2368 Adam
2445 2318 2654 2387 positus
2685 2329 2772 2374 est
2804 2321 2856 2374 in
2900 2321 3159 2392 paradiso
3183 2328 3399 2396 operari
3431 2327 3591 2398 (Gen.
3636 2346 3696 2396 ll,
3734 2331 3838 2404 15),

2244 2415 2298 2462 ct
2327 2410 2623 2467 custodire.
2659 2413 3077 2471 Remdificentnr
3105 2434 3235 2489 ergo
3265 2435 3361 2490 per
3393 2423 3728 2495 tropologias
3757 2441 3838 2481 no-

2244 2501 2448 2556 tninum
2480 2503 2716 2560 claustra
2751 2519 3053 2576 portarum.
3097 2509 3424 2568 Restruatur
3469 2514 3522 2569 in
3573 2517 3839 2587 principiis

2243 2603 2393 2664 porta
2442 2593 2716 2650 Probatica
2765 2597 2828 2670 (ll
2860 2598 3020 2654 ESdr.
3053 2615 3132 2669 In,
3168 2602 3219 2670 1,
3257 2605 3418 2676 juxta
3459 2604 3658 2678 LXX),
3686 2624 3840 2680 quam

2243 2701 2345 2741 nos
2395 2703 2518 2744 esse
2567 2691 2912 2760 suspicamur
2956 2693 3220 2763 auditum,
3268 2711 3365 2766 per
3416 2712 3611 2768 quem,
3665 2709 3836 2756 utrum

2243 2779 2381 2835 bona
2434 2781 2541 2836 sint
2589 2793 2679 2837 aut
2729 2785 2869 2840 mala
2917 2802 3038 2857 qua:
3083 2789 3432 2845 extrinsecus
3483 2793 3553 2846 atl
3611 2808 3710 2848 nos
3759 2793 3836 2849 in-

2240 2882 2480 2940 troeunt,
2537 2877 2987 2946 comprobamus;
3045 2881 3174 2944 quia
3231 2873 3361 2951 ﬁdes
3417 2899 3481 2937 ex
3535 2886 3722 2940 auditu
3762 2895 3837 2943 est

2242 2964 2420 3036 (Rom.
2454 2981 2506 3031 x,
2550 2965 2662 3038 i7).
2696 2967 3008 3034 Faciamus,
3063 2971 3202 3042 quod
3237 2975 3540 3044 Apostolus
3570 2976 3705 3032 dicit
3739 2997 3751 3032 :
3782 2979 3837 3034 Si

2239 3063 2360 3116 estis
2388 3062 2441 3116 in
2485 3063 2610 3132 ﬁde,
2642 3063 2743 3134 ipsi
2785 3082 2870 3119 eos
2908 3065 3118 3138 probate
3171 3066 3237 3132 (ll
3267 3065 3388 3124 Cor.
3443 3085 3577 3136 xm,
3627 3070 3706 3143 5).
3741 3073 3836 3128 lle-

2240 3165 2484 3210 struatur
2511 3167 2660 3227 porta
2690 3156 2981 3213 Piscatoria
3021 3160 3089 3229 (ll
3117 3159 3273 3214 Esdr.
3322 3178 3403 3230 Ill,
3437 3164 3521 3236 5),
3548 3165 3599 3220 id
3633 3177 3737 3230 est,
3767 3168 3838 3222 vi-

536 3247 795 3306 revocet,
851 3240 1144 3312 alligetque
1203 3247 1441 3302 attritam
1465 3290 1480 3314 ,
1540 3261 1929 3324 errantemque
2001 3271 2132 3312 con-
2162 3254 2208 3319 C
2240 3263 2396 3304 suum
2443 3264 2756 3306 nostrorum
2786 3269 2920 3322 vaga
2954 3269 3172 3322 semper
3200 3265 3412 3322 natura,
3445 3272 3511 3312 ac
3545 3274 3645 3328 per
3686 3261 3838 3314 semi-

535 3339 737 3385 vertat.

609 3423 697 3479 18.
740 3424 818 3480 Tu
875 3436 1077 3496 tamen,
1133 3433 1320 3504 frater,
1359 3450 1700 3508 nequaquam
1749 3441 2019 3496 scelerato
2048 3458 2140 3498 ac-

531 3515 786 3585 quiescas
818 3520 1204 3594 impudicoque
1252 3527 1549 3597 conjugio:
1585 3546 1690 3585 non
1741 3529 1759 3568 τ
1807 3533 2034 3590 insultes
2062 3536 2133 3603 ei,

531 3607 689 3677 cujus
737 3610 870 3666 iram
918 3623 1232 3672 sustentare
1280 3633 1386 3673 non
1424 3623 1648 3688 poteris.
1695 3623 1834 3691 Quin
1880 3627 2045 3680 immo
2086 3637 2141 3684 et

530 3697 622 3752 illa
655 3717 816 3770 quam
850 3704 945 3760 tibi
979 3705 1112 3761 fecit
1143 3709 1370 3765 sceleris
1400 3713 1554 3783 culpa
1587 3725 1919 3781 consortem,
1953 3734 2134 3773 rever-

553 3801 680 3846 atur
707 3794 771 3848 ad
806 3795 977 3852 virum
1006 3814 1185 3855 suum.
1211 3801 1484 3874 Numquid
1517 3806 1952 3874 patriarcharum
1978 3826 2137 3866 soror

532 3882 690 3956 (Gen.
727 3891 937 3958 xxxrv).
983 3903 1270 3965 postquam
1297 3899 1564 3966 peccavit,
1609 3909 1633 3946 ις
1669 3902 1916 3970 nupsisse
1948 3904 2133 3973 perhi-

529 3974 726 4032 betur?
769 3980 1077 4053 Legislator
1121 3991 1379 4060 prtecepit
1419 3990 1594 4063 (Leuit
1641 4009 1732 4060 xx,
1770 3993 1881 4067 10),
1931 4005 1989 4052 ut
2034 3998 2130 4068 qui

529 4083 757 4126 uxorem
780 4073 1006 4132 alterius
1036 4080 1356 4147 macularet,
1381 4099 1504 4138 cum
1536 4085 1651 4154 ipsa
1677 4085 2016 4156 lapidaretur
2039 4105 2134 4159 pa-

527 4161 697 4230 riter;
725 4174 782 4220 ct
811 4167 933 4223 ideo
973 4185 1082 4226 non
1114 4176 1376 4242 permittit
1401 4176 1745 4247 conjugium,
1779 4179 1875 4234 sed
1898 4181 2002 4235 sub
2033 4198 2132 4235 no-

529 4255 675 4313 mine
714 4258 958 4332 lapidum
1002 4265 1137 4322 dura
1176 4271 1453 4326 sententia
1485 4272 1743 4328 emendat
1789 4276 2128 4348 corrigitque

601 4511 626 4541 ιι
657 4503 784 4559 Haec
805 4517 1090 4583 compares
1115 4509 1278 4564 velim
1300 4523 1423 4564 cum
1468 4509 1633 4566 editis
1657 4529 1669 4565 :
1697 4510 1893 4567 menda
1921 4527 2134 4583 expun-

526 4573 706 4628 ximus
735 4590 836 4644 ope
872 4573 1079 4634 codicis
1121 4585 1310 4635 nostri.
1490 4610 1493 4612 -

601 4645 627 4720 β
671 4646 831 4720 Legis
872 4651 1056 4712 verba,
1086 4652 1152 4705 ad
1185 4668 1305 4720 qua:
1331 4653 1524 4709 alludit
1567 4653 1914 4720 Bachiarins,
1947 4657 2124 4711 lucem

2243 3349 2325 3396 tas
2379 3343 2570 3408 maris,
2627 3345 2728 3399 hoc
2780 3354 2888 3413 est,
2941 3347 3056 3399 vias
3103 3346 3287 3402 mundi
3351 3347 3511 3403 istius
3563 3351 3832 3408 oculorum

2242 3435 2400 3490 velox
2441 3451 2505 3491 ac
2534 3435 2790 3506 fugitivus
2815 3448 3104 3509 aspectus;
3137 3441 3260 3511 quia
3295 3443 3408 3514 ipse
3450 3444 3602 3500 visus
3631 3462 3728 3516 pro
3753 3463 3834 3502 sa-

2241 3544 2373 3598 gena
2424 3533 2624 3600 poterit.
2669 3531 2930 3586 semimari
2961 3549 2976 3588 :
3013 3534 3272 3604 quidquid
3315 3539 3617 3609 aspexerit,
3666 3544 3834 3597 statim

2240 3624 2412 3691 capit;
2455 3631 2509 3676 et
2540 3633 2779 3692 captum,
2812 3625 2878 3678 ad
2916 3627 3098 3681 cordis
3125 3629 3343 3683 cellaria
3379 3631 3640 3687 interiora
3675 3643 3838 3688 trans-

2241 3715 2425 3770 mittit.
2458 3716 2786 3773 Bestruatur
2825 3728 2978 3789 porta
3008 3717 3033 3757 ιι
3083 3721 3137 3774 in
3183 3722 3471 3790 Anathoth,
3522 3740 3648 3793 qua:
3681 3727 3837 3782 inter-

2245 3819 2495 3879 pretatur
2516 3813 2829 3880 respondens
2857 3813 3277 3889 signunt(1bid.,
3313 3816 3390 3887 6):
3422 3818 3573 3889 quod
3605 3823 3838 3893 suspica-

2241 3919 2364 3958 mur
2413 3920 2535 3959 esse
2590 3905 2784 3961 frontis
2855 3907 3185 3977 patibulum,
3241 3910 3331 3965 ubi
3388 3913 3606 3982 signum
3657 3916 3836 3970 salutis

2237 4007 2439 4052 nostra:
2469 4011 2521 4053 et
2551 3999 2848 4054 Dominicaa
2879 4005 3187 4057 sanctitatis
3221 4001 3240 4040 ι
3276 4007 3596 4076 accepimus
3636 4026 3650 4062 :
3701 4009 3834 4080 quod

2234 4101 2320 4145 est
2345 4106 2509 4146 aurea
2539 4092 2736 4147 lamina
2758 4134 2771 4158 ,
2802 4093 2894 4147 ubi
2923 4095 3164 4162 pontifex
3200 4110 3400 4151 nomen
3451 4097 3672 4154 Domini
3704 4102 3834 4156 scri-

2234 4195 2384 4254 ptum
2417 4188 2704 4241 mandatur
2728 4189 2978 4258 accipere
3009 4198 3518 4258 tetragrammaton.
3552 4192 3646 4249 Vis
3677 4195 3832 4258 scire,

2231 4283 2357 4352 quia
2383 4296 2489 4336 non
2539 4284 2833 4354 incongrue
2863 4295 3072 4355 portam
3100 4286 3154 4340 in
3181 4285 3488 4356 Anathotb,
3520 4304 3644 4359 qua:
3676 4289 3835 4345 interc

2243 4512 2514 4570 letlicendi
2538 4513 2779 4589 pruritns
2803 4520 3175 4589 transversum
3201 4513 3312 4589 egit
3335 4513 3616 4589 hominem
3642 4515 3830 4589 alioqui

2240 4595 2518 4640 versatum
2561 4587 2612 4639 in
2661 4584 2877 4652 scriptis
2918 4585 3325 4641 ecclesiasticis.
3371 4585 3652 4650 Antiqnns
3699 4584 3834 4644 Scri-

2239 4668 2414 4726 pturte
2457 4659 2733 4723 interpres
2766 4656 2905 4726 apud
2952 4659 3290 4711 Lactantium
3335 4658 3427 4712 lib.
3465 4673 3522 4711 tv
3553 4657 3676 4713 Div.
3701 4660 3827 4715 Inst.

530 4715 760 4770 afferent
799 4717 925 4798 huic
964 4722 1103 4782 loco,
1136 4715 1222 4786 qui
1267 4724 1558 4798 obscurior
1600 4735 1703 4793 est,
1751 4741 1813 4779 ac
1868 4715 2128 4796 praeterea
2160 4736 2214 4796 1)
2239 4715 2362 4796 cap.
2396 4729 2491 4789 l5;
2525 4715 2761 4798 Vulgata.
2794 4715 2987 4782 auctor
3029 4729 3191 4782 Marci
3223 4746 3276 4793 κ,
3303 4728 3404 4795 42;
3459 4743 3686 4786 sanctus
3726 4737 3831 4787 An-

528 4799 837 4857 cOrruptns.
868 4790 964 4846 Sin
993 4804 1164 4846 autem
1193 4795 1411 4848 noluerit
1443 4790 1917 4866 accipere'tta'ore'm
1947 4799 2128 4868 fratris

527 4859 632 4921 sui,
665 4876 774 4924 qua:
820 4863 866 4914 ei
917 4865 1023 4930 lege
1049 4865 1376 4928 debetur,....
1422 4859 1628 4919 accedet
1662 4868 1847 4921 mulier
1894 4859 1962 4922 ad
2011 4887 2129 4923 eum

527 4945 701 4984 coram
727 4933 1036 5012 senioribus,
1069 4946 1116 4988 et
1142 4936 1283 5012 tollet
1307 4937 1705 5012 calceantentnrn
1731 4940 1808 5012 de,
1827 4942 1952 5002 pede
1990 4943 2125 5012 ejus,

525 5011 774 5080 spuetque
823 5006 880 5080 in
903 5005 1108 5080 faciem
1135 5006 1298 5072 illius,
1332 5019 1379 5062 et
1412 5009 1544 5062 dicet
1576 5025 1594 5064 :
1638 5008 1728 5064 Sic
1773 5011 1861 5079 ﬁet
1907 5005 2122 5080 honuni,

527 5074 617 5144 qui
645 5091 749 5149 non
779 5075 1002 5149 (ediﬁcat
1028 5079 1238 5132 domum
1261 5081 1439 5149 fratris
1467 5082 1570 5134 sui.
1610 5131 1613 5134 .

604 5156 625 5184 ο
648 5145 722 5200 Ita
745 5147 899 5224 editi.
932 5145 1326 5224 Ambrosianus
1350 5167 1503 5214 vero.
1528 5151 1998 5224 salivamjunioris.
2025 5154 2128 5210 Le-

529 5218 765 5289 gendnm
801 5219 1019 5275 videtur
1043 5222 1388 5289 simpliciter,
1416 5225 1632 5278 salivam
1662 5218 1790 5279 oris.

602 5288 627 5328 ά
674 5291 810 5345 Edit.
826 5333 841 5356 ,
861 5288 1164 5364 coniungar,
1179 5296 1432 5359 proxime.

602 5373 625 5398 υ
669 5368 770 5424 An,
825 5374 1108 5419 extremum
1154 5372 1242 5416 aut
1299 5382 1557 5419 summum
1606 5369 1898 5424 auricula'?
1954 5369 2122 5437 LXX,

528 5431 883 5506 laecasin-ioc.
917 5435 1137 5506 Vulgata
1168 5437 1462 5490 consentit.

608 5505 628 5545 ί
671 5505 840 5583 Recte
871 5505 1284 5583 Ambrosianus.
1317 5507 1517 5580 Gryn.,
1550 5511 1757 5567 insulte.
1791 5511 1972 5583 Bign.,
1998 5531 2122 5569 con-

521 5577 696 5648 jugio,
725 5579 875 5647 cujus
899 5581 1052 5642 iram.
1086 5592 1194 5637 etc.

606 5659 631 5696 ε
666 5649 878 5714 Atnbr.,
910 5653 1132 5707 nubisse.

599 5715 630 5756 λ
669 5720 831 5797 Miror
851 5723 1072 5797 verbum
1097 5724 1200 5797 hoc
1217 5723 1412 5780 Joanni
1443 5722 1684 5797 Lauinoio
1708 5726 1929 5795 Epistol.
1957 5739 2112 5797 parte

526 5803 600 5867 tv,
616 5794 774 5856 epist.
799 5793 851 5855 l,
871 5793 1327 5867 adeodisplicere,
1355 5793 1765 5867 ntrcardiualem'
1788 5793 2108 5867 Cajetanum

525 5860 650 5914 ideo
675 5872 885 5932 arguat,
912 5860 1145 5919 barbarie
1171 5878 1215 5920 et
1238 5869 1400 5936 Opica:
1424 5866 1730 5923 locutionis.
1760 5860 1967 5924 Niniins
1993 5888 2104 5926 ma-

2237 4804 2485 4869 gustinns
2520 4801 2610 4854 Μ).
2642 4817 2679 4864 t,
2703 4803 2766 4853 de
2791 4799 2956 4870 Nept.
2991 4811 3036 4854 et
3064 4799 3440 4872 Co_ncttp.cap.
3477 4801 3534 4865 9,
3563 4820 3713 4857 nunt.
3741 4803 3827 4868 l0;

2239 4885 2462 4926 sanctus
2503 4873 2866 4941 Hieronymus
2915 4875 2965 4926 in
3002 4870 3253 4927 versione
3304 4871 3503 4926 Homil.
3538 4873 3570 4926 4
3617 4885 3670 4929 et
3699 4875 3751 4940 8,
3782 4877 3828 4927 in

2237 4943 2443 4996 Jerem.
2471 4955 2667 5011 pneter
2691 4944 3030 5017 Bachiarium
3059 4961 3070 4994 :
3100 4943 3173 5004 hi,
3206 4945 3450 5017 inquam,
3485 4961 3679 5017 omnes
3704 4960 3829 5017 quos

2239 5012 2472 5069 barbare
2507 5027 2598 5068 aut
2646 5017 2803 5082 opice
2836 5015 2980 5082 loqui
3032 5029 3192 5070 nemo
3222 5015 3444 5082 dixerit,
3482 5015 3686 5086 aliique
3721 5012 3829 5088 plu-

2239 5085 2359 5138 rimi
2396 5086 2536 5138 idem
2567 5088 2788 5142 verbum
2823 5098 3102 5154 usurpant.

2317 5153 2332 5192 ί
2380 5157 2604 5212 Foedum
2631 5174 2871 5213 errorem
2899 5153 3208 5212 vetuSIioris
3237 5157 3495 5213 editionis
3526 5174 3828 5216 nonemen-

2237 5225 2330 5280 dat
2355 5229 2525 5283 codex
2572 5230 2761 5285 Ambr.
2810 5229 3087 5284 Editiones
3121 5229 3271 5298 Bign.
3316 5246 3423 5284 non
3457 5230 3664 5286 habent
3697 5234 3823 5286 hanc

2235 5302 2527 5372 pericupen
2558 5317 2570 5353 :
2609 5300 2743 5355 Ven.
2779 5301 2889 5355 Na.
2918 5302 3014 5372 Sy.
3048 5303 3140 5355 rir.
3176 5303 3318 5371 conf.
3352 5310 3492 5354 cont.
3527 5305 3636 5372 for.
3669 5303 3826 5359 Nemo

2235 5386 2340 5425 non
2374 5371 2516 5426 videt
2544 5373 2646 5444 legi
2681 5373 2908 5434 debere,
2935 5371 3233 5425 Nettemias.

2311 5445 2324 5515 ξ
2375 5444 2592 5508 Atnbr.,
2618 5446 2850 5515 collapsa
2875 5445 3231 5497 restituantur.

2306 5513 2331 5550 ιε
2375 5515 2634 5581 Vulgatus
2657 5513 2954 5583 Scriptum
2979 5516 3267 5584 interpres,
3295 5513 3341 5568 Η
3372 5515 3532 5570 Esdr.
3557 5532 3636 5582 lli,
3663 5517 3717 5583 6,
3741 5532 3822 5582 an.

2233 5585 2398 5656 pellat
2443 5595 2644 5654 portam
2673 5599 2912 5642 veterem.
2942 5583 3243 5648 LXX,Tr}v
3290 5588 3455 5647 πύλην
3482 5591 3711 5653 iac-aaut.
3757 5590 3822 5643 al.

2233 5664 2324 5712 τοῦ
2375 5659 2558 5713 ἀσανά.
2610 5659 2820 5715 Nullam
2869 5672 3042 5728 portae
3093 5657 3142 5710 in
3183 5659 3462 5713 Anatlwth
3501 5673 3824 5716 mentionem

2216 5729 2455 5785 reperio.
2489 5730 2720 5786 Vitiatus
2751 5727 2933 5798 itaque
2981 5727 3264 5786 Versionis
3291 5729 3451 5787 Italic
3473 5749 3517 5788 ω
3566 5734 3702 5789 liber
3735 5736 3824 5786 tta-

2209 5800 2476 5855 chiarium
2507 5800 2714 5858 fefellit.

2304 5870 2317 5907 ¹
2360 5875 2394 5924 Α
2409 5873 2544 5940 mb.,
2578 5875 2883 5942 accipimus.
