4060 6344
174 5910 197 5945 ὂ

254 289 388 352 1057

1036 292 1239 354 LIBER
1280 290 1374 351 AD
1412 291 1831 363 JANUARIUM,
1873 290 1963 348 DE
2008 289 2504 351 REPARATIONE
2542 291 2760 352 LAPSI.

3411 291 3554 354 1058

251 409 498 473 pretatur
526 408 835 478 respondens
863 406 1086 478 signum,
1124 424 1220 478 pro
1250 407 1493 479 patibulo
1518 406 1719 461 frontis
1761 421 1853 461 ac-
1880 413 1929 473 Α
1960 403 2098 458 lilius
2126 404 2273 475 turpi
2307 407 2451 461 coitu
2480 404 2792 471 maculavit,
2828 413 3015 474 postea
3044 402 3256 461 nubere
3286 413 3380 459 aut
3407 405 3556 461 viros

248 496 514 564 cipimus?
534 499 721 572 Jungit
764 504 1025 573 propheta
1056 505 1181 558 huic
1210 514 1383 575 porta:
1413 512 1440 539 ἰ
1484 502 1855 574 unguentario-

249 604 364 642 rum
411 590 527 645 loca
561 591 751 661 (Ibid.,
781 594 859 665 8),
908 612 1026 667 qua:
1058 611 1155 667 per
1186 596 1525 667 tropologias
1567 596 1853 650 nominum

250 681 319 736 ab
344 682 466 738 aliis
496 687 791 743 virtutibus
821 688 1075 744 dicuntur
1114 703 1237 745 esse
1267 701 1559 744 restructa.
1598 689 1852 759 Unguen-

249 774 514 832 tariorum
556 788 737 836 autem
783 781 900 837 loca
929 799 1047 854 quae
1079 792 1226 851 sunt,
1261 784 1366 838 nisi
1404 783 1495 838 illa
1536 800 1657 854 qua:
1682 782 1856 837 chris-

250 871 409 923 matis
449 873 883 930 sanctillCatioue
924 877 1247 945 tanguntur?
1278 876 1541 946 Sequitur
1575 886 1695 944 post
1736 873 1854 929 haec

247 960 275 1003 ι’
321 976 473 1036 porta
514 965 709 1039 Frugis
748 968 941 1041 (lbid.,
992 970 1106 1040 15),
1162 985 1325 1040 quant
1369 985 1474 1025 nos
1502 972 1855 1040 Suspicamur

247 1072 368 1113 esse
415 1060 534 1115 oris
584 1075 648 1115 ac
692 1062 903 1133 saporis
952 1061 1216 1129 officium,
1268 1078 1364 1134 per
1406 1078 1572 1132 quam
1606 1062 1850 1117 omnium

246 1151 546 1217 Semiunm,
579 1154 680 1210 hoc
723 1166 827 1218 est,
856 1157 1142 1212 verborum
1183 1156 1275 1211 Dei
1308 1155 1522 1211 fructus
1550 1156 1850 1226 egreditur.

244 1240 577 1301 Restruatur
606 1257 664 1302 et
695 1256 843 1320 porta
886 1247 1156 1304 Stercorea
1187 1247 1378 1318 (Ibid.,
1416 1246 1534 1319 14),
1563 1265 1725 1317 quam
1752 1263 1851 1305 nos

243 1342 589 1412 suspicamur
638 1358 761 1399 esse
814 1343 1023 1398 narium
1071 1346 1183 1400 sive
1230 1343 1493 1399 odoratus
1542 1343 1843 1411 introitum,

242 1447 342 1504 per
388 1450 553 1505 quem
602 1450 700 1489 nos
734 1437 904 1505 turpis
934 1436 1147 1506 decepit
1193 1436 1473 1497 illecebra,
1525 1444 1580 1490 et
1618 1436 1847 1491 assuma-

243 1526 422 1582 vimus
454 1529 605 1583 lucra
628 1543 772 1596 esse,
797 1545 918 1599 qua:
943 1538 1101 1583 erant
1128 1540 1369 1584 stercora
1389 1526 1651 1601 (Philipp.
1670 1545 1747 1591 Ill,
1765 1527 1842 1601 8).

244 1618 574 1676 Restruatur
600 1633 653 1677 et
689 1633 710 1661 ο
745 1620 919 1676 Fortis
948 1633 1097 1694 porta
1129 1622 1193 1695 (ll
1226 1622 1381 1676 Esdr.
1419 1638 1498 1686 ιιι,
1541 1621 1652 1694 15),
1681 1636 1841 1692 quam

243 1716 408 1770 credo
436 1731 690 1770 manuum
724 1726 1037 1772 nostrarum
1070 1716 1187 1772 sive
1212 1728 1383 1771 luCllls
1419 1716 1658 1771 officium
1688 1731 1840 1783 esse;

1961 498 2164 554 habere
2192 500 2502 569 permiserit
2534 500 2602 570 (ll
2626 499 2756 572 Reg.
2788 515 2880 561 xx,
2908 501 2985 568 3).
3006 497 3198 555 Nonne
3219 498 3412 555 viduas
3433 515 3551 566 eas,

1961 599 2227 659 praastans
2264 591 2369 646 illis
2394 590 2780 658 substantiam,
2812 606 2985 661 usque
3015 592 3068 646 in
3094 591 3253 647 liuent
3282 591 3555 649 servavit?

1956 681 2073 738 Non
2105 684 2222 738 vult
2269 684 2463 753 David,
2497 685 2599 739 hoc
2642 696 2749 754 est,
2800 686 3062 742 Dominus
3106 684 3376 755 Christus,
3411 687 3552 743 utin

1957 788 2253 846 conspectu
2287 777 2406 847 ejus
2432 778 2498 833 ab
2524 779 2631 834 alio
2661 783 2779 834 viro
2806 779 3075 835 habeatur
3099 795 3236 834 uxor
3261 778 3399 850 ejus.
3450 779 3553 835 De-

1958 869 2122 940 nique
2155 871 2302 927 illam
2328 872 2493 928 filiam
2536 873 2665 928 Saul
2713 889 2875 945 quam
2905 874 2971 947 (ll
3020 874 3149 946 Reg.
3184 891 3262 941 ιιι,
3297 876 3365 931 15
3390 877 3555 947 seqq.)

1956 964 2021 1019 ad
2071 974 2282 1036 tempus
2315 967 2366 1022 in
2417 969 2801 1038 persecutione
2829 969 3162 1040 perdiderat,
3206 971 3550 1041 postmodum

1954 1057 2057 1112 sibi
2113 1060 2359 1128 poposcit
2414 1060 2564 1115 reddi
2596 1071 2762 1132 atque
2808 1062 3055 1127 restitui;
3106 1075 3159 1117 et
3197 1062 3322 1117 licet
3358 1062 3553 1120 fuisset

1953 1152 2119 1207 etiam
2152 1153 2309 1209 alteri
2334 1155 2609 1225 copulata,
2644 1166 2821 1212 tamen
2852 1156 2899 1212 ei
2926 1156 3191 1223 aufertur,
3224 1166 3280 1213 et
3303 1156 3374 1212 illi
3397 1157 3554 1228 cujus

1952 1247 2103 1316 prius
2129 1256 2266 1315 erat,
2296 1246 2622 1303 destinatur.
2668 1249 2920 1305 Polluisti
2954 1266 3180 1305 uxorem
3218 1250 3384 1306 David
3433 1268 3445 1304 :
3482 1265 3551 1308 ne

1954 1340 2187 1395 ulterius
2216 1344 2318 1396 hoc
2353 1356 2683 1411 praesumas;
2727 1343 2821 1399 sed
2846 1344 2987 1399 sicut
3018 1344 3109 1400 ille
3142 1345 3267 1399 fecit
3294 1347 3385 1415 qui
3428 1360 3548 1401 eam

1950 1442 2257 1501 acceperat,
2291 1434 2425 1488 flens
2459 1449 2523 1490 ac
2550 1435 2741 1505 lugens
2771 1436 2936 1491 redde
2963 1445 3128 1507 atque
3154 1437 3403 1493 restitue.

2018 1525 2110 1581 20.
2164 1527 2239 1580 Αε
2282 1525 2511 1581 forsitan
2559 1539 2907 1599 suggesserat
2956 1530 3054 1584 tibi
3112 1529 3204 1585 ille
3252 1530 3555 1601 sapientior

1948 1618 2206 1672 omnibus
2232 1618 2421 1674 bestiis
2466 1621 2853 1675 etconsiliator
2876 1621 3325 1693 antiquus(Gen.
3360 1638 3441 1688 ιιι,
3470 1623 3554 1696 1),

1950 1714 2071 1781 quia
2104 1716 2284 1783 possis
2308 1714 2467 1769 istam
2502 1716 2887 1783 ptenitentiam
2920 1731 3081 1786 quam
3113 1718 3407 1774 suademus
3432 1718 3553 1785 tibi,

243 1810 367 1881 quia
398 1825 504 1865 n0n
534 1810 751 1866 fortiter
781 1813 1057 1867 tenuimus
1081 1812 1224 1881 quod
1250 1812 1591 1877 tenebamus,
1625 1821 1677 1865 et
1708 1811 1845 1867 alter
1875 1818 1920 1878 Β
1951 1806 2003 1861 iu
2038 1818 2325 1862 senectute
2355 1818 2444 1862 tua
2470 1824 2657 1876 agere,
2690 1818 2745 1865 et
2776 1824 2920 1864 nunc
2947 1809 3148 1864 famem
3182 1810 3450 1867 desiderii
3482 1812 3558 1870 tui

243 1902 367 1957 tulit
389 1918 647 1958 coronam
672 1912 914 1959 nostram
939 1904 1126 1976 (Apoc.
1146 1920 1226 1972 ιιι,
1260 1906 1370 1974 il).
1405 1903 1770 1959 Restruautur
1793 1912 1848 1959 et

242 1996 381 2049 muri
405 1994 702 2051 Natatoriw
734 1996 800 2067 (II
830 1995 987 2051 Esdr.
1021 2013 1114 2065 ιιι,
1159 1998 1273 2069 15),
1307 1997 1359 2051 id
1403 2006 1509 2063 est,
1541 1997 1714 2052 forma
1748 1998 1843 2051 ha-

243 2090 426 2162 ptismi
461 2094 656 2158 nostri,
688 2101 744 2147 et
773 2093 989 2164 mystici
1014 2090 1181 2147 fontis
1211 2092 1457 2161 disrupta
1484 2092 1843 2160 tnunimeuta,

243 2200 363 2253 qua:
394 2196 521 2239 sunt
551 2185 825 2241 castitatis
871 2186 1131 2256 insignia;
1177 2186 1299 2256 quia
1344 2186 1524 2240 soluto
1564 2200 1659 2256 per
1690 2185 1848 2239 luxu-

242 2279 384 2333 riam
437 2279 792 2333 eontinetttize
846 2281 1072 2349 pariete,
1111 2280 1261 2334 velut
1301 2278 1553 2349 abruptis
1598 2280 1847 2334 obicibus

243 2373 388 2426 sacri
424 2372 621 2439 laticis,
658 2373 823 2427 loittis
864 2374 1062 2427 undam
1096 2373 1387 2428 effudimus
1416 2384 1577 2443 atque
1607 2371 1845 2444 perdidi-

245 2479 389 2519 mus.
419 2463 583 2533 Cujus
618 2464 758 2519 muri
804 2474 1095 2536 propterea
1136 2466 1393 2521 dicuntur
1421 2466 1637 2529 restrui,
1670 2477 1718 2519 ιιι
1755 2479 1849 2520 co-

242 2571 573 2628 gnoscamus
614 2567 819 2613 tantam
861 2575 982 2615 esse
1024 2560 1457 2616 misericordiam
1507 2561 1742 2627 Domini,
1790 2571 1850 2616 ut

244 2652 411 2707 etiam
430 2651 746 2723 interruptae
775 2654 1042 2709 castitatis
1066 2663 1311 2724 tempora
1343 2655 1554 2724 possint
1575 2661 1845 2708 restructa

244 2746 311 2801 ad
341 2747 576 2816 priorem
618 2747 1033 2803 similitudinem
1066 2748 1415 2805 continentia:
1445 2749 1647 2805 virtute
1679 2765 1845 2804 revo-

243 2840 380 2895 eari.
414 2840 504 2896 Sic
527 2849 582 2896 et
614 2848 667 2895 tu
694 2857 790 2911 per
815 2841 1079 2896 vocabula
1117 2843 1396 2897 nominum
1426 2858 1487 2896 ac
1517 2843 1846 2912 trepologias

246 2932 514 3001 locorum,
539 2932 657 2990 huic
685 2950 809 3006 qua:
831 2936 1089 2991 dicuntur
1118 2937 1340 3003 restrui,
1367 2936 1545 2993 ollicia
1576 2938 1847 3008 intelligas

246 3040 369 3081 esse
393 3027 790 3082 membrorum.

321 3120 407 3178 19.
437 3121 617 3177 Donec
637 3118 664 3158 ἀ
693 3137 760 3177 ηε
782 3136 918 3192 opus
939 3121 1233 3194 Babylonis
1254 3123 1395 3193 regis
1424 3124 1655 3178 imiteris
1680 3122 1842 3196 (Dan.

1951 1901 2052 1956 sub
2093 1903 2331 1974 conjugii
2361 1902 2586 1957 nomine
2619 1905 2841 1959 satiare.
2886 1903 2993 1960 Sed
3028 1913 3082 1959 tu
3116 1920 3182 1960 ne
3237 1906 3558 1977 exstinguas

1950 1996 2320 2066 evangelicum
2382 1997 2682 2053 scintillam
2733 1997 2967 2054 humore
2999 1998 3280 2068 vitiorum,
3312 2016 3433 2070 qua:
3487 2000 3557 2058 de

1949 2086 2043 2142 illo
2085 2090 2248 2143 totius
2281 2089 2404 2143 libri
2448 2091 2572 2161 igne
2604 2091 2869 2160 procedit,
2920 2091 3010 2146 ubi
3035 2092 3154 2146 ait:
3200 2092 3413 2162 Stulte,
3454 2092 3554 2149 hac

1950 2191 2097 2234 nocte
2150 2193 2451 2250 exposcetur
2499 2184 2675 2237 aninta
2718 2194 2866 2238 tuaa
2914 2183 3144 2255 te(Luc.
3179 2185 3433 2257 301,10).
3492 2186 3551 2242 Si

1948 2275 2091 2331 enim
2151 2278 2295 2346 apud
2323 2294 2462 2347 quos
2506 2280 2735 2333 honesta
2770 2278 3026 2351 conjugia
3086 2290 3235 2347 sunt,
3295 2280 3557 2337 diuturna

1949 2383 2073 2424 esse
2118 2386 2225 2423 non
2261 2378 2532 2438 possunt;
2564 2370 2707 2440 apud
2732 2379 2807 2437 te,
2842 2370 2932 2426 ubi
2966 2387 3090 2425 cuin
3121 2371 3356 2428 crimine
3384 2388 3557 2444 copu-

1949 2464 2157 2531 lantur,
2186 2467 2424 2536 qualiter
2454 2465 2904 2537 permanebunt?
2937 2465 3131 2521 Veniat
3154 2464 3249 2523 ille
3272 2466 3364 2533 qui
3395 2467 3552 2534 dicit,

1948 2561 2157 2615 crimen
2175 2560 2275 2613 hoc
2290 2559 2932 2629 emendandumuuptiis,
2962 2569 3012 2616 et
3042 2560 3110 2615 de
3137 2558 3154 2597 ί
3182 2561 3413 2616 sceleris
3436 2570 3556 2617 tan-

1952 2656 1992 2710 ti
2050 2656 2269 2711 nomine
2319 2655 2636 2726 conjugium
2672 2669 2795 2710 esse
2854 2656 3180 2711 vocandum.
3230 2654 3553 2727 Conjugiunt

1949 2750 2098 2807 enim
2123 2750 2366 2820 religiosi
2388 2749 2963 2805 nominisvombulum
2989 2759 3071 2805 est
3107 2747 3295 2821 (Hebr.
3332 2764 3447 2809 xm.
3470 2747 3553 2822 4),

1952 2844 2208 2916 quoniam
2243 2843 2354 2898 Deo
2386 2850 2616 2899 auctore
2641 2857 2965 2897 concessum
2994 2852 3099 2897 est.
3135 2844 3274 2898 Ecce
3307 2842 3555 2899 honestis

1951 2938 2220 3007 conjugiis
2275 2938 2475 2991 clamat
2549 2937 2891 3008 Apostolus:
2934 2934 3219 3003 Habentes,
3287 2947 3551 3007 tamquam

1952 3048 2055 3083 non
2090 3030 2334 3083 habentes
2359 3029 2413 3100 (1
2441 3028 2562 3083 Cor.
2599 3028 2844 3099 “1,29).
2881 3027 2947 3083 Et
2976 3031 3100 3098 quis
3127 3029 3289 3097 dicit,
3326 3038 3351 3077 8
3387 3030 3558 3086 Adul~

1952 3134 2035 3181 ter
2066 3124 2287 3189 habeat,
2324 3135 2531 3190 utatur,
2560 3123 2852 3179 exerceat?
2885 3123 2994 3180 Sed
3040 3124 3199 3178 video
3228 3124 3295 3179 ad
3328 3125 3455 3196 quid
3498 3140 3560 3183 se

247 3232 301 3280 ν.
324 3216 361 3271 2
388 3217 580 3289 seqq.),
611 3226 671 3272 ut
702 3218 754 3273 itt
785 3218 983 3288 pltialis
1016 3217 1200 3287 templi
1234 3216 1492 3273 dominici
1524 3219 1707 3273 vinum
1736 3233 1849 3287 per-
1876 3214 1924 3277 C
1958 3234 2056 3289 pro
2108 3218 2193 3271 sui
2226 3217 2545 3273 defensione
2576 3226 2894 3279 convertat;
2939 3218 3201 3288 scriptum
3248 3228 3332 3272 est
3375 3218 3553 3287 enim,

248 3310 471 3366 ditionis
502 3322 698 3381 potare
725 3310 928 3366 debere
976 3322 1026 3366 te
1065 3309 1279 3373 credas,
1320 3322 1371 3366 et
1404 3310 1502 3365 hoc
1534 3326 1715 3366 coram
1746 3309 1850 3363 diis

250 3404 375 3471 tuis,
412 3401 642 3470 Venere,
678 3402 849 3459 Marte
871 3413 1034 3471 atque
1062 3401 1355 3467 Mercurio,
1386 3400 1439 3455 id
1481 3411 1585 3468 est,
1614 3401 1853 3456 fornica-

249 3498 419 3565 tione,
468 3499 553 3553 vel
582 3497 832 3562 avaritia,
877 3497 961 3551 vel
993 3497 1210 3561 furore;
1262 3496 1387 3564 quia
1420 3496 1685 3567 scriptum
1717 3506 1799 3551 est
1834 3512 1847 3550 :

250 3599 275 3630 ο
301 3589 477 3645 Furor
504 3590 726 3645 hominis
752 3590 1079 3644 incontinens
1104 3599 1177 3643 est
1206 3587 1347 3655 (Job.
1380 3605 1529 3657 xxxx,
1583 3591 1671 3654 11,
1696 3592 1853 3661 juxta

249 3683 440 3755 LXX),
466 3696 520 3741 et
547 3686 675 3741 alibi
704 3704 717 3739 ε
753 3686 1006 3752 Avaritia,
1039 3685 1177 3756 quod
1200 3694 1272 3740 est
1301 3686 1603 3740 idololatria
1630 3682 1852 3757 (Ephes.

248 3794 300 3847 ν,
328 3781 407 3851 5).
441 3778 554 3834 Non
584 3780 727 3834 enim
754 3780 985 3850 potestis
1014 3778 1189 3835 solam
1224 3779 1279 3834 in
1319 3781 1542 3849 pecunia
1572 3780 1853 3831 avaritiam

254 3884 605 3941 computare;
636 3874 759 3943 quia
786 3871 868 3926 vel
893 3871 1127 3926 maxime
1149 3872 1373 3925 avaritia
1401 3871 1453 3925 itt
1484 3868 1712 3925 libidine
1733 3885 1855 3925 esse

257 3969 519 4033 sentitur,
555 3968 642 4021 cui
688 3981 984 4034 numquam
1018 3964 1141 4019 finis
1191 3964 1507 4035 imponitur.
1557 3963 1694 4030 Quia
1728 3979 1856 4018 vero

251 4059 449 4131 phialae
475 4060 527 4114 in
558 4060 761 4123 templo
788 4058 1001 4113 Domini
1026 4057 1265 4127 virgines
1297 4066 1699 4125 nuncupentur,
1725 4056 1858 4110 Pro.

252 4156 414 4226 pheta
447 4170 544 4209 nos
587 4154 748 4210 docet
776 4152 1007 4209 dicendo
1050 4170 1063 4207 :
1094 4151 1344 4207 Triticum
1366 4151 1661 4224 juvenibus,
1692 4162 1739 4203 et
1782 4152 1857 4205 vi-

252 4264 378 4303 num
407 4265 562 4303 suave
587 4246 729 4302 olens
760 4247 1046 4321 virginibus
1077 4244 1258 4316 (Zach.
1292 4261 1371 4309 χι,
1405 4244 1492 4311 17,
1520 4261 1623 4299 sec.
1656 4242 1854 4314 LXX);

253 4357 317 4399 ac
346 4345 390 4399 si
419 4344 505 4398 cui
536 4342 643 4396 vini
677 4342 853 4412 liquor
879 4339 1201 4405 infunditur,
1233 4338 1357 4410 quid
1384 4338 1485 4393 nisi
1511 4338 1695 4408 phiala
1722 4354 1860 4393 nun-

252 4438 514 4507 cupetur?
546 4436 721 4493 Velim
761 4437 1033 4505 siquidem
1064 4451 1092 4490 a
1118 4434 1472 4505 peritioribus
1518 4432 1759 4501 edoceri,
1792 4449 1859 4488 ex

254 4548 361 4604 qua
392 4531 797 4599 Scripturarum
830 4531 1162 4585 auctoritate
1193 4528 1401 4583 nubere
1437 4535 1694 4596 corrupta
1733 4541 1861 4580 sua-

1954 3312 2151 3383 inquit,
2182 3309 2206 3348 ¹ι
2250 3311 2441 3367 Melius
2492 3322 2564 3366 est
2620 3312 2826 3377 nubere,
2896 3330 3052 3383 quant
3094 3313 3173 3366 uri
3232 3312 3440 3383 (lbid.,
3475 3314 3558 3385 9).

1955 3407 2068 3463 lloc
2100 3410 2167 3461 de
2197 3406 2637 3479 virgiue‘dictum
2661 3418 2768 3473 est,
2793 3408 2878 3460 vel
2908 3407 3092 3463 vidua.
3132 3407 3236 3463 Ista
3263 3409 3373 3477 jam
3404 3410 3558 3483 virgo

1957 3517 2063 3555 non
2096 3509 2201 3557 est.
2235 3500 2388 3556 'l‘nnc
2414 3501 2710 3567 urebatur,
2741 3509 2796 3557 et
2824 3501 3008 3572 nupsit
3041 3518 3054 3555 :
3087 3518 3231 3557 nunc
3263 3502 3375 3575 jam
3406 3501 3422 3541 ί
3470 3521 3558 3561 re-

1956 3592 2274 3665 frigeretur,
2334 3603 2391 3650 et
2436 3595 2601 3648 vivat.
2647 3593 2810 3665 Virgo
2841 3609 2951 3650 non
2982 3606 3088 3663 est,
3119 3596 3244 3666 quia
3300 3607 3561 3670 corrupta

1957 3698 2040 3741 est
2074 3704 2087 3740 :
2131 3687 2291 3741 vidua
2320 3702 2427 3742 non
2461 3698 2566 3753 est,
2600 3689 2725 3757 quia
2754 3686 2839 3742 vir
2869 3688 2990 3757 ejus
3021 3687 3153 3744 vivit
3185 3688 3238 3744 itt
3267 3700 3559 3747 aeternum.

1959 3778 2029 3835 Ut
2055 3779 2182 3851 quid
2212 3796 2343 3850 ergo
2374 3781 2425 3835 ei
2458 3780 2678 3850 nuptias
2707 3779 2987 3836 suadetis?
3034 3781 3128 3837 Vis
3158 3781 3305 3839 scire
3336 3799 3458 3853 quae
3487 3784 3562 3841 sit

1958 3871 2277 3941 Apostolica
2310 3874 2579 3929 sententia
2604 3873 2672 3929 de
2707 3873 2809 3928 hoc
2833 3874 3068 3930 errore?
3098 3874 3191 3930 Ait
3236 3877 3287 3930 in
3313 3876 3560 3947 Epistula

1960 3981 2055 4020 sua
2092 3982 2104 4018 :
2136 3965 2361 4019 Omnino
2386 3967 2599 4020 auditur
2627 3967 2761 4021 inter
2790 3982 2875 4022 vos
2898 3968 3197 4038 fornicatio,
3229 3980 3277 4025 et
3305 3971 3425 4027 talis
3446 3972 3561 4043 for-

1962 4059 2176 4124 nicatio,
2209 4058 2381 4125 qualis
2412 4075 2502 4112 nec
2532 4060 2664 4114 inter
2710 4068 2888 4129 gentes
2912 4060 3156 4131 quidem;
3206 4064 3281 4116 ita
3324 4074 3380 4118 ut
3434 4081 3567 4119 uxo-

1962 4167 2067 4204 rem
2097 4151 2258 4219 patris
2290 4151 2371 4203 sui
2398 4156 2515 4221 quis
2543 4152 2555 4200 i
2595 4149 2777 4204 habeat
2813 4152 2857 4222 (l
2886 4151 3008 4206 Cor.
3042 4169 3096 4218 ν,
3128 4151 3205 4225 1).
3238 4154 3379 4212 Ecce
3409 4156 3567 4227 quid-

1964 4242 2088 4296 dam
2130 4242 2327 4295 factnm
2362 4241 2567 4297 simile.
2594 4241 2743 4298 Uxor
2775 4243 2948 4312 patris
2979 4253 3100 4299 erat
3130 4245 3247 4301 ltazc
3272 4247 3568 4317 juvencula

1965 4350 2085 4406 qua:
2116 4336 2384 4405 deliquit,
2424 4336 2574 4389 illius
2606 4334 2785 4390 Patris
2827 4336 2917 4406 qui
2973 4352 3071 4393 nos
3112 4340 3287 4409 genuit
3316 4340 3368 4393 in
3419 4341 3570 4397 verba

1964 4430 2195 4483 veritatis
2219 4426 2377 4501 (Jac.
2408 4443 2449 4495 ι,
2484 4427 2596 4499 18).
2629 4428 2805 4495 Τιιιιε,
2836 4430 3027 4494 credo.
3056 4432 3107 4486 ei
3150 4431 3203 4487 in
3257 4434 3572 4505 conjugiunt

1965 4523 2221 4592 copulata
2243 4530 2351 4589 est,
2384 4522 2605 4592 quando
2637 4522 2941 4578 secundum
2968 4525 3279 4595 exemplum
3310 4525 3573 4585 Rebecca:

253 4625 445 4691 detur;
478 4638 601 4679 cum
634 4622 826 4678 beatus
858 4621 1023 4676 David
1056 4636 1155 4675 nec
1184 4617 1520 4674 concubinas
1564 4630 1690 4672 suas
1718 4631 1855 4686 quas
1880 4608 1934 4670 D
1961 4617 2029 4674 ad
2062 4615 2220 4673 Isaac
2247 4616 2319 4674 de
2346 4617 2741 4687 Mesopotamia
2766 4616 3062 4683 venientis,
3096 4618 3322 4689 pallium
3349 4636 3459 4691 quo
3481 4638 3574 4679 ve-

326 4774 353 4802 τι
396 4762 546 4817 Haud
570 4762 755 4833 procul
780 4777 809 4817 a
833 4769 988 4829 porta
1017 4761 1187 4816 veteri
1211 4758 1357 4833 trdes
1379 4760 1651 4833 excitasse
1682 4758 1855 4833 fertur

258 4832 493 4891 Ananias
548 4830 766 4902 quidam
797 4835 911 4907 uio;
948 4842 1041 4889 τοῦ
1087 4830 1276 4907 ρωκεῒμ.
1306 4847 1410 4907 seu
1455 4831 1650 4907 ῥοκεῖμ.
1708 4831 1855 4887 Idem

257 4909 312 4964 in
346 4908 568 4973 Vulgata
603 4908 798 4960 dicitur
839 4906 978 4971 ﬁlius
1005 4905 1354 4977 ρὶσηεεηιανίἰ.

332 4980 359 5018 ι’
389 4984 489 5060 Tria
517 4980 679 5038 πύλην
693 4988 785 5040 τῆς
812 4974 1089 5068 φάξξαήοέ.
1126 4975 1343 5068 Portam
1370 4974 1527 5068 vallisI
1548 4975 1857 5068 vqcanLSe-

257 5052 442 5107 niores
477 5046 828 5117 interpretes:
862 5046 934 5104 Fls
958 5046 1165 5107 'Grarco
1211 5050 1347 5105 forte
1377 5048 1640 5104 vocabulo
1689 5046 1852 5103 effor-

256 5138 465 5180 mamm
498 5124 593 5175 fuit
625 5139 819 5195 numen
864 5121 1079 5195 Frugis,
1106 5121 1249 5195 quod
1294 5121 1348 5195 in
1370 5118 1552 5195 Italica
1588 5119 1854 5195 Versione

257 5208 352 5250 aut
378 5198 428 5248 itt
454 5194 635 5262 aliquo
663 5192 1075 5249 Commentario
1106 5192 1421 5246 Bachiarins
1444 5192 1668 5246 invenit.

334 5277 357 5306 ε
388 5266 655 5336 Corrupto
686 5268 787 5318 hoc
814 5266 866 5319 in
898 5265 1020 5319 loco
1044 5262 1343 5336 Scriptura:
1375 5263 1570 5317 codice
1602 5262 1855 5317 utebatur

256 5339 602 5395 Buchiarius.
656 5336 799 5391 LXX
832 5347 1025 5391 vocant
1067 5335 1355 5408 Triumilm
1406 5343 1499 5395 τῆς·
1544 5344 1744 5408 πηγῆςς
1794 5348 1857 5389 ac

258 5408 491 5482 perinde
524 5409 576 5464 itt
607 5408 838 5482 Vulgata
868 5406 1308 5482 nostra‘legintus
1335 5416 1538 5482 portam
1568 5406 1749 5482 fontis.

331 5480 358 5519 ἀ
392 5481 469 5536 Ita
503 5476 756 5535 Ambros.
804 5480 1004 5549 Gryn.,
1041 5476 1219 5531 Donec
1247 5493 1357 5531 nec.
1389 5476 1545 5547 Bign.
1602 5478 1855 5548 pessime,

257 5553 441 5611 Donec
470 5569 618 5622 opus.
652 5552 816 5616 Lege,
850 5553 1080 5622 Denique
1102 5566 1164 5602 ne
1196 5565 1348 5622 opus.

338 5636 361 5662 ε
406 5620 625 5679 Mutilus
656 5622 895 5677 refertur
925 5620 1009 5676 hic
1040 5621 1190 5675 locus
1217 5620 1367 5684 Jobi,
1395 5634 1494 5675 nec
1522 5620 1655 5674 satis
1678 5633 1868 5673 emen-

269 5700 450 5752 datus.
479 5696 670 5751 Graeca
702 5694 993 5750 Seniorum
1026 5692 1205 5748 versio
1236 5692 1308 5746 ita
1343 5692 1533 5748 habet:
1568 5695 1743 5763 Θυμὸς
1770 5693 1872 5767 γὰρ

269 5772 424 5821 ὀργῆς
454 5769 837 5821 ἁκατάσγετος.
863 5767 921 5821 τὸ
946 5772 1121 5821 μιᾶναι
1143 5762 1326 5821 ἀνδρὸς
1352 5772 1589 5821 γυναῖκα.

276 5772 424 5820 Emi:
454 5769 837 5820 ἁκατάσγετος.
863 5767 921 5820 τὸ
946 5772 1121 5820 μιᾶναι
1143 5766 1326 5820 ἀνδρὸς
1352 5772 1589 5820 γυναῖκα.

266 5786 424 5849 (ὀργῆς
454 5787 837 5839 ακατασχετος,
863 5787 921 5822 το
985 5788 1121 5822 ιαναι
1143 5786 1326 5838 ανορπ
1345 5787 1589 5847 quantum:
1800 5838 1810 5848 θ

355 5844 369 5880 ί
429 5840 575 5896 Edit.
620 5838 893 5909 Lugdun.,
923 5789 985 5892 li;
1008 5840 1199 5892 scelere
1222 5846 1354 5892 tant:
1384 5853 1625 5892 nominis.
1678 5837 1880 5908 Conju-

1964 4762 2109 4838 gium
2143 4759 2260 4838 D_eo_
2286 4769 2496 4838 auctore
2518 4777 2815 4838 genressum
2841 4777 2970 4838 esse,
3009 4761 3203 4819 iisdem
3237 4764 3418 4822 verbis
3448 4782 3575 4838 pro-

1964 4831 2151 4889 fitetur
2178 4834 2230 4887 itt
2249 4833 2389 4889 libro
2416 4833 2481 4887 de
2508 4831 2643 4888 Fide
2674 4850 2827 4890 num.
2857 4834 2911 4890 5.

2038 4915 2062 4952 8
2092 4905 2378 4965 Atttltrns..
2409 4906 2727 4961 adulteram.

2037 4974 2065 5012 ιι
2097 4978 2418 5032 Ambrosius
2460 4981 2528 5033 de
2561 4978 2738 5049 Lapsu
2774 4977 3011 5049 Virginis
3041 4994 3318 5046 consecr.,
3352 4998 3402 5039 c.
3432 4985 3488 5045 5.
3510 5002 3569 5042 ιι.

1962 5049 2025 5102 21
2068 5066 2080 5102 :
2117 5050 2259 5122 Dicet
2289 5049 2477 5119 aliquis
2507 5066 2532 5122 :_
2556 5048 2747 5103 Melius
2772 5060 2845 5103 est
2867 5048 3078 5115 nubere,
3103 5070 3258 5122 quam
3282 5056 3383 5109 uri.
3453 5053 3574 5111 Hoc

1964 5121 2253 5192 (lietumrad
2294 5139 2396 5173 non
2446 5119 2733 5192 pollicitam
2776 5124 3015 5190 pertinet,
3061 5119 3130 5177 ad
3179 5128 3407 5179 nondum
3435 5130 3576 5181 velu-

1965 5202 2091 5246 tum.
2149 5191 2403 5246 therum
2429 5191 2545 5264 qua:
2564 5209 2619 5245 se
2664 5193 2949 5259 spepondtt
2996 5193 3201 5250 Christo
3243 5208 3289 5250 et
3334 5209 3573 5253 sanctum

1964 5268 2200 5338 velante_n
2232 5264 2449 5338 acrepit,
2471 5266 2585 5334 jam
2608 5265 2809 5338 nupsit,
2829 5268 2949 5338 jam
2977 5267 3260 5320 immortali
3278 5268 3472 5338 juncta
3493 5279 3573 5326 est

1966 5336 2098 5390 viro.
2130 5333 2195 5407 Et
2219 5336 2333 5407 jam
2355 5333 2402 5388 si
2450 5333 2670 5389 volueris
2698 5333 2886 5390 nubere
2921 5341 3193 5407 communi
3224 5333 3334 5407 lege
3382 5343 3572 5407 conju-

1968 5408 2078 5480 gii,
2110 5406 2426 5480 adulterium
2452 5406 2965 5480 perpetrabant:an
2996 5409 3176 5462 mortis
3206 5406 3439 5479 efﬁcitur.
3473 5406 3576 5468 Vi-

1972 5478 2108 5533 desis
2167 5478 2387 5531 Dissert.
2454 5478 2524 5543 '2,
2571 5496 2689 5549 cap.
2740 5478 2792 5542 5,
2853 5486 2910 5534 et
2956 5478 3256 5549 augetorem"
3311 5482 3436 5539 libri
3508 5485 3574 5540 de

1982 5549 2491 5623 Virginitate,o|im
2533 5548 2736 5607 Basilio
2764 5550 2837 5606 Μ.
2882 5548 3113 5621 ascripti
3164 5568 3315 5609 num.
3359 5554 3463 5623 39,
3505 5556 3578 5614 ad

1978 5624 2184 5677 calcem
2210 5632 2321 5676 tom
2348 5620 2390 5678 Il
2420 5622 2554 5677 Ben.
2580 5623 2716 5677 edit.

2063 5692 2077 5768 ξ
2113 5693 2304 5768 Ambr.
2330 5695 2642 5768 sequimur;
2671 5693 2827 5764 editi,
2858 5694 3217 5768 refrigeretur.

2064 5764 2076 5814 i
2130 5764 2348 5833 Ambr.,
2376 5764 2633 5820 habuerit.
