4060 6344
239 249 372 320 ea

643 248 1032 324 ZACCllEUS
1070 249 1529 318 οιιιιιςτιλκυε
1589 251 1678 316 ΕΤ
1721 250 1844 317 EVA

1953 249 2076 319 aus
2117 249 2512 324 Messeniis.
2564 249 3103 334 Pammenem.

3399 241 3543 326 ιοειι

230 365 516 428 Scientiam
549 373 602 432 te
621 365 790 428 divini
827 368 1054 422 Canonis
1088 378 1231 432 tene,
1273 383 1395 438 quae
1425 378 1476 422 te
1508 365 1830 426 adducatad
1861 371 1910 434 Α
1937 367 2064 443 quin
2117 369 2260 430 venio
2289 367 2381 422 tibi
2432 367 2553 434 cito,
2589 378 2634 422 et
2681 369 2924 430 amovebo
2978 369 3347 426 candelabrum
3403 378 3550 424 tuum

231 462 410 528 littus,
468 461 558 516 ubi
617 463 691 516 ait
750 478 764 515 :
841 462 902 517 Si
958 461 1453 536 deretiqueriutﬁlii
1506 465 1623 540 ejus
1678 460 1837 534 legem

231 571 422 624 meam,
452 565 499 610 et
525 556 574 608 in
597 556 821 630 judiciis
852 557 975 608 meis
1006 573 1108 609 non
1137 556 1514 609 ambulaverint
1549 571 1565 608 :
1589 554 1631 614 si
1677 554 1840 627 justi-

231 651 504 720 ﬁcationes
563 668 698 705 meas
755 652 1164 723 profanaverint,
1197 661 1244 704 et
1271 652 1519 711 mandata
1570 667 1680 706 mea
1735 668 1837 706 non

231 743 572 802 custodierint
617 760 634 796 :
671 744 888 798 visitabo
919 746 970 797 in
1001 746 1144 817 virga
1195 745 1490 815 iniquitates
1544 762 1744 810 eorum,
1791 753 1839 798 et

230 837 522 896 verberibus
552 848 757 909 peccata
781 854 989 902 eorum;
1021 839 1430 904 misericordiam
1453 850 1624 894 autem
1675 856 1840 898 mium;

231 946 334 984 non
389 930 681 1008 dispergam
711 929 775 986 ab
828 932 920 997 eis,
953 949 1113 1003 neque
1153 933 1346 988 nocebo
1376 933 1427 986 in
1464 934 1674 986 veritate
1728 949 1838 986 mea

233 1020 410 1090 (Paul.
441 1038 702 1085 Lxxxvut,
734 1020 948 1094 51-54).
1007 1024 1084 1077 De
1111 1025 1265 1095 cujus
1299 1025 1401 1078 hoc
1433 1024 1552 1080 ﬁliis
1595 1025 1839 1082 dicitur?

233 1114 424 1170 Nonne
452 1116 664 1171 Domini
690 1118 859 1171 nostri
882 1117 1008 1174 .lesu
1037 1115 1265 1183 Christi,
1311 1135 1446 1198 quos
1475 1121 1836 1182 ecclesiastici

234 1208 398 1278 fontis
431 1220 618 1266 uterus
670 1220 724 1266 et
756 1212 952 1267 secreti
1013 1227 1076 1266 ac
1117 1213 1359 1288 perplexi
1390 1213 1549 1268 vulva
1589 1215 1839 1288 mystcrii

233 1304 553 1373 parturivit;
587 1318 723 1374 quos
753 1315 907 1360 natOs
945 1301 1140 1358 Crucis
1171 1321 1310 1360 cuna
1357 1307 1619 1378 suscepit,
1664 1306 1840 1362 Evan-

231 1398 357 1470 gelii
399 1398 639 1451 mamilla
673 1399 928 1453 lactavit?
957 1398 1053 1454 Vis
1099 1409 1155 1454 et
1203 1401 1346 1456 scire
1389 1401 1513 1470 quia
1551 1400 1834 1478 haptizati,

233 1507 339 1546 non
391 1491 798 1560 cathecumeni,
856 1493 948 1550 lilii
996 1496 1381 1567 appellantur?
1429 1495 1650 1568 Aspice,
1692 1495 1838 1568 quod

234 1585 353 1656 ipse
378 1586 658 1658 Apostolis
691 1587 807 1642 suis
837 1588 973 1641 dixit
1009 1607 1021 1642 :
1053 1586 1174 1642 Jam
1197 1606 1296 1641 non
1321 1588 1493 1648 dicam
1523 1605 1718 1656 servos,
1750 1588 1841 1646 sed

231 1681 370 1752 ﬁlios
422 1679 539 1762 [Gr.
572 1680 767 1760 φίλους]
803 1679 982 1752 (Joan.
1019 1698 1107 1755 xv,
1160 1681 1272 1752 l5).
1320 1683 1384 1740 Et
1413 1690 1467 1744 tu
1503 1699 1654 1753 ergo,
1690 1681 1738 1738 si
1782 1682 1840 1735 li-

1941 459 2128 532 (Apoc.
2150 477 2208 526 ιι,
2239 461 2315 530 5)-
2367 461 2431 518 Et
2454 461 2506 516 in
2538 462 2719 534 priore
2741 473 2891 532 parte
2918 463 3040 520 libri
3075 465 3426 524 innumerum
3447 478 3547 534 pn-

1944 557 2128 630 pnlum
2171 557 2374 616 vidisse
2403 571 2462 616 se
2489 557 2621 617 dicit
2650 558 2836 636 (Apoc.
2870 573 2965 626 vn,
2999 557 3114 628 15),
3144 557 3233 634 qui
3289 557 3343 614 in
3381 558 3554 616 tribu-

1944 647 2147 704 latioive
2204 649 2454 710 laverunt
2512 649 2684 704 stolas
2721 665 2870 718 suas,
2906 659 2961 704 et
3007 649 3272 706 candidas
3320 662 3412 704 eas
3473 648 3553 704 fc-

1942 752 2136 797 i-erunt
2170 744 2218 796 in
2251 743 2517 814 sanguine
2548 744 2724 815 Agni;
2766 759 2902 818 quos
2927 743 3054 804 dicit
3089 744 3213 820 nuta
3245 745 3433 813 Agnus
3460 743 3555 800 Dei

1943 834 2179 894 deducat
2205 835 2272 894 ad
2305 837 2430 892 vita:
2489 835 2892 908 lontes(lbid.,
2957 835 3070 916 17).
3129 835 3306 914 Quem
3375 847 3554 896 tamen

1944 943 2044 980 nos
2075 943 2362 990 numerum
2395 929 2777 1006 paenitendum
2805 943 2930 987 esse
2959 929 3255 998 sentimus,
3287 929 3414 1000 quia
3447 947 3554 992 non

1943 1020 2045 1074 nisi
2079 1036 2172 1089 per
2204 1021 2614 1080 tribulationem
2646 1023 3034 1094 planctumque
3057 1023 3250 1084 salvati
3293 1032 3441 1084 sunt.

2014 1112 2103 1168 25.
2167 1115 2233 1168 Et
2266 1125 2320 1176 tu
2354 1131 2482 1192 ergo
2515 1116 2631 1172 lava
2664 1118 2861 1178 stolam
2895 1127 3040 1176 tuam
3073 1119 3126 1176 in
3172 1119 3320 1178 fonte
3375 1119 3554 1192 lacny-

1944 1223 2153 1264 marum
2190 1225 2202 1261 :
2239 1207 2266 1247 b
2297 1209 2530 1270 fortasse
2561 1213 2770 1281 pulcris
2798 1211 3025 1284 byssunt
3058 1213 3330 1274 castitatis
3375 1213 3554 1268 imita—

1943 1301 2010 1352 ri.
2047 1301 2190 1374 Quid
2225 1303 2270 1354 si
2303 1303 2598 1362 donaverit
2622 1304 2717 1360 tibi
2752 1321 3068 1376 purpuram,
3106 1315 3165 1368 et
3212 1316 3268 1360 tu
3301 1321 3402 1380 pro
3447 1322 3552 1362 no-

1944 1391 2090 1446 mine
2113 1391 2232 1468 ejus
2255 1408 2474 1448 succum
2511 1395 2585 1448 tui
2616 1397 2828 1455 cruoris
2858 1394 3144 1454 eﬂ‘undas?
3183 1398 3278 1458 (ἔοι
3298 1413 3423 1452 cum
3457 1416 3553 1452 au-

1950 1493 2055 1537 tem
2110 1483 2392 1539 abundare
2445 1485 2543 1540 tibi
2579 1487 2801 1560 poterit,
2835 1488 2878 1542 si
2906 1489 3194 1550 erubueris
3227 1491 3284 1546 in
3316 1491 3384 1546 iis
3433 1508 3552 1566 qtne

1948 1588 2108 1630 antea
2146 1579 2390 1654 gessisti.
2423 1581 2530 1636 Nec
2557 1581 2738 1640 deerit
2772 1582 2867 1644 tibi
2903 1583 3254 1656 hyacinthus,
3289 1586 3334 1642 si
3382 1586 3558 1646 livmc

1952 1682 1973 1709 ε
2007 1673 2315 1728 obcalueris
2345 1689 2547 1746 corpus
2581 1689 2726 1728 tuum
2758 1721 2770 1742 ,
2802 1692 2855 1731 ct
2889 1679 2940 1731 in
2973 1681 3298 1739 servitutem
3327 1680 3557 1754 redege-

233 1775 366 1830 lium
400 1774 567 1830 fuisse
609 1787 658 1828 te
692 1776 856 1842 nosti,
914 1774 1016 1830 hoc
1049 1785 1156 1839 est,
1211 1776 1254 1831 si
1288 1776 1648 1848 apostolicum
1702 1777 1752 1834 in
1785 1784 1836 1832 te
1874 1775 1920 1848 Β
1945 1765 2021 1817 t‘i5
2053 1766 2096 1836 tl
2129 1764 2250 1820 Cor.
2282 1784 2356 1831 ix,
2391 1770 2503 1835 27).
2539 1769 2616 1823 Ac
2651 1771 2727 1822 sic
2761 1785 2882 1824 cum
2905 1771 2987 1824 his
3011 1773 3290 1832 coloribus
3324 1773 3558 1837 fortasse

232 1867 438 1942 aliquid
471 1867 728 1938 habuisti,
765 1883 863 1922 nec
897 1867 974 1921 sic
1021 1870 1314 1937 deslicrare
1366 1868 1716 1936 perinittcris.
1780 1867 1836 1921 Si

234 1977 364 2015 vero
394 1961 564 2026 servi,
596 1960 700 2015 hoc
726 1971 834 2028 est,
883 1960 1189 2030 peccatoris
1222 1975 1354 2014 usus
1385 1976 1444 2014 cs
1473 1975 1692 2032 semper
1721 1961 1842 2014 olli-

232 2054 357 2120 cio;
421 2054 600 2128 major
657 2054 750 2106 tibi
801 2054 960 2108 detur
986 2053 1052 2106 ad
1091 2053 1527 2123 consurgendum
1569 2053 1835 2108 audacia:

233 2149 360 2218 quia
389 2147 506 2218 ejus
531 2148 619 2220 qui
647 2148 712 2202 de
748 2147 936 2202 humili
970 2147 1187 2215 labitur,
1226 2147 1397 2201 levior
1423 2156 1503 2206 est
1538 2146 1729 2218 ruina;
1787 2156 1842 2204 et

236 2242 464 2298 minoris
488 2241 782 2300 iracundiae
814 2241 1058 2314 pondere
1089 2253 1460 2316 praegravatus
1486 2241 1551 2306 is,
1586 2241 1676 2310 qui
1700 2256 1843 2295 seni-

238 2336 422 2407 perin
483 2351 672 2391 errore
721 2348 994 2402 versatus,
1053 2337 1118 2392 ad
1179 2345 1387 2391 rectam
1444 2335 1734 2406 aliquando
1783 2350 1843 2390 se

237 2437 524 2484 convertat
555 2428 718 2483 vitam
752 2427 853 2503 [An
885 2428 1082 2501 viam],
1116 2444 1275 2504 quam
1313 2429 1416 2492 his,
1444 2430 1531 2497 qui
1569 2439 1687 2497 post
1722 2444 1845 2486 sun-

237 2529 355 2576 ctos
383 2528 538 2574 actus
569 2521 800 2589 turpiter
830 2519 1046 2589 vixerit,
1082 2533 1133 2573 et
1171 2531 1408 2574 Veterem
1448 2537 1682 2590 pannum
1724 2520 1844 2577 rudi

239 2615 480 2668 assuerit
504 2613 828 2668 vestimento
860 2613 1051 2686 (Marc.
1085 2631 1143 2680 ll,
1196 2613 1311 2682 “21).
1345 2614 1481 2688 Quid
1508 2628 1638 2672 vero
1677 2612 1841 2679 illud,

241 2706 384 2784 quod
409 2707 545 2763 dicit
577 2707 639 2762 ad
675 2708 950 2764 Ecclesias
979 2725 1103 2763 suas
1130 2710 1180 2763 in
1226 2710 1575 2781 Apocalypsi,
1608 2726 1728 2780 quire
1758 2709 1840 2766 in-

242 2810 328 2856 ter
348 2801 587 2857 ﬁdelium
615 2819 901 2859 numerum
931 2803 1344 2874 septil'ormibns
1371 2803 1718 2859 candelabris
1743 2804 1843 2860 sub

242 2895 488 2951 custodia
511 2896 756 2970 angelica
779 2907 802 2932 ει
828 2897 1246 2966 comparantur?
1268 2895 1542 2961 Memento,
1563 2897 1698 2958 unde
1715 2898 1847 2951 ceci-

245 2989 402 3058 deris,
437 3000 482 3043 et
496 3006 594 3066 age
610 2991 980 3061 ptenitrntiam,
1014 2991 1247 3060 ctpriora
1273 3006 1427 3061 opera
1454 3000 1539 3044 tua
1568 2993 1652 3062 [ac
1673 3005 1690 3042 :
1713 2990 1848 3044 alio-

319 3201 344 3228 ιι
375 3190 596 3258 Ainbr.,
631 3187 933 3249 ornabatur,
1053 3245 1055 3258 ς

321 3253 991 3328 l’Locmu'depravatum,
1049 3253 1399 3330 luxatumque
1453 3261 1503 3312 in
1564 3259 1844 3315 veteribus

249 3335 582 3392 editionihns
635 3333 852 3386 sanitati
909 3332 1185 3386 mldimus
1243 3333 1568 3387 auctoritate
1641 3334 1846 3387 codicis

250 3404 618 3463 Ambrosiam.
669 3404 954 3475 Mysticam
994 3405 1138 3472 quod
1164 3405 1358 3459 attinet
1396 3405 1644 3458 colorum
1678 3405 1852 3473 expli—

248 3481 547 3544 cationem,
601 3491 788 3548 parum
859 3484 1042 3534 noster
1089 3478 1300 3534 recedit
1339 3476 1407 3532 ah
1442 3478 1716 3546 Origene,
1763 3477 1853 3547 qui

1947 1859 2233 1926 poterisin
2294 1861 2706 1920 tabernaculum
2763 1862 2979 1918 Domini
3037 1865 3253 1922 misceri
3311 1868 3558 1940 quando-

1944 1967 2068 2022 que.
2109 1952 2251 2019 l-Ioc,
2289 1951 2647 2010 dilectissime
2701 1955 2908 2024 frater,
2943 1957 3017 2012 tui
3061 1973 3252 2014 amore
3279 1969 3335 2014 et
3366 1959 3556 2022 dolore

1941 2046 2300 2116 compulsus,
2359 2047 2522 2100 etiam
2588 2063 2748 2124 supra
2805 2051 2948 2104 vires
3005 2067 3155 2110 meas
3216 2053 3556 2128 possibilita-

1946 2146 2165 2208 temquc
2208 2140 2436 2192 tentavi.
2469 2139 2546 2193 Tu
2581 2140 2810 2194 habebis
2841 2141 2894 2194 in
2920 2141 3222 2211 diejudicii
3278 2143 3556 2217 duplicem

1949 2246 2192 2304 pcenam,
2243 2233 2287 2286 si
2337 2235 2482 2288 velut
2523 2233 2741 2303 aspides
2771 2233 2972 2300 surdae,
3011 2236 3403 2290 incantationis
3459 2254 3557 2291 no-

1945 2333 2076 2380 stne
2108 2329 2274 2380 verba
2307 2327 2580 2398 respueris
2612 2326 2785 2396 (Psal.
2817 2344 2948 2392 Lvu,
2979 2328 3072 2400 5);
3102 2338 3196 2386 aut
3238 2326 3264 2366 ἀ
3293 2345 3561 2406 spernen-

1946 2422 2076 2474 dum
2100 2421 2424 2486 credideris,
2461 2431 2554 2476 aut
2581 2424 2825 2496 rogantis
2851 2424 3103 2490 verbum,
3133 2435 3225 2478 aut
3283 2424 3559 2482 monentis

1948 2520 2272 2584 consilium,
2324 2530 2420 2573 aut
2469 2519 2709 2574 dolentis
2770 2520 3047 2582 allectum.
3098 2519 3256 2576 .lcsus
3305 2518 3558 2580 Christus

1950 2609 2122 2668 Filius
2165 2611 2259 2666 Dei
2311 2613 2525 2666 Sublata
2582 2614 2674 2668 tibi
2732 2628 2826 2682 per
2878 2613 3139 2674 invidiam
3195 2613 3443 2680 diaboli,
3503 2613 3556 2672 in

1950 2704 2174 2775 duplum
2236 2717 2322 2766 tua
2383 2707 2522 2764 bona
2586 2707 2880 2774 restituat;
2931 2711 3122 2782 sicque
3176 2707 3558 2768 reconcilieris

1953 2800 2225 2868 Domino,
2275 2810 2330 2854 ut
2361 2801 2523 2860 etiam
2565 2816 2663 2872 pro
2709 2801 2868 2855 nobis
2903 2802 2993 2876 qui
3025 2799 3186 2860 amici
3229 2799 3306 2856 tui
3329 2815 3558 2868 sumus,

1956 2899 2293 2956 intervenire
2317 2899 2579 2965 merearis
2637 2898 2689 2953 in
2724 2898 2955 2960 Domino
2998 2909 3188 2958 nostro
3228 2897 3357 2960 Jesu
3404 2898 3562 2962 Citri-

1957 3002 2063 3054 sto.
2089 2990 2287 3046 Amen.

1953 3187 2116 3242 Hom.
2137 3189 2193 3263 11
2221 3191 2272 3263 in
2309 3189 2480 3244 Exod.
2513 3206 2666 3250 num.
2691 3192 2857 3254 Since
2885 3194 3079 3254 habet:
3111 3192 3278 3263 Bysso
3300 3193 3564 3263 (conferri

1957 3261 2166 3340 potest)
2199 3262 2470 3340 virginitas
2499 3278 2517 3314 :
2547 3279 2722 3340 cocco,
2753 3267 3095 3340 con[e.ssionis
3126 3261 3334 3340 gloria;
3365 3282 3565 3340 purpu-

1957 3348 2059 3397 rw,
2089 3333 2358 3410 clturitatis
2379 3335 2596 3410 fulgor;
2632 3333 2937 3405 hyacintho,
2969 3353 3088 3407 spes
3118 3333 3264 3410 regni
3294 3333 3564 3393 caelorum.

2035 3417 2058 3448 ο
2091 3404 2303 3471 Arnim,
2337 3404 2640 3459 obttotreris.

2037 3473 2062 3512 ί¹
2105 3477 2273 3547 Lege,
2297 3490 2364 3534 et.

1504 3744 1684 3806 anno
1728 3744 1958 3790 DOMINI
2005 3745 2278 3793 ccccxx.

346 3823 1708 4080 ZACCﬂ/EUS
1843 3914 3487 4084 CHRISTIANUS

771 4357 1784 4573 amemus
1881 4355 3073 4506 MONACHUS.

1375 4612 1631 4678 (Biblioth.
1652 4610 1767 4666 Yet.
1797 4610 1932 4662 Patr.
1959 4609 2182 4664 Galland.
2211 4615 2328 4666 tom.
2355 4607 2470 4677 IX.)

1433 4925 2405 5017 PROLEGOMENA‘.

1755 5099 2120 5116 ..ιι-ιη’*

346 5275 406 5332 1.
453 5267 868 5333 Vetustissimos
932 5279 1055 5320 esse
1127 5262 1472 5334 Dialogorum
1537 5260 1706 5318 libros
1776 5274 1844 5328 qu

1975 5256 2403 5329 diligentemque
2428 5256 2831 5322 discussioueut
2855 5301 2878 5328 ι
2902 5272 3026 5332 post
3053 5262 3338 5326 causidth
3364 5280 3394 5320 ti
3427 5265 3584 5323 nobis

269 5363 525 5424 Ziccum
561 5377 756 5417 nomen
789 5357 1086 5429 prmferunt
1111 5398 1124 5420 ,
1164 5371 1230 5408 ex
1262 5354 1586 5421 antiquitate
1610 5366 1736 5405 mss.
1773 5366 1864 5405 c0-

272 5460 454 5516 dicum
487 5499 502 5523 ,
560 5457 725 5510 immo
767 5469 829 5506 ex
879 5453 990 5519 ipsa
1027 5448 1285 5504 libroruin
1337 5445 1571 5500 lectione
1630 5453 1864 5500 constat.

273 5553 493 5608 Certum
527 5561 688 5617 porro
725 5544 964 5600 auctoris
999 5550 1213 5602 atatem
1257 5539 1536 5610 praeﬁgere
1579 5552 1868 5609 operosum

276 5644 414 5700 adeo
440 5659 502 5697 ac
533 5639 752 5695 difﬁcile
775 5637 931 5691 nobis
966 5634 1139 5688 visum
1170 5641 1276 5698 est,
1304 5641 1360 5686 ut
1408 5641 1533 5703 post
1559 5641 1867 5690 accuratam

1979 5351 2123 5406 viros
2151 5351 2521 5418 doctissimos,
2564 5353 2696 5406 nihil
2723 5355 3063 5425 exploratum
3096 5360 3359 5413 hactenus
3389 5373 3585 5415 occur-

1981 5447 2134 5499 reril.
2190 5444 2483 5500 Enimvero
2532 5457 2638 5504 tam
2679 5449 2925 5508 studiose
2967 5459 3022 5506 et
3066 5451 3222 5528 quasi
3275 5455 3583 5527 composito

1981 5553 2176 5590 nomen
2234 5553 2390 5591 suum
2437 5538 2820 5604 dissimulasse
2864 5541 3080 5604 videtur
3119 5553 3313 5607 auctor
3343 5546 3450 5609 isto
3476 5589 3490 5609 .
3529 5562 3580 5602 nt

1981 5629 2169 5686 ﬁctilia
2202 5641 2408 5686 tantum
2437 5635 2656 5690 nomina
2685 5634 2943 5693 lacuum
2972 5646 3023 5691 et
3077 5637 3376 5702 Aponium
3400 5643 3587 5697 Μηλιε-

355 5809 382 5839 ι
409 5792 816 5872 Disquisitionia
854 5792 1016 5865 hujus
1050 5801 1244 5850 auctor
1271 5789 1538 5850 Acherius
1560 5789 1638 5850 ‘ex
1674 5798 1805 5854 tom.
1842 5789 1860 5846 ι
1892 5789 2188 5864 Spicilegii,
2219 5789 2286 5848 ad
2311 5805 2434 5864 pag.
2470 5794 2519 5849 t.
