  <div class='ocr_page' id='page_1' title='image "/cluster/home/n/w/nwhite01/storage/ocr_20150623/20/hvd.32044015471352/541.png"; bbox 0 0 4060 6344; ppageno 0'>
   <div class='ocr_carea' id='block_1_1' title="bbox 526 246 666 309">
    <p class='ocr_par' dir='ltr' id='par_1_1' title="bbox 526 246 666 309">
     <span class='ocr_line' id='line_1_1' title="bbox 526 246 666 309; baseline -0.036 0"><span class='ocrx_word' id='word_1_1' title='bbox 526 246 666 309; x_wconf 70' lang='grc'><strong>1063</strong></span> 
     </span>
    </p>
   </div>
   <div class='ocr_carea' id='block_1_2' title="bbox 1238 244 3105 314">
    <p class='ocr_par' dir='ltr' id='par_1_2' title="bbox 1238 244 3105 314">
     <span class='ocr_line' id='line_1_2' title="bbox 1238 244 3105 314; baseline 0.002 -4"><span class='ocrx_word' id='word_1_2' title='bbox 1238 246 1630 311; x_wconf 62' lang='lat' dir='ltr'><strong>ZACCHEUS</strong></span> <span class='ocrx_word' id='word_1_3' title='bbox 1669 244 2134 308; x_wconf 77' lang='lat' dir='ltr'><strong>CHRISTIANUS</strong></span> <span class='ocrx_word' id='word_1_4' title='bbox 2175 246 2265 307; x_wconf 84' lang='lat' dir='ltr'><strong>ET</strong></span> <span class='ocrx_word' id='word_1_5' title='bbox 2305 248 2656 313; x_wconf 73' lang='lat' dir='ltr'><strong>EVAGRIUS</strong></span> <span class='ocrx_word' id='word_1_6' title='bbox 2700 251 3105 314; x_wconf 76' lang='lat' dir='ltr'><strong>MUNACHUS.</strong></span> 
     </span>
    </p>
   </div>
   <div class='ocr_carea' id='block_1_3' title="bbox 3691 256 3817 318">
    <p class='ocr_par' dir='ltr' id='par_1_3' title="bbox 3691 256 3817 318">
     <span class='ocr_line' id='line_1_3' title="bbox 3691 256 3817 318; baseline 0.016 -2"><span class='ocrx_word' id='word_1_7' title='bbox 3691 256 3817 318; x_wconf 74' lang='grc' dir='ltr'>ιοθι</span> 
     </span>
    </p>
   </div>
   <div class='ocr_carea' id='block_1_4' title="bbox 520 362 3823 443">
    <p class='ocr_par' dir='ltr' id='par_1_4' title="bbox 520 362 3823 443">
     <span class='ocr_line' id='line_1_4' title="bbox 520 362 3823 443; baseline 0.002 -24"><span class='ocrx_word' id='word_1_8' title='bbox 520 363 595 419; x_wconf 91' lang='lat' dir='ltr'><strong>rit</strong></span> <span class='ocrx_word' id='word_1_9' title='bbox 636 362 873 434; x_wconf 82' lang='lat' dir='ltr'><strong>Dialogis</strong></span> <span class='ocrx_word' id='word_1_10' title='bbox 896 363 1012 421; x_wconf 87' lang='lat' dir='ltr'><strong>suis</strong></span> <span class='ocrx_word' id='word_1_11' title='bbox 1039 380 1051 417; x_wconf 93' lang='lat'>:</span> <span class='ocrx_word' id='word_1_12' title='bbox 1092 373 1146 421; x_wconf 89' lang='lat' dir='ltr'><strong>et</strong></span> <span class='ocrx_word' id='word_1_13' title='bbox 1176 365 1501 436; x_wconf 89' lang='lat' dir='ltr'><strong>proﬁteatur</strong></span> <span class='ocrx_word' id='word_1_14' title='bbox 1531 364 1659 422; x_wconf 88' lang='lat' dir='ltr'><strong>licet</strong></span> <span class='ocrx_word' id='word_1_15' title='bbox 1679 380 1739 420; x_wconf 87' lang='lat' dir='ltr'><strong>se</strong></span> <span class='ocrx_word' id='word_1_16' title='bbox 1775 380 1841 420; x_wconf 86' lang='lat' dir='ltr'><strong>ex</strong></span> <span class='ocrx_word' id='word_1_17' title='bbox 1874 363 2125 433; x_wconf 85' lang='lat' dir='ltr'><strong>superio-</strong></span> <span class='ocrx_word' id='word_1_18' title='bbox 2150 367 2201 429; x_wconf 79' lang='grc' dir='ltr'>Α</span> <span class='ocrx_word' id='word_1_19' title='bbox 2230 376 2477 423; x_wconf 87' lang='lat' dir='ltr'><strong>sanctum</strong></span> <span class='ocrx_word' id='word_1_20' title='bbox 2508 368 2903 443; x_wconf 80' lang='lat' dir='ltr'><strong>HierOnymum</strong></span> <span class='ocrx_word' id='word_1_21' title='bbox 2938 368 3590 443; x_wconf 85' lang='lat' dir='ltr'><strong>(g),LucamTudensem</strong></span> <span class='ocrx_word' id='word_1_22' title='bbox 3605 368 3657 426; x_wconf 89' lang='lat' dir='ltr'><strong>in</strong></span> <span class='ocrx_word' id='word_1_23' title='bbox 3672 368 3823 426; x_wconf 87' lang='lat' dir='ltr'><strong>Chro-</strong></span> 
     </span>
    </p>
   </div>
   <div class='ocr_carea' id='block_1_5' title="bbox 519 457 2122 525">
    <p class='ocr_par' dir='ltr' id='par_1_5' title="bbox 519 457 2122 525">
     <span class='ocr_line' id='line_1_5' title="bbox 519 457 2122 525; baseline -0.002 -13"><span class='ocrx_word' id='word_1_24' title='bbox 519 470 641 512; x_wconf 85' lang='lat' dir='ltr'><strong>rum</strong></span> <span class='ocrx_word' id='word_1_25' title='bbox 673 457 896 513; x_wconf 86' lang='lat' dir='ltr'><strong>Patrum</strong></span> <span class='ocrx_word' id='word_1_26' title='bbox 921 459 1294 514; x_wconf 85' lang='lat' dir='ltr'><strong>monumentis</strong></span> <span class='ocrx_word' id='word_1_27' title='bbox 1327 474 1480 512; x_wconf 88' lang='lat' dir='ltr'><strong>suam</strong></span> <span class='ocrx_word' id='word_1_28' title='bbox 1514 457 1767 512; x_wconf 75' lang='lat' dir='ltr'><strong>hausiSse</strong></span> <span class='ocrx_word' id='word_1_29' title='bbox 1792 457 2122 525; x_wconf 82' lang='lat' dir='ltr'><strong>doctrinam,</strong></span> 
     </span>
    </p>
   </div>
   <div class='ocr_carea' id='block_1_6' title="bbox 521 548 2127 620">
    <p class='ocr_par' dir='ltr' id='par_1_6' title="bbox 521 548 2127 620">
     <span class='ocr_line' id='line_1_6' title="bbox 521 548 2127 620; baseline -0.002 -14"><span class='ocrx_word' id='word_1_30' title='bbox 521 551 684 607; x_wconf 91' lang='lat' dir='ltr'><strong>unius</strong></span> <span class='ocrx_word' id='word_1_31' title='bbox 724 560 905 606; x_wconf 86' lang='lat' dir='ltr'><strong>tamen</strong></span> <span class='ocrx_word' id='word_1_32' title='bbox 938 565 1039 606; x_wconf 89' lang='lat' dir='ltr'><strong>nec</strong></span> <span class='ocrx_word' id='word_1_33' title='bbox 1077 566 1272 606; x_wconf 82' lang='lat' dir='ltr'><strong>nomen</strong></span> <span class='ocrx_word' id='word_1_34' title='bbox 1304 550 1563 620; x_wconf 83' lang='lat' dir='ltr'><strong>apponit,</strong></span> <span class='ocrx_word' id='word_1_35' title='bbox 1596 564 1697 605; x_wconf 91' lang='lat' dir='ltr'><strong>nec</strong></span> <span class='ocrx_word' id='word_1_36' title='bbox 1731 548 1925 618; x_wconf 89' lang='lat' dir='ltr'><strong>scripti</strong></span> <span class='ocrx_word' id='word_1_37' title='bbox 1955 563 2127 619; x_wconf 83' lang='lat' dir='ltr'><strong>genus</strong></span> 
     </span>
    </p>
   </div>
   <div class='ocr_carea' id='block_1_7' title="bbox 524 643 2127 714">
    <p class='ocr_par' dir='ltr' id='par_1_7' title="bbox 524 643 2127 714">
     <span class='ocr_line' id='line_1_7' title="bbox 524 643 2127 714; baseline -0.003 -12"><span class='ocrx_word' id='word_1_38' title='bbox 524 644 753 703; x_wconf 82' lang='lat' dir='ltr'><strong>indicat.</strong></span> <span class='ocrx_word' id='word_1_39' title='bbox 795 646 1034 702; x_wconf 83' lang='lat' dir='ltr'><strong>Proinde</strong></span> <span class='ocrx_word' id='word_1_40' title='bbox 1099 644 1391 701; x_wconf 84' lang='lat' dir='ltr'><strong>nonnullas</strong></span> <span class='ocrx_word' id='word_1_41' title='bbox 1441 643 1726 699; x_wconf 78' lang='lat' dir='ltr'><strong>dumtaxat</strong></span> <span class='ocrx_word' id='word_1_42' title='bbox 1778 643 2127 714; x_wconf 87' lang='lat' dir='ltr'><strong>conjecturas</strong></span> 
     </span>
    </p>
   </div>
   <div class='ocr_carea' id='block_1_8' title="bbox 522 737 1836 809">
    <p class='ocr_par' dir='ltr' id='par_1_8' title="bbox 522 737 1836 809">
     <span class='ocr_line' id='line_1_8' title="bbox 522 737 1836 809; baseline -0.003 -13"><span class='ocrx_word' id='word_1_43' title='bbox 522 740 621 796; x_wconf 88' lang='lat' dir='ltr'><strong>hic</strong></span> <span class='ocrx_word' id='word_1_44' title='bbox 654 741 775 808; x_wconf 84' lang='lat' dir='ltr'><strong>tibi,</strong></span> <span class='ocrx_word' id='word_1_45' title='bbox 812 741 983 796; x_wconf 82' lang='lat' dir='ltr'><strong>lector</strong></span> <span class='ocrx_word' id='word_1_46' title='bbox 1004 739 1246 804; x_wconf 89' lang='lat' dir='ltr'><strong>erudite,</strong></span> <span class='ocrx_word' id='word_1_47' title='bbox 1277 737 1540 795; x_wconf 85' lang='lat' dir='ltr'><strong>exhibere</strong></span> <span class='ocrx_word' id='word_1_48' title='bbox 1570 738 1836 809; x_wconf 87' lang='lat' dir='ltr'><strong>cogimur.</strong></span> 
     </span>
    </p>
   </div>
   <div class='ocr_carea' id='block_1_9' title="bbox 597 831 2126 903">
    <p class='ocr_par' dir='ltr' id='par_1_9' title="bbox 597 831 2126 903">
     <span class='ocr_line' id='line_1_9' title="bbox 597 831 2126 903; baseline -0.003 -13"><span class='ocrx_word' id='word_1_49' title='bbox 597 834 653 890; x_wconf 78' lang='grc'><strong>2.</strong></span> <span class='ocrx_word' id='word_1_50' title='bbox 693 831 966 891; x_wconf 88' lang='lat' dir='ltr'><strong>Professio</strong></span> <span class='ocrx_word' id='word_1_51' title='bbox 999 831 1245 887; x_wconf 68' lang='lat' dir='ltr'><strong>Zaccbiei</strong></span> <span class='ocrx_word' id='word_1_52' title='bbox 1279 833 1451 887; x_wconf 88' lang='lat' dir='ltr'><strong>nostri</strong></span> <span class='ocrx_word' id='word_1_53' title='bbox 1502 847 1606 886; x_wconf 92' lang='lat' dir='ltr'><strong>non</strong></span> <span class='ocrx_word' id='word_1_54' title='bbox 1636 831 1865 903; x_wconf 87' lang='lat' dir='ltr'><strong>perinde</strong></span> <span class='ocrx_word' id='word_1_55' title='bbox 1895 831 2126 886; x_wconf 89' lang='lat' dir='ltr'><strong>obscura</strong></span> 
     </span>
    </p>
   </div>
   <div class='ocr_carea' id='block_1_10' title="bbox 524 924 2127 1000">
    <p class='ocr_par' dir='ltr' id='par_1_10' title="bbox 524 924 2127 1000">
     <span class='ocr_line' id='line_1_10' title="bbox 524 924 2127 1000; baseline -0.006 -12"><span class='ocrx_word' id='word_1_56' title='bbox 524 944 592 988; x_wconf 85' lang='lat' dir='ltr'><strong>ac</strong></span> <span class='ocrx_word' id='word_1_57' title='bbox 620 929 739 1000; x_wconf 89' lang='lat' dir='ltr'><strong>ejus</strong></span> <span class='ocrx_word' id='word_1_58' title='bbox 769 938 901 983; x_wconf 63' lang='lat' dir='ltr'><strong>astas</strong></span> <span class='ocrx_word' id='word_1_59' title='bbox 934 943 949 980; x_wconf 89' lang='lat'>:</span> <span class='ocrx_word' id='word_1_60' title='bbox 979 942 1101 980; x_wconf 90' lang='lat' dir='ltr'><strong>nam</strong></span> <span class='ocrx_word' id='word_1_61' title='bbox 1140 941 1263 982; x_wconf 91' lang='lat' dir='ltr'><strong>cum</strong></span> <span class='ocrx_word' id='word_1_62' title='bbox 1302 936 1445 982; x_wconf 84' lang='lat' dir='ltr'><strong>teste</strong></span> <span class='ocrx_word' id='word_1_63' title='bbox 1491 924 1880 997; x_wconf 89' lang='lat' dir='ltr'><strong>Cassiano(a),</strong></span> <span class='ocrx_word' id='word_1_64' title='bbox 1936 940 2127 980; x_wconf 87' lang='lat' dir='ltr'><strong>mona-</strong></span> 
     </span>
    </p>
   </div>
   <div class='ocr_carea' id='block_1_11' title="bbox 520 1019 2125 1091">
    <p class='ocr_par' dir='ltr' id='par_1_11' title="bbox 520 1019 2125 1091">
     <span class='ocr_line' id='line_1_11' title="bbox 520 1019 2125 1091; baseline -0.003 -10"><span class='ocrx_word' id='word_1_65' title='bbox 520 1023 643 1081; x_wconf 88' lang='lat' dir='ltr'><strong>stici</strong></span> <span class='ocrx_word' id='word_1_66' title='bbox 672 1024 809 1078; x_wconf 89' lang='lat' dir='ltr'><strong>ritus</strong></span> <span class='ocrx_word' id='word_1_67' title='bbox 844 1036 949 1077; x_wconf 88' lang='lat' dir='ltr'><strong>non</strong></span> <span class='ocrx_word' id='word_1_68' title='bbox 984 1020 1088 1075; x_wconf 90' lang='lat' dir='ltr'><strong>nisi</strong></span> <span class='ocrx_word' id='word_1_69' title='bbox 1125 1021 1192 1075; x_wconf 92' lang='lat' dir='ltr'><strong>ab</strong></span> <span class='ocrx_word' id='word_1_70' title='bbox 1220 1021 1466 1091; x_wconf 87' lang='lat' dir='ltr'><strong>expertis</strong></span> <span class='ocrx_word' id='word_1_71' title='bbox 1494 1020 1633 1075; x_wconf 89' lang='lat' dir='ltr'><strong>tradi</strong></span> <span class='ocrx_word' id='word_1_72' title='bbox 1666 1031 1910 1091; x_wconf 81' lang='lat' dir='ltr'><strong>queant;</strong></span> <span class='ocrx_word' id='word_1_73' title='bbox 1944 1036 2010 1075; x_wconf 77' lang='lat' dir='ltr'><strong>ex</strong></span> <span class='ocrx_word' id='word_1_74' title='bbox 2040 1019 2125 1076; x_wconf 87' lang='lat' dir='ltr'><strong>his</strong></span> 
     </span>
    </p>
   </div>
   <div class='ocr_carea' id='block_1_12' title="bbox 518 1114 2125 1189">
    <p class='ocr_par' dir='ltr' id='par_1_12' title="bbox 518 1114 2125 1189">
     <span class='ocr_line' id='line_1_12' title="bbox 518 1114 2125 1189; baseline -0.003 -15"><span class='ocrx_word' id='word_1_75' title='bbox 518 1134 641 1189; x_wconf 67' lang='lat' dir='ltr'><strong>quas</strong></span> <span class='ocrx_word' id='word_1_76' title='bbox 668 1116 860 1173; x_wconf 87' lang='lat' dir='ltr'><strong>scribit</strong></span> <span class='ocrx_word' id='word_1_77' title='bbox 890 1126 1007 1171; x_wconf 91' lang='lat' dir='ltr'><strong>toto</strong></span> <span class='ocrx_word' id='word_1_78' title='bbox 1038 1114 1154 1171; x_wconf 86' lang='lat' dir='ltr'><strong>fere</strong></span> <span class='ocrx_word' id='word_1_79' title='bbox 1186 1115 1331 1171; x_wconf 90' lang='lat' dir='ltr'><strong>libro</strong></span> <span class='ocrx_word' id='word_1_80' title='bbox 1365 1116 1530 1171; x_wconf 90' lang='lat' dir='ltr'><strong>tertio</strong></span> <span class='ocrx_word' id='word_1_81' title='bbox 1558 1115 1841 1186; x_wconf 83' lang='lat' dir='ltr'><strong>colligitur</strong></span> <span class='ocrx_word' id='word_1_82' title='bbox 1866 1158 1880 1183; x_wconf 91' lang='lat'><strong>,</strong></span> <span class='ocrx_word' id='word_1_83' title='bbox 1913 1131 2041 1171; x_wconf 92' lang='lat' dir='ltr'><strong>eum</strong></span> <span class='ocrx_word' id='word_1_84' title='bbox 2072 1116 2125 1170; x_wconf 90' lang='lat' dir='ltr'><strong>in</strong></span> 
     </span>
    </p>
   </div>
   <div class='ocr_carea' id='block_1_13' title="bbox 522 1208 2122 1279">
    <p class='ocr_par' dir='ltr' id='par_1_13' title="bbox 522 1208 2122 1279">
     <span class='ocr_line' id='line_1_13' title="bbox 522 1208 2122 1279; baseline -0.002 -12"><span class='ocrx_word' id='word_1_85' title='bbox 522 1209 823 1267; x_wconf 79' lang='lat' dir='ltr'><strong>monaSIice</strong></span> <span class='ocrx_word' id='word_1_86' title='bbox 853 1212 1121 1265; x_wconf 87' lang='lat' dir='ltr'><strong>meruisse</strong></span> <span class='ocrx_word' id='word_1_87' title='bbox 1156 1226 1169 1263; x_wconf 93' lang='lat'><strong>:</strong></span> <span class='ocrx_word' id='word_1_88' title='bbox 1203 1208 1350 1279; x_wconf 87' lang='lat' dir='ltr'><strong>quod</strong></span> <span class='ocrx_word' id='word_1_89' title='bbox 1378 1220 1433 1264; x_wconf 90' lang='lat' dir='ltr'><strong>et</strong></span> <span class='ocrx_word' id='word_1_90' title='bbox 1462 1209 1580 1278; x_wconf 90' lang='lat' dir='ltr'><strong>ipse</strong></span> <span class='ocrx_word' id='word_1_91' title='bbox 1614 1209 1818 1264; x_wconf 88' lang='lat' dir='ltr'><strong>alicubi</strong></span> <span class='ocrx_word' id='word_1_92' title='bbox 1846 1210 2122 1279; x_wconf 84' lang='lat' dir='ltr'><strong>signiﬁca-</strong></span> 
     </span>
    </p>
   </div>
   <div class='ocr_carea' id='block_1_14' title="bbox 523 1302 2123 1374">
    <p class='ocr_par' dir='ltr' id='par_1_14' title="bbox 523 1302 2123 1374">
     <span class='ocr_line' id='line_1_14' title="bbox 523 1302 2123 1374; baseline -0.002 -14"><span class='ocrx_word' id='word_1_93' title='bbox 523 1305 621 1360; x_wconf 85' lang='lat' dir='ltr'><strong>vit.</strong></span> <span class='ocrx_word' id='word_1_94' title='bbox 664 1304 801 1360; x_wconf 83' lang='lat' dir='ltr'><strong>Hinc</strong></span> <span class='ocrx_word' id='word_1_95' title='bbox 859 1317 994 1359; x_wconf 72' lang='lat' dir='ltr'><strong>tetas</strong></span> <span class='ocrx_word' id='word_1_96' title='bbox 1042 1303 1190 1359; x_wconf 89' lang='lat' dir='ltr'><strong>illius</strong></span> <span class='ocrx_word' id='word_1_97' title='bbox 1236 1303 1465 1359; x_wconf 90' lang='lat' dir='ltr'><strong>forsitan</strong></span> <span class='ocrx_word' id='word_1_98' title='bbox 1508 1302 1729 1358; x_wconf 90' lang='lat' dir='ltr'><strong>deﬁniri</strong></span> <span class='ocrx_word' id='word_1_99' title='bbox 1764 1304 1957 1374; x_wconf 92' lang='lat' dir='ltr'><strong>possit.</strong></span> <span class='ocrx_word' id='word_1_100' title='bbox 1990 1302 2123 1357; x_wconf 92' lang='lat' dir='ltr'><strong>Cum</strong></span> 
     </span>
    </p>
   </div>
   <div class='ocr_carea' id='block_1_15' title="bbox 522 1396 2126 1466">
    <p class='ocr_par' dir='ltr' id='par_1_15' title="bbox 522 1396 2126 1466">
     <span class='ocr_line' id='line_1_15' title="bbox 522 1396 2126 1466; baseline -0.002 -11"><span class='ocrx_word' id='word_1_101' title='bbox 522 1399 724 1455; x_wconf 91' lang='lat' dir='ltr'><strong>etenim</strong></span> <span class='ocrx_word' id='word_1_102' title='bbox 764 1406 923 1455; x_wconf 77' lang='lat' dir='ltr'><strong>sexto</strong></span> <span class='ocrx_word' id='word_1_103' title='bbox 966 1398 1187 1453; x_wconf 88' lang='lat' dir='ltr'><strong>circiter</strong></span> <span class='ocrx_word' id='word_1_104' title='bbox 1235 1398 1437 1452; x_wconf 70' lang='lat' dir='ltr'><strong>smculo</strong></span> <span class='ocrx_word' id='word_1_105' title='bbox 1476 1397 1721 1466; x_wconf 85' lang='lat' dir='ltr'><strong>regulam</strong></span> <span class='ocrx_word' id='word_1_106' title='bbox 1759 1397 1931 1452; x_wconf 85' lang='lat' dir='ltr'><strong>sancti</strong></span> <span class='ocrx_word' id='word_1_107' title='bbox 1960 1396 2126 1463; x_wconf 83' lang='lat' dir='ltr'><strong>patris</strong></span> 
     </span>
    </p>
   </div>
   <div class='ocr_carea' id='block_1_16' title="bbox 522 1487 2123 1560">
    <p class='ocr_par' dir='ltr' id='par_1_16' title="bbox 522 1487 2123 1560">
     <span class='ocr_line' id='line_1_16' title="bbox 522 1487 2123 1560; baseline -0.004 -11"><span class='ocrx_word' id='word_1_108' title='bbox 522 1490 806 1549; x_wconf 82' lang='lat' dir='ltr'><strong>Benedicti</strong></span> <span class='ocrx_word' id='word_1_109' title='bbox 836 1506 1029 1546; x_wconf 89' lang='lat' dir='ltr'><strong>omnes</strong></span> <span class='ocrx_word' id='word_1_110' title='bbox 1072 1506 1239 1560; x_wconf 90' lang='lat' dir='ltr'><strong>prope</strong></span> <span class='ocrx_word' id='word_1_111' title='bbox 1276 1489 1532 1545; x_wconf 87' lang='lat' dir='ltr'><strong>monachi</strong></span> <span class='ocrx_word' id='word_1_112' title='bbox 1584 1490 1638 1545; x_wconf 93' lang='lat' dir='ltr'><strong>in</strong></span> <span class='ocrx_word' id='word_1_113' title='bbox 1683 1488 1975 1544; x_wconf 91' lang='lat' dir='ltr'><strong>occidente</strong></span> <span class='ocrx_word' id='word_1_114' title='bbox 2016 1487 2123 1543; x_wconf 92' lang='lat' dir='ltr'><strong>sint</strong></span> 
     </span>
    </p>
   </div>
   <div class='ocr_carea' id='block_1_17' title="bbox 524 1582 2125 1657">
    <p class='ocr_par' dir='ltr' id='par_1_17' title="bbox 524 1582 2125 1657">
     <span class='ocr_line' id='line_1_17' title="bbox 524 1582 2125 1657; baseline -0.004 -15"><span class='ocrx_word' id='word_1_115' title='bbox 524 1585 817 1657; x_wconf 87' lang='lat' dir='ltr'><strong>amplexati</strong></span> <span class='ocrx_word' id='word_1_116' title='bbox 839 1628 853 1652; x_wconf 90' lang='lat'><strong>,</strong></span> <span class='ocrx_word' id='word_1_117' title='bbox 889 1589 935 1639; x_wconf 86' lang='lat' dir='ltr'><strong>si</strong></span> <span class='ocrx_word' id='word_1_118' title='bbox 980 1594 1167 1639; x_wconf 90' lang='lat' dir='ltr'><strong>noster</strong></span> <span class='ocrx_word' id='word_1_119' title='bbox 1195 1582 1496 1639; x_wconf 70' lang='lat' dir='ltr'><strong>Zacchteus</strong></span> <span class='ocrx_word' id='word_1_120' title='bbox 1535 1583 1601 1637; x_wconf 89' lang='lat' dir='ltr'><strong>ad</strong></span> <span class='ocrx_word' id='word_1_121' title='bbox 1643 1583 1757 1637; x_wconf 72' lang='lat' dir='ltr'><strong>lure</strong></span> <span class='ocrx_word' id='word_1_122' title='bbox 1785 1597 1958 1653; x_wconf 87' lang='lat' dir='ltr'><strong>usque</strong></span> <span class='ocrx_word' id='word_1_123' title='bbox 1992 1594 2125 1636; x_wconf 89' lang='lat' dir='ltr'><strong>tem-</strong></span> 
     </span>
    </p>
   </div>
   <div class='ocr_carea' id='block_1_18' title="bbox 522 1677 2124 1750">
    <p class='ocr_par' dir='ltr' id='par_1_18' title="bbox 522 1677 2124 1750">
     <span class='ocr_line' id='line_1_18' title="bbox 522 1677 2124 1750; baseline -0.001 -17"><span class='ocrx_word' id='word_1_124' title='bbox 522 1694 654 1749; x_wconf 91' lang='lat' dir='ltr'><strong>pora</strong></span> <span class='ocrx_word' id='word_1_125' title='bbox 696 1689 981 1750; x_wconf 87' lang='lat' dir='ltr'><strong>superstes</strong></span> <span class='ocrx_word' id='word_1_126' title='bbox 1034 1677 1264 1745; x_wconf 81' lang='lat' dir='ltr'><strong>fuisset,</strong></span> <span class='ocrx_word' id='word_1_127' title='bbox 1298 1678 1490 1735; x_wconf 91' lang='lat' dir='ltr'><strong>eadem</strong></span> <span class='ocrx_word' id='word_1_128' title='bbox 1532 1677 1652 1749; x_wconf 89' lang='lat' dir='ltr'><strong>lege</strong></span> <span class='ocrx_word' id='word_1_129' title='bbox 1683 1693 1785 1749; x_wconf 88' lang='lat' dir='ltr'><strong>qua</strong></span> <span class='ocrx_word' id='word_1_130' title='bbox 1816 1694 1881 1733; x_wconf 83' lang='lat' dir='ltr'><strong>ex</strong></span> <span class='ocrx_word' id='word_1_131' title='bbox 1918 1678 2124 1733; x_wconf 87' lang='lat' dir='ltr'><strong>sanctis</strong></span> 
     </span>
    </p>
   </div>
   <div class='ocr_carea' id='block_1_19' title="bbox 2232 460 3824 534">
    <p class='ocr_par' dir='ltr' id='par_1_19' title="bbox 2232 460 3824 534">
     <span class='ocr_line' id='line_1_19' title="bbox 2232 460 3824 534; baseline 0.003 -22"><span class='ocrx_word' id='word_1_132' title='bbox 2232 460 2359 514; x_wconf 91' lang='lat' dir='ltr'><strong>nico</strong></span> <span class='ocrx_word' id='word_1_133' title='bbox 2373 469 2428 515; x_wconf 84' lang='lat' dir='ltr'><strong>et</strong></span> <span class='ocrx_word' id='word_1_134' title='bbox 2443 460 2817 517; x_wconf 82' lang='lat' dir='ltr'><strong>Marcellinum</strong></span> <span class='ocrx_word' id='word_1_135' title='bbox 2837 465 3094 518; x_wconf 87' lang='lat' dir='ltr'><strong>comitem</strong></span> <span class='ocrx_word' id='word_1_136' title='bbox 3122 460 3224 534; x_wconf 82' lang='lat' dir='ltr'><strong>(It).</strong></span> <span class='ocrx_word' id='word_1_137' title='bbox 3243 461 3456 517; x_wconf 84' lang='lat' dir='ltr'><strong>Favent</strong></span> <span class='ocrx_word' id='word_1_138' title='bbox 3481 463 3700 530; x_wconf 88' lang='lat' dir='ltr'><strong>insuper</strong></span> <span class='ocrx_word' id='word_1_139' title='bbox 3716 478 3824 532; x_wconf 80' lang='lat' dir='ltr'><strong>qua:</strong></span> 
     </span>
    </p>
   </div>
   <div class='ocr_carea' id='block_1_20' title="bbox 2230 552 3825 626">
    <p class='ocr_par' dir='ltr' id='par_1_20' title="bbox 2230 552 3825 626">
     <span class='ocr_line' id='line_1_20' title="bbox 2230 552 3825 626; baseline 0.003 -19"><span class='ocrx_word' id='word_1_140' title='bbox 2230 552 2299 608; x_wconf 92' lang='lat' dir='ltr'><strong>de</strong></span> <span class='ocrx_word' id='word_1_141' title='bbox 2331 554 2597 609; x_wconf 85' lang='lat' dir='ltr'><strong>institutis</strong></span> <span class='ocrx_word' id='word_1_142' title='bbox 2618 556 3021 612; x_wconf 63' lang='lat' dir='ltr'><strong>casnobitarum</strong></span> <span class='ocrx_word' id='word_1_143' title='bbox 3051 558 3104 611; x_wconf 93' lang='lat' dir='ltr'><strong>in</strong></span> <span class='ocrx_word' id='word_1_144' title='bbox 3132 556 3365 612; x_wconf 91' lang='lat' dir='ltr'><strong>urbibus</strong></span> <span class='ocrx_word' id='word_1_145' title='bbox 3378 556 3719 626; x_wconf 76' lang='lat' dir='ltr'><strong>degentium,</strong></span> <span class='ocrx_word' id='word_1_146' title='bbox 3739 557 3825 611; x_wconf 87' lang='lat' dir='ltr'><strong>de-</strong></span> 
     </span>
    </p>
   </div>
   <div class='ocr_carea' id='block_1_21' title="bbox 2228 647 3823 722">
    <p class='ocr_par' dir='ltr' id='par_1_21' title="bbox 2228 647 3823 722">
     <span class='ocr_line' id='line_1_21' title="bbox 2228 647 3823 722; baseline 0.003 -23"><span class='ocrx_word' id='word_1_147' title='bbox 2228 661 2333 717; x_wconf 90' lang='lat' dir='ltr'><strong>que</strong></span> <span class='ocrx_word' id='word_1_148' title='bbox 2359 662 2512 702; x_wconf 86' lang='lat' dir='ltr'><strong>sacra</strong></span> <span class='ocrx_word' id='word_1_149' title='bbox 2540 647 2835 720; x_wconf 82' lang='lat' dir='ltr'><strong>bymnodia</strong></span> <span class='ocrx_word' id='word_1_150' title='bbox 2868 650 2989 706; x_wconf 90' lang='lat' dir='ltr'><strong>fuse</strong></span> <span class='ocrx_word' id='word_1_151' title='bbox 3019 649 3307 722; x_wconf 80' lang='lat' dir='ltr'><strong>narrat(i).</strong></span> <span class='ocrx_word' id='word_1_152' title='bbox 3336 648 3553 719; x_wconf 85' lang='lat' dir='ltr'><strong>Quippe</strong></span> <span class='ocrx_word' id='word_1_153' title='bbox 3581 659 3706 703; x_wconf 85' lang='lat' dir='ltr'><strong>ante</strong></span> <span class='ocrx_word' id='word_1_154' title='bbox 3734 663 3823 703; x_wconf 90' lang='lat' dir='ltr'><strong>an-</strong></span> 
     </span>
    </p>
   </div>
   <div class='ocr_carea' id='block_1_22' title="bbox 2230 740 3824 813">
    <p class='ocr_par' dir='ltr' id='par_1_22' title="bbox 2230 740 3824 813">
     <span class='ocr_line' id='line_1_22' title="bbox 2230 740 3824 813; baseline 0.003 -18"><span class='ocrx_word' id='word_1_155' title='bbox 2230 756 2357 795; x_wconf 90' lang='lat' dir='ltr'><strong>num</strong></span> <span class='ocrx_word' id='word_1_156' title='bbox 2386 740 2492 797; x_wconf 67' lang='lat'><strong>400</strong></span> <span class='ocrx_word' id='word_1_157' title='bbox 2523 758 2690 813; x_wconf 90' lang='lat' dir='ltr'><strong>pauca</strong></span> <span class='ocrx_word' id='word_1_158' title='bbox 2713 744 3009 800; x_wconf 89' lang='lat' dir='ltr'><strong>admodum</strong></span> <span class='ocrx_word' id='word_1_159' title='bbox 3044 787 3059 813; x_wconf 91' lang='lat'><strong>,</strong></span> <span class='ocrx_word' id='word_1_160' title='bbox 3092 746 3264 801; x_wconf 89' lang='lat' dir='ltr'><strong>immo</strong></span> <span class='ocrx_word' id='word_1_161' title='bbox 3295 745 3439 802; x_wconf 88' lang='lat' dir='ltr'><strong>forte</strong></span> <span class='ocrx_word' id='word_1_162' title='bbox 3465 745 3616 801; x_wconf 89' lang='lat' dir='ltr'><strong>nulla</strong></span> <span class='ocrx_word' id='word_1_163' title='bbox 3645 761 3824 802; x_wconf 72' lang='lat' dir='ltr'><strong>easno-</strong></span> 
     </span>
    </p>
   </div>
   <div class='ocr_carea' id='block_1_23' title="bbox 2231 834 3826 908">
    <p class='ocr_par' dir='ltr' id='par_1_23' title="bbox 2231 834 3826 908">
     <span class='ocr_line' id='line_1_23' title="bbox 2231 834 3826 908; baseline 0.006 -21"><span class='ocrx_word' id='word_1_164' title='bbox 2231 834 2316 887; x_wconf 91' lang='lat' dir='ltr'><strong>bia</strong></span> <span class='ocrx_word' id='word_1_165' title='bbox 2362 834 2415 889; x_wconf 92' lang='lat' dir='ltr'><strong>in</strong></span> <span class='ocrx_word' id='word_1_166' title='bbox 2458 835 2737 907; x_wconf 77' lang='lat' dir='ltr'><strong>Europzeis</strong></span> <span class='ocrx_word' id='word_1_167' title='bbox 2772 838 3001 895; x_wconf 86' lang='lat' dir='ltr'><strong>urbibus</strong></span> <span class='ocrx_word' id='word_1_168' title='bbox 3031 839 3382 895; x_wconf 86' lang='lat' dir='ltr'><strong>visebantur.</strong></span> <span class='ocrx_word' id='word_1_169' title='bbox 3418 838 3578 908; x_wconf 86' lang='lat' dir='ltr'><strong>Quod</strong></span> <span class='ocrx_word' id='word_1_170' title='bbox 3611 855 3738 895; x_wconf 87' lang='lat' dir='ltr'><strong>vero</strong></span> <span class='ocrx_word' id='word_1_171' title='bbox 3766 840 3826 897; x_wconf 90' lang='lat' dir='ltr'><strong>ad</strong></span> 
     </span>
    </p>
   </div>
   <div class='ocr_carea' id='block_1_24' title="bbox 2230 929 3825 994">
    <p class='ocr_par' dir='ltr' id='par_1_24' title="bbox 2230 929 3825 994">
     <span class='ocr_line' id='line_1_24' title="bbox 2230 929 3825 994; baseline 0.005 -13"><span class='ocrx_word' id='word_1_172' title='bbox 2230 935 2445 981; x_wconf 88' lang='lat' dir='ltr'><strong>cantum</strong></span> <span class='ocrx_word' id='word_1_173' title='bbox 2476 929 2691 994; x_wconf 83' lang='lat' dir='ltr'><strong>attinet,</strong></span> <span class='ocrx_word' id='word_1_174' title='bbox 2718 929 2870 985; x_wconf 79' lang='lat' dir='ltr'><strong>illum</strong></span> <span class='ocrx_word' id='word_1_175' title='bbox 2904 931 2957 984; x_wconf 93' lang='lat' dir='ltr'><strong>in</strong></span> <span class='ocrx_word' id='word_1_176' title='bbox 2990 932 3275 987; x_wconf 83' lang='lat' dir='ltr'><strong>ecclesiam</strong></span> <span class='ocrx_word' id='word_1_177' title='bbox 3301 948 3330 986; x_wconf 88' lang='lat' dir='ltr'><strong>a</strong></span> <span class='ocrx_word' id='word_1_178' title='bbox 3357 931 3523 988; x_wconf 88' lang='lat' dir='ltr'><strong>beato</strong></span> <span class='ocrx_word' id='word_1_179' title='bbox 3547 932 3825 989; x_wconf 78' lang='lat' dir='ltr'><strong>Ambrosio</strong></span> 
     </span>
    </p>
   </div>
   <div class='ocr_carea' id='block_1_25' title="bbox 2228 1020 3824 1093">
    <p class='ocr_par' dir='ltr' id='par_1_25' title="bbox 2228 1020 3824 1093">
     <span class='ocr_line' id='line_1_25' title="bbox 2228 1020 3824 1093; baseline 0.005 -20"><span class='ocrx_word' id='word_1_180' title='bbox 2228 1020 2418 1089; x_wconf 90' lang='lat' dir='ltr'><strong>quinto</strong></span> <span class='ocrx_word' id='word_1_181' title='bbox 2471 1022 2674 1077; x_wconf 59' lang='lat' dir='ltr'><strong>saeculo</strong></span> <span class='ocrx_word' id='word_1_182' title='bbox 2730 1034 3029 1093; x_wconf 89' lang='lat' dir='ltr'><strong>appetente</strong></span> <span class='ocrx_word' id='word_1_183' title='bbox 3094 1025 3372 1080; x_wconf 75' lang='lat' dir='ltr'><strong>invectum</strong></span> <span class='ocrx_word' id='word_1_184' title='bbox 3424 1041 3534 1080; x_wconf 90' lang='lat' dir='ltr'><strong>non</strong></span> <span class='ocrx_word' id='word_1_185' title='bbox 3606 1027 3824 1081; x_wconf 84' lang='lat' dir='ltr'><strong>obscure</strong></span> 
     </span>
    </p>
   </div>
   <div class='ocr_carea' id='block_1_26' title="bbox 2229 1113 3824 1190">
    <p class='ocr_par' dir='ltr' id='par_1_26' title="bbox 2229 1113 3824 1190">
     <span class='ocr_line' id='line_1_26' title="bbox 2229 1113 3824 1190; baseline 0.004 -22"><span class='ocrx_word' id='word_1_186' title='bbox 2229 1113 2425 1169; x_wconf 88' lang='lat' dir='ltr'><strong>scribit</strong></span> <span class='ocrx_word' id='word_1_187' title='bbox 2455 1115 2793 1186; x_wconf 77' lang='lat' dir='ltr'><strong>AnguStiuus</strong></span> <span class='ocrx_word' id='word_1_188' title='bbox 2824 1118 2882 1187; x_wconf 86' lang='lat' dir='ltr'><strong>(j</strong></span> <span class='ocrx_word' id='word_1_189' title='bbox 2904 1115 2943 1189; x_wconf 92' lang='lat'><strong>).</strong></span> <span class='ocrx_word' id='word_1_190' title='bbox 2978 1118 3265 1174; x_wconf 82' lang='lat' dir='ltr'><strong>POSIremo</strong></span> <span class='ocrx_word' id='word_1_191' title='bbox 3295 1119 3476 1190; x_wconf 80' lang='lat' dir='ltr'><strong>stylus</strong></span> <span class='ocrx_word' id='word_1_192' title='bbox 3512 1119 3824 1189; x_wconf 87' lang='lat' dir='ltr'><strong>plerumque</strong></span> 
     </span>
    </p>
   </div>
   <div class='ocr_carea' id='block_1_27' title="bbox 2230 1211 3824 1283">
    <p class='ocr_par' dir='ltr' id='par_1_27' title="bbox 2230 1211 3824 1283">
     <span class='ocr_line' id='line_1_27' title="bbox 2230 1211 3824 1283; baseline 0.006 -23"><span class='ocrx_word' id='word_1_193' title='bbox 2230 1215 2451 1278; x_wconf 87' lang='lat' dir='ltr'><strong>turgens</strong></span> <span class='ocrx_word' id='word_1_194' title='bbox 2508 1226 2571 1265; x_wconf 83' lang='lat' dir='ltr'><strong>ac</strong></span> <span class='ocrx_word' id='word_1_195' title='bbox 2623 1211 2924 1267; x_wconf 87' lang='lat' dir='ltr'><strong>lacertosus</strong></span> <span class='ocrx_word' id='word_1_196' title='bbox 2956 1256 2969 1277; x_wconf 83' lang='lat'><strong>,</strong></span> <span class='ocrx_word' id='word_1_197' title='bbox 3022 1214 3317 1269; x_wconf 73' lang='lat' dir='ltr'><strong>sententia:</strong></span> <span class='ocrx_word' id='word_1_198' title='bbox 3370 1214 3558 1268; x_wconf 67' lang='lat' dir='ltr'><strong>saeculi</strong></span> <span class='ocrx_word' id='word_1_199' title='bbox 3612 1212 3824 1283; x_wconf 59' lang='lat' dir='ltr'><strong>hujusce</strong></span> 
     </span>
    </p>
   </div>
   <div class='ocr_carea' id='block_1_28' title="bbox 2229 1302 3825 1378">
    <p class='ocr_par' dir='ltr' id='par_1_28' title="bbox 2229 1302 3825 1378">
     <span class='ocr_line' id='line_1_28' title="bbox 2229 1302 3825 1378; baseline 0.006 -23"><span class='ocrx_word' id='word_1_200' title='bbox 2229 1302 2587 1371; x_wconf 85' lang='lat' dir='ltr'><strong>scriptoribus</strong></span> <span class='ocrx_word' id='word_1_201' title='bbox 2619 1303 2918 1361; x_wconf 85' lang='lat' dir='ltr'><strong>familiares</strong></span> <span class='ocrx_word' id='word_1_202' title='bbox 2950 1322 3057 1361; x_wconf 89' lang='lat' dir='ltr'><strong>non</strong></span> <span class='ocrx_word' id='word_1_203' title='bbox 3076 1308 3249 1362; x_wconf 90' lang='lat' dir='ltr'><strong>semel</strong></span> <span class='ocrx_word' id='word_1_204' title='bbox 3278 1316 3596 1378; x_wconf 67' lang='lat' dir='ltr'><strong>usurpatae;</strong></span> <span class='ocrx_word' id='word_1_205' title='bbox 3626 1307 3825 1364; x_wconf 87' lang='lat' dir='ltr'><strong>matbe-</strong></span> 
     </span>
    </p>
   </div>
   <div class='ocr_carea' id='block_1_29' title="bbox 2231 1397 3822 1472">
    <p class='ocr_par' dir='ltr' id='par_1_29' title="bbox 2231 1397 3822 1472">
     <span class='ocr_line' id='line_1_29' title="bbox 2231 1397 3822 1472; baseline 0.004 -23"><span class='ocrx_word' id='word_1_206' title='bbox 2231 1397 2552 1453; x_wconf 89' lang='lat' dir='ltr'><strong>maticorum</strong></span> <span class='ocrx_word' id='word_1_207' title='bbox 2596 1413 2659 1453; x_wconf 90' lang='lat' dir='ltr'><strong>ac</strong></span> <span class='ocrx_word' id='word_1_208' title='bbox 2688 1398 2973 1455; x_wconf 66' lang='lat' dir='ltr'><strong>hmreseon</strong></span> <span class='ocrx_word' id='word_1_209' title='bbox 3002 1399 3055 1454; x_wconf 91' lang='lat' dir='ltr'><strong>in</strong></span> <span class='ocrx_word' id='word_1_210' title='bbox 3092 1416 3227 1470; x_wconf 88' lang='lat' dir='ltr'><strong>quas</strong></span> <span class='ocrx_word' id='word_1_211' title='bbox 3261 1411 3390 1456; x_wconf 89' lang='lat' dir='ltr'><strong>tunc</strong></span> <span class='ocrx_word' id='word_1_212' title='bbox 3416 1411 3604 1469; x_wconf 80' lang='lat' dir='ltr'><strong>patres</strong></span> <span class='ocrx_word' id='word_1_213' title='bbox 3635 1399 3822 1472; x_wconf 87' lang='lat' dir='ltr'><strong>stylnm</strong></span> 
     </span>
    </p>
   </div>
   <div class='ocr_carea' id='block_1_30' title="bbox 2228 1489 3821 1564">
    <p class='ocr_par' dir='ltr' id='par_1_30' title="bbox 2228 1489 3821 1564">
     <span class='ocr_line' id='line_1_30' title="bbox 2228 1489 3821 1564; baseline 0.004 -22"><span class='ocrx_word' id='word_1_214' title='bbox 2228 1489 2604 1560; x_wconf 81' lang='lat' dir='ltr'><strong>Stringebant,</strong></span> <span class='ocrx_word' id='word_1_215' title='bbox 2640 1493 2925 1561; x_wconf 70' lang='lat' dir='ltr'><strong>perspicua</strong></span> <span class='ocrx_word' id='word_1_216' title='bbox 2975 1491 3319 1559; x_wconf 90' lang='lat' dir='ltr'><strong>confutatio;</strong></span> <span class='ocrx_word' id='word_1_217' title='bbox 3365 1494 3821 1564; x_wconf 76' lang='lat' dir='ltr'><strong>supplicationum</strong></span> 
     </span>
    </p>
   </div>
   <div class='ocr_carea' id='block_1_31' title="bbox 2228 1583 3823 1654">
    <p class='ocr_par' dir='ltr' id='par_1_31' title="bbox 2228 1583 3823 1654">
     <span class='ocr_line' id='line_1_31' title="bbox 2228 1583 3823 1654; baseline 0.004 -18"><span class='ocrx_word' id='word_1_218' title='bbox 2228 1583 2423 1651; x_wconf 87' lang='lat' dir='ltr'><strong>quibus</strong></span> <span class='ocrx_word' id='word_1_219' title='bbox 2455 1584 2653 1653; x_wconf 71' lang='lat' dir='ltr'><strong>pluvia:</strong></span> <span class='ocrx_word' id='word_1_220' title='bbox 2677 1598 2997 1640; x_wconf 68' lang='lat' dir='ltr'><strong>arterentttr</strong></span> <span class='ocrx_word' id='word_1_221' title='bbox 3036 1601 3141 1641; x_wconf 91' lang='lat' dir='ltr'><strong>non</strong></span> <span class='ocrx_word' id='word_1_222' title='bbox 3177 1586 3655 1654; x_wconf 68' lang='lat' dir='ltr'><strong>prwtermittenda</strong></span> <span class='ocrx_word' id='word_1_223' title='bbox 3685 1602 3823 1643; x_wconf 81' lang='lat' dir='ltr'><strong>com-</strong></span> 
     </span>
    </p>
   </div>
   <div class='ocr_carea' id='block_1_32' title="bbox 2230 1677 3820 1750">
    <p class='ocr_par' dir='ltr' id='par_1_32' title="bbox 2230 1677 3820 1750">
     <span class='ocr_line' id='line_1_32' title="bbox 2230 1677 3820 1750; baseline 0.005 -23"><span class='ocrx_word' id='word_1_224' title='bbox 2230 1678 2574 1743; x_wconf 85' lang='lat' dir='ltr'><strong>memoratio,</strong></span> <span class='ocrx_word' id='word_1_225' title='bbox 2605 1679 2821 1749; x_wconf 86' lang='lat' dir='ltr'><strong>aliaque</strong></span> <span class='ocrx_word' id='word_1_226' title='bbox 2852 1677 3232 1748; x_wconf 86' lang='lat' dir='ltr'><strong>hujuscemodi</strong></span> <span class='ocrx_word' id='word_1_227' title='bbox 3258 1681 3543 1749; x_wconf 86' lang='lat' dir='ltr'><strong>complura</strong></span> <span class='ocrx_word' id='word_1_228' title='bbox 3575 1726 3589 1749; x_wconf 91' lang='lat'><strong>,</strong></span> <span class='ocrx_word' id='word_1_229' title='bbox 3616 1682 3820 1750; x_wconf 86' lang='lat' dir='ltr'><strong>conjec-</strong></span> 
     </span>
    </p>
   </div>
   <div class='ocr_carea' id='block_1_33' title="bbox 523 1770 3819 1843">
    <p class='ocr_par' dir='ltr' id='par_1_33' title="bbox 523 1770 3819 1843">
     <span class='ocr_line' id='line_1_33' title="bbox 523 1770 3819 1843; baseline 0 -15"><span class='ocrx_word' id='word_1_230' title='bbox 523 1771 782 1828; x_wconf 87' lang='lat' dir='ltr'><strong>Patribus</strong></span> <span class='ocrx_word' id='word_1_231' title='bbox 820 1772 944 1828; x_wconf 90' lang='lat' dir='ltr'><strong>ﬁdei</strong></span> <span class='ocrx_word' id='word_1_232' title='bbox 972 1771 1226 1843; x_wconf 88' lang='lat' dir='ltr'><strong>dogmata</strong></span> <span class='ocrx_word' id='word_1_233' title='bbox 1257 1814 1271 1838; x_wconf 90' lang='lat'><strong>,</strong></span> <span class='ocrx_word' id='word_1_234' title='bbox 1303 1788 1368 1826; x_wconf 83' lang='lat' dir='ltr'><strong>ex</strong></span> <span class='ocrx_word' id='word_1_235' title='bbox 1400 1772 1573 1825; x_wconf 88' lang='lat' dir='ltr'><strong>sancti</strong></span> <span class='ocrx_word' id='word_1_236' title='bbox 1614 1770 1898 1825; x_wconf 87' lang='lat' dir='ltr'><strong>Benedicti</strong></span> <span class='ocrx_word' id='word_1_237' title='bbox 1934 1770 2119 1840; x_wconf 87' lang='lat' dir='ltr'><strong>regula</strong></span> <span class='ocrx_word' id='word_1_238' title='bbox 2154 1776 2204 1838; x_wconf 82' lang='grc' dir='ltr'><strong><em>Β</em></strong></span> <span class='ocrx_word' id='word_1_239' title='bbox 2234 1780 2381 1824; x_wconf 90' lang='lat' dir='ltr'><strong>turas</strong></span> <span class='ocrx_word' id='word_1_240' title='bbox 2414 1782 2633 1827; x_wconf 84' lang='lat' dir='ltr'><strong>nOStras</strong></span> <span class='ocrx_word' id='word_1_241' title='bbox 2672 1773 2807 1826; x_wconf 84' lang='lat' dir='ltr'><strong>satis</strong></span> <span class='ocrx_word' id='word_1_242' title='bbox 2845 1787 3122 1843; x_wconf 88' lang='lat' dir='ltr'><strong>superque</strong></span> <span class='ocrx_word' id='word_1_243' title='bbox 3171 1772 3502 1829; x_wconf 87' lang='lat' dir='ltr'><strong>conﬁrmare</strong></span> <span class='ocrx_word' id='word_1_244' title='bbox 3549 1773 3819 1829; x_wconf 90' lang='lat' dir='ltr'><strong>videntur.</strong></span> 
     </span>
    </p>
   </div>
   <div class='ocr_carea' id='block_1_34' title="bbox 524 1863 2121 1934">
    <p class='ocr_par' dir='ltr' id='par_1_34' title="bbox 524 1863 2121 1934">
     <span class='ocr_line' id='line_1_34' title="bbox 524 1863 2121 1934; baseline -0.003 -11"><span class='ocrx_word' id='word_1_245' title='bbox 524 1866 894 1923; x_wconf 89' lang='lat' dir='ltr'><strong>monasticum</strong></span> <span class='ocrx_word' id='word_1_246' title='bbox 927 1864 1323 1921; x_wconf 89' lang='lat' dir='ltr'><strong>institutionem</strong></span> <span class='ocrx_word' id='word_1_247' title='bbox 1369 1863 1564 1920; x_wconf 86' lang='lat' dir='ltr'><strong>fuisset</strong></span> <span class='ocrx_word' id='word_1_248' title='bbox 1595 1873 1873 1919; x_wconf 89' lang='lat' dir='ltr'><strong>mutuatus</strong></span> <span class='ocrx_word' id='word_1_249' title='bbox 1915 1883 1926 1917; x_wconf 91' lang='lat'><strong>:</strong></span> <span class='ocrx_word' id='word_1_250' title='bbox 1977 1863 2121 1934; x_wconf 89' lang='lat' dir='ltr'><strong>quod</strong></span> 
     </span>
    </p>
   </div>
   <div class='ocr_carea' id='block_1_35' title="bbox 526 1957 2125 2029">
    <p class='ocr_par' dir='ltr' id='par_1_35' title="bbox 526 1957 2125 2029">
     <span class='ocr_line' id='line_1_35' title="bbox 526 1957 2125 2029; baseline -0.004 -10"><span class='ocrx_word' id='word_1_251' title='bbox 526 1971 712 2020; x_wconf 83' lang='lat' dir='ltr'><strong>tamen</strong></span> <span class='ocrx_word' id='word_1_252' title='bbox 743 1978 867 2018; x_wconf 91' lang='lat' dir='ltr'><strong>eum</strong></span> <span class='ocrx_word' id='word_1_253' title='bbox 897 1976 1004 2017; x_wconf 88' lang='lat' dir='ltr'><strong>non</strong></span> <span class='ocrx_word' id='word_1_254' title='bbox 1032 1959 1353 2029; x_wconf 61' lang='lat' dir='ltr'><strong>praestitisse</strong></span> <span class='ocrx_word' id='word_1_255' title='bbox 1378 2002 1393 2026; x_wconf 94' lang='lat'><strong>,</strong></span> <span class='ocrx_word' id='word_1_256' title='bbox 1423 1961 1560 2014; x_wconf 79' lang='lat' dir='ltr'><strong>facta</strong></span> <span class='ocrx_word' id='word_1_257' title='bbox 1592 1958 1884 2014; x_wconf 80' lang='lat' dir='ltr'><strong>collatione</strong></span> <span class='ocrx_word' id='word_1_258' title='bbox 1922 1957 2125 2029; x_wconf 88' lang='lat' dir='ltr'><strong>liquido</strong></span> 
     </span>
    </p>
   </div>
   <div class='ocr_carea' id='block_1_36' title="bbox 522 2052 2126 2129">
    <p class='ocr_par' dir='ltr' id='par_1_36' title="bbox 522 2052 2126 2129">
     <span class='ocr_line' id='line_1_36' title="bbox 522 2052 2126 2129; baseline -0.004 -16"><span class='ocrx_word' id='word_1_259' title='bbox 522 2056 921 2129; x_wconf 89' lang='lat' dir='ltr'><strong>comperimus.</strong></span> <span class='ocrx_word' id='word_1_260' title='bbox 953 2054 1059 2111; x_wconf 88' lang='lat' dir='ltr'><strong>Sed</strong></span> <span class='ocrx_word' id='word_1_261' title='bbox 1092 2070 1267 2126; x_wconf 88' lang='lat' dir='ltr'><strong>neque</strong></span> <span class='ocrx_word' id='word_1_262' title='bbox 1294 2070 1418 2109; x_wconf 92' lang='lat' dir='ltr'><strong>eum</strong></span> <span class='ocrx_word' id='word_1_263' title='bbox 1452 2062 1578 2109; x_wconf 89' lang='lat' dir='ltr'><strong>ante</strong></span> <span class='ocrx_word' id='word_1_264' title='bbox 1608 2053 1798 2109; x_wconf 66' lang='lat' dir='ltr'><strong>smculi</strong></span> <span class='ocrx_word' id='word_1_265' title='bbox 1819 2052 1997 2124; x_wconf 90' lang='lat' dir='ltr'><strong>quinti</strong></span> <span class='ocrx_word' id='word_1_266' title='bbox 2021 2053 2126 2108; x_wconf 90' lang='lat' dir='ltr'><strong>ini-</strong></span> 
     </span>
    </p>
   </div>
   <div class='ocr_carea' id='block_1_37' title="bbox 521 2148 2124 2219">
    <p class='ocr_par' dir='ltr' id='par_1_37' title="bbox 521 2148 2124 2219">
     <span class='ocr_line' id='line_1_37' title="bbox 521 2148 2124 2219; baseline -0.003 -11"><span class='ocrx_word' id='word_1_267' title='bbox 521 2152 657 2208; x_wconf 90' lang='lat' dir='ltr'><strong>tium</strong></span> <span class='ocrx_word' id='word_1_268' title='bbox 708 2151 832 2206; x_wconf 89' lang='lat' dir='ltr'><strong>huic</strong></span> <span class='ocrx_word' id='word_1_269' title='bbox 879 2150 1034 2219; x_wconf 90' lang='lat' dir='ltr'><strong>operi</strong></span> <span class='ocrx_word' id='word_1_270' title='bbox 1084 2165 1306 2204; x_wconf 91' lang='lat' dir='ltr'><strong>manum</strong></span> <span class='ocrx_word' id='word_1_271' title='bbox 1348 2149 1662 2204; x_wconf 83' lang='lat' dir='ltr'><strong>admovisse</strong></span> <span class='ocrx_word' id='word_1_272' title='bbox 1688 2189 1702 2214; x_wconf 91' lang='lat'><strong>,</strong></span> <span class='ocrx_word' id='word_1_273' title='bbox 1742 2163 1849 2203; x_wconf 92' lang='lat' dir='ltr'><strong>non</strong></span> <span class='ocrx_word' id='word_1_274' title='bbox 1891 2148 2124 2204; x_wconf 90' lang='lat' dir='ltr'><strong>obscura</strong></span> 
     </span>
    </p>
   </div>
   <div class='ocr_carea' id='block_1_38' title="bbox 518 2240 2127 2314">
    <p class='ocr_par' dir='ltr' id='par_1_38' title="bbox 518 2240 2127 2314">
     <span class='ocr_line' id='line_1_38' title="bbox 518 2240 2127 2314; baseline -0.004 -13"><span class='ocrx_word' id='word_1_275' title='bbox 518 2243 751 2301; x_wconf 86' lang='lat' dir='ltr'><strong>suadent</strong></span> <span class='ocrx_word' id='word_1_276' title='bbox 792 2251 1133 2314; x_wconf 81' lang='lat' dir='ltr'><strong>argumenta.</strong></span> <span class='ocrx_word' id='word_1_277' title='bbox 1182 2241 1323 2297; x_wconf 79' lang='lat' dir='ltr'><strong>Ante</strong></span> <span class='ocrx_word' id='word_1_278' title='bbox 1366 2241 1499 2295; x_wconf 90' lang='lat' dir='ltr'><strong>illud</strong></span> <span class='ocrx_word' id='word_1_279' title='bbox 1526 2242 1626 2297; x_wconf 64' lang='lat' dir='ltr'><strong>aevi</strong></span> <span class='ocrx_word' id='word_1_280' title='bbox 1662 2258 1771 2296; x_wconf 90' lang='lat' dir='ltr'><strong>non</strong></span> <span class='ocrx_word' id='word_1_281' title='bbox 1802 2240 2127 2310; x_wconf 88' lang='lat' dir='ltr'><strong>prostabant</strong></span> 
     </span>
    </p>
   </div>
   <div class='ocr_carea' id='block_1_39' title="bbox 516 2332 2124 2404">
    <p class='ocr_par' dir='ltr' id='par_1_39' title="bbox 516 2332 2124 2404">
     <span class='ocr_line' id='line_1_39' title="bbox 516 2332 2124 2404; baseline -0.004 -12"><span class='ocrx_word' id='word_1_282' title='bbox 516 2335 573 2392; x_wconf 91' lang='lat' dir='ltr'><strong>in</strong></span> <span class='ocrx_word' id='word_1_283' title='bbox 606 2336 826 2404; x_wconf 86' lang='lat' dir='ltr'><strong>EurOpa</strong></span> <span class='ocrx_word' id='word_1_284' title='bbox 869 2335 957 2391; x_wconf 92' lang='lat' dir='ltr'><strong>ubi</strong></span> <span class='ocrx_word' id='word_1_285' title='bbox 1009 2334 1101 2390; x_wconf 90' lang='lat' dir='ltr'><strong>ille</strong></span> <span class='ocrx_word' id='word_1_286' title='bbox 1142 2344 1257 2389; x_wconf 90' lang='lat' dir='ltr'><strong>tum</strong></span> <span class='ocrx_word' id='word_1_287' title='bbox 1300 2332 1571 2403; x_wconf 90' lang='lat' dir='ltr'><strong>temporis</strong></span> <span class='ocrx_word' id='word_1_288' title='bbox 1608 2334 1955 2401; x_wconf 87' lang='lat' dir='ltr'><strong>versabatur,</strong></span> <span class='ocrx_word' id='word_1_289' title='bbox 2001 2333 2124 2389; x_wconf 83' lang='lat' dir='ltr'><strong>illii-</strong></span> 
     </span>
    </p>
   </div>
   <div class='ocr_carea' id='block_1_40' title="bbox 516 2426 2121 2499">
    <p class='ocr_par' dir='ltr' id='par_1_40' title="bbox 516 2426 2121 2499">
     <span class='ocr_line' id='line_1_40' title="bbox 516 2426 2121 2499; baseline -0.004 -12"><span class='ocrx_word' id='word_1_290' title='bbox 516 2432 647 2487; x_wconf 90' lang='lat' dir='ltr'><strong>stria</strong></span> <span class='ocrx_word' id='word_1_291' title='bbox 692 2444 1099 2499; x_wconf 89' lang='lat' dir='ltr'><strong>numerosaque</strong></span> <span class='ocrx_word' id='word_1_292' title='bbox 1143 2428 1365 2484; x_wconf 87' lang='lat' dir='ltr'><strong>Patrum</strong></span> <span class='ocrx_word' id='word_1_293' title='bbox 1397 2427 1676 2483; x_wconf 86' lang='lat' dir='ltr'><strong>volumina</strong></span> <span class='ocrx_word' id='word_1_294' title='bbox 1706 2426 1773 2481; x_wconf 92' lang='lat' dir='ltr'><strong>ad</strong></span> <span class='ocrx_word' id='word_1_295' title='bbox 1799 2444 1920 2497; x_wconf 88' lang='lat' dir='ltr'><strong>quae</strong></span> <span class='ocrx_word' id='word_1_296' title='bbox 1966 2441 2121 2480; x_wconf 89' lang='lat' dir='ltr'><strong>suum</strong></span> 
     </span>
    </p>
   </div>
   <div class='ocr_carea' id='block_1_41' title="bbox 516 2519 2124 2596">
    <p class='ocr_par' dir='ltr' id='par_1_41' title="bbox 516 2519 2124 2596">
     <span class='ocr_line' id='line_1_41' title="bbox 516 2519 2124 2596; baseline -0.005 -14"><span class='ocrx_word' id='word_1_297' title='bbox 516 2524 867 2596; x_wconf 86' lang='lat' dir='ltr'><strong>Apollonium</strong></span> <span class='ocrx_word' id='word_1_298' title='bbox 903 2522 1207 2579; x_wconf 82' lang='lat' dir='ltr'><strong>missitaret</strong></span> <span class='ocrx_word' id='word_1_299' title='bbox 1237 2521 1385 2576; x_wconf 90' lang='lat' dir='ltr'><strong>velut</strong></span> <span class='ocrx_word' id='word_1_300' title='bbox 1414 2520 1481 2575; x_wconf 90' lang='lat' dir='ltr'><strong>ad</strong></span> <span class='ocrx_word' id='word_1_301' title='bbox 1510 2522 1689 2575; x_wconf 85' lang='lat' dir='ltr'><strong>fontes</strong></span> <span class='ocrx_word' id='word_1_302' title='bbox 1710 2562 1723 2586; x_wconf 90' lang='lat'><strong>,</strong></span> <span class='ocrx_word' id='word_1_303' title='bbox 1757 2536 1788 2575; x_wconf 92' lang='lat' dir='ltr'><strong>e</strong></span> <span class='ocrx_word' id='word_1_304' title='bbox 1814 2519 2009 2591; x_wconf 86' lang='lat' dir='ltr'><strong>quibus</strong></span> <span class='ocrx_word' id='word_1_305' title='bbox 2041 2526 2124 2574; x_wconf 86' lang='lat' dir='ltr'><strong>to-</strong></span> 
     </span>
    </p>
   </div>
   <div class='ocr_carea' id='block_1_42' title="bbox 514 2612 2121 2683">
    <p class='ocr_par' dir='ltr' id='par_1_42' title="bbox 514 2612 2121 2683">
     <span class='ocr_line' id='line_1_42' title="bbox 514 2612 2121 2683; baseline -0.003 -12"><span class='ocrx_word' id='word_1_306' title='bbox 514 2623 627 2672; x_wconf 89' lang='lat' dir='ltr'><strong>tam</strong></span> <span class='ocrx_word' id='word_1_307' title='bbox 664 2617 806 2672; x_wconf 87' lang='lat' dir='ltr'><strong>hanc</strong></span> <span class='ocrx_word' id='word_1_308' title='bbox 841 2614 1174 2672; x_wconf 87' lang='lat' dir='ltr'><strong>eatechesim</strong></span> <span class='ocrx_word' id='word_1_309' title='bbox 1231 2614 1547 2668; x_wconf 85' lang='lat' dir='ltr'><strong>hausisset:</strong></span> <span class='ocrx_word' id='word_1_310' title='bbox 1597 2628 1777 2683; x_wconf 87' lang='lat' dir='ltr'><strong>neque</strong></span> <span class='ocrx_word' id='word_1_311' title='bbox 1824 2620 1950 2666; x_wconf 91' lang='lat' dir='ltr'><strong>ante</strong></span> <span class='ocrx_word' id='word_1_312' title='bbox 1992 2612 2121 2666; x_wconf 89' lang='lat' dir='ltr'><strong>illud</strong></span> 
     </span>
    </p>
   </div>
   <div class='ocr_carea' id='block_1_43' title="bbox 518 2703 2125 2781">
    <p class='ocr_par' dir='ltr' id='par_1_43' title="bbox 518 2703 2125 2781">
     <span class='ocr_line' id='line_1_43' title="bbox 518 2703 2125 2781; baseline -0.005 -15"><span class='ocrx_word' id='word_1_313' title='bbox 518 2719 735 2781; x_wconf 89' lang='lat' dir='ltr'><strong>tempus</strong></span> <span class='ocrx_word' id='word_1_314' title='bbox 756 2726 818 2765; x_wconf 88' lang='lat' dir='ltr'><strong>ea</strong></span> <span class='ocrx_word' id='word_1_315' title='bbox 837 2710 905 2765; x_wconf 92' lang='lat' dir='ltr'><strong>de</strong></span> <span class='ocrx_word' id='word_1_316' title='bbox 927 2709 1134 2779; x_wconf 87' lang='lat' dir='ltr'><strong>quibus</strong></span> <span class='ocrx_word' id='word_1_317' title='bbox 1162 2708 1272 2777; x_wconf 87' lang='lat' dir='ltr'><strong>agit</strong></span> <span class='ocrx_word' id='word_1_318' title='bbox 1302 2707 1443 2761; x_wconf 90' lang='lat' dir='ltr'><strong>libro</strong></span> <span class='ocrx_word' id='word_1_319' title='bbox 1484 2704 1726 2761; x_wconf 90' lang='lat' dir='ltr'><strong>secundo</strong></span> <span class='ocrx_word' id='word_1_320' title='bbox 1755 2715 1945 2760; x_wconf 89' lang='lat' dir='ltr'><strong>contra</strong></span> <span class='ocrx_word' id='word_1_321' title='bbox 1965 2703 2125 2760; x_wconf 86' lang='lat' dir='ltr'><strong>Aria-</strong></span> 
     </span>
    </p>
   </div>
   <div class='ocr_carea' id='block_1_44' title="bbox 517 2799 2117 2872">
    <p class='ocr_par' dir='ltr' id='par_1_44' title="bbox 517 2799 2117 2872">
     <span class='ocr_line' id='line_1_44' title="bbox 517 2799 2117 2872; baseline -0.004 -13"><span class='ocrx_word' id='word_1_322' title='bbox 517 2819 622 2860; x_wconf 86' lang='lat' dir='ltr'><strong>nos</strong></span> <span class='ocrx_word' id='word_1_323' title='bbox 648 2844 662 2868; x_wconf 92' lang='lat'><strong>,</strong></span> <span class='ocrx_word' id='word_1_324' title='bbox 701 2803 1060 2859; x_wconf 83' lang='lat' dir='ltr'><strong>Pliotinianos</strong></span> <span class='ocrx_word' id='word_1_325' title='bbox 1099 2801 1351 2872; x_wconf 83' lang='lat' dir='ltr'><strong>aliosque</strong></span> <span class='ocrx_word' id='word_1_326' title='bbox 1388 2800 1698 2870; x_wconf 88' lang='lat' dir='ltr'><strong>bujusmodi</strong></span> <span class='ocrx_word' id='word_1_327' title='bbox 1734 2799 2117 2866; x_wconf 89' lang='lat' dir='ltr'><strong>tenebriones,</strong></span> 
     </span>
    </p>
   </div>
   <div class='ocr_carea' id='block_1_45' title="bbox 515 2894 2123 2967">
    <p class='ocr_par' dir='ltr' id='par_1_45' title="bbox 515 2894 2123 2967">
     <span class='ocr_line' id='line_1_45' title="bbox 515 2894 2123 2967; baseline -0.003 -13"><span class='ocrx_word' id='word_1_328' title='bbox 515 2905 675 2955; x_wconf 89' lang='lat' dir='ltr'><strong>erant</strong></span> <span class='ocrx_word' id='word_1_329' title='bbox 715 2898 785 2953; x_wconf 91' lang='lat' dir='ltr'><strong>ita</strong></span> <span class='ocrx_word' id='word_1_330' title='bbox 838 2897 1043 2952; x_wconf 83' lang='lat' dir='ltr'><strong>diserte</strong></span> <span class='ocrx_word' id='word_1_331' title='bbox 1082 2911 1112 2951; x_wconf 86' lang='lat' dir='ltr'><strong>a</strong></span> <span class='ocrx_word' id='word_1_332' title='bbox 1162 2895 1416 2967; x_wconf 86' lang='lat' dir='ltr'><strong>patribus</strong></span> <span class='ocrx_word' id='word_1_333' title='bbox 1462 2895 1670 2951; x_wconf 89' lang='lat' dir='ltr'><strong>Latinis</strong></span> <span class='ocrx_word' id='word_1_334' title='bbox 1711 2894 1985 2966; x_wconf 84' lang='lat' dir='ltr'><strong>explicata</strong></span> <span class='ocrx_word' id='word_1_335' title='bbox 2014 2938 2028 2963; x_wconf 92' lang='lat'><strong>,</strong></span> <span class='ocrx_word' id='word_1_336' title='bbox 2064 2904 2123 2950; x_wconf 92' lang='lat' dir='ltr'><strong>ut</strong></span> 
     </span>
    </p>
   </div>
   <div class='ocr_carea' id='block_1_46' title="bbox 508 2988 2117 3063">
    <p class='ocr_par' dir='ltr' id='par_1_46' title="bbox 508 2988 2117 3063">
     <span class='ocr_line' id='line_1_46' title="bbox 508 2988 2117 3063; baseline -0.002 -14"><span class='ocrx_word' id='word_1_337' title='bbox 508 2991 631 3049; x_wconf 89' lang='lat' dir='ltr'><strong>sine</strong></span> <span class='ocrx_word' id='word_1_338' title='bbox 651 2992 814 3047; x_wconf 64' lang='lat' dir='ltr'><strong>taedio</strong></span> <span class='ocrx_word' id='word_1_339' title='bbox 829 2990 1081 3048; x_wconf 87' lang='lat' dir='ltr'><strong>refricari</strong></span> <span class='ocrx_word' id='word_1_340' title='bbox 1103 3005 1208 3046; x_wconf 89' lang='lat' dir='ltr'><strong>non</strong></span> <span class='ocrx_word' id='word_1_341' title='bbox 1234 3001 1461 3061; x_wconf 88' lang='lat' dir='ltr'><strong>possent</strong></span> <span class='ocrx_word' id='word_1_342' title='bbox 1486 3008 1498 3045; x_wconf 90' lang='lat'><strong>:</strong></span> <span class='ocrx_word' id='word_1_343' title='bbox 1526 2990 1671 3062; x_wconf 91' lang='lat' dir='ltr'><strong>quod</strong></span> <span class='ocrx_word' id='word_1_344' title='bbox 1696 2990 1817 3059; x_wconf 89' lang='lat' dir='ltr'><strong>ipse</strong></span> <span class='ocrx_word' id='word_1_345' title='bbox 1842 2989 2003 3045; x_wconf 86' lang='lat' dir='ltr'><strong>habet</strong></span> <span class='ocrx_word' id='word_1_346' title='bbox 2019 2988 2117 3063; x_wconf 86' lang='lat' dir='ltr'><strong>(b).</strong></span> 
     </span>
    </p>
   </div>
   <div class='ocr_carea' id='block_1_47' title="bbox 514 3082 2121 3154">
    <p class='ocr_par' dir='ltr' id='par_1_47' title="bbox 514 3082 2121 3154">
     <span class='ocr_line' id='line_1_47' title="bbox 514 3082 2121 3154; baseline 0.001 -16"><span class='ocrx_word' id='word_1_347' title='bbox 514 3083 649 3153; x_wconf 74' lang='lat' dir='ltr'><strong>Qua:</strong></span> <span class='ocrx_word' id='word_1_348' title='bbox 678 3085 757 3141; x_wconf 91' lang='lat' dir='ltr'><strong>sic</strong></span> <span class='ocrx_word' id='word_1_349' title='bbox 779 3086 1082 3141; x_wconf 90' lang='lat' dir='ltr'><strong>constituta</strong></span> <span class='ocrx_word' id='word_1_350' title='bbox 1110 3082 1379 3139; x_wconf 88' lang='lat' dir='ltr'><strong>inducunt</strong></span> <span class='ocrx_word' id='word_1_351' title='bbox 1404 3086 1668 3151; x_wconf 89' lang='lat' dir='ltr'><strong>animum,</strong></span> <span class='ocrx_word' id='word_1_352' title='bbox 1706 3094 1762 3139; x_wconf 90' lang='lat' dir='ltr'><strong>ut</strong></span> <span class='ocrx_word' id='word_1_353' title='bbox 1800 3083 1993 3154; x_wconf 88' lang='lat' dir='ltr'><strong>quinto</strong></span> <span class='ocrx_word' id='word_1_354' title='bbox 2016 3098 2121 3139; x_wconf 72' lang='lat' dir='ltr'><strong>sre-</strong></span> 
     </span>
    </p>
   </div>
   <div class='ocr_carea' id='block_1_48' title="bbox 514 3178 1550 3249">
    <p class='ocr_par' dir='ltr' id='par_1_48' title="bbox 514 3178 1550 3249">
     <span class='ocr_line' id='line_1_48' title="bbox 514 3178 1550 3249; baseline -0.003 -15"><span class='ocrx_word' id='word_1_355' title='bbox 514 3178 637 3234; x_wconf 90' lang='lat' dir='ltr'><strong>culo</strong></span> <span class='ocrx_word' id='word_1_356' title='bbox 681 3178 887 3249; x_wconf 85' lang='lat' dir='ltr'><strong>Dialogi</strong></span> <span class='ocrx_word' id='word_1_357' title='bbox 921 3178 1158 3234; x_wconf 86' lang='lat' dir='ltr'><strong>natalem</strong></span> <span class='ocrx_word' id='word_1_358' title='bbox 1189 3178 1550 3233; x_wconf 90' lang='lat' dir='ltr'><strong>ascribamus.</strong></span> 
     </span>
    </p>
   </div>
   <div class='ocr_carea' id='block_1_49' title="bbox 585 3269 2119 3342">
    <p class='ocr_par' dir='ltr' id='par_1_49' title="bbox 585 3269 2119 3342">
     <span class='ocr_line' id='line_1_49' title="bbox 585 3269 2119 3342; baseline 0 -16"><span class='ocrx_word' id='word_1_359' title='bbox 585 3271 641 3326; x_wconf 81' lang='lat'><strong>5.</strong></span> <span class='ocrx_word' id='word_1_360' title='bbox 681 3269 740 3327; x_wconf 87' lang='lat' dir='ltr'><strong>Id</strong></span> <span class='ocrx_word' id='word_1_361' title='bbox 771 3272 964 3327; x_wconf 63' lang='lat' dir='ltr'><strong>suadet</strong></span> <span class='ocrx_word' id='word_1_362' title='bbox 992 3271 1157 3326; x_wconf 90' lang='lat' dir='ltr'><strong>etiam</strong></span> <span class='ocrx_word' id='word_1_363' title='bbox 1185 3271 1329 3342; x_wconf 89' lang='lat' dir='ltr'><strong>quod</strong></span> <span class='ocrx_word' id='word_1_364' title='bbox 1358 3271 1653 3327; x_wconf 72' lang='lat' dir='ltr'><strong>Zacchtnus</strong></span> <span class='ocrx_word' id='word_1_365' title='bbox 1684 3270 1799 3339; x_wconf 90' lang='lat' dir='ltr'><strong>ipse</strong></span> <span class='ocrx_word' id='word_1_366' title='bbox 1828 3269 2119 3326; x_wconf 71' lang='lat' dir='ltr'><strong>haereticos</strong></span> 
     </span>
    </p>
   </div>
   <div class='ocr_carea' id='block_1_50' title="bbox 515 3363 2119 3431">
    <p class='ocr_par' dir='ltr' id='par_1_50' title="bbox 515 3363 2119 3431">
     <span class='ocr_line' id='line_1_50' title="bbox 515 3363 2119 3431; baseline -0.001 -11"><span class='ocrx_word' id='word_1_367' title='bbox 515 3363 692 3420; x_wconf 86' lang='lat' dir='ltr'><strong>Solum</strong></span> <span class='ocrx_word' id='word_1_368' title='bbox 715 3363 1048 3420; x_wconf 61' lang='lat' dir='ltr'><strong>Manichmos</strong></span> <span class='ocrx_word' id='word_1_369' title='bbox 1068 3407 1083 3431; x_wconf 92' lang='lat'><strong>,</strong></span> <span class='ocrx_word' id='word_1_370' title='bbox 1116 3364 1489 3431; x_wconf 77' lang='lat' dir='ltr'><strong>Marcionitas,</strong></span> <span class='ocrx_word' id='word_1_371' title='bbox 1520 3365 1902 3431; x_wconf 88' lang='lat' dir='ltr'><strong>Photinianos,</strong></span> <span class='ocrx_word' id='word_1_372' title='bbox 1927 3364 2119 3420; x_wconf 86' lang='lat' dir='ltr'><strong>Sabel-</strong></span> 
     </span>
    </p>
   </div>
   <div class='ocr_carea' id='block_1_51' title="bbox 509 3457 2119 3531">
    <p class='ocr_par' dir='ltr' id='par_1_51' title="bbox 509 3457 2119 3531">
     <span class='ocr_line' id='line_1_51' title="bbox 509 3457 2119 3531; baseline 0 -17"><span class='ocrx_word' id='word_1_373' title='bbox 509 3457 709 3523; x_wconf 90' lang='lat' dir='ltr'><strong>lianos,</strong></span> <span class='ocrx_word' id='word_1_374' title='bbox 744 3459 1183 3530; x_wconf 85' lang='lat' dir='ltr'><strong>Patripassiauos</strong></span> <span class='ocrx_word' id='word_1_375' title='bbox 1213 3502 1229 3526; x_wconf 84' lang='lat'><strong>,</strong></span> <span class='ocrx_word' id='word_1_376' title='bbox 1263 3462 1501 3516; x_wconf 86' lang='lat' dir='ltr'><strong>Arianos</strong></span> <span class='ocrx_word' id='word_1_377' title='bbox 1530 3475 1594 3515; x_wconf 90' lang='lat' dir='ltr'><strong>ac</strong></span> <span class='ocrx_word' id='word_1_378' title='bbox 1623 3458 1959 3515; x_wconf 84' lang='lat' dir='ltr'><strong>Novatianos</strong></span> <span class='ocrx_word' id='word_1_379' title='bbox 1989 3502 2003 3526; x_wconf 94' lang='lat'><strong>,</strong></span> <span class='ocrx_word' id='word_1_380' title='bbox 2028 3458 2119 3531; x_wconf 89' lang='lat' dir='ltr'><strong>qui</strong></span> 
     </span>
    </p>
   </div>
   <div class='ocr_carea' id='block_1_52' title="bbox 514 3554 2115 3625">
    <p class='ocr_par' dir='ltr' id='par_1_52' title="bbox 514 3554 2115 3625">
     <span class='ocr_line' id='line_1_52' title="bbox 514 3554 2115 3625; baseline 0.001 -16"><span class='ocrx_word' id='word_1_381' title='bbox 514 3569 612 3609; x_wconf 86' lang='lat' dir='ltr'><strong>sua</strong></span> <span class='ocrx_word' id='word_1_382' title='bbox 674 3563 1004 3625; x_wconf 87' lang='lat' dir='ltr'><strong>tempestate</strong></span> <span class='ocrx_word' id='word_1_383' title='bbox 1056 3555 1293 3625; x_wconf 88' lang='lat' dir='ltr'><strong>amplius</strong></span> <span class='ocrx_word' id='word_1_384' title='bbox 1351 3554 1662 3611; x_wconf 89' lang='lat' dir='ltr'><strong>fremebant</strong></span> <span class='ocrx_word' id='word_1_385' title='bbox 1716 3556 2115 3625; x_wconf 86' lang='lat' dir='ltr'><strong>vigebantque,</strong></span> 
     </span>
    </p>
   </div>
   <div class='ocr_carea' id='block_1_53' title="bbox 518 3648 2121 3719">
    <p class='ocr_par' dir='ltr' id='par_1_53' title="bbox 518 3648 2121 3719">
     <span class='ocr_line' id='line_1_53' title="bbox 518 3648 2121 3719; baseline -0.001 -16"><span class='ocrx_word' id='word_1_386' title='bbox 518 3648 877 3719; x_wconf 82' lang='lat' dir='ltr'><strong>perstringat.</strong></span> <span class='ocrx_word' id='word_1_387' title='bbox 911 3650 981 3705; x_wconf 83' lang='lat' dir='ltr'><strong>At</strong></span> <span class='ocrx_word' id='word_1_388' title='bbox 1020 3648 1090 3705; x_wconf 91' lang='lat' dir='ltr'><strong>de</strong></span> <span class='ocrx_word' id='word_1_389' title='bbox 1136 3648 1340 3719; x_wconf 68' lang='lat' dir='ltr'><strong>Pelagii</strong></span> <span class='ocrx_word' id='word_1_390' title='bbox 1387 3648 1615 3719; x_wconf 85' lang='lat' dir='ltr'><strong>ejusque</strong></span> <span class='ocrx_word' id='word_1_391' title='bbox 1645 3657 1979 3703; x_wconf 90' lang='lat' dir='ltr'><strong>sectatorum</strong></span> <span class='ocrx_word' id='word_1_392' title='bbox 2010 3649 2121 3702; x_wconf 64' lang='lat' dir='ltr'><strong>ha?-</strong></span> 
     </span>
    </p>
   </div>
   <div class='ocr_carea' id='block_1_54' title="bbox 518 3741 2119 3813">
    <p class='ocr_par' dir='ltr' id='par_1_54' title="bbox 518 3741 2119 3813">
     <span class='ocr_line' id='line_1_54' title="bbox 518 3741 2119 3813; baseline 0.001 -16"><span class='ocrx_word' id='word_1_393' title='bbox 518 3741 652 3808; x_wconf 91' lang='lat' dir='ltr'><strong>resi,</strong></span> <span class='ocrx_word' id='word_1_394' title='bbox 686 3757 807 3812; x_wconf 65' lang='lat' dir='ltr'><strong>quae</strong></span> <span class='ocrx_word' id='word_1_395' title='bbox 831 3742 1167 3813; x_wconf 87' lang='lat' dir='ltr'><strong>procedente</strong></span> <span class='ocrx_word' id='word_1_396' title='bbox 1192 3742 1401 3797; x_wconf 66' lang='lat' dir='ltr'><strong>saeculo</strong></span> <span class='ocrx_word' id='word_1_397' title='bbox 1434 3743 1625 3811; x_wconf 87' lang='lat' dir='ltr'><strong>quinto</strong></span> <span class='ocrx_word' id='word_1_398' title='bbox 1652 3743 1945 3796; x_wconf 82' lang='lat' dir='ltr'><strong>maximam</strong></span> <span class='ocrx_word' id='word_1_399' title='bbox 1969 3741 2119 3798; x_wconf 88' lang='lat' dir='ltr'><strong>orbis</strong></span> 
     </span>
    </p>
   </div>
   <div class='ocr_carea' id='block_1_55' title="bbox 514 3834 2118 3907">
    <p class='ocr_par' dir='ltr' id='par_1_55' title="bbox 514 3834 2118 3907">
     <span class='ocr_line' id='line_1_55' title="bbox 514 3834 2118 3907; baseline 0.001 -20"><span class='ocrx_word' id='word_1_400' title='bbox 514 3843 727 3905; x_wconf 88' lang='lat' dir='ltr'><strong>partem</strong></span> <span class='ocrx_word' id='word_1_401' title='bbox 758 3835 981 3900; x_wconf 90' lang='lat' dir='ltr'><strong>infecit,</strong></span> <span class='ocrx_word' id='word_1_402' title='bbox 1016 3850 1085 3891; x_wconf 92' lang='lat' dir='ltr'><strong>ne</strong></span> <span class='ocrx_word' id='word_1_403' title='bbox 1138 3836 1366 3891; x_wconf 82' lang='lat' dir='ltr'><strong>verbum</strong></span> <span class='ocrx_word' id='word_1_404' title='bbox 1399 3834 1663 3907; x_wconf 88' lang='lat' dir='ltr'><strong>quidem;</strong></span> <span class='ocrx_word' id='word_1_405' title='bbox 1705 3850 1828 3890; x_wconf 87' lang='lat' dir='ltr'><strong>cum</strong></span> <span class='ocrx_word' id='word_1_406' title='bbox 1871 3834 2118 3904; x_wconf 87' lang='lat' dir='ltr'><strong>pluribus</strong></span> 
     </span>
    </p>
   </div>
   <div class='ocr_carea' id='block_1_56' title="bbox 510 3927 2116 4000">
    <p class='ocr_par' dir='ltr' id='par_1_56' title="bbox 510 3927 2116 4000">
     <span class='ocr_line' id='line_1_56' title="bbox 510 3927 2116 4000; baseline -0.001 -16"><span class='ocrx_word' id='word_1_407' title='bbox 510 3928 570 3984; x_wconf 89' lang='lat' dir='ltr'><strong>in</strong></span> <span class='ocrx_word' id='word_1_408' title='bbox 601 3928 757 3997; x_wconf 91' lang='lat' dir='ltr'><strong>locis,</strong></span> <span class='ocrx_word' id='word_1_409' title='bbox 792 3928 915 3985; x_wconf 91' lang='lat' dir='ltr'><strong>libri</strong></span> <span class='ocrx_word' id='word_1_410' title='bbox 945 3929 1287 3998; x_wconf 86' lang='lat' dir='ltr'><strong>potissimum</strong></span> <span class='ocrx_word' id='word_1_411' title='bbox 1311 3945 1372 3995; x_wconf 89' lang='grc' dir='ltr'>ιι,</span> <span class='ocrx_word' id='word_1_412' title='bbox 1402 3944 1527 4000; x_wconf 91' lang='lat' dir='ltr'><strong>cap.</strong></span> <span class='ocrx_word' id='word_1_413' title='bbox 1556 3929 1645 3993; x_wconf 79' lang='lat' dir='ltr'><strong>ll,</strong></span> <span class='ocrx_word' id='word_1_414' title='bbox 1680 3944 1805 3984; x_wconf 85' lang='lat' dir='ltr'><strong>sese</strong></span> <span class='ocrx_word' id='word_1_415' title='bbox 1835 3927 1999 3984; x_wconf 87' lang='lat' dir='ltr'><strong>dabat</strong></span> <span class='ocrx_word' id='word_1_416' title='bbox 2022 3943 2116 3983; x_wconf 88' lang='lat' dir='ltr'><strong>oc-</strong></span> 
     </span>
    </p>
   </div>
   <div class='ocr_carea' id='block_1_57' title="bbox 510 4023 2115 4091">
    <p class='ocr_par' dir='ltr' id='par_1_57' title="bbox 510 4023 2115 4091">
     <span class='ocr_line' id='line_1_57' title="bbox 510 4023 2115 4091; baseline -0.003 -11"><span class='ocrx_word' id='word_1_417' title='bbox 510 4024 683 4081; x_wconf 90' lang='lat' dir='ltr'><strong>casio.</strong></span> <span class='ocrx_word' id='word_1_418' title='bbox 707 4024 1120 4081; x_wconf 87' lang='lat' dir='ltr'><strong>Observandum</strong></span> <span class='ocrx_word' id='word_1_419' title='bbox 1148 4024 1235 4079; x_wconf 88' lang='lat' dir='ltr'><strong>hic</strong></span> <span class='ocrx_word' id='word_1_420' title='bbox 1267 4023 1484 4079; x_wconf 88' lang='lat' dir='ltr'><strong>interim</strong></span> <span class='ocrx_word' id='word_1_421' title='bbox 1514 4066 1529 4091; x_wconf 96' lang='lat'><strong>,</strong></span> <span class='ocrx_word' id='word_1_422' title='bbox 1556 4032 1841 4078; x_wconf 89' lang='lat' dir='ltr'><strong>auctorem</strong></span> <span class='ocrx_word' id='word_1_423' title='bbox 1867 4032 2115 4077; x_wconf 87' lang='lat' dir='ltr'><strong>nostrum</strong></span> 
     </span>
    </p>
   </div>
   <div class='ocr_carea' id='block_1_58' title="bbox 512 4114 2115 4187">
    <p class='ocr_par' dir='ltr' id='par_1_58' title="bbox 512 4114 2115 4187">
     <span class='ocr_line' id='line_1_58' title="bbox 512 4114 2115 4187; baseline -0.002 -13"><span class='ocrx_word' id='word_1_424' title='bbox 512 4118 904 4175; x_wconf 89' lang='lat' dir='ltr'><strong>hallucinatum</strong></span> <span class='ocrx_word' id='word_1_425' title='bbox 950 4119 1037 4174; x_wconf 87' lang='lat' dir='ltr'><strong>vel</strong></span> <span class='ocrx_word' id='word_1_426' title='bbox 1068 4118 1482 4174; x_wconf 67' lang='lat' dir='ltr'><strong>amanuensium</strong></span> <span class='ocrx_word' id='word_1_427' title='bbox 1534 4118 1752 4172; x_wconf 89' lang='lat' dir='ltr'><strong>inscitia</strong></span> <span class='ocrx_word' id='word_1_428' title='bbox 1796 4114 2115 4187; x_wconf 85' lang='lat' dir='ltr'><strong>subreptum</strong></span> 
     </span>
    </p>
   </div>
   <div class='ocr_carea' id='block_1_59' title="bbox 507 4207 2113 4282">
    <p class='ocr_par' dir='ltr' id='par_1_59' title="bbox 507 4207 2113 4282">
     <span class='ocr_line' id='line_1_59' title="bbox 507 4207 2113 4282; baseline -0.002 -16"><span class='ocrx_word' id='word_1_429' title='bbox 507 4210 678 4267; x_wconf 91' lang='lat' dir='ltr'><strong>fuisse</strong></span> <span class='ocrx_word' id='word_1_430' title='bbox 713 4213 764 4267; x_wconf 92' lang='lat' dir='ltr'><strong>in</strong></span> <span class='ocrx_word' id='word_1_431' title='bbox 793 4210 1167 4282; x_wconf 84' lang='lat' dir='ltr'><strong>descriptione</strong></span> <span class='ocrx_word' id='word_1_432' title='bbox 1200 4210 1535 4267; x_wconf 69' lang='lat' dir='ltr'><strong>Sabelliauze</strong></span> <span class='ocrx_word' id='word_1_433' title='bbox 1566 4208 1793 4264; x_wconf 63' lang='lat' dir='ltr'><strong>hieresis</strong></span> <span class='ocrx_word' id='word_1_434' title='bbox 1821 4250 1834 4275; x_wconf 92' lang='lat'><strong>,</strong></span> <span class='ocrx_word' id='word_1_435' title='bbox 1863 4207 2067 4279; x_wconf 91' lang='lat' dir='ltr'><strong>quippe</strong></span> <span class='ocrx_word' id='word_1_436' title='bbox 2098 4249 2113 4274; x_wconf 96' lang='lat'><strong>,</strong></span> 
     </span>
    </p>
   </div>
   <div class='ocr_carea' id='block_1_60' title="bbox 508 4303 2110 4377">
    <p class='ocr_par' dir='ltr' id='par_1_60' title="bbox 508 4303 2110 4377">
     <span class='ocr_line' id='line_1_60' title="bbox 508 4303 2110 4377; baseline -0.002 -18"><span class='ocrx_word' id='word_1_437' title='bbox 508 4319 631 4377; x_wconf 67' lang='lat' dir='ltr'><strong>quae</strong></span> <span class='ocrx_word' id='word_1_438' title='bbox 683 4304 993 4361; x_wconf 80' lang='lat' dir='ltr'><strong>Macedonii</strong></span> <span class='ocrx_word' id='word_1_439' title='bbox 1061 4315 1190 4371; x_wconf 87' lang='lat' dir='ltr'><strong>est,</strong></span> <span class='ocrx_word' id='word_1_440' title='bbox 1248 4305 1480 4361; x_wconf 84' lang='lat' dir='ltr'><strong>ascribit</strong></span> <span class='ocrx_word' id='word_1_441' title='bbox 1538 4303 1805 4359; x_wconf 90' lang='lat' dir='ltr'><strong>Sabellio.</strong></span> <span class='ocrx_word' id='word_1_442' title='bbox 1865 4303 2110 4369; x_wconf 88' lang='lat' dir='ltr'><strong>Accedit,</strong></span> 
     </span>
    </p>
   </div>
   <div class='ocr_carea' id='block_1_61' title="bbox 505 4399 2112 4473">
    <p class='ocr_par' dir='ltr' id='par_1_61' title="bbox 505 4399 2112 4473">
     <span class='ocr_line' id='line_1_61' title="bbox 505 4399 2112 4473; baseline -0.003 -15"><span class='ocrx_word' id='word_1_443' title='bbox 505 4401 651 4473; x_wconf 85' lang='lat' dir='ltr'><strong>quod</strong></span> <span class='ocrx_word' id='word_1_444' title='bbox 691 4402 877 4457; x_wconf 86' lang='lat' dir='ltr'><strong>omnia</strong></span> <span class='ocrx_word' id='word_1_445' title='bbox 908 4402 1065 4473; x_wconf 89' lang='lat' dir='ltr'><strong>signa</strong></span> <span class='ocrx_word' id='word_1_446' title='bbox 1101 4402 1299 4472; x_wconf 89' lang='lat' dir='ltr'><strong>quibus</strong></span> <span class='ocrx_word' id='word_1_447' title='bbox 1345 4399 1674 4457; x_wconf 77' lang='lat' dir='ltr'><strong>Autichrisﬁ</strong></span> <span class='ocrx_word' id='word_1_448' title='bbox 1705 4399 1999 4454; x_wconf 78' lang='lat' dir='ltr'><strong>adventum</strong></span> <span class='ocrx_word' id='word_1_449' title='bbox 2026 4400 2112 4453; x_wconf 88' lang='lat' dir='ltr'><strong>in-</strong></span> 
     </span>
    </p>
   </div>
   <div class='ocr_carea' id='block_1_62' title="bbox 508 4492 2113 4566">
    <p class='ocr_par' dir='ltr' id='par_1_62' title="bbox 508 4492 2113 4566">
     <span class='ocr_line' id='line_1_62' title="bbox 508 4492 2113 4566; baseline -0.001 -16"><span class='ocrx_word' id='word_1_450' title='bbox 508 4503 660 4551; x_wconf 89' lang='lat' dir='ltr'><strong>stare</strong></span> <span class='ocrx_word' id='word_1_451' title='bbox 708 4506 1004 4566; x_wconf 88' lang='lat' dir='ltr'><strong>auguratur</strong></span> <span class='ocrx_word' id='word_1_452' title='bbox 1034 4492 1142 4566; x_wconf 79' lang='lat' dir='ltr'><strong>(c),</strong></span> <span class='ocrx_word' id='word_1_453' title='bbox 1198 4511 1322 4552; x_wconf 90' lang='lat' dir='ltr'><strong>cum</strong></span> <span class='ocrx_word' id='word_1_454' title='bbox 1353 4496 1505 4552; x_wconf 89' lang='lat' dir='ltr'><strong>hisce</strong></span> <span class='ocrx_word' id='word_1_455' title='bbox 1538 4497 1737 4549; x_wconf 88' lang='lat' dir='ltr'><strong>nostris</strong></span> <span class='ocrx_word' id='word_1_456' title='bbox 1781 4493 2113 4564; x_wconf 88' lang='lat' dir='ltr'><strong>conjecturis</strong></span> 
     </span>
    </p>
   </div>
   <div class='ocr_carea' id='block_1_63' title="bbox 2230 1864 3821 1935">
    <p class='ocr_par' dir='ltr' id='par_1_63' title="bbox 2230 1864 3821 1935">
     <span class='ocr_line' id='line_1_63' title="bbox 2230 1864 3821 1935; baseline 0.004 -18"><span class='ocrx_word' id='word_1_457' title='bbox 2230 1864 2504 1920; x_wconf 89' lang='lat' dir='ltr'><strong>llactenus</strong></span> <span class='ocrx_word' id='word_1_458' title='bbox 2534 1866 2717 1935; x_wconf 81' lang='lat' dir='ltr'><strong>itaque</strong></span> <span class='ocrx_word' id='word_1_459' title='bbox 2760 1867 3107 1935; x_wconf 88' lang='lat' dir='ltr'><strong>conjecturas</strong></span> <span class='ocrx_word' id='word_1_460' title='bbox 3139 1910 3154 1933; x_wconf 93' lang='lat'><strong>,</strong></span> <span class='ocrx_word' id='word_1_461' title='bbox 3192 1885 3297 1921; x_wconf 89' lang='lat' dir='ltr'><strong>non</strong></span> <span class='ocrx_word' id='word_1_462' title='bbox 3328 1879 3553 1922; x_wconf 89' lang='lat' dir='ltr'><strong>nostras</strong></span> <span class='ocrx_word' id='word_1_463' title='bbox 3599 1878 3821 1923; x_wconf 85' lang='lat' dir='ltr'><strong>tantum-</strong></span> 
     </span>
    </p>
   </div>
   <div class='ocr_carea' id='block_1_64' title="bbox 2228 1956 3816 2030">
    <p class='ocr_par' dir='ltr' id='par_1_64' title="bbox 2228 1956 3816 2030">
     <span class='ocr_line' id='line_1_64' title="bbox 2228 1956 3816 2030; baseline 0.004 -21"><span class='ocrx_word' id='word_1_464' title='bbox 2228 1956 2415 2021; x_wconf 87' lang='lat' dir='ltr'><strong>modo,</strong></span> <span class='ocrx_word' id='word_1_465' title='bbox 2439 1957 2534 2013; x_wconf 90' lang='lat' dir='ltr'><strong>sed</strong></span> <span class='ocrx_word' id='word_1_466' title='bbox 2564 1966 2619 2013; x_wconf 89' lang='lat' dir='ltr'><strong>et</strong></span> <span class='ocrx_word' id='word_1_467' title='bbox 2648 1958 2889 2012; x_wconf 85' lang='lat' dir='ltr'><strong>virorum</strong></span> <span class='ocrx_word' id='word_1_468' title='bbox 2920 1958 3349 2014; x_wconf 86' lang='lat' dir='ltr'><strong>clarissimorum</strong></span> <span class='ocrx_word' id='word_1_469' title='bbox 3380 1960 3816 2030; x_wconf 87' lang='lat' dir='ltr'><strong>indigitavitnus,</strong></span> 
     </span>
    </p>
   </div>
   <div class='ocr_carea' id='block_1_65' title="bbox 2227 2050 3818 2121">
    <p class='ocr_par' dir='ltr' id='par_1_65' title="bbox 2227 2050 3818 2121">
     <span class='ocr_line' id='line_1_65' title="bbox 2227 2050 3818 2121; baseline 0.003 -18"><span class='ocrx_word' id='word_1_470' title='bbox 2227 2065 2423 2118; x_wconf 88' lang='lat' dir='ltr'><strong>nempe</strong></span> <span class='ocrx_word' id='word_1_471' title='bbox 2452 2068 2465 2105; x_wconf 89' lang='lat'><strong>:</strong></span> <span class='ocrx_word' id='word_1_472' title='bbox 2499 2050 2807 2107; x_wconf 87' lang='lat' dir='ltr'><strong>Sebastiani</strong></span> <span class='ocrx_word' id='word_1_473' title='bbox 2836 2051 2907 2107; x_wconf 87' lang='lat' dir='ltr'><strong>Le</strong></span> <span class='ocrx_word' id='word_1_474' title='bbox 2933 2051 3067 2106; x_wconf 86' lang='lat' dir='ltr'><strong>Nain</strong></span> <span class='ocrx_word' id='word_1_475' title='bbox 3098 2052 3158 2106; x_wconf 91' lang='lat' dir='ltr'><strong>D.</strong></span> <span class='ocrx_word' id='word_1_476' title='bbox 3191 2052 3257 2106; x_wconf 83' lang='lat' dir='ltr'><strong>de</strong></span> <span class='ocrx_word' id='word_1_477' title='bbox 3282 2052 3616 2121; x_wconf 85' lang='lat' dir='ltr'><strong>Tillemont,</strong></span> <span class='ocrx_word' id='word_1_478' title='bbox 3652 2051 3818 2109; x_wconf 87' lang='lat' dir='ltr'><strong>Caroli</strong></span> 
     </span>
    </p>
   </div>
   <div class='ocr_carea' id='block_1_66' title="bbox 2226 2143 3816 2219">
    <p class='ocr_par' dir='ltr' id='par_1_66' title="bbox 2226 2143 3816 2219">
     <span class='ocr_line' id='line_1_66' title="bbox 2226 2143 3816 2219; baseline 0.003 -20"><span class='ocrx_word' id='word_1_479' title='bbox 2226 2143 2299 2199; x_wconf 88' lang='lat' dir='ltr'><strong>dtt</strong></span> <span class='ocrx_word' id='word_1_480' title='bbox 2332 2144 2540 2201; x_wconf 86' lang='lat' dir='ltr'><strong>Fresne</strong></span> <span class='ocrx_word' id='word_1_481' title='bbox 2576 2146 2637 2199; x_wconf 89' lang='lat' dir='ltr'><strong>D.</strong></span> <span class='ocrx_word' id='word_1_482' title='bbox 2664 2146 2734 2201; x_wconf 93' lang='lat' dir='ltr'><strong>du</strong></span> <span class='ocrx_word' id='word_1_483' title='bbox 2764 2147 2950 2219; x_wconf 87' lang='lat' dir='ltr'><strong>Cange</strong></span> <span class='ocrx_word' id='word_1_484' title='bbox 2974 2188 2987 2209; x_wconf 88' lang='lat'><strong>,</strong></span> <span class='ocrx_word' id='word_1_485' title='bbox 3028 2146 3255 2203; x_wconf 80' lang='lat' dir='ltr'><strong>Joannis</strong></span> <span class='ocrx_word' id='word_1_486' title='bbox 3278 2147 3543 2218; x_wconf 62' lang='lat' dir='ltr'><strong>Baptistae</strong></span> <span class='ocrx_word' id='word_1_487' title='bbox 3569 2149 3618 2203; x_wconf 89' lang='lat' dir='ltr'><strong>le</strong></span> <span class='ocrx_word' id='word_1_488' title='bbox 3642 2146 3816 2203; x_wconf 85' lang='lat' dir='ltr'><strong>Culte-</strong></span> 
     </span>
    </p>
   </div>
   <div class='ocr_carea' id='block_1_67' title="bbox 2228 2239 3819 2308">
    <p class='ocr_par' dir='ltr' id='par_1_67' title="bbox 2228 2239 3819 2308">
     <span class='ocr_line' id='line_1_67' title="bbox 2228 2239 3819 2308; baseline 0.003 -15"><span class='ocrx_word' id='word_1_489' title='bbox 2228 2239 2353 2308; x_wconf 91' lang='lat' dir='ltr'><strong>lier,</strong></span> <span class='ocrx_word' id='word_1_490' title='bbox 2400 2240 2515 2294; x_wconf 78' lang='lat' dir='ltr'><strong>RR.</strong></span> <span class='ocrx_word' id='word_1_491' title='bbox 2553 2240 2655 2296; x_wconf 84' lang='lat' dir='ltr'><strong>PP.</strong></span> <span class='ocrx_word' id='word_1_492' title='bbox 2704 2240 2931 2296; x_wconf 74' lang='lat' dir='ltr'><strong>Joannis</strong></span> <span class='ocrx_word' id='word_1_493' title='bbox 2978 2241 3209 2299; x_wconf 88' lang='lat' dir='ltr'><strong>Garnier</strong></span> <span class='ocrx_word' id='word_1_494' title='bbox 3242 2243 3298 2298; x_wconf 93' lang='lat' dir='ltr'><strong>S.</strong></span> <span class='ocrx_word' id='word_1_495' title='bbox 3342 2241 3395 2297; x_wconf 77' lang='grc' dir='ltr'><strong>Ι.</strong></span> <span class='ocrx_word' id='word_1_496' title='bbox 3440 2258 3506 2298; x_wconf 90' lang='lat' dir='ltr'><strong>ac</strong></span> <span class='ocrx_word' id='word_1_497' title='bbox 3556 2242 3819 2298; x_wconf 81' lang='lat' dir='ltr'><strong>Pascliasii</strong></span> 
     </span>
    </p>
   </div>
   <div class='ocr_carea' id='block_1_68' title="bbox 2225 2333 3818 2406">
    <p class='ocr_par' dir='ltr' id='par_1_68' title="bbox 2225 2333 3818 2406">
     <span class='ocr_line' id='line_1_68' title="bbox 2225 2333 3818 2406; baseline 0.001 -19"><span class='ocrx_word' id='word_1_498' title='bbox 2225 2334 2463 2401; x_wconf 91' lang='lat' dir='ltr'><strong>Quesnel</strong></span> <span class='ocrx_word' id='word_1_499' title='bbox 2506 2333 2956 2406; x_wconf 85' lang='lat' dir='ltr'><strong>Congrcgationis</strong></span> <span class='ocrx_word' id='word_1_500' title='bbox 2995 2333 3229 2391; x_wconf 90' lang='lat' dir='ltr'><strong>Oratorii</strong></span> <span class='ocrx_word' id='word_1_501' title='bbox 3260 2336 3479 2391; x_wconf 88' lang='lat' dir='ltr'><strong>Domini</strong></span> <span class='ocrx_word' id='word_1_502' title='bbox 3519 2335 3651 2391; x_wconf 73' lang='lat' dir='ltr'><strong>Jesu</strong></span> <span class='ocrx_word' id='word_1_503' title='bbox 3679 2350 3818 2406; x_wconf 85' lang='lat' dir='ltr'><strong>pres-</strong></span> 
     </span>
    </p>
   </div>
   <div class='ocr_carea' id='block_1_69' title="bbox 2222 2426 3683 2499">
    <p class='ocr_par' dir='ltr' id='par_1_69' title="bbox 2222 2426 3683 2499">
     <span class='ocr_line' id='line_1_69' title="bbox 2222 2426 3683 2499; baseline -0.001 -16"><span class='ocrx_word' id='word_1_504' title='bbox 2222 2426 2501 2498; x_wconf 87' lang='lat' dir='ltr'><strong>bytorum,</strong></span> <span class='ocrx_word' id='word_1_505' title='bbox 2530 2442 2581 2483; x_wconf 92' lang='lat' dir='ltr'><strong>et</strong></span> <span class='ocrx_word' id='word_1_506' title='bbox 2611 2430 2782 2484; x_wconf 90' lang='lat' dir='ltr'><strong>nostri</strong></span> <span class='ocrx_word' id='word_1_507' title='bbox 2817 2431 3116 2499; x_wconf 64' lang='lat' dir='ltr'><strong>praasertim</strong></span> <span class='ocrx_word' id='word_1_508' title='bbox 3145 2429 3428 2485; x_wconf 85' lang='lat' dir='ltr'><strong>Francisci</strong></span> <span class='ocrx_word' id='word_1_509' title='bbox 3468 2429 3683 2485; x_wconf 87' lang='lat' dir='ltr'><strong>Delfau.</strong></span> 
     </span>
    </p>
   </div>
   <div class='ocr_carea' id='block_1_70' title="bbox 2295 2520 3819 2595">
    <p class='ocr_par' dir='ltr' id='par_1_70' title="bbox 2295 2520 3819 2595">
     <span class='ocr_line' id='line_1_70' title="bbox 2295 2520 3819 2595; baseline 0.002 -20"><span class='ocrx_word' id='word_1_510' title='bbox 2295 2520 2349 2575; x_wconf 72' lang='grc'><strong>4.</strong></span> <span class='ocrx_word' id='word_1_511' title='bbox 2394 2520 2512 2576; x_wconf 87' lang='lat' dir='ltr'><strong>Erit</strong></span> <span class='ocrx_word' id='word_1_512' title='bbox 2550 2521 2728 2577; x_wconf 82' lang='lat' dir='ltr'><strong>forsan</strong></span> <span class='ocrx_word' id='word_1_513' title='bbox 2764 2532 2819 2577; x_wconf 90' lang='lat' dir='ltr'><strong>et</strong></span> <span class='ocrx_word' id='word_1_514' title='bbox 2858 2523 3217 2579; x_wconf 87' lang='lat' dir='ltr'><strong>emunctioris</strong></span> <span class='ocrx_word' id='word_1_515' title='bbox 3244 2524 3393 2578; x_wconf 90' lang='lat' dir='ltr'><strong>naris</strong></span> <span class='ocrx_word' id='word_1_516' title='bbox 3424 2524 3689 2591; x_wconf 89' lang='lat' dir='ltr'><strong>criticus,</strong></span> <span class='ocrx_word' id='word_1_517' title='bbox 3736 2522 3819 2595; x_wconf 91' lang='lat' dir='ltr'><strong>qui</strong></span> 
     </span>
    </p>
   </div>
   <div class='ocr_carea' id='block_1_71' title="bbox 2226 2616 3817 2689">
    <p class='ocr_par' dir='ltr' id='par_1_71' title="bbox 2226 2616 3817 2689">
     <span class='ocr_line' id='line_1_71' title="bbox 2226 2616 3817 2689; baseline 0.001 -19"><span class='ocrx_word' id='word_1_518' title='bbox 2226 2630 2333 2671; x_wconf 90' lang='lat' dir='ltr'><strong>non</strong></span> <span class='ocrx_word' id='word_1_519' title='bbox 2364 2616 2499 2671; x_wconf 90' lang='lat' dir='ltr'><strong>nihil</strong></span> <span class='ocrx_word' id='word_1_520' title='bbox 2531 2619 2791 2672; x_wconf 90' lang='lat' dir='ltr'><strong>momenti</strong></span> <span class='ocrx_word' id='word_1_521' title='bbox 2817 2617 2883 2673; x_wconf 90' lang='lat' dir='ltr'><strong>ad</strong></span> <span class='ocrx_word' id='word_1_522' title='bbox 2918 2618 3032 2672; x_wconf 65' lang='lat' dir='ltr'><strong>haec</strong></span> <span class='ocrx_word' id='word_1_523' title='bbox 3074 2628 3397 2689; x_wconf 89' lang='lat' dir='ltr'><strong>argumenta</strong></span> <span class='ocrx_word' id='word_1_524' title='bbox 3429 2617 3699 2674; x_wconf 86' lang='lat' dir='ltr'><strong>accedere</strong></span> <span class='ocrx_word' id='word_1_525' title='bbox 3728 2633 3817 2688; x_wconf 86' lang='lat' dir='ltr'><strong>pu-</strong></span> 
     </span>
    </p>
   </div>
   <div class='ocr_carea' id='block_1_72' title="bbox 2226 2708 3820 2780">
    <p class='ocr_par' dir='ltr' id='par_1_72' title="bbox 2226 2708 3820 2780">
     <span class='ocr_line' id='line_1_72' title="bbox 2226 2708 3820 2780; baseline 0.001 -20"><span class='ocrx_word' id='word_1_526' title='bbox 2226 2715 2305 2761; x_wconf 90' lang='lat' dir='ltr'><strong>tet</strong></span> <span class='ocrx_word' id='word_1_527' title='bbox 2329 2724 2397 2762; x_wconf 84' lang='lat' dir='ltr'><strong>ex</strong></span> <span class='ocrx_word' id='word_1_528' title='bbox 2447 2709 2531 2762; x_wconf 91' lang='lat' dir='ltr'><strong>bis</strong></span> <span class='ocrx_word' id='word_1_529' title='bbox 2559 2724 2681 2779; x_wconf 77' lang='lat' dir='ltr'><strong>qua:</strong></span> <span class='ocrx_word' id='word_1_530' title='bbox 2708 2709 2895 2763; x_wconf 88' lang='lat' dir='ltr'><strong>scribit</strong></span> <span class='ocrx_word' id='word_1_531' title='bbox 2927 2719 3120 2763; x_wconf 89' lang='lat' dir='ltr'><strong>auctor</strong></span> <span class='ocrx_word' id='word_1_532' title='bbox 3150 2708 3272 2780; x_wconf 68' lang='lat' dir='ltr'><strong>(Ii),</strong></span> <span class='ocrx_word' id='word_1_533' title='bbox 3299 2718 3462 2764; x_wconf 65' lang='lat' dir='ltr'><strong>aetate</strong></span> <span class='ocrx_word' id='word_1_534' title='bbox 3494 2725 3593 2763; x_wconf 90' lang='lat' dir='ltr'><strong>sua</strong></span> <span class='ocrx_word' id='word_1_535' title='bbox 3621 2708 3820 2763; x_wconf 80' lang='lat' dir='ltr'><strong>scilicet</strong></span> 
     </span>
    </p>
   </div>
   <div class='ocr_carea' id='block_1_73' title="bbox 2223 2798 3818 2872">
    <p class='ocr_par' dir='ltr' id='par_1_73' title="bbox 2223 2798 3818 2872">
     <span class='ocr_line' id='line_1_73' title="bbox 2223 2798 3818 2872; baseline 0.001 -18"><span class='ocrx_word' id='word_1_536' title='bbox 2223 2798 2511 2855; x_wconf 66' lang='lat' dir='ltr'><strong>dominica:</strong></span> <span class='ocrx_word' id='word_1_537' title='bbox 2538 2802 2728 2855; x_wconf 89' lang='lat' dir='ltr'><strong>mortis</strong></span> <span class='ocrx_word' id='word_1_538' title='bbox 2756 2801 2954 2855; x_wconf 88' lang='lat' dir='ltr'><strong>indicia</strong></span> <span class='ocrx_word' id='word_1_539' title='bbox 2983 2800 3154 2857; x_wconf 78' lang='lat' dir='ltr'><strong>felicis</strong></span> <span class='ocrx_word' id='word_1_540' title='bbox 3181 2800 3421 2872; x_wconf 86' lang='lat' dir='ltr'><strong>sepulcri</strong></span> <span class='ocrx_word' id='word_1_541' title='bbox 3446 2801 3683 2856; x_wconf 80' lang='lat' dir='ltr'><strong>exuvias</strong></span> <span class='ocrx_word' id='word_1_542' title='bbox 3699 2816 3818 2857; x_wconf 85' lang='lat' dir='ltr'><strong>con-</strong></span> 
     </span>
    </p>
   </div>
   <div class='ocr_carea' id='block_1_74' title="bbox 2225 2891 3812 2964">
    <p class='ocr_par' dir='ltr' id='par_1_74' title="bbox 2225 2891 3812 2964">
     <span class='ocr_line' id='line_1_74' title="bbox 2225 2891 3812 2964; baseline 0.002 -17"><span class='ocrx_word' id='word_1_543' title='bbox 2225 2892 2453 2949; x_wconf 90' lang='lat' dir='ltr'><strong>tinuisse</strong></span> <span class='ocrx_word' id='word_1_544' title='bbox 2479 2910 2491 2945; x_wconf 92' lang='lat'><strong>:</strong></span> <span class='ocrx_word' id='word_1_545' title='bbox 2524 2892 2717 2964; x_wconf 91' lang='lat' dir='ltr'><strong>quibus</strong></span> <span class='ocrx_word' id='word_1_546' title='bbox 2748 2891 2959 2947; x_wconf 76' lang='lat' dir='ltr'><strong>exuviis</strong></span> <span class='ocrx_word' id='word_1_547' title='bbox 2987 2892 3171 2948; x_wconf 86' lang='lat' dir='ltr'><strong>credat</strong></span> <span class='ocrx_word' id='word_1_548' title='bbox 3194 2892 3495 2963; x_wconf 84' lang='lat' dir='ltr'><strong>signiﬁcari</strong></span> <span class='ocrx_word' id='word_1_549' title='bbox 3537 2892 3812 2949; x_wconf 73' lang='lat' dir='ltr'><strong>SilldOllem</strong></span> 
     </span>
    </p>
   </div>
   <div class='ocr_carea' id='block_1_75' title="bbox 2225 2984 3812 3057">
    <p class='ocr_par' dir='ltr' id='par_1_75' title="bbox 2225 2984 3812 3057">
     <span class='ocr_line' id='line_1_75' title="bbox 2225 2984 3812 3057; baseline 0.001 -18"><span class='ocrx_word' id='word_1_550' title='bbox 2225 2985 2371 3040; x_wconf 93' lang='lat' dir='ltr'><strong>illam</strong></span> <span class='ocrx_word' id='word_1_551' title='bbox 2419 3002 2525 3057; x_wconf 88' lang='lat' dir='ltr'><strong>qua</strong></span> <span class='ocrx_word' id='word_1_552' title='bbox 2571 3001 2785 3041; x_wconf 88' lang='lat' dir='ltr'><strong>sacrum</strong></span> <span class='ocrx_word' id='word_1_553' title='bbox 2828 2984 3031 3041; x_wconf 88' lang='lat' dir='ltr'><strong>Christi</strong></span> <span class='ocrx_word' id='word_1_554' title='bbox 3080 3001 3283 3056; x_wconf 87' lang='lat' dir='ltr'><strong>corpus</strong></span> <span class='ocrx_word' id='word_1_555' title='bbox 3330 2987 3657 3043; x_wconf 90' lang='lat' dir='ltr'><strong>obvolutum</strong></span> <span class='ocrx_word' id='word_1_556' title='bbox 3702 2995 3812 3053; x_wconf 88' lang='lat' dir='ltr'><strong>est;</strong></span> 
     </span>
    </p>
   </div>
   <div class='ocr_carea' id='block_1_76' title="bbox 2224 3077 3815 3149">
    <p class='ocr_par' dir='ltr' id='par_1_76' title="bbox 2224 3077 3815 3149">
     <span class='ocr_line' id='line_1_76' title="bbox 2224 3077 3815 3149; baseline 0.001 -16"><span class='ocrx_word' id='word_1_557' title='bbox 2224 3094 2385 3149; x_wconf 83' lang='lat' dir='ltr'><strong>quam</strong></span> <span class='ocrx_word' id='word_1_558' title='bbox 2422 3078 2643 3134; x_wconf 88' lang='lat' dir='ltr'><strong>ineunte</strong></span> <span class='ocrx_word' id='word_1_559' title='bbox 2673 3080 2862 3148; x_wconf 87' lang='lat' dir='ltr'><strong>quinto</strong></span> <span class='ocrx_word' id='word_1_560' title='bbox 2912 3078 3113 3133; x_wconf 80' lang='lat' dir='ltr'><strong>sacculo</strong></span> <span class='ocrx_word' id='word_1_561' title='bbox 3158 3077 3409 3135; x_wconf 86' lang='lat' dir='ltr'><strong>Eudocia</strong></span> <span class='ocrx_word' id='word_1_562' title='bbox 3442 3077 3815 3136; x_wconf 77' lang='lat' dir='ltr'><strong>Constantino-</strong></span> 
     </span>
    </p>
   </div>
   <div class='ocr_carea' id='block_1_77' title="bbox 2151 3173 3817 3247">
    <p class='ocr_par' dir='ltr' id='par_1_77' title="bbox 2151 3173 3817 3247">
     <span class='ocr_line' id='line_1_77' title="bbox 2151 3173 3817 3247; baseline 0 -20"><span class='ocrx_word' id='word_1_563' title='bbox 2151 3186 2195 3247; x_wconf 67' lang='grc' dir='ltr'><strong>ρ</strong></span> <span class='ocrx_word' id='word_1_564' title='bbox 2232 3174 2397 3244; x_wconf 90' lang='lat' dir='ltr'><strong>polim</strong></span> <span class='ocrx_word' id='word_1_565' title='bbox 2443 3180 2848 3245; x_wconf 85' lang='lat' dir='ltr'><strong>asportaverat,</strong></span> <span class='ocrx_word' id='word_1_566' title='bbox 2884 3189 3157 3243; x_wconf 88' lang='lat' dir='ltr'><strong>quamque</strong></span> <span class='ocrx_word' id='word_1_567' title='bbox 3197 3181 3338 3229; x_wconf 86' lang='lat' dir='ltr'><strong>teste</strong></span> <span class='ocrx_word' id='word_1_568' title='bbox 3368 3173 3655 3230; x_wconf 89' lang='lat' dir='ltr'><strong>Gnalterio</strong></span> <span class='ocrx_word' id='word_1_569' title='bbox 3703 3174 3817 3245; x_wconf 80' lang='lat' dir='ltr'><strong>(pe-</strong></span> 
     </span>
    </p>
   </div>
   <div class='ocr_carea' id='block_1_78' title="bbox 2228 3266 3815 3338">
    <p class='ocr_par' dir='ltr' id='par_1_78' title="bbox 2228 3266 3815 3338">
     <span class='ocr_line' id='line_1_78' title="bbox 2228 3266 3815 3338; baseline 0.001 -17"><span class='ocrx_word' id='word_1_570' title='bbox 2228 3282 2323 3322; x_wconf 78' lang='lat' dir='ltr'><strong>nes</strong></span> <span class='ocrx_word' id='word_1_571' title='bbox 2351 3283 2512 3338; x_wconf 88' lang='lat' dir='ltr'><strong>quem</strong></span> <span class='ocrx_word' id='word_1_572' title='bbox 2558 3266 2718 3337; x_wconf 85' lang='lat' dir='ltr'><strong>hujus</strong></span> <span class='ocrx_word' id='word_1_573' title='bbox 2746 3268 2823 3322; x_wconf 88' lang='lat' dir='ltr'><strong>rei</strong></span> <span class='ocrx_word' id='word_1_574' title='bbox 2859 3266 2993 3322; x_wconf 85' lang='lat' dir='ltr'><strong>fides</strong></span> <span class='ocrx_word' id='word_1_575' title='bbox 3025 3266 3126 3337; x_wconf 73' lang='lat' dir='ltr'><strong>sit)</strong></span> <span class='ocrx_word' id='word_1_576' title='bbox 3167 3282 3312 3322; x_wconf 85' lang='lat' dir='ltr'><strong>anno</strong></span> <span class='ocrx_word' id='word_1_577' title='bbox 3343 3268 3452 3323; x_wconf 68' lang='grc'><strong>659</strong></span> <span class='ocrx_word' id='word_1_578' title='bbox 3479 3267 3815 3323; x_wconf 82' lang='lat' dir='ltr'><strong>Theodosius</strong></span> 
     </span>
    </p>
   </div>
   <div class='ocr_carea' id='block_1_79' title="bbox 2222 3358 3814 3419">
    <p class='ocr_par' dir='ltr' id='par_1_79' title="bbox 2222 3358 3814 3419">
     <span class='ocr_line' id='line_1_79' title="bbox 2222 3358 3814 3419; baseline 0.001 -6"><span class='ocrx_word' id='word_1_579' title='bbox 2222 3358 2265 3413; x_wconf 92' lang='lat' dir='ltr'><strong>ll</strong></span> <span class='ocrx_word' id='word_1_580' title='bbox 2301 3358 2688 3417; x_wconf 87' lang='lat' dir='ltr'><strong>Vesuntionem</strong></span> <span class='ocrx_word' id='word_1_581' title='bbox 2714 3376 2921 3416; x_wconf 89' lang='lat' dir='ltr'><strong>summa</strong></span> <span class='ocrx_word' id='word_1_582' title='bbox 2954 3362 3306 3417; x_wconf 87' lang='lat' dir='ltr'><strong>solemnitate</strong></span> <span class='ocrx_word' id='word_1_583' title='bbox 3341 3363 3667 3419; x_wconf 85' lang='lat' dir='ltr'><strong>transmisit.</strong></span> <span class='ocrx_word' id='word_1_584' title='bbox 3704 3361 3814 3417; x_wconf 84' lang='lat' dir='ltr'><strong>Erit</strong></span> 
     </span>
    </p>
   </div>
   <div class='ocr_carea' id='block_1_80' title="bbox 2224 3456 3816 3529">
    <p class='ocr_par' dir='ltr' id='par_1_80' title="bbox 2224 3456 3816 3529">
     <span class='ocr_line' id='line_1_80' title="bbox 2224 3456 3816 3529; baseline 0.003 -22"><span class='ocrx_word' id='word_1_585' title='bbox 2224 3465 2489 3524; x_wconf 70' lang='lat' dir='ltr'><strong>praetcrea</strong></span> <span class='ocrx_word' id='word_1_586' title='bbox 2520 3456 2611 3526; x_wconf 93' lang='lat' dir='ltr'><strong>qui</strong></span> <span class='ocrx_word' id='word_1_587' title='bbox 2659 3456 3033 3526; x_wconf 88' lang='lat' dir='ltr'><strong>conjecturam</strong></span> <span class='ocrx_word' id='word_1_588' title='bbox 3080 3457 3259 3527; x_wconf 87' lang='lat' dir='ltr'><strong>capiat</strong></span> <span class='ocrx_word' id='word_1_589' title='bbox 3293 3457 3565 3526; x_wconf 89' lang='lat' dir='ltr'><strong>temporis</strong></span> <span class='ocrx_word' id='word_1_590' title='bbox 3610 3474 3717 3529; x_wconf 92' lang='lat' dir='ltr'><strong>quo</strong></span> <span class='ocrx_word' id='word_1_591' title='bbox 3742 3457 3816 3511; x_wconf 89' lang='lat' dir='ltr'><strong>vi-</strong></span> 
     </span>
    </p>
   </div>
   <div class='ocr_carea' id='block_1_81' title="bbox 2224 3547 3813 3621">
    <p class='ocr_par' dir='ltr' id='par_1_81' title="bbox 2224 3547 3813 3621">
     <span class='ocr_line' id='line_1_81' title="bbox 2224 3547 3813 3621; baseline 0.003 -20"><span class='ocrx_word' id='word_1_592' title='bbox 2224 3547 2383 3603; x_wconf 87' lang='lat' dir='ltr'><strong>vebat</strong></span> <span class='ocrx_word' id='word_1_593' title='bbox 2422 3561 2614 3603; x_wconf 88' lang='lat' dir='ltr'><strong>anetor</strong></span> <span class='ocrx_word' id='word_1_594' title='bbox 2662 3560 2871 3617; x_wconf 88' lang='lat' dir='ltr'><strong>noster,</strong></span> <span class='ocrx_word' id='word_1_595' title='bbox 2922 3566 2986 3604; x_wconf 85' lang='lat' dir='ltr'><strong>ex</strong></span> <span class='ocrx_word' id='word_1_596' title='bbox 3014 3565 3079 3605; x_wconf 91' lang='lat' dir='ltr'><strong>eo</strong></span> <span class='ocrx_word' id='word_1_597' title='bbox 3107 3550 3251 3620; x_wconf 89' lang='lat' dir='ltr'><strong>quod</strong></span> <span class='ocrx_word' id='word_1_598' title='bbox 3294 3550 3500 3606; x_wconf 84' lang='lat' dir='ltr'><strong>alicubi</strong></span> <span class='ocrx_word' id='word_1_599' title='bbox 3550 3548 3686 3621; x_wconf 81' lang='grc' dir='ltr'><strong>(ι),</strong></span> <span class='ocrx_word' id='word_1_600' title='bbox 3718 3565 3813 3606; x_wconf 90' lang='lat' dir='ltr'><strong>non</strong></span> 
     </span>
    </p>
   </div>
   <div class='ocr_carea' id='block_1_82' title="bbox 2221 3642 3816 3713">
    <p class='ocr_par' dir='ltr' id='par_1_82' title="bbox 2221 3642 3816 3713">
     <span class='ocr_line' id='line_1_82' title="bbox 2221 3642 3816 3713; baseline 0.001 -17"><span class='ocrx_word' id='word_1_601' title='bbox 2221 3642 2440 3713; x_wconf 83' lang='lat' dir='ltr'><strong>quidem</strong></span> <span class='ocrx_word' id='word_1_602' title='bbox 2472 3643 2677 3699; x_wconf 89' lang='lat' dir='ltr'><strong>cultum</strong></span> <span class='ocrx_word' id='word_1_603' title='bbox 2708 3660 2951 3711; x_wconf 90' lang='lat' dir='ltr'><strong>omnem,</strong></span> <span class='ocrx_word' id='word_1_604' title='bbox 2994 3643 3088 3698; x_wconf 76' lang='lat' dir='ltr'><strong>sed</strong></span> <span class='ocrx_word' id='word_1_605' title='bbox 3120 3644 3410 3712; x_wconf 80' lang='lat' dir='ltr'><strong>incautum,</strong></span> <span class='ocrx_word' id='word_1_606' title='bbox 3456 3655 3514 3699; x_wconf 92' lang='lat' dir='ltr'><strong>ut</strong></span> <span class='ocrx_word' id='word_1_607' title='bbox 3559 3643 3659 3706; x_wconf 87' lang='lat' dir='ltr'><strong>ait,</strong></span> <span class='ocrx_word' id='word_1_608' title='bbox 3692 3644 3816 3698; x_wconf 76' lang='lat' dir='ltr'><strong>obse-</strong></span> 
     </span>
    </p>
   </div>
   <div class='ocr_carea' id='block_1_83' title="bbox 2221 3737 3813 3812">
    <p class='ocr_par' dir='ltr' id='par_1_83' title="bbox 2221 3737 3813 3812">
     <span class='ocr_line' id='line_1_83' title="bbox 2221 3737 3813 3812; baseline 0 -20"><span class='ocrx_word' id='word_1_609' title='bbox 2221 3740 2399 3811; x_wconf 82' lang='lat' dir='ltr'><strong>quium</strong></span> <span class='ocrx_word' id='word_1_610' title='bbox 2437 3740 2765 3812; x_wconf 85' lang='lat' dir='ltr'><strong>imaginibus</strong></span> <span class='ocrx_word' id='word_1_611' title='bbox 2800 3739 3187 3807; x_wconf 87' lang='lat' dir='ltr'><strong>imperatorum</strong></span> <span class='ocrx_word' id='word_1_612' title='bbox 3217 3755 3245 3793; x_wconf 86' lang='lat' dir='ltr'><strong>a</strong></span> <span class='ocrx_word' id='word_1_613' title='bbox 3287 3738 3494 3809; x_wconf 89' lang='lat' dir='ltr'><strong>populo</strong></span> <span class='ocrx_word' id='word_1_614' title='bbox 3522 3737 3813 3795; x_wconf 86' lang='lat' dir='ltr'><strong>exbibitum</strong></span> 
     </span>
    </p>
   </div>
   <div class='ocr_carea' id='block_1_84' title="bbox 2223 3831 3814 3904">
    <p class='ocr_par' dir='ltr' id='par_1_84' title="bbox 2223 3831 3814 3904">
     <span class='ocr_line' id='line_1_84' title="bbox 2223 3831 3814 3904; baseline 0 -19"><span class='ocrx_word' id='word_1_615' title='bbox 2223 3832 2600 3902; x_wconf 84' lang='lat' dir='ltr'><strong>reprehendit.</strong></span> <span class='ocrx_word' id='word_1_616' title='bbox 2633 3832 2844 3904; x_wconf 80' lang='lat' dir='ltr'><strong>Quippe</strong></span> <span class='ocrx_word' id='word_1_617' title='bbox 2874 3832 3158 3888; x_wconf 89' lang='lat' dir='ltr'><strong>desinente</strong></span> <span class='ocrx_word' id='word_1_618' title='bbox 3200 3831 3407 3887; x_wconf 71' lang='lat' dir='ltr'><strong>smculo</strong></span> <span class='ocrx_word' id='word_1_619' title='bbox 3440 3842 3648 3901; x_wconf 76' lang='lat' dir='ltr'><strong>quarto</strong></span> <span class='ocrx_word' id='word_1_620' title='bbox 3678 3832 3814 3903; x_wconf 79' lang='lat' dir='ltr'><strong>vige-</strong></span> 
     </span>
    </p>
   </div>
   <div class='ocr_carea' id='block_1_85' title="bbox 2224 3924 3809 3995">
    <p class='ocr_par' dir='ltr' id='par_1_85' title="bbox 2224 3924 3809 3995">
     <span class='ocr_line' id='line_1_85' title="bbox 2224 3924 3809 3995; baseline -0.001 -17"><span class='ocrx_word' id='word_1_621' title='bbox 2224 3926 2311 3979; x_wconf 88' lang='lat' dir='ltr'><strong>bat</strong></span> <span class='ocrx_word' id='word_1_622' title='bbox 2340 3927 2481 3981; x_wconf 93' lang='lat' dir='ltr'><strong>ritus</strong></span> <span class='ocrx_word' id='word_1_623' title='bbox 2513 3926 2624 3994; x_wconf 87' lang='lat' dir='ltr'><strong>ille,</strong></span> <span class='ocrx_word' id='word_1_624' title='bbox 2655 3934 2711 3979; x_wconf 90' lang='lat' dir='ltr'><strong>ut</strong></span> <span class='ocrx_word' id='word_1_625' title='bbox 2744 3924 2902 3995; x_wconf 68' lang='lat' dir='ltr'><strong>picta:</strong></span> <span class='ocrx_word' id='word_1_626' title='bbox 2929 3936 3020 3980; x_wconf 89' lang='lat' dir='ltr'><strong>aut</strong></span> <span class='ocrx_word' id='word_1_627' title='bbox 3047 3925 3188 3980; x_wconf 75' lang='lat' dir='ltr'><strong>ﬁcta:</strong></span> <span class='ocrx_word' id='word_1_628' title='bbox 3230 3935 3594 3995; x_wconf 87' lang='lat' dir='ltr'><strong>augustorum</strong></span> <span class='ocrx_word' id='word_1_629' title='bbox 3628 3925 3809 3994; x_wconf 85' lang='lat' dir='ltr'><strong>imagi-</strong></span> 
     </span>
    </p>
   </div>
   <div class='ocr_carea' id='block_1_86' title="bbox 2222 4016 3812 4096">
    <p class='ocr_par' dir='ltr' id='par_1_86' title="bbox 2222 4016 3812 4096">
     <span class='ocr_line' id='line_1_86' title="bbox 2222 4016 3812 4096; baseline -0.002 -22"><span class='ocrx_word' id='word_1_630' title='bbox 2222 4036 2319 4075; x_wconf 85' lang='lat' dir='ltr'><strong>nes</strong></span> <span class='ocrx_word' id='word_1_631' title='bbox 2366 4020 2599 4075; x_wconf 88' lang='lat' dir='ltr'><strong>solemni</strong></span> <span class='ocrx_word' id='word_1_632' title='bbox 2664 4036 2859 4091; x_wconf 86' lang='lat' dir='ltr'><strong>pompa</strong></span> <span class='ocrx_word' id='word_1_633' title='bbox 2922 4016 3429 4085; x_wconf 77' lang='lat' dir='ltr'><strong>circumferrentm&#39;,</strong></span> <span class='ocrx_word' id='word_1_634' title='bbox 3482 4033 3548 4073; x_wconf 85' lang='lat' dir='ltr'><strong>ac</strong></span> <span class='ocrx_word' id='word_1_635' title='bbox 3596 4017 3812 4096; x_wconf 84' lang='lat' dir='ltr'><strong>publicis</strong></span> 
     </span>
    </p>
   </div>
   <div class='ocr_carea' id='block_1_87' title="bbox 2225 4110 3812 4183">
    <p class='ocr_par' dir='ltr' id='par_1_87' title="bbox 2225 4110 3812 4183">
     <span class='ocr_line' id='line_1_87' title="bbox 2225 4110 3812 4183; baseline -0.003 -16"><span class='ocrx_word' id='word_1_636' title='bbox 2225 4112 2372 4183; x_wconf 86' lang='lat' dir='ltr'><strong>vulgi</strong></span> <span class='ocrx_word' id='word_1_637' title='bbox 2400 4111 2882 4168; x_wconf 90' lang='lat' dir='ltr'><strong>acclamationibus</strong></span> <span class='ocrx_word' id='word_1_638' title='bbox 2903 4111 3306 4181; x_wconf 80' lang='lat' dir='ltr'><strong>exciperentur.</strong></span> <span class='ocrx_word' id='word_1_639' title='bbox 3340 4110 3545 4166; x_wconf 84' lang='lat' dir='ltr'><strong>Verum</strong></span> <span class='ocrx_word' id='word_1_640' title='bbox 3570 4126 3676 4165; x_wconf 93' lang='lat' dir='ltr'><strong>non</strong></span> <span class='ocrx_word' id='word_1_641' title='bbox 3701 4124 3812 4164; x_wconf 88' lang='lat' dir='ltr'><strong>raro</strong></span> 
     </span>
    </p>
   </div>
   <div class='ocr_carea' id='block_1_88' title="bbox 2220 4203 3814 4275">
    <p class='ocr_par' dir='ltr' id='par_1_88' title="bbox 2220 4203 3814 4275">
     <span class='ocr_line' id='line_1_88' title="bbox 2220 4203 3814 4275; baseline -0.003 -16"><span class='ocrx_word' id='word_1_642' title='bbox 2220 4208 2399 4259; x_wconf 87' lang='lat' dir='ltr'><strong>cultus</strong></span> <span class='ocrx_word' id='word_1_643' title='bbox 2456 4205 2547 4260; x_wconf 90' lang='lat' dir='ltr'><strong>ille</strong></span> <span class='ocrx_word' id='word_1_644' title='bbox 2576 4204 2628 4259; x_wconf 92' lang='lat' dir='ltr'><strong>in</strong></span> <span class='ocrx_word' id='word_1_645' title='bbox 2678 4206 3077 4272; x_wconf 89' lang='lat' dir='ltr'><strong>superstionem</strong></span> <span class='ocrx_word' id='word_1_646' title='bbox 3119 4203 3351 4260; x_wconf 89' lang='lat' dir='ltr'><strong>cedebat</strong></span> <span class='ocrx_word' id='word_1_647' title='bbox 3393 4219 3466 4259; x_wconf 78' lang='lat' dir='ltr'><strong>ex</strong></span> <span class='ocrx_word' id='word_1_648' title='bbox 3499 4203 3814 4275; x_wconf 87' lang='lat' dir='ltr'><strong>impotentia</strong></span> 
     </span>
    </p>
   </div>
   <div class='ocr_carea' id='block_1_89' title="bbox 2220 4297 3811 4369">
    <p class='ocr_par' dir='ltr' id='par_1_89' title="bbox 2220 4297 3811 4369">
     <span class='ocr_line' id='line_1_89' title="bbox 2220 4297 3811 4369; baseline -0.002 -16"><span class='ocrx_word' id='word_1_649' title='bbox 2220 4299 2391 4369; x_wconf 88' lang='lat' dir='ltr'><strong>vulgi,</strong></span> <span class='ocrx_word' id='word_1_650' title='bbox 2418 4301 2508 4369; x_wconf 91' lang='lat' dir='ltr'><strong>qui</strong></span> <span class='ocrx_word' id='word_1_651' title='bbox 2538 4297 2828 4354; x_wconf 83' lang='lat' dir='ltr'><strong>affectibus</strong></span> <span class='ocrx_word' id='word_1_652' title='bbox 2855 4299 2991 4363; x_wconf 91' lang='lat' dir='ltr'><strong>suis,</strong></span> <span class='ocrx_word' id='word_1_653' title='bbox 3025 4298 3195 4354; x_wconf 90' lang='lat' dir='ltr'><strong>sicubi</strong></span> <span class='ocrx_word' id='word_1_654' title='bbox 3222 4298 3472 4353; x_wconf 86' lang='lat' dir='ltr'><strong>adulatio</strong></span> <span class='ocrx_word' id='word_1_655' title='bbox 3505 4307 3601 4353; x_wconf 90' lang='lat' dir='ltr'><strong>aut</strong></span> <span class='ocrx_word' id='word_1_656' title='bbox 3623 4297 3811 4352; x_wconf 65' lang='lat' dir='ltr'><strong>lmllliill</strong></span> 
     </span>
    </p>
   </div>
   <div class='ocr_carea' id='block_1_90' title="bbox 2219 4389 3811 4462">
    <p class='ocr_par' dir='ltr' id='par_1_90' title="bbox 2219 4389 3811 4462">
     <span class='ocr_line' id='line_1_90' title="bbox 2219 4389 3811 4462; baseline -0.001 -17"><span class='ocrx_word' id='word_1_657' title='bbox 2219 4392 2453 4462; x_wconf 74' lang='lat' dir='ltr'><strong>publica:</strong></span> <span class='ocrx_word' id='word_1_658' title='bbox 2503 4391 2799 4449; x_wconf 79' lang='lat' dir='ltr'><strong>ostentatio</strong></span> <span class='ocrx_word' id='word_1_659' title='bbox 2846 4400 3047 4461; x_wconf 84' lang='lat' dir='ltr'><strong>movet,</strong></span> <span class='ocrx_word' id='word_1_660' title='bbox 3100 4390 3377 4447; x_wconf 84' lang='lat' dir='ltr'><strong>moderari</strong></span> <span class='ocrx_word' id='word_1_661' title='bbox 3430 4391 3645 4462; x_wconf 88' lang='lat' dir='ltr'><strong>nequit.</strong></span> <span class='ocrx_word' id='word_1_662' title='bbox 3710 4389 3811 4445; x_wconf 84' lang='lat' dir='ltr'><strong>[loc</strong></span> 
     </span>
    </p>
   </div>
   <div class='ocr_carea' id='block_1_91' title="bbox 2219 4484 3809 4557">
    <p class='ocr_par' dir='ltr' id='par_1_91' title="bbox 2219 4484 3809 4557">
     <span class='ocr_line' id='line_1_91' title="bbox 2219 4484 3809 4557; baseline 0 -18"><span class='ocrx_word' id='word_1_663' title='bbox 2219 4484 2387 4540; x_wconf 91' lang='lat' dir='ltr'><strong>etiam</strong></span> <span class='ocrx_word' id='word_1_664' title='bbox 2424 4487 2575 4542; x_wconf 91' lang='lat' dir='ltr'><strong>locus</strong></span> <span class='ocrx_word' id='word_1_665' title='bbox 2620 4501 3033 4557; x_wconf 83' lang='lat' dir='ltr'><strong>nunnumquam</strong></span> <span class='ocrx_word' id='word_1_666' title='bbox 3063 4484 3320 4541; x_wconf 87' lang='lat' dir='ltr'><strong>faciebat.</strong></span> <span class='ocrx_word' id='word_1_667' title='bbox 3374 4486 3682 4554; x_wconf 90' lang='lat' dir='ltr'><strong>Siquidem</strong></span> <span class='ocrx_word' id='word_1_668' title='bbox 3712 4498 3809 4539; x_wconf 88' lang='lat' dir='ltr'><strong>non</strong></span> 
     </span>
    </p>
   </div>
   <div class='ocr_carea' id='block_1_92' title="bbox 508 4579 3812 4659">
    <p class='ocr_par' dir='ltr' id='par_1_92' title="bbox 508 4579 3812 4659">
     <span class='ocr_line' id='line_1_92' title="bbox 508 4579 3812 4659; baseline -0.003 -17"><span class='ocrx_word' id='word_1_669' title='bbox 508 4587 780 4659; x_wconf 88' lang='lat' dir='ltr'><strong>quadrant</strong></span> <span class='ocrx_word' id='word_1_670' title='bbox 811 4604 877 4644; x_wconf 74' lang='lat' dir='ltr'><strong>ex</strong></span> <span class='ocrx_word' id='word_1_671' title='bbox 919 4587 1147 4643; x_wconf 90' lang='lat' dir='ltr'><strong>amnssi.</strong></span> <span class='ocrx_word' id='word_1_672' title='bbox 1183 4588 1317 4643; x_wconf 89' lang='lat' dir='ltr'><strong>lllud</strong></span> <span class='ocrx_word' id='word_1_673' title='bbox 1343 4588 1491 4644; x_wconf 91' lang='lat' dir='ltr'><strong>enim</strong></span> <span class='ocrx_word' id='word_1_674' title='bbox 1519 4588 1699 4658; x_wconf 92' lang='lat' dir='ltr'><strong>ipsum</strong></span> <span class='ocrx_word' id='word_1_675' title='bbox 1732 4598 1948 4657; x_wconf 90' lang='lat' dir='ltr'><strong>tempus</strong></span> <span class='ocrx_word' id='word_1_676' title='bbox 1978 4595 2063 4642; x_wconf 91' lang='lat' dir='ltr'><strong>est</strong></span> <span class='ocrx_word' id='word_1_677' title='bbox 2095 4630 2108 4654; x_wconf 95' lang='lat'><strong>,</strong></span> <span class='ocrx_word' id='word_1_678' title='bbox 2140 4592 2191 4653; x_wconf 84' lang='lat' dir='ltr'>D</span> <span class='ocrx_word' id='word_1_679' title='bbox 2220 4586 2429 4635; x_wconf 75' lang='lat' dir='ltr'><strong>tantum</strong></span> <span class='ocrx_word' id='word_1_680' title='bbox 2468 4580 2520 4635; x_wconf 91' lang='lat' dir='ltr'><strong>in</strong></span> <span class='ocrx_word' id='word_1_681' title='bbox 2551 4580 2821 4651; x_wconf 90' lang='lat' dir='ltr'><strong>profanis,</strong></span> <span class='ocrx_word' id='word_1_682' title='bbox 2856 4580 2953 4635; x_wconf 86' lang='lat' dir='ltr'><strong>sed</strong></span> <span class='ocrx_word' id='word_1_683' title='bbox 3003 4580 3056 4635; x_wconf 91' lang='lat' dir='ltr'><strong>in</strong></span> <span class='ocrx_word' id='word_1_684' title='bbox 3089 4579 3260 4634; x_wconf 88' lang='lat' dir='ltr'><strong>sacris</strong></span> <span class='ocrx_word' id='word_1_685' title='bbox 3290 4595 3519 4650; x_wconf 85' lang='lat' dir='ltr'><strong>quoque</strong></span> <span class='ocrx_word' id='word_1_686' title='bbox 3564 4580 3698 4635; x_wconf 90' lang='lat' dir='ltr'><strong>locis</strong></span> <span class='ocrx_word' id='word_1_687' title='bbox 3727 4593 3812 4633; x_wconf 85' lang='lat' dir='ltr'><strong>ex-</strong></span> 
     </span>
    </p>
   </div>
   <div class='ocr_carea' id='block_1_93' title="bbox 504 4679 2114 4752">
    <p class='ocr_par' dir='ltr' id='par_1_93' title="bbox 504 4679 2114 4752">
     <span class='ocr_line' id='line_1_93' title="bbox 504 4679 2114 4752; baseline 0 -17"><span class='ocrx_word' id='word_1_688' title='bbox 504 4695 615 4751; x_wconf 86' lang='lat' dir='ltr'><strong>quo</strong></span> <span class='ocrx_word' id='word_1_689' title='bbox 648 4679 887 4752; x_wconf 85' lang='lat' dir='ltr'><strong>ingentia</strong></span> <span class='ocrx_word' id='word_1_690' title='bbox 916 4680 1281 4735; x_wconf 79' lang='lat' dir='ltr'><strong>barbararum</strong></span> <span class='ocrx_word' id='word_1_691' title='bbox 1312 4680 1565 4737; x_wconf 80' lang='lat' dir='ltr'><strong>examina</strong></span> <span class='ocrx_word' id='word_1_692' title='bbox 1596 4683 1649 4736; x_wconf 90' lang='lat' dir='ltr'><strong>in</strong></span> <span class='ocrx_word' id='word_1_693' title='bbox 1680 4682 1923 4737; x_wconf 82' lang='lat' dir='ltr'><strong>Africam</strong></span> <span class='ocrx_word' id='word_1_694' title='bbox 1947 4693 2114 4751; x_wconf 86' lang='lat' dir='ltr'><strong>atque</strong></span> 
     </span>
    </p>
   </div>
   <div class='ocr_carea' id='block_1_94' title="bbox 508 4772 2111 4845">
    <p class='ocr_par' dir='ltr' id='par_1_94' title="bbox 508 4772 2111 4845">
     <span class='ocr_line' id='line_1_94' title="bbox 508 4772 2111 4845; baseline 0.001 -17"><span class='ocrx_word' id='word_1_695' title='bbox 508 4772 785 4844; x_wconf 85' lang='lat' dir='ltr'><strong>Europam</strong></span> <span class='ocrx_word' id='word_1_696' title='bbox 811 4772 1002 4838; x_wconf 80' lang='lat' dir='ltr'><strong>eﬁ&#39;nsa,</strong></span> <span class='ocrx_word' id='word_1_697' title='bbox 1035 4772 1295 4839; x_wconf 87' lang='lat' dir='ltr'><strong>Galliam,</strong></span> <span class='ocrx_word' id='word_1_698' title='bbox 1330 4774 1670 4840; x_wconf 84' lang='lat' dir='ltr'><strong>Hispaniam,</strong></span> <span class='ocrx_word' id='word_1_699' title='bbox 1704 4775 1914 4829; x_wconf 86' lang='lat' dir='ltr'><strong>Italiam</strong></span> <span class='ocrx_word' id='word_1_700' title='bbox 1944 4789 2009 4830; x_wconf 89' lang='lat' dir='ltr'><strong>ac</strong></span> <span class='ocrx_word' id='word_1_701' title='bbox 2033 4774 2111 4845; x_wconf 86' lang='lat' dir='ltr'><strong>ip-</strong></span> 
     </span>
    </p>
   </div>
   <div class='ocr_carea' id='block_1_95' title="bbox 504 4864 2109 4935">
    <p class='ocr_par' dir='ltr' id='par_1_95' title="bbox 504 4864 2109 4935">
     <span class='ocr_line' id='line_1_95' title="bbox 504 4864 2109 4935; baseline 0.001 -15"><span class='ocrx_word' id='word_1_702' title='bbox 504 4878 624 4921; x_wconf 86' lang='lat' dir='ltr'><strong>sam</strong></span> <span class='ocrx_word' id='word_1_703' title='bbox 647 4864 864 4935; x_wconf 89' lang='lat' dir='ltr'><strong>imperii</strong></span> <span class='ocrx_word' id='word_1_704' title='bbox 896 4878 1077 4919; x_wconf 89' lang='lat' dir='ltr'><strong>arcem</strong></span> <span class='ocrx_word' id='word_1_705' title='bbox 1109 4864 1336 4919; x_wconf 78' lang='lat' dir='ltr'><strong>Romam</strong></span> <span class='ocrx_word' id='word_1_706' title='bbox 1366 4865 1758 4928; x_wconf 85' lang='lat' dir='ltr'><strong>devastarunt;</strong></span> <span class='ocrx_word' id='word_1_707' title='bbox 1792 4865 1919 4921; x_wconf 88' lang='lat' dir='ltr'><strong>dum</strong></span> <span class='ocrx_word' id='word_1_708' title='bbox 1962 4867 2109 4921; x_wconf 90' lang='lat' dir='ltr'><strong>inte-</strong></span> 
     </span>
    </p>
   </div>
   <div class='ocr_carea' id='block_1_96' title="bbox 505 4956 2107 5031">
    <p class='ocr_par' dir='ltr' id='par_1_96' title="bbox 505 4956 2107 5031">
     <span class='ocr_line' id='line_1_96' title="bbox 505 4956 2107 5031; baseline 0.001 -18"><span class='ocrx_word' id='word_1_709' title='bbox 505 4958 609 5031; x_wconf 74' lang='lat' dir='ltr'><strong>rim</strong></span> <span class='ocrx_word' id='word_1_710' title='bbox 654 4957 709 5012; x_wconf 93' lang='lat' dir='ltr'><strong>in</strong></span> <span class='ocrx_word' id='word_1_711' title='bbox 737 4958 953 5013; x_wconf 90' lang='lat' dir='ltr'><strong>oriente</strong></span> <span class='ocrx_word' id='word_1_712' title='bbox 991 4956 1139 5025; x_wconf 73' lang='lat' dir='ltr'><strong>regia</strong></span> <span class='ocrx_word' id='word_1_713' title='bbox 1181 4956 1694 5027; x_wconf 87' lang='lat' dir='ltr'><strong>Constantinopolis</strong></span> <span class='ocrx_word' id='word_1_714' title='bbox 1736 4973 1799 5012; x_wconf 92' lang='lat' dir='ltr'><strong>ac</strong></span> <span class='ocrx_word' id='word_1_715' title='bbox 1834 4959 2107 5029; x_wconf 74' lang='lat' dir='ltr'><strong>pleneque</strong></span> 
     </span>
    </p>
   </div>
   <div class='ocr_carea' id='block_1_97' title="bbox 506 5049 2104 5122">
    <p class='ocr_par' dir='ltr' id='par_1_97' title="bbox 506 5049 2104 5122">
     <span class='ocr_line' id='line_1_97' title="bbox 506 5049 2104 5122; baseline -0.001 -13"><span class='ocrx_word' id='word_1_716' title='bbox 506 5052 764 5109; x_wconf 88' lang='lat' dir='ltr'><strong>civitates</strong></span> <span class='ocrx_word' id='word_1_717' title='bbox 790 5049 1097 5106; x_wconf 65' lang='lat' dir='ltr'><strong>Palmstina:</strong></span> <span class='ocrx_word' id='word_1_718' title='bbox 1122 5050 1407 5107; x_wconf 88' lang='lat' dir='ltr'><strong>horrendo</strong></span> <span class='ocrx_word' id='word_1_719' title='bbox 1436 5062 1601 5107; x_wconf 72' lang='lat' dir='ltr'><strong>terrm</strong></span> <span class='ocrx_word' id='word_1_720' title='bbox 1636 5059 1784 5105; x_wconf 87' lang='lat' dir='ltr'><strong>motu</strong></span> <span class='ocrx_word' id='word_1_721' title='bbox 1810 5062 2104 5122; x_wconf 78' lang='lat' dir='ltr'><strong>quateren—</strong></span> 
     </span>
    </p>
   </div>
   <div class='ocr_carea' id='block_1_98' title="bbox 506 5142 2101 5215">
    <p class='ocr_par' dir='ltr' id='par_1_98' title="bbox 506 5142 2101 5215">
     <span class='ocr_line' id='line_1_98' title="bbox 506 5142 2101 5215; baseline -0.003 -14"><span class='ocrx_word' id='word_1_722' title='bbox 506 5154 633 5211; x_wconf 86' lang='lat' dir='ltr'><strong>tur;</strong></span> <span class='ocrx_word' id='word_1_723' title='bbox 675 5144 818 5200; x_wconf 87' lang='lat' dir='ltr'><strong>fame</strong></span> <span class='ocrx_word' id='word_1_724' title='bbox 857 5142 1099 5215; x_wconf 91' lang='lat' dir='ltr'><strong>denique</strong></span> <span class='ocrx_word' id='word_1_725' title='bbox 1128 5158 1191 5200; x_wconf 87' lang='lat' dir='ltr'><strong>ac</strong></span> <span class='ocrx_word' id='word_1_726' title='bbox 1224 5155 1381 5215; x_wconf 91' lang='lat' dir='ltr'><strong>peste</strong></span> <span class='ocrx_word' id='word_1_727' title='bbox 1409 5144 1658 5200; x_wconf 89' lang='lat' dir='ltr'><strong>homines</strong></span> <span class='ocrx_word' id='word_1_728' title='bbox 1685 5143 2101 5200; x_wconf 81' lang='lat' dir='ltr'><strong>aﬂlictarentur.</strong></span> 
     </span>
    </p>
   </div>
   <div class='ocr_carea' id='block_1_99' title="bbox 508 5236 2104 5310">
    <p class='ocr_par' dir='ltr' id='par_1_99' title="bbox 508 5236 2104 5310">
     <span class='ocr_line' id='line_1_99' title="bbox 508 5236 2104 5310; baseline 0 -18"><span class='ocrx_word' id='word_1_729' title='bbox 508 5236 643 5293; x_wconf 78' lang='lat' dir='ltr'><strong>Vide</strong></span> <span class='ocrx_word' id='word_1_730' title='bbox 664 5237 740 5294; x_wconf 91' lang='lat' dir='ltr'><strong>sis</strong></span> <span class='ocrx_word' id='word_1_731' title='bbox 760 5236 1017 5293; x_wconf 87' lang='lat' dir='ltr'><strong>Orosium</strong></span> <span class='ocrx_word' id='word_1_732' title='bbox 1050 5236 1155 5308; x_wconf 77' lang='grc' dir='ltr'><strong>(ά),</strong></span> <span class='ocrx_word' id='word_1_733' title='bbox 1189 5236 1463 5293; x_wconf 81' lang='lat' dir='ltr'><strong>Zosimum</strong></span> <span class='ocrx_word' id='word_1_734' title='bbox 1497 5237 1591 5310; x_wconf 83' lang='lat' dir='ltr'><strong>(e),</strong></span> <span class='ocrx_word' id='word_1_735' title='bbox 1611 5236 1977 5293; x_wconf 86' lang='lat' dir='ltr'><strong>Sozomenum</strong></span> <span class='ocrx_word' id='word_1_736' title='bbox 2000 5237 2104 5309; x_wconf 79' lang='lat' dir='ltr'><strong>(f),</strong></span> 
     </span>
    </p>
   </div>
   <div class='ocr_carea' id='block_1_100' title="bbox 604 5441 1487 5516">
    <p class='ocr_par' dir='ltr' id='par_1_100' title="bbox 604 5441 1487 5516">
     <span class='ocr_line' id='line_1_100' title="bbox 604 5441 1487 5516; baseline -0.008 -14"><span class='ocrx_word' id='word_1_737' title='bbox 604 5450 659 5516; x_wconf 89' lang='lat' dir='ltr'><strong>a)</strong></span> <span class='ocrx_word' id='word_1_738' title='bbox 689 5445 935 5501; x_wconf 87' lang='lat' dir='ltr'><strong>Cassian.</strong></span> <span class='ocrx_word' id='word_1_739' title='bbox 972 5441 1281 5516; x_wconf 72' lang='lat' dir='ltr'><strong>praefat._ad</strong></span> <span class='ocrx_word' id='word_1_740' title='bbox 1310 5441 1487 5496; x_wconf 89' lang='lat' dir='ltr'><strong>lnstit.</strong></span> 
     </span>
    </p>
   </div>
   <div class='ocr_carea' id='block_1_101' title="bbox 602 5513 1626 5660">
    <p class='ocr_par' dir='ltr' id='par_1_101' title="bbox 602 5513 1626 5660">
     <span class='ocr_line' id='line_1_101' title="bbox 602 5513 1626 5584; baseline -0.006 -11"><span class='ocrx_word' id='word_1_741' title='bbox 602 5513 650 5573; x_wconf 67' lang='grc' dir='ltr'><strong>δ’</strong></span> <span class='ocrx_word' id='word_1_742' title='bbox 686 5517 885 5573; x_wconf 84' lang='lat' dir='ltr'><strong>Zacch.</strong></span> <span class='ocrx_word' id='word_1_743' title='bbox 918 5513 1170 5571; x_wconf 83' lang='lat' dir='ltr'><strong>consult.</strong></span> <span class='ocrx_word' id='word_1_744' title='bbox 1203 5513 1299 5569; x_wconf 92' lang='lat' dir='ltr'><strong>lib.</strong></span> <span class='ocrx_word' id='word_1_745' title='bbox 1331 5528 1389 5578; x_wconf 85' lang='grc' dir='ltr'>ιι,</span> <span class='ocrx_word' id='word_1_746' title='bbox 1421 5528 1543 5584; x_wconf 89' lang='lat' dir='ltr'><strong>cap.</strong></span> <span class='ocrx_word' id='word_1_747' title='bbox 1576 5515 1626 5568; x_wconf 81' lang='lat' dir='ltr'><strong>i.</strong></span> 
     </span>
     <span class='ocr_line' id='line_1_102' title="bbox 604 5520 1575 5660; baseline -0.006 -16"><span class='ocrx_word' id='word_1_748' title='bbox 604 5520 752 5660; x_wconf 59' lang='lat' dir='ltr'><strong>cini.</strong></span> <span class='ocrx_word' id='word_1_749' title='bbox 782 5588 914 5643; x_wconf 91' lang='lat' dir='ltr'><strong>ibid.</strong></span> <span class='ocrx_word' id='word_1_750' title='bbox 948 5587 1047 5642; x_wconf 90' lang='lat' dir='ltr'><strong>lib.</strong></span> <span class='ocrx_word' id='word_1_751' title='bbox 1076 5601 1192 5651; x_wconf 81' lang='lat' dir='ltr'><strong>vin,</strong></span> <span class='ocrx_word' id='word_1_752' title='bbox 1224 5600 1345 5660; x_wconf 65' lang='lat' dir='ltr'><strong>cap.</strong></span> <span class='ocrx_word' id='word_1_753' title='bbox 1373 5585 1428 5641; x_wconf 92' lang='lat'><strong>8.</strong></span> <span class='ocrx_word' id='word_1_754' title='bbox 1466 5657 1479 5660; x_wconf 97' lang='lat'><strong>_</strong></span> <span class='ocrx_word' id='word_1_755' title='bbox 1557 5657 1575 5660; x_wconf 88' lang='lat'>_</span> 
     </span>
    </p>
   </div>
   <div class='ocr_carea' id='block_1_102' title="bbox 604 5585 1428 5671">
    <p class='ocr_par' dir='ltr' id='par_1_102' title="bbox 604 5585 1428 5671">
     <span class='ocr_line' id='line_1_103' title="bbox 604 5585 1428 5671; baseline -0.005 -27"><span class='ocrx_word' id='word_1_756' title='bbox 604 5585 653 5671; x_wconf 80' lang='lat' dir='ltr'><strong>c_)</strong></span> <span class='ocrx_word' id='word_1_757' title='bbox 675 5588 752 5671; x_wconf 63' lang='lat' dir='ltr'><strong>Id.</strong></span> <span class='ocrx_word' id='word_1_758' title='bbox 782 5587 1047 5671; x_wconf 69' lang='lat' dir='ltr'><strong>ibid._lib.</strong></span> <span class='ocrx_word' id='word_1_759' title='bbox 1076 5601 1192 5651; x_wconf 81' lang='lat' dir='ltr'><strong>vin,</strong></span> <span class='ocrx_word' id='word_1_760' title='bbox 1224 5600 1347 5671; x_wconf 38' lang='lat' dir='ltr'><strong>capt.</strong></span> <span class='ocrx_word' id='word_1_761' title='bbox 1373 5585 1428 5641; x_wconf 92' lang='lat'><strong>8.</strong></span> 
     </span>
    </p>
   </div>
   <div class='ocr_carea' id='block_1_103' title="bbox 606 5657 2024 5743">
    <p class='ocr_par' dir='ltr' id='par_1_103' title="bbox 606 5657 2024 5743">
     <span class='ocr_line' id='line_1_104' title="bbox 606 5657 2024 5743; baseline -0.004 -28"><span class='ocrx_word' id='word_1_762' title='bbox 606 5657 661 5731; x_wconf 76' lang='grc' dir='ltr'><strong>ά)</strong></span> <span class='ocrx_word' id='word_1_763' title='bbox 682 5658 854 5743; x_wconf 65' lang='lat' dir='ltr'><strong>pros.</strong></span> <span class='ocrx_word' id='word_1_764' title='bbox 886 5660 984 5743; x_wconf 79' lang='lat' dir='ltr'><strong>li_b_.</strong></span> <span class='ocrx_word' id='word_1_765' title='bbox 1014 5674 1110 5725; x_wconf 86' lang='lat' dir='ltr'><strong>vn,</strong></span> <span class='ocrx_word' id='word_1_766' title='bbox 1132 5673 1253 5730; x_wconf 87' lang='lat' dir='ltr'><strong>cap.</strong></span> <span class='ocrx_word' id='word_1_767' title='bbox 1278 5658 1369 5725; x_wconf 70' lang='lat'><strong>40,</strong></span> <span class='ocrx_word' id='word_1_768' title='bbox 1399 5657 1520 5715; x_wconf 92' lang='lat' dir='ltr'><strong>sub.</strong></span> <span class='ocrx_word' id='word_1_769' title='bbox 1548 5657 1667 5725; x_wconf 86' lang='lat' dir='ltr'><strong>ﬁn.,</strong></span> <span class='ocrx_word' id='word_1_770' title='bbox 1702 5667 1757 5716; x_wconf 84' lang='lat' dir='ltr'><strong>ct.</strong></span> <span class='ocrx_word' id='word_1_771' title='bbox 1783 5672 1905 5730; x_wconf 91' lang='lat' dir='ltr'><strong>cap.</strong></span> <span class='ocrx_word' id='word_1_772' title='bbox 1933 5657 2024 5712; x_wconf 72' lang='grc'><strong>42.</strong></span> 
     </span>
    </p>
   </div>
   <div class='ocr_carea' id='block_1_104' title="bbox 580 5731 1357 5874">
    <p class='ocr_par' dir='ltr' id='par_1_104' title="bbox 580 5731 1357 5874">
     <span class='ocr_line' id='line_1_105' title="bbox 581 5731 1117 5800; baseline -0.004 -13"><span class='ocrx_word' id='word_1_773' title='bbox 581 5731 661 5800; x_wconf 75' lang='grc' dir='ltr'><strong>(ε)</strong></span> <span class='ocrx_word' id='word_1_774' title='bbox 682 5731 889 5789; x_wconf 84' lang='lat' dir='ltr'><strong>Zosim.</strong></span> <span class='ocrx_word' id='word_1_775' title='bbox 918 5731 1015 5786; x_wconf 91' lang='lat' dir='ltr'><strong>lib.</strong></span> <span class='ocrx_word' id='word_1_776' title='bbox 1045 5746 1117 5786; x_wconf 84' lang='lat' dir='ltr'><strong>vt.</strong></span> 
     </span>
     <span class='ocr_line' id='line_1_106' title="bbox 580 5801 1357 5874; baseline -0.006 -13"><span class='ocrx_word' id='word_1_777' title='bbox 580 5804 655 5869; x_wconf 75' lang='grc' dir='ltr'>ω</span> <span class='ocrx_word' id='word_1_778' title='bbox 682 5802 898 5861; x_wconf 75' lang='lat' dir='ltr'><strong>Sozam.</strong></span> <span class='ocrx_word' id='word_1_779' title='bbox 930 5801 1024 5859; x_wconf 91' lang='lat' dir='ltr'><strong>lib.</strong></span> <span class='ocrx_word' id='word_1_780' title='bbox 1054 5818 1131 5870; x_wconf 81' lang='lat' dir='ltr'><strong>ix,</strong></span> <span class='ocrx_word' id='word_1_781' title='bbox 1154 5816 1271 5874; x_wconf 87' lang='lat' dir='ltr'><strong>cap.</strong></span> <span class='ocrx_word' id='word_1_782' title='bbox 1301 5801 1357 5859; x_wconf 89' lang='lat'><strong>8.</strong></span> 
     </span>
    </p>
   </div>
   <div class='ocr_carea' id='block_1_105' title="bbox 2221 4673 3809 4746">
    <p class='ocr_par' dir='ltr' id='par_1_105' title="bbox 2221 4673 3809 4746">
     <span class='ocr_line' id='line_1_107' title="bbox 2221 4673 3809 4746; baseline -0.003 -17"><span class='ocrx_word' id='word_1_783' title='bbox 2221 4675 2565 4745; x_wconf 88' lang='lat' dir='ltr'><strong>ponebantur</strong></span> <span class='ocrx_word' id='word_1_784' title='bbox 2615 4676 2881 4746; x_wconf 87' lang='lat' dir='ltr'><strong>imagines</strong></span> <span class='ocrx_word' id='word_1_785' title='bbox 2940 4675 3068 4740; x_wconf 70' lang='lat' dir='ltr'><strong>illae,</strong></span> <span class='ocrx_word' id='word_1_786' title='bbox 3117 4674 3260 4729; x_wconf 89' lang='lat' dir='ltr'><strong>sicut</strong></span> <span class='ocrx_word' id='word_1_787' title='bbox 3310 4673 3568 4729; x_wconf 69' lang='lat' dir='ltr'><strong>Eudocim</strong></span> <span class='ocrx_word' id='word_1_788' title='bbox 3618 4680 3809 4730; x_wconf 85' lang='lat' dir='ltr'><strong>statuta</strong></span> 
     </span>
    </p>
   </div>
   <div class='ocr_carea' id='block_1_106' title="bbox 2215 4764 3810 4842">
    <p class='ocr_par' dir='ltr' id='par_1_106' title="bbox 2215 4764 3810 4842">
     <span class='ocr_line' id='line_1_108' title="bbox 2215 4764 3810 4842; baseline -0.003 -17"><span class='ocrx_word' id='word_1_789' title='bbox 2215 4767 2685 4842; x_wconf 87' lang='lat' dir='ltr'><strong>Constantinopoli</strong></span> <span class='ocrx_word' id='word_1_790' title='bbox 2721 4786 2887 4841; x_wconf 89' lang='lat' dir='ltr'><strong>prope</strong></span> <span class='ocrx_word' id='word_1_791' title='bbox 2916 4769 3196 4825; x_wconf 89' lang='lat' dir='ltr'><strong>basilicam</strong></span> <span class='ocrx_word' id='word_1_792' title='bbox 3226 4778 3437 4830; x_wconf 85' lang='lat' dir='ltr'><strong>erecta.</strong></span> <span class='ocrx_word' id='word_1_793' title='bbox 3466 4784 3591 4839; x_wconf 62' lang='lat' dir='ltr'><strong>quia</strong></span> <span class='ocrx_word' id='word_1_794' title='bbox 3617 4764 3810 4823; x_wconf 86' lang='lat' dir='ltr'><strong>Joanni</strong></span> 
     </span>
    </p>
   </div>
   <div class='ocr_carea' id='block_1_107' title="bbox 2212 4862 3798 4937">
    <p class='ocr_par' dir='ltr' id='par_1_107' title="bbox 2212 4862 3798 4937">
     <span class='ocr_line' id='line_1_109' title="bbox 2212 4862 3798 4937; baseline -0.004 -18"><span class='ocrx_word' id='word_1_795' title='bbox 2212 4863 2608 4936; x_wconf 71' lang='lat' dir='ltr'><strong>Chrysiistomo</strong></span> <span class='ocrx_word' id='word_1_796' title='bbox 2634 4865 2765 4937; x_wconf 89' lang='lat' dir='ltr'><strong>justi</strong></span> <span class='ocrx_word' id='word_1_797' title='bbox 2796 4864 2897 4920; x_wconf 87' lang='lat' dir='ltr'><strong>zeli</strong></span> <span class='ocrx_word' id='word_1_798' title='bbox 2949 4864 3109 4919; x_wconf 82' lang='lat' dir='ltr'><strong>simul</strong></span> <span class='ocrx_word' id='word_1_799' title='bbox 3140 4873 3195 4919; x_wconf 90' lang='lat' dir='ltr'><strong>et</strong></span> <span class='ocrx_word' id='word_1_800' title='bbox 3226 4863 3455 4919; x_wconf 72' lang='lat' dir='ltr'><strong>invidia:</strong></span> <span class='ocrx_word' id='word_1_801' title='bbox 3487 4878 3651 4918; x_wconf 84' lang='lat' dir='ltr'><strong>causa</strong></span> <span class='ocrx_word' id='word_1_802' title='bbox 3685 4862 3798 4917; x_wconf 91' lang='lat' dir='ltr'><strong>fuit.</strong></span> 
     </span>
    </p>
   </div>
   <div class='ocr_carea' id='block_1_108' title="bbox 2213 4954 3812 5027">
    <p class='ocr_par' dir='ltr' id='par_1_108' title="bbox 2213 4954 3812 5027">
     <span class='ocr_line' id='line_1_110' title="bbox 2213 4954 3812 5027; baseline 0.001 -21"><span class='ocrx_word' id='word_1_803' title='bbox 2213 4956 2331 5023; x_wconf 85' lang='lat' dir='ltr'><strong>Quo</strong></span> <span class='ocrx_word' id='word_1_804' title='bbox 2364 4957 2677 5027; x_wconf 82' lang='lat' dir='ltr'><strong>reSpexisse</strong></span> <span class='ocrx_word' id='word_1_805' title='bbox 2707 4955 2928 5011; x_wconf 90' lang='lat' dir='ltr'><strong>videtur</strong></span> <span class='ocrx_word' id='word_1_806' title='bbox 2950 4954 3267 5021; x_wconf 67' lang='lat' dir='ltr'><strong>Zaccbzcus,</strong></span> <span class='ocrx_word' id='word_1_807' title='bbox 3298 4970 3425 5010; x_wconf 92' lang='lat' dir='ltr'><strong>cum</strong></span> <span class='ocrx_word' id='word_1_808' title='bbox 3470 4955 3614 5025; x_wconf 87' lang='lat' dir='ltr'><strong>inﬁt,</strong></span> <span class='ocrx_word' id='word_1_809' title='bbox 3642 4968 3812 5009; x_wconf 87' lang='lat' dir='ltr'><strong>sacer-</strong></span> 
     </span>
    </p>
   </div>
   <div class='ocr_carea' id='block_1_109' title="bbox 2212 5045 3799 5121">
    <p class='ocr_par' dir='ltr' id='par_1_109' title="bbox 2212 5045 3799 5121">
     <span class='ocr_line' id='line_1_111' title="bbox 2212 5045 3799 5121; baseline -0.004 -15"><span class='ocrx_word' id='word_1_810' title='bbox 2212 5050 2370 5106; x_wconf 87' lang='lat' dir='ltr'><strong>d0tes</strong></span> <span class='ocrx_word' id='word_1_811' title='bbox 2399 5050 2665 5121; x_wconf 86' lang='lat' dir='ltr'><strong>ejusmodi</strong></span> <span class='ocrx_word' id='word_1_812' title='bbox 2693 5050 3146 5106; x_wconf 85' lang='lat' dir='ltr'><strong>consuetudinem</strong></span> <span class='ocrx_word' id='word_1_813' title='bbox 3194 5049 3517 5105; x_wconf 89' lang='lat' dir='ltr'><strong>incautioris</strong></span> <span class='ocrx_word' id='word_1_814' title='bbox 3562 5045 3799 5116; x_wconf 83' lang='lat' dir='ltr'><strong>obsequii</strong></span> 
     </span>
    </p>
   </div>
   <div class='ocr_carea' id='block_1_110' title="bbox 2216 5142 3798 5215">
    <p class='ocr_par' dir='ltr' id='par_1_110' title="bbox 2216 5142 3798 5215">
     <span class='ocr_line' id='line_1_112' title="bbox 2216 5142 3798 5215; baseline 0.001 -21"><span class='ocrx_word' id='word_1_815' title='bbox 2216 5143 2525 5212; x_wconf 87' lang='lat' dir='ltr'><strong>prohibere.</strong></span> <span class='ocrx_word' id='word_1_816' title='bbox 2564 5142 2633 5201; x_wconf 87' lang='lat' dir='ltr'><strong>Ut</strong></span> <span class='ocrx_word' id='word_1_817' title='bbox 2674 5145 2818 5200; x_wconf 92' lang='lat' dir='ltr'><strong>enim</strong></span> <span class='ocrx_word' id='word_1_818' title='bbox 2854 5156 3034 5215; x_wconf 89' lang='lat' dir='ltr'><strong>patres</strong></span> <span class='ocrx_word' id='word_1_819' title='bbox 3075 5157 3344 5199; x_wconf 88' lang='lat' dir='ltr'><strong>censuere</strong></span> <span class='ocrx_word' id='word_1_820' title='bbox 3393 5143 3659 5199; x_wconf 91' lang='lat' dir='ltr'><strong>colendas</strong></span> <span class='ocrx_word' id='word_1_821' title='bbox 3684 5156 3798 5197; x_wconf 69' lang='lat' dir='ltr'><strong>esse</strong></span> 
     </span>
    </p>
   </div>
   <div class='ocr_carea' id='block_1_111' title="bbox 2218 5235 3807 5310">
    <p class='ocr_par' dir='ltr' id='par_1_111' title="bbox 2218 5235 3807 5310">
     <span class='ocr_line' id='line_1_113' title="bbox 2218 5235 3807 5310; baseline 0 -21"><span class='ocrx_word' id='word_1_822' title='bbox 2218 5235 2609 5308; x_wconf 83' lang='lat' dir='ltr'><strong>imperatorum</strong></span> <span class='ocrx_word' id='word_1_823' title='bbox 2663 5238 2950 5310; x_wconf 89' lang='lat' dir='ltr'><strong>imagines,</strong></span> <span class='ocrx_word' id='word_1_824' title='bbox 3007 5238 3078 5293; x_wconf 91' lang='lat' dir='ltr'><strong>ita</strong></span> <span class='ocrx_word' id='word_1_825' title='bbox 3136 5252 3361 5308; x_wconf 87' lang='lat' dir='ltr'><strong>semper</strong></span> <span class='ocrx_word' id='word_1_826' title='bbox 3395 5237 3807 5294; x_wconf 86' lang='lat' dir='ltr'><strong>immoderatum</strong></span> 
     </span>
    </p>
   </div>
   <div class='ocr_carea' id='block_1_112' title="bbox 2290 5442 3163 5597">
    <p class='ocr_par' dir='ltr' id='par_1_112' title="bbox 2290 5442 3163 5597">
     <span class='ocr_line' id='line_1_114' title="bbox 2290 5442 2937 5566; baseline -0.015 -57"><span class='ocrx_word' id='word_1_827' title='bbox 2290 5442 2365 5566; x_wconf 58' lang='grc' dir='ltr'><strong>(Ζ)</strong></span> <span class='ocrx_word' id='word_1_828' title='bbox 2398 5443 2619 5499; x_wconf 81' lang='lat' dir='ltr'><strong>Hieron.</strong></span> <span class='ocrx_word' id='word_1_829' title='bbox 2648 5443 2809 5515; x_wconf 91' lang='lat' dir='ltr'><strong>epist.</strong></span> <span class='ocrx_word' id='word_1_830' title='bbox 2845 5444 2937 5499; x_wconf 80' lang='grc'><strong>16.</strong></span> 
     </span>
     <span class='ocr_line' id='line_1_115' title="bbox 2290 5512 3163 5597; baseline -0.025 -23"><span class='ocrx_word' id='word_1_831' title='bbox 2290 5512 2639 5597; x_wconf 42' lang='lat' dir='ltr'><strong>(“)&quot;Marcell.</strong></span> <span class='ocrx_word' id='word_1_832' title='bbox 2672 5516 2880 5597; x_wconf 57' lang='lat' dir='ltr'><strong>Chron,</strong></span> <span class='ocrx_word' id='word_1_833' title='bbox 2916 5530 3038 5597; x_wconf 60' lang='lat' dir='ltr'><strong>pag,</strong></span> <span class='ocrx_word' id='word_1_834' title='bbox 3072 5515 3163 5569; x_wconf 50' lang='lat'><strong>27.</strong></span> 
     </span>
    </p>
   </div>
   <div class='ocr_carea' id='block_1_113' title="bbox 2307 5582 3043 5656">
    <p class='ocr_par' dir='ltr' id='par_1_113' title="bbox 2307 5582 3043 5656">
     <span class='ocr_line' id='line_1_116' title="bbox 2307 5582 3043 5656; baseline 0.004 -19"><span class='ocrx_word' id='word_1_835' title='bbox 2307 5582 2347 5656; x_wconf 82' lang='grc' dir='ltr'><strong>ἰ)</strong></span> <span class='ocrx_word' id='word_1_836' title='bbox 2376 5586 2578 5642; x_wconf 85' lang='lat' dir='ltr'><strong>Zachh.</strong></span> <span class='ocrx_word' id='word_1_837' title='bbox 2614 5588 2650 5642; x_wconf 94' lang='lat' dir='ltr'><strong>l.</strong></span> <span class='ocrx_word' id='word_1_838' title='bbox 2677 5602 2726 5642; x_wconf 92' lang='lat' dir='ltr'><strong>c.</strong></span> <span class='ocrx_word' id='word_1_839' title='bbox 2761 5587 2855 5641; x_wconf 90' lang='lat' dir='ltr'><strong>lib.</strong></span> <span class='ocrx_word' id='word_1_840' title='bbox 2888 5582 3043 5643; x_wconf 52' lang='lat'><strong>111.6.</strong></span> 
     </span>
    </p>
   </div>
   <div class='ocr_carea' id='block_1_114' title="bbox 2309 5657 3279 5730">
    <p class='ocr_par' dir='ltr' id='par_1_114' title="bbox 2309 5657 3279 5730">
     <span class='ocr_line' id='line_1_117' title="bbox 2309 5657 3279 5730; baseline -0.01 -9"><span class='ocrx_word' id='word_1_841' title='bbox 2309 5657 2349 5730; x_wconf 72' lang='grc' dir='ltr'><strong>ἱ)</strong></span> <span class='ocrx_word' id='word_1_842' title='bbox 2382 5662 2520 5730; x_wconf 67' lang='lat' dir='ltr'><strong>Aug.</strong></span> <span class='ocrx_word' id='word_1_843' title='bbox 2550 5658 2806 5715; x_wconf 87' lang='lat' dir='ltr'><strong>Confess.</strong></span> <span class='ocrx_word' id='word_1_844' title='bbox 2836 5659 2929 5715; x_wconf 89' lang='lat' dir='ltr'><strong>lib.</strong></span> <span class='ocrx_word' id='word_1_845' title='bbox 2960 5674 3036 5724; x_wconf 82' lang='lat' dir='ltr'><strong>ix,</strong></span> <span class='ocrx_word' id='word_1_846' title='bbox 3062 5672 3180 5730; x_wconf 61' lang='lat' dir='ltr'><strong>cap.</strong></span> <span class='ocrx_word' id='word_1_847' title='bbox 3201 5658 3279 5730; x_wconf 20' lang='grc'><strong>47.</strong></span> 
     </span>
    </p>
   </div>
   <div class='ocr_carea' id='block_1_115' title="bbox 2285 5728 3242 5797">
    <p class='ocr_par' dir='ltr' id='par_1_115' title="bbox 2285 5728 3242 5797">
     <span class='ocr_line' id='line_1_118' title="bbox 2285 5728 3242 5797; baseline -0.008 -6"><span class='ocrx_word' id='word_1_848' title='bbox 2285 5728 2367 5795; x_wconf 75' lang='grc' dir='ltr'><strong>(Ιί)</strong></span> <span class='ocrx_word' id='word_1_849' title='bbox 2398 5728 2595 5785; x_wconf 82' lang='lat' dir='ltr'><strong>Zacch.</strong></span> <span class='ocrx_word' id='word_1_850' title='bbox 2629 5732 2667 5783; x_wconf 96' lang='lat' dir='ltr'><strong>I.</strong></span> <span class='ocrx_word' id='word_1_851' title='bbox 2701 5746 2751 5783; x_wconf 92' lang='lat' dir='ltr'><strong>c.</strong></span> <span class='ocrx_word' id='word_1_852' title='bbox 2783 5731 2878 5785; x_wconf 92' lang='lat' dir='ltr'><strong>lib.</strong></span> <span class='ocrx_word' id='word_1_853' title='bbox 2912 5747 2950 5795; x_wconf 88' lang='grc' dir='ltr'>ι,</span> <span class='ocrx_word' id='word_1_854' title='bbox 2997 5744 3121 5797; x_wconf 89' lang='lat' dir='ltr'><strong>cap.</strong></span> <span class='ocrx_word' id='word_1_855' title='bbox 3149 5728 3242 5783; x_wconf 77' lang='lat'><strong>‘21.</strong></span> 
     </span>
    </p>
   </div>
   <div class='ocr_carea' id='block_1_116' title="bbox 2288 5797 3123 5881">
    <p class='ocr_par' dir='ltr' id='par_1_116' title="bbox 2288 5797 3123 5881">
     <span class='ocr_line' id='line_1_119' title="bbox 2288 5797 3123 5881; baseline -0.007 -22"><span class='ocrx_word' id='word_1_856' title='bbox 2288 5797 2372 5871; x_wconf 87' lang='grc' dir='ltr'><strong>(ι)</strong></span> <span class='ocrx_word' id='word_1_857' title='bbox 2400 5800 2479 5857; x_wconf 90' lang='lat' dir='ltr'><strong>ld.</strong></span> <span class='ocrx_word' id='word_1_858' title='bbox 2509 5802 2551 5881; x_wconf 67' lang='lat' dir='ltr'><strong>l.</strong></span> <span class='ocrx_word' id='word_1_859' title='bbox 2575 5818 2627 5860; x_wconf 90' lang='lat' dir='ltr'><strong>c.</strong></span> <span class='ocrx_word' id='word_1_860' title='bbox 2666 5802 2760 5857; x_wconf 91' lang='lat' dir='ltr'><strong>lib.</strong></span> <span class='ocrx_word' id='word_1_861' title='bbox 2795 5818 2833 5868; x_wconf 84' lang='grc' dir='ltr'>ι,</span> <span class='ocrx_word' id='word_1_862' title='bbox 2866 5818 2987 5873; x_wconf 88' lang='lat' dir='ltr'><strong>cap.</strong></span> <span class='ocrx_word' id='word_1_863' title='bbox 3035 5800 3123 5855; x_wconf 74' lang='lat'><strong>‘28.</strong></span> 
     </span>
    </p>
   </div>
  </div>
