4060 6344
231 340 365 400 1065

1619 331 2136 392 PROLEGOMENA
2148 374 2160 388 .

3395 337 3534 397 1066

231 451 610 525 improbavere
632 452 836 508 cultum
867 452 959 522 qui
989 451 1058 507 ad
1082 449 1428 522 religionem,
1456 452 1623 508 immo
1646 453 1712 508 ad
1739 467 1829 508 su-
1855 450 1905 511 A
1935 450 2064 517 mis,
2097 450 2323 508 caeleste
2363 450 2605 506 fidelium
2645 465 2842 506 munus
2890 465 3024 517 pura
3065 451 3343 508 oblatione
3385 454 3536 510 cele-

231 544 637 618 perstitionetn,
687 543 952 600 accedere
1003 543 1320 599 videbatur.
1353 543 1494 613 Quin
1528 546 1695 601 etiam
1728 545 1830 598 im-

233 647 519 711 peratores
560 637 761 708 quibus
801 638 980 708 pietas
1007 637 1158 692 cordi
1189 647 1328 704 erat,
1361 654 1469 693 non
1499 639 1672 694 tulere
1699 637 1832 693 etl‘u-

233 747 347 789 sam
387 731 674 786 libidinem
722 732 776 786 in
801 730 1054 786 colendis
1094 730 1343 786 leonibus
1374 732 1507 787 suis.
1562 732 1832 787 Przeclara

236 835 318 884 est
344 841 466 882 eam
513 826 568 881 in
614 840 730 882 rem
776 825 866 880 lex
897 823 1191 880 Theodosii
1239 825 1618 894 imperatoris,
1670 839 1833 894 quam

234 917 338 977 huc
362 919 636 974 ascribam
668 917 735 972 ad
760 917 811 973 id
835 915 941 971 loci
971 915 1349 971 illustrandum
1380 915 1479 987 ta)
1508 933 1520 968 :
1547 913 1837 984 Siquando

237 1022 428 1069 nostra:
468 1023 656 1068 statuae
687 1012 766 1067 vel
801 1012 1049 1081 imagines
1078 1015 1367 1084 eriguntur,
1409 1027 1499 1064 seu
1529 1009 1731 1074 diebus,
1781 1017 1839 1062 ut

238 1104 458 1172 adsolet,
482 1105 649 1176 festis,
675 1105 782 1159 sive
811 1104 1187 1166 communibus,
1219 1102 1359 1158 adsit
1380 1104 1550 1175 judea:
1578 1103 1688 1156 sine
1707 1102 1838 1156 ado-

238 1198 453 1253 rationis
483 1198 756 1252 ambitioso
779 1197 1010 1270 fastigio,
1035 1204 1090 1250 ut
1113 1202 1472 1249 ornamentum
1499 1195 1605 1248 diei
1624 1194 1702 1248 vel
1728 1192 1841 1248 loco

238 1301 283 1346 et
312 1300 506 1346 nostra:
551 1289 902 1345 recordationi
933 1291 1015 1343 sui
1056 1288 1233 1361 probet
1279 1287 1560 1342 accessisse
1614 1302 1839 1356 praise-n-

243 1385 386 1438 tiam.
437 1383 603 1436 Ludis
649 1399 848 1452 quoque
889 1382 1174 1435 simulacra
1224 1380 1491 1450 prOposita
1544 1389 1742 1433 tantum
1790 1379 1841 1431 in

241 1479 431 1534 animis
459 1485 859 1532 concurrentum
904 1477 1188 1545 mentisque
1228 1474 1438 1528 secretis
1469 1483 1704 1528 nostrum
1749 1488 1845 1525 nu-

243 1586 355 1628 men
385 1579 435 1624 et
477 1569 659 1624 laudes
707 1569 878 1641 vigere
919 1568 1314 1621 demonstrent:
1343 1565 1600 1620 excedens
1640 1565 1846 1619 cultura

249 1665 521 1720 hominum
547 1665 852 1738 dignitatem
880 1679 1107 1730 superno
1137 1660 1364 1715 Numini
1391 1668 1705 1716 reservetur.
1737 1660 1845 1714 Eo-

1934 544 2080 599 brari
2109 553 2505 600 commemorat
2545 545 2663 617 (f).
2696 544 2952 600 Liberum
3004 545 3289 602 arbitrium
3319 556 3532 603 sartum

1937 645 2097 708 atque
2142 637 2414 708 integrum
2446 636 2650 708 passim
2698 647 3022 709 propugnat.
3082 639 3374 694 Sacrarum
3406 641 3540 696 reli-

1936 733 2182 803 quiarum
2223 734 2407 788 virtuti
2476 734 2686 790 illustre
2735 734 3110 790 testimonium
3174 734 3357 790 reddit
3409 735 3539 808 (g),

1939 824 2066 882 dum
2113 843 2174 883 ea
2234 843 2356 899 quae
2381 838 2600 884 sanctos
2623 829 2818 884 fecisse
2862 828 3094 900 legimus
3145 831 3320 896 vivos,
3371 829 3537 885 etiam

1941 931 2057 976 ante
2081 922 2447 994 defunctorum
2470 925 2662 978 cineres
2690 922 2804 980 fieri
2831 925 2988 978 testis
3009 923 3257 980 oculatus
3278 923 3542 980 affirmat.

1943 1014 2279 1074 Monasticen
2299 1035 2461 1088 qnam
2489 1019 2762 1074 Lutlterus
2790 1027 2850 1072 ut
2876 1017 3160 1073 inventum
3190 1018 3394 1074 diaboli
3416 1035 3548 1074 exa--

1941 1111 2110 1180 gitat,
2145 1120 2203 1165 ut
2246 1111 2343 1168 Dei
2387 1113 2516 1183 Opt.
2566 1113 2708 1168 Max.
2749 1127 2887 1182 opus
2929 1111 3211 1182 singulare
3258 1127 3545 1168 commen-

1944 1201 2036 1256 dat
2065 1202 2192 1275 (h).
2223 1204 2465 1275 Denique
2489 1203 2751 1276 Spiritum
2779 1213 3032 1260 sanctum
3056 1219 3082 1258 a
3117 1203 3284 1260 Patre
3323 1220 3387 1260 ac
3409 1204 3550 1260 Filio

1945 1309 2069 1351 esse
2107 1297 2272 1352 tradit
2301 1296 2422 1370 (ὅ),
2455 1298 2597 1370 quod
2630 1314 2715 1354 me
2739 1297 2924 1370 judice
2963 1296 3108 1352 idem
3157 1308 3271 1364 est,
3317 1308 3477 1369 atque
3518 1315 3548 1352 ει

1947 1387 2108 1443 Patre
2134 1389 2378 1460 Filioque
2420 1391 2736 1461 procedere.

2018 1483 2071 1536 6.
2119 1501 2138 1534 ‹
2185 1481 2544 1552 Quamquam,
2577 1485 2654 1539 uti
2685 1484 2820 1539 nihil
2853 1483 2922 1540 ab
2944 1485 3088 1541 omni
3123 1495 3278 1556 parte
3302 1484 3546 1550 beatum,

1949 1590 2056 1630 non
2085 1575 2288 1631 desunt
2315 1576 2368 1630 in
2399 1576 2503 1632 hoc
2528 1581 2756 1633 auctore
2784 1576 2992 1647 aliquot
3016 1578 3177 1645 necvi,
3209 1577 3386 1648 queis,
3410 1587 3471 1634 ut
3496 1577 3548 1634 ei

1950 1669 2253 1726 auctoritas
2305 1668 2668 1741 undequaque
2718 1680 2972 1737 constet,
3028 1670 3312 1743 benignas,
3345 1685 3406 1728 ut
3456 1688 3556 1742 par

243 1758 580 1831 demspiritu
606 1758 878 1812 animatus
900 1755 1196 1821 llonorius,
1226 1762 1465 1825 paternae
1488 1751 1851 1824 pietatisimi-
1951 1775 2058 1830 est,
2112 1763 2594 1837 interpretationes
2642 1765 2928 1820 adhibebit
2972 1764 3148 1821 lector
3169 1765 3417 1822 eruditus
3459 1767 3553 1836 qui

243 1862 408 1921 tator,
458 1854 638 1926 arguit
678 1853 975 1908 Arcadium
1025 1853 1274 1916 fratrem,
1323 1850 1468 1921 quod
1515 1866 1622 1904 non
1667 1849 1842 1904 solum

1963 1872 2076 1912 eum
2108 1857 2255 1912 volet
2285 1867 2626 1913 excusatum.
2660 1855 2771 1911 Nos
2803 1856 3023 1912 interim
3055 1858 3343 1913 cautiones
3374 1872 3547 1927 oppo-

245 1947 726 2017 Constautinopoli
762 1947 1022 2002 Eudociae
1077 1955 1322 2016 augustae
1371 1945 1597 2000 colenda
1647 1945 1850 2015 populo

245 2053 428 2100 statua
458 2051 850 2114 exponeretur,
885 2042 980 2096 sed
1014 2052 1070 2098 et
1113 2056 1209 2111 per
1239 2040 1548 2110 provincias
1576 2039 1726 2094 velut
1773 2039 1850 2093 fa-

245 2134 454 2191 bulosae
483 2133 716 2206 Cybeles
763 2133 1114 2188 simulacrum
1163 2131 1633 2188 circumferretur.
1678 2131 1852 2188 Caete-

245 2242 368 2285 rum
414 2226 618 2282 frustra
651 2225 774 2296 quis
820 2225 964 2280 hunc
992 2225 1245 2281 Zacchtei
1277 2225 1456 2280 locum
1497 2223 1854 2295 detorqueret

248 2320 302 2376 in
344 2320 763 2376 venerationem
793 2326 1108 2373 sanctarum
1139 2317 1436 2388 imaginum
1472 2333 1484 2370 :
1515 2315 1855 2386 quandoqui-

250 2412 379 2469 dem
430 2412 699 2477 Ecclesia,
739 2427 862 2483 qua:
905 2411 1054 2482 pium
1085 2426 1273 2466 earum
1323 2409 1534 2465 cultum
1566 2409 1848 2478 praedicat,

249 2508 428 2578 rejicit
457 2507 812 2563 immodicum
845 2522 909 2563 ac
929 2505 1396 2578 superstitiosum,
1431 2505 1509 2560 uti
1534 2504 1851 2575 Zacchazus,

251 2600 670 2674 imperatorum.

322 2695 377 2750 5.
426 2713 446 2747 ί
486 2698 554 2749 At
583 2694 730 2751 enim
765 2693 1096 2763 eonjecturis
1130 2690 1336 2748 nostris
1366 2692 1587 2748 obstare
1615 2691 1853 2758 videtur,

255 2786 405 2861 quod
453 2787 750 2842 Zacclueus
790 2786 922 2840 nihil
954 2785 1021 2841 de
1053 2785 1476 2856 Apollinaristis,
1531 2785 1856 2852 Donatistis,

255 2879 695 2939 Priscillianistis
722 2879 1099 2950 Pelagianisve
1136 2878 1362 2934 scribat.
1395 2877 1500 2934 Sed
1526 2877 1666 2932 hanc
1704 2878 1859 2948 obje-

263 2976 501 3032 ctionem
537 2975 654 3045 ipse
698 2974 1007 3044 praevertit,
1054 2983 1394 3030 contestatus
1425 2988 1483 3028 se
1511 2987 1622 3028 non
1670 2986 1858 3027 omnes

258 3066 576 3124 istiusmodi
621 3077 800 3136 pestes
841 3066 1150 3136 suscepisse
1190 3065 1554 3121 recensendas
1599 3063 1862 3120 :tametsi

257 3159 363 3216 dici
393 3170 582 3231 posset
609 3161 808 3214 saeculo
835 3158 1055 3215 ineunte
1081 3159 1270 3229 quinto
1302 3158 1504 3230 Pelagii
1529 3173 1591 3211 ac
1627 3155 1865 3212 Nestorii

1955 1952 2132 2006 nimus
2177 1951 2493 2017 nonnullas,
2551 1967 2619 2006 ne
2678 1950 3047 2020 simpliciores
3095 1949 3292 2005 alicubi
3347 1960 3556 2005 temere

1954 2044 2254 2100 offendant.
2289 2045 2346 2100 In
2381 2044 2574 2114 primis
2619 2043 2838 2100 videtur
2885 2059 2995 2100 non
3048 2044 3187 2098 nihil
3238 2043 3552 2113 Pelagiana:

1954 2135 2194 2207 fuliginis
2230 2135 2383 2207 (qua:
2411 2146 2526 2192 erat
2561 2135 2704 2190 illius
2732 2135 2918 2190 saeculi
2957 2134 3148 2207 labes)
3180 2136 3554 2202 contraxisse,

1954 2243 2064 2299 quo
2093 2228 2323 2283 forsitan
2357 2227 2610 2283 effectum
2643 2236 2746 2292 est,
2781 2237 2838 2282 ut
2866 2244 2894 2280 a
2925 2226 3236 2296 Pelagianis
3266 2225 3551 2282 Nestoria-

1957 2321 2154 2391 nisque
2199 2321 2288 2391 qui
2322 2337 2388 2376 ex
2422 2321 2505 2376 bis
2546 2321 2814 2392 originem
2863 2320 3090 2386 duxere,
3124 2316 3559 2389 perstringendis

1957 2412 2304 2468 abstinuerit.
2337 2412 2738 2468 lucarnatiouis
2769 2429 2928 2466 causa
2971 2423 3064 2478 est,
3101 2411 3276 2481 inquit
3307 2411 3369 2484 (j
3392 2411 3432 2480 ),
3475 2409 3554 2464 vel

1956 2505 2198 2562 servandi
2261 2506 2473 2559 humani
2521 2507 2722 2576 generis
2770 2502 2848 2558 vel
2895 2504 3196 2575 reparandi.
3251 2503 3320 2556 Et
3368 2502 3556 2557 statim

1959 2596 2100 2654 hanc
2148 2597 2554 2668 reparationem
2586 2599 2639 2654 in
2688 2600 2806 2669 lege
2840 2606 3004 2669 atque
3050 2597 3306 2667 exemplo
3353 2593 3565 2651 consti-

1961 2699 2114 2748 tuere
2143 2692 2382 2747 videtur.
2421 2692 2786 2747 Praematuras
2819 2692 3090 2746 infantum
3127 2699 3333 2745 mortes
3363 2689 3417 2744 in
3450 2688 3566 2744 ele-

1961 2793 2272 2840 mentorum
2319 2784 2746 2854 inmqualitatem
2786 2793 2881 2838 aut
2913 2785 2965 2838 in
3000 2793 3286 2852 parentum
3326 2781 3562 2848 scelera,

1964 2893 2072 2934 non
2107 2879 2159 2933 in
2193 2878 2516 2949 originalem
2571 2895 2768 2934 noxam
2801 2877 3043 2933 refundit
3076 2877 3203 2949 (Ιε),
3239 2891 3346 2947 quo
3397 2876 3569 2931 Deum

1964 2972 2224 3042 injustum
2272 2987 2378 3027 non
2411 2988 2536 3028 esse
2571 2973 2945 3037 demonstret;
2999 2971 3292 3040 subditque
3332 2985 3455 3025 cum
3489 2969 3570 3024 eis

1964 3064 2256 3135 benignius
2277 3065 2385 3134 agi,
2412 3081 2475 3118 ne
2499 3081 2566 3120 ex
2591 3064 2854 3134 improbis
2874 3062 3068 3134 geniti,
3093 3061 3302 3116 similes
3325 3060 3573 3131 quando-

1966 3175 2070 3228 que
2117 3159 2427 3214 efficiantur
2454 3158 2773 3213 auctoribus
2802 3177 2814 3212 :
2859 3157 2949 3212 ttbi
2984 3167 3266 3227 peccatum
3299 3155 3569 3226 originale

261 3255 515 3328 dogmata
547 3270 656 3310 non
689 3253 872 3309 statim
919 3254 998 3309 sic
1042 3263 1263 3309 exserte
1313 3229 1636 3323 proscripta,
1667 3259 1728 3306 ttt
1751 3252 1861 3320 jam
1891 3229 1938 3293 (εἶ
1971 3257 2026 3310 in
2060 3271 2226 3326 pravo
2260 3266 2544 3326 parentum
2593 3253 2845 3325 exemplo
2895 3251 3011 3308 fere
3043 3251 3254 3306 statuit.
3291 3250 3570 3321 Nusquam

264 3358 379 3404 tum
410 3356 696 3405 exstarent
726 3348 955 3402 illustria
989 3346 1264 3402 volumina
1293 3363 1324 3401 e
1352 3347 1549 3416 quibus
1580 3360 1732 3400 more
1764 3360 1864 3400 suo

263 3443 592 3498 catholicam
639 3449 857 3497 erueret
898 3439 1222 3494 doctrinam.
1267 3437 1423 3506 Quod
1457 3439 1652 3492 iterum
1682 3439 1865 3508 singu-

262 3536 436 3592 larem
465 3533 704 3591 hominis
727 3532 1050 3588 modestiam
1079 3532 1276 3603 arguit,
1305 3541 1357 3586 ct
1378 3541 1618 3588 assertas
1635 3531 1701 3586 de
1720 3531 1866 3586 illius

266 3639 429 3685 tetate
473 3627 820 3698 conjecturas
867 3625 1179 3681 confirmat.
1212 3625 1486 3681 Czeterum
1533 3623 1867 3680 fortissimus

267 3721 363 3778 ille
395 3721 679 3792 religionis
708 3719 911 3775 athleta
940 3736 1047 3775 non
1074 3719 1237 3775 modo
1268 3720 1511 3790 priorum
1539 3730 1865 3791 temporum,

268 3815 366 3871 sed
397 3815 564 3871 etiam
612 3814 718 3869 aevi
746 3813 922 3868 nostri
951 3812 1241 3869 haereticos
1266 3814 1617 3884 compressit.
1666 3829 1869 3884 eosque

271 3907 387 3964 suis
415 3906 692 3963 coloribus
732 3904 801 3960 ad
834 3905 1016 3960 vivum
1066 3905 1405 3975 expressisse
1448 3906 1593 3960 visus
1631 3913 1714 3961 est
1743 3904 1864 3979 (b).

272 3999 355 4055 llli
387 4015 620 4070 namque
648 3999 773 4069 ipsi,
803 3999 902 4062 ait,
936 3999 1026 4069 qui
1058 3997 1392 4052 traditionem
1420 3999 1762 4070 apostolicam
1790 4013 1872 4051 re-

273 4091 584 4165 linquentes,
616 4093 891 4164 magistros
920 4090 1158 4162 perﬁdia:
1185 4093 1349 4144 secuti
1373 4101 1514 4158 sunt,
1539 4106 1721 4144 nomen
1750 4088 1867 4143 reli-

187 4201 196 4206 ·
275 4187 446 4260 gionis
475 4194 736 4241 mutavere
763 4201 881 4240 cum
911 4201 1085 4238 sensu.
1120 4183 1265 4240 Idem
1297 4193 1488 4239 auctor
1516 4183 1739 4239 Petrum
1765 4199 1872 4238 non

275 4283 451 4337 solum
485 4280 747 4336 Ecclesiae
785 4279 1196 4334 fundamentum
1226 4293 1348 4335 esse
1377 4277 1507 4334 dicit
1529 4277 1652 4351 (c);
1687 4293 1872 4334 verum

276 4373 441 4431 etiam
472 4374 526 4428 in
553 4372 671 4442 ejus
699 4387 985 4442 personam
1033 4381 1358 4442 potestatem
1398 4371 1642 4428 omnium
1676 4386 1874 4428 conve-

279 4469 398 4525 nire
429 4467 803 4530 sacerdotum,
837 4477 1026 4523 contra
1070 4485 1234 4540 quam
1278 4469 1520 4524 sentiunt
1559 4479 1869 4538 uovatores,

282 4562 540 4620 affirmat.
586 4563 798 4618 Rursus
845 4571 1170 4631 poleSiatem
1215 4563 1531 4619 absolvendi
1559 4580 1590 4618 a
1640 4565 1876 4633 peccatis

282 4655 661 4712 sacerdotibus
691 4671 722 4710 a
751 4653 968 4710 Christo
999 4653 1218 4719 factam,
1259 4656 1520 4710 adversus
1547 4655 1878 4713 Novatianos

283 4749 568 4820 eleganter
607 4747 933 4818 fortiterque
975 4747 1212 4801 vindicat
1251 4747 1375 4818 (ά).
1426 4747 1742 4818 Apollonius
1766 4747 1877 4818 jam

284 4839 608 4896 Christiana:
650 4839 856 4892 tnililiu,‘
911 4839 1200 4909 ascriptus,
1249 4839 1510 4893 Ecclesia:
1553 4839 1879 4896 sacrificium

287 4941 343 4990 et
369 4932 574 4987 realcm
602 4931 803 4985 Christi
829 4931 881 4985 iu
914 4930 1254 4986 Eucharistia
1285 4932 1633 5002 prmsentiam
1656 4934 1884 4990 confite-

287 5035 380 5084 tur
415 5026 477 5098 (e
499 5027 540 5097 ).
574 5024 680 5079 Pro
721 5024 984 5080 obsoletis
1017 5025 1291 5096 pecudum
1319 5035 1482 5098 atque
1509 5026 1697 5082 alitum
1730 5027 1884 5083 victi-

755 5972 1028 6033 PA'rtwL.
1085 5971 1234 6033 XX.

1905 4607 1958 4667 D

370 5233 479 5376 (of
513 5229 651 5285 Cod.
676 5231 953 5287 Theodos.
992 5231 1075 5286 lex
1102 5232 1257 5288 unica
1279 5231 1348 5290 de
1371 5234 1592 5304 imagin.
1618 5231 1889 5306 imperial.

370 5303 440 5374 (ὁ
513 5301 850 5376 _Zacch._lib.
881 5317 1094 5376 tt,cap.
1124 5305 1212 5359 11.

369 5301 479 5385 (ὁ)
512 5301 850 5385 ‘Zacc_h'.‘lib.
881 5317 1094 5385 tt,_c_ap.
1124 5305 1212 5359 11.

376 5373 470 5446 (ε)
512 5373 594 5428 1d.
630 5373 763 5457 ibid.
797 5390 918 5446 cap.
949 5373 1056 5430 ts;

626 5445 835 5575 ἐξέἒῗξρι.
883 5516 948 5572 ad
976 5517 1069 5574 lib.
1105 5483 1114 5573 ι

376 5515 471 5585 le)
511 5515 591 5570 ld.
626 5517 835 5584 pra’fat.
883 5516 948 5572 ad
976 5517 1069 5574 lib.
1105 5535 1163 5574 ιι.

375 5589 464 5729 ἔθ’)
510 5588 586 5642 Id.
614 5588 705 5670 lib.
732 5605 791 5652 ιι,
815 5604 938 5656 cap.
965 5589 1018 5643 7.

409 5660 474 5730 θ)
517 5659 592 5713 ld.
624 5659 720 5714 ltb.
754 5676 792 5724 ι,
824 5674 944 5729 cap.
976 5660 1067 5714 ‘21.

409 5674 474 5731 g)
518 5674 592 5731 tu.
626 5674 720 5731 nn.
754 5676 792 5724 ι,
824 5674 944 5729 cap.
976 5674 1067 5714 ιιι.

411 5730 481 5801 h)
519 5730 600 5785 1d.
627 5730 723 5784 lib.
757 5745 836 5796 tu,
861 5745 1018 5800 capp.
1055 5734 1108 5796 5,
1132 5732 1189 5798 4,
1214 5733 1266 5788 6.

379 5735 466 5884 in.
503 5802 579 5884 td.-
613 5801 707 5884 li!)-
739 5815 970 5870 ιινεαρρ·
1001 5803 1195 5884 sets»
1219 5876 1266 5884 __

387 5872 473 5947 (j)
517 5872 595 5930 ld.
621 5872 714 5928 lib.
745 5889 784 5943 ι,
812 5887 970 5943 capp.
1003 5876 1057 5939 8,
1095 5875 1183 5942 15,
1212 5876 1298 5943 17,
1329 5875 1420 5930 21.

1970 3365 2100 3405 vero
2129 3350 2316 3421 gratia:
2349 3349 2650 3406 Salvatoris
2681 3347 2948 3414 meminit,
2974 3363 3134 3417 quem
3163 3355 3220 3401 ut
3243 3345 3566 3401 meritorum

1970 3441 2254 3498 dumtaxat
2317 3443 2583 3498 arbitrum
2661 3439 2824 3495 habet
2899 3438 3007 3511 (Ι).
3079 3439 3320 3510 Denique
3405 3446 3572 3492 totam

1968 3536 2103 3608 legis
2154 3537 2536 3592 necessitatem
2584 3535 2637 3589 in
2686 3534 2968 3588 voluntate
3016 3541 3199 3587 nostra
3250 3533 3410 3586 sitam
3443 3545 3573 3586 esse

1971 3629 2228 3703 opinatur
2261 3629 2405 3704 (ιιι).
2440 3630 2589 3685 l-lanc
2629 3643 2793 3700 porro
2825 3627 2999 3683 labem
3035 3626 3316 3698 absterget
3341 3622 3578 3680 catholi-

1971 3739 2066 3781 cus
2097 3725 2268 3781 lector
2311 3724 2500 3779 eadem
2544 3724 2793 3795 spongia,
2841 3738 2944 3792 qua
2976 3730 3199 3778 sanctus
3232 3719 3574 3791 Augustinus

1972 3834 2091 3874 eam
2121 3833 2151 3872 a
2182 3817 2436 3873 Patribus
2464 3816 2673 3874 Graecis
2699 3815 2899 3870 amovit
2932 3833 2944 3868 :
2972 3814 3115 3885 quod
3146 3813 3402 3870 videlicet
3431 3828 3542 3868 non
3562 3842 3574 3851 -

1974 3912 2101 3968 dum
2133 3912 2446 3981 lmjusmodi
2477 3913 2730 3982 dogmata
2758 3912 2829 3966 ab
2864 3909 3104 3964 Ecclesia
3133 3916 3353 3965 exserte
3399 3907 3577 3976 expli-

1973 4014 2092 4059 cata
2120 4013 2308 4059 essent
2339 4022 2352 4058 :
2383 4004 2602 4058 tametsi
2632 4003 2770 4059 nihil
2794 4012 2877 4058 est
2906 4003 3006 4056 hac
3030 4003 3382 4056 excuSationc
3409 4016 3571 4070 opus,

1975 4111 2098 4153 cum
2133 4098 2248 4166 ipse
2289 4105 2344 4150 et
2386 4105 2664 4167 peccatum
2721 4094 2987 4166 originale
3025 4104 3081 4148 ct
3130 4094 3325 4164 gratia:
3369 4092 3576 4148 Christi

1977 4191 2391 4255 necessitatem,
2439 4197 2702 4260 quantum
2741 4188 2878 4242 satis
2926 4197 3044 4241 erat
3093 4197 3219 4242 ante
3270 4186 3574 4256 pleniorem

1977 4282 2377 4351 definitionem,
2433 4281 2744 4337 insinuarit.
2798 4279 2931 4335 Haec
2977 4281 3096 4351 fuit,
3131 4279 3306 4348 inquit
3335 4277 3460 4351 (η),
3490 4297 3579 4335 as-

1977 4375 2217 4431 sumendi
2246 4376 2504 4431 hominem
2537 4375 2801 4444 prcecipua
2829 4373 2966 4426 ratio
2986 4371 3064 4426 vel
3093 4374 3356 4438 voluntas,
3381 4380 3438 4426 ut
3463 4390 3580 4443 pec-

1980 4480 2150 4524 catum
2181 4468 2244 4522 ab
2267 4468 2472 4523 homine
2500 4475 2843 4532 contractum,
2878 4482 2968 4538 per
2998 4467 3261 4521 hominem
3290 4463 3580 4521 tolleretur.

1983 4563 2051 4618 Et.
2096 4563 2223 4619 alibi
2266 4561 2404 4635 (o):
2455 4560 2677 4616 Nullum
2720 4561 2830 4615 sine
2876 4559 3085 4614 lavacro
3135 4576 3285 4631 aqua:
3331 4558 3584 4630 spiritalis

1983 4677 2132 4732 posse
2161 4659 2376 4713 salvari.
2407 4657 2620 4713 Rursus
2648 4653 2782 4728 (p):
2811 4654 3055 4711 Generali
3094 4665 3358 4725 exemptus
3407 4655 3585 4722 ruina,

1982 4753 2040 4806 in
2067 4769 2208 4825 spent
2236 4768 2394 4823 quam
2423 4752 2671 4805 amiseras
2699 4748 2996 4819 repararis.
3048 4747 3180 4804 Item
3235 4747 3424 4816 gratia:
3477 4747 3586 4803 Re-

1986 4840 2289 4912 demptoris
2319 4841 2598 4913 eleganter
2630 4839 2990 4908 adstipulatur
3033 4838 3164 4912 (q).
3201 4837 3410 4894 Deinde
3453 4838 3587 4911 (r):

1988 4934 2094 4992 Ille
2139 4947 2364 5005 tantum,
2398 4939 2494 5003 ait,
2541 4934 2804 5008 efficiendi
2849 4934 3190 4988 substantiam
3241 4942 3468 5002 pra'stet,
3501 4935 3592 5004 qui

1989 5048 2180 5104 magna
2207 5047 2394 5100 cupere
2417 5048 2470 5085 se
2492 5029 2715 5084 donante
2745 5027 2996 5098 permisit.
3031 5028 3278 5098 Denique
3302 5025 3426 5096 (s):
3454 5023 3592 5079 Con-

2071 5233 2173 5305 (k)
2203 5233 2282 5305 Id.
2309 5232 2406 5305 lib.
2433 5246 2472 5299 ι,
2502 5246 2622 5301 cap.
2656 5232 2743 5305 336.

2197 5304 2278 5377 id:
2436 5318 2476 5370 ¹ι
2510 5318 2632 5371 cal“
2663 5303 2754 5377 5}:

2069 5373 2187 5447 (ηι)
2229 5375 2428 5447 ld._li_b.
2456 5389 2495 5440 ι,
2527 5388 2648 5444 cap.
2679 5373 2779 5447 756.

2107 5445 2175 5516 n)‘
2209 5446 2290 5504 ld.
2320 5445 2416 5500 lib.
2448 5461 2487 5511 ι,
2512 5455 2634 5516 cap.
2670 5445 2759 5500 ιιι.

2106 5519 2168 5587 o)
2208 5519 2287 5572 Id.
2312 5516 2407 5572 lib.
2432 5533 2490 5581 ιι,
2518 5531 2640 5587 cap.
2670 5516 2725 5573 8.

2069 5588 2169 5660 (p)
2207 5589 2287 5644 Id.
2315 5588 2641 5660 lib.tt,cap.
2680 5588 2770 5645 16.

2105 5659 2168 5733 ίΙ)
2209 5661 2287 5733 Ιά·
2321 5659 2455 5733 ibid.
2481 5675 2638 5732 capp.
2675 5661 2779 5715 5et
2804 5659 2856 5713 8.

2104 5731 2166 5802 ιλ)
2205 5732 2286 5787 1d.
2319 5731 2416 5787 lib.
2451 5748 2530 5798 ιιι,
2553 5746 2673 5802 cap.
2708 5733 2793 5785 10.

2102 5802 2162 5873 s)
2203 5803 2282 5859 Id.
2317 5803 2408 5858 lib.
2443 5819 2503 5871 ιι,
2532 5817 2651 5873 cap.
2675 5802 2766 5859 20.

3083 5964 3161 6028 3h
