4060 6344
520 293 659 356 10ῧῖ

1244 286 1633 347 ZACCIUEUS
1671 287 2136 350 CllRlSTlANUS
2178 288 2266 352 ΕΤ
2309 290 2667 351 EVAGRIUS
2708 291 3102 354 MONACHUS.

3695 301 3824 366 N368

520 412 654 480 ferre
683 423 784 460 non
813 405 1024 470 abnuat,
1055 419 1171 476 qua:
1198 404 1437 471 prwstitit
1467 402 1614 456 velle.
1650 400 1730 458 Ad
1761 400 1877 457 haec
1908 402 1983 456 ait
2023 401 2123 472 (a)
2153 400 2206 466 Δ
2233 413 2355 460 ctor
2408 403 2770 474 Sorbonictts,
2819 424 3006 466 rerum
3054 408 3402 479 antiquarum
3444 411 3821 483 peritissimus,

511 499 801 571 iustificari
834 513 930 569 per
962 496 1148 563 fidem,
1207 513 1273 551 eo
1321 511 1515 566 nempe
1564 509 1727 550 sensu
1763 511 1872 564 quo
1923 494 2117 549 beatus

518 593 716 649 Paulus
745 591 794 646 id
828 591 1047 661 scripsit
1079 590 1145 644 de
1176 587 1278 642 lide
1302 603 1424 660 qua:
1453 601 1550 658 per
1577 586 1900 642 charitatem
1926 601 2119 657 opera-

519 697 606 743 tur
639 705 650 741 :
685 685 918 757 alioquin
965 684 1059 739 etsi
1106 683 1332 737 habuero
1362 699 1564 737 omnem
1595 683 1771 753 fiderit,
1813 681 1943 736 nihil
1991 680 2119 735 mihi

515 783 743 854 prodest.
775 781 1049 836 Praeterea
1078 777 1206 832 dum
1233 778 1332 831 ista
1363 776 1525 832 docet
1551 776 1610 849 (Ι)
1632 778 1667 847 ),
1703 775 1931 847 sufﬁciat
1961 791 2118 828 cano-

517 877 645 931 uicis
675 876 926 931 inluerere
953 871 1250 945 scripturis,
1287 886 1392 925 non
1426 879 1752 925 exauctorat
1795 869 2116 923 traditiones

514 985 650 1042 quas
683 967 812 1024 inibi
855 965 1076 1031 astruit,
1131 979 1331 1035 easque
1375 964 1444 1018 ab
1500 961 1858 1019 hcterodoxis
1892 972 2118 1034 prseter-

518 1061 714 1117 missas
761 1058 1135 1130 conqueritur.
1186 1055 1325 1111 Alibi
1374 1053 1476 1128 (c)
1506 1055 1730 1128 Angelis
1781 1055 2119 1126 poenitentia:

515 1164 729 1226 tempus
762 1152 1029 1208 indultum
1079 1148 1381 1214 existimat,
1434 1147 1617 1203 forsan
1672 1162 1778 1203 non
1827 1163 1856 1202 e
1901 1145 2118 1203 Sebola:

511 1267 680 1308 sensu
713 1269 724 1303 :
760 1250 864 1306 nisi
900 1264 999 1321 per
1045 1257 1259 1318 tempus
1292 1243 1424 1298 illud
1475 1243 1814 1314 intelligatur
1858 1241 2114 1312 spatium,

512 1343 655 1416 quod
693 1352 972 1414 peccatum
1002 1340 1144 1394 inter
1171 1349 1224 1393 ct
1249 1352 1464 1408 poenam
1498 1335 1832 1390 intercessit.

585 1439 638 1491 7.
687 1456 704 1489 ι
742 1435 904 1505 Cujus
934 1433 1098 1488 fuerit
1144 1431 1459 1496 Zaccltacus,
1491 1429 1721 1500 inquiris
1767 1426 1992 1482 forsitan
2037 1425 2118 1480 lc-

512 1530 677 1589 ctor‘l
715 1528 808 1585 Na:
839 1527 1001 1583 uobis
1031 1525 1160 1597 quid
1191 1539 1528 1588 asseramus,
1561 1530 1622 1575 ut
1665 1522 1903 1594 ingenue
1952 1519 2120 1572 fatea-

515 1641 656 1690 mur,
690 1622 832 1678 haud
861 1622 1008 1678 venit
1036 1621 1088 1675 in
1121 1629 1380 1675 mentem.
1410 1614 1637 1685 Quidam
1667 1631 1846 1670 rerum
1873 1613 2123 1682 antiqua-

515 1737 634 1777 rum
663 1719 1042 1791 exploratores
1073 1714 1276 1770 curiosi
1303 1728 1426 1770 eum
1462 1711 1549 1766 vel
1581 1707 1792 1765 Gallum
1824 1708 1903 1762 \el
1929 1707 2116 1761 Italum

2221 511 2282 552 se
2335 497 2391 551 in
2442 497 2772 555 bibliotheca
2826 501 3004 556 sancti
3047 501 3256 556 Amulli
3312 502 3580 561 Iletensis
3618 519 3823 574 patrum
3874 556 3878 557 ,

2223 591 2674 661 congregationis
2731 602 3045 650 sanctorum
3099 593 3277 649 Vitoni
3325 604 3384 652 et
3431 597 3690 667 llidulphi
3733 599 3822 655 de-

2223 683 2585 754 prehendisse
2631 685 2878 744 Zacclnei
2908 687 3162 759 Dialogos
3207 689 3344 744 mihi
3374 692 3722 763 signiﬁcavit.
3754 696 3824 750 Ea

2224 777 2290 834 de
2321 792 2383 833 re
2433 788 2674 834 aetutum
2722 781 2920 850 scripsi
2962 780 3031 838 ad
3084 781 3148 838 Β.
3199 783 3259 838 Ρ.
3295 783 3561 840 domuum
3613 785 3826 844 Petrum

2227 870 2591 928 Descrochets
2647 873 2892 943 ejusdem
2959 879 3405 947 congregationis
3459 881 3825 947 paret-aditum

2227 963 2612 1048 presbyterum
2640 981 2703 1022 ac
2733 967 3084 1038 subpriorem
3111 969 3296 1024 Sancti
3329 970 3566 1026 Amulli.
3602 971 3746 1042 Ipse,
3773 984 3828 1032 ut

2221 1064 2307 1110 est
2346 1055 2612 1127 singulari
2657 1058 2919 1124 comitate
2973 1061 3260 1132 prmditus,
3304 1062 3458 1118 nulla
3508 1063 3828 1134 interposita

2226 1165 2382 1210 mora
2409 1150 2670 1208 benevole
2692 1154 2940 1232 cpdicctu
2963 1156 3248 1228 eleganter
3271 1156 3344 1212 ab
3363 1172 3512 1211 anno
3540 1157 3694 1214 circa
3713 1174 3828 1216 sex-

2223 1245 2532 1300 centesimo
2561 1249 2936 1320 conscriptum
2967 1251 3290 1306 transmisit.
3325 1250 3434 1315 At,
3461 1253 3666 1308 mirum
3696 1255 3709 1307 ι
3739 1269 3825 1310 co-

2223 1336 2329 1393 dex
2382 1337 2472 1392 ille
2521 1339 2741 1397 easdem
2799 1341 3140 1397 inversionos
3193 1342 3310 1397 sive
3370 1341 3731 1413 rcpetitiones
3771 1359 3826 1401 ac

2223 1433 2503 1502 antiquior
2543 1435 2838 1492 Tbuancus
2885 1440 3152 1494 continet.
3191 1438 3532 1508 Adjumeuto
3563 1438 3828 1494 nihiloni-

2227 1539 2356 1591 nus,
2397 1524 2593 1592 fateor,
2638 1527 2773 1582 mihi
2803 1527 2906 1586 fuit
2939 1531 3278 1599 permaxima
3309 1547 3326 1584 :
3372 1529 3650 1600 siquidem
3680 1547 3744 1586 cx
3769 1545 3830 1590 eo

2227 1620 2471 1687 pluribus
2503 1620 2556 1674 in
2604 1621 2738 1678 locis
2783 1622 2956 1680 nodos
3002 1623 3094 1695 qui
3147 1633 3556 1691 remanserant,
3611 1625 3826 1694 resolvi,

2228 1728 2414 1768 mcvos
2446 1715 2673 1770 extersi.
2705 1718 2879 1786 Atque
2902 1727 2959 1772 ut
2982 1717 3160 1773 dicam
3191 1717 3339 1788 quod
3368 1721 3576 1786 sentio,
3614 1733 3714 1788 par
3754 1727 3830 1775 est

515 1823 822 1870 autumant.
865 1811 922 1869 Si
976 1824 1156 1866 tamen
1213 1809 1542 1880 conjectura:
1598 1803 1879 1876 indulgere
1938 1802 2118 1863 liccat,
2155 1804 2202 1866 Β
2232 1807 2462 1863 credere
2506 1808 2854 1882 Arnulﬁttum
2898 1809 3146 1868 codicem
3178 1827 3250 1866 ex
3279 1811 3522 1881 prafato
3561 1810 3828 1868 Thoante

523 1908 841 1964 Africanum
898 1906 1076 1962 dicam
1124 1903 1445 1959 ΖσιοεΙιίιξιιιιι
1500 1900 1570 1954 ob
1625 1899 1749 1971 styli
1797 1896 2117 1950 afﬁnitatem

515 2019 637 2061 cum
663 2003 861 2060 Africa:
893 2003 1278 2073 scriptoribus,
1313 1998 1402 2072 qui
1436 1997 1530 2052 illo
1559 2005 1674 2051 ιιιγο
1692 1994 1782 2054 vel
1807 1995 1966 2065 paulo
1995 2003 2119 2050 ante

519 2099 929 2169 scriptitabant.

592 2211 611 2246 ι
643 2191 902 2263 Superest
929 2205 1093 2256 nunc,
1127 2198 1184 2245 ut
1215 2205 1244 2243 a
1290 2204 1374 2246 me
1416 2185 1662 2253 noveris,
1691 2186 1882 2248 lector,
1917 2199 2018 2254 qua
2052 2197 2117 2238 ex

518 2286 852 2343 bibliotheca
884 2282 1212 2355 suppeditati
1257 2283 1365 2336 sint
1405 2280 1624 2337 codices
1653 2294 1784 2335 mss.
1818 2277 1961 2332 unde
1986 2275 2120 2332 Zac-

513 2380 649 2436 clnei
682 2395 821 2450 opus
869 2375 1291 2434 exscribendum
1335 2375 1667 2431 curavimus.
1720 2372 1856 2428 Cum
1903 2388 1990 2426 vv.
2032 2384 2115 2426 cc.

512 2473 739 2530 Carolus
771 2473 840 2527 du
880 2471 1084 2527 Fresne
1115 2471 1180 2526 D.
1210 2469 1282 2524 dtt
1315 2467 1496 2538 Cange
1523 2477 1577 2524 et
1605 2465 1845 2521 Joannes
1877 2463 2116 2530 Baptista

514 2566 564 2624 le
607 2565 897 2632 Cottclier,
933 2572 1162 2634 uterque
1193 2561 1623 2622 eruditissimus,
1663 2559 1961 2612 lustrarent
1986 2555 2121 2608 invi-

513 2667 815 2728 serentque
848 2672 980 2711 mss.
1026 2655 1250 2710 codices
1282 2652 1515 2707 celebris
1563 2649 1907 2708 bibliotheca:
1941 2647 2120 2700 Thua-

513 2765 653 2813 ncze,
677 2763 968 2805 occurrere
993 2747 1103 2802 bini
1135 2761 1264 2800 mss.
1289 2743 1532 2798 Zacchaai
1555 2742 1854 2800 Christiani
1880 2751 1933 2796 et
1957 2739 2122 2809 Apol-

513 2841 644 2896 lonii
677 2839 989 2911 philosophi
1023 2837 1372 2908 Dialogorum
1404 2834 1525 2889 libri
1563 2844 1713 2888 tres:
1745 2837 1970 2886 volvunt
2000 2831 2120 2885 illos

513 2944 568 2990 et
600 2934 913 2997 revolvunt,
956 2949 1018 2988 ac
1061 2931 1280 2987 tandem
1322 2929 1598 2986 discussos
1629 2938 1945 2997 utcumque,
1975 2924 2120 2994 judi-

512 3037 639 3082 cant
672 3027 794 3082 luce
841 3025 1053 3097 dignos.
1090 3025 1366 3096 Expetunt
1397 3040 1496 3094 pro
1526 3039 1611 3078 me
1649 3022 1933 3076 nesciente
1964 3020 2123 3076 binos

516 3135 646 3175 mss.
681 3136 708 3172 a
740 3119 1068 3175 doctissimo
1089 3117 1526 3183 ,bibliothecario
1557 3115 1798 3185 Josepho
1839 3115 2117 3185 ansnel;

2226 1902 2572 1958 bibliothecae
2601 1903 2892 1973 antiquiori
2937 1905 3352 1975 transcriptum,
3402 1907 3658 1977 iurisque
3699 1906 3826 1964 olim

2224 1996 2392 2050 fuisse
2441 1995 2672 2052 abbatiae
2717 1997 2893 2052 sancti
2946 1997 3162 2052 Amulli
3191 1997 3476 2056 Metensis.
3531 2001 3822 2071 Suppetias

2226 2088 2478 2144 nonnulli
2506 2105 2571 2144 cx
2603 2090 2812 2145 nostris
2840 2091 3036 2152 tulere,
3091 2107 3196 2146 non
3239 2091 3570 2160 difﬁtemur,
3602 2093 3668 2147 ad
3697 2108 3822 2147 con-

2225 2175 2512 2240 ferendum
2544 2181 2753 2252 ingenti
2779 2183 2970 2238 labore
2998 2185 3376 2255 apegraphum
3401 2201 3513 2255 quo
3544 2187 3600 2240 in
3625 2185 3724 2244 bac
3745 2188 3823 2244 usi

2224 2288 2415 2330 sumus
2445 2275 2708 2342 editione,
2729 2293 2851 2332 cum
2889 2277 3172 2334 codicibus
3205 2293 3338 2334 mss.
3370 2288 3536 2347 atque
3564 2277 3632 2334 ad
3662 2279 3822 2334 eluci-

2225 2367 2433 2424 dandas
2464 2367 2724 2424 tenebras
2753 2384 2876 2438 quae
2910 2367 3240 2437 szepiuscule
3283 2371 3532 2429 animum
3563 2369 3820 2426 obvolve-

2227 2462 2358 2520 bant
2391 2481 2405 2517 :
2434 2480 2462 2519 e
2495 2463 2700 2518 nostris
2738 2462 2908 2520 etiam
2954 2463 3020 2524 υ..
3061 2462 3284 2522 Gabriel.
3331 2464 3620 2524 Cerberon
3670 2475 3724 2521 et
3761 2466 3821 2521 Β.

2222 2554 2458 2610 JOanncs
2491 2555 2737 2610 Mahilloo
2772 2563 2970 2626 prmsto
2999 2555 3174 2610 fuere.
3217 2574 3234 2607 ι

2293 2652 2348 2710 9.
2385 2658 2402 2675 ‘
2431 2672 2450 2704 ι
2485 2654 2754 2708 Hactenus
2773 2651 3234 2721 Acherius,cujus
3257 2649 3608 2710 laborihaud
3633 2668 3810 2722 parum

2225 2757 2370 2802 esset
2415 2745 2744 2806 detractum,
2795 2745 2842 2798 si
2888 2744 3294 2798 Altercationem
3343 2742 3640 2816 TlteOphili'
3682 2743 3824 2802 Chri-

2222 2839 2382 2892 stiani
2408 2847 2454 2890 et
2487 2837 2716 2891 Simonis
2740 2835 2946 2898 Judwi,
2982 2852 3144 2906 quam
3181 2837 3244 2890 li.
3271 2835 3334 2891 P.
3367 2836 3478 2893 Dn.
3515 2838 3824 2896 Edmundul

2226 2931 2469 2986 Marlette
2501 2940 2646 2986 tomo
2690 2929 2730 2984 γ
2776 2929 3188 2986 Anecdotorum
3239 2931 3436 2996 edidit,
3492 2932 3683 2989 videre
3733 2948 3820 3003 p0-

2227 3025 2445 3078 tuissct.
2473 3021 2610 3077 Cum
2641 3023 2786 3078 enim
2817 3023 2959 3080 illius
2986 3022 3352 3076 Altercationis
3381 3035 3579 3098 auctor
3601 3028 3671 3079 sit
3697 3025 3825 3082 Eva-

2229 3131 2386 3172 smus
2419 3116 2512 3186 qui
2545 3118 2688 3170 circa
2717 3130 2922 3170 annum
2951 3114 3058 3168 4‘20
3090 3115 3393 3180 scribebat,
3427 3125 3489 3170 ut
3510 3115 3772 3172 discimus
3794 3132 3825 3174 ι

509 3216 602 3288 qui
627 3232 751 3270 cum
785 3213 918 3270 mihi
952 3213 1023 3269 sit
1065 3213 1307 3269 amicitia
1349 3211 1839 3282 coniunctissimus
1885 3218 1942 3264 et
1968 3225 2120 3264 com-
2147 3203 2201 3266 C
2227 3208 2507 3266 Gennadio
2533 3207 2634 3279 (ά)
2657 3216 2710 3262 et
2741 3223 2769 3262 c
2799 3205 3116 3262 Marcellino
3141 3208 3342 3261 comite
3374 3207 3446 3261 ad
3473 3223 3678 3264 almum
3703 3209 3822 3275 49.5,

513 3319 681 3379 pert-ae
739 3307 1106 3364 humanitatis
1147 3307 1199 3360 in
1248 3321 1464 3367 omnes,
1533 3303 1769 3373 benigne
1821 3317 2118 3372 utrumque

509 3403 902 3458 commodavit.
937 3400 1016 3456 Ad
1052 3416 1140 3456 me
1171 3399 1357 3456 statim
1399 3398 1722 3455 detulerunt
1750 3397 1858 3456 viri
1900 3398 2120 3452 amicis-

509 3495 655 3556 simi,
703 3495 1134 3564 obtuleruntqne
1186 3492 1506 3546 thesaurum
1540 3490 1643 3543 huc
1677 3505 1852 3560 usque
1884 3489 2122 3543 abscon-

513 3587 689 3642 ditum
724 3597 891 3658 atque
942 3587 1202 3651 invisum,
1237 3600 1398 3654 quem
1439 3583 1641 3652 volupe
1674 3582 1968 3638 admodum
2000 3597 2120 3637 sus-

514 3682 638 3754 cepi
665 3698 727 3737 ac
752 3682 1029 3752 pollicitus
1057 3696 1178 3734 sum
1225 3679 1276 3733 in
1307 3679 1484 3734 lucem
1522 3678 1792 3748 proferre.

589 3776 643 3831 8.
692 3794 710 3826 ι
745 3775 945 3828 Verum
998 3774 1284 3828 enimvero
1337 3773 1464 3826 dum
1512 3773 1638 3830 illos
1686 3772 1910 3828 codices
1943 3774 2121 3842 legere

518 3880 681 3938 atque
703 3868 1020 3924 examinare.
1041 3883 1160 3922 sum
1187 3881 1502 3938 aggressus,
1534 3865 1667 3920 lncsi
1695 3868 1746 3919 in
1774 3868 1894 3934 ipso
1921 3868 2119 3935 princi-

521 3961 649 4031 pio:
677 3975 872 4030 nempe
919 3959 1109 4015 deerat
1138 3958 1330 4014 titulus
1364 3960 1416 4013 io
1450 3960 1767 4029 posteriori,
1807 3975 1920 4030 prae
1950 3975 2010 4014 se
2043 3971 2117 4016 ta-

520 4069 645 4108 men
691 4055 1039 4125 octingentos
1069 4067 1252 4108 annos.
1291 4051 1622 4122 praeferente
1657 4071 1667 4105 :
1715 4053 1888 4122 prima
1926 4056 2117 4125 pagina

521 4165 692 4220 prOpe
722 4150 1034 4204 oblitterata
1076 4157 1230 4210 erat;
1266 4147 1433 4200 verba
1476 4146 1644 4200 totius
1684 4147 1877 4217 operis
1907 4147 2122 4202 idcniti-

524 4247 646 4302 dem
675 4247 915 4305 inversa,
949 4258 1010 4298 ac
1043 4244 1268 4315 syllaba:
1293 4243 1620 4297 inconcinne
1643 4243 1872 4297 divulsa:
1901 4253 1951 4298 ct
1972 4260 2122 4299 com.-

524 4343 732 4410 positm.
787 4341 842 4394 In
893 4339 1067 4392 altero
1120 4346 1301 4392 autem
1333 4338 1524 4393 codice
1574 4354 1738 4392 tnanu
1788 4339 1947 4408 paulo
1977 4338 2120 4394 anti-

521 4436 711 4507 quiore
742 4431 1196 4487 exaratotitulus
1229 4431 1484 4484 exstabat
1509 4431 1752 4501 quidem,
1791 4430 1885 4486 sed
1927 4431 2124 4487 chara.-

519 4539 700 4584 ctcres
745 4527 919 4580 visum
974 4522 1174 4592 passim
1230 4521 1532 4592 fugiebant,
1595 4524 1740 4577 velut
1793 4530 1850 4577 et
1907 4523 1958 4576 in
2009 4531 2122 4578 toto

2223 3305 2352 3374 quin
2386 3303 2524 3358 idem
2558 3301 2652 3358 has
2701 3300 3112 3357 Consultationer
3159 3300 3450 3370 scripserit
3476 3301 3720 3357 dubitari
3745 3303 3822 3360 vi!

2226 3410 2404 3465 posse,
2443 3412 2546 3449 non
2580 3394 2849 3448 immerito
2880 3391 3176 3448 arbitratus
3210 3403 3302 3448 est
3343 3394 3428 3446 vir
3470 3408 3638 3463 quem
3669 3407 3822 3464 supra

2226 3489 2502 3544 nominavi
2528 3489 2897 3546 ductissimus.

2305 3601 2322 3633 ι
2373 3582 2488 3637 Alia
2521 3592 2648 3636 sunt
2679 3597 2798 3651 quae
2839 3581 3100 3636 lectorem
3142 3580 3364 3636 moneri
3381 3594 3567 3649 operae
3599 3580 3824 3650 pretium

2223 3679 2494 3736 ducimus.
2544 3678 2674 3732 Nam
2709 3677 2852 3748 quod
2899 3676 2979 3729 ait
3026 3674 3316 3740 Acherius,
3369 3673 3551 3729 felicis
3596 3674 3825 3745 sepulcri

2224 3773 2448 3829 exuvias
2501 3772 2639 3826 forte
2671 3769 2898 3839 intelligi
2936 3767 3242 3825 Siudoneut
3276 3767 3434 3822 illaut
3477 3783 3590 3838 qua
3620 3782 3825 3822 sacrum

2225 3868 2428 3922 Christi
2460 3880 2658 3935 corpus
2692 3865 2996 3920 involutum
3046 3873 3150 3930 est,
3206 3863 3434 3916 omnino
3466 3873 3579 3924 est,
3611 3873 3668 3916 ut
3703 3860 3827 3918 mihi

2225 3963 2444 4032 quidem
2498 3961 2735 4024 videtur,
2787 3958 3169 4030 improbabile.
3220 3956 3370 4013 Satis
3397 3957 3552 4012 enim
3593 3963 3822 4019 constat,

2226 4053 2521 4110 Sindooetu
2550 4054 2694 4107 illam
2728 4067 2836 4106 non
2864 4052 2932 4106 ab
2963 4048 3233 4112 Eudocia,
3263 4048 3488 4104 Arcadii
3516 4063 3714 4114 uxore,
3744 4047 3822 4101 iu-

2226 4159 2387 4204 cunte
2435 4147 2636 4204 smculo
2664 4161 2721 4213 v,
2756 4143 2852 4199 sed
2903 4160 2932 4196 a
2965 4141 3262 4198 Theodosii
3306 4141 3556 4210 iunioris
3599 4141 3822 4209 conjuge

2226 4241 2368 4298 Ailia
2403 4242 2670 4307 Eutloxia,
2705 4255 2814 4294 non
2843 4249 2973 4293 ante
2996 4252 3200 4294 annum
3229 4235 3336 4290 “:0
3363 4235 3825 4304 Constantinopo-

2227 4336 2318 4391 lim
2367 4352 2488 4391 csse
2531 4344 2883 4406 asportatam.
2937 4332 3086 4387 llanc
3137 4330 3350 4388 scilicet
3396 4329 3825 4401 Hierosolymam

2229 4430 2416 4483 urbem
2442 4429 2642 4484 adiisse
2665 4441 2856 4482 omnes
2882 4425 3060 4481 sciunt
3091 4442 3105 4478 :
3133 4424 3279 4479 illam
3304 4438 3437 4479 vero
3465 4424 3518 4478 in
3545 4422 3826 4477 Palmst'uta

2229 4531 2498 4578 versatam
2531 4535 2652 4576 esse
2682 4521 2770 4588 qui
2807 4519 3116 4588 scripserit,
3163 4517 3454 4574 neminem
3479 4520 3630 4572 novi.
3666 4516 3825 4571 Porro

520 4621 818 4686 volumine,
852 4627 1038 4686 utpote
1069 4615 1248 4684 pluvia
1298 4623 1355 4668 et
1385 4615 1530 4670 carie
1575 4614 1904 4670 labefactato
1933 4631 1994 4668 ac
2021 4631 2119 4684 pu-
2152 4601 2201 4660 Ι)
2233 4616 2314 4670 hcc
2345 4613 2759 4669 Consultationes
2794 4613 2940 4681 prius
2968 4611 3188 4682 scriptu:
3225 4622 3403 4677 erant,
3433 4628 3604 4682 quant
3656 4609 3826 4666 Eudo-

521 4712 750 4768 trefacto
799 4727 812 4759 :
859 4706 1058 4761 deinde
1106 4721 1209 4760 non
1264 4705 1440 4759 solmn
1481 4719 1563 4760 est
1609 4707 1974 4762 labefactatus
2005 4708 2112 4764 iste

522 4807 714 4870 codex,
766 4803 859 4858 sed
895 4814 999 4854 tam
1029 4801 1330 4853 oscitantcr
1362 4811 1414 4852 et
1448 4800 1698 4869 imperite
1732 4810 1988 4854 exaratos
2036 4801 2105 4857 ab

526 4900 697 4955 inscio
723 4895 974 4968 quodam,
1009 4904 1068 4948 ut
1097 4892 1328 4947 subinde
1360 4900 1541 4946 textus
1571 4895 1710 4947 ordo
1735 4903 2115 4962 pervertatur:

525 5002 650 5064 puta
701 4991 752 5044 in
801 4988 937 5040 libro
987 4987 1200 5054 primo;
1237 4992 1398 5054 atque
1450 4993 1509 5038 ιιι
1557 4983 1608 5038 in
1657 4999 1767 5038 uno
1819 4985 2118 5056 eodemque

523 5087 703 5155 εειρῑιο
733 5082 1043 5152 promiscue
1072 5093 1137 5131 ex
1171 5077 1311 5132 libro
1343 5093 1377 5131 lt
1409 5077 1580 5130 multa
1615 5077 1847 5146 invexit,
1883 5079 1954 5132 ita
1985 5080 2116 5133 etin

521 5178 656 5233 libro
698 5192 732 5230 tt
764 5186 814 5230 et
845 5173 897 5228 in
941 5187 996 5226 ιιι
1032 5171 1235 5238 pariter
1264 5180 1558 5224 contextus
1590 5171 1789 5226 seriem
1833 5174 2119 5237 πυτίαι-δτι-

521 5274 614 5337 vit,
653 5287 716 5325 ae
750 5281 975 5324 sensum
1010 5265 1336 5318 immolavit.
1381 5261 1515 5318 Cum
1548 5273 1732 5318 autem
1775 5265 1972 5320 anxius
2001 5265 2115 5320 Inc-

521 5381 717 5430 rcrcm,
749 5373 804 5418 ct
835 5363 975 5416 nulla
1004 5362 1055 5414 in
1092 5366 1243 5412 tanto
1277 5357 1588 5426 labyrintho
1620 5374 1741 5415 sese
1777 5358 2008 5416 oberret
2028 5362 2114 5416 via

521 5477 620 5529 qua
653 5474 719 5512 ex
750 5473 817 5513 eo
855 5467 1138 5524 cmergere
1170 5449 1442 5514 valerem;
1485 5465 1537 5503 v.
1569 5466 1618 5505 c.
1669 5451 1772 5506 Dn.
1808 5453 1990 5510 Faure
2017 5453 2117 5509 do-

595 5621 692 5691 (o)
737 5617 939 5691 Zaccb.
961 5629 1117 5682 capp.
1287 5610 1372 5662 18.

589 5683 611 5771 ζ
625 5683 689 5771 δ)
729 5691 808 5771 Ν·
832 5688 970 5771 ,⁵9ίά
1004 5700 1124 5771 csv-
1157 5683 1247 5769 1?;
1427 5759 1432 5763 .

590 5765 696 5907 ξῘῦ
730 5760 1449 5888 Ὲὲτξξιῗιὶιῖἀθεῗίῖῑιὲἶθίιιυειτ.
1481 5821 1606 5892 bop.
1638 5819 1726 5876 50.

2234 4710 2378 4764 xiam
2409 4709 2666 4764 duxisset
2684 4705 3028 4761 Theodosius
3051 4704 3259 4774 junior.

2311 4820 2329 4854 ι
2383 4801 2537 4868 Quod
2587 4799 2656 4854 ab
2702 4797 2895 4854 eodem
2943 4798 3184 4853 additum
3233 4807 3316 4852 est
3369 4795 3438 4852 de
3472 4797 3820 4865 processiouo

2231 4895 2466 4964 Spiritus
2487 4913 2516 4949 a
2545 4896 2704 4950 Patre
2725 4904 2782 4950 ct
2801 4891 2960 4960 Filio,
2989 4891 3168 4947 minus
3188 4892 3352 4946 etiam
3376 4898 3465 4945 est
3486 4902 3820 4946 accuratum:

2233 5007 2356 5045 nam
2387 4990 2440 5044 in
2473 4991 2540 5045 iis
2583 4990 2720 5045 locis
2762 5004 2884 5058 qua:
2913 4987 3138 5050 indicat,
3181 4985 3285 5040 hoc
3317 4994 3426 5051 est,
3460 5000 3620 5054 capp.
3652 4984 3686 5038 2
3709 4991 3764 5037 et
3789 4980 3820 5040 ὅ

2233 5082 2356 5136 libri
2402 5098 2470 5146 ιι,
2526 5099 2592 5136 nc
2639 5096 2745 5135 una
2797 5081 3014 5149 quidem
3064 5079 3257 5132 vocula
3308 5085 3416 5143 est,
3451 5093 3574 5145 qua:
3599 5076 3666 5130 ad
3711 5086 3821 5129 eam

2225 5174 2583 5246 qttzcstionem
2645 5173 2840 5226 referri
2895 5174 3170 5227 ullatenus
3218 5171 3411 5240 possit.
3471 5170 3628 5238 Quod
3678 5165 3823 5223 side

2226 5283 2348 5335 cap.
2405 5261 2472 5321 19
2518 5265 2799 5336 cogitavit,
2837 5267 2888 5320 in
2937 5282 3045 5337 quo
3095 5275 3254 5320 antea
3305 5263 3616 5334 legebatur,
3663 5261 3750 5315 Est
3778 5267 3822 5314 et

2227 5363 2457 5429 Spiritus
2499 5372 2709 5415 sanctus
2740 5380 2770 5414 a
2799 5359 2957 5414 Patre
3002 5359 3161 5414 simul
3191 5376 3250 5413 ac
3290 5359 3469 5423 Filio;
3504 5358 3566 5412 id.
3591 5358 3821 5426 primum

2227 5456 2487 5510 lectorem
2516 5454 2660 5509 scire
2694 5453 2965 5517 volumus,
3015 5461 3340 5522 expunctum
3369 5465 3402 5502 ει
3444 5450 3607 5504 nobis
3640 5461 3820 5504 vocem

2283 5614 2302 5633 ¹
2342 5610 2472 5675 Quae
2495 5618 2815 5678 sequuntur,
2846 5607 3052 5661 addidit
3079 5603 3451 5678 Disquisitioni
3485 5603 3800 5678 A_cherian:e

2221 5697 2270 5732 v.
2302 5671 2676 5734 c.7'Ludovicus
2711 5679 3025 5732 Fronciscus
3065 5671 3262 5743 Joseph
3305 5677 3370 5730 de
3411 5671 3466 5730 la
3508 5673 3698 5742 Barre,
3729 5680 3813 5745 qui

2222 5767 2418 5808 novam
2452 5752 2726 5822 Spicilegii
2756 5750 3050 5806 editionem
3076 5749 3386 5805 adornavit.
