4060 6344
283 329 420 392 1069

1642 337 2194 399 τΡΒΟιΕΟΟΗΕΝεὶ.

3431 358 3574 414 1070

273 449 448 515 simul,
477 457 534 504 et
560 449 615 503 in
649 449 768 516 ejus
789 449 968 506 locum
1000 465 1067 508 ex
1095 451 1206 508 fide
1247 451 1441 522 optimi
1471 454 1679 510 codicis
1713 456 1872 511 resti—
1901 458 1954 520 Α
1980 474 2112 514 num
2138 473 2232 516 seu
2260 459 2713 517 Consultationum
2741 462 2979 521 Zacrhtei
3009 467 3293 526 Christiani
3321 483 3370 528 et
3409 475 3576 545 Apol-

275 551 446 596 tutam
475 557 668 598 vocem
697 543 959 610 similiter,
991 560 1112 614 quae
1143 546 1470 602 sententiam
1499 549 1725 604 omnino
1756 565 1876 604 mu-

277 641 374 700 tet,
408 633 550 690 utin
581 635 726 689 notis
771 635 958 692 videre
985 647 1067 690 est
1099 636 1336 693 :deinde
1363 639 1711 706 quantumvis
1754 655 1874 695 ser-

275 736 434 782 vetur
486 728 679 784 vocula
739 728 918 794 simul,
971 743 1080 785 non
1127 729 1339 799 liquere
1383 731 1705 786 Zacchmum
1756 735 1877 788 sive

274 821 571 890 Evagrinm
602 821 671 877 de
705 823 1068 891 processione
1093 823 1335 894 Spiritus
1369 825 1542 881 sancti
1578 824 1722 880 idem
1745 841 1874 880 seu-

275 913 436 978 sisse,
482 913 628 985 quod
679 930 828 971 nunc
857 931 1047 970 omnes
1093 915 1274 971 Latini
1321 935 1335 972 :
1383 932 1506 970 nam
1542 917 1710 974 luisse
1742 917 1874 972 olim

276 1010 368 1079 qui
396 1008 663 1080 Spiritum
710 1017 960 1065 sanctum
997 1025 1120 1066 esse
1143 1018 1200 1066 et
1223 1009 1400 1066 Patris
1430 1019 1486 1065 et
1515 1010 1661 1076 Filii,
1706 1009 1877 1066 immo

277 1117 401 1158 esse
442 1111 491 1156 et
542 1119 572 1156 a
623 1101 785 1158 Patre
814 1113 870 1158 et
899 1118 930 1158 a
968 1101 1112 1158 Filio
1161 1103 1483 1169 faterentur,
1542 1118 1642 1160 nec
1694 1112 1874 1160 tamen

278 1193 484 1249 vellent
515 1193 683 1249 scribi
721 1193 974 1251 eumdem
1023 1209 1053 1249 a
1098 1194 1255 1250 Patre
1283 1205 1336 1250 et
1386 1194 1522 1250 Filio
1553 1195 1873 1264 procedere,

275 1298 494 1344 constat
522 1288 606 1346 vel
635 1304 700 1346 ex
735 1288 984 1346 Anselmi
1013 1288 1239 1346 llavelb.
1284 1289 1633 1357 Dialogorum
1681 1289 1778 1346 lib.
1811 1305 1873 1355 ιι,

276 1397 399 1451 cap.
432 1381 522 1436 17.
955 1385 964 1393 '

351 1494 370 1527 ι
410 1477 683 1546 Superest
704 1485 762 1532 ut
793 1492 1114 1532 maneamus
1144 1475 1380 1533 Acherio
1401 1521 1414 1547 ,
1450 1491 1574 1532 cum
1604 1475 1704 1533 has
1733 1475 1876 1533 Con-

275 1569 606 1625 sultationes
644 1567 860 1630 ederet,
907 1569 1144 1626 nondum
1195 1569 1392 1625 factam
1439 1569 1610 1626 fuisse
1659 1570 1878 1639 copiam

273 1680 379 1720 ms.
412 1663 623 1720 codicis
647 1667 825 1720 ιιιιοιί
853 1664 1124 1720 Martialis
1153 1663 1587 1730 Lemovicensis,
1631 1673 1758 1720 ante
1779 1679 1878 1720 an-

275 1775 404 1814 num
434 1759 577 1815 1010
597 1760 758 1830 jussu
787 1759 1049 1816 Ademari
1089 1759 1430 1816 Cabanensis
1455 1759 1686 1826 exarati,
1713 1774 1742 1813 e
1766 1774 1878 1828 quo

1980 553 2108 606 lonii
2139 553 2436 626 philosophi
2468 556 2622 611 libris
2649 557 2964 615 immediate
2986 563 3274 632 subjicitur
3295 574 3570 640 tamquam

1977 654 2211 714 quartus
2253 647 2691 706 Altercationum
2721 651 2893 719 liber;
2919 653 3062 711 adeo
3092 669 3148 710 ut
3171 657 3420 728 ejusdem
3441 679 3574 720 auc-

1980 741 2112 794 toris
2145 739 2288 798 ietus
2315 757 2440 798 esse
2463 743 2750 800 videatur:
2783 747 2876 818 qui
2907 759 3198 819 postquam
3227 755 3331 810 sub
3353 759 3576 815 nomine

1979 829 2216 887 Zacchwi
2253 832 2543 890 Christiani
2592 837 2770 894 tribus
2808 839 2964 898 libris
2994 846 3297 902 confutavit
3333 849 3578 920 philoso-

1982 923 2140 991 phos,
2165 924 2422 993 singulari
2453 943 2621 996 opere
2639 945 2929 1000 aggressus
2958 943 3044 989 est
3080 935 3304 995 .ludaws
3342 941 3446 998 sub
3477 958 3577 997 no-

1979 1013 2126 1072 mine
2153 1015 2448 1088 TlteOphili.
2471 1020 2542 1074 Et
2563 1036 2702 1080 sane
2740 1025 2794 1080 id
2820 1029 3152 1095 persuadere
3187 1043 3418 1098 possunt
3468 1044 3582 1099 tres

1978 1112 2281 1180 praesertim
2312 1113 2670 1184 conjecture.
2714 1116 2896 1178 Primo
2943 1121 3094 1179 enim
3147 1123 3290 1181 idem
3335 1127 3389 1184 in
3428 1138 3582 1184 utro-

1978 1216 2084 1271 que
2115 1219 2284 1274 opere
2319 1205 2538 1260 titulus:
2586 1207 2790 1279 quippe
2812 1210 3292 1272 Consultatiouum
3329 1218 3579 1276 Zacchtei

1978 1291 2277 1350 Christiani
2325 1306 2380 1353 et
2430 1300 2747 1370 Appollonii
2799 1301 3115 1376 philosophi
3166 1309 3288 1368 libri
3329 1319 3463 1380 tres,
3521 1313 3578 1370 in

1979 1385 2170 1445 codice
2222 1388 2603 1449 Lemovicensi
2644 1396 2826 1452 sancti
2875 1397 3142 1457 Martialis
3177 1412 3234 1459 et
3287 1404 3340 1457 in
3378 1405 3584 1466 Vindo-

1978 1476 2189 1534 cinensi
2221 1480 2587 1540 Altercationis
2621 1486 2777 1544 titulo
2807 1487 3104 1546 donantur.
3157 1495 3220 1548 tit
3267 1496 3486 1565 quidem
3521 1499 3577 1555 in

1980 1573 2360 1632 Lcmoviceusi
2391 1577 2496 1635 hoc
2519 1581 2711 1637 uredo:
2745 1582 3030 1640 Altercatio
3057 1589 3326 1657 Apollonii
3342 1591 3581 1663 philoso-

1981 1668 2070 1738 phi
2095 1685 2213 1722 cum
2256 1669 2506 1726 lacrimo
2551 1673 2868 1732 Christiano.
2923 1680 2977 1736 In
3015 1681 3411 1739 Viudociuensi
3449 1703 3586 1742 vero

1983 1762 2084 1818 ita:
2109 1761 2138 1816 Ι
2143 1765 2373 1838 ncipiunt
2394 1768 2625 1837 capitula
2645 1769 2764 1824 libri
2792 1773 3200 1830 Altercatianum
3218 1779 3391 1848 primi.
3412 1779 3586 1838 Immo

273 1857 481 1914 deinde
518 1859 704 1912 varias
737 1859 1002 1913 lectiones
1034 1867 1325 1928 excerptas
1354 1857 1530 1913 edidit
1556 1859 1622 1912 ad
1669 1856 1877 1914 calcem
1911 1857 1954 1916 Β
1986 1855 2036 1909 in
2068 1857 2189 1913 aliis
2219 1858 2384 1918 etiam
2406 1861 2696 1920 codicibus
2713 1865 2909 1934 quibus
2930 1881 3054 1922 usus
3085 1879 3170 1924 est
3193 1880 3380 1926 noster
3400 1871 3584 1930 Ache-

277 1954 412 2008 toml
469 1968 569 2008 xm
617 1952 916 2023 Spicilegii.
962 1953 1066 2007 Eas
1098 1969 1204 2007 non
1237 1953 1500 2008 medici-ri
1533 1952 1691 2007 nobis
1727 1952 1880 2022 adju-

277 2056 464 2100 mento
512 2044 680 2100 fuisse
712 2045 776 2098 ad
823 2045 1220 2101 emendandum
1274 2056 1590 2101 contextum
1640 2045 1882 2101 libenter

277 2137 660 2208 agnoscimus;
693 2138 785 2192 sed
818 2138 916 2202 ita,
951 2147 1011 2192 ut
1045 2120 1217 2192 multo
1252 2137 1436 2208 plures
1465 2153 1495 2191 ε
1535 2137 1728 2192 codice
1759 2154 1877 2191 mo-

277 2231 506 2286 nasterii
533 2229 955 2286 Vindorinensis
980 2241 1263 2302 excerpta:
1285 2232 1397 2286 sint
1423 2247 1453 2284 a
1479 2230 1582 2284 Dn.
1612 2231 1878 2298 Maricae,

274 2325 370 2392 qui
416 2338 512 2378 eas
555 2322 642 2378 edi
692 2323 902 2378 curavit
935 2323 1001 2380 ad
1048 2323 1254 2381 calcem
1303 2323 1432 2380 torni
1481 2321 1522 2378 V
1574 2323 1882 2380 Anecdnto-

277 2431 416 2472 rum.
459 2433 479 2468 ι
541 2414 814 2472 Hactenus
845 2415 952 2471 Dn.
981 2417 1053 2473 de
1084 2417 1132 2472 la
1174 2417 1369 2472 Barre.

351 2513 438 2568 10.
469 2509 587 2566 tam
613 2526 743 2566 vero
785 2527 851 2567 ne
879 2525 1105 2583 prorsus
1150 2514 1429 2586 ἀσύμϐολοι
1457 2512 1562 2568 hnc
1586 2513 1883 2568 accessisse

277 2603 586 2670 videamur,
623 2605 846 2673 paucula
892 2606 1150 2660 nonnulla
1199 2605 1452 2661 conferre
1484 2606 1632 2660 libet.
1669 2605 1735 2659 Et
1767 2604 1882 2676 ιιι-ῖς

277 2713 425 2752 rnnm
455 2698 696 2767 quidem,
729 2697 795 2752 ad
837 2699 1076 2754 ancmris
1107 2720 1134 2753 a
1157 2708 1320 2755 tatem
1351 2697 1498 2770 quod
1529 2699 1744 2762 attinet,
1788 2711 1882 2754 ex-

278 2790 532 2846 cutienda
584 2793 820 2847 occurrit
856 2792 1090 2848 Fabricii
1144 2794 1329 2864 opinio
1361 2793 1466 2866 (a),
1498 2795 1588 2864 qui
1630 2795 1788 2849 aliter
1818 2809 1882 2849 ac

277 2888 460 2940 Citlef'i
492 2900 552 2940 ea
583 2885 650 2939 dc
680 2899 738 2940 re
759 2883 1101 2941 sentiendum
1149 2888 1380 2942 censuit.
1423 2885 1694 2942 Nimirum
1738 2884 1883 2958 ejus-

278 2977 426 3033 modi
455 2975 704 3032 Zacchtcl
724 2979 905 3034 verbis
936 2980 986 3034 in
1023 2977 1260 3034 medium
1288 2979 1536 3034 adductis
1559 2979 1656 3051 (ὁ),
1687 2977 1883 3050 Regnis

276 3069 497 3138 insuper
518 3087 679 3140 regna
695 3073 1004 3144 conﬂigunt,
1031 3081 1075 3126 et
1106 3071 1501 3141 insuspirabiles
1523 3073 1742 3140 sceptris
1761 3073 1883 3144 jus-

277 3173 451 3218 tarum
485 3163 685 3217 sedium
712 3165 972 3236 Augustos
1004 3165 1307 3238 depellunt;
1352 3165 1528 3234 ipsum
1580 3165 1696 3217 hazc
1748 3163 1882 3217 scri-

1987 1951 2136 2016 rius,
2171 1966 2296 2006 cum
2344 1966 2441 2006 eos
2487 1952 2771 2024 Spicilegii
2804 1965 2936 2012 tom.
2973 1956 3021 2012 Χ
3050 1958 3102 2012 in
3153 1959 3331 2020 lucem
3361 1963 3580 2018 emisit:

1990 2057 2116 2098 nam
2145 2044 2195 2097 in
2237 2043 2364 2100 libri
2397 2046 2556 2117 primi
2590 2048 2746 2106 calce
2775 2049 2892 2106 haec
2935 2052 3228 2123 leguntur:
3279 2055 3423 2111 Finit
3459 2058 3585 2112 liber

1984 2137 2336 2192 altercationis
2358 2137 2600 2195 Zaccha’i
2636 2141 2918 2197 Christiani
2948 2155 2996 2199 et
3036 2148 3302 2216 Apollonii
3344 2149 3580 2219 philoso-

1985 2228 2095 2298 phi.
2132 2229 2198 2283 Et
2227 2230 2281 2284 in
2311 2230 2420 2286 line
2446 2232 2569 2289 libri
2600 2233 2777 2293 tertii:
2813 2234 3046 2306 Explicit
3083 2237 3321 2296 Zaccha'i
3353 2250 3401 2295 et
3420 2243 3555 2316 Apol
3565 2276 3582 2285 -

1983 2319 2111 2374 lonii
2143 2319 2438 2377 Allercatio.

2057 2415 2307 2471 Secundo
2340 2418 2528 2472 eadem
2562 2420 2613 2474 in
2651 2431 2882 2494 utroque
2907 2425 3070 2480 etiam
3109 2441 3276 2496 opere
3308 2433 3582 2488 scribendi

1985 2511 2157 2577 ratio;
2202 2513 2458 2567 nimirum
2502 2514 2568 2568 ad
2619 2515 2838 2571 modum
2870 2517 3069 2586 dialogi
3117 2535 3209 2574 seu
3252 2520 3586 2593 disputatio-

1985 2604 2090 2667 nis,
2126 2607 2177 2659 in
2209 2621 2311 2676 qua
2346 2606 2565 2676 gentilis
2595 2608 2684 2663 vel
2720 2607 2943 2664 Judanrs
2974 2612 3312 2681 objectioncs
3353 2629 3407 2671 et
3437 2618 3583 2672 diffi-

1984 2699 2218 2754 cultates
2244 2712 2372 2755 suas
2398 2702 2690 2771 proponit;
2725 2717 2863 2771 quas
2915 2705 2984 2757 ita
3032 2706 3269 2776 explicat
3314 2725 3376 2763 ac
3421 2712 3586 2766 solvit

1983 2789 2348 2862 Christianus,
2383 2804 2439 2848 ut
2469 2793 2684 2850 tandem
2718 2797 3042 2867 persuadeat
3073 2810 3128 2855 et
3155 2802 3360 2857 vincat.

2057 2884 2240 2940 Tertio
2268 2887 2440 2958 stylus
2474 2887 2679 2958 pariter
2725 2889 2930 2960 ubique
2961 2892 3125 2959 idem,
3171 2895 3425 2950 nimirum
3465 2907 3580 2952 tur-

1983 2990 2114 3045 gens
2155 2988 2209 3032 ct
2241 2977 2568 3045 lacertosus,
2597 2988 2659 3035 ut
2701 2992 2964 3053 utrasque
3004 2985 3410 3043 Altercationes
3442 3006 3577 3045 corr-

1984 3068 2554 3125 lerenlimanifestum
2596 3086 2717 3127 esse
2761 3077 2986 3142 poterit.
3043 3077 3214 3132 Porro
3271 3095 3392 3133 cum
3438 3081 3584 3136 Con-

1983 3161 2340 3216 sultationum
2368 3161 2612 3218 Zaecbaei
2646 3163 2941 3219 Christiani
2977 3167 3145 3222 libros
3177 3173 3381 3225 saeculo
3410 3190 3441 3227 ν
3471 3176 3582 3229 sal-

276 3255 500 3312 bentem
526 3271 632 3310 non
657 3256 889 3314 obscure
923 3265 1147 3329 tangere
1180 3268 1349 3328 putat,
1382 3273 1503 3327 qua:
1535 3255 1602 3312 ab
1630 3255 1876 3312 Odoaero
1903 3249 1949 3314 C
1986 3262 2090 3310 tem
2118 3254 2340 3312 ineunte
2367 3257 2599 3327 scriptos
2637 3255 2805 3312 fuisse
2852 3261 3055 3330 optime
3086 3263 3281 3332 probet
3313 3264 3582 3323 Aeherius

274 3349 610 3404 Herulornm
641 3365 768 3420 rege
790 3357 942 3420 gesta
976 3357 1104 3405 sunt
1131 3366 1274 3405 anno
1295 3348 1642 3404 Christihio.
1678 3346 1878 3404 Eadem

275 3441 413 3496 alibi
445 3442 648 3512 repetit
678 3441 770 3515 (c).
801 3441 1197 3514 Signassetille
1225 3443 1416 3498 saltem
1445 3457 1589 3496 anno
1616 3440 1744 3497 470.
1773 3440 1880 3496 Ve-

275 3553 398 3590 rum
426 3537 531 3590 hoc
559 3540 751 3604 misso,
786 3554 892 3592 non
918 3545 1003 3592 est
1029 3537 1247 3592 demum
1272 3551 1368 3590 cur
1399 3534 1464 3590 ad
1498 3535 1643 3589 illius
1683 3531 1851 3589 barba

275 3647 462 3686 rorum
511 3630 665 3686 ducis
717 3640 964 3703 tempora
1024 3632 1425 3704 confugiamus,
1479 3647 1587 3702 quo
1637 3631 1878 3686 auctoris

274 3726 459 3781 verbis
486 3725 692 3781 veritas
723 3737 959 3782 constet.
1002 3727 1202 3794 Quidni
1236 3728 1379 3782 enim
1421 3726 1724 3796 respexerit
1759 3739 1880 3794 per-

275 3830 506 3875 sonatus
572 3819 866 3876 Zacchaeus
917 3821 983 3876 ad
1017 3821 1309 3894 Radagaisi
1359 3833 1523 3892 atque
1579 3821 1636 3875 in
1687 3817 1882 3890 primis

277 3914 480 3969 Alarici
503 3915 729 3970 crebras
766 3916 818 3969 in
866 3915 1077 3970 Italiam
1111 3914 1466 3984 irruptiones,
1501 3928 1622 3982 qua:
1656 3914 1879 3967 ineunte

275 4007 478 4062 sacculo
521 4023 550 4060 v
595 4007 950 4063 acciderunt?
983 4007 1136 4062 Tunc
1166 4007 1309 4062 enim
1332 4005 1679 4060 Occidentale
1708 4006 1875 4073 impe-

275 4104 415 4158 riutn
439 4103 637 4158 misere
661 4102 1002 4169 divexatum,
1029 4103 1312 4174 ipsamque
1340 4099 1543 4155 Urbem
1575 4108 1786 4168 captam
1813 4111 1876 4151 ac

274 4195 600 4269 diremptam
641 4195 807 4254 fuisse
838 4195 1110 4252 novimus.
1155 4197 1286 4264 Quae
1334 4194 1554 4266 quidem
1589 4191 1748 4263 vulgo
1783 4207 1872 4246 sa-

277 4290 344 4346 tis
371 4301 678 4362 comperta,
715 4289 915 4347 tabulis
945 4308 1053 4346 non
1087 4288 1336 4360 indigent
1381 4287 1575 4359 quibus
1616 4300 1873 4358 compro-

275 4385 496 4443 bentur.

352 4479 435 4536 11.
468 4479 606 4535 Illud
643 4487 905 4552 prmterea
950 4479 1267 4551 ingerimus,
1300 4474 1546 4532 Zaccbrei
1576 4472 1871 4531 Consulta-

276 4567 483 4627 tionum
515 4571 670 4627 libris
712 4571 884 4627 triinis
913 4571 1192 4626 addidisse
1230 4585 1328 4625 nos
1351 4569 1494 4626 aliud
1522 4565 1872 4637 epusculum,

1986 3347 2038 3401 in
2079 3347 2395 3417 praefatione
2424 3349 2490 3402 ad
2530 3350 2809 3422 Spicilegii
2853 3361 3057 3409 tomum
3107 3356 3170 3419 Χ,
3206 3359 3480 3427 quodnam
3511 3365 3584 3416 sit

1982 3439 2050 3496 de
2083 3450 2329 3510 tempore
2377 3440 2748 3498 Altercatiouis
2782 3443 3059 3516 Theophili
3099 3447 3381 3506 Christiani
3409 3463 3455 3508 et
3489 3455 3582 3509 Si-

1980 3532 2145 3589 monis
2201 3531 2377 3590 Jurltei
2429 3537 2713 3592 ferendum
2759 3540 3051 3611 judicium,
3105 3546 3262 3601 facile
3295 3547 3586 3604 advertent

1981 3629 2181 3684 eruditi
2240 3631 2501 3687 lectores.
2555 3633 2721 3689 Certe
2777 3639 3220 3708 antiquissimam
3292 3657 3413 3697 esse
3487 3644 3583 3699 de-

1982 3731 2249 3778 monstrat
2311 3726 2394 3780 vel
2455 3725 2574 3796 ipsa
2634 3729 2930 3798 Scriptura:
2995 3734 3174 3788 versio
3225 3751 3330 3806 qua
3391 3745 3584 3794 auctor

1981 3832 2112 3875 usus
2155 3825 2260 3885 est,
2314 3820 2507 3889 primis
2563 3821 2820 3880 Ecclesiae
2861 3825 3226 3896 scriptoribus
3275 3830 3581 3887 familiaris.

1980 3907 2115 3962 Hinc
2143 3911 2427 3980 conjicies,
2468 3922 2672 3982 quanto
2701 3917 2770 3968 ab
2801 3919 3062 3972 omnibus
3105 3918 3353 3975 habenda
3402 3922 3472 3977 sit
3523 3924 3575 3978 in

1980 4001 2177 4069 pretio.

2054 4091 2177 4148 ΙΙωο
2217 4093 2309 4147 ubi
2349 4097 2707 4164 scripseram,
2757 4099 3093 4169 deprehendi
3151 4105 3295 4172 apud
3355 4104 3578 4161 Genna-

1977 4185 2150 4251 dium,
2183 4197 2458 4243 auctorem
2486 4189 2715 4260 hujusce
2748 4191 3114 4248 Altercationis
3142 4211 3268 4251 esse
3298 4197 3577 4255 Evacnruu

1978 4279 2069 4350 qui
2093 4277 2236 4334 circa
2259 4296 2457 4336 annum
2481 4281 2587 4337 400
2615 4282 2820 4338 floruit.
2847 4285 2939 4340 Sic
2964 4287 3108 4342 enim
3135 4287 3226 4343 ille
3251 4288 3326 4358 (g)
3349 4307 3360 4341 :
3395 4310 3412 4342 ι
3439 4290 3578 4345 Ευα-

1978 4375 2118 4442 gritts
2165 4373 2299 4428 alter
2344 4375 2552 4446 scripsit
2585 4375 2989 4433 Altercationem
3036 4378 3266 4434 Simonis
3295 4378 3472 4437 ,Ιααωὶ
3531 4397 3580 4438 et

1981 4466 2255 4542 Theophili
2286 4469 2600 4538 Christiani,
2631 4488 2748 4542 qua:
2771 4472 3010 4526 omnibus
3040 4483 3163 4528 nota
3205 4485 3298 4528 est.
3332 4475 3429 4531 Cui
3460 4494 3581 4532 suc-

1978 4564 2112 4620 cinit
2169 4565 2519 4622 Marcellinus
2569 4580 2758 4623 eomes
2809 4567 2897 4624 his
2929 4568 3113 4623 verbis
3167 4567 3285 4641 (li):
3322 4570 3584 4643 Euagrius

277 4662 420 4735 quod
463 4663 642 4720 eidem
676 4665 926 4735 scriptori
963 4663 1086 4734 jure
1119 4664 1380 4718 tributum
1416 4670 1720 4736 agnoscunt
1749 4673 1872 4714 cum
1905 4641 1953 4700 Ῑ)
1979 4658 2184 4730 scripsit
2233 4657 2639 4711 Alterrationem
2696 4657 2872 4713 Judtui
2939 4658 3173 4713 Simonis
3220 4670 3264 4714 et
3307 4641 3586 4732 Theophili

274 4758 488 4814 caeteris
535 4757 784 4829 superius
829 4757 1014 4814 relatis
1055 4755 1286 4813 Wolfius
1329 4754 1412 4829 (ιι)
1459 4763 1623 4825 atque
1673 4751 1866 4807 Fabri-

271 4851 493 4924 cius(e).
510 4850 826 4906 lnscribitnr
847 4860 1026 4906 autem
1045 4869 1057 4905 :
1078 4849 1356 4905 Alterratio
1378 4850 1508 4903 inter
1525 4845 1870 4920 TheOphilunt

273 4941 629 5001 Christianum
660 4954 705 4999 et
729 4944 994 5001 Simonem
1023 4941 1286 4999 Jmlatum.
1323 4943 1458 4998 illud
1486 4957 1620 4997 Vero
1646 4940 1869 4997 edidere

270 5036 572 5095 Martenius
623 5047 676 5094 et
722 5035 1008 5095 Durandus
1039 5057 1122 5095 vv.
1153 5041 1244 5095 cll.
1280 5039 1370 5112 (Γ),
1401 5038 1492 5111 qui
1538 5038 1608 5094 de
1650 5053 1715 5092 eo
1744 5052 1870 5091 eru-

271 5129 387 5185 dite
417 5132 495 5185 sic
521 5129 871 5187 edisserunt:
908 5151 924 5184 ι
966 5133 1078 5188 lloc
1110 5149 1246 5204 opus
1279 5148 1376 5187 sua
1409 5132 1732 5203 antiquitate
1759 5145 1869 5184 me-

273 5223 382 5277 rito
409 5223 782 5278 venerandum
809 5225 967 5279 nobis
993 5225 1364 5295 suppeditavit
1387 5233 1539 5280 vetus
1561 5224 1733 5280 codex
1764 5238 1866 5277 ms.

277 5315 594 5371 monasterii
632 5313 1073 5383 Vindocinensis,
1115 5317 1167 5370 in
1199 5332 1304 5388 quo
1341 5315 1511 5372 tribus
1543 5315 1869 5373 Altercatio-

349 5527 426 5601 (tr)
458 5527 678 5584 Fabric.
723 5527 930 5595 Deleet.
965 5536 1298 5600 argument.,
1323 5537 1458 5598 etc.,
1499 5543 1618 5598 cap.
1652 5526 1707 5592 5,
1749 5540 1870 5596 pag.

272 5599 410 5730 2556,
457 5671 654 5726 ziccn.
679 5671 926 5726 Cutisult.
951 5671 1046 5725 nn.
1068 5687 1148 5738 ιιι,
1180 5686 1300 5742 cap.
1325 5673 1379 5728 8.

349 5670 425 5811 ir;
453 5741 670 5798 Fabric.
711 5743 850 5797 Bibl.
889 5741 1033 5799 med.
1069 5741 1247 5800 Latin.
1281 5752 1379 5798 ton:

375 5672 410 5730 lt
457 5671 654 5726 Zacch.
679 5671 926 5726 Consult.
951 5671 1046 5725 lib.
1068 5687 1148 5738 ιιι,
1180 5686 1300 5742 cap.
1325 5673 1379 5728 8.

354 5670 670 5823 iri-Fabric.
711 5743 850 5797 Bibl.
889 5741 1033 5799 med.
1069 5741 1247 5800 Latin.
1281 5752 1417 5799 tom.
1469 5740 1538 5811 ll,
1585 5757 1705 5814 pag.
1740 5740 1869 5805 550,

276 5813 414 5871 edit.
442 5813 636 5870 ilatnb.
1587 5813 1596 5814 7
1664 5813 1671 5814 7

350 5886 435 5959 (tl)
482 5881 649 5941 Wolf.
686 5884 825 5942 Bibl.
857 5884 1026 5943 Hebr.
1080 5886 1186 5942 vol.
1238 5885 1323 5955 Ill,
1358 5903 1479 5960 pag.
1519 5885 1680 5952 1141,
1717 5900 1870 5939 ntuu.

1978 4749 2288 4823 Christiani,
2349 4768 2467 4826 qua:
2515 4769 2644 4822 pene
2693 4753 2932 4808 omnibus
2977 4765 3098 4809 nota
3128 4764 3223 4808 est.
3260 4757 3432 4824 Quem
3464 4758 3588 4828 qui-

1979 4845 2103 4899 dem
2177 4845 2467 4918 Evagrium
2522 4847 2808 4920 utriusque
2862 4848 3253 4904 Altercationis
3302 4866 3582 4907 auctorem

1977 4938 2144 4995 fuisse
2180 4956 2392 4997 mecum
2421 4941 2735 5012 conjecerat
2774 4943 2939 4997 etiam
2990 4943 3074 4998 vir
3102 4944 3444 5002 clarissimus
3486 4945 3590 5002 Se-

1975 5031 2260 5088 bastianus
2283 5033 2352 5088 de
2379 5032 2693 5089 Tillemont.
2727 5033 2999 5090 Caeterum
3029 5052 3188 5108 quam
3241 5036 3330 5090 bic
3366 5038 3582 5104 damus,

1976 5126 2278 5183 Altercatio
2311 5125 2590 5182 visebatur
2611 5129 2740 5182 olim
2773 5128 2825 5185 in
2847 5129 3163 5186 Centulensi
3219 5133 3578 5201 monasterio,

1974 5229 2034 5276 ut
2066 5230 2283 5277 constat
2309 5238 2372 5276 ex
2405 5221 2727 5278 recensione
2754 5223 3022 5281 librorum
3061 5227 3306 5298 ejusdem
3341 5230 3580 5287 etennbii

1978 5325 2225 5387 tempore
2271 5314 2534 5370 Ludovici
2589 5315 2703 5387 Pii,
2759 5335 2919 5392 quam
2973 5321 3140 5377 refert
3191 5323 3469 5382 llariulfns
3523 5327 3578 5384 in

1984 5536 2283 5578 nuccxxur.

2054 5591 2127 5663 (θ)
2157 5590 2372 5648 Fabric.
2399 5592 2454 5647 ll.
2486 5595 2649 5651 modo
2677 5600 2794 5655 citt.

2171 5663 2401 5720 Marten.
2445 5663 2612 5724 Thes.
2644 5686 2772 5726 nov.
2820 5669 3095 5729 Anecdot.
3131 5683 3265 5732 tom.
3309 5679 3380 5746 V,
3417 5696 3576 5756 pagg.

1980 5734 2138 5949 3.23;.
2163 5806 2410 5862 Gennad.
2440 5808 2536 5865 lib.
2564 5811 2632 5866 de
2663 5811 2779 5870 Vir.
2808 5814 3016 5874 illustr.
3050 5834 3174 5886 cap.
3197 5822 3289 5878 50.

2053 5877 2108 5944 (h
2168 5877 2406 5934 Marcet].
2441 5899 2582 5936 eum.
2614 5883 2666 5938 in
2697 5883 2902 5943 Chron.
2938 5888 3007 5946 ad
3031 5907 3161 5948 alin.
3193 5893 3289 5949 425

2053 5877 2133 5949 (Ιι)
2168 5877 2406 5934 Marcet].
2441 5899 2582 5936 eum.
2614 5883 2666 5938 in
2697 5883 2902 5943 Chron.
2938 5888 3007 5946 ad
3031 5877 3161 5948 ann.
3193 5877 3320 5950 425.
