4060 6344
500 339 634 399 Ion
690 300 699 315 ’

1767 324 2092 383 ZACCIUEI
2132 320 2525 380 CHRISTIANI

3663 317 3789 373 Π)ῗὲ

497 453 763 510 chronico
783 410 1125 519 Centulensi,
1147 444 1424 520 Spicilegii
1456 452 1605 500 tomo
1634 443 1727 500 IV.
1767 462 1784 497 ι
1820 444 2094 500 Hactenus
2122 450 2172 511 Α
2202 451 2308 507 tus,
2340 441 2468 497 dum
2508 438 2602 494 illa
2639 436 2914 493 scriberet
2944 449 3067 506 qua:
3094 433 3257 491 modo
3286 447 3352 489 ex
3388 447 3455 490 eo
3490 432 3784 490 retulimus.

498 549 586 603 vir
617 547 882 603 eruditus.

574 643 666 697 Β.
729 642 926 698 Verum
960 650 1251 711 antequam
1282 637 1405 693 hinc
1431 635 1781 701 recedamus,
1816 633 1946 689 illud
1967 650 2102 704 quo-

504 751 615 807 que
646 734 1086 789 animadvertere
1126 731 1279 796 libet,
1310 728 1453 796 quod
1492 728 1713 799 quidem
1764 726 1906 797 apud
1937 727 2103 780 Zara-

496 829 691 899 guium
743 828 891 883 inter
931 834 1087 881 notas
1117 823 1186 878 ad
1230 822 1481 878 Archelai
1512 821 1937 891 disputationem
1977 833 2100 873 cum

501 922 724 980 Manete
753 924 1076 978 observasse
1128 918 1287 974 nobis
1322 918 1611 973 succurrit.
1656 916 1859 972 Locum
1890 915 2102 970 scilicet

498 1019 803 1088 explanans
842 1034 899 1071 ν.
929 1033 979 1071 c.
1030 1016 1084 1071 in
1116 1030 1221 1083 quo
1248 1015 1539 1085 episc0pus
1590 1014 1679 1069 ille
1711 1011 2100 1068 Carcharensis

495 1112 661 1168 tradit
686 1113 762 1181 (a)
790 1110 1156 1183 imaginariam
1180 1108 1356 1178 legem
1387 1106 1609 1178 Moysen
1641 1105 1953 1170 tradidisse,
1986 1105 2099 1159 haec

491 1206 640 1262 inter
680 1204 787 1260 alia
826 1205 1019 1259 scribit
1058 1202 1133 1273 (b)
1172 1220 1184 1257 :
1227 1222 1244 1255 t
1280 1201 1461 1257 Utitur
1500 1210 1555 1256 et
1587 1199 1688 1254 hac
1718 1214 1851 1253 voce
1883 1196 2098 1267 Evagrii

494 1298 755 1355 monachi
800 1308 958 1353 vetus
991 1296 1265 1367 interpres
1310 1296 1362 1350 in
1401 1295 1776 1365 disputatione
1810 1290 2097 1361 Theophili

494 1392 742 1463 episcopi
773 1389 1131 1445 Alexandrini
1176 1405 1302 1443 cum
1343 1387 1570 1443 Simone
1602 1387 1794 1442 Judan
1832 1400 1953 1455 cap.
2006 1385 2095 1449 15,

491 1483 583 1538 ubi
627 1484 852 1539 sabbata
906 1485 1279 1558 imaginariam
1332 1484 1583 1552 requiem
1634 1490 1795 1536 vocat
1848 1480 2097 1548 septima:

491 1578 647 1633 illius
688 1579 819 1647 diei,
871 1580 924 1634 in
956 1596 1060 1650 qua
1096 1579 1265 1634 Deum
1318 1579 1504 1633 mundi
1537 1579 1822 1634 creatione
1852 1575 2094 1631 absoluta

488 1676 835 1745 requievisse
886 1678 1080 1747 pagina
1113 1691 1268 1729 sacra
1309 1684 1559 1730 testatur.
1598 1695 1615 1727 ι
1654 1673 1870 1744 Evagrii
1914 1672 2092 1726 locum

491 1785 657 1839 quem
702 1770 929 1839 respicit
978 1769 1297 1836 Zacagnius,
1359 1780 1520 1838 prout
1570 1772 1749 1822 exstat
1808 1766 1859 1820 in
1904 1774 2094 1820 nostro

2208 536 2371 589 Multa
2403 533 2550 589 enim
2586 532 2640 587 in
2671 531 2766 585 illa
2792 530 3149 585 annotatione
3181 542 3439 599 peccasse
3481 525 3786 597 deprehen-

2210 626 2379 681 ditur.
2428 626 2493 680 Et
2527 624 2766 695 primum
2797 622 3019 694 quidem
3055 621 3350 691 Evagrium
3395 630 3642 675 nostrum
3671 634 3789 675 con-

2207 720 2391 777 fundit
2437 736 2560 775 cum
2613 720 2849 789 Evagrio
2875 718 3165 772 notissimo
3206 716 3307 771 illo
3348 715 3605 779 Pontico,
3645 715 3789 785 cujus

2204 816 2409 886 scripta
2465 815 2651 870 omnia
2698 828 2823 885 quae
2855 821 3141 884 superant.
3200 810 3334 867 alibi
3383 811 3658 867 edidimus
3683 810 3787 883 (d):

2204 925 2364 981 quem
2394 918 2574 962 tamen
2607 922 2853 962 errorem
2883 905 3031 960 facili
3061 904 3281 977 negotio
3312 904 3560 967 vitasset,
3592 903 3636 957 si
3658 900 3792 958 Geu-

2204 1002 2429 1059 nadium
2473 1002 2700 1055 adiisset
2731 1001 2821 1070 qui
2857 1009 3152 1069 utrumque
3180 998 3357 1069 probe
3383 996 3679 1067 distinguit
3703 995 3790 1065 (ε).

2204 1096 2414 1153 Deinde
2445 1104 2689 1151 veterem
2725 1095 2897 1149 nostri
2934 1093 3221 1159 scriptoris
3249 1092 3611 1162 interpretem
3652 1089 3791 1144 eltin-

2202 1189 2301 1259 git.
2332 1188 2561 1259 perinde
2583 1202 2646 1241 ac
2674 1187 2719 1241 si
2744 1187 2936 1242 Grmce
2967 1186 3058 1240 ille
3080 1184 3421 1254 scripsisset,
3455 1183 3548 1253 qui
3578 1180 3791 1236 Latinus

2204 1282 2378 1337 fuisse
2407 1280 2747 1351 agnoscitur.
2778 1280 3046 1350 Denique,
3080 1278 3224 1349 quod
3248 1276 3331 1333 rei
3354 1286 3521 1345 caput
3549 1284 3656 1341 est,
3690 1275 3792 1330 dis-

2201 1373 2502 1444 putationis
2550 1389 2673 1428 cum
2727 1371 2955 1428 Simone
3005 1366 3195 1427 ludit-0
3254 1378 3545 1423 auctorem
3610 1367 3795 1422 Statuit

2198 1467 2564 1537 Theophilum
2633 1467 2956 1538 episcopum
3011 1464 3486 1529 Alexandrinum;
3545 1460 3683 1517 adeo
3742 1469 3795 1516 ut

2199 1562 2487 1616 censuisse
2518 1559 2772 1615 videatur
2799 1574 2921 1614 cum
2942 1557 3134 1614 Judaeo
3159 1561 3486 1627 episcopum
3513 1555 3665 1609 illum
3689 1554 3794 1609 dis-

2198 1665 2445 1725 putasse,
2477 1652 2634 1722 cnjus
2664 1651 3098 1719 disputationem
3134 1648 3437 1718 Evagrium
3462 1662 3620 1701 suum
3650 1645 3797 1701 dein-

2198 1760 2329 1815 ceps
2381 1744 2585 1799 litteris
2629 1744 2840 1800 Graecis
2871 1742 3249 1812 cousignarit:
3294 1756 3423 1795 cum
3468 1750 3665 1795 contra
3707 1754 3795 1793 no-

490 1832 666 1925 cdito,
700 1862 781 1917 sic
798 1832 860 1916 se
890 1861 1054 1915 habet
1088 1832 1161 1932 (ἆ)
1194 1878 1205 1913 :
1242 1832 1445 1914 Edoeta
1469 1861 1607 1914 mala
1637 1858 1871 1925 sabbata,
1896 1857 2092 1927 inquit,

2203 1849 2315 1893 ster
2357 1836 2627 1906 Evagrius
2682 1834 3111 1891 Altercationem
3152 1834 3300 1888 illam
3332 1838 3482 1888 Inter
3531 1832 3795 1888 Τιιεοριιι-

488 1954 690 2009 scilicet
719 1970 1034 2011 IIAGINABIA
1076 1956 1280 2025 requies
1305 1954 1513 2025 septimi
1566 1954 1668 2007 diei
1720 1953 1910 2006 tradita
1957 1951 2089 2020 fuit,

488 2056 601 2104 etc.
625 2048 722 2104 llis
752 2050 973 2120 positis,
1033 2049 1184 2105 aliud
1212 2048 1501 2105 enimvero
1549 2047 1749 2119 agebat
1791 2046 1878 2101 vir
1910 2045 2094 2102 erudi-

558 2212 881 2285 (a)7Airchel.
918 2212 1129 2285 Disput.
1160 2226 1277 2282 cap.
1309 2212 1402 2279 51,
1452 2209 1503 2263 ἰη
1551 2217 1762 2264 nostra:
1793 2206 1933 2262 Bibl.
1984 2205 2088 2260 PP.

485 2283 621 2342 tom.
650 2284 738 2353 lll,
766 2300 885 2355 pag.
918 2283 1045 2338 588.

563 2355 639 2429 (b)
669 2356 924 2428 Zacagu.,
955 2355 1107 2423 ibid.,
1145 2364 1259 2412 not.
1295 2355 1349 2409 4.

2202 1960 2308 1999 Luat
2358 1943 2729 1999 CHRISTIANUII
2784 1952 2839 1998 et
2892 1942 3178 1998 Simonem
3238 1940 3493 1997 Judaeum
3560 1939 3793 1997 habitam

2194 2044 2359 2102 fuisse
2379 2046 2728 2102 conﬁnxerit.
2763 2047 2831 2100 At
2861 2044 2927 2101 de
2961 2045 3043 2101 his
3075 2046 3233 2101 satis.

2272 2206 2349 2275 (ε)
2380 2206 2575 2276 Evagr.
2609 2205 2842 2272 Altere.,
2868 2205 3025 2260 infra.

2273 2278 2353 2361 (1d)
2384 2279 2520 2361 liibl.
2563 2278 2841 2361 tom:
2860 2276 2985 2361 Ἧι,-
3005 2293 3163 2361 pagg.
3189 2277 3295 2361 535
3324 2293 3481 2349 seqq.

2276 2351 2347 2423 (e)
2390 2350 2639 2406 Gennad.
2673 2351 2768 2405 lib.
2811 2349 2879 2405 de
2924 2349 3039 2404 Vir.
3084 2349 3282 2405 illustr.
3322 2366 3484 2420 capp.
3520 2349 3584 2404 11
3619 2360 3672 2404 et
3706 2350 3789 2405 50.

1564 2666 1593 2703 ³
1648 2660 2755 2747 CONSULTATIONUM

848 2834 1940 2986 ZACCHXEI
2036 2836 3422 2989 CHRISTIANI

1013 3228 2046 3359 APOLLONII
2144 3228 3278 3361 PHILOSOPHI

1796 3456 2101 3529 LIBRI
2182 3460 2495 3532 TRES.

1694 3775 2037 3858 LIBER
2110 3776 2590 3863 PRIMUS.

1084 4125 1475 4182 PREFATIO.

560 4221 717 4293 Apud
746 4219 1008 4292 quosdam
1037 4220 1397 4276 contradictio
1426 4218 1734 4292 gentilium,
1768 4218 1892 4289 quia
1922 4217 1994 4273 sit
2022 4217 2091 4272 ab

490 4318 637 4373 omni
665 4331 795 4372 vera
822 4317 1091 4387 sapientia
1109 4314 1137 4355 ι’
1164 4316 1405 4383 exclusa,
1438 4315 1592 4372 exsul
1623 4323 1678 4369 et
1704 4328 1873 4367 vacua
1893 4354 1908 4379 ,
1938 4327 2089 4382 sper-

492 4412 671 4467 nenda
702 4409 885 4480 potius
924 4411 1143 4464 videtur
1172 4425 1293 4464 esse
1328 4425 1488 4479 quam
1517 4407 1810 4463 refellenda
1837 4423 1851 4473 ;
1885 4421 2005 4461 cum
2034 4405 2087 4459 in

488 4510 804 4570 contemptu
844 4503 962 4569 ejus
1011 4500 1283 4557 fastidium
1327 4502 1560 4565 inutile;
1606 4501 1656 4554 itt
1704 4498 2089 4554 informatione

485 4607 667 4651 autem
689 4594 893 4665 duplex
915 4595 1115 4651 bonum
1147 4598 1238 4662 sit,
1266 4594 1407 4666 quod
1432 4603 1486 4649 et
1510 4593 1698 4663 religio
1723 4603 1908 4648 nostra
1930 4604 1951 4630 ο
1984 4594 2089 4648 sic-

486 4698 551 4743 ut
591 4703 673 4745 est
718 4702 909 4746 sancta
952 4699 1007 4745 et
1053 4689 1319 4760 simplex,
1376 4686 1632 4743 omnibus
1672 4686 1954 4741 intimatur
1991 4703 2005 4741 :
2036 4694 2091 4741 et

484 4783 669 4838 solent
711 4784 891 4839 edocti
936 4783 1162 4838 credere
1204 4781 1346 4853 quod
1399 4780 1706 4850 Spreverint
1760 4780 2084 4835 nescientes.

484 4871 675 4928 Visum
714 4885 801 4931 est
827 4892 956 4945 ergo
996 4891 1113 4930 rem
1145 4890 1400 4945 magnam
1436 4874 1562 4928 licet
1606 4876 1751 4928 tenui
1785 4875 1931 4945 stylo
1958 4889 2087 4929 COn-

486 4965 639 5031 dere,
671 4976 725 5021 et
764 4967 966 5021 clarius
994 4966 1208 5037 quidem
1243 4983 1271 5020 a
1302 4968 1488 5021 multis
1513 5010 1527 5033 ,
1560 4967 1655 5021 sed
1688 4969 1915 5036 Sparsim
1946 4969 2088 5023 dicta

482 5061 538 5114 in
564 5074 793 5127 corpore
821 5058 1050 5128 quodam
1079 5060 1415 5115 credulitatis
1438 5062 1668 5131 aperire
1693 5078 1707 5126 ;
1732 5071 1893 5132 atque
1924 5064 2089 5119 intro-

483 5153 646 5209 ducta
675 5153 1007 5208 sciscitantis
1043 5154 1371 5221 restioudent
1393 5156 1542 5225 iSque
1575 5173 1803 5227 persona
1832 5160 2088 5231 paulatim

481 5247 927 5301 consultationes
971 5246 1040 5301 de
1079 5248 1601 5305 contradictionibus
1650 5251 1848 5306 facere.
1905 5253 2089 5323 Itaque

486 5355 560 5395 ne
590 5339 695 5394 sibi
723 5340 873 5395 velut
894 5340 1106 5395 absenti
1136 5338 1551 5410 praejudicatum
1585 5344 1860 5413 gentilitas
1889 5360 2085 5414 quere-

553 5541 581 5615 βξ
611 5530 667 5585 In
700 5545 806 5615 ms.
837 5529 1032 5615 codice
1154 5529 1721 5615 MartialisLemov'ic.
1747 5532 1826 5615 sic
1852 5532 2081 5615 legi-tur:
2112 5555 2167 5615 D

488 5601 771 5657 Alterratio
816 5602 1086 5671 Apollonii
1129 5600 1427 5673 philosophi
1472 5619 1584 5655 cum
1630 5603 1879 5658 Zacchwo
1908 5600 2083 5660 Elaris-

488 5676 647 5746 tiano.
674 5674 989 5746 Sedrveram
1017 5690 1139 5730 esse
1162 5674 1571 5738 inscriptionem
1594 5691 1750 5744 quam
1783 5678 2048 5731 edidimus
2071 5722 2085 5746 ,

496 5745 577 5797 τοι
612 5746 736 5797 inde
767 5745 965 5811 liquet,
993 5748 1132 5815 quod
1165 5757 1356 5800 auctor
1398 5748 1512 5814 ipse
1542 5747 1594 5799 in
1629 5748 1837 5814 prastat.
1867 5748 2090 5804 Consul-

1256 5814 1526 5870 Paulatim
1579 5820 1976 5877 consultationes
2030 5823 2093 5875 de

522 5814 760 5867 ationum
809 5832 941 5870 voce
990 5814 1156 5871 utitur
1196 5834 1211 5871 ε

528 5885 990 5940 ontradietionibus
1031 5889 1215 5955 facere.

2114 4120 2160 4183 C
2192 4130 2453 4192 retur,et,
2485 4136 2542 4181 ut
2573 4127 2667 4183 ille
2696 4128 2799 4186 ait:
2823 4146 2912 4196 ne,
2950 4132 3159 4203 inquam
3188 4141 3242 4189 et
3265 4134 3454 4205 inquit,
3489 4136 3691 4207 smpius
3716 4136 3789 4192 iu-

2202 4222 2614 4290 terponeretur,
2658 4223 2861 4293 placuit
2900 4224 3220 4295 gentilitatis
3261 4227 3527 4286 adhibere
3556 4230 3794 4287 Philoso-

2202 4312 2389 4381 phum,
2422 4315 2515 4384 qui
2564 4315 2615 4369 in
2658 4316 2975 4386 praefatione
3006 4320 3393 4390 propositionis
3440 4338 3555 4379 sua:
3584 4324 3713 4380 dum
3734 4324 3795 4381 de

2203 4406 2531 4463 credulitate
2583 4421 2767 4464 nostra
2826 4414 3169 4483 arrogantius
3216 4412 3506 4485 disputat,
3565 4417 3795 4473 breviter

2198 4500 2326 4569 quid
2356 4501 2581 4557 credere
2612 4502 2910 4561 debeamus
2935 4506 3159 4575 eXponit
3189 4523 3201 4560 :
3229 4507 3582 4564 membratim
3614 4519 3793 4581 postea

2200 4607 2551 4665 perscrutans
2575 4600 2781 4672 omnia,
2811 4601 3289 4659 subcrescentibus
3312 4605 3792 4678 interrogationum

2198 4692 2374 4746 causis
2414 4691 2581 4747 fatum
2623 4692 2831 4748 homini
2877 4710 2981 4749 non
3024 4710 3146 4752 esse
3193 4711 3488 4767 cognoscet
3526 4719 3539 4755 :
3588 4701 3656 4756 de
3696 4714 3795 4771 quo

2199 4785 2469 4853 praecipue
2498 4786 2568 4839 oh
2600 4787 2895 4844 mathesim
2922 4789 3317 4861 aliquantisper
3344 4794 3640 4859 resultans,
3665 4795 3795 4850 sicut

2197 4875 2264 4930 de
2296 4879 2530 4945 caeteris,
2560 4879 2626 4934 ad
2664 4891 2967 4937 extremum
3010 4886 3136 4941 lidei
3176 4900 3376 4940 manus
3407 4886 3578 4943 dabit.
3612 4887 3795 4943 Noster

2196 4986 2328 5025 vero
2353 4974 2404 5027 in
2428 4976 2821 5044 expositionem
2848 4978 3172 5033 veneranda:
3196 4980 3480 5050 religionis
3501 4983 3705 5037 sensim
3722 4982 3795 5036 le-

2199 5063 2447 5134 niterque
2465 5067 2826 5133 descendens,
2852 5085 2921 5124 ex
2948 5070 3131 5125 multis
3152 5080 3315 5139 atque
3345 5072 3793 5128 iuenarrabilibus

2199 5171 2364 5226 pauca
2410 5168 2466 5211 et
2502 5174 2714 5213 summa
2744 5161 3104 5232 perstringet,
3139 5163 3415 5219 rationem
3447 5181 3565 5235 qua:
3592 5166 3706 5221 sola
3731 5162 3792 5218 ab

2198 5250 2506 5317 lmjusmudi
2551 5252 2981 5323 disputatoribus
3019 5256 3316 5323 quaeritur,
3351 5258 3525 5312 sicubi
3568 5257 3791 5312 terrenis

2198 5344 2563 5401 iutellectibus
2588 5346 2762 5415 deest,
2792 5347 2920 5404 ﬁdei
2946 5346 3306 5418 spiritualiter
3331 5349 3681 5407 commissam
3706 5349 3791 5405 de-

2266 5532 2291 5571 b
2321 5533 2671 5599 Hancyocem
2691 5550 2813 5603 quae
2838 5534 2890 5589 in
2922 5534 3045 5590 aliis
3063 5548 3193 5589 mss.
3214 5532 3435 5603 deerat,
3462 5536 3790 5593 restituimus

2203 5620 2233 5659 e
2264 5608 2452 5659 codice
2482 5607 2707 5661 Lcmov.

2279 5687 2300 5715 ο
2333 5677 2403 5730 lta
2428 5680 2480 5730 in
2508 5680 2631 5733 cod.
2664 5678 2939 5744 Vindoc.;
2970 5693 3095 5734 nam
3129 5677 3181 5732 in
3211 5678 3381 5735 editis
3412 5680 3714 5751 legebatur,
3747 5698 3769 5734 s

2201 5759 2407 5815 sancta,
2441 5752 2590 5806 nullo
2620 5766 2811 5806 sensu.
2850 5751 3024 5817 Infra,
3057 5751 3220 5805 edocti
3248 5767 3316 5806 ex
3356 5758 3551 5808 eodem
3586 5754 3706 5807 cod.
3763 5764 3789 5805 e

2201 5837 2231 5877 c
2260 5820 2488 5878 Lemov.
2520 5822 2887 5894 reposuimus,
2918 5822 3009 5877 ubi
3037 5822 3239 5878 editum
3273 5833 3397 5879 erat
3425 5840 3484 5879 eo
3510 5825 3669 5878 docti.
