4060 6344
329 239 466 297 1οῚ5

325 459 513 519 turus,
569 452 824 522 quoniam
883 451 1162 507 admotum
1220 449 1382 506 caecis
1425 449 1600 505 oculis
1646 447 1831 504 lumen
1877 445 1922 500 si

322 543 614 616 splendore
644 561 750 602 non
782 547 1048 610 cernitur,
1081 544 1264 601 calore
1292 544 1546 599 sentitur.

947 681 1176 739 CAPUT
1222 683 1262 736 l.

569 797 632 856 Si
661 797 896 854 Christus
928 797 1064 853 Deus
1095 807 1141 853 et
1169 797 1325 852 homo
1354 813 1465 852 esse
1491 797 1673 866 possit.

392 912 750 969 APOLLONIUS.
775 943 848 954 —
868 915 924 969 lu
966 923 1225 986 tempore,
1257 922 1282 950 λ
1307 912 1592 975 Zacchaae,
1625 921 1676 966 te
1706 909 1837 965 mihi
1871 919 1927 966 et

323 1006 410 1062 his
437 1009 529 1079 qui
566 1008 788 1075 adsunt,
819 1009 1196 1079 Opportunitas
1234 1007 1520 1078 praestitit,
1555 1016 1613 1060 ut
1642 1021 1766 1075 quae
1795 1005 1922 1059 olim

318 1099 545 1156 abusive
575 1101 1064 1171 prmloquebamur,
1095 1117 1237 1156 nunc
1280 1101 1449 1155 libere
1489 1098 1738 1169 proferre
1767 1100 1926 1153 liceat

316 1201 373 1246 et
401 1191 653 1261 probare.
692 1190 894 1248 Omnes
932 1195 1076 1249 enim
1112 1194 1436 1264 religionum
1478 1201 1692 1256 sectas,
1719 1201 1775 1246 et
1803 1190 1922 1245 uni-

318 1297 514 1339 versos
550 1298 830 1340 sacrorum
871 1285 1011 1341 ritus
1048 1285 1465 1340 rationabilibus
1513 1298 1766 1339 manasse
1812 1283 1920 1354 pri-

315 1376 542 1432 mordiis
567 1376 727 1434 facile
758 1378 1052 1450 intelligas,
1083 1379 1130 1434 si
1153 1379 1444 1450 diligenter
1473 1378 1715 1449 inquiras
1745 1394 1758 1433 :
1792 1393 1912 1434 ves-

315 1477 416 1525 tra:
443 1479 626 1526 autem
653 1471 1002 1528 credulitatis
1031 1484 1179 1528 secta
1212 1475 1282 1527 ita
1317 1473 1588 1542 superﬂua
1617 1485 1672 1528 et
1702 1473 1918 1529 irratio-

315 1562 510 1618 nabilis
549 1572 667 1630 est,
709 1573 768 1618 ut
814 1565 948 1620 mihi
989 1581 1095 1620 non
1140 1566 1243 1621 uisi
1283 1582 1381 1637 per
1419 1567 1698 1622 stultitiam
1746 1568 1915 1638 recipi

315 1669 475 1726 posse
505 1655 771 1711 videatur.
802 1655 939 1723 Quid
972 1658 1118 1713 enim
1149 1667 1254 1712 tam
1287 1659 1605 1722 absurdum,
1637 1668 1692 1714 et
1719 1660 1788 1714 ab
1817 1660 1915 1713 illl-

1530 234 2163 293 CONSUL'I‘ATIONUM
2203 233 2334 291 LIB.
2377 234 2420 289 l.

324 365 661 423 monstrans,
700 371 882 413 rerum
925 355 1137 412 iudiciis
1186 370 1292 410 non
1344 351 1712 410 soliditatibus
1745 366 1926 407 mora-
1953 355 2002 414 Α

3499 234 3636 293 1οη

2667 350 2894 407 CAPUT
2935 351 3003 406 il.

2242 446 2513 512 Quomodo
2541 445 2682 525 idem
2711 442 2950 500 Christus
2977 446 3045 500 sit
3075 443 3175 500 Dei
3205 445 3403 501 Filius.

2099 540 2298 594 Arcu.
2324 569 2395 578 —
2417 537 2669 593 Facilitas
2693 554 2779 593 me
2794 550 2995 594 vestrae
3025 538 3382 607 credulitatis,
3416 547 3474 595 et
3501 553 3634 596 con-

2031 643 2111 688 tra
2138 636 2302 688 totius
2327 633 2513 688 mundi
2537 634 2803 689 rationem
2833 634 3116 705 legemque
3141 643 3350 689 naturae
3379 642 3632 704 suscepta

2029 727 2304 782 confessio
2331 727 2707 782 vehementius
2739 727 2916 797 loqui,
2947 737 3003 782 et
3031 725 3332 782 districtius
3359 726 3634 783 disserere

1987 803 2232 891 'coegit.
2289 821 2676 876 Verumtamen
2734 821 2778 875 si
2830 828 2913 876 est
2971 820 3338 891 respondendi
3396 819 3628 888 fiducia,

2031 914 2171 971 hanc
2207 916 2443 985 primum
2480 913 2612 969 milti
2643 915 2802 970 ﬁdem
2830 914 3026 984 pande,
3052 914 3326 985 quomodo
3355 914 3634 970 Christum

2030 1007 2198 1062 videri
2229 1007 2400 1062 Deum
2439 1009 2524 1062 vel
2568 1009 2659 1062 Dei
2692 1007 2888 1061 Filium
2921 1008 3114 1072 vultis,
3140 1024 3304 1078 quem
3347 1018 3533 1079 postea
3572 1014 3630 1062 el:

2029 1100 2303 1156 hominem
2359 1116 2466 1156 non
2509 1102 2719 1171 negetis
2773 1119 2785 1154 :
2827 1116 2948 1156 cum
2994 1101 3181 1172 utique
3222 1112 3315 1155 aut
3346 1102 3490 1156 Deus
3536 1109 3632 1157 aut

2029 1193 2193 1248 homo
2236 1193 2431 1248 debeat
2477 1193 2782 1264 praedicari,
2816 1198 2946 1264 quia
2975 1196 3215 1250 omnium
3262 1195 3631 1250 intelleCtibus

2027 1292 2193 1355 patet,
2230 1286 2463 1341 alterum
2496 1286 2609 1341 fieri
2645 1301 2825 1357 posse,
2861 1288 3019 1342 simul
3049 1295 3338 1358 utrumque
3367 1303 3490 1344 esse
3519 1302 3628 1344 non

2027 1393 2209 1449 posse.

2093 1474 2293 1529 Zaccu.
2321 1503 2393 1515 —
2419 1472 2733 1530 Vestrarnm
2773 1475 3110 1545 argutiarum
3153 1483 3238 1531 est
3270 1476 3374 1530 ista
3405 1473 3628 1529 subtili-

2022 1577 2139 1634 tas,
2172 1567 2317 1636 quod
2350 1568 2499 1622 credi
2549 1568 2732 1622 nolitis
2782 1579 3002 1636 recepta
3046 1568 3277 1637 primum
3328 1577 3483 1639 parte
3525 1568 3628 1623 de-

2019 1673 2266 1727 struere,
2303 1670 2358 1715 et
2387 1660 2455 1714 ad
2493 1660 2597 1714 hoc
2635 1661 2845 1731 exiguis
2886 1675 3078 1716 manus
3109 1661 3276 1728 dare,
3318 1670 3375 1716 ut
3417 1662 3630 1732 integra

311 1767 477 1807 mana
525 1754 736 1810 ratione
780 1765 884 1809 tam
941 1755 1284 1826 discrepans.
1341 1771 1501 1824 quam
1557 1769 1612 1810 ut
1667 1755 1912 1811 Christus
1946 1762 1990 1822 Β
2017 1755 2315 1812 subruatis.
2353 1753 2510 1810 Unde
2541 1754 2778 1809 maxime
2805 1755 2872 1808 ad
2903 1771 3000 1808 vos
3031 1755 3312 1810 silentium
3354 1767 3616 1827 przestat;

310 1860 475 1916 quem
502 1846 596 1900 Dei
619 1846 818 1902 Filium
847 1847 1052 1912 dicitis,
1081 1847 1225 1904 Deus
1249 1859 1302 1903 et
1329 1848 1492 1904 homo
1514 1850 1721 1919 pariter
1747 1849 1917 1905 idem-

312 1953 417 2008 que
445 1938 741 1995 credatur?
769 1940 1106 2012 Couceptum
1139 1943 1259 1997 sine
1289 1944 1496 1999 semine
1527 1945 1676 2015 virgo
1707 1944 1916 2015 pariat?

315 2032 456 2088 Deus
489 2044 746 2090 nascatur
773 2051 841 2091 ex
882 2034 1118 2102 femina;
1152 2052 1249 2108 per
1285 2050 1686 2108 consequentes
1725 2048 1914 2109 postea

310 2134 535 2182 aetatum
561 2128 764 2198 gradus
793 2130 997 2185 terreni
1024 2139 1177 2185 actus
1202 2131 1562 2187 humilitatem
1595 2140 1908 2203 cognoscat,

309 2220 534 2286 sentiat,
563 2221 799 2290 patiatur
820 2232 874 2278 et
897 2224 1176 2294 perferat?
1203 2226 1340 2280 fixus
1368 2225 1567 2284 deinde
1593 2227 1745 2283 cruci
1769 2243 1914 2282 mor-

312 2322 422 2367 tem
453 2313 642 2382 adeat,
671 2321 835 2386 atque
880 2315 946 2370 ad
977 2326 1280 2373 extremum
1311 2328 1562 2376 mortuus
1589 2336 1619 2374 a
1651 2335 1710 2375 se
1734 2321 1910 2376 susci-

312 2407 500 2461 tetur?
555 2406 667 2462 Nec
713 2408 916 2465 sufﬁcit
969 2410 1132 2480 hujus
1187 2415 1560 2482 persuasionis
1595 2415 1913 2471 auctoribus

311 2509 421 2554 tam
453 2502 637 2556 stultas
659 2501 684 2540 δ
718 2504 993 2560 traditioni
1021 2521 1314 2578 aggregare
1345 2524 1702 2577 consensum,
1734 2509 1838 2565 nisi
1857 2520 1913 2567 et

309 2594 653 2650 immortales
703 2597 984 2666 gentilium
1033 2599 1162 2656 deos
1214 2599 1500 2656 fastidiosa
1561 2601 1909 2660 infestatioue

308 2686 698 2742 condemnant.
766 2687 1050 2760 Vigentem
1115 2700 1381 2762 praeterea
1451 2696 1755 2750 aeternitate
1813 2710 1910 2762 sua

308 2781 574 2836 mundum
609 2783 756 2839 velut
785 2786 1173 2856 temporarium
1205 2788 1535 2859 brevemque
1573 2759 1908 2860 despiciaiit;

306 2877 414 2932 sibi
453 2878 574 2932 sine
601 2877 720 2932 Fati
751 2879 912 2934 ullius
950 2882 1338 2938 constitutione
1381 2895 1403 2921 ε
1437 2885 1761 2954 degentibus
1792 2893 1913 2954 post

306 2970 768 3027 resurrectionem
795 2987 1086 3044 corporum
1112 2983 1449 3031 mortuorum
1482 2977 1913 3032 immortalitatis

303 3063 703 3122 beatitudinem
747 3068 1086 3137 pollicentes.
1129 3068 1296 3138 Cujus
1334 3071 1696 3126 observantiae
1745 3074 1911 3125 ratio-

2020 1848 2145 1918 quia
2177 1864 2299 1903 cum
2334 1849 2406 1901 sit
2436 1849 2610 1902 levior
2635 1848 2792 1920 culpa
2821 1864 2927 1903 non
2958 1848 3172 1904 deferre
3197 1865 3356 1920 quam
3385 1849 3620 1914 laedere;

2019 1955 2118 1996 vos
2150 1951 2173 1988 ε
2208 1956 2309 1996 nec
2339 1941 2563 1996 credere
2596 1942 2651 1996 in
2687 1941 2858 1997 Deum
2883 1942 3066 2010 Vultis,
3094 1951 3150 1998 et
3178 1941 3329 2012 loqui
3358 1943 3478 1998 sine
3505 1942 3625 2012 ejus

2023 2031 2218 2103 injuria
2253 2047 2360 2087 non
2394 2033 2644 2103 potestis.

2633 2124 2863 2182 CAPUT
2903 2125 2988 2180 Ill.

2327 2218 2408 2272 Ne
2434 2219 2542 2274 sine
2570 2235 2728 2273 causa
2755 2221 2823 2272 sit
2849 2219 2958 2272 hazc
2987 2218 3310 2273 colluctatio.

2089 2314 2290 2369 Aron.
2330 2343 2401 2354 —
2439 2312 2509 2368 At
2549 2328 2650 2384 ego
2682 2313 2877 2368 horum
2923 2320 3250 2368 tractatuum
3292 2311 3621 2368 collationes

2017 2423 2236 2478 semper
2267 2407 2527 2478 prodesse
2559 2406 2941 2461 dubitantibus
2970 2407 3172 2471 credo,
3204 2414 3260 2461 et
3288 2405 3618 2475 quibusdam

2016 2501 2427 2570 inquisitionum
2473 2499 2604 2555 rivis
2635 2499 2701 2554 ad
2734 2500 2978 2555 veritatis
3009 2497 3218 2554 fontem
3246 2493 3277 2534 ιι
3308 2498 3480 2553 veniri
3524 2513 3622 2553 ex-

2017 2602 2205 2665 pertus
2234 2594 2482 2659 affirmo;
2517 2609 2580 2648 ac
2609 2601 2894 2663 prapterea
2927 2592 3302 2647 universarum
3342 2601 3621 2646 sectarum

2017 2703 2138 2744 esse
2188 2689 2489 2754 doctrinas,
2542 2697 2599 2742 ut
2635 2687 2909 2742 audiendo
2963 2687 3239 2758 intelligas
3295 2685 3441 2757 quod
3491 2694 3622 2742 ante

2018 2782 2284 2838 nescieris
2328 2799 2341 2834 :
2381 2781 2595 2837 facilius
2639 2781 2808 2847 enim,
2857 2781 2903 2836 si
2947 2781 3089 2836 ratio
3129 2789 3420 2851 suppetat,
3465 2781 3621 2837 credi

2017 2875 2200 2930 audita
2234 2883 2486 2944 possunt,
2517 2891 2678 2944 quam
2712 2874 2955 2929 inaudita
2985 2875 3259 2944 cognosci.
3293 2872 3409 2940 Qua
3437 2874 3506 2928 dc
3535 2889 3617 2939 re,

2016 2968 2064 3022 si
2093 2969 2315 3038 dignum
2347 2977 2450 3032 est,
2484 2967 2768 3038 speciatim
2800 2968 2974 3037 pande
3003 2968 3311 3037 proposita,
3343 2983 3410 3021 ne
3443 2967 3498 3021 in
3527 2980 3619 3020 va-

2015 3077 2173 3116 cuum
2202 3061 2541 3116 certantibus
2573 3060 2731 3115 nobis
2751 3101 2767 3126 ,
2799 3061 2853 3115 hi
2881 3061 2972 3131 qui
3003 3071 3306 3131 praesentes
3337 3070 3465 3116 sunt
3508 3075 3621 3117 non

305 3171 434 3212 nem
479 3157 548 3230 (si
593 3167 772 3215 tamen
815 3161 956 3215 ratio
997 3161 1228 3217 dicenda
1261 3174 1380 3229 est,
1419 3163 1702 3219 hominum
1749 3164 1909 3219 stulta

2026 3162 2239 3224 sperato
2272 3153 2578 3219 intellectu,
2609 3153 2704 3208 sed
2738 3153 2955 3208 fa5tidio
2988 3154 3392 3224 compleantur.

305 3249 615 3320 persuasio)
662 3251 893 3308 reddere
934 3262 1087 3323 potes
1133 3255 1218 3309 vel
1260 3253 1482 3311 audesd
1511 3272 1633 3312 cum
1671 3272 1911 3326 praesen-

303 3343 440 3398 tium
473 3345 879 3403 examinatione
922 3347 1271 3414 demonstra;
1303 3360 1360 3404 ut
1399 3361 1490 3406 aut
1532 3353 1813 3408 convictus
1843 3353 1910 3408 ab

303 3451 497 3492 errore
525 3436 800 3508 discedas,
833 3450 925 3495 aut
952 3457 1072 3508 me,
1103 3443 1294 3498 eadem
1323 3443 1636 3500 conditione
1679 3460 1909 3514 supera-

304 3539 443 3596 tum,
479 3531 756 3588 traditioni
789 3541 894 3589 tuae
922 3535 1159 3590 concilio
1188 3545 1328 3592 teste
1352 3538 1670 3609 conjungas.

375 3623 694 3681 Zaccaaus.
713 3657 785 3668 —
811 3637 833 3665 ε
865 3629 1080 3686 Audere
1107 3630 1322 3701 quidem
1346 3633 1521 3703 quivis
1546 3633 1706 3689 facile
1729 3643 1906 3704 potest

302 3734 496 3774 verum
528 3729 584 3775 et
627 3720 696 3777 de
733 3721 843 3778 Deo
883 3723 1159 3793 proferre,
1205 3725 1252 3780 si
1287 3739 1463 3783 tamen
1512 3727 1806 3798 quidquam
1837 3745 1902 3784 ex

302 3809 506 3867 divinis
537 3823 733 3868 vestrae
763 3816 1044 3884 sapientiae
1070 3831 1393 3887 congruum,
1435 3818 1452 3855 ί
1491 3821 1720 3889 talisque
1746 3819 1904 3888 justi-

305 3903 395 3958 tiae
442 3917 548 3958 non
599 3905 904 3962 abhorrens
951 3909 1122 3976 possit
1161 3910 1411 3978 expromi
1464 3926 1476 3962 :
1525 3921 1722 3965 vestra:
1755 3911 1899 3966 enim

302 3996 589 4052 sententia:
609 4006 716 4065 est,
737 4000 1040 4068 sapientem
1068 3999 1202 4053 nihil
1229 4000 1463 4068 Opinati,
1489 4001 1619 4054 nihil
1645 4000 1896 4065 credere,

302 4103 410 4144 non
447 4088 576 4155 falli,
618 4091 712 4145 sed
748 4108 843 4159 per
871 4107 931 4148 se
973 4093 1156 4146 omnia
1197 4095 1338 4147 scire
1367 4134 1381 4157 ,
1414 4101 1469 4146 et
1497 4092 1706 4146 occulta
1736 4103 1901 4160 atque

302 4181 543 4252 ignorata
578 4199 682 4236 non
715 4185 944 4254 perpeti,
981 4201 1080 4240 nec
1107 4183 1369 4254 majorem
1400 4184 1636 4239 creatori
1669 4182 1902 4252 possibi-

303 4271 508 4327 litatem
541 4275 753 4340 facere,
794 4292 955 4345 quam
985 4289 1272 4341 creatura),
1309 4290 1464 4346 teque
1503 4274 1572 4330 de
1609 4275 1702 4328 Dei
1735 4288 1901 4330 sensu

301 4378 463 4438 atque
480 4367 973 4438 hominisjudicare
999 4387 1013 4424 :
1037 4377 1092 4424 ct
1111 4369 1380 4439 praecipue
1399 4369 1692 4425 adversum
1710 4369 1902 4425 Chris-

300 4459 478 4514 tianos
510 4459 650 4515 hanc
681 4461 1064 4530 disputationis
1093 4461 1454 4517 intentionem
1490 4473 1678 4517 tenere
1707 4479 1719 4516 :
1753 4463 1898 4518 unde

297 4549 416 4605 hazc
445 4568 660 4621 quoque
689 4553 940 4608 collectio
983 4562 1070 4607 tua
1102 4554 1269 4622 ('(Bpil
1298 4553 1438 4624 quod
1467 4553 1619 4624 prius
1663 4553 1893 4610 damna-
1918 4575 1972 4635 D

296 4645 462 4714 veris,
495 4657 682 4718 postea
711 4649 850 4703 velle
882 4661 1236 4718 cognoscere.

368 4863 392 4892 ε
418 4854 476 4908 ln
505 4855 628 4910 cod.
660 4855 718 4911 S.
755 4858 886 4910 Arn.
922 4853 1228 4920 Apollonius
1254 4855 1387 4908 dixit
1415 4870 1430 4906 :
1461 4853 1710 4910 Zacchtee
1735 4871 1752 4907 :
1791 4855 1894 4910 sed

294 4924 402 4981 duo
434 4929 612 4995 priora
659 4928 820 4982 verba
850 4927 1046 4981 melius
1084 4925 1279 4981 absunt
1319 4945 1330 4980 :
1371 4929 1421 4980 in
1461 4927 1623 4981 editis
1662 4927 1884 4995 legitur,

294 5008 351 5052 ut
380 4999 526 5065 mihi,
560 5002 702 5052 male
735 5016 746 5047 :
782 4999 834 5052 in
867 4999 987 5052 cod.
1020 4995 1248 5052 Vindoc.
1287 5009 1332 5052 te
1361 4997 1509 5063 mihi,
1543 5001 1700 5055 bene.

368 5069 498 5125 bSic
525 5071 579 5124 in
606 5071 729 5124 cod.
754 5069 812 5125 S.
845 5075 981 5123 Arn.
1011 5077 1067 5123 et
1087 5069 1304 5137 quidem
1339 5071 1480 5122 haud
1504 5071 1664 5138 paulo
1692 5069 1886 5124 melius

297 5156 458 5211 quam
508 5143 650 5210 quod
699 5141 752 5193 in
806 5151 961 5195 textu
1011 5142 1314 5211 legebatur,
1361 5142 1574 5194 rationi.
1605 5141 1786 5204 Infra,
1819 5155 1886 5195 ex

298 5209 423 5268 cod.
458 5209 685 5267 Vindoc.
721 5213 1042 5278 scripsimus
1085 5209 1366 5282 Vigentem,
1403 5213 1489 5266 ubi
1522 5213 1653 5266 editi
1684 5213 1889 5267 habent

306 5283 622 5339 Vincentem.
649 5284 703 5338 ln
734 5283 955 5336 Lomov.
985 5282 1146 5351 paulo
1169 5284 1442 5350 superius,
1464 5284 1566 5337 nisi
1594 5293 1641 5336 et
1670 5295 1724 5336 ut
1750 5300 1886 5337 mor-

297 5358 446 5416 tales,
481 5371 603 5410 meo
632 5355 847 5425 quidem
872 5354 1097 5424 judicio,
1126 5354 1286 5407 male.

373 5437 394 5464 ι·
429 5427 503 5480 lla
535 5428 586 5481 in
617 5424 740 5481 cod.
777 5424 1027 5490 Viudoc.;
1054 5426 1105 5478 in
1139 5425 1322 5492 editis,
1351 5425 1416 5477 de
1442 5425 1714 5494 gentilibus
1741 5425 1886 5482 foedo

301 5497 512 5552 librarii
538 5513 746 5552 errore.

369 5568 396 5606 (ι
424 5569 738 5625 Lectionem
770 5567 909 5623 hanc
934 5568 1056 5623 cod.
1087 5568 1147 5623 S.
1180 5568 1313 5622 Arn.
1347 5568 1397 5621 iu
1438 5576 1587 5623 textu
1621 5570 1886 5626 collocare

300 5641 501 5708 placuit
550 5641 640 5694 ubi
696 5655 808 5691 eam
861 5642 1191 5711 prwsentium
1256 5639 1588 5710 legebatur:
1649 5642 1702 5695 in
1759 5643 1881 5697 cod.

307 5711 532 5768 Vindoc.
557 5728 702 5777 eum,
739 5712 876 5765 haud
906 5715 976 5766 ita
1010 5712 1166 5778 longe
1201 5726 1229 5763 a
1262 5726 1386 5766 vera
1419 5713 1668 5768 lectione.

373 5794 395 5819 θ
441 5784 514 5838 Ita
537 5782 872 5837 resiluitnus
902 5799 931 5839 e
961 5782 1080 5837 cod.
1123 5781 1341 5837 Lemov.
1380 5783 1430 5838 in
1458 5799 1562 5852 quo
1590 5785 1799 5851 audere,
1830 5796 1885 5840 et

2089 3247 2289 3303 Zsccu.
2323 3278 2393 3286 —
2423 3247 2652 3317 Diguutn
2686 3247 2849 3317 plane
2894 3258 2979 3303 est
3010 3248 3318 3303 caelestium
3352 3248 3620 3304 consilio-

2015 3358 2134 3396 rum
2164 3351 2505 3396 sacramenta
2531 3341 2786 3412 cognosci
2811 3357 2824 3406 ;
2856 3350 2911 3396 et
2935 3351 3042 3396 tam
3070 3342 3302 3412 simplex
3323 3342 3392 3398 de
3413 3341 3618 3398 Christi

2013 3436 2298 3492 divinitate
2330 3446 2492 3506 atque
2519 3435 2741 3490 elucens
2769 3449 2868 3505 per
2907 3450 2966 3490 se
2999 3436 3200 3491 veritas
3230 3442 3349 3502 est,
3394 3445 3452 3489 ut
3491 3451 3615 3490 eam

2012 3529 2140 3586 licet
2177 3530 2341 3600 digne
2389 3544 2553 3584 nemo
2584 3527 2770 3598 eloqui
2823 3529 3032 3597 possit,
3083 3526 3262 3597 quivis
3307 3537 3488 3583 tamen
3529 3526 3616 3582 fa-

2012 3626 2117 3682 cile
2158 3625 2462 3695 intelligat,
2503 3624 2546 3678 si
2591 3618 2929 3678 voluntatcm
2973 3624 3231 3680 exhibeat
3281 3620 3545 3678 credituri
3593 3639 3610 3675 :

2009 3735 2114 3791 qua
2145 3721 2198 3774 in
2238 3736 2298 3776 re
2341 3719 2506 3774 etiam
2543 3734 2642 3790 ego
2683 3719 2776 3789 qui
2809 3733 2928 3774 sum
2962 3718 3402 3774 Christianorum
3451 3716 3615 3771 mini-

2009 3829 2154 3879 mus,
2189 3828 2296 3867 non
2327 3813 2644 3875 reticerem,
2674 3811 2778 3866 nisi
2815 3827 2910 3880 per
2946 3812 3124 3882 legem
3159 3812 3349 3866 talium
3379 3814 3616 3865 alterca-

2012 3907 2222 3960 tionum
2247 3905 2568 3960 occasiones
2591 3906 2764 3959 vitare
2792 3907 3145 3975 praecipercr.
3179 3905 3280 3961 Ubi
3307 3907 3454 3959 enim
3488 3907 3614 3960 nul-

2009 3999 2094 4053 lus
2127 3998 2404 4067 profectus
2435 4007 2541 4064 est,
2575 3997 2868 4052 conflictus
2899 3997 3198 4051 inhibetur.
3234 3997 3391 4052 Unde
3423 3997 3470 4051 si
3502 3997 3616 4052 dis-

2009 4103 2206 4165 putare
2238 4103 2447 4147 tantqu
2489 4101 2547 4146 et
2575 4091 2829 4147 convinci
2860 4092 3083 4161 impune
3130 4091 3324 4145 niteris
3354 4107 3461 4144 non
3494 4105 3614 4146 cre-

2007 4187 2222 4242 diturus
2241 4226 2256 4251 ,
2294 4185 2591 4254 Epicureos
2621 4199 2684 4238 ac
2712 4182 3027 4238 Platonicos
3052 4225 3067 4248 ,
3099 4193 3408 4250 casteraque
3453 4180 3612 4235 simi-

2007 4280 2138 4334 lium
2163 4286 2435 4334 sectarum
2467 4286 2682 4332 ostenta
2705 4277 2986 4347 perquire.
3019 4274 3132 4328 Nos
3157 4274 3314 4328 talem
3337 4282 3614 4331 consuem-

2006 4372 2177 4426 dinem
2201 4388 2306 4425 non
2335 4369 2580 4424 habemus
2613 4368 2657 4440 (Ι
2687 4368 2809 4423 Cor.
2843 4385 2928 4431 XI.
2963 4367 3080 4436 16).

2627 4461 2856 4519 CAPUT
2892 4461 2981 4516 IV.

2272 4558 2335 4615 Si
2365 4559 2427 4611 de
2457 4555 2662 4611 Christo
2690 4554 2892 4626 aliquid
2922 4563 3085 4625 poeta:
3112 4553 3312 4609 dicunt.

2075 4656 2278 4710 Arcu"
2314 4681 2386 4693 ——
2422 4649 2638 4706 Omissa
2667 4651 2770 4706 ista
2801 4649 2920 4704 haec
2949 4648 3141 4713 facito,
3183 4660 3530 4719 nequaquam
3578 4663 3612 4703 a

2003 4873 2035 4911 e
2066 4858 2298 4915 Vindoc.
2332 4859 2384 4913 in
2429 4873 2536 4928 quo
2559 4865 2760 4913 caetera
2788 4864 3093 4926 sequuntur
3121 4855 3202 4911 sic
3217 4897 3243 4928 ,ν
3265 4863 3322 4911 ttt
3351 4854 3496 4912 edita
3526 4856 3608 4912 vi-

1998 4928 2116 4984 des.
2150 4931 2204 4986 ln
2235 4931 2397 4987 editis
2419 4927 2660 4995 {audire
2688 4928 2898 4999 quidem
2924 4931 3090 4998 quivis
3118 4927 3275 5000 facile
3316 4936 3521 4997 potest,
3553 4937 3606 4983 et

1998 5001 2060 5053 de
2090 5001 2200 5057 Deo
2228 5019 2421 5057 verum.

2076 5071 2094 5109 ί
2132 5075 2186 5128 In
2245 5075 2369 5129 cod.
2407 5072 2632 5128 Vindoc.
2679 5080 2736 5126 et
2766 5071 3018 5137 Lemov.,
3067 5073 3280 5143 talique.
3333 5069 3482 5143 Haud
3531 5071 3608 5128 ita

1997 5145 2172 5200 multo
2215 5156 2368 5214 post,
2402 5144 2494 5198 ubi
2537 5145 2626 5197 sed
2659 5161 2749 5212 per
2777 5160 2830 5197 se
2874 5145 3050 5199 omnia
3078 5141 3242 5211 scire,
3277 5145 3332 5198 in
3373 5141 3607 5198 Vindoc.

1994 5220 2190 5272 vocula
2220 5218 2312 5271 sed
2339 5217 2515 5272 abest.

2075 5299 2098 5335 8
2133 5290 2186 5344 In
2216 5290 2325 5344 alio
2346 5287 2494 5353 cod.,
2529 5303 2616 5340 vos
2643 5305 2746 5341 non
2776 5288 2983 5341 credere
3007 5287 3160 5340 vultis
3188 5288 3239 5340 in
3263 5285 3432 5340 Deum
3457 5301 3475 5338 .·
3496 5301 3605 5356 qua

2003 5359 2072 5415 de
2095 5375 2256 5415 causa
2288 5358 2731 5429 pra-positionem
2761 5361 2815 5412 in
2841 5360 3204 5426 repOsuimus,
3229 5373 3351 5428 quae
3374 5360 3426 5412 in
3452 5365 3607 5415 textu

2002 5431 2210 5486 deerat.
2248 5431 2448 5498 Supra,
2478 5447 2580 5484 non
2607 5431 2808 5501 deferre
2837 5432 3082 5484 honorem
3110 5431 3240 5500 lego.

2073 5501 2100 5539 ιι
2132 5505 2279 5557 llaud
2311 5502 2532 5557 dubium
2563 5506 2694 5573 quin
2728 5505 2798 5573 ita
2834 5501 3118 5569 legendum
3153 5501 3260 5554 sit:
3294 5516 3417 5573 nam
3450 5502 3599 5570 quod

1997 5575 2052 5628 in
2083 5575 2244 5630 editis
2273 5575 2523 5640 habetur,
2554 5572 2743 5635 venire,
2770 5572 2902 5626 ferri
2935 5587 3042 5624 non
3079 5581 3276 5640 potest.
3314 5572 3482 5626 Paulo
3514 5575 3600 5626 in-

1994 5647 2074 5700 fra
2105 5648 2154 5699 in
2185 5651 2309 5700 cod.
2346 5645 2599 5714 Vindoc.,
2629 5654 2922 5716 promereri,
2956 5642 3245 5700 emendate
3287 5663 3300 5702 :
3335 5644 3390 5699 in
3419 5644 3594 5715 priori

1989 5717 2249 5785 editione,
2284 5727 2548 5788 prmterm,
2586 5717 2745 5772 male.
