4060 6344
464 245 604 303 una
672 222 683 228 ’

469 362 749 432 proposita
793 359 1108 415 conditione
1130 355 1463 421 discedens,
1499 363 1553 408 ιιι
1590 369 1714 410 eum
1746 351 1957 409 scilicet
1985 351 2064 404 al-
2092 350 2138 411 Α

471 464 587 511 tera
626 470 752 525 pars
784 462 1075 525 sequatur,
1102 452 1199 523 qui
1228 450 1441 505 hisdem
1486 448 1837 504 audientibus
1867 447 1919 501 in
1956 446 2061 501 line

472 548 837 618 superaverit.
867 547 935 602 Et
958 546 1084 617 quia
1107 590 1121 613 ,
1158 553 1217 599 ut
1246 557 1373 599 vere
1402 542 1537 597 dicis
1559 550 1583 579 ι
1619 586 1632 608 ,
1666 556 1767 611 pro
1798 542 2065 611 religione

471 641 624 712 loqui
646 655 809 696 neruo
830 640 979 695 oneri
1002 639 1151 708 iuste
1171 645 1409 706 reputat,
1434 635 1779 690 membratim
1810 634 2067 688 universa

477 737 729 792 dicturus
758 736 825 789 de
854 733 1071 790 Christo
1102 777 1115 797 ,
1150 732 1380 801 primum
1424 730 1732 784 evidentem
1769 727 1943 797 pande
1984 742 2070 781 ra-

476 830 682 884 tionem
706 872 718 893 ,
757 838 807 882 ut
842 827 884 881 si
933 828 1099 880 Deum
1138 824 1222 879 vel
1254 824 1349 879 Dei
1382 823 1573 877 Filium
1617 823 1852 892 probare
1883 831 2073 892 potue-

476 923 554 976 ris
576 964 591 988 ,
625 920 840 976 caeteris
862 933 986 988 qum
1032 917 1100 971 ab
1130 916 1323 971 eodem
1365 924 1520 985 gesta
1550 922 1645 969 aut
1674 913 1910 984 gerenda
1959 927 2073 966 me-

477 1016 742 1079 moratis,
771 1012 978 1066 fariiius
1011 1010 1383 1080 acquiescam;
1415 1022 1516 1063 nec
1551 1024 1636 1062 me
1668 1008 1859 1077 pigebit
1901 1006 2074 1061 libere

478 1108 707 1163 credere
736 1105 878 1176 quod
913 1103 987 1158 dii
1023 1118 1128 1155 non
1160 1102 1438 1171 potuerint
1472 1100 1786 1168 prohibere.

552 1202 753 1256 Zaccu.
798 1198 868 1253 Et
897 1212 996 1267 ego
1026 1212 1123 1267 per
1169 1196 1345 1265 ipsum
1390 1194 1578 1260 credo,
1615 1191 1643 1230 ι)
1669 1194 1793 1261 quia
1834 1192 2079 1247 excitare

484 1294 587 1351 sibi
615 1294 819 1349 incolas
842 1293 1005 1346 etiam
1033 1305 1102 1344 ex
1130 1289 1403 1359 lapidibus
1435 1295 1611 1356 potest
1636 1285 1852 1357 (Matth.
1884 1300 1963 1349 tu,
1990 1282 2075 1351 9),

488 1397 540 1442 te
576 1402 606 1440 a
637 1386 957 1457 gentilitatis
980 1397 1173 1438 errore
1205 1382 1364 1436 facile
1400 1394 1560 1450 posse
1592 1379 1809 1442 deduci,
1865 1378 1907 1430 si
1954 1392 2076 1431 eum

485 1480 641 1551 cujus
671 1477 1019 1546 maiestatem
1051 1475 1137 1529 vel
1178 1475 1433 1529 conscius
1487 1470 1742 1542 negiigis,
1790 1470 1876 1525 vel
1920 1470 2077 1539 igno-

490 1587 619 1627 rans
649 1571 917 1640 requiris,
950 1567 1205 1639 deposito
1256 1567 1407 1620 falsa:
1456 1566 1739 1635 sapientiae
1784 1562 2081 1633 supercilio

486 1666 799 1731 confestim,
838 1663 927 1718 ubi
959 1664 1122 1719 rebus
1152 1660 1468 1733 agnoveris,
1499 1660 1666 1715 corde
1694 1674 1802 1714 non
1836 1672 2037 1713 renuas
2064 1676 2078 1712 τ

1733 230 2051 291 ZACCIUEI
2087 228 2489 289 Clm‘lSTlA‘Nl

3634 230 3768 288 107B

2800 347 3029 404 CAPUT
3073 348 3135 402 V.

2250 439 2369 493 Non
2410 439 2581 494 solum
2616 442 2683 494 de
2710 442 2863 494 dictis
2878 443 3111 513 poeticis,
3145 442 3242 497 aed
3275 440 3344 495 de
3364 442 3704 511 presentius

2828 535 3109 589 miraculis.

2246 628 2446 682 Areu.
2477 659 2547 668 —
2576 628 2721 684 Bene
2765 630 2984 699 quidem
3043 631 3339 701 utriusque
3394 629 3666 684 dictorum
3710 631 3776 685 ad

2178 731 2392 791 tempus
2445 723 2817 778 reminisceris
2855 743 2866 776 :
2902 726 2999 779 sed
3052 726 3173 795 quia
3236 724 3511 793 probandi
3562 725 3779 780 libertas

2177 827 2281 882 est,
2313 818 2717 886 praecedentem
2750 821 3077 873 sententiam
3127 828 3280 872 tuam
3329 817 3443 888 pari
3486 817 3783 873 liceatser-

2180 925 2343 965 mone
2364 910 2653 975 cohiberi;
2684 912 2829 981 quod
2887 914 2936 965 hi
2992 926 3225 983 quorum
3258 912 3569 965 auctoritas
3617 911 3781 982 recipi

2181 1008 2233 1060 in
2267 1006 2523 1061 omnibus
2556 1004 2583 1042 ιι
2613 1006 2773 1077 (non)
2828 1007 3011 1073 debet,
3063 1009 3112 1061 iu
3144 1008 3253 1063 hoc
3308 1009 3451 1062 forte
3477 1005 3785 1062 humaniter

2178 1114 2527 1158 erraverunt.
2550 1102 2708 1159 Unde
2751 1105 2795 1158 si
2830 1119 2960 1160 vere
2988 1102 3242 1159 Christus
3274 1104 3426 1159 Deus
3457 1102 3541 1157 rei
3574 1102 3673 1157 Dei
3700 1102 3785 1157 Fi-

2181 1196 2287 1249 lius
2334 1203 2448 1259 est;
2507 1212 2612 1251 non
2673 1207 2922 1251 veterum
2974 1197 3360 1251 tantummodo
3428 1196 3651 1261 litteris,
3694 1194 3785 1251 sed

2180 1290 2551 1359 praesentibus
2582 1289 2798 1345 edoceri
2826 1290 2990 1343 debet
3025 1289 3321 1359 exemplis.

2254 1383 2453 1441 Zaccu.
2490 1416 2558 1425 —-
2587 1385 2761 1453 Quam
2804 1384 2989 1453 iniqua
3038 1394 3120 1439 est
3146 1382 3386 1455 gentilis
3412 1372 3789 1453 persuasionis

2184 1477 2450 1531 intentio!
2511 1493 2633 1532 cum
2662 1493 2758 1545 pro
2790 1493 2848 1531 se
2899 1478 3110 1541 τιμερε-ει,
3145 1480 3266 1531 suis
3309 1477 3526 1542 utitur;
3558 1490 3680 1530 cum
3709 1489 3794 1531 re-

2187 1570 2450 1634 vincitur,
2490 1585 2591 1625 uec
2642 1571 2759 1624 suis
2787 1569 2981 1623 credit.
3026 1569 3143 1623 Non
3199 1579 3287 1624 est
3321 1579 3431 1623 tam
3485 1568 3648 1638 inops
3674 1567 3793 1623 fidei

2190 1676 2392 1718 nostra:
2424 1674 2513 1717 :ttti
2546 1678 2713 1733 egena
2742 1662 3006 1729 defensio,
3039 1673 3094 1715 ut
3125 1663 3177 1715 in
3212 1662 3299 1715 sui
3342 1661 3675 1732 probatione
3706 1675 3796 1715 ex-

486 1776 621 1816 erce
640 1761 788 1814 enim
821 1758 1087 1811 munitum
1131 1756 1335 1811 Christi
1386 1754 1494 1809 ﬁde
1542 1754 1854 1823 loquentem
1906 1753 1983 1807 dii
2010 1752 2087 1807 lui
2120 1755 2167 1815 Β
2194 1760 2370 1813 ternis
2396 1765 2605 1813 tantum
2639 1757 2969 1812 testimoniis
3015 1756 3306 1821 innitatur,
3345 1770 3449 1811 uec
3479 1756 3629 1826 quod
3663 1758 3795 1808 intra

487 1854 736 1917 audient,
768 1866 871 1906 nec
893 1850 1281 1921 prohibebunt.
1311 1847 1417 1903 Sed
1448 1856 1503 1901 te
1541 1847 1710 1900 miror
1740 1846 1968 1900 formam
2005 1854 2085 1899 to-

491 1947 599 1999 tius
619 1945 858 1999 scientia:
885 1943 1291 2011 praeferentem,
1324 1954 1393 1993 an
1443 1939 1513 1993 sit
1536 1938 1679 1995 Deus
1725 1937 1976 1993 Christus
2004 1938 2086 1993 vel

496 2038 591 2092 Dei
648 2038 819 2091 Filius
867 2036 1182 2089 dubitanter
1232 2032 1531 2102 inquirere,
1578 2032 1673 2101 qui
1721 2047 1828 2086 non
1881 2030 2090 2085 nescias

498 2133 658 2186 etiam
695 2141 1005 2185 vestrorum
1050 2139 1331 2183 auctorum
1381 2127 1664 2181 volumina
1731 2128 1919 2181 testari
1968 2128 2091 2196 eius

498 2224 866 2289 divinitatem,
900 2230 956 2278 et
1006 2237 1222 2277 crucem
1279 2238 1439 2290 quam
1486 2219 1727 2275 irridetis
1756 2231 1781 2258 ε
1816 2219 2089 2289 proferre;

495 2330 560 2371 et
596 2317 789 2386 quibus
822 2318 1037 2369 interim
1061 2316 1299 2371 duorum
1328 2314 1590 2383 exempla
1615 2328 1762 2366 nunc
1795 2315 2091 2382 proferam.

498 2409 525 2447 ά
557 2412 712 2466 Plato
740 2412 909 2475 enim,
945 2426 1106 2482 quem
1138 2410 1515 2465 doctissimum
1547 2423 1609 2463 ac
1630 2407 2093 2477 sapientissimum

501 2504 824 2575 perhibetis,
857 2521 979 2558 cum
1030 2504 1097 2560 de
1128 2504 1418 2558 revciauda
1448 2504 1653 2557 Christi
1702 2503 1985 2570 majestate
2016 2503 2096 2557 lo-

502 2610 785 2667 queretur,
818 2599 905 2654 bis
952 2598 1137 2652 verbis
1182 2600 1345 2653 etiam
1372 2599 1590 2668 signum
1618 2598 1773 2651 illius
1800 2598 2096 2661 intimavit,

503 2692 744 2745 futurum
789 2702 1039 2747 astruens
1082 2692 1277 2757 Deum,
1332 2692 1487 2760 cujus
1540 2692 1752 2759 signum
1808 2692 2101 2746 circumro-

507 2784 791 2838 tnudatnm
817 2797 871 2837 et
902 2786 1253 2839 decussatum
1294 2794 1403 2839 est.
1434 2782 1662 2854 Sibyllae
1697 2782 1922 2853 perinde
1963 2796 2103 2853 prte-

510 2878 715 2945 divina,
750 2888 773 2915 θ
815 2886 873 2931 ttt
901 2879 1167 2942 asseritis,
1200 2879 1445 2932 carmina
1498 2877 1890 2947 proprietatem
1918 2876 2099 2931 sancti

509 2972 747 3025 nominis
800 2982 1172 3038 personarum
1218 2988 1339 3025 cum
1378 2973 1643 3040 dignitate
1692 2980 1905 3023 natum.
1940 2986 1953 3021 :
1987 2970 2105 3024 hac

512 3066 703 3119 eadem
773 3064 941 3120 Deum
994 3063 1234 3133 posteaf
1268 3082 1380 3119 uno
1442 3080 1607 3119 versu
1663 3078 1991 3131 crucemque
2028 3064 2105 3117 si-

2192 1867 2251 1906 se
2281 1859 2385 1919 est,
2420 1852 2552 1906 foris
2574 1851 2797 1921 qumrit.
2840 1851 2977 1905 Audi
3036 1849 3350 1904 immundos
3402 1849 3796 1903 damoniorult

2192 1945 2439 2014 spiritus,
2470 1958 2595 2013 quas
2622 1950 2805 1997 vestra
2838 1950 2959 1995 sunt
2992 1943 3238 2003 numina,
3299 1938 3407 1994 sub
3448 1939 3617 2010 hujus
3648 1952 3800 1993 voca-

2192 2036 2305 2091 bttli
2339 2037 2690 2091 invocatione
2739 2036 3071 2091 conterritos
3113 2035 3403 2089 Christum
3436 2034 3614 2088 Deum
3635 2042 3687 2088 et
3709 2034 3799 2087 Dei

2196 2130 2236 2183 If
2242 2130 2392 2183 ilium
2422 2143 2530 2182 non
2560 2143 2783 2199 negare,
2815 2128 3044 2183 acvelut
3066 2142 3191 2181 reos
3222 2141 3351 2181 cum
3382 2134 3661 2180 tormenta
3702 2136 3800 2179 ste-

2195 2222 2769 2288 viuntqurestionum,
2827 2237 2934 2275 non
2963 2220 3106 2292 quod
3160 2221 3399 2290 placeat,
3437 2220 3660 2282 dicere;
3710 2218 3799 2273 sed

2196 2315 2345 2385 quod
2371 2325 2751 2384 extorquetur,
2782 2314 2977 2378 fateri;
3023 2325 3078 2370 et
3102 2316 3142 2367 si
3172 2313 3491 2368 credulitati
3522 2322 3728 2367 noslrm
3751 2322 3805 2367 et

2198 2410 2325 2464 fidei
2355 2410 2650 2480 derogatis,
2682 2410 2787 2463 diis
2842 2409 3036 2465 saltem
3066 2408 3264 2463 vestn's
3315 2408 3534 2463 credite
3564 2424 3579 2471 ;
3639 2415 3732 2461 aut
3757 2408 3800 2460 si

2202 2503 2429 2558 alterius
2454 2503 2628 2572 pudor
2666 2518 2773 2557 non
2804 2512 2911 2568 est,
2938 2510 3137 2572 negent
3168 2501 3430 2557 homines
3461 2501 3610 2572 quod
3642 2502 3799 2554 etiam

2204 2599 2487 2655 daemones
2512 2598 2863 2653 confitentur.

2260 2750 2271 2771 ,
2813 2691 3044 2748 CAPUT
3098 2691 3186 2747 VL

2304 2786 2373 2843 Ut
2417 2787 2543 2856 quid
2596 2790 2662 2841 ad
2731 2788 2983 2839 rationem
3032 2785 3261 2838 dandam
3326 2785 3392 2839 de
3440 2784 3717 2838 dwmoniis

2898 2881 3124 2935 dicatur.

2282 2976 2491 3031 Areu.
2513 3002 2586 3013 —
2606 2972 2748 3040 Quid
2796 2972 2927 3026 mihi
2977 2974 3129 3026 varia
3160 2972 3476 3025 daemonum
3529 2984 3638 3040 pro
3668 2969 3805 3023 omni

2214 3069 2424 3125 ratione
2470 3077 2775 3122 commenta
2806 3107 2819 3132 ,
2874 3074 2932 3122 et
2990 3066 3282 3121 volubilem
3338 3067 3677 3119 incertorum
3702 3064 3809 3131 spi-

510 3157 721 3227 guavit,
753 3174 913 3227 quam
966 3173 1063 3213 res
1092 3160 1284 3213 multis
1334 3156 1801 3224 distutationibus
1832 3157 2103 3223 refutatis,
2135 3160 2181 3222 C
2212 3163 2414 3217 rituum
2478 3159 2494 3198 ί
2557 3174 2659 3231 pro
2718 3168 2831 3214 tota
2905 3159 3010 3213 fide
3086 3160 3283 3214 niteris
3348 3160 3640 3227 objectare
3690 3174 3809 3213 sen-

515 3252 828 3318 prtrdictum
860 3268 1055 3322 poema
1094 3254 1162 3306 ita
1184 3268 1397 3322 ponens
1431 3271 1441 3303 :

694 3385 834 3437 Felit
868 3387 952 3437 ille
979 3387 1136 3449 Deus,
1164 3388 1298 3449 ligno
1323 3388 1406 3449 qui
1430 3388 1617 3453 pendt-t
1645 3388 1707 3436 ab
1732 3388 1853 3435 allo.

591 3523 723 3576 Vide
739 3524 1069 3578 distantittus
1094 3523 1318 3592 quidem
1349 3523 1557 3587 verbis,
1585 3537 1899 3593 expressum
1931 3531 2109 3577 tamen

518 3616 803 3683 utrius-que
833 3616 1255 3668 confusicium.
1285 3613 1377 3667 Ille
1406 3613 1651 3668 («utrum
1694 3614 1961 3680 deﬁgunt,
1985 3617 2110 3683 quia

520 3712 974 3764 manil'estandum
1018 3712 1074 3762 in
1100 3709 1322 3765 homine
1376 3711 1646 3765 sentiebat
1681 3729 1693 3763 :
1729 3710 1845 3765 hace
1890 3710 2108 3771 felicem

518 3820 643 3857 eum
680 3816 858 3870 vocat,
892 3805 1018 3873 quia
1064 3804 1309 3859 divinant
1358 3804 1626 3872 przevidet
1654 3804 1710 3856 iu
1734 3803 2111 3859 hominisfra—

520 3898 732 3967 gilitate
783 3899 1062 3961 virtutem,
1112 3906 1172 3953 ct
1196 3897 1248 3949 in
1277 3895 1524 3965 ejusdem
1552 3896 1793 3949 hominis
1826 3907 2004 3950 mrte
2034 3898 2117 3951 vi-

519 3992 1154 4059 ctoriam.Quustamen
1187 4005 1295 4046 non
1347 3990 1553 4044 ideirco
1600 3992 1861 4061 consequi
1908 4006 2116 4047 conve-

521 4085 629 4147 nit,
661 4087 791 4154 quia
811 4084 899 4140 his
930 4090 1079 4140 velut
1097 4099 1199 4154 per
1230 4084 1505 4137 somnium
1558 4098 1742 4137 verum
1785 4084 2115 4154 sapientiam

524 4177 670 4248 loqui
699 4178 995 4245 aliquando
1030 4180 1352 4245 permissum
1376 4187 1498 4241 est;
1524 4191 1703 4246 neque
1732 4186 1794 4235 ut
1833 4176 2119 4245 gentilitas

522 4270 790 4324 meruisse
834 4285 905 4324 ex
952 4269 1064 4324 Deo
1129 4268 1530 4340 praescieatiaut
1579 4269 1878 4337 videretur,
1931 4268 2033 4324 sed
2059 4276 2119 4323 ut

524 4365 694 4418 Deum
723 4362 999 4419 Christum
1030 4378 1097 4419 ac
1124 4363 1221 4417 Dei
1238 4363 1447 4423 Filium
1493 4363 1658 4417 etiam
1708 4365 1879 4417 vestri
1928 4364 2118 4435 laque—

524 4466 715 4512 rentur
746 4464 1020 4521 auctores,
1047 4456 1279 4524 quicum
1310 4469 1450 4525 pene
1472 4456 1524 4508 in
1554 4455 1807 4510 omnibus
1839 4456 1956 4510 falsi
1982 4457 2111 4524 sint,

524 4560 548 4596 ε
586 4550 637 4603 in
667 4550 769 4603 hoc
796 4548 1145 4615 prohahtliter
1174 4558 1522 4605 erraverunt.

598 4759 623 4785 ει
658 4749 745 4803 Sic
778 4748 829 4800 in
862 4747 1087 4801 Lemuv.
1121 4742 1440 4815 qtti_deinde
1464 4744 1618 4798 addit
1645 4761 1705 4796 ac
1735 4763 1883 4815 perte,
1919 4749 2111 4808 fortas-

523 4824 599 4877 sis
628 4835 687 4871 ac
710 4820 853 4877 bene.
878 4818 941 4887 in
974 4816 1153 4879 editis,
1188 4813 1254 4887 Et
1284 4816 1408 4885 quia
1434 4832 1569 4881 vere,
1601 4826 1656 4870 ut
1682 4813 1791 4887 ipse
1816 4820 1966 4879 diris.

597 4892 621 4929 δ
647 4889 702 4944 In
725 4890 848 4945 cod.
873 4886 1127 4955 Vindoc.,
1157 4886 1242 4957 qui
1268 4887 1514 4955 excitare,
1561 4886 1794 4946 fortasse
1823 4893 2040 4951 melius.

600 4975 620 4999 θ
658 4961 710 5013 ltt
754 4959 873 5013 eod.
909 4958 964 5012 S.
999 4963 1153 5021 Ann,
1196 4962 1459 5027 proferre.

594 5032 620 5070 ἀ
654 5032 785 5087 Cum
820 5029 1193 5103 eutnulocum_
1215 5028 1266 5082 in
1288 5029 1529 5103 Platone
1558 5029 1984 5103 qumsﬁsscmus,
2010 5038 2115 5093 hoc

522 5105 824 5177 reperimus
851 5102 901 5153 in
924 5100 1019 5177 lib.
1044 5116 1073 5153 Χ
1091 5100 1157 5177 de
1173 5098 1355 5177 Legib.
1376 5098 1872 5177 scriptu'ntnnotum
1893 5098 2112 5177 sphaeri-

522 5168 645 5232 cu'm
670 5176 783 5227 sive
814 5174 863 5224 itt
895 5168 1272 5235 orbem,t\leuti
1301 5189 1329 5222 a
1352 5168 1646 5239 quatitnnia
1662 5178 1875 5233 condita
1904 5168 2031 5237 sunt
2052 5197 2115 5239 ac

522 5254 807 5318 reguntur,
845 5258 965 5296 esse
995 5239 1348 5318 simillimum.
1390 5242 1545 5318 Quod
1575 5245 1792 5313 quidem
1818 5250 2114 5307 absurdum

520 5310 646 5375 esse
698 5328 859 5375 nemo
915 5328 1021 5367 non
1080 5310 1393 5380 intelligiL:
1449 5317 1544 5369 sed
1593 5310 1804 5373 _nescio
1872 5335 1937 5377 an
2003 5340 2113 5379 non

523 5391 575 5443 id
609 5388 893 5443 absurdius
920 5385 1009 5457 sit,
1045 5381 1186 5457 quod
1234 5382 1337 5457 illic
1364 5388 1613 5443 nonnulli
1667 5399 1873 5447 veteres
1926 5390 2112 5449 Chris-

522 5459 659 5517 tiani
700 5456 874 5513 crucis
904 5454 1119 5515 Domini
1170 5454 1497 5512 mentionem
1523 5474 1551 5510 a
1595 5457 1819 5513 Platone
1843 5460 1957 5516 fiert
1984 5479 2114 5519 con-

514 5532 786 5601 jecerunt.

596 5614 618 5638 ι’
650 5601 788 5656 Vetti
842 5602 954 5652 lucc
994 5609 1078 5655 est
1136 5598 1294 5655 codd.
1352 5596 1577 5653 Vittdoc.
1629 5610 1683 5655 et
1732 5600 1953 5661 Lemov.
2003 5607 2113 5665 lec-

525 5675 777 5739 tiu;n:ttn
809 5684 871 5725 ea
921 5686 1078 5739 quam
1121 5672 1249 5725 editi
1304 5669 1620 5742 praeferunt,
1670 5683 1723 5724 ut
1758 5678 1992 5742 assentio,
2046 5680 2114 5734 ab

523 5759 711 5798 errore
747 5744 1002 5795 immunis
1051 5758 1154 5795 non
1189 5756 1309 5795 es<e
1354 5741 1585 5809 videtur,
1644 5748 1837 5814 quippe
1882 5762 1946 5804 ex
1981 5741 2111 5822 qua

2215 3255 2495 3310 tentiam?
2564 3253 2623 3309 Si
2672 3254 2825 3307 vobis
2892 3253 3005 3307 huc
3060 3254 3175 3306 suis
3226 3251 3478 3320 probatio
3545 3258 3628 3306 est
3663 3295 3677 3317 ,
3748 3249 3809 3305 ad

2212 3350 2599 3419 praedictorum
2655 3348 3036 3402 auctoritatem
3098 3346 3384 3399 honestius
3462 3346 3776 3400 recnrretis.

2285 3442 2483 3496 Zaccu.
2519 3438 2844 3509 -ιΕιιιιηηι
2898 3451 3038 3493 esset
3098 3451 3407 3491 vestrorum
3450 3454 3553 3492 vos
3589 3440 3811 3508 primunt

2220 3535 2546 3591 testimoniis
2570 3535 2828 3595 credere;
2856 3532 3057 3587 deinde
3089 3533 3311 3585 inritam
3345 3532 3659 3585 daemonum
3689 3546 3812 3585 con-

2218 3630 2513 3684 fessionem
2546 3643 2654 3681 non
2688 3627 2791 3683 levi
2852 3626 3209 3681 aestimatiOne
3248 3639 3485 3695 pensare
3520 3628 3691 3695 :quia
3715 3623 3809 3679 nisi

2216 3721 2580 3776 invisibilibtts
2626 3720 2957 3775 cruciatibus
3015 3728 3338 3788 agerentur.
3402 3716 3583 3772 libere
3634 3720 3811 3786 utique

2219 3827 2318 3883 pro
2372 3826 2432 3868 se
2487 3812 2697 3866 facilius
2738 3812 3006 3876 dicerent,
3049 3823 3210 3881 quam
3259 3824 3482 3878 semper
3524 3818 3717 3864 contra
3758 3824 3812 3863 se

2220 3906 2606 3961 mentirentur.
2683 3905 2788 3959 Sed
2839 3918 2963 3959 cum
3021 3906 3075 3957 in
3129 3920 3187 3959 re
3248 3904 3399 3957 omni
3472 3901 3815 3957 iurestimabi-

2224 4001 2301 4055 les
2347 4000 2457 4053 sint
2508 3998 2715 4053 divitiae
2749 3997 2873 4063 Dei;
2922 3999 3158 4052 maxime
3189 3998 3240 4050 in
3290 3997 3505 4051 honore
3540 3999 3625 4052 sui
3656 3996 3814 4051 nomi-

2221 4092 2305 4146 nis
2334 4091 2689 4162 approbando
2740 4092 3209 4161 provocandisque
3266 4090 3331 4143 ad
3382 4089 3548 4144 fidem
3584 4091 3812 4145 homini-

2222 4185 2345 4254 bus,
2379 4190 2392 4233 t
2428 4185 2686 4254 maiestas
2715 4198 2842 4238 vera
2865 4182 3203 4237 diffunditur.
3237 4182 3399 4238 Unde
3438 4185 3485 4237 si
3509 4184 3628 4238 haec
3662 4198 3810 4254 parta

2222 4288 2373 4347 sunt,
2406 4278 2645 4334 inaudita
2704 4279 3047 4334 curationum
3106 4277 3350 4333 remedia
3412 4279 3734 4345 succidunt,
3766 4287 3812 4332 et

2220 4371 2611 4425 inenarrabilia
2654 4371 2746 4427 Dei
2775 4371 2942 4426 etiam
2974 4371 3027 4424 in
3055 4378 3303 4426 mortuos
3334 4381 3592 4441 porrecta
3616 4372 3809 4427 benefi-

2221 4463 2330 4517 cia.
2368 4463 2603 4520 lubente
2630 4466 2809 4535 itaque
2834 4462 3053 4520 Christo
3074 4465 3206 4519 caeci
3238 4464 3647 4532 illuminantur,
3675 4464 3812 4519 audi-

2139 4550 2308 4619 Βίας
2329 4560 2579 4615 redditur
2628 4558 2834 4627 surdis,
2885 4559 3070 4615 claudi
3128 4559 3428 4628 ambulant,
3491 4561 3813 4615 mundantur

2217 4757 2465 4837 concludi
2486 4766 2670 4829 posset
2694 4758 2951 4814 Zaccltreo
2984 4758 3085 4829 ipsi
3116 4757 3339 4829 Sibylla:
3367 4760 3615 4815 carmina
3640 4761 3810 4816 divina

2218 4843 2333 4883 Visa
2354 4844 2477 4885 θεεθ
2488 4872 2500 4887 .

2297 4898 2313 4937 ί
2341 4899 2431 4956 Sic
2460 4901 2512 4957 in
2538 4901 2663 4957 cod.
2686 4901 2747 4957 S.
2779 4903 2945 4966 Arn.;
2969 4902 3023 4959 in
3048 4911 3351 4965 ιθιιιιναηθ
3377 4919 3544 4969 verso,
3573 4906 3811 4973 pessime.

2220 4969 2479 5045 Superius
2509 4982 2852 5040 personarum
2879 4976 3247 5045 reposuimus,
3276 4989 3404 5045 cum
3448 4969 3607 5030 antea
3653 4992 3813 5045 perso-

2220 5044 2416 5109 κατῆκε,
2449 5045 2752 5113 legeretur;
2782 5062 2843 5100 ac
2866 5046 3008 5103 belle
3038 5044 3213 5103 omnia
3239 5043 3619 5103 distinximus.

2297 5122 2321 5158 ϐ
2356 5114 2411 5169 In
2436 5114 2621 5175 Vind.,
2650 5117 2805 5170 etiam
2826 5118 2878 5170 in
2907 5116 3027 5172 hoc.
3056 5116 3222 5184 Cujus
3248 5117 3461 5169 erroris
3484 5119 3575 5172 hic
3602 5121 3685 5174 vel
3707 5122 3813 5175 Pla-

2222 5195 2426 5257 tonem,
2454 5188 2535 5241 vel
2567 5187 2831 5257 Sibyllam
2881 5188 3180 5252 insimulet,
3209 5187 3352 5240 hami
3386 5190 3520 5242 satis
3544 5190 3693 5257 scio;
3726 5206 3811 5247 nec

2218 5256 2678 5337 multum'duhito,
2723 5261 2854 5326 quin
2895 5262 2949 5312 in
2982 5260 3148 5314 verbo
3194 5270 3540 5327 erraverunt,
3576 5256 3810 5319 librarius

2220 5338 2502 5381 erraverit.

2294 5394 2320 5473 ξ*
2345 5398 2672 5473 Particulam
2702 5402 3003 5470 negationis
3029 5416 3149 5473 quas
3175 5414 3205 5456 e
3231 5400 3399 5458 codd.
3443 5404 3700 5462 omnibus
3726 5423 3808 5461 ex-

2222 5468 2834 5545 sulabat,restituimuﬁs,
2876 5484 2931 5527 ttt
2962 5468 3227 5530 sententia
3256 5484 3565 5532 constaret.

2304 5541 2316 5615 ξ
2348 5541 2560 5615 Mallem
2586 5560 2681 5615 pro
2703 5556 2816 5611 tua,
2849 5546 2893 5601 si
2914 5548 3131 5603 codices
3152 5545 3420 5603 faverent.

2299 5612 2312 5661 t'
2356 5612 2411 5666 In
2440 5612 2621 5682 editis,
2678 5620 2988 5689 majestatis,
3032 5616 3291 5675 tuale:in
3322 5619 3493 5677 codd.
3553 5621 3711 5678 Vind.
3761 5628 3808 5677 et

2225 5680 2400 5753 Lem.,
2434 5680 2695 5757 maiestas,
2727 5680 2885 5745 b'ene.
