4060 6344
332 228 474 293 1077

1541 226 2164 298 οοΝευιτΑτῐοκῦΜ
2205 232 2337 297 LIB.
2379 240 2419 297 i.

3490 232 3633 303 IO‘lB

328 355 555 425 leprosi,
589 352 794 408 mortui
817 352 1155 409 suscitantur
1213 352 1436 425 (Matth.
1475 364 1553 422 si,
1603 355 1681 425 5).
1713 356 1847 421 Qum
1874 356 1919 410 si
1949 360 2000 419 Α
2027 350 2293 428 (ιυεόριιε
2322 368 2483 414 tantae
2512 356 2842 430 dignationis
2886 366 3140 424 acturus,
3171 358 3632 431 quemadmodum

329 448 396 501 ab
422 447 617 503 eodem
662 454 815 516 gesta
849 462 956 501 non
988 446 1241 512 creditis,
1292 446 1409 503 ﬁeri
1433 448 1501 503 ab
1526 447 1840 502 horninibus
1874 449 1927 503 in

326 542 549 595 nomine
570 540 691 610 ejus
720 550 815 594 aut
849 541 987 594 facta
1024 541 1370 611 cognoscite;
1398 542 1488 613 qui
1541 544 1727 612 utique
1756 543 1799 596 si
1837 543 1928 597 liei

327 631 499 690 Filius
528 643 620 689 aut
664 635 808 689 Dens
843 649 952 689 non
983 642 1150 699 esset,
1182 637 1267 689 vel
1293 635 1430 691 falso
1474 638 1719 692 induisse
1749 635 1928 692 homia

324 742 449 789 nem
492 728 837 793 crederetur,
864 738 969 783 nec
1002 729 1289 782 invocatus
1321 729 1624 795 assisteret,
1661 745 1763 784 nec
1806 744 1928 799 pro-

324 819 504 877 futura
540 822 910 893 indigentibus
967 823 1121 892 signa
1180 831 1504 891 praestaret;
1558 824 1682 894 quia
1740 831 1927 892 aperte

322 915 554 986 intelligi
611 925 791 984 potest
838 930 937 971 nec
994 915 1168 971 Deum
1210 917 1563 987 acquiescere
1615 916 1919 983 mendacio,

320 1024 422 1067 nec
454 1012 706 1067 homines
752 1027 852 1083 per
899 1010 1243 1065 mendacium
1295 1012 1447 1082 signa
1495 1026 1658 1082 posse
1710 1022 1927 1083 promc-

319 1105 450 1160 reri.

919 1196 1149 1254 CAPUT
1192 1198 1302 1253 VII.

394 1292 526 1358 Quae
569 1292 850 1345 noeessitas
881 1290 989 1346 Deo
1018 1292 1116 1360 fuit
1157 1291 1510 1345 descendendi
1549 1292 1618 1345 ad
1658 1299 1846 1347 terras.

389 1383 592 1439 Αροιι..
623 1408 695 1423 —-
719 1384 1047 1439 Viderentur
1082 1384 1199 1440 huic
1242 1398 1270 1439 a
1312 1384 1417 1440 lide
1448 1399 1553 1440 non
1579 1385 1773 1440 abesse
1803 1399 1923 1455 qua:

319 1474 583 1548 loqueris,
637 1478 683 1531 si
741 1478 1123 1534 credulitatem
1180 1478 1461 1548 sequentia
1532 1488 1922 1532 mererentur:

317 1588 442 1626 nam
472 1582 532 1626 ut
558 1572 663 1628 alia
692 1575 913 1629 interim
941 1582 1175 1639 taceam,
1206 1571 1461 1628 veniendi
1493 1573 1560 1628 ad
1600 1583 1776 1629 terras
1809 1572 1922 1629 Deo

312 1678 436 1734 qua:
459 1664 597 1717 ratio
620 1672 713 1718 aut
740 1664 1041 1719 necessitas
1068 1663 1211 1719 fuit?

2033 452 2217 506 debuit
2244 452 2310 507 ad
2347 464 2558 507 terrena
2585 452 2939 521 descendere,
2994 452 3098 508 nisi
3123 456 3175 508 ut
3208 454 3355 510 illum
3392 464 3414 495 ε
3447 458 3501 510 in
3530 470 3630 511 suo

2031 547 2235 617 fragilis
2284 546 2565 602 hominum
2599 548 2821 602 materia
2853 547 3167 613 sustineret,
3218 565 3377 619 quem
3409 558 3528 604 erat
3552 550 3631 605 vi-

2030 654 2153 693 sura
2183 646 2532 709 pi-azsentem,
2566 641 2849 695 docentem
2878 641 3150 709 auditura,
3205 641 3474 698 imitatum
3502 657 3632 714 ope-

2030 734 2272 789 raptem?

2641 824 2867 885 CAPUT
2916 828 3009 883 iX.

2351 920 2525 988 Quare
2553 920 2693 975 Deus
2727 936 2791 976 ea:
2821 923 3013 991 femina
3039 928 3300 977 nascatur.

2100 1016 2306 1071 Aron.
2333 1046 2404 1056 -—
2433 1016 2561 1071 Esto
2590 1013 2845 1070 veniendi
2871 1013 2936 1070 ad
2978 1024 3155 1071 terras
3180 1012 3478 1086 probabilis
3503 1024 3628 1071 cum

2027 1111 2307 1166 voluntate
2328 1112 2467 1166 ratio
2490 1110 2757 1173 videatur,
2786 1110 3042 1180 quoniam
3066 1125 3164 1180 pro
3198 1110 3433 1165 hominis
3461 1109 3629 1165 inise-

2026 1204 2235 1259 ratione
2280 1204 2418 1259 Deus
2472 1204 2689 1259 venisse
2736 1204 3094 1273 perhibetur:
3132 1203 3519 1273 numquidnam
3577 1202 3630 1257 ei

2027 1296 2366 1367 itnpossibile
2409 1295 2508 1351 fuit
2556 1312 2619 1351 ex
2652 1311 2991 1367 quacumque
3038 1295 3352 1351 sitbliniiore
3400 1296 3627 1349 materia

2025 1389 2443 1460 incorruptibile
2470 1404 2667 1461 corpus
2706 1388 2949 1457 ellicere,
2989 1404 3096 1459 quo
3126 1399 3403 1458 assumpto
3426 1389 3498 1442 ita
3530 1387 3629 1441 ho-

2028 1482 2159 1537 mini
2216 1497 2373 1553 opem
2430 1481 2620 1548 ferret,
2654 1495 2722 1537 ne
2761 1481 3104 1552 corruptibili
3160 1481 3382 1537 homine
3433 1488 3625 1553 grava-

2026 1576 2201 1631 retur?

2097 1671 2295 1727 ZACCH.
2322 1700 2393 1711 ——
2418 1669 2613 1725 Omnia
2648 1670 2790 1725 Deus
2820 1684 2886 1725 ex
2926 1668 3232 1739 voluntate,
3260 1682 3357 1722 sua
3396 1666 3623 1737 faciens,

383 1756 585 1811 Ztccu.
611 1786 681 1797 —
714 1758 883 1811 Deum
941 1756 1162 1826 uttidem
1207 1755 1511 1811 necessitas
1566 1755 1718 1812 nulla
1766 1771 1917 1812 come
1949 1764 1993 1825 Β
2025 1764 2159 1818 nihil
2189 1763 2331 1834 quod
2360 1762 2464 1818 sibi
2493 1776 2658 1833 grave
2688 1764 2759 1817 sit
2784 1762 2931 1816 velut
2959 1758 3215 1816 coactusd
3240 1762 3504 1826 assumit;
3528 1748 3622 1815 sed

311 1849 600 1919 plectitur,
633 1852 761 1920 quia
794 1866 1017 1921 semper
1057 1851 1198 1907 liber
1248 1861 1304 1907 et
1334 1851 1468 1907 nulli
1526 1861 1609 1908 est
1651 1853 1921 1910 obnoxius

306 1943 555 2014 passioni
585 1962 597 1998 :
626 1945 733 2014 ipsi
775 1960 870 2014 per
921 1954 1097 2000 semet
1129 1944 1370 2016 subjecta
1422 1956 1545 1999 sunt
1580 1946 1781 2010 omnia,
1818 1961 1921 2003 nec

305 2038 562 2108 cuiquam
598 2040 715 2107 ipse
756 2038 1036 2108 subjectus
1091 2047 1195 2093 est.
1233 2038 1618 2093 Verumtamen
1670 2039 1917 2095 absoluta

304 2141 385 2187 est
401 2134 521 2201 ejus
535 2141 591 2187 et
614 2140 766 2187 certa
790 2133 1063 2187 sententia
1082 2151 1093 2185 :
1115 2129 1163 2186 Ν
1171 2133 1234 2186 isi
1247 2132 1701 2197 credideritis,non
1724 2133 1916 2187 intelli-

301 2226 432 2297 getis
461 2225 600 2298 (Isa.
633 2242 728 2293 vn,
755 2228 811 2292 9,
859 2244 961 2281 sec.
996 2225 1186 2297 LXX).
1238 2227 1474 2283 Proinde
1522 2228 1568 2282 si
1594 2229 1830 2283 animum
1858 2230 1910 2283 in

298 2321 552 2376 tenebris
593 2322 953 2377 oberrantem
989 2322 1054 2376 ad
1100 2322 1325 2391 superni
1377 2320 1685 2376 intellectus
1726 2321 1909 2378 lumen

296 2413 573 2481 erexeris,
602 2422 663 2469 ut
689 2415 859 2470 Deum
888 2429 1249 2486 quaecumque
1278 2415 1405 2470 velit
1426 2412 1620 2469 credas
1651 2423 1704 2469 et
1727 2418 1907 2485 posse;

298 2507 556 2563 Vcniendi
587 2506 766 2565 eidem
822 2508 889 2563 ad
920 2516 1125 2574 terras,
1165 2509 1333 2563 imtno
1383 2506 1507 2577 quia
1535 2506 1738 2577 ubique
1767 2518 1911 2563 sem-

304 2615 405 2672 per
426 2608 541 2670 est,
567 2601 623 2655 in
654 2600 880 2658 homine
928 2613 987 2657 ut
1018 2602 1308 2658 visibiiiter
1330 2610 1638 2672 appareret,
1672 2599 1913 2657 ne‘cessh

296 2702 464 2750 tatem
497 2695 742 2765 quidem,
796 2706 1056 2767 quantum
1118 2698 1170 2750 in
1221 2698 1342 2767 ipso
1397 2703 1500 2763 est,
1556 2712 1661 2751 non
1712 2696 1908 2768 depre-

298 2785 539 2856 hendes,
587 2787 684 2844 sed
710 2802 831 2844 cum
884 2790 1099 2845 ratione
1155 2788 1329 2844 fuisse
1389 2789 1665 2859 intelliges
1716 2789 1908 2845 volun»

298 2888 494 2936 tatem.

891 2974 1123 3033 CAPUT
1164 2972 1301 3032 νηι.

373 3075 553 3140 Quare
582 3076 1038 3146 incorruptibilem
1083 3076 1344 3132 hominem
1400 3070 1539 3131 Deus
1586 3078 1828 3150 suscepit.

2026 1859 2168 1909 sicut
2206 1854 2319 1909 falli
2341 1869 2446 1910 non
2476 1861 2674 1924 potest,
2710 1855 2779 1907 ita
2807 1854 2924 1923 ipse
2948 1866 3054 1907 non
3083 1851 3243 1907 fallit.
3274 1851 3471 1907 Verum
3497 1862 3629 1922 ergo

2022 1952 2090 2006 ab
2118 1964 2183 2006 eo
2213 1950 2351 2017 licri,
2383 1964 2490 2004 non
2521 1949 2833 2003 simulatum
2876 1946 3129 2014 decebat,
3180 1960 3284 2001 nec
3320 1944 3625 2015 prastiglo-

2020 2058 2141 2099 rum
2179 2058 2331 2098 more
2363 2043 2703 2113 phantasiam
2732 2057 2829 2111 pro
2853 2039 3077 2097 homine
3104 2040 3421 2107 monstrari,
3450 2039 3547 2094 sed
3571 2047 3635 2093 nt

2022 2138 2124 2195 hoc
2159 2148 2305 2194 esset
2329 2139 2472 2209 quod
2507 2152 2627 2194 esse
2655 2137 2821 2193 vellet
2848 2136 3045 2192 videri.
3090 2135 3279 2205 Itaque
3327 2136 3379 2189 in
3406 2134 3626 2189 homine

2018 2247 2150 2288 vero
2171 2246 2271 2304 pro
2304 2232 2548 2287 omnium
2600 2231 2773 2286 salute
2801 2239 3085 2293 venturus,
3147 2236 3203 2282 et
3232 2227 3383 2282 nasci
3413 2226 3621 2290 debuit,

2017 2338 2070 2382 et
2124 2338 2219 2396 per
2245 2326 2491 2381 ordinem
2527 2324 2649 2379 vitae
2699 2322 2873 2379 aetatis
2921 2324 3259 2377 incrementa
3305 2319 3618 2389 suscipere,

2017 2428 2076 2474 ut
2106 2419 2266 2474 simul
2312 2425 2361 2471 el
2391 2434 2453 2473 ea
2483 2416 2710 2474 doceret
2749 2433 2869 2487 qua:
2893 2414 3074 2471 facere
3106 2416 3268 2468 homo
3298 2412 3489 2484 possit,
3524 2424 3622 2466 nec

2016 2512 2133 2566 lteri
2168 2513 2493 2582 prtcciperet
2520 2509 2665 2581 quod
2718 2524 2822 2566 non
2874 2510 3021 2581 prius
3069 2509 3185 2579 ipse
3223 2522 3319 2578 per
3344 2504 3617 2562 hominem

2012 2610 2352 2676 assumptum
2378 2604 2619 2662 fecisset.

2638 2696 2869 2754 CAPUT
2909 2697 2959 2752 Χ

2086 2792 2361 2860 Quomodo
2384 2792 2725 2867 fragilitatem
2750 2792 3037 2848 humanam
3065 2793 3223 2849 evasit
3243 2802 3307 2848 ea:
3327 2789 3540 2865 Virgine

2730 2899 2906 2944 natus.

2085 2983 2290 3036 Areu.
2335 3010 2406 3020 --
2444 2981 2563 3035 Fiat
2619 2966 2853 3037 silibet
2901 2980 3145 3036 certandi
3206 2996 3271 3037 ex
3333 2980 3436 3035 hac
3483 2994 3619 3050 quo-

2012 3084 2114 3143 que
2171 3083 2322 3144 parte
2374 3073 2778 3143 compendium.
2851 3070 3043 3130 Nonne
3113 3072 3219 3129 hoc
3284 3074 3478 3130 saltem
3533 3074 3616 3129 in-

368 3167 571 3223 Αροιι..
603 3200 674 3209 -
702 3169 856 3226 Sicut
884 3185 949 3225 ea
970 3182 1090 3241 quae
1120 3170 1249 3225 velit
1282 3169 1447 3225 Deum
1490 3178 1678 3241 posse,
1705 3166 1906 3242 ambigi
1933 3160 1978 3226 C
2012 3165 2232 3235 dignum
2252 3164 2349 3221 fuit
2381 3167 2520 3221 intra
2552 3172 2766 3221 uterum
2800 3166 3094 3221 femineum
3148 3162 3497 3221 coalescere?
3521 3160 3615 3220 aut

294 3276 405 3318 non
450 3270 665 3332 potest;
710 3264 784 3318 ita
814 3272 936 3319 eum
974 3264 1117 3319 nolle
1150 3266 1422 3319 contraria
1455 3278 1518 3320 ac
1549 3279 1607 3320 se
1660 3264 1899 3337 indigna,

296 3352 647 3425 perspicuum
683 3368 695 3410 ξ
732 3365 896 3427 atque
928 3356 1051 3411 ideo
1076 3357 1118 3411 si
1154 3358 1456 3413 necessitas
1487 3374 1590 3413 non
1625 3359 1743 3426 l‘nit,
1778 3370 1899 3414 cum

293 3450 506 3506 ratione
535 3449 705 3506 edoce
751 3452 1107 3506 Voluntatem.

364 3544 569 3598 ZACCH.
595 3574 667 3584 —
694 3542 806 3599 Hoc
832 3544 1062 3613 primum
1086 3549 1250 3599 tuenti
1281 3555 1387 3601 tum
1408 3544 1585 3611 trade,
1618 3558 1902 3617 quaecum-

293 3652 399 3710 que
429 3639 568 3694 idem
600 3639 741 3695 inter
772 3638 1017 3696 homines
1064 3641 1206 3697 Dens
1244 3642 1516 3708 ostendit,
1572 3643 1812 3713 suscepit
1840 3658 1901 3698 ac

297 3733 544 3804 pertulit,
603 3748 762 3789 causa
797 3745 881 3789 est
908 3738 991 3790 vel
1025 3734 1275 3791 servandi
1329 3736 1552 3792 humani
1581 3741 1797 3811 generis
1817 3736 1900 3795 vel

296 3824 593 3897 reparandi
624 3845 636 3881 :
662 3828 714 3882 in
749 3843 856 3899 quo
909 3831 979 3884 ita
1015 3829 1273 3885 benelicia
1305 3849 1397 3885 sua
1424 3850 1545 3902 quae
1576 3849 1602 3885 a
1634 3834 1900 3904 principio

293 3921 523 3978 dederat
551 3934 767 3993 semper
818 3922 1031 3989 dilexit,
1066 3933 1122 3977 ut
1152 3924 1269 3994 plus
1307 3927 1473 3979 venire
1508 3924 1791 3995 largiretur
1818 3927 1901 3981 in—

294 4013 463 4068 dultis
496 4021 520 4051 ⁸
550 4024 711 4083 quam
742 4008 1039 4069 ttltionlbus
1065 4016 1189 4069 mali
1224 4024 1502 4086 pensaret.
1532 4015 1763 4087 Propter
1792 4018 1899 4073 ho-

295 4108 497 4161 minem
521 4105 790 4161 volutuina
811 4105 1109 4177 Scriptum
1132 4106 1332 4162 referta
1359 4109 1627 4179 eitemplis
1652 4110 1898 4178 praeteri-

295 4210 517 4266 torum,
571 4209 626 4256 et
678 4201 1061 4258 adhOrtatione
1134 4205 1485 4273 praesentium
1522 4249 1535 4270 ,
1594 4202 1896 4262 futurorum

291 4302 559 4369 praeterea
585 4304 680 4365 Spe
712 4307 967 4367 metuque
998 4297 1270 4366 completa
1302 4307 1459 4359 sunt;
1494 4308 1549 4352 ut
1580 4297 1622 4352 si
1653 4298 1718 4352 ad
1751 4299 1898 4368 agni-

294 4393 499 4446 tionem
530 4388 804 4444 Creatoris
839 4399 893 4444 et
921 4390 1164 4455 cultum,
1210 4405 1329 4461 qtne
1368 4400 1449 4445 eSt
1486 4406 1696 4445 summa
1721 4390 1747 4429 δ
1778 4394 1897 4460 jus.

296 4483 452 4545 titiaz,
480 4492 586 4537 non
620 4480 890 4538 illicerent
924 4484 1188 4553 promissa
1218 4482 1415 4550 iidelia,
1441 4484 1743 4541 denuntiati
1764 4501 1895 4541 exa-

2011 3257 2273 3313 credibile
2319 3270 2404 3314 eet
2452 3268 2573 3313 eum
2623 3256 2955 3313 nasciturum
3014 3257 3136 3312 sine
3178 3257 3390 3312 semine
3441 3254 3614 3312 fuissd

2009 3358 2329 3421 conceptum
2361 3351 2382 3404 ?

2080 3444 2281 3501 Zaccu.
2308 3476 2377 3484 —
2406 3444 2532 3499 Dixi
2557 3442 2786 3510 dudum,
2818 3441 3122 3499 intellectus
3151 3440 3312 3498 ﬁdem
3344 3441 3611 3513 sequitur,

2008 3551 2107 3593 nec
2131 3538 2231 3593 nisi
2257 3553 2355 3608 per
2383 3537 2544 3593 tidem
2577 3550 2701 3608 qua:
2726 3550 2784 3591 se
2828 3536 3018 3591 altiora
3046 3543 3171 3589 sunt
3204 3536 3260 3590 et
3289 3534 3398 3589 Deo
3426 3534 3612 3604 proxla

2007 3648 2115 3702 ma,
2146 3634 2376 3691 humana
2410 3638 2565 3688 mens
2599 3642 2622 3669 θ
2655 3631 2903 3704 percipit.-
2958 3626 3015 3687 Si
3047 3632 3189 3686 enim
3244 3645 3311 3685 ex
3344 3642 3452 3684 non
3480 3626 3610 3683 sub-

2006 3730 2215 3785 Sistenli
2275 3728 2522 3795 materia,
2556 3728 2638 3784 vel
2667 3740 2733 3784 ex
2764 3742 3126 3801 quacumque,
3185 3736 3244 3781 ut
3294 3719 3454 3795 paulo
3482 3726 3611 3779 ante

2004 3822 2207 3891 dixisti,
2243 3818 2387 3877 Deus
2416 3830 2537 3876 cum
2588 3819 2752 3877 vellet
2781 3832 2834 3876 et
2864 3822 3045 3877 facere
3088 3822 3359 3875 hominem
3386 3810 3559 3889 potuit.
3591 3830 3607 3873 ε

2006 3928 2201 3985 nempe
2233 3914 2440 3969 facilius
2477 3913 2494 3951 τ
2528 3915 2596 3970 de
2629 3915 2943 3970 subsiStenti
2998 3923 3053 3968 et
3083 3926 3177 3969 sna
3199 3956 3212 3979 ,
3244 3922 3304 3969 ut
3334 3913 3466 3968 nihil
3499 3922 3609 3969 non

2005 4020 2215 4076 verum,
2247 4018 2299 4064 et
2330 4009 2528 4063 mirum
2583 4009 2752 4079 magis
2777 4016 2954 4075 esset,
2984 4018 3037 4063 et
3068 4008 3489 4079 permixtionem
3519 4020 3607 4063 sed

2005 4106 2167 4158 minis
2202 4118 2306 4158 non
2340 4103 2583 4160 haberet.
2617 4102 2709 4157 Vel
2754 4102 2899 4174 Quod
2930 4100 3129 4157 animai
3158 4112 3249 4158 aut
3274 4102 3603 4158 elementum

2004 4197 2116 4253 Deo
2145 4196 2363 4253 charius
2392 4208 2555 4267 quam
2585 4194 2752 4250 homo
2782 4197 2905 4253 est?
2947 4195 3080 4264 Quae
3132 4204 3296 4251 tanta:
3328 4194 3606 4250 formatio-

2004 4297 2057 4346 ni
2089 4293 2332 4356 materia,
2364 4306 2523 4362 quam
2555 4300 2757 4346 sancta:
2779 4290 3019 4361 Virginis
3038 4293 3238 4362 aptior,
3272 4293 3409 4346 intra
3430 4300 3602 4363 .quam‘

2004 4386 2238 4456 Spiritus
2295 4378 2386 4441 Dei
2442 4386 2619 4441 electo
2672 4386 3090 4456 purissimorum
3147 4385 3420 4440 viscerum
3476 4382 3610 4438 liore

2005 4494 2200 4550 corpus
2230 4479 2438 4535 eil’ecit:
2472 4479 2527 4534 in
2557 4490 2663 4549 quo
2692 4476 2864 4534 Filius
2886 4477 2984 4533 Dei
3012 4477 3155 4531 inter
3187 4477 3434 4530 homines
3464 4492 3602 4531 con-

295 4574 461 4631 ntiuis
490 4573 725 4630 formido
767 4576 1185 4647 constringeret.
1227 4576 1361 4631 Cum
1412 4579 1527 4631 haec
1569 4580 1734 4650 igitur
1763 4592 1896 4633 con-
1924 4566 1973 4626 D
2004 4581 2251 4628 versatus
2280 4571 2577 4627 habitavit?
2596 4571 2755 4639 Quod
2790 4582 2856 4625 ne
2888 4567 3209 4625 incredibile
3235 4567 3481 4625 videatur
3510 4572 3607 4643 per

293 4668 482 4725 stituta
501 4680 685 4737 parum
710 4668 1037 4736 proficerent
1070 4682 1163 4736 per
1206 4666 1525 4738 protihetas;
1546 4668 1890 4740 praesentiam

293 4758 378 4817 sui
406 4759 656 4817 Salvator
680 4759 924 4826 indulsit,
949 4770 1001 4815 ut
1031 4762 1221 4815 salutis
1237 4770 1438 4815 nostra:
1467 4776 1603 4831 opns
1622 4763 1888 4833 integrum

293 4873 416 4913 cum
452 4855 839 4926 prmdieatione
896 4854 1067 4910 virtus
1122 4855 1394 4925 impleret,
1444 4871 1544 4911 nec
1600 4871 1814 4926 semper
1863 4870 1892 4909 a

295 4951 415 5007 solo
465 4948 684 5006 homine
736 4950 1016 5021 castigatio
1066 4950 1249 5004 venire
1302 4956 1583 5018 putaretur
1626 4965 1790 5005 :cum
1839 4949 1891 5005 in

292 5042 515 5097 Christo
571 5053 626 5098 et
678 5042 922 5097 doctrina
972 5050 1024 5096 et
1073 5040 1286 5097 actibUs
1326 5049 1381 5096 et
1423 5042 1595 5112 signis
1644 5042 1897 5097 divinitas

295 5134 555 5201 eiuceret,
590 5146 799 5204 nosque
832 5131 897 5187 ad
937 5132 1295 5187 imitationem
1325 5135 1546 5202 jnstitia:
1598 5148 1660 5189 ac
1700 5130 1903 5188 sancti-

297 5229 426 5284 tatis
457 5240 562 5284 nun
598 5230 645 5283 vi
669 5238 909 5299 cogeret,
968 5222 1065 5281 sed
1115 5224 1456 5280 mirabilibus
1484 5224 1753 5283 invitaret.
1793 5227 1898 5283 ita-

372 5379 395 5406 θ
427 5368 517 5425 Sic
545 5367 717 5424 codex
749 5368 932 5435 Vind.;
965 5370 1017 5425 in
1048 5368 1235 5435 editis,
1279 5385 1431 5437 quam
1459 5386 1550 5439 pro
1580 5369 1891 5435 ultionibus.

302 5440 442 5496 haud
473 5440 542 5493 ita
569 5448 738 5495 recte.

371 5512 395 5549 δ
428 5511 640 5580 Optima
686 5510 809 5565 cod.
862 5510 1022 5567 Vind.
1055 5511 1214 5581 lectio
1245 5528 1255 5565 :
1285 5508 1336 5565 in
1379 5506 1604 5565 Lemov.
1656 5508 1888 5581 justitia,

297 5599 360 5637 ac
392 5578 583 5656 castera
615 5593 670 5636 ut
700 5581 938 5656 in_Viu_d.
967 5581 1024 5635 in
1059 5578 1237 5648 editis,
1272 5583 1361 5649 qui
1384 5592 1456 5637 est
1502 5578 1702 5636 summa
1733 5585 1889 5656 justi-

299 5657 391 5723 tia,
424 5655 549 5717 alio,
586 5668 682 5709 nec
704 5653 840 5707 adeo
870 5652 1068 5707 idooeo
1098 5668 1281 5707 sensu.

376 5722 397 5763 (³
430 5724 591 5779 Foeda
622 5725 800 5792 lectio,
835 5740 953 5793 qua:
996 5738 1186 5778 omnes
1215 5724 1430 5780 codiCes
1456 5722 1652 5779 insedit
1679 5743 1689 5778 :
1716 5723 1892 5791 liberi.

302 5807 387 5857 ter
410 5796 664 5871 legerem,
698 5798 748 5850 in
772 5812 867 5850 sua
894 5796 1098 5871 fragilis
1129 5794 1392 5850 hominum
1425 5806 1633 5852 natura.

1997 4665 2254 4733 Spiritum
2290 4666 2380 4720 Uei
2411 4664 2523 4719 ﬁeri
2558 4667 2820 4731 potuisse,
2877 4665 3093 4718 intuere
3120 4656 3249 4732 quid
3281 4660 3464 4716 mundi
3492 4662 3603 4731 spi-

1996 4760 2132 4814 ritus
2164 4760 2353 4828 possit,
2387 4760 2480 4830 qui
2527 4760 2713 4832 utique
2741 4772 2847 4815 non
2881 4756 3052 4823 Dens,
3088 4758 3183 4815 sed
3209 4774 3349 4815 unus
3382 4774 3445 4816 ex
3476 4774 3606 4829 ope-

1998 4853 2148 4908 ribus
2179 4852 2273 4907 Dei
2304 4860 2423 4918 est;
2472 4869 2636 4923 quam
2692 4854 2849 4908 facile
2905 4851 3228 4909 dissolutam
3286 4852 3605 4909 naturaliter

2002 4946 2225 5001 humum
2259 4948 2439 5018 rigore
2471 4949 2836 5017 constringat,
2869 4962 3037 5020 aquas
3070 4958 3244 5004 vertat
3268 4949 3320 5003 in
3351 4944 3601 5020 glaciem,

2000 5056 2065 5095 ex
2098 5036 2286 5096 iisdem
2335 5049 2388 5094 et
2415 5041 2595 5095 nivem
2627 5039 2857 5111 gignens
2882 5083 2895 5106 ,
2932 5058 3054 5112 qua:
3105 5042 3315 5114 pondus
3358 5043 3596 5113 levitate,

2002 5137 2243 5193 colorem
2271 5135 2512 5193 (audere
2545 5146 2876 5203 commutet;
2901 5136 3040 5193 idem
3102 5135 3356 5211 crystalla
3388 5130 3603 5191 ﬂatibus

2003 5228 2183 5297 duret,
2220 5240 2425 5283 natura:
2457 5242 2570 5282 sua:
2594 5244 2698 5284 non
2731 5240 3018 5299 receptura
3041 5227 3320 5283 mollitiem
3349 5246 3360 5281 :
3396 5237 3449 5282 et
3480 5240 3604 5297 post

2070 5366 2094 5404 ι]
2127 5370 2201 5442 Ita
2232 5368 2284 5442 i_n
2316 5368 2500 5437 Vind,
2535 5369 2586 5442 in
2615 5369 2773 5425 editis
2798 5365 3276 5442 assuntpsit._liatttl_
3329 5366 3399 5442 ita
3428 5369 3599 5442 multo

1999 5448 2121 5513 post.
2154 5441 2205 5494 in
2239 5439 2460 5495 Lemov.
2488 5436 2585 5495 sed
2610 5451 2662 5495 ut
2689 5440 2827 5511 quod
2850 5436 3000 5508 esset,
3021 5436 3168 5494 vellet
3194 5437 3393 5492 videri:
3414 5440 3600 5499 nescio

1999 5528 2065 5567 an
2090 5514 2309 5566 tnelius.

2076 5594 2097 5620 θ
2128 5576 2184 5636 In
2217 5584 2321 5635 alio
2343 5583 2552 5649 codice,
2576 5583 2835 5651 perspicit,
2866 5583 3042 5637 minus
3064 5589 3248 5647 recte;
3274 5594 3396 5637 cum
3419 5596 3595 5652 neque

2001 5670 2099 5725 per
2124 5654 2281 5715 ﬁdem
2318 5655 2428 5709 Deo
2459 5659 2700 5724 proxima
2733 5652 3153 5724 perspiciantur.

2078 5724 2095 5763 ί
2128 5725 2215 5780 Sic
2242 5727 2292 5779 in
2317 5720 2477 5780 Cndd‘.
2507 5726 2662 5781 Vind.
2690 5720 2748 5779 et
2786 5720 2933 5781 Lctli.
2965 5732 3020 5777 et
3074 5720 3292 5793 quidem
3340 5721 3545 5793 Optime
3573 5744 3588 5787 δ

1998 5798 2049 5863 in
2076 5796 2255 5867 editis,
2290 5798 2349 5861 de
2369 5798 2665 5854 subsisteuti
2690 5813 2805 5863 sua,
2832 5803 2886 5848 ut
2932 5805 2976 5847 et
3006 5792 3156 5847 nihil.
