4060 6344
468 215 608 277 1079

1744 212 2065 270 ΖΑΟΟΗᾹΙ
2103 211 2498 271 οιιιιιδτιΑΝι

3635 219 3771 277 1080

465 336 582 390 haec
606 335 715 391 Deo
738 333 1078 406 impossibile
1100 332 1266 390 fuisse
1295 331 1483 395 crede,
1519 331 1660 402 quod
1684 345 1807 388 esse
1837 330 2065 403 possibi-
2094 332 2145 393 Α
2173 329 2493 401 pertulerit,
2526 342 2583 387 et
2610 346 2731 403 quae
2762 331 2867 387 soli
2900 333 3013 388 Deo
3053 333 3338 404 possibilia
3361 374 3376 399 ,
3412 333 3617 403 verbo,
3644 351 3765 393 eum

468 426 523 484 le
551 426 809 498 intelligis
850 436 1135 483 creaturae.

1093 516 1322 576 CAPUT
1360 518 1455 573 XI.

622 616 894 682 Quomodo
920 630 1011 687 per
1046 621 1224 667 anates
1256 612 1483 666 diversas
1510 609 1653 666 Deus
1687 612 1923 666 creverit.

546 711 751 767 APOLL.
780 740 851 749 —
881 707 1128 763 Etiamne
1156 706 1429 777 Virginem
1458 705 1734 776 peperisse
1765 701 2071 758 testamini?

472 803 693 860 Creatio
724 803 899 867 enim,
945 801 1085 855 sicut
1111 799 1333 865 asseris,
1363 808 1389 835 ει
1421 815 1526 853 non
1557 799 1627 854 de
1682 796 2071 867 ineorruptibili

483 899 615 965 Deo,
646 898 741 954 sed
768 913 834 952 ex
863 896 1090 951 materia
1117 894 1459 965 corruptibili
1512 893 1726 960 effecta,
1781 908 1886 964 quo
1918 901 2073 963 pacto

478 991 699 1046 modum
724 989 958 1060 propriae
1004 986 1312 1058 fragilitatis
1343 987 1610 1043 excessit?

551 1083 749 1138 ZACCH.
786 1112 854 1121 ——
884 1080 925 1135 0
952 1080 1142 1136 mundi
1176 1078 1439 1149 sapientia
1491 1078 1728 1132 divinum
1761 1078 1812 1133 in
1842 1088 1929 1133 tua
1955 1093 2075 1149 per-

477 1177 730 1231 suasione
752 1174 890 1229 nihil
918 1173 1190 1229 sentiens!
1232 1173 1328 1228 Dei
1359 1188 1526 1243 opere
1572 1173 1687 1227 fieri
1718 1173 1859 1226 intra
1893 1172 2074 1227 homi-

478 1285 603 1326 nem
635 1270 879 1324 omnium
904 1269 1063 1323 audis
1087 1268 1353 1332 salutem;
1389 1278 1443 1322 et
1474 1282 1596 1321 cum
1622 1267 1738 1321 siue
1768 1268 2077 1322 turbatione

478 1365 727 1437 corporis
750 1373 1076 1436 conceptum
1128 1362 1399 1433 intelligas
1421 1408 1434 1431 ,
1467 1362 1672 1432 absque
1695 1362 1813 1433 ejus
1844 1362 2078 1417 dissolu-

481 1459 631 1515 tione
664 1457 911 1529 prodisse
941 1472 1046 1512 non
1096 1456 1305 1512 credis!
1336 1456 1437 1512 Ubi
1478 1465 1713 1527 estergo
1753 1455 2077 1511 benelicium

479 1563 576 1608 aut
625 1554 867 1624 potentia
915 1553 1029 1621 Dei,
1066 1552 1108 1606 si
1144 1552 1398 1605 humana:
1456 1550 1733 1622 fragilitati
1764 1565 1915 1605 sacra
1949 1567 2080 1605 cou-

477 1647 691 1719 junctio
719 1662 918 1701 nomen
970 1656 1175 1700 tantum
1207 1645 1592 1714 communicat,
1635 1662 1740 1698 non
1776 1644 2080 1700 honorem?

2175 423 2445 491 voluerit,
2474 422 2667 479 enecta
2708 426 3041 496 praestiterit.

2769 516 2999 574 CAPUT
3038 518 3192 575 Xlll.‘

2178 608 2483 665 SiCltristus
2510 609 2644 665 alios
2669 611 2958 678 suscitavit,
2976 613 3229 676 quomodo
3256 622 3421 668 morte
3454 631 3557 669 non
3588 616 3778 673 caruit.

2250 703 2450 759 Arent.
2482 734 2555 743 —
2590 704 2812 759 Memini
2871 704 3071 760 dudum
3113 718 3167 762 et
3206 708 3563 763 curationum
3609 709 3783 765 variev

2178 807 2316 853 tates
2336 841 2351 865 ,
2376 807 2431 854 et
2459 808 2799 853 mortuorum
2822 801 3207 855 suscitationes
3234 800 3411 856 fuisse
3437 802 3703 870 prolatas;
3724 784 3781 859 in

2178 892 2375 964 quibus
2406 903 2584 948 tamen
2608 893 2899 964 specialem
2925 894 3122 949 Christi
3154 895 3586 952 admirationem
3616 895 3782 955 fuisse

2181 1003 2291 1044 non
2314 987 2474 1043 video
2503 1005 2517 1043 :
2565 988 2832 1058 siquidem
2881 1004 3005 1044 cum
3042 1000 3097 1044 et
3132 992 3436 1060 peritiores
3467 993 3608 1062 magi
3641 1007 3783 1046 mor-

2181 1090 2306 1137 tuos
2322 1086 2671 1149 suscitent,et
2697 1080 2892 1137 medici
2912 1083 3175 1137 universis
3200 1082 3589 1139 debilitatibus
3608 1098 3785 1142 reme«

2180 1174 2266 1229 dia
2290 1175 2612 1246 largiantur.

2257 1268 2459 1325 Zaccn.
2490 1298 2561 1311 —
2589 1268 2699 1325 Nec
2745 1285 2833 1325 me
2880 1271 3118 1340 praeterit
3167 1271 3402 1343 magicis
3448 1272 3783 1328 carminibus

2185 1378 2292 1417 non
2328 1372 2705 1431 mortuorum,
2754 1362 2849 1417 sed
2889 1363 3198 1419 dzemonum
3247 1366 3480 1436 spiritus
3526 1366 3783 1433 evocari,

2185 1454 2517 1526 eosdemque
2541 1470 2633 1525 per
2667 1454 3007 1521 phantasiam
3040 1457 3323 1525 paulisper
3351 1457 3620 1513 simulare
3645 1458 3788 1528 quod

2187 1562 2294 1601 non
2342 1558 2468 1601 sunt
2503 1564 2515 1600 :
2550 1547 2925 1603 conditionem
2965 1558 3229 1619 praeterea
3279 1550 3492 1605 addere
3536 1549 3786 1618 falsitati,

2187 1651 2250 1695 ut
2274 1651 2366 1696 aut
2393 1656 2502 1697 non
2529 1642 2632 1697 visi
2671 1642 3034 1712 reSpondeaut
3054 1685 3069 1709 ,
3099 1654 3221 1711 aut,
3252 1646 3297 1698 si
3332 1645 3622 1709 videntur,
3650 1646 3789 1701 obti-

481 1739 563 1795 Tu
596 1739 872 1795 Christum
924 1754 992 1795 ex
1046 1738 1149 1794 hoc
1189 1739 1275 1793 vel
1329 1739 1563 1793 maxime
1620 1739 1785 1795 Deum
1822 1754 1944 1795 esse
1974 1758 2078 1795 non
2114 1740 2392 1799 Bceant:
2451 1745 2511 1789 ut
2554 1735 2979 1805 imprudentium
3030 1747 3151 1791 vota
3206 1738 3411 1793 debilia
3476 1739 3790 1794 umbrarum

478 1831 685 1899 credis,
718 1832 841 1902 quia
876 1842 1071 1886 contra
1094 1832 1543 1886 consuetudinem
1600 1831 1853 1887 humanm
1892 1834 2089 1889 nativi-

488 1924 615 1979 tatis
647 1934 805 1979 natus
835 1924 1164 1994 praedicatur
1185 1940 1251 1980 ex
1283 1925 1525 1996 Virgine.
1578 1925 1646 1981 At
1672 1941 1774 1997 ego
1814 1926 1938 1984 hinc
1961 1944 2086 1983 eum

480 2016 658 2088 magis
690 2018 952 2075 transisse
980 2019 1034 2073 in
1059 2018 1151 2073 Dei
1198 2018 1426 2089 gloriam
1471 2019 1659 2083 credo,
1711 2022 1855 2091 quod
1895 2024 2087 2078 condi-

486 2111 621 2166 tioni
668 2121 867 2166 nostra:
916 2111 1077 2166 etiam
1131 2111 1429 2168 secundum
1475 2113 1750 2169 hominem
1810 2116 1860 2170 in
1908 2117 2089 2187 aliquo

479 2204 789 2273 dissimilis,
841 2215 893 2261 et
920 2206 1180 2262 nascendi
1225 2206 1476 2261 ordinem
1511 2205 1774 2262 decenter
1822 2208 2085 2277 implevit,

481 2306 538 2351 et
569 2298 801 2352 materni
823 2297 1069 2368 corporis
1125 2297 1493 2369 integritatem
1526 2299 1803 2354 nascentis
1845 2298 1945 2371 [Au
1968 2315 2091 2356 nas-

482 2388 665 2462 cendi]
689 2391 1015 2447 necessitate
1032 2407 1135 2446 non
1170 2392 1413 2446 violavit.
1447 2390 1675 2445 Dubium
1700 2407 1834 2463 ergo
1858 2408 1964 2449 non
1985 2402 2090 2461 est,

481 2495 605 2537 cum
622 2482 694 2537 sit
713 2484 917 2538 creatio
932 2483 1000 2539 de
1019 2485 1213 2554 spiritu
1233 2483 1657 2553 incorruptibilis
1676 2484 1791 2549 Dei,
1808 2486 2093 2558 incorrup-

479 2576 688 2634 tibilem
728 2580 892 2634 etiam
926 2580 1221 2635 editionem
1272 2580 1467 2648 fuisse;
1502 2592 1559 2638 et
1586 2580 1729 2651 quod
1756 2591 1874 2637 erat
1903 2582 2093 2652 fragile

482 2668 746 2735 hominis,
777 2670 1081 2727 divinitatis
1125 2673 1303 2742 potius
1341 2675 1543 2729 virtute
1572 2684 1873 2741 servatum,
1931 2691 2091 2746 quam

484 2760 538 2816 id
570 2761 714 2833 quod
743 2772 861 2818 erat
908 2763 1029 2829 Dei,
1056 2763 1355 2834 fragilitate
1400 2765 1637 2822 hominis
1688 2768 2051 2824 imminutum.

1097 2856 1328 2915 CAPUT
1367 2858 1485 2914 XII.

668 3013 671 3016 ν
982 2951 1056 3006 οε
1081 2951 1358 3006 virtutibus
1385 2951 1601 3007 Christi.

555 3042 757 3098 APOLL.
789 3073 859 3083 —
894 3044 1043 3099 Pone
1065 3087 1080 3111 ,
1114 3054 1172 3099 ut
1200 3046 1275 3100 ita
1306 3061 1366 3101 se
1395 3045 1597 3101 Christi
1625 3046 1887 3103 divinitas
1915 3058 1969 3105 et
1998 3064 2095 3105 na-

2194 1828 2387 1882 illudat
2411 1828 2640 1899 effigies.
2679 1826 3070 1884 Defuncturum
3104 1841 3289 1886 autem
3318 1833 3519 1887 anima:
3546 1833 3791 1888 resolutis

2194 1923 2520 1991 corporibus
2552 1923 2617 1976 ad
2670 1923 2827 1977 sedes
2876 1924 3089 1979 debitas
3135 1924 3541 1995 perducuntur,
3590 1940 3656 1981 ac
3698 1939 3794 1995 pro

2194 2015 2409 2071 meritis
2432 2031 2607 2086 usque
2634 2016 2699 2069 ad
2729 2015 2894 2070 futuri
2912 2016 3103 2085 judicii
3128 2018 3273 2072 diem
3299 2018 3389 2072 vel
3423 2018 3479 2072 in
3508 2017 3646 2073 locis
3672 2019 3795 2072 bea-

2195 2120 2381 2167 torum
2430 2119 2729 2175 morantur,
2775 2120 2830 2166 et
2870 2111 3130 2180 subjecta:
3167 2127 3457 2184 magorum
3493 2111 3791 2167 invocatio-

2197 2206 2356 2261 nibus
2387 2221 2497 2261 non
2544 2214 2700 2271 sunt,
2735 2214 2829 2260 aut
2874 2206 3199 2275 quibusdam
3231 2208 3437 2263 clausae
3482 2206 3796 2263 carceribus

2196 2302 2387 2355 venire
2427 2300 2498 2355 ad
2546 2314 2783 2368 superna
2824 2299 3191 2368 prohibentur
3224 2318 3236 2354 :
3272 2301 3347 2355 ita
3401 2301 3461 2354 fit
3502 2312 3561 2354 ut
3601 2298 3794 2355 iisdem

2200 2396 2387 2451 venire
2410 2394 2497 2448 vel
2523 2392 2947 2463 dedignantibus
2972 2436 2986 2457 ,
3021 2394 3107 2449 vel
3132 2395 3363 2449 retentis
3386 2438 3402 2461 ,
3438 2410 3633 2449 eorum
3652 2392 3798 2448 simi-

2199 2487 2484 2544 litudinem
2541 2486 2819 2540 dtemones
2869 2485 3116 2555 fingant,
3168 2495 3227 2540 ut
3268 2497 3321 2541 et
3358 2485 3598 2541 fallacias
3639 2500 3795 2556 quam

2199 2580 2431 2652 diligunt
2456 2594 2673 2650 semper
2699 2579 2982 2644 intersint,
3016 2590 3071 2634 et
3114 2579 3408 2635 tredentes
3440 2578 3641 2634 talibus
3682 2578 3794 2633 veri

2201 2675 2503 2731 imitatione
2527 2674 2877 2729 frustrentur.
2905 2674 3242 2729 Medicorum
3266 2689 3399 2729 vero
3422 2673 3654 2729 medelre
3668 2671 3799 2727 mul-

2199 2766 2270 2823 tis
2294 2766 2591 2823 herbarum
2615 2767 3049 2823 coufectionibus
3073 2781 3171 2821 nec
3195 2768 3383 2821 Statim
3408 2781 3518 2822 nec
3546 2764 3797 2820 omnibus

2202 2867 2465 2927 prosunt;
2498 2868 2551 2914 et
2594 2860 2640 2913 si
2668 2858 2886 2930 quando
2914 2859 3077 2913 altior
3104 2859 3266 2929 :egris
3297 2859 3526 2914 morbus
3563 2858 3798 2913 inoleve-

2202 2951 2276 3006 rit
2300 2993 2315 3017 ,
2346 2962 2437 3007 aut
2465 2952 2573 3022 igni
2599 2953 2807 3007 viscera
2827 2960 3023 3006 exusta
3052 2961 3351 3018 torrentur,
3381 2960 3477 3005 aut
3508 2950 3654 3005 ferro
3683 2965 3797 3020 per-

2202 3046 2375 3101 nicies
2421 3044 2636 3100 occulta
2666 3054 2946 3100 resecatur
2977 3062 2989 3098 :
3024 3044 3157 3099 nihil
3188 3044 3243 3099 in
3281 3043 3591 3099 remedium
3632 3043 3798 3113 impe-

488 3138 671 3195 tivitas
696 3139 914 3207 habeat,
937 3141 1063 3208 quia
1093 3152 1313 3212 propter
1336 3138 1509 3198 Deum
1533 3158 1697 3213 quem
1722 3144 1924 3198 rationi
1948 3160 2093 3200 sem-
2123 3133 2168 3197 C
2201 3140 2283 3196 rio
2311 3141 2509 3211 agitur,
2557 3138 2694 3194 nihil
2742 3138 2863 3194 solo
2893 3153 3145 3193 sermone
3190 3137 3499 3207 perficitur.
3548 3136 3616 3191 Et
3655 3147 3795 3191 certe

484 3246 585 3303 per
613 3233 893 3289 immisees
920 3275 934 3299 ,
976 3234 1140 3289 etiam
1174 3234 1453 3305 Virginem
1496 3251 1692 3305 parere
1723 3239 1967 3307 potuisse
2001 3240 2091 3309 ju-

482 3325 776 3381 dicandum
805 3337 923 3392 est;
958 3327 1090 3397 quid
1120 3329 1383 3382 momenti
1414 3328 1515 3383 fuit
1546 3328 1807 3385 infantem
1850 3331 1902 3384 in
1935 3331 2093 3387 cunis

485 3423 703 3492 vagisse
728 3467 742 3489 ,
777 3421 977 3477 deinde
1008 3423 1062 3476 in
1110 3422 1302 3491 puerili
1353 3422 1664 3493 ignorantia
1707 3436 2047 3480 remoratum
2074 3470 2090 3493 ,

485 3523 581 3569 aut
611 3513 880 3569 lubricum
908 3514 1294 3570 adolescentiae
1323 3524 1542 3585 tempus
1582 3517 1742 3569 annis
1774 3533 1881 3572 non
1914 3527 2095 3573 trans-

484 3607 597 3664 isse
636 3607 970 3677 majoribus,
1005 3607 1031 3645 ι)
1067 3608 1157 3663 ubi
1193 3608 1565 3672 possibilitate
1604 3610 1791 3665 divina
1845 3612 2028 3666 statim
2063 3627 2093 3666 a

486 3699 745 3756 firmitate
776 3699 921 3755 virili
952 3716 1074 3771 quae
1109 3712 1227 3756 erat
1254 3711 1512 3772 gesturus
1546 3704 1849 3773 inciperet?

557 3793 759 3852 Zaccn.
793 3828 864 3840 --
892 3797 970 3852 Ex
992 3799 1097 3852 hoc
1139 3794 1237 3850 tibi
1265 3795 1391 3850 vitae
1436 3797 1609 3867 ipsius
1649 3800 1792 3853 ratio
1836 3799 2093 3870 adjuncta

485 3885 796 3944 divinitatis
840 3889 1119 3945 voluntate
1172 3888 1499 3957 respondit,
1554 3900 1613 3944 ut
1659 3891 1750 3961 qui
1801 3892 2089 3947 convales-

485 3980 664 4036 centis
694 3983 832 4037 uteri
856 3996 1037 4037 moras
1060 3981 1292 4045 tulerat,
1320 3991 1571 4052 tempore
1597 3994 1845 4038 servaret
1870 3986 2049 4040 aetatis
2074 4003 2088 4040 :

486 4089 589 4131 nec
616 4074 1006 4148 dedignaretur
1033 4084 1093 4131 ut
1114 4076 1282 4131 homo
1308 4077 1494 4132 vivere
1516 4120 1530 4143 ,
1561 4078 1655 4149 qui
1683 4078 1940 4148 dignatus
1968 4079 2089 4135 fue-

484 4176 571 4222 rat
593 4167 669 4224 ita
701 4170 868 4224 nasci.
914 4169 1144 4236 Quando
1198 4168 1344 4224 enim
1390 4185 1582 4225 verum
1632 4171 1879 4227 induisse
1909 4173 2093 4227 homi-

482 4273 609 4315 nem
641 4258 982 4324 crederetur,
1019 4270 1039 4296 ο
1082 4259 1129 4313 si
1178 4259 1281 4313 hos
1328 4261 1448 4315 vitte
1481 4262 1686 4331 gradus
1734 4272 2091 4319 transcucur-

486 4348 687 4405 risset?
717 4350 824 4407 Sed
856 4350 992 4404 forte
1015 4365 1282 4420 Speruere
1305 4351 1508 4423 aliquid
1532 4352 1602 4408 de
1624 4354 1848 4411 homine
1874 4355 2086 4425 debuit,

483 4444 575 4515 qui
605 4444 673 4498 ad
702 4443 1044 4499 edocendam
1075 4442 1447 4498 humilitatem
1479 4455 1534 4500 et
1562 4446 1878 4515 patientiam
1905 4450 2089 4505 venie-

2199 3233 2358 3287 fateri
2396 3247 2590 3287 omnes
2620 3245 2910 3301 possumus
2938 3230 3204 3301 derogare
3234 3229 3574 3285 medicinam
3619 3244 3689 3284 ex
3735 3244 3795 3283 eo

2196 3325 2345 3397 quod
2375 3326 2446 3379 sit
2477 3326 2528 3378 in
2561 3325 2781 3379 homine
2805 3368 2819 3391 ,
2856 3338 3052 3394 posse;
3084 3323 3287 3379 addere
3324 3338 3435 3377 non
3474 3337 3639 3392 posse
3659 3321 3795 3393 quod

2198 3434 2305 3473 non
2338 3418 2445 3484 sit,
2489 3434 2610 3489 qua:
2652 3417 2856 3473 Christi
2900 3433 3127 3489 Operam
3160 3425 3352 3472 contra
3387 3417 3667 3486 reputatio
3697 3424 3793 3471 est.

2195 3510 2383 3567 Caecus
2423 3513 2684 3567 materias
2717 3512 2984 3567 luminum
3018 3511 3087 3565 ab
3119 3509 3281 3563 initio
3314 3526 3423 3564 non
3459 3509 3672 3565 habens
3697 3552 3711 3575 ,
3747 3517 3796 3563 et

2197 3618 2367 3657 vacua
2398 3606 2682 3660 oculorum
2717 3608 2835 3660 loca
2878 3604 3156 3674 praebens,
3192 3605 3325 3658 limo
3364 3605 3537 3659 illitus
3561 3646 3576 3670 ,
3607 3619 3793 3676 quem-

2198 3694 2489 3750 admodum
2537 3706 2654 3751 erat
2686 3698 2919 3766 primum
2971 3701 3132 3752 homo
3172 3697 3351 3752 factus
3378 3738 3392 3761 ,
3428 3698 3609 3754 visum
3652 3712 3793 3753 rece-

2200 3788 2278 3858 pit
2310 3807 2322 3841 :
2356 3804 2605 3859 gressum
2633 3789 3132 3866 nescieusjubetur
3166 3789 3424 3845 incedere
3459 3809 3473 3843 :
3512 3791 3720 3845 solutus
3747 3791 3793 3843 in

2200 3882 2429 3938 muliere
2472 3898 2732 3938 venarum
2775 3885 3000 3955 sanguis
3025 3927 3040 3951 ,
3089 3884 3235 3938 dicto
3268 3884 3485 3940 sistitur
3522 3904 3534 3939 :
3574 3884 3793 3955 imperio

2195 3978 2345 4030 auris
2361 3975 2631 4031 solidatur
2654 3977 2894 4031 abscissa
2920 3992 3049 4033 :nec
3068 3975 3440 4032 medicamine
3466 3977 3607 4049 fugit
3627 3980 3789 4049 lepra,

2196 4068 2295 4125 sed
2322 4068 2509 4123 verbo.
2541 4069 2654 4123 llue
2688 4070 3013 4124 tabefaetum
3043 4069 3319 4139 sepulcris
3341 4070 3580 4126 cadaver
3604 4080 3659 4125 et
3682 4087 3791 4141 pro-

2195 4164 2314 4219 dire
2354 4165 2599 4234 jubetur,
2644 4173 2699 4219 et
2747 4165 2969 4230 vivere;
3011 4179 3111 4220 nec
3158 4165 3403 4219 subitam
3455 4167 3790 4235 prtesentiam

2195 4260 2544 4316 cernentibus
2578 4267 2835 4331 pnestat,
2888 4260 2984 4315 sed
3025 4258 3238 4313 eunetis
3272 4260 3565 4315 hominum
3595 4260 3792 4315 actibus

2194 4353 2427 4409 interest
2454 4396 2467 4419 ,
2496 4364 2659 4424 atque
2684 4368 2857 4408 annos
2884 4354 3123 4408 victurus
3150 4356 3418 4409 exsultat.
3445 4355 3583 4424 Quis
3605 4364 3792 4427 praeter

2195 4445 2365 4500 Deum
2419 4447 2657 4517 quinque
2705 4447 2932 4516 panibus
2984 4456 3188 4502 tantum
3235 4457 3258 4484 ε
3311 4448 3472 4518 plura
3517 4449 3788 4505 hominum

483 4539 598 4595 bat.
651 4538 868 4607 Quanto
924 4538 1228 4594 modestius
1285 4538 1338 4592 in
1386 4553 1445 4594 se
1481 4539 1652 4594 Deum
1701 4551 1756 4596 et
1806 4541 2086 4598 hominem
2116 4534 2171 4593 D
2198 4538 2363 4592 millia
2408 4553 2636 4609 pascere
2682 4539 2755 4593 ita
2804 4542 2980 4609 putuit
3021 4550 3077 4595 ut
3122 4542 3440 4595 saturaret?
3477 4544 3613 4609 Quis
3654 4557 3790 4597 mare

479 4633 725 4704 probans
747 4641 801 4687 et
824 4632 965 4687 mira
996 4628 1023 4667 ἀ
1049 4632 1326 4701 praetulit,
1362 4643 1419 4688 et
1447 4632 1664 4687 inﬁrma
1699 4650 1807 4689 non
1840 4635 2086 4703 resiluit!

480 4725 615 4780 Inde
659 4724 713 4778 in
749 4739 987 4779 maerore
1016 4723 1261 4778 doluisse
1282 4767 1296 4791 ,
1332 4724 1610 4780 dormisse
1641 4727 1694 4779 in
1727 4727 2049 4783 lassitudine
2070 4772 2084 4794 ,

481 4817 537 4872 in
578 4813 759 4870 inedia
808 4830 961 4869 esum
1013 4813 1393 4880 desiderasse,
1448 4816 1666 4871 flevisse
1713 4817 1764 4871 in
1796 4818 1985 4885 luctu,
2033 4831 2088 4875 et

478 4905 759 4977 gemuisse
795 4905 852 4958 in
898 4914 1072 4958 morte
1103 4904 1501 4973 perscribitur;
1534 4918 1593 4960 ut
1637 4923 1758 4961 cum
1792 4909 1959 4964 Deum
1994 4928 2086 4966 ve-

481 5015 602 5056 rum
624 5012 747 5070 qua:
767 4997 1019 5066 superius
1047 4995 1446 5065 comprehensa
1478 5006 1604 5052 sunt
1631 4999 1883 5054 sublimia
1911 5017 2080 5072 opera

477 5091 958 5156 demonstrarent,
998 5102 1193 5144 verum
1236 5088 1515 5144 hominem
1546 5090 1747 5145 ﬂebilia
1789 5091 2082 5164 loqueren-

480 5191 589 5238 tur.
620 5180 754 5237 Cum
799 5190 857 5238 et
885 5196 1003 5253 qua:
1051 5180 1215 5237 nobis
1278 5190 1405 5236 sunt
1441 5185 1661 5255 propria
1730 5185 2083 5256 suscipiendo

550 5398 577 5425 ἰ
606 5387 935 5461 Particulam
992 5386 1298 5461 negationis
1356 5401 1475 5455 quae
1503 5387 1731 5443 omnino
1760 5391 2073 5446 necessaria

474 5470 614 5524 erat,
645 5460 956 5516 addidimus
980 5477 1012 5517 e
1040 5459 1163 5516 cod.
1195 5459 1421 5514 Lemov.

546 5530 571 5568 δ
601 5531 691 5587 Sic
720 5532 893 5587 codex
929 5532 1085 5587 Vind.
1113 5550 1127 5598 ;
1172 5531 1225 5585 in
1257 5529 1427 5599 priori
1456 5528 1694 5585 editione
1714 5572 1730 5599 ,
1764 5541 1818 5586 ut
1849 5534 2073 5602 possibi-

475 5602 620 5655 litate
642 5642 656 5663 ,
689 5603 868 5657 minus
908 5604 1108 5659 idoneo
1139 5617 1325 5658 sensu.

552 5684 573 5710 ε
605 5672 703 5728 Hic
728 5689 948 5743 quoque
979 5676 1230 5731 codicem
1267 5672 1427 5727 Vind.
1468 5672 1777 5742 sequimur;
1810 5693 1933 5733 nam
1966 5694 2069 5736 an-

478 5752 565 5800 tea
594 5743 897 5814 legebatur,
933 5748 1033 5801 nisi
1062 5746 1201 5808 hos;
1235 5743 1380 5798 foedo
1419 5758 1606 5798 errore
1632 5786 1647 5810 ,
1679 5746 1771 5814 qui
1817 5749 1943 5807 inde
1978 5768 2067 5807 or-

2195 4631 2425 4701 pedihus
2474 4631 2718 4703 ingredi,
2758 4643 2813 4688 et
2863 4635 3183 4689 immensum
3234 4634 3582 4691 ambulando
3630 4635 3788 4691 libere

2191 4723 2424 4779 ealcavit
2455 4725 2818 4789 elementum,
2854 4735 2912 4780 ut
2952 4726 3345 4781 famulantibus
3388 4730 3495 4784 vite
3541 4728 3785 4785 ﬂuctibus

2194 4814 2386 4886 ﬁgeret
2433 4818 2587 4872 firma
2623 4820 2887 4890 vestigia?
2918 4819 3050 4886 Quis
3098 4820 3278 4873 ventis
3318 4821 3558 4889 jubere,
3602 4831 3660 4878 et
3700 4836 3787 4876 saa-

2190 4908 2403 4964 vientes
2435 4910 2488 4963 in
2533 4920 2911 4976 tempestatem
2947 4911 3218 4982 procellas
3253 4927 3521 4970 sermone
3550 4929 3785 4985 compes-

2189 5003 2357 5058 cere?
2384 5003 2521 5071 Quis
2547 5005 2614 5059 de
2661 5020 2801 5077 aqua
2832 5008 3016 5062 vinum
3048 5006 3225 5061 facere
3248 5051 3263 5073 ,
3298 5016 3359 5062 et
3403 5025 3471 5064 ex
3518 5011 3709 5065 eadem
3738 5010 3782 5064 iu

2188 5097 2435 5153 eamdem
2464 5109 2657 5156 natura
2680 5104 2803 5159 sine
2822 5104 3103 5159 intellectu
3122 5101 3525 5162 demutationis
3549 5106 3780 5162 melioris

2191 5192 2392 5263 speciei
2440 5204 2707 5264 praestare
2756 5197 3095 5268 profectum?
3126 5196 3261 5263 Quae
3299 5195 3563 5254 Christus
3602 5198 3657 5255 in
3699 5198 3782 5253 ho-

2183 5401 2270 5449 tus
2300 5403 2385 5451 est
2406 5435 2421 5460 ,
2454 5396 2599 5464 quod
2649 5396 2908 5453 librarius
2948 5396 3100 5452 verbi
3146 5405 3517 5454 transcurrere
3551 5400 3783 5458 intellec-

2180 5473 2299 5520 tum
2330 5476 2616 5523 assecutus
2647 5485 2755 5523 non
2783 5478 2920 5524 erat.

2248 5535 2282 5614 ἀ.
2307 5538 2381 5590 Ita
2407 5538 2458 5590 in
2488 5539 2660 5614 codd.
2684 5540 2848 5614 Vind.
2872 5550 2928 5596 et
2961 5539 3021 5597 S.
3052 5538 3221 5614 Arn.;
3257 5540 3314 5596 in
3357 5552 3511 5598 textu
3546 5542 3777 5614 pertuiit,

2178 5608 2360 5687 male“;
2392 5617 2621 5687 utroque
2650 5612 2794 5687 haud
2823 5614 2988 5682 paulo
3018 5612 3210 5687 melius
3241 5626 3398 5671 esset
3425 5661 3440 5683 ,
3475 5608 3715 5687 protulit.

2216 5690 2273 5803 ιο
2304 5679 2394 5762 §ic
2428 5679 2603 5739 codex
2656 5679 2852 5750 Vind.)
2898 5686 3101 5741 rectius
3143 5698 3309 5755 quam
3365 5679 3527 5759 prior
3577 5689 3773 5749 editio.

2237 5766 2423 5803 urtma.

2177 5766 2423 5821 plurima.
