4060 6344
243 309 375 367 1081

1446 310 2076 370 CONSULTATIONUM
2116 312 2243 368 LIB.
2278 313 2318 369 I.

3399 316 3537 374 £082

237 425 387 482 mine
414 439 586 496 agens
613 432 672 480 ut
710 438 770 480 se
797 431 854 480 et
884 423 1057 480 Deum
1097 425 1386 497 probaret,
1422 427 1611 484 multis
1643 427 1835 483 viden-
1862 431 1918 492 Α
1943 443 2074 484 nare
2095 428 2357 500 principia
2384 469 2398 495 ,
2427 436 2482 484 et
2507 443 2666 500 quem
2691 428 2822 485 mali
2847 428 3076 501 gradum
3110 429 3267 502 primi
3293 430 3536 487 hominis

239 518 383 574 tibus
423 517 578 575 fecit.
624 517 810 590 Itaque
850 518 896 572 si
948 516 1088 574 echo
1131 519 1413 590 loquenti,
1453 530 1546 574 aut
1593 519 1836 577 fontibus

239 627 431 684 spuma
458 657 474 681 ,
505 613 595 669 vel
619 627 750 668 vero
778 613 972 668 lumini
1001 614 1195 668 umbra
1222 615 1551 685 comquanda
1583 624 1696 682 est;
1728 630 1835 671 non

242 707 463 779 indigna
527 709 937 778 comparatione
981 709 1287 779 junguntur
1335 725 1505 780 opera
1555 709 1834 765 hominum

238 802 532 859 virtutibus
565 803 660 858 Dei
697 821 707 856 :
740 819 865 860 cum
909 803 1027 868 hic,
1064 805 1179 859 haec
1209 812 1418 859 tantum
1466 805 1834 860 remediorum

238 911 392 951 mora
423 897 531 964 sit,
565 905 623 951 ut
649 896 912 967 prodesse
948 897 1275 968 jubeantur;
1314 897 1426 952 illic
1466 898 1710 969 praestita
1744 913 1838 968 per

240 988 485 1046 laborem
515 991 666 1061 prius
693 1004 831 1061 pene
857 1007 1018 1060 quam
1051 991 1386 1060 sentiantur,
1411 1000 1762 1047 evanescant.

827 1081 1056 1140 CAPUT
1099 1084 1240 1139 XIV.

347 1177 454 1245 Qui
481 1178 549 1231 sit
571 1176 813 1232 diabolus
833 1218 847 1244 ,
880 1178 958 1232 vel
986 1179 1126 1248 quod
1156 1187 1425 1248 peccatum
1446 1179 1693 1235 hominis.

307 1270 514 1327 Aron.
542 1301 611 1310 —
644 1270 701 1326 Si
727 1269 990 1340 praedicta
1024 1271 1322 1338 miracula,
1355 1281 1412 1326 ut
1435 1271 1585 1328 credi
1615 1271 1834 1338 studes,

235 1380 466 1421 manens
502 1365 555 1419 in
588 1364 812 1420 homine
844 1364 987 1420 Deus
1034 1365 1286 1435 praestitit
1311 1407 1324 1432 ,
1363 1365 1628 1434 numquid
1667 1365 1840 1419 susci-

235 1472 368 1528 pere
395 1467 452 1513 et
496 1458 606 1527 pati
637 1472 854 1513 crucem
893 1458 1104 1513 voluit?
1149 1468 1244 1512 aut
1286 1474 1448 1526 quam
1500 1458 1573 1511 ob
1620 1473 1839 1512 causam

233 1561 532 1619 erepturus
553 1567 582 1606 a
606 1562 778 1608 morte
795 1551 956 1619 alios,
978 1561 1155 1607 morte
1180 1568 1287 1607 non
1306 1552 1517 1608 caruit?
1541 1552 1625 1606 vel
1651 1567 1839 1621 quem—

232 1643 530 1699 admodum
586 1645 706 1700 aliis
768 1645 1048 1715 proderit,
1109 1647 1200 1716 qui
1261 1646 1360 1700 sibi
1410 1645 1674 1716 prodesse
1733 1661 1839 1701 non

232 1736 447 1809 potuit?
476 1752 602 1792 cum
627 1738 678 1792 in
712 1739 813 1793 hoc
845 1740 1015 1809 magis
1048 1738 1208 1793 ﬁdem
1236 1737 1304 1792 de
1330 1754 1390 1794 se
1429 1738 1840 1808 ambigentibus

1942 523 2300 593 transgressio
2332 521 2556 587 fecerit,
2590 523 2829 594 simplici
2861 524 3177 580 narratione
3207 534 3531 592 contexere;

1941 623 1997 668 ut
2018 615 2108 685 qui
2136 617 2346 685 peccati
2370 624 2577 671 tantum
2601 630 2796 672 causas
2817 616 3006 672 audire
3029 617 3310 674 desideras
3327 659 3343 684 ,
3368 618 3534 675 etiam

1941 706 2257 766 Creatorem
2291 711 2510 766 humani
2545 713 2765 780 generis
2807 712 3037 782 propius
3079 726 3365 783 agnoscas.
3399 712 3537 769 Cum

1940 803 2084 857 enim
2121 803 2262 859 Deus
2290 804 2471 858 omnia
2522 804 2743 859 fecisset
2787 821 2854 860 ex
2904 804 3120 871 nihilo,
3170 805 3537 862 habitatorem

1942 895 2132 950 mundi
2163 897 2436 953 hominem
2490 897 2646 953 ﬁnxit
2691 912 2760 954 ex
2804 897 2963 963 limo,
3001 898 3230 968 rudique
3267 899 3448 954 adhuc
3486 906 3541 955 et

1942 990 2197 1046 exanimo
2228 992 2446 1062 corpori
2491 991 2740 1060 spiritum
2786 1007 3120 1062 sensumque
3162 991 3384 1063 largitus
3413 1001 3538 1060 est;

1942 1083 2196 1152 spiritum
2262 1100 2371 1154 quo
2420 1099 2765 1140 communem
2825 1088 3101 1156 carpimus
3154 1099 3378 1152 aerem,
3431 1098 3540 1156 quo

1944 1178 2188 1233 membra
2219 1179 2607 1249 provehimus;
2641 1195 2862 1233 sensum
2893 1195 3001 1249 quo
3033 1193 3063 1232 a
3090 1177 3306 1234 cmteris
3332 1180 3542 1238 anima-

1943 1270 2086 1324 libus
2112 1271 2491 1341 discrepamus
2515 1290 2527 1326 :
2554 1281 2666 1327 tum
2694 1271 2913 1328 vivendi
2949 1273 3224 1343 proprium
3251 1272 3539 1327 arbitrium

1943 1361 2190 1430 addidit,
2222 1364 2458 1420 liberum
2493 1365 2545 1419 in
2579 1367 2762 1420 omnia
2793 1365 3079 1435 imperium
3114 1363 3395 1431 tribuens;
3428 1373 3541 1418 tum

1945 1457 2328 1514 immortalitas
2383 1474 2503 1514 cum
2554 1459 2870 1514 conditione
2941 1458 3208 1528 permissa
3262 1454 3364 1529 [An
3418 1470 3545 1528 pro-

1945 1553 2109 1607 missa
2133 1551 2194 1624 ἓν]
2222 1563 2306 1607 est
2333 1597 2345 1620 ,
2386 1563 2439 1607 et
2479 1553 2529 1607 in
2563 1553 2843 1609 voluntate
2877 1553 2962 1608 lex
3009 1554 3184 1622 posita
3211 1597 3224 1622 ,
3268 1567 3375 1607 non
3421 1565 3543 1623 quae

1944 1645 2329 1704 observatione
2350 1646 2590 1703 difﬁcilis
2615 1648 2910 1717 periculum
2939 1648 3162 1703 inferret
3189 1649 3379 1719 ignaro
3404 1664 3419 1714 ;
3449 1646 3547 1703 sed

1944 1755 2064 1810 quae
2093 1750 2312 1796 ostensa
2355 1758 2422 1796 ne
2454 1753 2839 1813 usurparetur,
2882 1753 3084 1799 tantam
3116 1742 3396 1800 Creatoris
3425 1758 3549 1814 gra-

234 1835 456 1887 munire
488 1831 780 1897 debuerit,
813 1831 1174 1887 liberaturum
1204 1841 1257 1886 et
1298 1833 1432 1885 alios
1462 1831 1582 1887 fore
1612 1834 1701 1904 qui
1735 1831 1839 1888 hoc
1873 1834 1916 1894 Β
1949 1834 2076 1888 tiam
2103 1851 2224 1889 cum
2278 1837 2709 1892 immortalitatis
2769 1835 3037 1892 beneﬁcio
3082 1837 3407 1893 custodiret.
3457 1837 3548 1894 Sic

234 1924 472 1996 primum
516 1923 569 1978 in
603 1939 698 1980 sua
731 1925 1060 1980 liberatione
1107 1935 1489 1980 monstrasset.
1534 1924 1649 1993 Qua
1683 1925 1736 1978 in
1778 1939 1836 1979 re

235 2026 328 2071 aut
365 2017 637 2072 rationem
670 2018 824 2088 prodi
866 2032 1096 2073 necesse
1141 2025 1265 2085 est,
1316 2025 1410 2072 aut
1452 2017 1832 2073 credulitatem

235 2124 341 2164 nou
371 2108 521 2180 exigi
550 2111 930 2181 satisjustum.

303 2205 505 2261 Zaccu.
539 2237 602 2246 —
637 2206 812 2261 Etiam
848 2208 902 2262 in
933 2206 1034 2262 hoc
1065 2207 1360 2261 mstimatio
1391 2216 1478 2262 tua
1508 2205 1735 2270 fallitur,
1773 2218 1835 2264 ut

239 2299 294 2355 in
322 2300 505 2355 crucis
528 2298 794 2355 afﬁxione
824 2299 1172 2355 divinitatem
1205 2300 1399 2354 credas
1427 2300 1680 2368 injuriam
1711 2315 1834 2371 per-

234 2395 466 2461 tulisse;
496 2411 617 2466 quze
665 2395 1242 2466 incomprehensibilis
1286 2406 1340 2450 et
1384 2395 1550 2450 libera
1584 2410 1684 2451 nec
1723 2396 1830 2466 pati

233 2487 447 2560 potuit,
493 2503 597 2543 nec
621 2489 793 2544 teneri
826 2506 840 2540 ς
874 2487 973 2543 sed
1017 2487 1305 2558 quemdam
1352 2487 1420 2544 de
1467 2488 1687 2545 diabolo
1735 2505 1833 2559 per

231 2589 578 2652 assumptum
613 2581 888 2637 hominem
914 2581 1024 2651 egit
1056 2582 1388 2651 triumphum
1413 2623 1426 2647 ,
1449 2597 1574 2636 cum
1607 2583 1658 2636 in
1685 2583 1830 2652 ligno

231 2672 520 2728 victoriam
571 2673 752 2728 carnis
797 2674 1130 2742 imponens,
1164 2688 1290 2727 eum
1337 2673 1454 2728 sine
1502 2673 1584 2728 sui
1635 2673 1826 2744 injuria

231 2779 327 2836 per
361 2767 640 2822 hominem
671 2767 988 2836 superavit,
1023 2767 1114 2836 qui
1147 2766 1423 2822 hominem
1456 2782 1583 2822 cum
1618 2768 1712 2822 Dei
1749 2768 1829 2822 in-

223 2859 369 2930 juria
396 2868 585 2928 egerat
629 2859 681 2913 in
713 2859 1006 2914 delictum.
1041 2859 1215 2914 Ilomo
1247 2873 1403 2928 ergo,
1438 2875 1545 2914 non
1574 2859 1828 2914 divinitas

226 2954 374 3010 cruci
407 2955 533 3008 data
556 2962 672 3019 est;
706 2961 762 3009 et
790 2953 881 3024 qui
928 2968 1026 3024 per
1064 2953 1269 3022 lignum
1302 2964 1658 3023 peccaverat,
1693 2953 1828 3008 ﬁxus

227 3047 281 3103 in
301 3049 452 3120 ligno
473 3058 580 3104 est.
606 3049 782 3118 Atque
805 3049 920 3103 haec
944 3049 1054 3103 Deo
1079 3047 1181 3102 fuit
1205 3048 1522 3103 assumendi
1547 3047 1824 3102 hominem

225 3143 504 3212 praecipua
552 3142 694 3198 ratio
746 3143 832 3198 vel
879 3142 1172 3207 voluntas,
1208 3151 1266 3195 ut
1308 3153 1588 3211 peccatum
1622 3141 1690 3193 ab
1723 3140 1823 3194 ho-

224 3236 372 3291 mine
399 3244 746 3290 contractum
777 3251 876 3306 per
906 3223 1518 3299 hominemtollcrctur,
1550 3243 1603 3289 et
1630 3235 1700 3288 ab
1731 3234 1823 3288 illo
1852 3229 1898 3292 C

223 3328 364 3384 ﬁdes
390 3329 820 3384 resurrectionis
853 3329 1149 3398 inciperet,
1184 3343 1344 3399 quem
1379 3330 1610 3397 primum
1643 3342 1830 3382 resur-

221 3435 350 3493 gere
383 3420 645 3477 debuisse
697 3431 982 3476 constaret
1016 3439 1028 3476 :
1064 3436 1232 3492 purus
1274 3421 1421 3474 enim
1463 3429 1518 3475 et
1568 3419 1636 3474 ab
1677 3419 1827 3474 omni

223 3516 482 3572 immunis
503 3515 704 3571 delicto
733 3517 841 3586 pati
869 3531 966 3586 pro
989 3516 1241 3570 omnibus
1265 3515 1465 3579 voluit;
1496 3523 1551 3567 ut
1575 3527 1682 3567 non
1707 3513 1826 3567 sola

219 3622 496 3685 potestate
519 3653 534 3678 ,
571 3611 668 3666 sed
703 3611 897 3666 merito
920 3652 934 3675 ,
964 3612 1222 3664 omnibus
1248 3609 1622 3680 praeferretur.
1659 3606 1826 3663 Vides

220 3720 355 3777 ergo
385 3719 509 3776 quae
539 3703 613 3759 sit
655 3703 855 3758 divinm
902 3718 1096 3775 pompa
1126 3701 1343 3758 virtutis
1374 3703 1610 3772 vitmque
1654 3700 1826 3756 victo-

222 3798 330 3860 ria,
368 3808 601 3852 mortem
634 3813 739 3851 non
778 3799 1047 3851 meruisse
1073 3840 1085 3861 ,
1119 3796 1212 3852 sed
1248 3794 1585 3850 merentibus
1630 3793 1822 3848 abstu-

218 3891 353 3946 lisse
377 3932 392 3958 ,
423 3899 481 3945 et
510 3900 536 3926 ιι
568 3891 768 3944 vexillo
808 3890 1076 3960 spiritalis
1109 3889 1369 3958 triumphi
1400 3889 1615 3958 culpam
1649 3897 1824 3942 mate-

220 3985 318 4039 rire
357 3983 598 4038 al’ﬁxisse
643 3999 752 4038 non
805 3985 1120 4053 propriam;
1177 3985 1439 4054 quoniam
1487 3983 1823 4052 quicumque

220 4079 391 4144 alius,
421 4079 548 4132 dum
571 4095 601 4133 a
633 4080 872 4149 peccatis
902 4093 1062 4133 nemo
1092 4077 1376 4132 hominum
1406 4076 1546 4131 liber
1574 4085 1660 4130 est
1683 4116 1698 4139 ,
1724 4090 1822 4146 pro

221 4188 281 4229 se
313 4182 521 4228 tantum
573 4172 734 4226 vitam
768 4172 1033 4237 dedisset,
1066 4170 1218 4224 illum
1248 4167 1486 4237 Oportuit
1516 4183 1615 4237 pro
1645 4167 1822 4222 omni-

221 4267 324 4324 bus
375 4268 632 4334 interire,
672 4269 763 4339 qui
798 4283 894 4338 pro
925 4281 985 4323 se
1031 4281 1186 4321 noxa:
1232 4263 1364 4318 nihil
1405 4262 1653 4330 debcns,
1696 4277 1818 4317 cum

220 4361 576 4418 condemnari
617 4377 723 4416 non
768 4370 985 4431 posset,
1035 4359 1374 4430 acquieverit
1405 4365 1458 4411 et
1488 4355 1704 4423 occidi,
1751 4371 1820 4411 ne

221 4469 322 4512 nos
343 4464 607 4527 perpetua
637 4470 786 4510 mors
817 4463 1052 4509 teneret.

825 4547 1056 4604 CAPUT
1097 4545 1214 4602 XV.

1943 1928 2120 1996 posito
2165 1928 2349 1998 itaque
2380 1929 2589 1983 homini
2623 1931 2763 1985 inter
2804 1929 3033 1986 delicias
3065 1929 3344 1997 paradisi,
3377 1943 3549 1985 amm-

1940 2019 2154 2075 nissimi
2178 2020 2390 2077 scilicet
2418 2021 2522 2076 loci
2551 2064 2564 2088 ,
2594 2031 2648 2077 et
2676 2022 2822 2076 nulla
2848 2037 3110 2077 aurarum
3142 2021 3466 2092 intemperie
3482 2036 3546 2078 ac

1939 2116 2208 2170 varietate
2242 2119 2530 2187 corrupti,
2572 2131 2636 2170 ex
2682 2117 2829 2170 omni
2882 2116 3243 2185 pretiosarum
3287 2115 3545 2171 arborum

1935 2205 2114 2261 fructu
2145 2207 2342 2262 edendi
2383 2207 2607 2278 copiosa
2638 2208 2799 2262 datur
2835 2207 3097 2272 facultas;
3132 2207 3228 2262 sed
3268 2206 3323 2261 in
3357 2207 3544 2262 multis

1936 2300 2096 2354 unius
2126 2309 2332 2355 tantum
2357 2301 2574 2356 arboris
2601 2301 2881 2372 usurpatio
2911 2300 3256 2372 prohibetur,
3290 2308 3349 2354 ut
3376 2300 3548 2354 inter-

1934 2392 2137 2448 dictam
2166 2393 2413 2449 eamdem
2439 2393 2694 2449 arborem
2722 2407 2940 2463 semper
2965 2394 3185 2446 intucus
3209 2391 3400 2458 homo,
3426 2390 3544 2461 ejus

1934 2487 2023 2557 qui
2052 2487 2416 2543 interdixerat
2455 2486 2818 2552 meminisset,
2853 2497 2905 2542 et
2937 2485 2962 2523 l'
2997 2485 3253 2556 praelatus
3281 2485 3536 2542 omnibus

1934 2596 2046 2652 prae
2069 2597 2128 2636 se
2159 2596 2280 2636 esse
2310 2597 2414 2635 non
2447 2581 2865 2636 oblivisceretur
2891 2587 3208 2644 auctorem;
3240 2593 3303 2633 ac
3335 2577 3436 2633 sibi
3468 2578 3545 2634 ita

1933 2676 2113 2730 omnia
2135 2676 2377 2745 subjecta
2409 2683 2793 2744 cognosceret,
2816 2682 2871 2727 ut
2899 2673 2949 2726 ei
2966 2672 3058 2744 qui
3081 2673 3181 2727 sibi
3207 2671 3543 2742 subjeeerat,

1932 2776 2077 2823 esset
2132 2767 2247 2838 ipse
2293 2767 2574 2836 subjectus
2609 2784 2622 2820 :
2657 2765 2819 2820 simul
2866 2780 2935 2820 ne
2983 2764 3144 2817 homo
3191 2761 3540 2818 rationabilis

1932 2861 2107 2916 factus
2155 2862 2294 2916 sicut
2335 2862 2489 2916 bruta
2537 2859 2793 2915 animalia
2825 2859 2947 2913 sine
2997 2858 3386 2912 observatione
3429 2864 3544 2912 tor-

1931 2961 2117 3024 peret;
2151 2952 2245 3008 sed
2275 2962 2333 3007 ut
2368 2968 2434 3007 eo
2476 2967 2639 3023 quem
2673 2952 2824 3006 solus
2862 2952 3195 3020 praecipuum
3244 2957 3539 3018 acceperat

1931 3040 2148 3101 sensum
2177 3089 2191 3114 ,
2227 3047 2369 3102 inter
2406 3056 2745 3116 prazceptum
2777 3060 2840 3099 ac
2882 3044 3206 3099 beneﬁcium
3253 3050 3308 3097 et
3338 3055 3535 3097 cavere

1931 3137 2262 3209 intelligeret
2292 3148 2348 3194 et
2375 3139 2600 3194 mereri.

2003 3232 2138 3288 I-luic
2168 3232 2489 3288 beatitudini
2518 3231 2769 3287 diabolus
2798 3231 3050 3285 invidens
3076 3246 3172 3300 per
3189 3238 3524 3301 serpentem,

1933 3326 2024 3397 qui
2069 3337 2188 3381 erat
2231 3326 2447 3381 caeteris
2490 3325 2818 3379 animalibus
2863 3325 3206 3394 prudentior,
3243 3325 3531 3379 mulierem

1934 3419 2167 3490 primum
2191 3460 2204 3482 ,
2233 3419 2283 3474 id
2306 3429 2389 3472 est
2412 3418 2686 3473 inferioris
2705 3433 2868 3473 sexus
2894 3419 3165 3472 hominem
3187 3463 3201 3488 ,
3233 3427 3288 3472 et
3315 3418 3380 3470 ad
3408 3432 3530 3473 cre-

1931 3513 2170 3568 dendum
2212 3512 2378 3566 animi
2427 3511 2687 3566 laciﬁuris
2730 3511 2912 3565 illexit
2950 3509 3304 3565 interdictum
3335 3518 3529 3580 gusta-

1931 3614 2043 3661 tum
2077 3605 2292 3660 arboris
2325 3613 2596 3659 temerare
2629 3621 2641 3657 :
2681 3619 2780 3674 per
2821 3603 3067 3658 eamdem
3119 3611 3307 3671 postea
3350 3602 3530 3658 virum

1929 3702 2094 3757 simili
2125 3701 2358 3756 falsitate
2387 3699 2618 3770 decepit,
2656 3697 2872 3753 futuros
2902 3713 3155 3753 asserens
3187 3698 3297 3752 Deo
3323 3696 3532 3751 similes

1929 3797 1972 3850 si
2002 3799 2121 3865 ejus
2145 3795 2274 3866 ligni
2309 3793 2479 3864 pomis
2503 3810 2610 3847 non
2642 3793 2988 3847 abstinerent
3015 3832 3028 3855 ,
3065 3789 3209 3862 quod
3233 3789 3380 3845 velut
3409 3789 3532 3844 ideo

1929 3887 2186 3943 divinitas
2235 3887 2576 3956 excepisset,
2626 3902 2694 3940 ne
2735 3886 3017 3940 caelestem
3069 3883 3356 3938 scientiam
3404 3897 3527 3937 cum

1928 3978 2243 4035 hominibus
2275 3981 2588 4048 partiretur.
2627 3979 2718 4032 llis
2755 3977 3020 4046 deceptos
3068 3976 3210 4030 dolis
3243 3976 3295 4029 in
3338 3990 3532 4044 pecca-

1929 4079 2041 4124 tum
2075 4070 2460 4141 pravissimum
2487 4068 2754 4137 compulit
2777 4109 2790 4130 ,
2821 4079 2875 4121 ut
2914 4083 2974 4120 se
3005 4082 3101 4136 per
3131 4066 3528 4134 transgressio-

1928 4179 2050 4220 nem
2085 4162 2342 4234 prazcepti
2388 4158 2634 4215 Creatori
2682 4159 2888 4213 similes
2937 4173 3062 4213 esse
3089 4200 3102 4220 ,
3143 4157 3390 4227 quamvis
3422 4171 3528 4212 non

1929 4259 2167 4330 possint,
2199 4257 2338 4311 velle
2373 4267 2549 4309 tamen
2597 4255 2717 4308 ausi
2757 4254 2888 4308 sint.
2938 4253 3050 4306 Iolae
3085 4251 3276 4305 fraude
3309 4251 3532 4304 immor-

1928 4353 2154 4407 talitatis
2178 4350 2442 4406 beneﬁcio
2470 4349 2686 4420 Spoliati
2712 4348 2782 4403 de
2813 4347 3068 4418 paradiso
3096 4345 3433 4415 ejiciuntur;
3464 4360 3531 4400 ex

1924 4446 2013 4500 illa
2045 4443 2350 4499 inviolabili
2385 4443 2650 4513 temperie
2690 4442 2991 4506 detractis,
3031 4453 3086 4496 et
3117 4439 3219 4493 sub
3263 4438 3368 4494 hoc
3408 4451 3532 4491 cor-

1928 4539 2169 4608 ruptibili
2199 4553 2328 4593 aere
2359 4537 2586 4592 victuris
2632 4538 2896 4607 pelliceus
2948 4536 3133 4588 statim
3166 4531 3396 4586 vestitus
3430 4530 3533 4582 im-

257 4644 319 4698 εἰ
346 4643 488 4697 Deus
516 4641 851 4714 impossibilia
870 4651 964 4707 est,
995 4658 1155 4711 quare
1184 4641 1427 4694 irascitur
1453 4649 1503 4706 pet
1530 4638 1776 4694 vindicat.
1845 4626 1898 4686 D
1925 4631 2168 4700 ponitur,
2205 4638 2260 4684 et
2291 4630 2359 4684 ad
2407 4629 2763 4699 quaarendum
2807 4628 3012 4680 victum
3045 4624 3202 4679 labor
3251 4620 3534 4692 improbus

285 4740 492 4793 Αροιι.
516 4765 589 4778 --
624 4737 856 4791 Remoto
904 4736 1010 4790 hoc
1040 4734 1263 4791 interim
1286 4776 1301 4802 ,
1335 4745 1389 4788 ut
1419 4735 1544 4805 quis
1571 4737 1674 4790 iste
1703 4735 1822 4789 dia-

216 4831 375 4889 bolus
427 4832 512 4886 vel
546 4830 690 4885 unde
721 4831 792 4884 sit
819 4830 999 4895 dicas,
1032 4846 1195 4900 quem
1244 4831 1583 4885 incentorem
1639 4831 1822 4884 nescio

215 4927 372 4996 cujus
399 4924 611 4996 peccati
643 4922 812 4979 fuisse
841 4924 1173 4990 conﬁrmas;
1200 4925 1408 4995 ipsum,
1435 4925 1481 4978 si
1513 4941 1618 4979 non
1648 4926 1818 4995 piget,

216 5016 457 5073 hominis
483 5015 663 5087 pande
690 5027 974 5086 peccatum
995 5058 1009 5080 ,
1032 5017 1188 5087 cujus
1218 5026 1369 5072 tanta
1399 5019 1658 5073 atrocitas
1681 5019 1821 5074 sicut

213 5111 421 5166 asseris
452 5107 584 5174 fuit,
636 5117 695 5163 ut
722 5109 844 5171 ,nisi
886 5123 983 5178 per
1008 5109 1181 5164 solam
1215 5109 1424 5165 Christi
1454 5125 1670 5167 crucem
1711 5128 1815 5166 non

216 5205 462 5276 potuerit
491 5203 699 5272 expiari
737 5220 750 5256 :
785 5202 1030 5271 inspecta
1070 5201 1215 5257 enim
1249 5204 1292 5258 si
1324 5219 1430 5273 qua
1461 5212 1546 5259 est
1571 5205 1815 5259 criminis

213 5295 512 5368 qualitate,
568 5293 701 5364 quid
761 5294 882 5348 haec
934 5294 1115 5348 crucis
1164 5294 1480 5365 praedicatio
1532 5305 1817 5368 tantopere

213 5390 359 5446 elata
387 5387 744 5458 praestiterit,
780 5387 1092 5457 promptius
1121 5387 1376 5442 elucebit.

287 5481 490 5537 Zaccu.
518 5509 590 5522 ——
611 5477 730 5535 Non
765 5479 914 5550 piget
949 5479 1114 5550 plane
1142 5477 1604 5552 oﬁensaebvcteris
1631 5483 1819 5553 expla-

289 5721 317 5748 ει
348 5711 408 5766 In
455 5709 720 5773 Lemov.,
767 5704 1028 5776 specialis.
1051 5701 1250 5776 infra,
1287 5702 1518 5758 dedisset
1563 5703 1805 5759 restitui-

215 5797 337 5841 mus
359 5798 392 5837 e
421 5781 550 5836 cod.
583 5777 745 5833 Vind.
771 5773 893 5832 cum
922 5777 975 5830 in
999 5773 1164 5832 editis
1193 5777 1468 5846 legeretur
1491 5777 1713 5830 dedisse.

286 5856 314 5892 ι)
346 5852 547 5909 Totum
594 5849 736 5906 hunc
773 5848 953 5904 locum
987 5847 1322 5904 restituimus
1362 5863 1393 5902 e
1438 5847 1601 5904 codd.
1642 5847 1796 5903 Vind.

1925 4723 2249 4793 deputatur;
2291 4730 2350 4776 ut
2379 4723 2556 4778 solum
2587 4728 2870 4777 verterent
2915 4719 2987 4772 nil
3035 4723 3236 4790 sponte
3266 4715 3532 4786 praibitu-

1924 4833 2044 4872 rum
2074 4859 2089 4883 ,
2122 4826 2177 4872 et
2205 4817 2346 4871 inter
2371 4817 2556 4886 spinas
2589 4832 2652 4871 ac
2693 4814 2924 4870 tribulos
2956 4811 3316 4876 desudantes,
3339 4824 3535 4881 quam-

1924 4917 2004 4972 vis
2035 4917 2189 4987 plura
2211 4924 2608 4988 congererent,
2642 4914 2837 4970 mortis
2868 4923 3049 4968 tamen
3082 4910 3373 4968 sententia:
3401 4909 3531 4965 sub-

1919 5013 2188 5082 jacerent.

2000 5109 2127 5163 Ilaec
2164 5106 2440 5163 interdicti
2478 5107 2648 5177 prima
2685 5105 3052 5175 transgressio
3093 5102 3362 5157 malorum
3407 5113 3527 5152 om-

1926 5202 2078 5257 nium
2125 5215 2290 5256 causa
2330 5202 2634 5269 mortisque
2691 5197 3060 5268 principium;
3100 5210 3203 5250 nec
3245 5203 3425 5247 tamen
3472 5190 3526 5244 in

1925 5296 2216 5351 vindictam
2263 5294 2358 5349 Dei
2389 5301 2696 5364 promptam
2741 5291 3005 5362 patientia
3055 5287 3343 5344 sententiae
3383 5285 3526 5338 irro-

1927 5390 2076 5462 gavit
2105 5387 2358 5444 eﬁectum
2379 5430 2393 5453 ,
2426 5388 2522 5443 sed
2563 5389 2672 5442 vim
2720 5384 3023 5442 severioris
3058 5381 3227 5440 edicti
3259 5377 3526 5450 temporis

1929 5484 2347 5558 interpositione
2378 5483 2642 5552 mollivit;
2676 5492 2736 5540 ut
2778 5482 3038 5538 meritum
3066 5477 3238 5533 venite
3283 5482 3432 5530 esset
3460 5487 3528 5529 ex

1913 5713 1972 5764 et
2023 5705 2293 5767 Lemov.;
2347 5708 2398 5762 in
2451 5707 2625 5777 priori
2683 5703 2960 5777 editione,
3015 5699 3246 5772 praelatis
3287 5695 3528 5754 omnibus

1914 5793 2132 5852 praeesse
2164 5795 2266 5832 non
2288 5779 2422 5847 sibi;
2450 5774 2564 5850 quo
2591 5777 2729 5834 nihil
2756 5774 2973 5831 Radius.
