4060 6344
547 339 688 401 1083

1803 345 2123 404 ΖΑΟΟΙΙΑΞῙ
2159 333 2557 402 CHRISTIANI

3712 335 3840 404 ιῡει

545 461 734 519 labore
766 465 1104 534 pte‘nitentite
1127 508 1140 528 .
1177 478 1239 520 ac
1282 465 1421 536 lapsi
1456 463 1893 520 observationem
1922 464 2147 535 iustitiae
2177 455 2229 526 Ᾱ
2256 480 2393 524 unus
2425 463 2676 520 omnibus
2707 471 2910 532 sermo,
2942 455 2994 520 in
3038 471 3364 521 numerosas
3405 479 3532 536 qua;
3583 468 3727 518 nunc
3754 480 3842 536 per

547 553 634 610 vel
682 566 936 625 posteros
983 559 1275 612 edocerth
1305 598 1319 623 ,
1369 565 1395 593 α
1429 571 1661 626 quorum
1711 560 1880 624 gratia
1936 553 2147 612 restitui

549 647 681 702 vitte
727 661 889 718 quam
921 650 1222 704 amiserant
1264 659 1514 718 possent,
1563 652 1654 720 qui
1697 665 1792 720 per
1815 661 1874 706 se
1912 652 2151 720 graviter

549 742 908 797 conuissent.
947 739 1073 798 llaec
1105 743 1393 798 intervalla
1427 747 1644 812 pietatis
1670 760 1733 799 ac
1764 741 2022 799 salutaris
2052 743 2152 799 vite

551 837 833 892 tramitem
883 850 991 892 non
1027 851 1122 907 per
1150 839 1569 893 conversionem
1602 837 1900 893 satisfactio
1941 837 2111 892 tenuit
2133 878 2148 902 ,

548 929 646 986 sed
671 930 924 985 vitiorum
947 931 1128 1000 potius
1146 929 1485 987 incrementa
1511 941 1823 998 creverunt,
1849 942 1902 987 et
1919 947 2153 1003 sequen-

549 1022 685 1076 tium
734 1021 1018 1077 hominum
1073 1025 1422 1094 consumpsit
1467 1023 1690 1090 abusio;
1739 1022 1811 1078 ita
1864 1033 1920 1079 ιιι
1965 1036 2151 1094 postea

551 1116 748 1168 mortis
797 1115 1218 1171 convalescente
1264 1117 1572 1181 sententia,
1618 1115 1924 1172 ardentium
1966 1117 2152 1173 crimi-

553 1220 683 1263 num
711 1207 891 1262 labem
926 1207 1118 1264 diluvii
1145 1209 1347 1264 inlusio
1381 1210 1497 1264 sola
1527 1212 1910 1281 restingueret.

1148 1299 1381 1359 CAPUT
1422 1302 1563 1358 XVI.

691 1396 968 1461 Quomodo
1001 1404 1114 1465 post
1153 1396 1411 1452 diluvium
1441 1400 1671 1454 homines
1702 1400 1804 1454 sint
1840 1402 2018 1456 creati.

621 1487 825 1545 Areu.
856 1522 916 1534 ——
951 1491 1240 1563 Suspectae
1271 1495 1566 1549 audientize
1608 1505 1692 1552 est
1726 1496 2008 1564 praeterire
2035 1512 2154 1567 quae

557 1594 882 1652 permovent
917 1599 930 1638 :
978 1601 1104 1640 nam
1137 1588 1181 1640 si
1226 1587 1370 1642 Deus
1403 1597 1455 1642 et
1489 1588 1838 1658 itnpassibilis
1878 1597 1932 1643 et
1982 1588 2157 1644 bonus

557 1688 662 1745 est,
694 1679 1153 1748 quemadmodum
1181 1695 1324 1736 nunc
1346 1692 1400 1737 et
1422 1683 1592 1737 iratus
1618 1692 1709 1737 aut
1734 1683 2016 1739 vindicans
2043 1680 2156 1738 est?

551 1771 632 1826 ira
651 1772 801 1826 enim
833 1774 1152 1841 passibilem
1184 1775 1484 1846 significat,
1515 1777 1651 1831 ultio
1677 1777 1897 1831 malum.

2253 555 2439 612 orbem
2474 575 2675 630 sparsm
2703 565 2847 625 sunt,
2872 569 3074 630 gentes,
3101 559 3282 630 lingua
3313 553 3581 613 dividitur
3609 557 3841 630 singulo-

2255 669 2394 720 rum,
2429 664 2482 708 et
2529 655 2580 707 in
2613 669 2782 722 opere
2816 649 3241 718 ferventissimo,
3275 651 3382 706 hoc
3431 661 3645 705 tantum
3697 665 3844 706 unus-

2253 748 2482 818 quisque
2511 746 2783 818 loquitur,
2823 745 2964 816 quod
3005 747 3151 802 solus
3203 744 3474 815 intelligit.
3532 741 3670 798 Cum
3707 743 3842 798 enini

2255 841 2309 895 in
2335 841 2701 897 exstrutztione
2718 841 2938 897 sceleris
2958 855 3240 911 persevera
3251 847 3334 894 ret
3352 838 3606 900 audacia.
3629 846 3846 907 repente

2257 934 2510 989 nesciunt
2559 943 2754 1004 rogare
2802 944 3118 1004 poscentes,
3149 926 3374 986 obedire
3415 932 3670 986 nesciunt
3701 928 3849 984 mini-

2257 1037 2512 1095 strantes,
2545 1039 2596 1083 et
2623 1044 2742 1098 qum
2772 1025 3119 1086 molientibus
3159 1029 3307 1084 velut
3349 1027 3662 1082 necessaria
3713 1026 3847 1096 inge-

2257 1131 2467 1186 runtur,
2502 1123 2730 1178 adversa
2783 1132 2928 1177 sunt.
2986 1122 3077 1178 Sic
3125 1129 3232 1177 non
3291 1135 3476 1191 paena,
3522 1119 3621 1175 sed
3676 1118 3844 1187 tzedio,

2256 1225 2433 1286 empta
2459 1215 2795 1287 linquuntur,
2825 1223 2881 1271 ut
2905 1214 3180 1273 miraculis
3207 1215 3273 1269 ad
3304 1228 3502 1270 omnes
3531 1219 3714 1283 postea
3736 1227 3847 1267 cum

2257 1317 2482 1378 stupore
2511 1307 2743 1364 formido
2782 1310 2898 1366 sine
2920 1308 3169 1380 snpplicii
3201 1303 3517 1380 perveniret
3566 1303 3846 1373 exemplo;

2258 1418 2381 1458 cum
2412 1419 2570 1471 quam
2601 1401 2671 1458 ob
2692 1417 2911 1458 causnm
2945 1404 3139 1474 linguae
3171 1401 3367 1479 prioris
3398 1401 3652 1454 notitiam
3687 1393 3850 1468 perdi-

2259 1497 2448 1565 disset,
2471 1498 2619 1569 genti
2641 1514 2752 1552 suze
2781 1499 2833 1552 in
2876 1512 3038 1568 quam
3063 1495 3338 1552 sermonis
3362 1494 3667 1549 novitatem
3692 1501 3852 1546 trans~

2261 1591 2420 1655 ierat,
2452 1593 2822 1663 unusquisque
2853 1597 3121 1646 narraret.

2332 1683 2439 1740 Sed
2473 1683 2599 1755 quid
2648 1681 2873 1756 prodest
2915 1683 3138 1738 crimina
3182 1682 3385 1738 texisse
3427 1679 3678 1736 diluvio?
3725 1677 3852 1748 Quid

2262 1780 2400 1838 hanc
2420 1780 2646 1836 insania:
2671 1779 2974 1835 machinam
3008 1775 3341 1848 indulgentia
3365 1775 3733 1842 destruxisse,
3759 1789 3853 1830 non

625 1864 827 1920 ZACCH.
853 1896 922 1907 —-—
944 1863 1157 1938 )Equus
1185 1869 1552 1925 humanorum
1580 1880 1798 1925 actuum
1823 1871 1968 1926 Deus
1992 1869 2154 1941 judex
2189 1871 2234 1932 B
2266 1877 2452 1950 βαδιιεῖ
2471 1877 2612 1932 Ecce
2634 1871 3101 1940 iterum,ohomo,
3119 1873 3171 1927 in
3195 1869 3571 1943 Deiinjttriam
3595 1871 3854 1926 elementa

551 1968 669 2023 est,
698 1962 787 2030 qui
821 1961 1007 2018 reddit
1032 1965 1188 2020 bonis
1216 1967 1460 2035 przeinia,
1486 1966 1643 2021 malis
1669 1981 1882 2036 poenam
1909 1985 1921 2021 :
1951 1968 2156 2034 bonus,

554 2065 677 2107 cum
711 2054 999 2122 retribuit;
1042 2072 1162 2111 cum
1206 2058 1444 2114 vindicat
1470 2103 1484 2126 ,
1511 2061 1712 2129 justus.
1748 2059 1900 2116 Unde
1938 2061 2014 2114 ira
2051 2076 2157 2118 non

493 2135 499 2141 ’
555 2147 875 2215 passibilem
901 2149 1206 2219 significat,
1238 2153 1333 2207 sed
1371 2153 1765 2224 improbantem
1790 2171 1803 2220 ;
1833 2166 2016 2210 etnon
2047 2171 2160 2211 ma-

549 2239 667 2296 lum
698 2241 934 2299 vindicta
955 2286 969 2311 ,
1000 2245 1096 2301 sed
1123 2245 1352 2316 justum.

1131 2337 1361 2396 CAPUT
1403 2339 1568 2396 XVII.

1018 2432 1169 2490 Unde
1189 2438 1345 2507 origo-
1364 2434 1692 2495 Judazorum.

626 2524 824 2582 APOLL.
860 2557 930 2567 -—
959 2525 1278 2584 Cedendum
1322 2539 1405 2585 est
1447 2534 1774 2589 reverentia:
1819 2534 2120 2592 divinitatis
2144 2579 2159 2605 ,

553 2618 792 2673 maxime
813 2633 935 2674 cum
969 2621 1072 2676 hoc
1098 2637 1316 2694 semper
1345 2624 1493 2679 credi
1527 2625 1593 2682 de
1626 2626 1738 2682 Deo
1765 2628 1984 2693 debeat,
2011 2627 2159 2699 quod

551 2721 654 2779 pro
685 2709 899 2766 honore
923 2714 995 2767 sit
1020 2713 1266 2784 dignum.
1300 2715 1460 2772 Unde
1499 2719 1564 2771 ad
1596 2731 1919 2790 suspensum
1960 2722 2162 2776 articu-

551 2797 666 2855 lum
692 2804 1057 2860 narrationem
1089 2807 1364 2864 reducens
1386 2855 1399 2878 ,
1435 2811 1897 2880 quemadmodum
1927 2824 2054 2884 post
2081 2813 2161 2870 di-

547 2889 760 2947 luvium
808 2896 891 2951 vel
947 2895 1073 2952 facti
1125 2899 1378 2955 homines
1423 2899 1510 2956 vel
1557 2902 1664 2957 nati
1710 2903 1854 2971 sint,
1904 2903 2160 2962 siauditu

554 2985 779 3059 dignum
811 2999 925 3056 est,
958 2993 1252 3049 consultus
1283 3011 1515 3066 expone.

625 3079 826 3140 Zaccn.
860 3116 934 3128 —
962 3085 1193 3158 Dignum
1222 3090 1378 3159 plane
1431 3091 1528 3146 Dei
1579 3107 1710 3164 erga
1759 3109 1858 3148 nos
1888 3094 1958 3149 ab
2005 3093 2162 3150 initio

554 3177 793 3246 pandere
824 3179 1168 3249 medicinam,
1199 3193 1253 3237 et
1296 3193 1418 3252 post
1466 3184 1727 3241 diluvium
1779 3197 2055 3245 servatum
2107 3187 2158 3244 in

2264 1970 2570 2037 confundis,
2601 1967 2860 2023 honorem
2906 1974 2961 2023 et
3002 1967 3206 2022 cultum
3239 1963 3529 2020 invisibilis
3565 1957 3856 2035 majestatis

2263 2061 2330 2116 ad
2381 2059 2628 2117 visibiles
2679 2058 3011 2115 transferens
3047 2069 3344 2115 creaturas.
3401 2055 3459 2112 Si
3519 2054 3854 2112 altitudinem

2263 2155 2514 2225 suspicis,
2553 2156 2694 2209 Deus
2725 2169 2887 2224 supra
2910 2162 3023 2217 est;
3050 2153 3095 2206 si
3124 2150 3561 2222 magnitudinem
3582 2193 3597 2218 ,
3637 2148 3724 2202 ille
3759 2149 3853 2204 im-

2266 2247 2527 2313 mensior,
2560 2247 2756 2318 ubique
2783 2257 2864 2301 est
2890 2265 2903 2311 ;
2935 2247 2979 2301 si
3011 2243 3359 2316 splendorem
3385 2242 3546 2316 (Sap.
3574 2249 3696 2306 xitt,
3723 2235 3852 2313 3—5),

2264 2340 2492 2397 Creator
2512 2353 2595 2397 est
2624 2341 2846 2407 clarior,
2877 2351 2931 2397 et
2957 2342 3046 2412 qui
3082 2339 3210 2396 fecit
3240 2338 3481 2408 speciem
3512 2351 3738 2391 necesse
3783 2345 3856 2391 est

2267 2435 2367 2490 hac
2398 2435 2596 2489 virtute
2624 2449 2655 2488 a
2681 2449 2740 2489 se
2782 2433 2918 2489 facta
2959 2431 3232 2504 praecedat
3267 2448 3279 2484 :
3313 2430 3386 2484 sit
3430 2437 3715 2501 postremo
3752 2426 3856 2482 bazc

2266 2528 2408 2584 inter
2440 2527 2754 2582 Creatorem
2779 2535 3195 2596 creaturamque
3225 2523 3515 2589 distantia,
3559 2533 3618 2577 ut
3658 2521 3738 2576 sic
3767 2517 3854 2574 ad-

2267 2619 2612 2675 mirationem
2656 2635 2776 2692 quae
2815 2617 3092 2674 cernimus
3140 2617 3414 2684 habeant,
3466 2623 3527 2670 ιιι
3556 2629 3619 2671 ea
3651 2627 3767 2684 qu:e
3795 2607 3854 2666 ob

2267 2712 2612 2783 majestatcm
2645 2711 2834 2767 videre
2887 2725 2993 2766 non
3041 2725 3354 2781 possumus,
3402 2723 3527 2764 cum
3563 2703 3854 2763 reverentia

2266 2823 2372 2861 non
2405 2808 2681 2860 amittant.

2831 2899 3060 2958 CAPUT
3100 2898 3282 2956 XVIII.

2269 2997 2447 3066 Quare
2479 3007 2591 3068 post
2620 2997 2960 3072 egressionem
2987 2995 3212 3070 Αἴθρη)ιὶ
3248 2997 3301 3049 in
3343 3003 3516 3049 eremo
3546 2985 3692 3046 ducti
3728 2997 3853 3055 sunt,

2771 3091 2850 3145 vel
2879 3107 2972 3145 cur
3001 3089 3110 3144 Lex
3136 3089 3261 3141 data
3286 3089 3372 3143 sit.

2337 3185 2539 3243 APOLL.
2569 3183 2721 3241 —Si
2755 3185 2951 3238 horum
2993 3199 3114 3256 quae
3149 3181 3346 3238 recolis
3398 3177 3538 3237 iides
3584 3195 3714 3236 vera
3759 3187 3852 3243 est,

555 3268 667 3325 N00
693 3271 913 3328 humani
959 3276 1180 3345 generis
1224 3292 1416 3332 semen
1450 3295 1796 3348 expromere,
1847 3291 2009 3352 atque
2038 3282 2161 3340 hinc
2189 3273 2236 3338 C
2270 3276 2633 3333 inresumabili
2667 3274 2827 3331 modo
2876 3275 2966 3330 Dei
3023 3289 3148 3343 erga
3190 3273 3465 3340 homines,
3501 3288 3569 3326 ac
3603 3271 3724 3326 sine
3757 3271 3853 3323 line

557 3368 868 3435 progeniem
901 3369 1118 3424 venisse
1149 3386 1244 3440 per
1266 3382 1542 3442 posteros,
1581 3390 1686 3429 non
1712 3375 1872 3444 iactis
1905 3385 2026 3446 post
2050 3387 2160 3431 ter-

557 3476 683 3530 gum
717 3462 984 3532 lapidibus
1014 3467 1203 3535 puerili
1236 3467 1399 3522 modo
1449 3467 1838 3525 Deucalionem
1874 3471 2166 3544 Pyrrham-

555 3571 664 3626 que
691 3559 1025 3629 confingere.
1061 3561 1246 3633 Itaque
1273 3574 1416 3618 terra
1447 3561 1652 3619 diluvio
1683 3565 1851 3634 eluta,
1900 3563 2014 3621 Noe
2045 3577 2163 3622 tan-

557 3658 697 3716 tum,
725 3655 850 3723 quia
880 3655 1029 3708 solus
1053 3655 1234 3725 justus
1258 3657 1506 3712 inventus
1536 3660 1626 3725 sit,
1660 3659 1722 3710 ad
1761 3660 2163 3730 propagandum

559 3737 858 3799 humanum
888 3762 1059 3816 genus
1089 3763 1210 3802 curn
1249 3752 1503 3820 progenie
1531 3750 1556 3788 ιι
1601 3763 1942 3819 reservatur;
1978 3755 2166 3811 mortis

561 3845 741 3891 tamen
774 3838 954 3894 adhuc
983 3840 1127 3895 sicut
1173 3860 1315 3898 nunc
1359 3855 1616 3900 manente
1656 3849 1924 3902 sententia
1947 3890 1962 3914 ,
1997 3855 2054 3904 ιιι
2097 3865 2162 3906 ex

561 3929 758 3984 merito
785 3935 1218 3990 conversationis
1245 3951 1366 3991 cum
1412 3940 1814 3996 resurrectione
1846 3941 2168 3998 immortali-

561 4029 644 4075 tas
675 4021 1018 4080 redderetur.
1067 4024 1416 4096 Aliquamdiu
1465 4031 1605 4099 apud
1657 4031 1905 4089 homines
1939 4037 2165 4103 justitiac

561 4109 733 4168 forma
759 4115 995 4183 duravit,
1025 4127 1078 4173 et
1106 4119 1341 4191 exempli
1375 4124 1637 4178 menzoria
1671 4127 1838 4195 viguit
1859 4127 2161 4200 disciplina,

559 4222 622 4261 ac
655 4209 968 4265 reverentia
1003 4225 1215 4268 terrore
1243 4225 1458 4269 servata
1493 4227 1596 4272 est.
1633 4216 1738 4274 Sed
1772 4217 1911 4274 sicut
1949 4235 2166 4291 semper

565 4299 722 4374 longa
758 4305 1095 4374 prosperitas
1124 4322 1189 4362 ex
1220 4307 1548 4363 abundantia
1574 4313 1945 4380 securitatem,
1977 4330 2044 4370 ex
2076 4331 2166 4372 se-

560 4392 792 4450 curitate
821 4395 1194 4466 abolitionem,
1229 4417 1292 4454 ex
1340 4401 1634 4459 abolitione
1664 4404 1980 4461 abusionem
2012 4423 2165 4464 crea-

560 4489 666 4555 vit;
697 4490 846 4545 obiiti
879 4502 1079 4549 metum
1112 4494 1508 4554 obliviscuntur
1539 4511 1839 4570 auctorem,
1868 4515 1922 4560 et
1961 4522 1988 4557 a
2021 4507 2165 4563 vitiis

565 4580 619 4635 in
651 4579 930 4653 sacrilegia
961 4587 1333 4657 proruperunt
1367 4590 1513 4662 :jam
1553 4607 1655 4648 nec
1710 4596 1867 4650 terris
1916 4595 2162 4654 habitare

2269 3373 2526 3444 patientia
2579 3379 2683 3426 est.
2737 3370 2843 3426 Sed
2893 3369 3150 3440 quoniam
3183 3381 3353 3436 Opere
3396 3366 3568 3420 turris
3600 3365 3852 3426 obmisso,

2267 3485 2365 3539 per
2391 3483 2609 3524 omnem
2641 3474 2843 3522 terram
2874 3473 3065 3536 gentes
3098 3471 3118 3500 ο
3154 3459 3661 3530 factaslinguarum
3691 3457 3856 3512 diver-

2267 3564 2427 3618 sitate
2472 3557 2827 3623 memorasti;
2874 3554 3334 3630 quemadmodum
3374 3569 3502 3608 cum
3539 3549 3726 3624 Moyse
3765 3549 3851 3606 Ju-

2268 3659 2508 3712 darorum
2549 3654 2884 3725 subrepserit
2929 3664 3114 3716 secta;
3169 3663 3260 3704 aut
3311 3665 3475 3719 quam
3527 3649 3600 3702 ob
3649 3659 3853 3702 causam

2269 3759 2348 3805 tot
2388 3747 2715 3803 saeculorum
2765 3743 3102 3815 temporibus
3154 3742 3462 3811 absumptis
3531 3739 3667 3794 latio
3738 3737 3854 3807 legis

2268 3841 2582 3910 emerserit,
2614 3857 2734 3895 cum
2767 3838 3008 3892 hominis
3037 3835 3294 3892 sensibus
3319 3831 3652 3888 naturaliter
3679 3831 3765 3887 lex
3786 3830 3850 3884 itt-

2267 3947 2410 3992 serta
2435 3937 2523 4000 sit,
2560 3936 2605 3990 si
2635 3933 2868 3989 facultas
2895 3930 3139 3988 scientia:
3167 3939 3275 4000 est,
3303 3939 3533 4002 arrepto
3567 3927 3763 3984 ordine
3786 3925 3854 3982 itt-

2266 4035 2558 4100 gravanter
2584 4027 2862 4096 eloquere.

2339 4121 2542 4178 ΖΑεοιι.
2575 4150 2646 4160 -
2676 4119 2719 4174 Α
2754 4120 2932 4189 primo
2979 4116 3204 4172 liomine
3235 4131 3406 4187 usque
3448 4113 3518 4171 ad
3567 4112 3714 4186 quod
3757 4107 3855 4168 dixi

2271 4229 2506 4290 tempus,
2534 4233 2631 4288 per
2660 4213 3071 4271 successionum
3103 4209 3329 4284 gradus,
3365 4211 3462 4267 Dei
3500 4211 3694 4266 notitia
3723 4212 3855 4264 tenta

2267 4323 2379 4378 est;
2417 4313 2503 4368 lex
2533 4323 2714 4366 autem
2747 4307 2852 4364 etsi
2885 4322 2988 4362 non
3038 4306 3240 4375 scripta
3283 4305 3523 4371 litteris,
3558 4305 3703 4359 sicut
3753 4305 3856 4374 ipse

2271 4405 2549 4474 professus
2575 4418 2663 4469 es,
2695 4401 2951 4456 sensibus
2977 4409 3096 4454 erat
3128 4399 3334 4452 inserta
3370 4393 3704 4452 naturaliter
3730 4415 3740 4448 :
3771 4383 3856 4450 sed

2267 4507 2554 4568 postquam
2587 4494 2889 4550 abolitione
2937 4503 3168 4564 utraque
3211 4493 3537 4556 cesserunt,
3593 4489 3852 4545 Abraham

2269 4591 2350 4644 vir
2383 4591 2505 4644 lidei
2530 4589 2824 4660 singularis
2847 4583 3089 4659 eligitur,
3113 4603 3273 4658 quem
3306 4596 3521 4656 patrem
3559 4585 3723 4639 totius
3749 4598 3854 4638 cre-

561 4676 824 4743 contenti,
857 4684 1135 4749 tamquam
1162 4661 1444 4738 ascensuri
1478 4684 1676 4740 omium
1724 4698 2009 4744 exstruunt
2039 4698 2158 4745 tur-
2191 4661 2241 4730 Ῐ)
2266 4683 2507 4738 dulitatis
2530 4683 2600 4738 ob
2630 4681 2731 4736 hoc
2755 4683 3007 4736 meritum
3039 4675 3179 4735 Deus
3207 4679 3422 4746 statuit,
3452 4677 3600 4749 quod
3636 4678 3850 4748 printunt

563 4777 702 4828 rem,
734 4774 788 4819 et
810 4767 1086 4823 hominum
1120 4787 1280 4828 manu
1312 4773 1534 4830 nubium
1562 4777 1708 4832 celsa
1735 4791 2091 4836 tenterantur.
2118 4783 2162 4840 Ο

561 4855 953 4925 inexplicabilis
979 4861 1190 4920 bonitas
1215 4864 1334 4936 Dei,
1382 4877 1440 4922 et
1490 4870 1642 4936 nulli,
1692 4881 1748 4925 ut
1796 4873 2017 4944 dignum
2055 4884 2158 4943 est,

562 4949 862 5022 eloquenda
902 4957 1213 5013 miseratio!
1267 4961 1375 5016 Deo
1405 4977 1510 5017 non
1558 4963 1780 5021 obedire
1828 4983 1974 5024 mors
2018 4970 2162 5040 justa

563 5055 670 5115 est,
700 5057 753 5102 et
781 5047 872 5103 Dei
904 5049 1085 5106 sedem
1115 5058 1388 5125 appetisse
1416 5058 1706 5128 impunitas
1733 5059 1851 5116 fuit.

635 5141 852 5199 Intuere
893 5145 1090 5202 divinze
1143 5149 1446 5207 clementire
1495 5153 1768 5212 lenitatem
1823 5176 1833 5211 :
1890 5160 2165 5215 temerarii

567 5251 671 5291 non
703 5237 996 5308 puniuntur
1019 5240 1070 5294 in
1103 5245 1332 5309 scelere,
1375 5247 1468 5300 sed
1515 5247 1584 5302 ab
1628 5249 1839 5308 scelere
1883 5249 2163 5308 deducun—

563 5337 684 5397 tur;
715 5341 769 5386 et
794 5331 882 5388 ubi
905 5334 1098 5389 saevire
1121 5335 1300 5390 debuit
1329 5338 1556 5395 eteIeSIe
1578 5340 1863 5412 judicium,
1898 5353 2162 5414 praestan-

564 5431 651 5476 tur
681 5421 832 5494 signa
866 5424 1150 5482 virtutum.
1189 5428 1414 5499 insuper
1442 5433 1772 5500 ptenitentia:
1806 5436 1888 5495 via
1918 5443 1973 5491 et
2004 5433 2162 5494 intel-

562 5514 733 5570 lectus
762 5518 1040 5587 aperitur;
1074 5536 1194 5576 nam
1225 5538 1348 5577 cum
1377 5535 1522 5580 esset
1570 5526 1749 5584 adhuc
1795 5544 1862 5586 eo
1913 5540 2160 5601 tempore

633 5689 658 5717 ιι
686 5681 901 5751 Optima
931 5685 1093 5740 lectio
1123 5688 1244 5757 eod.
1276 5686 1334 5743 S.
1371 5690 1504 5742 Arn.
1531 5731 1547 5756 ,
1582 5704 1742 5757 quam
1781 5707 1878 5745 cur
1906 5692 1959 5747 iu
1999 5706 2144 5746 mar-

562 5754 744 5835 ginem
781 5757 1046 5835 {tenerius
1074 5755 1341 5835 ablegarit
1363 5803 1389 5835 ,Α
1412 5770 1470 5814 ιιι
1498 5754 1789 5830 reponeret
1817 5767 1970 5835 cujus
1990 5805 2003 5826 ,
2037 5779 2142 5819 non

567 5825 756 5898 video.
790 5826 843 5881 In
873 5825 1227 5898 sequentibus
1259 5842 1339 5885 tot
1371 5831 1482 5887 fere
1511 5825 1802 5888 occurrunt
1834 5825 1998 5890 variae
2035 5835 2146 5890 iec-

562 5895 742 5969 tiones
763 5938 784 5979 ρ
807 5909 942 5982 quot
957 5895 1158 5978 verba,
1190 5904 1288 5968 sed
1318 5919 1440 5994 quae
1468 5904 1674 5979 nullius
1702 5914 1834 5980 sunt
1863 5908 2144 5983 momenti,

2269 4775 2748 4832 incunctabundus
2795 4775 3056 4840 domum,
3110 4771 3342 4845 patriam
3418 4767 3852 4842 propinquosque

2267 4886 2363 4941 per
2391 4869 2733 4925 vocationem
2772 4865 2896 4932 Dei,
2927 4867 2994 4922 ad
3025 4868 3205 4938 ignota
3235 4872 3291 4920 et
3319 4861 3613 4935 peregrina
3669 4865 3849 4926 iturus,

2268 4963 2517 5034 reliquit;
2555 4979 2622 5018 ne
2648 4961 2897 5018 servituti
2929 4959 3194 5015 idolorum
3230 4951 3439 5026 degens
3488 4958 3634 5013 inter
3675 4951 3850 5027 proxi-

2269 5073 2386 5112 mos
2415 5055 2724 5123 dederetur,
2755 5067 2806 5112 et
2836 5055 3066 5126 gratiam
3108 5047 3230 5106 fidei
3267 5061 3430 5123 quam
3461 5051 3571 5121 jam
3611 5049 3852 5105 mereba-

2269 5160 2358 5205 tur
2387 5157 2442 5205 et
2472 5151 2589 5205 erat
2615 5159 2898 5216 aucturus,
2953 5143 3261 5210 amitteret,
3293 5154 3388 5198 aut
3427 5155 3584 5201 certe
3629 5142 3851 5215 tepidius

2265 5247 2537 5301 retineret
2570 5264 2582 5302 :
2614 5245 2666 5302 in
2699 5260 2795 5300 sua
2825 5235 3022 5300 iterum
3052 5252 3107 5298 et
3133 5237 3325 5295 uxoris
3348 5247 3637 5294 senectute
3661 5245 3854 5308 postre-

2265 5357 2373 5409 ma,
2415 5339 2527 5412 jam
2557 5341 2816 5396 membris
2851 5355 2946 5411 per
2977 5347 3193 5394 aetatem
3229 5323 3566 5407 frigentibus
3586 5374 3599 5396 ,
3630 5329 3854 5386 nascitu-

2264 5452 2382 5491 rum
2417 5437 2518 5489 sibi
2553 5435 2745 5500 iiiium,
2791 5433 2917 5501 quia
2945 5435 3050 5486 hoc
3081 5429 3128 5486 ei
3178 5427 3323 5484 Deus
3356 5422 3726 5498 prmnisisset.
3757 5429 3852 5478 non

2264 5529 2613 5602 desperavit,
2672 5525 2908 5582 credens
2965 5533 3173 5578 natura:
3230 5515 3618 5576 difficultatem
3667 5517 3851 5574 divina:

2321 5688 2348 5727 δ
2388 5687 2479 5744 Sic
2508 5689 2559 5742 iu
2587 5685 2751 5744 codd.
2789 5683 2948 5742 Vind.
2978 5691 3035 5741 et
3066 5681 3254 5743 Lem.;
3297 5679 3353 5734 in
3385 5678 3550 5734 editis
3581 5683 3847 5738 reservato,

2256 5759 2492 5888 "hyeme
2519 5846 2732 5902 quoque
2761 5829 2935 5902 codd.
2961 5823 3111 5902 Vind.
3155 5832 3210 5880 et
3247 5817 3406 5878 Lem.
3458 5819 3770 5892 sequimur;
3799 5815 3847 5897 in

2250 5903 2428 5992 priori
2455 5900 2721 5978 editione,
2757 5905 2898 5980 facta
2926 5900 3226 5978 legebatur.
