4060 6344
226 327 365 385 9085

1439 324 2063 386 CONSULTATIONUM
2102 329 2232 387 LIB.
2264 324 2307 386 ἱ.

3382 331 3526 389 1086

222 449 548 516 spensionis
584 448 957 518 possibilitate
1008 447 1328 502 vincendam
1378 465 1390 500 :
1435 462 1595 517 quem
1644 456 1830 516 postea
1860 444 1910 507 Α
1939 447 2106 517 tisper
2137 446 2435 502 similitudo
2481 446 2717 509 veritati,
2751 446 3029 521 signisque
3087 446 3406 520 phantasia;
3439 450 3533 505 sed

222 553 350 595 cum
380 547 535 595 esset
564 542 615 595 ei
648 541 862 608 unicus,
901 541 994 594 Dei
1046 540 1205 607 jussu
1231 540 1555 595 credendum
1599 554 1707 594 arte
1750 539 1836 593 in-

222 639 562 687 cunctanter
602 634 887 696 admovit;
950 641 1216 702 prtcstare
1263 632 1496 700 amplius
1545 630 1828 696 Creatori,

224 737 393 792 quam
426 722 645 779 aliectui
679 722 930 789 studens,
962 724 1234 793 simulque
1263 722 1545 779 confidens
1577 724 1737 777 etiam
1765 719 1834 777 de

225 819 504 873 ambustis
536 818 817 873 cineribus
846 818 1001 881 reddi
1031 818 1136 873 sibi
1166 818 1436 888 integrum
1464 833 1649 888 posse,
1672 830 1833 887 quem

226 910 324 967 Dei
358 925 530 967 causa
564 912 703 981 ignis
744 911 1019 965 hausisset
1062 919 1111 964 ι.
1152 910 1351 965 Verum
1391 926 1682 981 numquam
1717 926 1835 966 cre-

220 1004 495 1059 dentibus
522 1004 657 1059 dura
682 1004 962 1067 divinitas,
990 1018 1097 1057 non
1143 1004 1324 1058 orbari
1366 1003 1723 1058 lectissimum
1756 1004 1835 1056 vi.

225 1112 353 1151 rum
388 1111 552 1165 passa
595 1104 699 1158 est.
732 1096 826 1150 sed
869 1104 1073 1150 tantum
1109 1096 1359 1166 probari;
1394 1110 1519 1150 nam
1572 1099 1674 1150 sub
1723 1094 1834 1150 ictu

221 1189 399 1259 gladii
430 1190 541 1258 jam
569 1189 792 1259 jamque
814 1188 1061 1244 ferientis
1091 1189 1320 1245 arietem
1347 1188 1579 1257 subjecit
1604 1189 1833 1253 intento,

226 1280 470 1336 hostiam
502 1283 775 1337 mitiorem
804 1298 819 1347 ;
848 1292 904 1337 ut
955 1294 1010 1336 et
1048 1282 1252 1352 absque
1284 1282 1503 1351 pietatis
1544 1280 1836 1350 dispendio

220 1376 461 1431 (levatio
506 1379 913 1447 compleretur,
962 1386 1011 1432 et
1045 1377 1401 1432 nihilominus
1440 1377 1665 1449 gratiam
1712 1376 1834 1432 ﬁdei

224 1472 536 1541 acciperet,
572 1471 663 1541 qui
686 1471 856 1527 Deum
882 1471 1095 1527 ali'ectni
1123 1472 1472 1541 praetulisset.

302 1564 427 1618 Tali
482 1565 645 1635 igitur
694 1564 1019 1620 credulitate
1070 1565 1491 1634 promissionem
1559 1562 1838 1617 afﬂuentis

226 1667 397 1713 terrae
444 1666 702 1712 secuturo
747 1658 942 1711 semini
975 1660 1202 1723 meruit,
1250 1657 1540 1713 etJudaici
1585 1658 1838 1726 princeps

226 1752 422 1822 populi
473 1750 954 1805 circumcisione!“
996 1751 1204 1820 primus
1244 1752 1477 1821 accepit.
1527 1750 1643 1805 Non
1689 1749 1833 1819 quod

1937 540 2107 593 obniti
2158 550 2447 609 utcumque
2490 538 2852 608 permittitur,
2906 554 3012 594 non
3064 549 3125 594 ut
3171 539 3527 610 profanorum

1940 633 2141 688 falsitas
2187 634 2453 699 vinceret,
2486 631 2578 688 sed
2605 642 2665 688 ut
2712 631 2810 689 Dei
2840 628 3016 689 virtus
3063 635 3223 689 latius
3269 636 3534 693 eluceret.

1936 727 2068 781 Nam
2099 742 2219 783 cum
2253 730 2526 799 plagarum
2558 726 2906 785 diversitates
2931 730 2983 784 in
3012 745 3176 785 causa
3220 728 3355 800 signi
3398 733 3541 787 sicut

1937 821 2112 874 Moses
2145 816 2397 886 faciebat,
2432 820 2573 876 idem
2609 836 2824 894 quoque
2870 822 3047 878 facere
3079 822 3417 895 viderentur,
3454 842 3539 881 re-

1936 929 2131 967 vocare
2162 930 2266 969 non
2300 925 2549 984 poterant
2602 916 2745 986 quod
2795 916 3077 973 fecissent.
3130 918 3197 974 Et
3228 920 3367 975 sicut
3420 921 3539 980 huic

1936 1016 2277 1061 monstruosa
2311 1009 2537 1063 scientia
2560 1008 2719 1074 solet,
2753 1022 2951 1064 nocere
2985 1022 3274 1083 noverant,
3308 1024 3539 1068 succur-

1937 1115 2061 1156 rere
2092 1101 2445 1165 nesriebant;
2490 1102 2755 1157 malorum
2787 1118 2910 1173 qua:
2943 1102 3045 1173 ipsi
3084 1102 3384 1159 intulerant
3414 1119 3538 1159 ces-

1939 1195 2205 1249 sationem
2237 1196 2402 1251 abeo
2444 1208 2660 1250 rursum
2703 1211 2862 1267 quem
2913 1197 3115 1252 imitari
3162 1198 3541 1264 conabantur,

1940 1298 2179 1343 orantes.
2204 1285 2293 1344 Sic
2316 1288 2380 1341 ad
2404 1299 2706 1343 extremum
2728 1289 3007 1346 dimittere
3026 1289 3049 1326 ά
3076 1291 3339 1360 populum
3363 1294 3415 1345 vi
3442 1291 3544 1346 ini-

1937 1379 2262 1434 mitabilinm
2304 1382 2582 1450 signorum
2634 1391 2689 1436 et
2737 1381 3198 1451 impossibilitatis
3247 1400 3360 1439 sua:
3411 1398 3543 1439 con-

1938 1472 2177 1526 fessione
2216 1471 2484 1540 compulsi
2546 1480 2696 1527 sunt.
2756 1472 3135 1529 Admonenlur
3184 1474 3282 1530 Dei
3334 1475 3544 1548 judicio

1939 1565 2237 1636 profecturi
2287 1564 2666 1622 celebritatem
2714 1566 2901 1637 gaudii
2946 1568 3046 1623 sub
3086 1567 3237 1625 brevi
3288 1570 3548 1626 simulare

1940 1660 2220 1726 discessu,
2282 1668 2338 1713 et
2386 1657 2453 1713 ad
2502 1670 2756 1713 ornatum
2805 1660 3115 1717 absentium
3154 1662 3549 1718 solemniorum

1942 1753 2238 1820 impetrare
2268 1752 2544 1823 hospitum
2588 1766 2842 1819 censum,
2892 1754 3255 1825 eumdemque
3286 1770 3387 1826 pro
3432 1756 3553 1813 diu-

226 1843 560 1916 pra-putiutn
606 1843 832 1919 justitize
862 1843 1251 1913 praejudicaret
1288 1852 1379 1898 aut
1411 1842 1564 1908 fidei,
1599 1844 1685 1898 vel
1732 1842 1831 1897 ali-
1868 1836 1916 1896 B
1943 1844 2088 1897 turni
2124 1844 2330 1898 laboris
2362 1846 2562 1898 merito
2608 1845 2892 1911 retinere;
2930 1860 3034 1899 non
3087 1844 3295 1901 fraudis
3343 1847 3549 1912 studio,

228 1935 365 2003 quid
391 1934 730 2001 superﬂuum
758 1936 808 1988 in
826 1935 1045 1989 homine
1063 1936 1202 1989 Deus
1225 1946 1488 1996 creasset,
1514 1936 1655 2006 quod
1682 1944 1833 2005 post.

230 2043 295 2081 ea
340 2028 561 2095 jnberet
599 2027 885 2092 abscindi;
932 2030 1028 2082 sed
1074 2034 1133 2081 ut
1181 2028 1321 2081 inter
1358 2030 1492 2082 alias
1530 2036 1718 2097 gentes
1765 2028 1838 2082 εἰς

224 2120 472 2190 gnaculo
497 2120 743 2189 corporis
772 2121 929 2175 electi
966 2120 1064 2174 viri
1098 2120 1318 2174 soboles
1350 2131 1685 2175 nosceretur.

300 2212 494 2282 Itaque
520 2212 679 2281 plebs
711 2212 902 2266 eadem
927 2213 998 2266 ob
1030 2212 1268 2280 inepiam
1306 2227 1491 2267 earum
1515 2228 1648 2281 quas
1680 2212 1835 2265 inita-

226 2307 761 2377 bitabatreginnum
810 2309 1011 2362 transit
1046 2307 1102 2362 in
1147 2306 1444 2378 Egyptum
1488 2327 1501 2362 :
1545 2324 1649 2362 non
1690 2306 1836 2376 quod

230 2400 320 2454 bis
364 2400 511 2454 Deus
531 2414 877 2470 quocumque
900 2400 1003 2453 loci
1028 2410 1295 2470 praistare
1318 2400 1703 2454 abundantiam
1728 2414 1835 2453 non

231 2494 472 2557 valeret;
507 2494 600 2547 sed
634 2503 691 2545 ut
721 2508 935 2547 rursum
958 2492 1258 2548 educturus
1287 2509 1351 2548 ex
1382 2493 1640 2564 Egypto,
1666 2508 1837 2562 quan-

231 2594 317 2639 tus
350 2596 499 2639 esset
530 2584 871 2639 mirabilibus
918 2585 1197 2641 edoceret.
1244 2585 1327 2639 Fit
1370 2600 1601 2656 magnus
1643 2601 1708 2641 ex
1738 2585 1837 2641 hac

231 2678 496 2749 progenie
525 2680 778 2748 populus,
804 2690 860 2734 et
889 2694 1059 2749 usque
1089 2678 1154 2733 ad
1188 2680 1443 2733 invidiam
1477 2679 1839 2734 multitudinis

228 2758 481 2841 paucitas
504 2774 738 2836 crescit;
766 2774 834 2825 ita
860 2786 915 2825 ut
943 2787 1064 2826 cum
1095 2774 1198 2829 sibi
1233 2774 1611 2843 praevalituros
1634 2775 1840 2845 Egyp-

229 2868 290 2921 tii
323 2868 705 2935 formidarent,
757 2879 1031 2939 tamquam
1064 2868 1262 2923 debitae
1294 2869 1541 2923 subditos
1587 2869 1838 2925 servituti

229 2962 469 3031 indignis
497 2962 759 3029 Operibus
786 2962 1005 3016 afﬁcere
1050 2960 1379 3025 niterentur,
1425 2978 1569 3015 sana
1614 2962 1840 3029 insuper

230 3054 401 3109 edicti
434 3054 687 3109 violentia
720 3054 933 3108 virilem
961 3068 1151 3108 sexum
1183 3054 1252 3108 ab
1284 3062 1441 3110 utero
1468 3056 1585 3108 neci
1613 3055 1836 3122 dabant,

231 3156 288 3202 ιιι
319 3147 587 3203 oriundus
614 3148 906 3217 expositio,
939 3148 1095 3201 labor
1127 3146 1342 3201 validos
1375 3158 1700 3203 assumeret.
1728 3147 1840 3202 Sub

1942 1936 2038 1990 sed
2074 1936 2282 1991 honore
2312 1937 2604 1992 mercedis.
2644 1936 2680 1991 li
2715 1937 2913 2003 delusi,
2945 1952 3068 1992 cum
3092 1938 3270 1993 adhuc
3294 1939 3362 1994 de
3385 1956 3548 2009 npum

1940 2028 2246 2081 retentione
2275 2027 2412 2082 nihil
2447 2030 2675 2096 scirent,
2706 2044 2842 2099 quos
2870 2028 2934 2083 ad
2988 2032 3095 2085 iter
3126 2040 3283 2084 oratu
3317 2046 3548 2102 compu-

1942 2122 2143 2187 lerant,
2179 2122 2603 2178 recrudescente
2632 2122 2842 2177 malitia
2886 2137 3008 2177 cum
3058 2124 3137 2177 ira
3187 2125 3551 2194 insequuntur

1941 2216 2195 2284 emissos,
2246 2225 2298 2271 et
2332 2217 2657 2273 imminente
2706 2214 3090 2288 Egyptiorum
3123 2219 3368 2272 exercitu
3418 2231 3548 2289 spes

1940 2311 2205 2366 evadendi
2241 2311 2607 2366 metuentibus
2649 2311 2826 2377 deest,
2854 2326 2974 2367 cum
3023 2322 3076 2367 et
3116 2328 3145 2367 a
3177 2320 3328 2383 tergo
3360 2312 3548 2368 hostes

1941 2404 2274 2470 insisterent,
2310 2412 2364 2459 et
2388 2420 2541 2459 mare
2585 2420 2612 2459 a
2653 2402 2833 2459 fronte
2861 2406 3172 2475 oppositum
3206 2404 3543 2473 prohiberet.

2014 2496 2185 2551 Adest
2216 2497 2427 2551 territis
2460 2497 2628 2561 Deus,
2663 2506 2719 2552 et
2770 2498 2822 2551 in
2871 2513 3085 2552 summo
3128 2497 3544 2567 desperantium

1942 2598 2089 2644 metu
2123 2590 2349 2646 cmleste
2393 2598 2597 2661 pugnat
2626 2590 2888 2645 auxilium
2928 2609 2939 2644 :
2973 2590 3278 2660 interjectae
3310 2589 3547 2659 primum

1944 2698 2038 2752 per
2068 2684 2211 2738 diem
2246 2685 2487 2739 tenebrae
2530 2684 2681 2740 velut
2710 2684 2931 2756 objectu
2971 2684 3367 2754 impenetrabili
3402 2699 3544 2755 prm-

1941 2776 2199 2832 cedentes
2229 2776 2552 2845 defendunt,
2609 2789 2663 2833 et
2711 2791 2741 2833 a
2795 2778 3241 2848 persequentium
3296 2778 3542 2846 impetu,

1942 2882 2145 2923 mutata
2177 2870 2577 2925 elementorum
2610 2873 2747 2931 vice,
2805 2882 2985 2925 tuetur
3029 2868 3279 2941 trepidos
3327 2870 3546 2926 subdita

1943 2961 2121 3014 noctis
2144 2960 2372 3015 infusio.
2410 2960 2569 3032 Virga
2601 2962 2803 3017 deinde
2831 2963 3050 3033 Moyses
3077 2972 3369 3034 percutere
3399 2962 3548 3032 pela-

1940 3068 2038 3120 gns
2067 3054 2289 3122 jubetur
2317 3054 2665 3122 immensum,
2693 3062 2855 3124 atque
2883 3055 2949 3109 ad
2988 3055 3335 3125 prtebendam
3370 3064 3547 3107 trans-

1944 3147 2199 3202 euntibus
2230 3148 2370 3200 viam
2421 3149 2675 3217 profundi
2727 3164 2896 3217 aquas
2940 3149 3174 3218 imperio
3218 3162 3542 3214 removere;

231 3241 317 3297 bis
359 3240 747 3296 afﬂictionibus
794 3249 1072 3295 auctorem
1104 3240 1273 3295 Deum
1316 3241 1418 3295 sibi
1467 3258 1495 3294 a
1538 3241 1835 3310 majoribus
1862 3218 1906 3285 C
1942 3241 2087 3295 celsa
2120 3240 2449 3295 altrinsecus
2496 3243 2763 3295 undarum
2798 3242 2945 3296 acies
2993 3242 3248 3313 erigitur,
3302 3249 3357 3294 et
3404 3249 3543 3294 tam-

230 3333 494 3388 traditum
538 3333 823 3402 peregrina
860 3333 1015 3402 plebs
1042 3332 1316 3395 convenit,
1347 3343 1403 3387 et
1446 3332 1499 3386 in
1528 3334 1611 3386 sui
1644 3333 1838 3387 libera-

234 3428 442 3480 tionem
491 3426 691 3479 cultam
745 3442 842 3495 per
873 3437 1053 3495 patres
1084 3426 1261 3493 poscit
1308 3425 1690 3491 divinitatem;
1730 3442 1837 3494 qua

231 3518 438 3573 factum
472 3529 550 3572 est
589 3527 644 3572 ut
667 3530 857 3573 eontra
889 3520 996 3575 vim
1029 3518 1266 3573 crudelis
1288 3518 1451 3572 edicti
1485 3519 1697 3589 Moyses
1728 3518 1837 3588 pri-

231 3626 384 3665 mum
438 3626 465 3661 a
521 3610 839 3677 parentibus
886 3609 1211 3665 educaretur
1270 3612 1513 3674 occulte;
1585 3611 1836 3667 inventus

230 3701 432 3757 deinde
479 3716 508 3754 a
561 3700 666 3757 filio
700 3700 1022 3768 Pharaonis,
1076 3717 1198 3756 cum
1247 3702 1318 3756 ob
1345 3715 1546 3757 metum
1579 3703 1835 3773 praecepti

230 3804 384 3849 esset
410 3793 708 3863 expositus,
745 3796 893 3849 omni
925 3793 1301 3865 Egyptiurum
1334 3796 1721 3852 infortuaretur
1743 3812 1832 3853 sa-

232 3888 463 3959 pientia,
497 3897 659 3957 atque
683 3888 748 3940 ad
780 3888 1118 3943 liberandum
1151 3888 1243 3944 Dei
1277 3891 1532 3957 populum
1568 3900 1833 3959 praicepta

231 3984 560 4054 susciperet,
594 3996 664 4037 ne
692 3981 777 4035 vel
809 3982 1059 4036 indoctus
1091 3981 1403 4047 casualiter.
1438 3982 1518 4037 vel
1547 3982 1834 4039 mediocris

232 4079 259 4149 ιζ
294 4078 596 4143 intellectu,
627 4076 673 4131 si
702 4076 983 4131 institutus
1012 4076 1160 4133 omni
1211 4091 1397 4129 eorum
1430 4076 1691 4145 sapientia
1725 4092 1831 4131 non

231 4172 447 4236 fuisset,
478 4171 726 4225 incautus
752 4185 873 4239 qua:
904 4178 1223 4239 susceperat
1250 4177 1306 4224 et
1335 4168 1633 4225 credidisse
1679 4171 1832 4226 vide-

233 4275 389 4322 retur
416 4276 469 4320 et
504 4278 719 4333 gerere.
751 4263 887 4318 iluic
918 4278 1015 4330 per
1064 4263 1244 4333 ignem
1292 4263 1359 4318 de
1398 4262 1534 4318 rubo
1566 4265 1708 4318 Deus
1753 4265 1834 4319 ιο-

231 4360 443 4429 quitur,
473 4368 528 4413 et
556 4359 784 4412 valitura
816 4357 869 4412 in
912 4356 1200 4429 Egyptios
1240 4358 1394 4425 signa
1444 4357 1784 4413 demonstrat
1813 4376 1828 4412 :

232 4453 432 4523 quibus
462 4451 647 4521 utique
674 4459 729 4505 et
760 4448 813 4505 bi
854 4450 1145 4507 crederent
1172 4466 1401 4521 quorum
1437 4452 1671 4506 servitus
1720 4451 1833 4507 sob-

234 4547 488 4610 vebatur,
518 4552 577 4601 et
601 4545 689 4615 qui
718 4543 957 4601 renisuri
978 4555 1133 4600 erant
1161 4545 1588 4611 deterrerentur,
1622 4554 1828 4613 posset.

233 4654 342 4711 que
369 4640 422 4693 in
454 4638 557 4693 hac
600 4636 973 4707 prodigiorum
1024 4639 1390 4695 ostentatione
1426 4653 1562 4707 geris
1605 4650 1835 4708 utraque

236 4731 480 4795 servari;
513 4744 635 4783 cum
671 4728 765 4783 Dei
816 4744 977 4785 manu
1010 4728 1293 4785 evidenter
1324 4732 1585 4798 inspecta,
1619 4740 1672 4785 et
1698 4744 1836 4788 con-

235 4823 375 4878 verti
406 4822 475 4876 ab
498 4820 776 4889 impietate
802 4836 897 4877 sua
923 4833 1272 4877 contumaces
1298 4822 1747 4889 admonerentur,
1777 4834 1836 4883 et

235 4916 603 4972 liberarentur
624 4912 835 4969 afﬂicti.

309 5006 448 5061 Tum
481 5005 647 5076 Moysi
690 5005 1039 5064 emissionem
1086 5017 1400 5064 memoratae
1437 5008 1611 5078 plebis
1641 5024 1707 5064 ex
1742 5010 1836 5066 Dei

236 5099 566 5155 auctoritate
622 5099 887 5168 poscenti,
942 5116 1065 5155 cum
1119 5100 1401 5157 Pharaone
1450 5101 1835 5174 Egyptiorutn

237 5207 367 5263 rege
408 5190 549 5261 magi
592 5191 888 5258 resistunt,
932 5192 1121 5248 fallere
1164 5192 1417 5250 eumdem
1468 5196 1836 5266 prodigiorum

241 5295 263 5321 ο
288 5301 406 5355 quae
431 5285 653 5342 fecisset
670 5285 978 5341 imitatione
1003 5286 1241 5341 nitentes
1266 5304 1279 5342 :
1305 5301 1403 5341 nec
1425 5288 1566 5344 cedit
1591 5290 1839 5358 aliquan-

312 5439 338 5465 ἰ
379 5428 469 5484 Sic
498 5429 621 5484 cod.
658 5428 842 5491 Lem.,
876 5443 905 5482 e
954 5443 1062 5496 quo
1094 5429 1256 5480 etiam
1304 5427 1439 5480 dura
1485 5429 1645 5495 paulo
1685 5429 1827 5485 infra

238 5501 608 5561 restituimus,
641 5516 765 5554 nam
814 5502 863 5553 in
910 5500 1069 5555 editis
1116 5498 1204 5554 hic
1247 5498 1550 5553 habebatur
1594 5504 1827 5568 auisset,

238 5572 548 5643 deindeque
576 5575 720 5628 clara
757 5572 1021 5639 divinitas,
1056 5571 1209 5625 nullo
1237 5586 1423 5627 sensu.
1461 5569 1676 5627 Caetera
1710 5591 1831 5643 qutc

237 5644 441 5701 letiora
471 5653 618 5709 sunt,
648 5644 965 5698 omittimus.

309 5717 336 5756 ι)
383 5718 456 5772 lta
488 5717 687 5785 legitur
718 5716 772 5768 in
803 5716 929 5769 cod.
965 5714 1152 5780 Vind.,
1182 5714 1360 5779 male;
1401 5716 1452 5771 in
1499 5714 1668 5786 priori
1718 5716 1833 5771 edi-

241 5791 390 5845 tione
423 5787 730 5855 intellectus,
766 5787 1051 5842 institutus.

310 5874 337 5923 ,ε
382 5860 511 5939 llaec
544 5860 711 5923 etiam
741 5868 827 5919 est
855 5860 978 5917 cod.
1012 5858 1173 5919 Vind.
1209 5858 1394 5930 lectio,
1425 5877 1586 5937 quam
1636 5872 1836 5934 praetu-

1940 3350 2099 3406 quam
2131 3335 2199 3389 ad
2232 3337 2446 3406 signum
2481 3336 2659 3391 bellici
2692 3338 2865 3390 moris
2898 3336 3196 3406 dispositos
3224 3344 3369 3391 stare
3397 3336 3545 3391 dice-

1940 3445 2026 3484 res
2061 3429 2281 3495 iluctus,
2311 3444 2375 3481 ac
2405 3444 2553 3484 mare
2588 3431 2723 3483 muri
2749 3430 3124 3484 similitudine
3152 3428 3440 3484 solidatam
3462 3429 3546 3483 in-

1940 3525 2233 3595 telligentis
2256 3525 2521 3594 obsequio
2540 3524 2732 3578 dividi.
2762 3525 3027 3579 Panditur
3049 3523 3251 3579 siccum
3286 3524 3536 3594 gradien-

1942 3620 2084 3671 tibus
2114 3618 2314 3684 solttnt,
2346 3627 2405 3672 et
2451 3618 2556 3672 ima
2588 3618 2761 3689 pelagi
2796 3620 2964 3673 ardua
3002 3619 3232 3673 laterum
3269 3618 3415 3672 mole
3448 3630 3543 3671 va-

1938 3719 2199 3770 cuantur;
2237 3711 2544 3780 populoque
2592 3710 2645 3764 in
2694 3712 2848 3766 littus
2898 3711 3044 3766 aliud
3098 3710 3386 3778 evadente,
3421 3722 3544 3765 cum

1940 3818 2328 3876 persequentes
2360 3807 2688 3861 abeuntibus
2721 3807 3093 3873 imminerent,
3133 3808 3297 3861 ictum
3349 3798 3544 3861 simili-

1937 3906 2022 3950 ter
2052 3911 2151 3967 per
2177 3897 2397 3968 Moysen
2424 3914 2641 3952 rursum
2670 3899 2723 3952 in
2749 3914 2810 3953 se
2833 3903 3092 3954 convenit
3116 3913 3292 3963 mare;
3326 3907 3379 3953 et
3404 3910 3543 3952 tam-

1937 4007 2095 4060 quam
2127 3990 2198 4045 ob
2226 3991 2325 4046 Dei
2356 3992 2610 4061 iniuriam
2644 3993 2878 4047 vindicis
2902 3993 3159 4047 elementi
3197 3993 3543 4046 immensitas

1937 4097 2164 4137 recursu
2194 4081 2485 4137 tutnidiore
2517 4082 2838 4147 conﬂueret,
2872 4082 3257 4137 innumerabili
3283 4095 3543 4137 curruum

1934 4184 1990 4230 et
2011 4192 2272 4245 equorum
2304 4190 2426 4229 cum
2460 4176 2649 4229 electis
2677 4176 3064 4231 ascensoribus
3094 4174 3388 4229 multitudo
3414 4173 3547 4230 sub-

1935 4270 2233 4339 mergitur;
2266 4268 2539 4339 mixtaque
2568 4270 2752 4322 arenis
2784 4269 3114 4323 bellatorum
3144 4283 3361 4337 manus,
3395 4276 3539 4322 tam-

1935 4377 2096 4433 quam
2130 4377 2238 4415 non
2264 4359 2474 4426 fuisset,
2510 4361 2725 4415 obtecta
2755 4371 2861 4417 est.

2008 4455 2101 4508 llis
2133 4455 2446 4524 primordiis
2468 4454 2538 4509 ab
2572 4453 2845 4509 Abraham
2879 4455 3067 4528 Moyse
3098 4455 3236 4509 duce
3266 4454 3421 4526 plebs
3453 4469 3536 4509 as-

1935 4557 2148 4618 sumpta
2178 4547 2496 4603 Judteorum
2527 4556 2648 4612 est;
2686 4559 2741 4603 et
2775 4557 2896 4617 post
2926 4548 3219 4602 transitum
3254 4546 3421 4601 matis
3451 4561 3543 4601 ns-

1861 4626 1912 4687 Π
1941 4656 2044 4711 quo
2075 4641 2140 4694 ad
2172 4654 2416 4695 eremum
2450 4641 2502 4694 in
2527 4654 2634 4711 qua
2664 4640 3024 4711 quadraginta
3074 4640 3232 4693 annis
3263 4651 3537 4705 mansere,

1947 4733 2193 4804 perducti
2215 4743 2366 4788 sunt.
2403 4744 2426 4771 ε
2462 4732 2574 4788 Hes
2599 4748 2696 4803 per
2718 4743 2931 4787 noctem
2956 4734 3209 4789 columna
3234 4731 3374 4787 lucis
3400 4740 3542 4787 tam-

1942 4844 2101 4898 quam
2142 4828 2358 4884 itineris
2383 4828 2489 4882 dux
2520 4828 2751 4897 praeibat
2783 4844 2796 4882 :
2826 4827 3018 4883 eadem
3063 4828 3226 4881 etiam
3255 4840 3353 4897 per
3394 4826 3539 4881 diem

1942 4936 2011 4976 ne
2041 4920 2215 4976 fessos
2269 4919 2530 4975 lassitudo
2567 4919 2895 4982 conficeret,
2928 4921 2985 4974 in
3039 4920 3181 4975 nube
3214 4918 3535 4990 pnecedens

1944 5014 2012 5068 ab
2042 5024 2206 5069 tostus
2235 5013 2426 5083 injuria
2449 5012 2780 5067 vindicabat.
2836 5012 2914 5067 ita
2960 5027 3191 5082 prorsus
3230 5011 3543 5067 famulatui.

1945 5107 2046 5162 bus
2075 5106 2362 5161 elementis
2398 5106 2489 5160 Dei
2522 5106 2835 5160 auxilio‘usi
2869 5116 3019 5174 sunt,
3050 5116 3103 5161 ut
3138 5106 3190 5160 in
3221 5105 3344 5175 ejus
3373 5104 3543 5158 bene-

1947 5199 2087 5254 ﬁciis
2120 5214 2227 5254 non
2257 5199 2373 5253 sola
2421 5198 2665 5254 cmlestis
2696 5200 2953 5269 potentia:
2986 5201 3334 5271 dignatione,
3364 5195 3458 5250 sed
3488 5204 3543 5250 et

1950 5302 2188 5362 paterna.-
2218 5293 2437 5363 pietatis
2467 5292 2802 5362 indulgentia
2830 5294 3144 5348 fruerentur
3166 5332 3179 5354 ,
3214 5300 3270 5345 et
3303 5303 3426 5343 eum
3459 5288 3543 5344 in-

1937 5431 2100 5502 limus
2129 5432 2313 5497 editur,
2345 5448 2461 5500 qua:
2482 5431 2740 5502 fecissent.

2010 5500 2036 5541 ἀ
2080 5504 2173 5559 Sic
2202 5506 2255 5560 in
2289 5498 2447 5559 Vind.
2479 5498 2540 5560 et
2570 5503 2758 5570 Letn.;
2790 5504 2843 5560 in
2872 5503 3057 5567 editis,
3084 5499 3338 5571 popvlum
3358 5498 3539 5553 inimi-

1938 5576 2176 5649 tabilium
2201 5576 2711 5649 εἱοηοηιηιὶικραεε.
2724 5619 2739 5643 ,
2775 5576 3029 5649 pessime.

2015 5661 2036 5685 ε
2080 5642 2273 5702 Totum
2301 5652 2447 5703 bunc
2477 5648 2655 5703 locum
2685 5642 3027 5703 restituimus
3055 5658 3158 5713 ope
3185 5642 3349 5697 codd.
3379 5642 3542 5703 Vind.

1941 5730 1995 5775 et
2029 5720 2282 5785 Letnov.;
2308 5720 2454 5777 feeds
2477 5718 2530 5775 itt
2565 5720 2737 5788 priori
2758 5717 3247 5785 alitioneJIocpcr
3269 5725 3542 5777 noctem...

1944 5793 2052 5847 dua:
2074 5791 2137 5843 iis
2166 5792 2404 5863 pra’ibat.
2720 5792 2721 5795 “
