4060 6344
521 276 656 336 1087

1774 273 2093 331 ΖΑΩΟΙΙᾹΞΙ
2123 271 2512 333 CIIRISTIANI

3690 278 3824 339 1083

522 399 605 449 ter
636 389 1059 447 admirationem
1090 405 1156 446 ac
1186 390 1570 447 necessitatem
1600 398 1909 461 stuperent,
1962 390 2117 462 signa
2148 396 2196 457 Α
2226 391 2409 463 ignem
2444 393 2731 450 mulierum
2783 396 3102 464 monilibus,
3140 401 3215 456 illi
3246 414 3313 456 se
3344 396 3584 454 dandum
3617 395 3826 467 profes-

522 494 577 543 et
607 484 845 559 pericula
878 500 985 540 non
1019 485 1294 541 timerent.

1113 581 1340 639 CAPUT
1382 581 1527 637 XIX.

674 678 737 734 Si
767 677 876 733 Lex
901 678 1018 750 plus
1045 675 1219 729 attulit
1254 675 1544 729 hominibus
1573 692 1732 746 quam
1768 684 1979 729 natura.

600 773 801 830 APOLL.
818 802 889 812 —
910 772 1073 827 Grata
1099 780 1182 827 est
1205 770 1420 841 quidem
1440 770 1682 841 cognitio
1706 771 2125 842 praedictorum;

534 866 631 922 sed
662 865 764 921 nisi
812 867 1043 920 rationis
1075 864 1415 935 plenitudine
1448 866 1748 930 muniatur,
1782 865 1994 920 infirma
2023 874 2127 920 est.

532 959 671 1028 Quid
700 958 863 1029 igitur
893 957 991 1011 fuit
1022 973 1225 1023 causzc,
1262 968 1319 1011 ut
1344 974 1567 1013 emenso
1599 958 1734 1012 mari
1765 958 1928 1013 tantis
1952 974 2130 1012 rerum

534 1052 806 1107 miraculis
839 1051 1049 1106 liberati
1104 1054 1169 1105 ad
1203 1067 1446 1107 eremum
1504 1052 1871 1118 ducerentur;
1918 1062 2009 1106 aut
2036 1066 2133 1106 cur

534 1156 721 1216 p05tea
774 1145 827 1200 in
858 1145 1093 1201 desertis
1122 1156 1227 1200 tam
1284 1147 1425 1217 longi
1480 1148 1742 1219 temporis
1789 1147 2133 1218 ablegatione

533 1239 756 1293 cruciati
788 1239 948 1293 sunt?
976 1238 1108 1294 Cum
1141 1241 1247 1295 illis
1274 1252 1536 1309 prtcterea
1565 1241 1879 1295 alimoniam
1902 1250 2131 1295 caetera-

531 1346 643 1403 que
674 1330 797 1385 vitae
832 1334 1140 1387 necessaria
1177 1335 1405 1389 horrens
1456 1336 1736 1405 regionum
1769 1335 1992 1389 nuditas
2025 1351 2132 1389 non

537 1426 841 1494 przebcret;
875 1426 1019 1482 unde
1050 1442 1181 1494 ergo
1216 1428 1545 1484 multitudini
1586 1439 1807 1501 pastus;
1844 1442 1933 1483 aut
1971 1444 2132 1499 quam

536 1516 607 1571 ob
636 1532 856 1572 causam
884 1517 1002 1573 haec
1028 1529 1316 1589 tantopere
1345 1522 1589 1576 liberatis
1621 1538 1781 1593 pmna
1817 1523 2010 1587 fuerit;
2043 1523 2132 1578 vel

534 1611 992 1682 quemadmodum
1024 1625 1213 1683 postea
1251 1615 1340 1671 lex
1374 1617 1502 1680 lata,
1537 1616 1820 1688 deprome.

609 1703 811 1759 Zxccu.
838 1736 906 1745 —
930 1705 1042 1762 Nec
1077 1722 1234 1778 paena
1264 1708 1393 1762 illud
1425 1711 1770 1781 relegationis
1798 1708 1920 1774 fuit,
1951 1726 2049 1767 nec
2079 1711 2131 1765 in

2230 500 2323 541 sus
2352 496 2436 542 est
2467 489 2741 558 religioni,
2775 506 2896 561 qum
2926 491 3055 545 culti
3091 492 3143 546 in
3169 492 3409 563 ASgypto
3440 489 3572 544 idoli
3602 487 3827 544 formam

2232 581 2482 637 referret.
2516 582 2799 639 Reversus
2826 584 3041 655 Moyses
3065 586 3302 642 fideliter
3332 585 3491 641 Stevit
3518 587 3570 639 in
3606 584 3829 651 facinus,

2231 686 2285 733 et
2314 677 2537 733 redacto
2584 678 2635 733 in
2673 679 2951 748 pulverem
2987 682 3128 735 tauri
3158 682 3340 749 capite
3370 679 3519 751 quod
3557 679 3754 733 factum
3779 678 3831 733 in

2234 770 2642 826 similitudinem
2678 772 3105 828 abominationis
3132 772 3404 845 Egyptiaa
3436 771 3638 837 fuerat,
3685 770 3834 827 dela-

2236 873 2315 919 tas
2346 864 2399 918 in
2434 865 2608 934 legem
2642 866 2855 921 tabulas
2902 866 3283 935 indignatione
3336 865 3654 935 confringit,
3702 865 3838 919 indi-

2234 973 2367 1027 gnos
2397 957 2515 1013 fore
2540 959 2634 1014 Dei
2670 958 2871 1015 litteris
2896 960 3148 1029 judicans
3178 976 3317 1031 quos
3350 961 3477 1014 talis
3522 959 3642 1012 ausi
3688 974 3838 1013 exse.

2234 1053 2407 1105 cratio
2437 1052 2742 1120 polluisset.
2794 1053 2906 1107 Nec
2938 1055 3087 1121 prius
3118 1054 3188 1107 ab
3219 1053 3317 1109 ira:
3361 1054 3575 1120 impetu
3607 1050 3833 1117 destitit,

2235 1162 2393 1214 quam
2426 1146 2607 1201 missis
2640 1162 2733 1216 per
2761 1156 2941 1202 castra
2984 1147 3293 1201 seetoribus
3338 1145 3642 1200 multorqu
3694 1144 3839 1200 caede

2237 1239 2479 1307 piaretnr
2509 1238 2829 1303 admissum,
2864 1249 2919 1292 et
2952 1238 3139 1293 sedata
3171 1238 3373 1308 injuria
3412 1237 3511 1292 Dei
3557 1236 3757 1290 refecta
3788 1236 3839 1290 in

2240 1330 2441 1385 tabulis
2465 1338 2876 1401 reportarentur
2900 1341 3204 1400 przecepta;
3241 1346 3476 1402 quorum
3507 1328 3841 1399 reparatione

2237 1433 2597 1478 monstratum
2629 1433 2733 1490 est,
2765 1423 2937 1478 Deum
2970 1439 3081 1478 non
3125 1425 3313 1479 odisse
3351 1437 3496 1493 quos
3544 1422 3843 1491 permiserit

2236 1515 2463 1585 corrigi,
2496 1515 2593 1569 sed
2622 1515 2793 1571 deleri
2829 1516 3070 1572 noluisse
3101 1532 3237 1586 quos
3285 1516 3366 1571 sic
3396 1516 3638 1570 voluerit
3687 1515 3845 1568 castis

2234 1608 2372 1681 gari.
2403 1609 2529 1664 Ηωο
2556 1624 2682 1679 ergo
2712 1610 2879 1664 eremi
2911 1608 3182 1676 circuitio,
3215 1610 3333 1665 hare
3359 1625 3491 1679 erga
3529 1620 3838 1678 susceptam

2238 1706 2408 1761 semel
2442 1705 2655 1776 plebem
2690 1705 2955 1760 beneficia
2991 1705 3086 1759 Dei
3120 1704 3490 1776 quadraginta
3545 1706 3708 1757 annis
3748 1702 3843 1757 du-

537 1795 775 1851 desertis
804 1813 866 1853 ac
892 1800 1267 1869 squalentibus
1301 1803 1431 1857 locis
1460 1800 1777 1859 necessaria
1803 1803 2129 1871 defuerunt;
2166 1796 2211 1856 B
2239 1810 2427 1856 rarunt
2464 1819 2476 1854 :
2514 1812 2623 1855 tum
2674 1800 2761 1854 lex
2792 1800 3054 1855 divinitus
3089 1802 3193 1855 lata
3227 1811 3309 1856 est
3332 1846 3346 1867 ,
3393 1815 3517 1870 qua:
3555 1810 3577 1837 ο
3621 1798 3707 1853 sui
3737 1797 3847 1852 edi-

536 1891 631 1946 sed
658 1900 844 1962 pastus
867 1892 1148 1949 hominum
1174 1896 1507 1951 exhibitione
1541 1898 1850 1966 pretiosior,
1883 1908 1937 1953 et
1966 1899 2133 1954 eremi

540 1984 711 2055 ipsius
744 1986 996 2042 circuitio
1026 2002 1265 2059 congrua
1298 2007 1311 2043 :
1347 2000 1510 2061 atque
1552 1990 1667 2046 htec
1714 1993 1985 2062 praecipua
2018 2009 2133 2048 mo-

538 2090 723 2131 rarum
751 2091 935 2147 causa,
971 2087 1028 2133 ut
1070 2081 1178 2136 illic
1206 2082 1567 2152 praecedentia
1606 2084 1991 2140 miraculorum
2040 2101 2133 2139 au—

535 2180 792 2240 gerentur
822 2172 1106 2243 exempla;
1149 2186 1204 2229 et
1249 2176 1374 2245 quia
1428 2193 1645 2247 semper
1693 2189 1911 2235 assueta
1964 2180 2134 2251 diligi-

537 2275 678 2328 mus,
714 2262 1110 2331 provideudum
1145 2264 1269 2334 fuit,
1301 2284 1371 2325 ne
1420 2272 1605 2325 statim
1634 2272 1702 2326 ad
1749 2274 2133 2343 promissionis

537 2363 737 2410 terram
773 2358 926 2413 brevi
946 2374 1010 2415 ac
1040 2370 1189 2416 recto
1221 2363 1417 2419 itinere
1449 2366 1816 2435 pervenirent,
1845 2368 2040 2437 quibus
2064 2369 2129 2425 ad

535 2448 829 2523 Egyptum
861 2455 1169 2511 revertendi
1198 2458 1471 2527 voluntas,
1520 2461 1662 2516 sicut
1690 2462 1977 2519 confestim
2008 2480 2134 2534 pro-

535 2543 723 2601 batum
754 2558 859 2617 est,
898 2560 1082 2619 posset
1126 2553 1422 2623 aliquando
1450 2556 1779 2627 subrepere;
1812 2575 1935 2613 cum
1968 2561 2131 2615 etiam

534 2638 588 2695 in
608 2656 818 2697 summa
833 2645 1164 2701 abundantia
1183 2657 1206 2683 η
1224 2649 1513 2721 incognita:
1532 2653 1770 2723 regionis
1788 2663 2131 2710 assuetorum

536 2733 931 2792 desideriorum
978 2749 1031 2794 et
1076 2740 1286 2809 profani
1338 2757 1615 2799 sacrorum
1676 2747 1811 2800 ritus
1858 2762 1886 2801 a
1939 2748 2133 2817 quibus

540 2830 775 2885 maxime
802 2835 1150 2903 arcebantur,
1176 2851 1524 2894 occurrerent
1548 2858 1562 2906 ;
1598 2856 1664 2897 ne
1686 2843 2132 2912 expellendarum

542 2931 812 2993 pra-terea
844 2941 910 2981 ex
941 2926 1131 2985 iisdem
1166 2932 1477 3001 regionibus
1526 2937 1791 3005 gentium,
1841 2938 1970 2992 licet
1996 2954 2133 3006 prte-

539 3016 628 3069 via
656 3016 943 3075 divinitate
973 3021 1079 3076 illis
1132 3040 1237 3091 non
1281 3025 1499 3080 illatura
1530 3027 1898 3096 dispendium,
1949 3030 2131 3083 statim

538 3108 681 3165 bella
716 3119 1009 3168 terrerent.
1042 3117 1211 3171 Simul
1245 3120 1410 3173 etiam
1442 3130 1498 3174 ut
1530 3130 1652 3191 post
1679 3123 1849 3176 eremi
1881 3121 2131 3189 iujuriam

2238 1894 2385 1949 tione
2411 1909 2520 1948 non
2549 1906 2944 1965 praeceptorum
2971 1894 3290 1959 novitatem,
3317 1893 3416 1949 sed
3447 1892 3847 1963 reparationem

2231 1988 2469 2057 justitite
2504 1986 2769 2041 naturalis
2800 1986 3052 2053 afferret;
3085 1996 3146 2043 ut
3172 1987 3320 2057 quod
3366 1996 3499 2041 ante
3545 1984 3707 2055 pauci
3756 1983 3845 2038 ad—

2238 2080 2457 2135 modum
2491 2090 2547 2135 et
2576 2080 2859 2150 sapientes
2885 2079 3159 2142 sciebant,
3192 2092 3388 2134 omnes
3421 2093 3571 2134 nunc
3600 2078 3844 2132 intuean-

2240 2184 2325 2230 tur
2349 2184 2400 2229 et
2441 2174 2753 2246 perlegant;
2784 2189 2883 2229 nec
2916 2173 3212 2229 excusandi
3240 2174 3445 2230 habeat
3476 2172 3749 2243 ignoratio
3770 2170 3845 2225 lo-

2237 2285 2384 2337 cum,
2403 2285 2525 2324 cum
2544 2270 2593 2323 id
2612 2270 2758 2339 quod
2786 2269 2888 2324 sibi
2911 2270 3210 2340 ingenitum
3230 2270 3354 2340 quis
3378 2268 3501 2323 fore
3527 2283 3638 2321 non
3662 2265 3841 2331 sentit,

2238 2381 2349 2421 non
2381 2367 2512 2422 solis
2541 2365 2796 2421 sensibus
2823 2374 3056 2435 quaerat,
3091 2364 3189 2420 sed
3222 2363 3435 2419 visibus
3468 2369 3837 2434 recognoscat.

2829 2458 3059 2515 CAPUT
3102 2459 3220 2513 XX.

2382 2555 2555 2620 Quare
2582 2553 2727 2608 salus
2768 2554 3035 2607 hominum
3073 2562 3179 2606 tam
3221 2551 3371 2605 tarde
3401 2551 3697 2605 advenerit.

2306 2652 2508 2707 APOLL.
2536 2680 2606 2689 —
2626 2650 2844 2704 Hmrere
2859 2648 3181 2703 naturaliter
3206 2646 3466 2699 humanis
3484 2644 3742 2698 sensibus
3762 2642 3833 2697 le-

2236 2762 2381 2817 gem,
2413 2755 2469 2801 et
2496 2747 2677 2800 inesse
2698 2744 2947 2799 omnibus
2972 2743 3313 2797 intellectum
3355 2741 3491 2811 quid
3539 2748 3741 2795 noceat
3780 2753 3837 2793 ac

2238 2841 2430 2913 prosit,
2464 2840 2591 2911 quid
2620 2855 2833 2910 aequum
2857 2849 2951 2893 aut
2984 2838 3244 2907 injustum
3276 2837 3373 2901 sit,
3399 2844 3591 2902 aperta
3612 2833 3838 2902 cognitio

2237 2946 2351 2999 est;
2403 2934 2620 3005 quando
2648 2943 2699 2988 et
2735 2933 2969 3002 diligere
3017 2929 3043 2967 ἀ
3094 2928 3314 3000 propria
3344 2929 3556 2984 scimus
3586 2937 3643 2983 et
3672 2925 3839 2980 odisse

2235 3028 2532 3094 contraria,
2556 3042 2619 3081 ac
2649 3028 2808 3080 simul
2838 3025 3037 3093 placita
3074 3022 3165 3076 alii
3200 3032 3469 3089 praestare
3500 3020 3576 3074 sit
3608 3017 3836 3084 bonitas,

2237 3132 2293 3177 et
2322 3138 2537 3176 rursum
2571 3120 2892 3191 improbitas
2924 3118 3015 3171 alii
3059 3133 3180 3187 quae
3212 3116 3549 3185 displiceant
3586 3118 3838 3183 irrogare.

538 3206 808 3274 promissa
842 3207 1101 3263 habitatio
1135 3212 1252 3280 plus
1286 3213 1541 3281 placeret,
1574 3231 1733 3285 quam
1784 3215 1909 3271 licet
1951 3231 2045 3283 per
2077 3230 2136 3270 se
2165 3193 2211 3256 Ο
2245 3217 2398 3273 Unde
2429 3216 2555 3287 quid
2602 3216 2833 3285 amplius
2887 3212 2971 3266 lex
3025 3227 3121 3281 per
3153 3210 3377 3281 Moysen
3421 3210 3531 3263 lata
3568 3207 3837 3272 detulerit,

538 3297 932 3356 inaestimabilis
961 3306 1247 3360 ammnitas
1277 3307 1705 3373 commendaret,
1738 3307 2136 3379 praeteritorum

541 3400 720 3448 tamen
752 3396 1060 3453 recordatio
1091 3398 1295 3454 faceret
1323 3401 1614 3470 aptiorem.
1658 3402 1724 3456 Et
1756 3402 1875 3457 vide
1902 3402 2141 3458 clemen-

540 3495 649 3543 tem
686 3490 739 3543 in
786 3506 883 3545 sua
918 3494 1177 3562 patientia
1209 3495 1572 3552 divinitatem.
1613 3497 1821 3553 Victum
1871 3515 1977 3553 non
2017 3516 2143 3568 sup-

538 3579 664 3650 plici
689 3585 1036 3649 Sperantibus
1067 3603 1250 3657 prece,
1284 3590 1377 3644 sed
1408 3590 1601 3646 deesse
1633 3592 1984 3647 tumultuarie
2010 3608 2143 3662 que-

539 3677 812 3743 rentibus,
845 3682 1042 3735 nubem
1064 3684 1354 3751 quamdam
1378 3695 1596 3753 praestat
1618 3702 1871 3751 annonm,
1897 3699 1949 3741 et
1979 3703 2145 3757 auge-

543 3768 720 3825 lorum
748 3773 874 3825 cibo
903 3789 1136 3844 corpora
1170 3777 1407 3851 lpumana
1440 3790 1737 3835 vescuntur
1765 3798 1779 3835 :
1811 3781 1881 3834 ita
1927 3788 1984 3835 ut
2017 3796 2145 3835 uoc-

540 3872 718 3918 turnac
740 3866 1002 3936 largitatis
1029 3868 1230 3924 infusio
1258 3886 1362 3925 non
1394 3872 1632 3941 querelae
1658 3881 1861 3927 tantum
1888 3873 2143 3928 interelu-

540 3955 697 4012 deret
742 3958 942 4026 locum,
976 3961 1072 4017 sed
1108 3964 1226 4018 usui
1258 3976 1515 4036 congesta
1540 3974 1871 4037 superesset.
1904 3966 2019 4022 Illic
2050 3984 2145 4039 per

545 4065 708 4107 omne
739 4055 882 4123 quod
906 4055 1016 4112 dixi
1052 4067 1263 4130 tempus
1294 4060 1494 4116 mirum
1530 4061 1580 4116 iu
1615 4062 1861 4127 modum,
1896 4077 2001 4116 non
2035 4063 2145 4117 cal-

543 4156 913 4215 ceamentum,
947 4166 1054 4206 non
1110 4155 1279 4209 vestis
1308 4158 1583 4222 atteritur,
1619 4156 1768 4211 nulla
1796 4156 2023 4226 perinde
2051 4171 2145 4210 ca-

544 4236 803 4305 pillorum
851 4252 945 4298 aut
992 4247 1250 4314 unguium
1296 4248 1537 4305 excretio
1581 4249 1858 4304 dominata
1901 4259 2016 4310 est;
2049 4248 2145 4303 sed

544 4331 695 4387 velut
747 4335 1159 4394 immortalitate
1193 4342 1306 4411 jam
1340 4342 1576 4407 reddita,
1627 4343 2023 4398 immutabilem
2058 4342 2149 4396 ho-

546 4425 711 4480 minis
738 4426 969 4485 formam
999 4432 1231 4502 simplex
1256 4436 1499 4491 servavit
1528 4436 1833 4506 integritas.

616 4522 736 4576 Illic
784 4523 996 4595 Moyses
1044 4526 1109 4580 ad
1152 4527 1557 4598 suscipiendam
1612 4530 1787 4598 legem
1836 4536 2064 4583 vocatur
2093 4529 2144 4582 in

2245 3324 2405 3381 quam
2462 3317 2653 3362 natura
2706 3304 3023 3369 tradiderat,
3080 3301 3187 3357 nisi
3243 3302 3556 3357 edictorum
3618 3300 3840 3370 qualitas

2245 3414 2571 3476 exponatur,
2608 3400 2915 3471 intelligere
2948 3414 3054 3454 non
3092 3413 3337 3468 possum.

2318 3500 2519 3556 Zxccu.
2545 3529 2615 3539 —
2640 3498 2729 3553 Dei
2770 3496 2977 3567 agnitio
3000 3506 3056 3549 et
3102 3509 3223 3548 cum
3254 3492 3557 3547 dilectione
3590 3489 3837 3555 formido,

2248 3596 2333 3651 lex
2358 3594 2530 3665 prima
2556 3600 2659 3648 est.
2688 3591 2859 3646 Deum
2884 3589 3030 3644 enim
3054 3602 3215 3643 nosse
3237 3586 3364 3657 quid
3386 3586 3641 3655 prodest,
3661 3586 3707 3638 si
3734 3582 3843 3637 dili-

2246 3704 2377 3760 gere
2404 3702 2467 3741 ac
2510 3687 2701 3740 timere
2732 3699 2837 3738 non
2861 3682 3012 3738 cordi
3040 3682 3158 3737 est?
3187 3678 3621 3735 Consummatus
3658 3676 3840 3731 deinde

2244 3786 2471 3856 justitiae
2496 3784 2629 3838 ordo
2658 3782 3031 3851 subsequitur,
3064 3778 3285 3834 studere
3333 3776 3553 3845 pietati,
3589 3785 3647 3831 et
3670 3775 3722 3827 in
3755 3774 3841 3827 ob-

2249 3879 2549 3933 servantius
2604 3877 2876 3930 bonorum
2906 3887 3131 3941 cperum
3178 3870 3377 3924 mentis
3423 3867 3667 3938 puritate
3712 3875 3840 3919 trau-

2250 3974 2535 4029 scendere.
2588 3971 2733 4025 Inest
2763 3976 3027 4036 praeterea
3064 3981 3305 4035 praesens
3345 3979 3507 4034 paena
3542 3961 3843 4017 commissis

2250 4076 2305 4122 et
2336 4066 2544 4136 piacula
2573 4064 2876 4133 junguntur
2903 4060 3144 4123 offensis,
3198 4072 3521 4127 summaque
3550 4056 3839 4111 edictorum

2250 4157 2604 4213 conclusione
2634 4154 2968 4223 praecipitur,
2999 4165 3068 4205 ne
3091 4150 3214 4203 aliis
3238 4148 3409 4203 facias
3427 4148 3577 4218 quod
3612 4147 3728 4200 fieri
3762 4144 3841 4198 tibi

2252 4250 2425 4316 nolis;
2486 4256 2541 4304 et
2588 4262 2828 4310 rursum,
2881 4253 2939 4298 ut
2999 4242 3122 4297 aliis
3171 4242 3339 4296 facias
3388 4240 3536 4311 quod
3588 4239 3704 4294 ﬁeri
3758 4235 3842 4291 tibi

2252 4345 2406 4400 velis.
2454 4343 2675 4398 Creatio
2724 4337 2951 4411 perinde
2999 4336 3185 4392 mundi
3218 4334 3380 4405 hujus
3423 4337 3636 4389 inserta
3667 4341 3768 4396 εει,
3796 4339 3843 4384 et

2253 4439 2393 4494 hanc
2433 4438 2830 4493 elementorum
2863 4430 3329 4501 conspirationem
3372 4429 3518 4483 idem
3550 4426 3645 4497 qui
3674 4442 3738 4480 ex
3768 4424 3840 4479 ni-

2255 4531 2366 4586 hilo
2395 4530 2597 4585 fecerat
2626 4526 2918 4582 fabricator
2949 4524 3225 4592 exposuit,
3255 4522 3336 4575 sui
3368 4518 3627 4576 indicans
3656 4516 3837 4589 operis,

549 4626 816 4683 montem,
850 4626 905 4672 et
931 4620 1287 4690 quadraginta
1320 4621 1515 4677 diebus
1539 4638 1603 4677 ac
1630 4623 1883 4677 noctibus
1907 4623 1999 4675 Dei
2034 4632 2149 4677 ten~
2181 4604 2231 4663 D
2257 4640 2377 4697 quae
2398 4625 2471 4680 illi
2500 4633 2768 4679 coaeterua
2803 4623 3069 4675 humanus
3100 4631 3256 4672 error
3278 4615 3508 4670 invexit-

549 4717 635 4762 tus
665 4710 929 4779 alloquio,
959 4713 1163 4782 scripta
1198 4715 1249 4767 in
1286 4714 1521 4783 lapideis
1562 4716 1768 4770 tabulis
1812 4714 1982 4771 refert
2011 4730 2149 4785 prte-

547 4810 708 4871 cepta
756 4821 770 4855 :
813 4802 948 4872 proh
982 4804 1164 4859 nefas!
1195 4817 1486 4876 corruptos
1526 4806 1818 4879 sacrilegio
1846 4822 1982 4879 quos
2014 4808 2153 4863 reli-

553 4902 756 4965 querat
782 4895 1227 4964 deprehendens,
1258 4899 1385 4953 dum
1416 4900 1595 4955 adhuc
1633 4916 1832 4956 manna
1860 4911 1914 4956 et
1940 4902 2155 4958 caelesti

553 4986 919 5043 obieetatione
963 4999 1150 5043 essent
1183 4989 1208 5028 ι)
1263 4990 1475 5047 refecti.
1524 4992 1659 5047 Cum
1709 4994 1853 5048 enim
1905 4994 2153 5063 ejusdem

553 5080 725 5154 Moysi
760 5098 943 5138 moras
970 5084 1119 5138 velut
1150 5101 1257 5140 non
1290 5087 1520 5143 redituri
1552 5088 1695 5143 idem
1745 5090 1980 5160 populus
2005 5091 2157 5146 incu-

555 5186 726 5241 saret,
765 5178 1022 5245 praedicta
1071 5180 1407 5237 abundantia
1442 5194 1720 5239 saturatus
1761 5186 1869 5240 cito
1918 5186 2087 5240 Deum
2120 5202 2152 5241 a

554 5287 663 5343 quo
687 5288 752 5329 ex
786 5273 1023 5346 IEgypto
1050 5275 1278 5332 eductus
1326 5290 1494 5347 esset,
1529 5280 1738 5336 oblitus
1768 5289 1885 5346 est;
1920 5296 2152 5350 poscere

557 5384 656 5441 per
686 5372 953 5428 luxuriam
985 5390 1121 5447 quos
1149 5380 1363 5432 coleret
1391 5378 1523 5433 deos
1545 5380 1740 5449 cmpit;
1775 5380 2065 5449 missisque
2096 5380 2149 5433 in

629 5505 656 5533 ει
696 5493 848 5549 Haud
878 5494 1104 5551 dubium
1134 5496 1263 5563 quin
1297 5498 1446 5554 locus
1480 5499 1568 5554 hic
1600 5501 1740 5554 male
1776 5499 1988 5554 habitus
2019 5497 2087 5551 sit
2121 5513 2151 5550 τι

555 5567 817 5640 librariis.
851 5566 925 5622 Ita
958 5570 1235 5640 egmendari
1257 5574 1451 5640 f'posse
1500 5571 1774 5634 arbitror,
1823 5570 2041 5639 cognita:
2071 5585 2154 5623 re-

556 5640 751 5713 gionis,
784 5639 841 5694 h.
872 5655 922 5693 e.
948 5638 1189 5712 Egypti,
1223 5638 1427 5696 assueta
1458 5642 1738 5695 desideria.
1769 5638 1922 5710 Quod
1950 5641 2151 5696 deinde

554 5716 776 5783 legitur,
807 5720 921 5779 post
943 5716 1097 5766 eremi
1123 5714 1392 5784 injuriam,
1423 5716 1555 5768 ferri
1581 5729 1689 5768 non
1716 5722 1897 5784 potest
1924 5730 1936 5766 :
1967 5714 2153 5783 itaque

560 5786 681 5853 lego
712 5794 824 5853 past
849 5786 1006 5835 eremi
1038 5802 1257 5837 moram.

632 5857 657 5893 ι)
696 5853 773 5906 lta
799 5854 922 5908 cod.
954 5853 1111 5909 Vind.
1138 5871 1151 5916 ;
1180 5856 1230 5910 in
1255 5856 1414 5912 editis
1440 5858 1619 5926 referti
1645 5871 1661 5910 :
1693 5855 1834 5911 infra
1865 5870 1929 5909 ex
1956 5854 2148 5909 eodem

2329 4719 2459 4773 Pest
2482 4715 2703 4788 Moysen
2733 4713 3084 4770 currentibus
3114 4719 3421 4779 temporum
3469 4709 3690 4780 spatiis,
3733 4719 3839 4762 cum

2260 4827 2356 4882 per
2386 4811 2704 4866 abusionem
2755 4806 3077 4863 salutarium
3132 4810 3540 4872 praeceptorum
3586 4800 3838 4854 idolorum

2257 4907 2439 4962 cultus
2490 4905 2847 4969 incresceret,
2879 4899 3095 4954 additur
3120 4898 3379 4966 frequens
3411 4897 3715 4965 increpatio
3735 4908 3841 4964 pro-

2260 4998 2570 5069 phetarum,
2617 5005 2671 5050 et
2717 4994 3005 5049 adventum
3034 4988 3234 5045 Christi
3282 5004 3444 5058 quem
3488 4989 3600 5058 jam
3648 4987 3839 5059 experti

2259 5106 2471 5155 sumus,
2496 5099 2553 5145 et
2578 5104 2722 5143 nunc
2740 5086 3071 5156 opperimur,
3102 5083 3272 5137 multa
3286 5082 3635 5137 curationum
3658 5094 3839 5153 genera

2262 5184 2588 5242 denuntiant
2639 5199 2701 5236 ac
2744 5181 3075 5252 prmcedunt.
3124 5179 3267 5232 Deus
3313 5179 3463 5232 enim
3499 5194 3566 5233 ne
3597 5179 3687 5233 vel
3736 5190 3839 5231 raro

2259 5279 2497 5334 vindicet
2543 5279 2740 5346 saepius
2771 5274 3154 5338 comminatur,
3189 5270 3288 5325 irae
3310 5270 3553 5326 caelestis
3604 5271 3841 5326 severita-

2258 5384 2366 5430 tem
2399 5374 2577 5428 timeri
2600 5372 2770 5442 magis
2801 5384 2958 5441 quam
3013 5377 3035 5405 θ
3065 5365 3243 5422 exseri
3273 5366 3525 5435 cupiens.
3566 5367 3638 5420 At
3672 5375 3841 5421 contra

2259 5492 2383 5548 cod.
2422 5492 2590 5546 Deum
2618 5491 2998 5563 ascripsimus.
3140 5558 3151 5563 _
3226 5557 3238 5563 Α
3558 5555 3570 5563 ,
3649 5555 3661 5563 ,
3832 5553 3841 5563 .

2330 5576 2356 5646 ξ
2392 5565 2505 5648 ξίο.
2557 5564 2681 5619 cod.
2733 5555 2896 5618 Vind.
2958 5562 3010 5615 in
3073 5557 3240 5628 priori
3274 5556 3523 5612 editione
3557 5555 3751 5626 legitur
3777 5555 3839 5608 sui

2257 5636 2546 5762 “milia.
2572 5716 2627 5763 et
2645 5707 2798 5763 Lem.
2824 5706 2903 5761 sic
2935 5703 3158 5769 habent,
3193 5710 3247 5757 et
3276 5700 3500 5769 quidem
3524 5692 3670 5756 haud
3701 5698 3840 5769 paulo

2261 5780 2456 5833 melius
2486 5794 2645 5848 quam
2694 5780 2843 5847 prior
2883 5777 3050 5833 editio
3081 5790 3352 5845 prospera.

2338 5862 2360 5881 ν
2395 5843 2518 5905 Haec
2549 5843 2763 5920 quoque
2808 5861 2890 5905 cst
2940 5843 3220 5918 utriusque
3276 5844 3486 5901 codicis
3523 5843 3709 5909 lcetio,
3740 5854 3839 5912 quae
