4060 6344
215 318 353 378 1089

1426 334 2050 398 CONSULTATIONUM
2089 341 2215 401 LIB.
2260 346 2299 401 I.

3377 367 3519 428 £090

212 436 530 493 Judaaorum
588 450 879 498 contumax
920 444 1069 499 natio
1102 459 1209 503 non
1265 448 1440 505 solum
1473 454 1671 524 corrigi
1721 455 1818 511 de-
1842 459 1894 521 Α
1924 467 2005 512 est
2036 460 2239 515 tardari
2269 461 2527 521 debuisse
2557 474 2853 537 postrema,
2892 471 3164 547 finemque
3191 478 3425 549 differri,
3462 496 3521 542 ut

216 539 451 596 trectat,
514 533 609 588 sed
661 536 814 605 argui
888 536 1243 608 dedignatur;
1300 544 1507 616 Deique
1580 548 1812 619 imperio

212 620 410 677 missos
445 625 735 696 prophetas
760 628 990 686 diversis
1024 633 1359 693 tuulctavere
1400 642 1703 711 suppliciis,
1755 653 1815 697 ut

211 714 572 773 httmanaruru
602 722 1048 792 superstitionum
1094 728 1315 786 traditio
1344 736 1693 806 praesumptis
1717 735 1815 791 ho-

210 808 440 866 noribus
482 826 591 867 non
622 825 862 884 careret,
893 817 1186 875 intentiosa
1220 824 1488 892 pravitate
1517 825 1812 898 designans

212 900 308 957 Dei
337 918 397 958 se
425 902 657 961 forsitan
681 912 970 978 prmsentia
1000 913 1383 983 corrigendos,
1435 932 1596 987 quem
1631 929 1811 974 tamen

209 1006 399 1066 postea
426 1002 577 1056 cruci
597 1001 793 1057 dantes
823 1012 948 1074 post
975 1005 1129 1076 signa
1142 1016 1305 1078 atque
1331 1010 1562 1067 virtutes
1586 1013 1815 1070 credere

208 1091 534 1158 noluerunt,
583 1109 709 1150 cum
756 1106 811 1152 et
855 1108 1145 1156 venturum
1194 1104 1447 1173 scissent,
1502 1114 1558 1161 et
1597 1109 1814 1166 venisse

206 1198 627 1256 cognoscerent.

808 1285 1033 1343 CAPUT
1072 1289 1211 1345 XXI.

206 1372 269 1429 Si
299 1374 574 1443 prce/inita
603 1380 979 1434 consummatio
1005 1389 1089 1449 sit,
1124 1400 1193 1437 an
1224 1386 1353 1440 ordo
1380 1387 1612 1442 exhibeat
1630 1390 1808 1459 ﬁnem.

274 1467 481 1521 APOLL.
507 1496 581 1509 —-
610 1468 665 1524 Si
687 1471 850 1540 igitur
875 1483 979 1527 tam
1008 1478 1347 1532 necessarius
1377 1480 1638 1535 adventus
1670 1483 1812 1537 illius

203 1557 325 1625 fuit,
361 1569 420 1614 ut
450 1577 548 1632 per
572 1578 632 1617 se
662 1563 890 1621 formam
930 1568 1154 1637 justitiie
1196 1575 1521 1641 prarbiturus
1561 1577 1672 1647 pati
1710 1594 1810 1649 pro

203 1654 458 1709 omnibus
490 1671 600 1711 non
629 1670 930 1728 recusaret,
949 1663 999 1717 in
1033 1676 1207 1721 morte
1238 1673 1454 1738 propria
1479 1685 1629 1741 spem
1651 1687 1809 1729 novae

205 1748 630 1804 resurrectionis
661 1753 954 1810 ostendens
975 1772 988 1821 ;
1015 1774 1111 1812 cur
1126 1768 1180 1813 et
1199 1759 1290 1815 Dei
1308 1761 1629 1819 beneﬁcium
1648 1776 1699 1821 et
1722 1783 1809 1822 sa-

203 1838 287 1893 lus
301 1839 585 1896 hominum
603 1854 875 1900 tantorum
895 1860 1194 1917 temporum
1210 1852 1690 1911 dilationetardata
1705 1859 1812 1915 est?
1842 1868 1889 1929 Β
1918 1882 2072 1923 exem

276 1933 480 1991 Zaccu.
512 1966 583 1975 --
612 1936 841 2004 Grandi,
874 1950 931 1995 ut
969 1942 1242 2013 inspicere
1291 1948 1535 2017 potuisti,
1587 1950 1807 2023 dispen-

202 2027 420 2083 satione
450 2030 546 2085 Dei
601 2030 902 2088 humanum
962 2050 991 2089 a
1024 2037 1298 2109 principio
1348 2057 1522 2110 genus
1571 2054 1805 2100 tutatum

200 2136 427 2191 semper
458 2132 545 2178 est
573 2134 736 2194 atque
782 2136 1089 2195 servatum;
1143 2142 1197 2186 et
1241 2132 1287 2187 si
1324 2134 1567 2191 breviter
1595 2153 1808 2194 summa

201 2219 575 2288 perstringas,
613 2219 824 2275 videbis
856 2222 924 2276 ad
952 2222 1057 2278 hoc
1079 2223 1278 2282 divina:
1309 2230 1668 2299 providentia:
1720 2250 1812 2288 or-

202 2308 388 2365 dinem
412 2313 782 2381 concurrisse,
813 2330 881 2370 ne
901 2314 1050 2385 justo
1072 2316 1276 2388 judicio
1296 2319 1394 2376 Dei
1416 2338 1642 2381 necesse
1665 2335 1811 2382 esset

202 2401 461 2457 homines
513 2403 767 2460 aboleri:
801 2408 977 2476 potuit
1006 2410 1153 2465 enim
1206 2414 1399 2469 mortis
1431 2420 1703 2473 sententia
1753 2419 1809 2475 in

202 2495 379 2567 prima
405 2497 589 2551 statim
622 2500 1053 2569 transgressione
1073 2506 1355 2573 compleri,
1383 2518 1439 2562 ut
1459 2520 1812 2569 temeratores

203 2592 538 2663 punirentur
575 2593 765 2661 edicti,
799 2606 855 2651 et
889 2604 1070 2653 tamen
1106 2615 1205 2670 pro
1233 2602 1447 2660 ratione
1476 2608 1811 2675 poenitentia:

204 2689 430 2745 vivendi
498 2700 709 2761 tempus
782 2692 1056 2750 indultum
1142 2708 1243 2753 est.
1321 2700 1811 2761 Subcrescentibus

204 2792 395 2854 postea
427 2783 731 2839 sceleribus
756 2794 902 2841 terra
926 2791 1333 2862 corrumpitur;
1363 2795 1458 2850 sed
1480 2798 1553 2851 ita
1584 2798 1812 2868 pollutio

206 2877 408 2933 eluitur
436 2879 796 2945 elementi,ut
821 2896 916 2950 per
941 2881 1057 2939 Noe
1081 2885 1300 2941 humani
1329 2892 1547 2958 generis
1568 2892 1812 2964 reliquiae

206 2980 587 3027 reserventur.
619 2972 752 3027 Post
780 2973 1045 3030 diluvium
1074 2978 1251 3033 valida
1292 2981 1403 3050 jam
1442 2992 1497 3038 et
1535 2987 1813 3056 multiplex

206 3079 407 3120 manus
464 3065 521 3119 in
576 3065 1000 3124 aedificationem
1046 3071 1213 3127 turris
1270 3072 1534 3146 insurgit,
1592 3088 1647 3132 et
1700 3093 1809 3133 non

208 3160 578 3230 exstinguitur
604 3175 703 3232 pro
727 3162 1065 3219 immanitate
1081 3165 1219 3231 ausi,
1250 3167 1343 3222 sed
1369 3179 1426 3221 ut
1456 3171 1657 3240 corrigi
1686 3187 1814 3242 pos—

209 3254 439 3310 sitcum
483 3254 844 3311 admiratione
895 3256 1246 3330 dispergitur.
1300 3262 1655 3319 Postmodum
1703 3281 1810 3322 non
1842 3273 1886 3338 C

208 3355 462 3402 cessante
490 3346 742 3417 perfidia,
780 3350 923 3405 sicut
952 3350 1065 3407 Noe
1085 3352 1140 3405 in
1167 3352 1369 3410 diluvio
1401 3355 1470 3410 ob
1502 3359 1807 3427 generatio-

205 3455 356 3506 nem,
388 3443 462 3495 ita
494 3440 770 3497 Abraham
793 3443 860 3497 ad
883 3445 1289 3515 propagandam
1314 3446 1474 3503 fidem
1502 3450 1555 3504 in
1575 3451 1806 3521 quadam

207 3534 471 3589 vitiorum
504 3534 863 3592 inundatione
887 3540 1197 3594 secernitur
1229 3558 1241 3593 :
1284 3541 1676 3613 multiplicatus
1713 3561 1811 3616 per

209 3625 329 3696 ejus
384 3627 703 3698 progeniem
751 3630 985 3699 populus
1032 3629 1417 3703 Egyptiorum
1483 3639 1811 3708 contagione

208 3721 475 3793 polluitur
506 3766 519 3789 ,
576 3733 632 3778 et
656 3722 736 3777 'ad
767 3724 863 3780 Dei
895 3726 1102 3781 cultum
1135 3744 1242 3784 non
1272 3729 1459 3800 judicii
1492 3735 1806 3803 severitate,

210 3816 309 3873 sed
341 3816 629 3873 beneﬁciis
656 3818 938 3891 signisque
962 3834 1249 3880 revocatur
1280 3844 1292 3879 :
1321 3827 1515 3883 iterum
1544 3829 1596 3884 in
1625 3846 1810 3889 eremo

207 3907 344 3966 deos
371 3910 659 3981 sculptiles
700 3911 955 3969 faciendo
988 3931 1017 3970 a
1047 3933 1179 3973 vero
1211 3930 1457 3994 creatore
1479 3923 1768 3981 discedunt
1794 3946 1805 3981 :

207 4010 487 4075 tamquam
537 4014 663 4061 tunc
711 4007 954 4077 primum
1012 4009 1174 4068 faelis
1232 4013 1569 4085 hominibus,
1620 4030 1711 4074 aut
1753 4021 1809 4076 in

209 4113 378 4157 sensu
411 4116 519 4155 non
567 4100 891 4159 habentibus
921 4104 1116 4175 legem,
1142 4106 1231 4164 lex
1262 4109 1359 4167 Dei
1401 4127 1655 4170 sermone
1679 4131 1810 4172 cou-

204 4194 407 4264 scripta
432 4193 617 4266 Moyse
646 4196 929 4254 deferente
961 4202 1373 4260 transmittitur.

275 4284 414 4342 Cum
443 4303 573 4344 vero
606 4290 967 4349 nihilominus
1008 4295 1260 4367 impietas
1306 4311 1576 4371 serperet,
1608 4305 1806 4374 praedi-

204 4384 351 4437 catio
382 4382 695 4454 adjungitur
725 4388 1142 4458 prophetarum,
1169 4400 1223 4447 et
1262 4394 1568 4464 intcrjectis
1599 4406 1809 4471 tempo-

206 4474 362 4531 ribus
385 4484 411 4512 δ
440 4476 624 4531 divina
678 4479 987 4536 sollicitudo
1018 4498 1237 4554 semper
1272 4486 1324 4539 in
1352 4490 1588 4557 speculis
1615 4502 1708 4548 aut
1738 4495 1807 4549 ab

206 4585 399 4627 errore
432 4573 706 4641 prohibet,
738 4584 831 4629 aut
859 4578 1211 4635 mediocriter
1238 4581 1530 4641 vindicans
1555 4588 1805 4644 viventes

206 4665 263 4723 in
290 4681 479 4722 errore
505 4669 752 4736 castigat.
786 4669 909 4738 Ipse
936 4671 1003 4726 ad
1027 4682 1329 4730 extremum
1366 4678 1491 4734 cteli
1536 4688 1808 4751 terraeque
1834 4685 1890 4746 D

206 4769 262 4815 et
288 4761 529 4816 hominis
576 4762 850 4831 conditor,
879 4766 1023 4821 velut
1058 4783 1267 4837 magnae
1303 4770 1525 4828 familiae
1551 4773 1806 4831 dominus

207 4852 464 4909 ﬁdelibus
514 4853 733 4911 famulis
774 4866 900 4913 ante
928 4861 1253 4929 praemissis,
1282 4864 1540 4934 potentiae
1566 4883 1678 4924 suae
1703 4869 1810 4925 lar-

204 4946 354 5017 gitur
382 4946 706 5015 adventum,
735 4953 1167 5022 assumptionem
1197 4958 1399 5014 terreni
1430 4960 1678 5032 corporis
1710 4978 1807 5033 pro

207 5036 493 5095 hominum
519 5040 694 5096 salute
716 5058 820 5097 non
846 5058 1146 5113 spernens:
1180 5055 1343 5119 atque
1369 5050 1423 5106 in
1448 5051 1622 5123 ipsum
1642 5070 1804 5125 quem

206 5129 407 5197 induit,
439 5134 616 5188 crucis
646 5135 955 5205 passionem
983 5150 1327 5212 mortemque
1357 5157 1709 5216 convertens,
1752 5160 1807 5207 et

205 5225 606 5297 plenitudinem
640 5226 772 5299 legis
803 5228 1047 5285 exhibuit
1072 5240 1127 5287 et
1155 5234 1367 5291 salutis.

277 5320 493 5389 Qumris
531 5337 630 5377 cur
655 5331 779 5378 ante
826 5339 938 5379 non
970 5328 1215 5382 venerit?
1239 5327 1433 5389 Nonne
1467 5334 1521 5390 in
1550 5347 1805 5410 promptu

209 5461 407 5542 magis.
432 5461 634 5542 placuit
662 5479 920 5535 quamiea
943 5482 1064 5542 quae
1084 5467 1213 5542 olim
1259 5471 1403 5527 edita
1433 5484 1537 5542 est,
1560 5481 1805 5536 exerceri.

209 5529 361 5590 Haud
393 5529 470 5589 ita
508 5529 692 5617 m‘ulto'
718 5529 867 5617 post,
925 5529 1235 5617 trucidant“
1263 5529 1574 5617 legebatur,
1590 5529 1701 5605 ubi
1713 5529 1810 5608 "ei

206 5606 403 5662 iisdem
435 5605 594 5689 codd.
632 5608 964 5695 restituimus
996 5612 1136 5695 cruci
1166 5605 1365 5695 άαηιεξ.
1404 5605 1622 5695 Initium
1665 5605 1813 5695 capi:

206 5678 277 5732 tis
304 5678 862 5756 sequentisteosdem
919 5682 1143 5756 codices
1175 5691 1349 5745 secuti
1378 5733 1392 5756 ,
1444 5691 1607 5749 aliter
1635 5678 1813 5751 edidi-

208 5764 354 5814 mus,
388 5765 549 5832 quam
572 5750 701 5804 olim
732 5750 997 5832 Acherius
1027 5756 1176 5832 :_sed
1206 5776 1325 5832 qua:
1356 5750 1684 5823 mutavimus
1708 5750 1814 5824 non

210 5821 482 5901 ejusmodi
512 5829 663 5889 sunt,
695 5830 755 5877 ut
802 5823 870 5880 de
898 5825 1128 5899 singulis
1165 5821 1431 5891 lectorem
1474 5821 1820 5903 moneri—ne-

214 5906 368 5949 cesso
396 5900 490 5947 sit.

1920 547 2314 619 plenitudinem
2347 554 2579 624 justitiae
2615 559 2896 628 plenitudo
2944 572 3246 636 temporum
3280 547 3520 632 custodi-

1916 650 2020 709 ret,
2052 653 2105 698 et
2130 645 2270 700 inter
2302 647 2651 707 traditionem
2680 668 2742 707 ac
2777 654 3046 725 judicium
3082 677 3177 732 per
3226 667 3514 734 prolixitao

1916 741 2025 788 tem
2050 735 2275 794 abolitio
2305 756 2411 795 non
2445 742 2710 815 auferret,
2745 749 2887 817 quod
2922 766 3112 822 magna
3149 755 3241 811 Dei
3270 757 3514 827 dignatio

1916 828 2300 895 praestitisset?
2348 833 2407 889 Si
2460 836 2603 891 enim
2634 840 2718 894 vel
2748 842 2941 898 mediis
2965 846 3050 901 vel
3083 849 3516 924 quibuscumque

1916 928 2043 974 ante
2098 925 2440 994 temporibus
2492 929 2740 986 Christus
2793 937 3049 1005 venisset,
3092 941 3204 1010 jam
3240 957 3349 998 non
3400 945 3514 1001 sola

1917 1011 2109 1067 abusio
2137 1015 2321 1083 fidem,
2352 1020 2449 1076 sed
2476 1037 2597 1077 cum
2629 1024 2891 1085 abusione
2924 1031 3139 1088 tulisset
3184 1044 3240 1091 et
3284 1036 3511 1108 oblivio,

1917 1110 2175 1181 nullaque
2212 1114 2436 1184 justitire
2488 1135 2617 1176 cura
2686 1123 2964 1182 hominum
2996 1131 3163 1187 corda
3204 1134 3513 1204 morderet;

1916 1205 2176 1271 quoniam
2230 1209 2504 1270 difficilius
2534 1217 2769 1287 antiquis
2794 1222 3123 1281 credendum
3148 1240 3293 1285 esset
3322 1248 3510 1287 exem-

1918 1294 2044 1363 plis,
2072 1313 2193 1354 cum
2215 1302 2303 1357 vix
2330 1308 2643 1365 recentibus
2672 1312 2805 1369 fides
2827 1314 3007 1372 detur.
3040 1320 3180 1377 Ecce
3199 1323 3378 1380 adhuc
3408 1327 3514 1388 Do-

1915 1391 2135 1448 minicaz
2180 1398 2357 1455 crucis
2416 1416 2480 1457 ac
2539 1406 2732 1461 mortis
2782 1407 2983 1467 indicia
3040 1412 3223 1472 felicis
3274 1420 3512 1489 sepulcri

1915 1489 2123 1544 exuviae
2145 1493 2450 1565 continent,
2479 1508 2533 1553 et
2559 1500 2802 1570 signatus
2825 1521 2855 1559 a
2888 1512 3139 1576 przesenti
3165 1514 3512 1573 multitudine

1912 1581 2067 1638 locus
2098 1596 2220 1654 post
2252 1596 2672 1651 resurrectionis
2720 1599 2895 1654 visum
2946 1605 3226 1662 caelestem
3281 1618 3514 1667 testatur

1910 1691 2200 1737 ascensum
2233 1700 2247 1739 :
2302 1700 2441 1755 pene
2467 1688 2642 1745 adhuc
2674 1692 2789 1748 solo
2820 1697 3065 1754 resident
3095 1702 3291 1769 pedum
3325 1721 3512 1775 pressa

1910 1774 2161 1846 vestigia,
2221 1794 2284 1832 ac
2326 1781 2573 1839 lustratm
2628 1789 2885 1857 operibus
2952 1794 3204 1865 regiones
3253 1799 3512 1858 virtutum

2083 1870 2165 1939 pla
2194 1870 2611 1933 demonstrant:
2643 1890 2696 1935 et
2718 1897 2747 1935 a
2778 1885 2966 1940 multis
2987 1884 3238 1947 Christus
3265 1905 3357 1947 aut
3387 1897 3515 1966 quia

1911 1962 2296 2034 luitmortuus,
2325 1968 2464 2023 Deus
2483 1986 2606 2028 csse
2630 1990 2736 2029 non
2770 1978 3106 2048 aestimatur;
3138 1994 3233 2039 aut
3256 1989 3512 2054 quoniam

1912 2055 1957 2110 si
1990 2056 2154 2127 Deus,
2200 2058 2368 2118 fuisse
2406 2075 2654 2122 mortuus
2687 2079 2743 2124 et
2778 2082 2902 2141 post
2948 2085 3181 2134 mortem
3225 2097 3518 2155 resurgere

1914 2155 2156 2222 potuisse
2185 2172 2291 2213 non
2322 2161 2599 2228 creditur;
2633 2181 2755 2220 cum
2794 2180 2999 2239 praeter
3045 2184 3244 2231 cmtera
3271 2187 3328 2234 et
3366 2196 3518 2237 mors

1913 2246 2189 2305 hominem
2246 2256 2470 2324 probet,
2528 2269 2583 2314 et
2634 2266 2969 2323 resurrectio
3040 2268 3232 2326 Deum.
3284 2274 3519 2333 Exstant

1914 2352 2177 2410 praeterea
2198 2344 2528 2416 Apostolicze
2544 2356 2981 2415 conversationis
3002 2372 3178 2430 actus,
3206 2374 3261 2420 et
3280 2365 3513 2426 formam

1908 2433 2135 2505 justitia:
2184 2437 2211 2477 b
2244 2443 2395 2512 sequi
2429 2459 2570 2514 pene
2602 2456 2661 2501 ut
2690 2464 2718 2502 a
2780 2455 3142 2520 praesentibus
3191 2459 3510 2532 edocemur,

1914 2542 2035 2584 cum
2059 2546 2124 2585 ea
2162 2548 2283 2605 quae
2326 2536 2518 2595 fecisse
2549 2540 2780 2612 legimus
2834 2548 3008 2617 vivos,
3058 2552 3222 2607 etiam
3254 2564 3380 2611 ante
3420 2556 3519 2614 de-

1914 2620 2223 2682 functorum
2252 2629 2471 2687 cineres
2502 2634 2621 2689 fieri
2659 2654 2805 2709 saepe
2836 2642 3137 2701 videamus.
3168 2647 3269 2703 Vix
3294 2652 3518 2723 prOpiu-

1916 2716 2122 2785 quitate
2145 2719 2267 2775 linis
2299 2733 2353 2778 et
2385 2724 2644 2783 instantis
2673 2733 2945 2789 examinis
2992 2744 3204 2795 terrore
3234 2744 3521 2813 compelli-

1916 2824 2058 2878 mur,
2098 2813 2308 2871 relictis
2359 2816 2544 2888 idolis,
2588 2838 2776 2879 veram
2822 2826 3004 2884 colere
3051 2830 3424 2904 divinitatem;
3465 2850 3523 2895 et

1916 2902 2060 2960 inter
2092 2910 2327 2977 primum
2358 2930 2521 2984 quem
2572 2920 2824 2977 novimus
2876 2938 2940 2979 ac
2983 2929 3284 2986 secundum
3313 2932 3521 2992 Christi

1918 3013 2078 3068 quem
2124 3015 2511 3072 exspectamus
2565 3011 2903 3083 adventum,
2959 3019 3228 3081 brevitate
3288 3027 3518 3086 salutari

1918 3099 2081 3161 atque
2113 3093 2245 3164 ipsis
2272 3107 2577 3171 temporum
2610 3115 2888 3164 arctamur
2911 3116 3197 3185 angustiis,
3244 3134 3347 3175 nec
3378 3122 3522 3178 obli-

1917 3184 2131 3243 vionem
2162 3191 2452 3251 admittere
2480 3211 2898 3272 praeceptorum,
2936 3222 3036 3263 nec
3067 3212 3356 3279 promissae
3387 3217 3518 3273 bea-

1922 3277 2161 3336 titudinis
2211 3284 2508 3356 desperare
2563 3304 2912 3362 proventum.
2960 3300 3343 3363 Necessarium
3385 3327 3520 3383 ergo

1913 3369 2068 3427 vides
2090 3372 2279 3443 fuisse,
2312 3388 2368 3433 ut
2398 3380 2787 3443 interclusione
2805 3392 3132 3450 saeculorum
3165 3414 3265 3455 nec
3296 3404 3519 3470 pericli-

1915 3465 2017 3520 tari
2042 3466 2202 3524 linem
2231 3471 2437 3529 sineret
2466 3479 2845 3551 prOpinquitas
2885 3486 3154 3547 adventus
3182 3492 3434 3564 alterius,
3465 3507 3521 3555 et

1914 3562 2122 3616 servari
2176 3562 2441 3633 justitiam
2472 3569 2764 3631 imminens
2803 3577 2994 3647 judicii
3028 3591 3203 3642 terror
3238 3590 3516 3661 exigeret;

1911 3657 2189 3728 praecipue
2244 3675 2366 3717 cum
2399 3667 2634 3723 maxima
2685 3682 2832 3728 esset
2863 3684 2917 3729 et
2942 3677 3180 3745 perfecta
3210 3682 3519 3758 delaturus,

1914 3757 1971 3803 et
2008 3765 2127 3819 qua:
2170 3752 2408 3822 perfecta
2450 3768 2577 3815 sunt
2628 3762 2734 3819 nisi
2775 3776 3049 3836 postrema
3097 3789 3221 3832 esse
3247 3793 3355 3834 non
3388 3795 3521 3851 pos~

1915 3841 2043 3897 sint.
2082 3843 2274 3901 Videte
2299 3850 2469 3919 enim,
2499 3867 2734 3925 quantos
2777 3865 3027 3919 anterior
3066 3867 3213 3925 illius
3249 3872 3521 3933 salvasset

1914 3935 2202 4006 adventus,
2236 3942 2420 4011 plures
2438 3958 2587 4003 certe
2617 3966 2776 4020 quam
2807 3970 2949 4013 nunc
2971 3958 3155 4029 faciet,
3190 3978 3315 4020 cum
3349 3985 3379 4022 a
3407 3968 3515 4027 ﬁde

1914 4027 2185 4085 invenerit
2233 4032 2460 4104 alienos,
2522 4044 2797 4108 posterior
2845 4049 3205 4121 perdidisset;
3254 4062 3513 4127 quoniam

1913 4136 2072 4190 quem
2107 4125 2293 4179 talium
2327 4130 2669 4187 curationum
2702 4138 2943 4194 remedia
2976 4158 3084 4198 non
3115 4149 3381 4218 sanarint,
3419 4152 3516 4209 de-

1914 4216 2149 4271 nuntiati
2180 4221 2445 4276 examinis
2472 4226 2608 4281 ordo
2650 4228 2961 4300 damnabit;
2997 4252 3199 4308 parque
3229 4241 3283 4297 in
3316 4243 3515 4317 despe-

1915 4311 2184 4367 rationem
2210 4319 2591 4386 perpetuitatis
2617 4338 2739 4381 esse
2752 4331 3091 4397 exspectatio
3114 4343 3317 4405 potest,
3344 4338 3514 4397 Deum

1913 4418 2010 4475 per
2042 4405 2216 4477 legem
2244 4409 2409 4479 scire,
2462 4424 2517 4470 et.
2559 4417 2710 4474 nolle
2753 4418 3041 4491 justitiam,
3073 4443 3233 4498 quam
3263 4446 3326 4486 ea
3352 4447 3519 4504 agere

1913 4500 2279 4571 qumjustitia:
2309 4504 2622 4578 videantur,
2677 4523 2731 4568 et
2784 4513 2956 4575 Deum
3012 4536 3107 4591 per
3154 4523 3329 4595 legem
3370 4500 3520 4587 nolle

1913 4607 2269 4666 cognoscere.

2539 4699 2727 4760 APUT
2766 4702 2933 4765 XXII.

2089 4835 2152 4889 Si
2178 4854 2398 4911 corpora
2434 4845 2780 4913 reformentur
2807 4848 2861 4903 in
2899 4858 3339 4914 resurrectionem.

1987 4968 2192 5027 APOLL.
2218 5004 2289 5013 -—
2318 4974 2435 5031 Non
2464 4979 2780 5049 ignoramus
2817 4987 3035 5047 animas
3082 4992 3355 5066 depositis
3384 5014 3509 5057 cor-

1916 5063 2142 5133 poribus
2170 5065 2239 5121 ad
2262 5066 2456 5136 Deum,
2484 5072 2536 5127 id
2560 5084 2646 5129 est
2683 5077 2751 5132 ad
2780 5090 3062 5140 auctorem
3096 5063 3381 5160 proprium
3423 5109 3513 5151 re-

1916 5171 2130 5225 meare;
2164 5160 2257 5215 sed
2284 5162 2335 5216 in
2363 5162 2449 5219 his
2481 5167 2631 5233 prius
2653 5176 2994 5232 contractam
3020 5179 3274 5238 humanis
3300 5187 3514 5246 actibus

1915 5247 2096 5306 labem
2130 5252 2361 5310 aetherio
2416 5256 2543 5328 igne
2568 5266 2807 5334 purgari,
2840 5276 2898 5323 ut
2920 5268 3035 5326 Deo
3073 5271 3272 5331 iterum
3305 5293 3373 5334 ex
3405 5295 3515 5350 quo

1914 5344 2105 5416 utique
2144 5357 2292 5415 sunt,
2356 5365 2509 5421 purae
2539 5366 2605 5409 ac
2634 5355 2912 5428 simplices
2956 5364 3315 5424 misceantur.
3358 5370 3515 5431 Unde

1990 5494 2015 5561 ξι
2048 5486 2138 5543 Sic
2161 5504 2305 5561 saepe
2334 5491 2539 5549 laudati
2560 5496 2779 5557 codices
2814 5520 2826 5556 :

1917 5558 2162 5614 videntia.

1993 5628 2019 5667 ι)
2044 5630 2257 5714 Dptima
2286 5639 2885 5724 eorumdemﬁcodicum
2918 5646 3081 5724 lectio
3114 5666 3128 5704 :
3164 5653 3317 5724 prior
3345 5657 3515 5717 editio

1920 5704 2061 5773 sequi
2089 5716 2263 5801 prout,
2296 5712 2552 5777 pessime.
2586 5714 2741 5783 Quod
2791 5720 3056 5789 sequitur,
3088 5704 3192 5777 ria:r
3211 5704 3521 5801 propinqui:

1928 5781 2025 5801 ,λη
2079 5794 2197 5801 ,μη
2250 5795 2392 5801 ,μω
2668 5788 2741 5801 ..-
2912 5790 2935 5801 ι.
3001 5792 3031 5801 .-

1924 5781 2046 5871 tate,
2077 5779 2397 5862 mendosum
2429 5795 2563 5868 est;
2585 5779 2680 5842 sed
2707 5788 2780 5842 ita
2810 5779 2883 5846 ιη’
2906 5779 3069 5849 facile
3090 5779 3434 5871 etneitdertur',
3470 5804 3519 5862 si

1926 5843 2159 5917 legatur,
2192 5852 2267 5905 sic
2291 5843 2689 5927 prapinquitate.

2878 5502 2933 5559 in
2958 5504 3144 5574 editis,
3178 5510 3357 5566 divina
3390 5532 3514 5587 pro-
