4060 6344
552 276 683 351 ιοθι

1826 286 2147 345 mecum
2176 274 2563 347 cumsuam

3722 270 3847 347 tos

548 414 593 466 si
622 412 724 467 hoc
773 412 917 468 forte
959 412 1224 484 judicium
1279 412 1449 466 vultis
1485 410 1683 477 videri,
1738 426 1850 465 non
1884 411 2153 479 praeﬁnita
2185 416 2230 475 Α
2263 414 2361 468 nisi
2397 415 2713 485 putrucrint
2756 416 2963 471 semina
3012 430 3119 470 non
3149 421 3467 483 resurgunt.
3498 419 3557 467 et
3582 410 3685 465 nisi
3712 411 3851 479 prius

551 486 941 559 universortim
998 506 1408 560 consmnmatio
1459 504 1626 560 eiiicit
1677 507 1862 571 linem,
1898 505 1992 561 sed
2020 506 2154 561 ordo

553 600 962 655 decedentium.

624 693 830 751 Zsccu.
865 724 936 733 —
992 694 1126 748 Tota
1162 694 1214 748 in
1258 708 1453 749 errore
1504 702 1588 749 est
1636 703 1821 749 vestra
1868 693 2151 751 delinitio:

553 797 580 825 ι
623 803 748 842 nam
799 786 1253 857 quemadmodum
1309 787 1509 842 anima:
1559 786 1842 842 hominum
1887 787 2152 857 judicium

551 883 917 951 susciperent,
976 881 1021 935 si
1061 896 1124 936 ex
1158 880 1273 935 Deo
1301 882 1520 935 essent?
1548 880 1796 950 Simplex
1846 884 1988 936 enim
2024 883 2152 935 sui»

551 972 751 1027 stantia
812 970 1121 1025 divinitatis
1171 988 1277 1025 non
1310 983 1604 1043 purgatur,
1658 972 1786 1042 quia
1836 987 1937 1028 uec
1987 972 2154 1042 pollui

553 1078 735 1138 potest
767 1085 778 1120 :
816 1083 1050 1125 necesse
1074 1077 1154 1123 est
1186 1069 1331 1123 enim
1364 1078 1421 1122 ut
1454 1069 1705 1139 purgatio
1749 1067 2001 1135 passione
2049 1083 2156 1121 non

547 1173 758 1230 careat,
786 1179 972 1233 quam,
1030 1166 1172 1218 sicut
1226 1165 1452 1230 scimus,
1484 1162 1793 1219 substantia
1826 1162 2011 1217 divina
2049 1178 2154 1215 non

549 1259 769 1326 recipit.
813 1259 1029 1313 Animae
1057 1273 1189 1327 ergo
1219 1256 1500 1312 hominum
1526 1272 1635 1311 non
1656 1272 1721 1311 ex
1750 1257 1860 1311 Deo
1885 1265 2035 1321 sunt,
2061 1254 2156 1309 sed

548 1364 576 1402 a
613 1348 723 1403 Deo
754 1347 936 1415 factae,
987 1358 1043 1403 et
1073 1364 1212 1420 Opus
1261 1350 1560 1419 Creatoris,
1597 1363 1704 1404 non
1749 1358 2042 1404 consortes
2071 1348 2158 1401 Di-

550 1440 818 1496 vinitatis.
862 1440 995 1497 Cum
1031 1458 1160 1497 vero
1196 1442 1443 1513 prazdicti
1487 1442 1685 1511 judicii
1734 1451 1953 1512 tempus
1985 1441 2153 1495 adve-

550 1533 718 1601 nerit,
769 1530 1023 1588 defuncta
1052 1536 1311 1604 qurelibet
1354 1537 1485 1590 olim
1516 1545 1823 1605 receptura:
1880 1546 2009 1589 sunt
2038 1550 2159 1588 cor-

556 1640 711 1697 pora,
748 1635 806 1679 ut
827 1642 946 1681 cum
993 1626 1186 1681 iisdem
1232 1636 1329 1681 aut
1357 1628 1511 1697 juste
1541 1639 1660 1681 acta
1700 1626 2027 1698 percipiant,
2070 1635 2161 1680 aut

550 1716 738 1787 inique
790 1727 1107 1787 perpetrata
1146 1719 1441 1787 patiantur.
1473 1719 1725 1773 Christus
1770 1726 1951 1771 autem
1986 1717 2159 1771 mani-

2258 516 2471 561 mortua
2516 524 2622 561 non
2676 506 3040 563 reviviscunt.
3094 506 3370 576 Numquid
3426 505 3601 560 sulcis
3634 504 3851 557 virentia

2255 610 2382 654 sunt
2422 600 2691 667 demersa,
2737 610 2834 656 aut
2880 616 3003 655 cum
3051 602 3275 655 calamis
3307 608 3500 668 operta
3553 595 3856 652 latuerunt?

2259 692 2414 748 Uttdn
2442 709 2572 761 ergo
2603 690 2631 730 ἀ
2675 694 2725 747 iu
2760 706 2869 748 uno
2917 694 3202 765 multipiex
3259 692 3494 748 semen?
3544 689 3701 746 Unde
3740 702 3855 743 cum

2256 786 2446 840 aristis
2481 802 2653 842 novus
2702 787 2987 854 palearum
3022 787 3226 842 candor
3260 784 3533 855 emergit?
3563 784 3687 851 Quo
3708 791 3857 852 pacto

2258 893 2322 933 ex
2359 877 2544 933 radice
2572 880 2650 931 vis
2682 880 2948 949 germinis
2979 879 3192 935 scandit
3228 880 3284 933 in
3316 881 3527 949 spicas,
3553 876 3646 931 vel
3675 890 3855 946 quem-

2258 972 2555 1028 admodum
2604 984 2795 1043 postea
2849 990 2915 1029 ex
2966 974 3230 1030 viridibus
3282 974 3473 1029 herbis
3516 972 3641 1025 alba
3692 972 3857 1023 molli-

2261 1068 2361 1120 lies
2408 1075 2651 1121 mutatur
2700 1068 2751 1120 in
2808 1067 3000 1122 farra?
3048 1067 3180 1133 Quze
3243 1076 3395 1120 certe
3440 1065 3703 1119 situiilter
3754 1064 3859 1117 lieri

2261 1175 2417 1227 posse
2456 1175 2560 1213 non
2591 1160 2868 1220 crederes.
2904 1161 3003 1214 uisi
3035 1176 3253 1231 semper
3279 1160 3521 1214 videres.
3555 1157 3715 1225 Quod
3737 1158 3861 1227 ergo

2261 1254 2313 1306 in
2348 1253 2428 1307 bis
2455 1269 2575 1322 qua:
2600 1254 2665 1307 ad
2696 1255 2898 1309 victum
2924 1254 3162 1310 hominis
3184 1255 3485 1323 pertinent,
3521 1262 3580 1306 ut
3618 1252 3687 1304 ab
3723 1252 3862 1305 initio

2265 1348 2411 1401 Dt'lis
2442 1348 2657 1411 statuit,
2693 1358 2837 1401 terra
2868 1348 2947 1402 sic
2978 1347 3187 1412 reddit,
3222 1349 3281 1401 in
3306 1349 3479 1416 ipsius
3509 1346 3755 1400 hominis
3788 1360 3862 1399 re-

2265 1440 2546 1506 paratione
2594 1454 2700 1493 non
2736 1439 2931 1494 faciet?
2958 1440 3060 1508 Qui
3090 1436 3427 1496 mirabilium
3481 1439 3581 1494 Dei
3617 1439 3768 1492 testis
3794 1440 3863 1493 el-

2262 1533 2436 1586 lectus
2462 1531 2615 1602 (est),
2653 1532 2703 1586 in
2748 1548 2808 1587 se
2839 1548 3070 1587 necesse
3116 1543 3200 1588 est
3241 1543 3366 1602 post
3400 1534 3863 1587 resurrectionem

2264 1624 2501 1678 maxime
2565 1634 2801 1693 stupeat,
2833 1624 2977 1693 quod
3025 1625 3080 1679 in
3122 1626 3387 1695 subjectis
3436 1637 3570 1679 ante
3610 1624 3861 1678 laudavit.

2266 1719 2421 1776 Unde
2465 1720 2664 1773 borum
2691 1720 2933 1773 omnium
2966 1721 3181 1774 ratione
3229 1728 3543 1790 perspecta,
3593 1720 3866 1773 defuncto-

552 1810 695 1865 feste
724 1812 921 1865 iterum
970 1809 1039 1867 de
1069 1812 1397 1867 caelestibus
1421 1813 1603 1867 veniet
1633 1828 1645 1863 :
1672 1811 1818 1864 illius
1840 1825 2023 1865 coram
2068 1809 2160 1864 tri-
2194 1807 2235 1867 Β
2267 1827 2383 1865 rum
2430 1813 2646 1866 cineres
2702 1811 2788 1866 vel
2828 1811 3042 1866 favillas
3069 1828 3257 1866 semen
3286 1826 3587 1882 corporum
3620 1826 3744 1865 esse
3769 1826 3863 1865 non

552 1896 739 1956 buuali
772 1901 1095 1969 astabimus,
1150 1902 1297 1959 illius
1327 1906 1601 1957 sententia
1636 1904 2021 1958 universorum
2054 1918 2162 1957 me

558 1992 663 2049 rita
725 1995 1102 2064 penSabuntur
1150 2015 1162 2049 :
1219 2007 1273 2050 et
1304 1999 1393 2067 qui
1428 1996 1532 2051 sub
1580 1997 1787 2066 judicio
1832 2012 2023 2065 passus
2054 2006 2161 2063 est,

548 2084 846 2158 judicabit,
876 2090 1021 2143 nulla
1051 2088 1361 2160 iniquitatis
1412 2091 1643 2162 vestigia
1690 2092 2008 2152 relicturus.
2038 2108 2160 2147 cum

548 2192 602 2239 et
635 2181 897 2237 ﬂdelibus
955 2184 1425 2239 immortalitatem
1453 2184 1645 2240 reddat
1691 2187 1741 2239 in
1768 2202 1958 2256 regno,
1995 2194 2050 2241 et
2078 2188 2162 2241 in-

553 2275 799 2331 credulis
826 2286 1150 2347 perpetuum
1181 2279 1230 2331 iu
1256 2278 1450 2333 dolore
1481 2280 1806 2335 cruciatum.

1129 2368 1357 2428 CAPUT
1393 2368 1584 2428 XXIII.

851 2460 929 2519 De
952 2462 1197 2538 neglectis
1230 2474 1279 2519 et
1306 2484 1337 2520 a
1369 2469 1543 2522 bestiis
1574 2468 1851 2523 devoratis.

630 2558 830 2613 Arcu.
858 2588 927 2597 —
966 2554 1206 2614 lloccine
1234 2560 1396 2613 etiam
1425 2558 1597 2615 asseri
1626 2576 1655 2615 a
1698 2561 2040 2634 sapientibus
2070 2578 2168 2632 po-

556 2656 687 2714 test,
744 2648 1000 2719 antiquas
1052 2658 1400 2704 mortuorum
1449 2648 1686 2719 favillas,
1715 2663 1770 2707 et
1809 2655 1860 2707 in
1900 2654 2166 2724 sepulcris

556 2742 893 2800 saeculorum
948 2750 1110 2799 actate
1140 2746 1477 2816 consumptis
1522 2744 1607 2800 vix
1659 2747 1864 2801 ossium
1924 2749 2165 2802 cinerem

577 2838 935 2906 residentem,
969 2855 1184 2893 rursum
1220 2840 1272 2892 in
1304 2854 1535 2910 corpora
1584 2856 1747 2911 posse
1778 2843 2055 2910 componi,
2105 2857 2167 2895 ac

559 2934 855 3006 pristinum
906 2930 1273 2989 membrorum
1314 2933 1558 3003 vigorem
1583 2931 1734 2989 dubii
1771 2934 2013 3004 pulveris
2056 2935 2170 2989 col-

562 3030 799 3083 leCtionc
831 3026 1093 3082 solidari?
1122 3024 1279 3084 Unde
1300 3026 1512 3083 animas
1536 3027 1987 3099 cuilibetjudicio
2010 3029 2169 3085 subdi

557 3134 721 3192 posse
750 3121 960 3178 facilius
980 3121 1354 3191 acquiescam,
1377 3138 1537 3193 quam
1566 3134 1905 3178 mortuorum
1933 3138 2163 3194 corpora

557 3218 611 3272 ln
641 3215 765 3269 vitae
794 3215 1041 3269 ordinem
1074 3228 1234 3285 posse
1260 3216 1533 3271 revocari.

628 3309 830 3367 ZACCH.
863 3340 931 3349 —
956 3309 1022 3365 Et
1050 3308 1450 3367 admonitionis
1480 3326 1615 3367 meae
1649 3322 1702 3367 ct
1724 3322 1830 3367 tua).
1854 3313 2165 3383 sponsionis

554 3405 759 3459 oblitus
780 3419 838 3460 es
856 3402 908 3470 ι’,
934 3405 975 3459 si
1002 3404 1114 3460 Deo
1135 3404 1341 3476 aliquid
1364 3406 1704 3476 impossibile
1720 3408 2029 3462 contendis.
2059 3407 2162 3476 Qui

557 3496 721 3570 igitur
754 3496 901 3569 quod
944 3510 1052 3553 non
1086 3507 1203 3554 erat
1236 3498 1366 3553 iet-it
1398 3510 1456 3553 ut
1489 3508 1654 3566 esset,
1680 3515 1807 3571 ergo
1832 3509 1887 3556 ut
1920 3505 1988 3555 sit
2019 3500 2162 3571 quod

560 3592 738 3651 fuerat
761 3608 865 3650 nou
897 3602 1078 3664 potest
1101 3593 1316 3647 lacere?
1348 3608 1441 3648 aut
1465 3611 1575 3648 non
1603 3596 1768 3649 etiam
1790 3595 1947 3650 nobis
1970 3595 2165 3651 dil‘iici-

558 3688 669 3743 ilus
694 3698 777 3743 cst
800 3685 980 3741 facere
1011 3687 1154 3757 quod
1182 3703 1288 3743 non
1317 3685 1518 3757 fuerit,
1549 3706 1709 3758 quam
1734 3705 1996 3759 reparare
2019 3688 2163 3762 quod

562 3778 872 3835 nterit?Sed
900 3778 1033 3833 hanc
1050 3778 1143 3834 Dei
1170 3780 1593 3851 possibilitatem
1618 3781 1908 3836 {estimatio
1925 3783 2161 3839 humana

563 3886 671 3930 non
699 3875 943 3945 ccapiat,
964 3875 1005 3929 si
1033 3874 1133 3929 hoc
1161 3884 1459 3945 praesentes
1483 3892 1589 3931 non
1615 3876 1848 3932 edocent
1871 3889 2160 3944 creatura),

563 3966 608 4022 si
636 3972 881 4037 tempora
901 3964 1211 4039 specierum
1236 3967 1499 4023 varietate
1524 3984 1628 4023 non
1656 3970 1896 4039 signant.
1921 3971 2163 4026 Diversae.

563 4060 796 4116 arbores
838 4059 1031 4115 hiemis
1064 4062 1246 4132 rigore
1271 4060 1567 4125 nudantur.
1621 4074 1673 4118 et
1714 4064 1965 4119 decussis
2022 4066 2163 4120 foliis

564 4155 778 4225 perisse
820 4168 942 4209 cum
982 4156 1153 4224 gratia
1186 4168 1339 4225 spem
1372 4158 1681 4225 germinum
1722 4158 1941 4214 credas.
1973 4158 2040 4213 At
2074 4158 2162 4213 ubi

565 4247 743 4301 lenius
785 4247 932 4302 veris
960 4255 1176 4318 tempus
1200 4246 1428 4312 amavit,
1464 4248 1659 4302 mirum
1722 4248 1775 4303 iu
1809 4250 2030 4304 modum
2064 4250 2163 4305 ltu-

564 4352 688 4394 mor
710 4337 985 4395 radicibus
1036 4346 1219 4394 tentus
1273 4340 1417 4395 celsa
1468 4342 1817 4408 conscendit,
1863 4346 2159 4399 candorem

562 4445 687 4486 cum
712 4431 896 4502 specie
920 4446 1080 4503 quem
1116 4432 1167 4486 iu
1200 4431 1345 4504 ligno
1370 4446 1476 4485 nou
1504 4432 1792 4501 habuerat,
1826 4432 1877 4488 in
1936 4434 2164 4491 tioribus

561 4541 759 4582 ercans
792 4545 804 4583 :
840 4525 1051 4583 fructus
1111 4525 1445 4597 adjiciuntur
1501 4528 1555 4581 in
1620 4530 1816 4596 pomis,
1849 4538 1904 4583 et
1943 4530 2162 4599 quidam

559 4622 793 4675 vestitus
823 4622 874 4675 in
906 4622 1067 4687 loliis,
1104 4620 1358 4691 quodque
1386 4620 1439 4676 in
1464 4622 1664 4675 arbore
1694 4638 1798 4676 non
1841 4632 1981 4689 erat,
2012 4621 2163 4677 vide-
2191 4604 2241 4666 D

562 4719 652 4765 tur
705 4713 757 4765 iu
814 4721 1079 4781 tempore.
1135 4712 1277 4779 Quid
1303 4713 1450 4781 jacta
1507 4713 1557 4767 in
1586 4714 1733 4784 agris
1763 4715 1968 4768 semina
1995 4716 2017 4769 ?
2049 4731 2160 4770 non

560 4804 777 4873 plenam
802 4804 963 4859 iidem
993 4806 1417 4860 resurrectionis
1447 4808 1793 4861 ostendunt?
1823 4807 2164 4877 Aperiantur

557 4908 721 4954 terrae
765 4899 997 4963 viscera,
1060 4908 1118 4952 ut
1163 4898 1307 4953 nuda
1357 4901 1524 4956 sulcis
1565 4918 1733 4974 grana
1790 4904 2156 4973 mandentur;

558 4991 703 5063 quod
735 4991 934 5045 humus
958 5004 1061 5045 non
1086 4991 1305 5060 texerit,
1331 4996 1473 5049 vires
1498 5012 1604 5050 non
1624 4994 1787 5052 habet
1809 5000 2157 5055 renascendi.

560 5086 715 5143 Unde
740 5086 904 5141 etiam
931 5082 984 5138 lu
1012 5085 1191 5154 parvis
1215 5088 1513 5156 potentiam
1535 5084 1813 5145 Creatoris
1836 5091 2156 5147 considera:

629 5256 657 5286 ι
689 5246 949 5303 Voculam
984 5260 1103 5300 nam
1140 5246 1450 5302 addidimus
1472 5264 1505 5304 e
1527 5248 1687 5304 codd.
1714 5248 1873 5305 Vind.
1899 5259 1954 5305 et
1976 5250 2153 5317 Lem.;

555 5320 695 5378 inira
737 5319 934 5393 altera
1015 5319 1214 5389 pagina
1286 5321 1610 5393 scripsimus
1688 5333 2000 5393 receptum,
2064 5323 2156 5377 ubi

558 5393 708 5464 prius
736 5388 1025 5461 legebatur
1054 5401 1362 5461 receptura;
1410 5391 1512 5447 hoc
1561 5394 1704 5448 enim
1762 5388 1829 5449 de
1871 5394 2155 5448 animabus

561 5465 782 5520 dicitur.

628 5537 656 5575 ι)
690 5534 783 5591 Sic
806 5535 857 5588 in
886 5535 1007 5589 cod.
1038 5535 1222 5598 \'iutl.,
1248 5534 1299 5588 in
1334 5534 1492 5588 editis
1517 5551 1569 5588 es
1590 5537 1654 5590 de
1678 5540 2069 5601 resurrectione,
2107 5541 2154 5593 si

554 5610 667 5665 Deo
694 5625 712 5662 :
741 5608 836 5661 sed
866 5624 970 5677 Aeas
996 5622 1158 5661 voces
1195 5605 1478 5677 imperitus
1504 5608 1726 5676 quidam
1770 5611 2024 5665 librarius
2053 5613 2154 5665 ob—

555 5684 821 5740 truserat.
862 5674 1000 5734 Infra
1053 5690 1105 5732 ut
1138 5674 1650 5747 esset'ascripsi'mus
1694 5696 1761 5736 ex
1815 5684 2009 5738 eodem
2059 5698 2155 5737 οη-

556 5754 762 5877 ὼῖθὶιθ
793 5821 1152 5885 restituimus,
1210 5837 1334 5875 cum
1380 5821 1433 5876 in
1463 5821 1627 5878 editis
1667 5823 1944 5895 tegeretur
1991 5827 2147 5896 copit,

2268 1908 2504 1973 nescias,
2527 1920 2591 1960 ex
2622 1921 2728 1976 quo
2752 1906 2805 1959 in
2830 1906 3125 1961 adventum
3155 1905 3464 1977 maiestatis
3494 1920 3610 1959 sine
3630 1905 3864 1959 Christus

2266 2000 2566 2054 secundum
2629 2000 2822 2055 merita
2873 2000 3135 2055 excitabit
3173 2009 3231 2053 et
3275 1998 3507 2053 fortnas.
3546 1999 3746 2053 Parum
3791 2007 3864 2053 est

2267 2088 2414 2144 enim
2474 2090 2674 2146 divinae
2724 2093 3037 2147 clementiae
3081 2093 3293 2161 species
3348 2104 3565 2147 tantum
3622 2106 3864 2159 reparare

2267 2198 2388 2252 qua:
2414 2184 2637 2250 iuerint,
2671 2184 2771 2238 nisi
2797 2195 2850 2239 et
2876 2185 3142 2239 bonorum
3168 2197 3405 2253 corpora
3430 2183 3699 2253 splendor
3720 2199 3864 2237 exor-

2270 2288 2382 2339 net,
2408 2286 2461 2331 et
2489 2277 2752 2332 malorum
2784 2277 3034 2333 confusio
3064 2277 3431 2333 deformitatis
3460 2277 3752 2333 obscuret.

2850 2431 3076 2488 CAPUT
3109 2432 3299 2488 XXIV.

2273 2550 2544 2618 Quomodo
2582 2548 2739 2602 moles
2778 2546 2891 2602 cali
2919 2558 3007 2601 aut
3048 2552 3183 2618 facta
3216 2549 3283 2603 sit
3317 2558 3405 2602 aut
3435 2549 3547 2618 [iac
3578 2557 3856 2619 pratereot.

2341 2664 2545 2717 APOLL.
2584 2691 2655 2701 -—-
2706 2659 2853 2715 Pone
2881 2661 3100 2716 interim
3128 2660 3275 2731 quod
3324 2662 3393 2717 de
3422 2663 3702 2732 sepulcris
3744 2672 3862 2715 tatu-

2269 2773 2430 2827 quam
2463 2774 2528 2811 ex
2557 2757 2699 2810 uotis
2732 2755 2954 2810 sedibus
2980 2764 3324 2810 mortuorum
3370 2755 3587 2810 favillae
3624 2770 3861 2826 reparen-

2271 2858 2357 2904 tur
2384 2848 2437 2902 in
2466 2864 2734 2916 corpora;
2766 2857 2821 2903 et
2852 2848 2978 2918 quia
3006 2850 3222 2901 condita
3252 2850 3501 2902 membra
3557 2864 3653 2903 sua
3688 2859 3712 2886 ο
3759 2848 3861 2902 ani.

2271 2958 2373 2998 ma:
2404 2942 2670 3004 noverint,
2700 2958 2768 2996 ex
2796 2941 2989 2996 iisdem
3021 2940 3156 2996 locis
3178 2942 3525 2997 conﬁdenter
3552 2952 3857 3013 reposcant:

2264 3035 2397 3105 quid
2428 3051 2522 3090 eos
2546 3036 2635 3104 qui
2668 3033 2924 3088 ﬂuctibus
2950 3034 3115 3088 mersi
3143 3040 3273 3087 sunt
3293 3033 3575 3103 bellisque
3597 3035 3859 3105 prostrati,

2271 3140 2322 3183 et
2349 3138 2468 3198 post
2506 3130 2776 3182 latronqu
2810 3128 2989 3182 caedes
3020 3128 3300 3197 exsequiis
3328 3126 3658 3182 funebribus
3690 3142 3861 3182 carue-

2190 3198 2235 3261 ε
2271 3233 2419 3287 ruut,
2444 3222 2613 3285 escis,
2648 3236 2752 3275 non
2786 3220 3054 3288 sepulcris
3079 3221 3325 3275 membra
3346 3221 3703 3292 linquentes;
3729 3236 3860 3275 num-

2270 3317 2396 3387 quid
2426 3316 2689 3371 credibile
2717 3326 2802 3370 est
2832 3317 2885 3369 in
2915 3317 3105 3369 eadem
3138 3330 3259 3384 qum
3306 3316 3605 3371 habuerint
3646 3328 3858 3386 corpora

2270 3424 2432 3479 posse
2479 3408 2693 3463 restitui
2722 3449 2737 3474 ,
2794 3424 2919 3463 cum
2969 3409 3134 3463 etiam
3172 3408 3422 3479 reliquiae
3465 3411 3717 3465 cinerum
3763 3423 3858 3463 non

2266 3511 2466 3572 queant
2496 3500 2734 3556 inveniri
2757 3501 2780 3553 ἲ

2340 3597 2539 3651 Zsccu.
2568 3626 2638 3636 -—
2669 3596 2724 3652 Si
2768 3596 2935 3650 Deum
2978 3610 3141 3662 posse
3182 3598 3367 3651 omnia
3413 3598 3720 3664 crederes,
3769 3598 3859 3652 hoc

2267 3687 2504 3758 denique
2533 3690 2676 3744 l'actu
2702 3690 2859 3744 facile
2880 3688 3179 3759 iudicares,
3214 3703 3392 3759 neque
3431 3691 3669 3746 humana
3692 3690 3859 3761 dispu-

2271 3780 2473 3836 tatione
2495 3781 2860 3848 discerneres,
2896 3792 3079 3837 utrum
3106 3783 3221 3838 ﬁeri
3255 3786 3427 3852 possit
3456 3786 3605 3856 quod
3659 3785 3859 3842 faciun-

2268 3878 2394 3933 dum
2429 3876 2522 3933 ille
2549 3878 2784 3934 dixisset
2819 3896 2832 3931 :
2866 3887 2922 3934 et
2950 3878 3075 3933 ideo
3104 3878 3240 3933 ﬁdes
3271 3892 3551 3934 summum
3582 3897 3695 3951 pra:
3718 3881 3860 3936 bonis

2269 3972 2523 4029 omnibus
2545 3976 2797 4030 meritum
2835 3986 2951 4040 est,
2984 3974 3108 4045 quia
3140 3991 3262 4045 quas
3302 3976 3450 4031 Deus
3481 3978 3716 4043 dixerit,
3766 3979 3857 4032 int-

2272 4067 2465 4137 plenda
2500 4084 2609 4123 non
2636 4069 2868 4124 dubitat.
2900 4068 2997 4123 Rei
3028 4080 3207 4124 autem
3235 4069 3399 4140 ltujus
3425 4070 3545 4126 [nec
3575 4073 3717 4126 ratio
3739 4081 3818 4125 est
3845 4084 3858 4125 :

2268 4161 2535 4217 elementa
2560 4163 2741 4216 omnia
2770 4171 3089 4234 cunctaeque
3129 4175 3397 4220 creatum
3440 4167 3595 4221 nullo
3649 4164 3858 4237 quidem

2271 4254 2426 4310 nobis
2454 4268 2617 4308 sensu
2644 4254 3033 4325 intellectuque
3056 4256 3385 4328 respondent
3410 4300 3424 4325 ,
3460 4268 3518 4313 et
3565 4259 3634 4313 ad
3687 4259 3858 4313 obser-

2272 4350 2503 4402 vantiam
2560 4358 2767 4403 tantum
2813 4351 3021 4419 proprii
3072 4350 3361 4407 ministerii
3414 4352 3670 4409 videntur
3718 4354 3857 4408 bruta

2270 4440 2589 4505 subsistere,
2624 4442 2881 4511 quoniam
2910 4443 2997 4497 vel
3028 4442 3237 4515 indigni
3263 4460 3454 4499 eorum
3508 4446 3742 4516 imperio
3776 4460 3859 4500 suo

2272 4549 2415 4598 mus,
2450 4534 2531 4588 vel
2561 4534 2747 4589 mundi
2776 4548 2974 4589 arcana
3003 4538 3315 4592 nescimus:
3352 4539 3523 4593 Deum
3577 4548 3760 4595 autem
3810 4548 3857 4593 et

2270 4626 2576 4696 intelligunt
2602 4636 2659 4682 et
2689 4635 2969 4694 verentur,
3002 4638 3165 4699 atque
3195 4630 3265 4683 ita
3306 4629 3480 4700 jussis
3519 4630 3671 4686 illius
3714 4633 3858 4686 obse-

2269 4720 2529 4789 cundant,
2563 4734 2618 4777 ut
2647 4722 2712 4778 ad
2740 4733 2926 4777 nutum
2953 4734 3217 4794 prtecepta
3242 4739 3372 4780 mox
3404 4727 3693 4796 impleant.
3714 4728 3858 4794 Qum-

2269 4814 2399 4868 libet
2430 4830 2560 4887 ergo
2588 4815 2771 4872 exesis
2794 4816 3118 4887 corporibus
3151 4817 3403 4888 piscium,
3440 4819 3739 4875 bestiarum
3770 4817 3857 4873 ali-

2271 4917 2489 4979 tumque
2539 4910 2772 4979 digestio
2826 4920 2919 4966 aut
2957 4911 3115 4978 aquis
3161 4912 3464 4980 miscetur,
3516 4924 3609 4967 aut
3658 4914 3853 4969 terris:

2268 5016 2367 5056 nec
2418 5001 2535 5056 ﬁeri
2584 5002 2692 5056 ullo
2736 5014 2897 5071 pacto
2926 5013 3125 5073 potest,
3174 5012 3233 5059 ut
3285 5020 3355 5060 ex
3399 5020 3470 5060 eo
3506 5006 3658 5077 quod
3689 5006 3855 5077 quali-

2268 5103 2585 5164 tercumque
2614 5094 2940 5163 substiterit,
2965 5095 3094 5152 nihil
3122 5105 3331 5162 restet;
3362 5098 3458 5154 sed
3489 5099 3853 5169 pretiosiorem

2266 5263 2320 5308 et
2346 5256 2397 5332 in
2428 5255 2584 5332 Vind.
2620 5260 2811 5331 capiat.
2853 5257 3046 5313 Totum
3071 5259 3174 5315 hoc
3194 5272 3362 5330 caput
3392 5263 3467 5316 ita
3490 5263 3693 5319 editum
3726 5276 3849 5332 erat,

2266 5334 2325 5379 ut
2356 5326 2577 5406 intelligi
2621 5326 2704 5383 vii
2750 5338 2975 5397 posset:
3005 5344 3146 5406 nunc
3176 5326 3413 5406 ser—vatis
3458 5326 3849 5406 interpunctio;

2266 5413 2393 5469 num
2422 5399 2653 5469 legibus,
2678 5417 2905 5469 quarum
2932 5402 3130 5456 nullam
3161 5400 3433 5462 Aclterius
3466 5399 3738 5463 rationem
3762 5410 3852 5464 ha-

2264 5467 2758 5593 iliueaat,'egregias
2789 5476 3088 5529 sententias
3144 5476 3442 5546 perspicue
3482 5472 3538 5534 iu
3578 5495 3647 5536 eo
3670 5480 3852 5551 depre-

2303 5555 2367 5593 Cil
2412 5556 2491 5593 CS.

2303 5555 2491 5595 CilﬂCS.

2329 5610 2493 5693 filio
2524 5612 2689 5693 etiam
2722 5613 2966 5671 eodicem
3008 5615 3166 5693 Vind:
3213 5620 3547 5693 sequimur:
3583 5623 3636 5677 in
3680 5624 3852 5693 priore

2258 5683 2501 5765 editione
2536 5686 2765 5765 habetur
2800 5704 2862 5739 ea:
2895 5704 3019 5765 uno,
3060 5686 3220 5743 male.
3250 5683 3409 5765 Haud
3442 5696 3515 5749 ita
3542 5683 3713 5751 multo
3745 5704 3850 5765 post

2257 5755 2348 5810 ubi
2382 5760 2519 5830 testis
2543 5757 2759 5830 emotus
2790 5768 2861 5812 est
2907 5758 3124 5830 legitur,
3150 5762 3387 5819 verbum
3417 5776 3492 5820 est
3528 5755 3846 5822 addidimus.

2332 5836 2355 5865 ε
2385 5828 2662 5884 Posterior
2692 5828 2807 5885 haec
2837 5828 3032 5887 vocula
3062 5831 3242 5889 addita
3276 5849 3359 5891 est
3404 5851 3433 5891 e
3462 5834 3590 5892 cod.
3626 5836 3845 5897 Vindoc.
