4060 6344
558 282 698 347 1095

1824 275 2148 336 ΖΑΟΕΗΕΙ
2184 269 2576 335 CHRISTIANI

3729 269 3852 332 i096

558 402 751 475 gaudia
782 412 880 457 sua
910 398 1285 471 unusquisque
1310 397 1394 453 sic
1424 394 1637 467 diligat,
1668 401 1728 450 ut
1776 394 2049 451 claritatis
2077 393 2158 447 di-
2184 394 2237 454 Α
2264 408 2369 447 non
2398 401 2612 459 carent,
2642 407 2706 448 ac
2735 392 2860 464 plus
2884 406 3046 465 quam
3105 392 3367 449 homines
3415 390 3596 449 sciant
3644 406 3855 448 necesse

559 498 815 552 stantiam
865 494 983 563 pari
1014 492 1430 549 immortalitate
1458 500 1797 561 compenset.
1844 490 2005 545 Nulla
2047 499 2156 543 tum

560 589 874 659 interiectio
899 589 1079 643 noctis
1109 586 1531 642 continuilatem
1565 585 1675 639 diei
1707 584 1957 653 lucisque
1988 582 2159 636 viola-

562 682 644 739 bit
669 700 681 735 :
705 698 949 755 praesens
974 682 1118 737 enim
1142 680 1484 735 cernentium
1514 678 1723 733 visibus
1756 678 1921 741 Deus,
1949 685 2005 730 et
2036 676 2162 729 bea—

564 784 743 833 torum
775 776 976 831 lrctitiac
1006 789 1227 845 semper
1282 773 1435 828 socia
1478 770 1739 826 divinitas
1770 768 2161 824 obscuritatem

563 871 801 941 fugabit,
848 870 1103 939 diemque
1151 868 1410 938 junctnra
1438 875 1542 921 est.
1573 865 1691 921 Non
1726 865 1866 918 livor
1903 863 2159 928 miseros,

565 980 677 1021 non
705 964 944 1035 suspicio
964 963 1185 1019 vexabit
1208 962 1479 1029 incautos,
1504 961 1687 1015 nullus
1712 958 1878 1014 animi
1905 974 1970 1014 ac
1992 959 2165 1013 visce-

567 1074 688 1115 rum
711 1057 900 1123 dolor;
936 1056 1199 1126 nullaque
1224 1055 1431 1125 peccati
1476 1054 1563 1109 vel
1594 1052 1919 1117 necessitas,
1959 1052 2047 1105 vel
2076 1065 2167 1104 oc—

567 1151 717 1207 casio
741 1193 756 1219 ,
790 1149 876 1206 vel
913 1150 1171 1205 voluntas
1213 1157 1446 1203 mortem
1478 1156 1570 1201 aut
1613 1147 1809 1200 mereri
1854 1144 2019 1198 faciet
2073 1154 2169 1197 aut

565 1244 747 1300 timeri
779 1262 793 1299 :
823 1244 1137 1300 vernabunt
1164 1252 1359 1299 cuncta
1391 1257 1515 1296 cum
1552 1240 1854 1306 fructibus,
1915 1237 2163 1293 omnium

565 1341 751 1411 specie
809 1340 963 1394 nulla
1017 1351 1323 1410 temporum
1378 1338 1645 1392 varietate
1705 1345 1909 1389 mutata
1966 1352 1979 1386 :
2027 1332 2167 1388 odor

566 1447 688 1489 cum
719 1431 1039 1487 amoenitate
1070 1432 1306 1488 certabit
1340 1448 1353 1485 :
1388 1446 1495 1484 non
1545 1430 1654 1484 illic
1693 1429 2022 1498 importuna:
2070 1427 2166 1482 ob-

566 1526 930 1581 scuritatibus
959 1526 1191 1596 pluviae,
1226 1533 1320 1578 aut
1371 1524 1629 1595 perennis
1681 1538 1828 1577 aura:
1864 1522 2167 1577 libertatem

569 1619 721 1690 rigor
767 1620 1029 1688 calorque
1082 1617 1560 1687 corrumpetzsed
1609 1616 1853 1671 manebit
1904 1628 2167 1685 perpetuo

566 1710 763 1767 blanda
794 1712 1089 1782 temperies
1112 1752 1125 1775 ,
1158 1721 1214 1765 et
1246 1710 1641 1764 inmstimabilia
1663 1709 1820 1777 illius
1876 1707 2166 1763 beatitudi-

2264 495 2380 550 est,
2432 500 2661 556 quorum
2714 496 2769 541 et
2796 486 3002 541 creatio
3042 486 3335 541 sublimior
3362 494 3447 541 est
3472 527 3487 551 ,
3518 500 3621 540 nec
3650 494 3854 539 terreno

2263 591 2495 647 corpore
2526 594 2721 634 sensus
2769 578 3091 634 includitur.
3128 579 3195 633 Et
3225 594 3369 649 quae,
3418 593 3586 649 rogo,
3650 577 3856 632 illorum

2264 671 2525 727 divinatio
2553 674 2675 729 est?
2706 674 2901 729 Nonne
2924 673 3176 728 similiter
3218 688 3343 728 cum
3388 671 3708 726 hominibus
3738 685 3858 740 quos

2268 786 2362 839 per
2386 771 2516 825 vitia
2552 771 2845 839 ceperint,
2895 768 3099 825 Christi
3152 769 3501 824 invocatione
3550 766 3860 822 terrentur?

2266 862 2468 917 Volunt
2494 862 2738 934 qumdam
2770 872 2965 934 Sponte
2994 861 3331 932 praedicere,
3371 871 3427 916 et
3458 860 3527 915 de
3553 858 3857 914 absentibus

2266 958 2350 1011 vel
2378 956 2617 1019 futuris,
2649 956 2803 1011 velut
2842 954 3132 1011 manifesta
3183 953 3551 1018 denuntiant,
3602 952 3727 1007 dum
3779 960 3861 1006 aut

2270 1050 2539 1106 medelam
2564 1050 2900 1105 cruciatibus
2931 1060 3186 1120 sperant,
3244 1058 3337 1103 aut
3368 1047 3734 1118 prtedicturos
3759 1046 3860 1100 imi-

2268 1152 2454 1199 tantur
2481 1152 2538 1197 ut
2563 1143 2771 1197 fallant.
2827 1141 3017 1197 Omnis
3065 1154 3246 1196 tamen
3279 1139 3574 1195 divinandi
3604 1137 3861 1194 simulatio

2268 1237 2335 1291 de
2368 1236 2533 1293 rebus
2560 1236 2882 1306 actibusque
2910 1234 3143 1290 terrenis
3163 1246 3251 1290 est
3287 1254 3300 1289 :
3331 1233 3470 1288 nihil
3499 1241 3629 1287 ante
3652 1232 3859 1297 factum,

2269 1332 2413 1403 quod
2446 1332 2519 1386 sit
2549 1332 2641 1386 Dei
2665 1330 2713 1395 δ,
2746 1329 3081 1401 prmvident;
3114 1329 3247 1384 nihil
3274 1328 3428 1400 prius
3458 1342 3624 1396 quam
3660 1326 3861 1382 videant

2269 1424 2495 1479 caeleste
2525 1433 2829 1487 noverunt;
2862 1434 2911 1478 et
2944 1422 3087 1493 quod
3113 1422 3288 1492 magis
3311 1422 3538 1487 mirere,
3577 1436 3645 1474 ne
3679 1420 3863 1489 Cogita-

2271 1517 2448 1572 tiones
2477 1515 2695 1586 quidem
2730 1516 2784 1569 in
2815 1515 3073 1570 cordibus
3120 1515 3400 1570 hominum
3433 1510 3861 1583 deprehendunt.

2343 1609 2438 1663 His
2465 1625 2594 1679 ergo
2620 1624 2730 1664 non
2756 1608 2921 1678 pudet
2959 1608 3167 1663 cultum
3200 1623 3343 1661 vera:
3375 1605 3687 1661 divinitatis
3713 1604 3867 1659 ascri-

2270 1702 2436 1771 bere,
2491 1702 2575 1756 his
2606 1700 2771 1756 vitam
2824 1700 3062 1755 hominis
3108 1717 3376 1772 spemque
3426 1699 3733 1763 committi,
3762 1699 3866 1768 qui-

568 1803 655 1860 nis
708 1805 901 1876 gaudia
956 1803 1359 1875 praeteritorum
1392 1802 1705 1858 recordatio
1735 1801 1884 1855 nulla
1915 1801 2165 1866 vexabit;
2198 1797 2248 1860 B
2276 1797 2374 1852 bus
2422 1796 2915 1853 circumscribendi
2964 1812 3182 1865 semper
3204 1795 3367 1850 dolus
3418 1804 3538 1861 est,
3573 1804 3633 1849 et
3661 1792 3867 1848 fallendi

568 1897 643 1954 ita
676 1907 737 1953 ut
766 1898 1058 1968 pnesentis
1081 1897 1267 1952 mundi
1311 1912 1470 1953 usum
1498 1896 1715 1952 etiamsi
1742 1896 1968 1952 abolitio
1990 1897 2168 1951 futura

572 2007 681 2048 non
707 1992 947 2059 tolleret,
983 1993 1257 2049 transisse
1287 2002 1467 2048 tamen
1496 1991 1802 2062 gauderent
1822 1992 1957 2063 justi
1986 1992 2169 2062 potius

568 2100 731 2157 qttam
759 2086 1030 2143 dolerent.

1128 2178 1358 2237 CAPUT
1399 2180 1615 2235 XXVII.

572 2272 817 2346 SiDeus
866 2275 1012 2329 salus
1058 2275 1273 2328 debetur
1309 2276 1596 2343 honorari,
1641 2291 1797 2346 quare
1844 2286 1890 2329 et
1938 2276 2171 2332 homines

641 2345 990 2411 honorantur,
1016 2356 1064 2401 et
1088 2348 1339 2419 imagines
1378 2345 1687 2417 scalpuntur
1732 2349 1785 2400 in
1818 2347 1951 2401 vasis
1974 2346 2095 2402 Dei.

638 2440 840 2495 APOLL.
869 2470 941 2479 —-
970 2440 1161 2510 Magna
1215 2448 1319 2503 est,
1361 2440 1506 2495 sicut
1536 2440 1705 2506 dicis,
1749 2439 2057 2495 adhortatio
2086 2440 2172 2493 fu-

570 2541 843 2600 turorum,
877 2533 973 2589 sed
1004 2534 1246 2589 nondum
1282 2536 1457 2602 patuit
1496 2534 1781 2605 gentilium
1814 2544 1839 2571 ⁸
1863 2549 2055 2589 vanam
2078 2550 2169 2590 re-

572 2624 857 2695 ligionem,
889 2635 985 2681 aut
1009 2642 1177 2681 vacua
1204 2626 1418 2681 honore
1447 2626 1755 2681 divinitatis
1787 2626 2008 2681 numina
2036 2642 2174 2681 nun-

573 2724 803 2792 cupari;
851 2721 1076 2792 quando
1106 2731 1163 2777 et
1203 2733 1354 2777 certa
1389 2738 1455 2777 ex
1499 2722 1680 2793 adytis
1725 2738 1987 2793 responsa
2033 2738 2172 2793 prte-

570 2826 819 2885 stantur,
848 2827 903 2873 et
928 2816 1105 2873 futura
1140 2827 1447 2872 noscuntur
1492 2817 1543 2871 in
1586 2818 1805 2883 templis
1837 2834 1850 2869 :
1890 2832 2011 2887 qua:
2041 2819 2084 2871 si
2118 2824 2173 2871 et

571 2926 700 2967 vera
724 2922 853 2967 sunt
881 2921 935 2967 et
955 2913 1332 2984 quazrentibus
1362 2921 1614 2982 prosunt,
1646 2910 1849 2966 frustra
1879 2909 2169 2966 Christiani

572 3004 860 3062 destruere
884 3006 1159 3062 conamini
1188 3006 1335 3077 quod
1367 3006 1586 3077 eripere
1610 3021 1717 3060 non
1748 3006 1999 3075 potestis.

643 3105 940 3161 Zaccu.—-
968 3105 1094 3161 [hec
1115 3104 1334 3177 quidem
1382 3120 1501 3175 qua:
1543 3105 1595 3159 in
1623 3102 1844 3173 templis
1883 3102 2171 3158 ostendere

2277 1907 2373 1962 pro
2412 1892 2752 1946 divinatione
2780 1890 3091 1947 subtilitas?
3124 1890 3218 1945 llis
3250 1892 3417 1944 etiam
3451 1890 3748 1943 simulacra
3786 1896 3867 1942 aut

2273 1986 2381 2055 igni
2408 1993 2631 2040 excocta
2664 1985 3021 2054 componitis,
3048 1995 3142 2040 aut
3175 1984 3228 2038 in
3265 1984 3415 2054 ligno
3464 1983 3557 2038 vel
3614 1982 3868 2053 sculptili-

2274 2079 2373 2134 bns
2402 2078 2680 2134 adoranda
2706 2079 2989 2149 praebetis,
3023 2096 3093 2135 ex
3123 2079 3320 2149 quibus
3360 2079 3407 2133 is
3466 2078 3629 2133 vobis
3658 2093 3865 2133 venera-

2272 2173 2437 2228 bilior
2462 2173 2599 2227 deus
2624 2185 2728 2240 est,
2754 2172 2847 2243 qui
2878 2173 3107 2227 artiﬁcis
3141 2189 3302 2227 manu
3337 2172 3864 2242 meliusexpnlitus;

2273 2274 2326 2319 ct
2354 2266 2456 2319 hoc
2477 2265 2733 2319 divinitas
2750 2266 2973 2332 clarior,
3003 2265 3212 2334 pictura
3241 2266 3285 2319 si
3310 2265 3600 2337 pulchrior
3626 2283 3639 2317 ;
3672 2281 3767 2319 nec
3794 2280 3866 2320 re-

2274 2358 2521 2427 quirendi
2561 2356 2878 2413 Creatorem
2933 2357 3171 2413 studium
3232 2368 3351 2424 est,
3405 2368 3499 2412 aut
3551 2358 3866 2429 agnoscendi

2275 2449 2445 2504 Deum
2475 2465 2662 2503 verum
2718 2464 2917 2505 sensus
2962 2451 3280 2519 apponitur.
3329 2449 3525 2505 Nonne
3580 2448 3867 2503 manifesta:

2273 2541 2569 2598 dementia:
2594 2552 2697 2607 est,
2732 2541 2817 2596 his
2845 2543 2998 2613 quasi
3032 2542 3143 2597 Deo
3173 2542 3452 2597 hominem
3508 2543 3716 2612 subjici
3747 2556 3868 2612 quos

2274 2636 2372 2693 tibi
2405 2636 2580 2707 possis
2604 2637 2774 2691 Deum
2807 2636 3083 2691 credendo
3112 2636 3412 2707 subjicere,
3461 2647 3518 2692 et
3550 2637 3619 2692 ab
3648 2636 3735 2691 his
3758 2638 3867 2691 vita:

2273 2729 2474 2783 auxilia
2525 2728 2802 2799 postulare
2849 2744 2986 2800 quos
3035 2730 3087 2783 in
3139 2739 3294 2784 reatu
3327 2743 3452 2784 esse
3498 2745 3613 2784 non
3658 2728 3865 2785 dubium

2273 2822 2396 2877 est?
2423 2822 2573 2889 Quos
2602 2822 2646 2876 si
2678 2821 2998 2893 profuturos
3026 2831 3183 2892 putas
3208 2864 3223 2889 ,
3271 2831 3327 2877 ct
3373 2821 3504 2876 ideo
3533 2822 3738 2892 placari
3786 2821 3865 2876 de

2274 2918 2403 2974 bere
2425 2916 2688 2982 conﬁdis;
2724 2915 3040 2987 profuturos
3086 2916 3338 2987 cuiquam
3372 2915 3544 2971 crede
3588 2915 3862 2986 prapitios,

2274 3012 2318 3065 si
2344 3010 2515 3080 Spreti
2542 3025 2570 3063 a
2598 3008 2856 3064 ﬁdelibus
2886 3019 3107 3071 nocent.
3138 3008 3183 3062 si
3234 3008 3318 3063 his
3349 3022 3382 3061 a
3407 3006 3615 3079 quibus
3659 3017 3866 3077 propter

2277 3106 2445 3160 Deum
2497 3113 2922 3160 conten'tnuutur
2975 3102 3239 3159 ofﬁciunt.
3286 3099 3423 3156 Cum
3474 3118 3611 3171 ergo
3662 3116 3757 3157 nos
3810 3101 3866 3155 ti-

572 3206 819 3254 extorum
869 3198 1139 3267 inspectio
1169 3198 1341 3263 solet,
1375 3206 1431 3252 et
1460 3212 1527 3251 ex
1556 3196 1739 3268 adytis
1792 3196 1942 3250 velut
1988 3194 2165 3250 futura
2195 3204 2241 3268 ο
2276 3210 2478 3265 meant,
2521 3212 2541 3236 ε
2578 3200 2729 3255 vobis
2758 3208 3015 3269 praesunt.
3052 3198 3119 3253 Et
3145 3197 3268 3253 vide
3296 3198 3536 3268 qualiter
3571 3198 3755 3253 haberi
3786 3196 3865 3251 de-

569 3293 940 3364 portendere,
1001 3308 1102 3348 nec
1153 3308 1374 3364 semper
1419 3308 1549 3347 vera
1594 3300 1749 3359 sunt,
1784 3300 1840 3347 et
1870 3291 2003 3345 nulli
2045 3308 2165 3346 um-

569 3400 758 3456 quam,
795 3394 855 3440 ut
879 3386 1136 3451 arbitror,
1186 3394 1457 3456 prosunt;
1506 3385 1630 3455 quia
1661 3385 1705 3439 si
1734 3383 1966 3439 adversa
2016 3395 2163 3451 sunt,

569 3486 624 3533 et
650 3478 719 3533 ad
740 3480 1136 3535 correctionem
1167 3494 1233 3534 ex
1264 3478 1379 3535 Deo
1398 3479 1649 3544 veniunt,
1682 3479 1784 3533 nisi
1814 3482 1883 3534 ab
1914 3480 2031 3549 ipso
2058 3494 2166 3534 non

567 3584 783 3645 queunt
807 3573 1103 3629 immutari.
1138 3573 1541 3629 Etdenuntiata
1566 3575 1740 3629 scisse
1768 3573 1893 3645 quid
1924 3576 2166 3645 prodest,

567 3665 614 3720 si
646 3666 807 3721 vitari
835 3667 1097 3735 praedicta
1127 3681 1235 3722 non
1262 3677 1488 3737 possunt
1512 3667 1595 3721 isi
1626 3677 1806 3722 autem
1831 3684 1896 3723 ex
1922 3668 2037 3724 Deo
2060 3684 2165 3723 non

569 3768 727 3824 sunt,
769 3774 871 3815 nec
901 3759 1039 3814 bona
1071 3768 1300 3828 possunt
1327 3774 1449 3815 esse
1476 3774 1580 3815 nec
1610 3776 1767 3825 vera,
1789 3770 1840 3815 et
1867 3760 2167 3818 sicuthaud

568 3852 843 3921 ofﬁciunt,
875 3854 948 3909 ita
972 3854 1110 3909 nihil
1142 3862 1373 3925 prosunt
1406 3872 1419 3910 :
1455 3854 1550 3912 sed
1579 3855 1695 3911 sive
1727 3864 1853 3910 sunt
1884 3854 2045 3925 falsa,
2070 3872 2168 3913 seu

568 3956 716 4005 certe
741 3964 806 4005 ex
841 3957 1112 4020 proventu
1156 3948 1363 4007 habent
1400 3949 1601 4020 aliquid
1654 3950 1929 4015 veritatis;
1986 3952 2167 4006 omnia

567 4045 824 4115 figmenta
849 4053 976 4100 sunt
1000 4044 1311 4100 daemonum
1334 4086 1348 4109 ,
1378 4045 1469 4114 qui
1492 4055 1549 4100 et
1573 4046 1781 4115 sperari
1816 4061 1842 4096 a
1872 4060 1933 4100 se
1954 4045 2166 4113 volunt,

567 4148 624 4195 et
642 4147 927 4210 sperantes
965 4139 1223 4209 decipere
1251 4151 1691 4217 consueverunt;
1740 4148 1799 4195 ut
1849 4155 1971 4195 cum
2005 4157 2035 4195 a
2067 4141 2165 4197 Dei

567 4231 713 4287 cultu
737 4231 989 4288 homines
1018 4231 1419 4299 absuaxerint,
1449 4234 1615 4289 etiam
1646 4234 1931 4289 beneﬁciis
1967 4242 2169 4290 exuant

565 4331 729 4395 atque
760 4324 830 4379 ab
855 4324 975 4395 ejus
998 4325 1246 4381 b0nitate
1277 4327 1614 4397 disjungant.
1646 4328 1708 4381 lii
1751 4328 2035 4399 gentilium
2065 4330 2164 4385 ob-

564 4415 746 4473 sident
771 4417 1001 4487 templa,
1036 4417 1088 4471 hi
1113 4419 1216 4474 sub
1242 4431 1585 4474 mortuorum
1617 4418 1903 4475 hominum
1932 4423 2165 4478 nomini-

570 4508 673 4565 bus
690 4508 877 4566 sedem
909 4510 962 4565 in
995 4512 1195 4566 vestris
1222 4511 1401 4583 adytis
1429 4512 1801 4578 collocarunt;
1831 4526 1883 4570 et
1906 4515 2027 4585 quia
2058 4517 2163 4571 illis

2276 3295 2461 3360 beant,
2486 3295 2576 3365 qui
2608 3310 2706 3349 nec
2735 3294 2996 3363 prodesse
3025 3307 3282 3362 umquam
3325 3300 3584 3362 possunt,
3618 3307 3719 3346 nec
3736 3305 3863 3345 sem-

2273 3406 2367 3461 per
2394 3405 2612 3457 nocere,
2633 3405 2757 3445 cum
2785 3397 2838 3444 et
2861 3390 2931 3443 sit
2953 3387 3191 3451 facilius,
3217 3397 3272 3442 et
3294 3386 3445 3441 velle
3469 3402 3579 3441 non
3603 3385 3859 3441 desinant.

2815 3479 3044 3537 CAPUT
3070 3478 3309 3534 XXVIII.

2526 3574 2700 3641 Quare
2725 3572 3011 3629 Christiani
3041 3578 3209 3642 fatum
3231 3588 3333 3626 non
3354 3572 3603 3625 credunt.

2344 3670 2633 3724 APOLL.—
2670 3667 2841 3722 llabct
2873 3666 3091 3737 quidem
3121 3666 3360 3737 Speciem
3400 3668 3653 3722 veritatis
3693 3666 3861 3736 objur-

2270 3760 2419 3832 gatio
2463 3770 2577 3826 tua,
2626 3760 2722 3817 sed
2756 3768 2938 3831 potest
2968 3760 3384 3817 recurrentibus
3426 3761 3723 3817 confutari.
3767 3759 3859 3815 Nos

2271 3854 2417 3909 enim
2449 3868 2639 3908 eorum
2671 3853 2963 3908 simulacra
2988 3854 3075 3909 vel
3100 3854 3365 3925 imagines
3391 3855 3716 3922 adoramus,
3740 3869 3860 3925 quo:

2272 3948 2354 4003 vel
2388 3964 2517 4004 vera
2566 3949 2829 4019 religione
2872 3949 3006 4005 deos
3047 3949 3347 4017 credimus,
3401 3951 3493 4005 vel
3526 3952 3859 4022 antiquorum

2274 4040 2654 4095 traditionibus
2682 4038 2708 4077 ἀ
2757 4041 2903 4096 docti
2950 4042 3085 4096 deos
3124 4057 3235 4115 non
3267 4057 3394 4099 esse
3424 4044 3751 4099 nescimus:
3778 4058 3859 4097 vos

2270 4149 2400 4189 vero
2426 4132 2629 4205 quibus
2658 4133 2801 4189 istud
2834 4134 3172 4190 abominatio
3198 4146 3302 4201 est,
3343 4152 3442 4190 cur
3475 4137 3743 4205 imagines
3772 4138 3858 4190 ll0°

2270 4229 2478 4284 minum
2528 4228 2615 4283 vel
2664 4229 2807 4284 ceris
2849 4230 3051 4300 pictas,
3096 4230 3181 4285 vel
3222 4231 3460 4286 metallis
3501 4232 3731 4289 deﬁctas
3772 4232 3858 4287 sub

2272 4339 2459 4393 regum
2490 4324 2796 4379 reverentia
2830 4324 2996 4378 etiam
3031 4324 3245 4393 publica
3276 4325 3601 4381 adoratione
3640 4341 3855 4383 venera-

2269 4419 2422 4488 miui,
2470 4428 2527 4475 et
2557 4426 2613 4472 ut
2657 4418 2759 4489 ipsi
2810 4419 3117 4489 przedicatis
3166 4420 3278 4475 Deo
3332 4429 3549 4476 tantum
3606 4422 3854 4477 honorent

2269 4512 2508 4568 debitum
2550 4512 2711 4567 etiam
2755 4512 3066 4567 hominibus
3098 4513 3281 4568 datis?
3328 4514 3487 4582 Quod
3522 4516 3567 4570 si
3618 4526 3674 4571 et
3716 4512 3855 4569 illici-

566 4618 832 4674 nusquam
864 4613 1129 4673 praeterea
1171 4604 1507 4661 consistendi
1559 4606 1614 4660 in
1667 4616 1813 4663 terra
1860 4609 2013 4663 locus
2055 4622 2157 4679 est,
2188 4599 2245 4662 Ι)
2273 4618 2383 4662 tum
2436 4607 2651 4678 legique
2695 4608 3037 4663 contrarium
3076 4619 3180 4678 est,
3214 4623 3312 4663 cur
3358 4608 3465 4666 hoc
3492 4611 3670 4667 facitis
3712 4610 3851 4665 Chri-

566 4709 750 4749 aerem
776 4696 880 4749 sub
910 4694 1149 4750 nubibus
1180 4697 1491 4767 praecipites
1514 4699 1815 4767 incursant,
1846 4702 2167 4774 volucrique

566 4786 819 4842 discursu
849 4788 1033 4841 omnia
1060 4798 1469 4855 perscrutantes
1489 4831 1503 4855 ,
1541 4800 1635 4846 aut
1673 4792 1783 4862 jam
1814 4798 1926 4849 visa
1953 4795 2162 4852 denun-

568 4879 746 4943 tiant,
794 4888 889 4934 aut
914 4896 943 4934 a
977 4894 1036 4934 se
1065 4882 1318 4951 nequiter
1348 4883 1597 4939 faciunda
1651 4887 1806 4955 quasi
1841 4898 1895 4941 ut
1926 4904 2167 4945 caveam

564 4981 677 5041 tur,
700 4970 929 5027 adversa
966 4972 1292 5043 praedicunt.
1319 4975 1452 5031 Nam
1476 4977 1607 5033 licet
1631 4994 1863 5047 nequam
1889 4992 1943 5037 et
1967 4983 2165 5041 incerti

561 5066 675 5123 sint
703 5067 950 5137 spiritus,
981 5070 1239 5139 omnique
1277 5069 1508 5125 crimine
1537 5078 1799 5142 reatuquc
1824 5074 2013 5143 polluti
2037 5094 2051 5144 ;
2080 5080 2160 5133 in-

562 5159 870 5230 corporalis
921 5170 1124 5227 tameu,
1157 5160 1385 5232 ejusque
1413 5162 1733 5219 substantia:
1784 5166 1939 5237 cujus
1986 5170 2158 5241 digni-

561 5260 726 5308 tatem
757 5252 994 5310 amisere
1021 5267 1147 5308 cum
1170 5254 1332 5321 coelo,
1364 5266 1572 5313 naturai
1591 5257 1858 5316 beneﬁcio
1884 5270 1940 5316 et
1969 5264 2156 5334 vigore

634 5423 659 5450 ⁸
690 5414 904 5486 Optima
936 5414 1142 5471 codicis
1182 5414 1345 5489 Vind.
1382 5416 1546 5471 lectio
1579 5435 1592 5471 :
1625 5419 1678 5473 in
1709 5420 1877 5489 priori
1908 5420 2154 5479 editione

557 5498 815 5557 corrupte
838 5489 1065 5563 nondum
1086 5487 1536 5563 gentiliuntpotuit
1559 5487 1993 5563 Arana‘religiune.
2031 5496 2153 5549 Alia

557 5566 695 5631 sunt
714 5574 833 5629 qua:
854 5574 956 5629 ope
986 5558 1227 5630 ejusdem
1254 5558 1459 5613 codicis
1485 5560 1679 5616 deinde
1708 5558 2152 5631 emendavimus;

561 5628 659 5700 sed
686 5628 1061 5697 le’viora’sun’t,
1078 5646 1237 5699 quam
1254 5630 1537 5700 utsingnla
1558 5633 1797 5688 indicare
1812 5650 2033 5691 necesse
2059 5628 2149 5693 sit.

630 5698 660 5738 ι’
691 5701 886 5777 'I‘otum
944 5704 1045 5759 hoc
1084 5702 1152 5758 de
1193 5698 1728 5777 rerumfccelestium
1778 5708 2089 5777 cognitione
2120 5723 2151 5765 e

561 5774 805 5847 margine
829 5774 882 5829 in
914 5782 1119 5847 textum
1150 5774 1547 5847 revocavimus.
1592 5775 1749 5843 Illud,
1776 5774 1914 5847 quod
1938 5779 2002 5833 sit
2025 5778 2147 5846 Dei,

559 5842 651 5896 vix
671 5842 801 5900 ferri
831 5854 1044 5915 potest;
1078 5845 1261 5916 itaque
1292 5845 1527 5902 libenter
1553 5842 1742 5919 legero
1763 5842 1947 5918 {quod
1993 5842 2153 5907 solius

2265 4700 2449 4767 stiani,
2503 4709 2597 4755 aut
2625 4715 2726 4756 cur
2750 4698 2857 4754 hoc
2906 4702 3075 4756 vestri
3123 4716 3230 4757 non
3262 4702 3563 4772 prohibent
3608 4703 3849 4759 sacerdo-

2268 4802 2385 4859 tes,
2430 4807 2499 4847 ne
2551 4792 2605 4845 id
2658 4791 2805 4863 quod
2859 4793 3235 4863 ignorantibus
3286 4795 3446 4849 nobis
3500 4810 3602 4866 pro
3641 4795 3851 4850 sacrile-

2265 4886 2352 4957 gio
2419 4884 2731 4953 ascribitis,
2806 4886 3048 4942 scientes
3116 4886 3217 4941 sub
3278 4886 3443 4941 officii
3516 4888 3852 4944 excusatione

2264 4980 2507 5035 subeatis
2530 4979 2553 5033 ?

2338 5074 2542 5129 Zaccn.
2572 5103 2642 5111 —
2668 5073 2818 5128 Istud
2860 5073 3082 5144 quidem
3136 5087 3235 5127 nec
3266 5070 3443 5128 debeo
3491 5074 3727 5144 probare
3763 5088 3851 5129 nec

2266 5183 2510 5240 possum,
2538 5169 2662 5237 quia
2700 5167 3046 5224 evidentibus
3076 5167 3171 5223 Dei
3215 5166 3377 5223 dictis
3409 5183 3519 5223 non
3561 5170 3844 5234 elementa,

2265 5277 2371 5317 non
2404 5261 2667 5332 Angelos,
2700 5277 2803 5319 nec
2828 5262 3103 5333 quoslibet
3123 5260 3249 5318 coeli
3280 5275 3347 5317 ac
3378 5272 3547 5319 terrae
3589 5263 3676 5319 vel
3722 5262 3850 5319 aeris

2260 5430 2334 5477 est
2355 5419 2473 5475 Dei.
3708 5421 3723 5473 3

2340 5504 2360 5531 ε
2394 5493 2484 5550 Sic
2531 5490 2693 5548 codd.
2748 5489 2909 5545 Vind.
2961 5500 3018 5546 et
3048 5489 3268 5545 Lemov.
3330 5489 3625 5548 emendate
3662 5510 3673 5545 :
3710 5490 3845 5563 prior

2262 5563 2452 5627 editio,
2481 5563 2620 5617 vobis
2645 5573 2883 5633 prosunt,
2916 5570 3191 5631 corrupte.

2334 5634 2359 5672 ἀ
2382 5636 2621 5705 Uterque
2640 5632 2841 5701 Codex,
2859 5635 3025 5700 ducti,
3050 5633 3283 5689 fortasse
3308 5634 3509 5690 melius
3527 5652 3541 5688 :
3558 5634 3703 5691 haud
3724 5632 3849 5689 mul-

2264 5716 2319 5763 to
2344 5716 2472 5779 post
2502 5707 2672 5762 iidem
2694 5706 2941 5779 codices,
2971 5707 3063 5761 uhi
3093 5706 3291 5779 legitur
3325 5706 3476 5760 nobis
3508 5723 3604 5778 pro
3650 5705 3847 5762 sacrile-

2260 5774 2657 5853 gio’asrribitis,
2690 5778 2893 5835 habent
2925 5774 3306 5835 tantumitobis
3332 5774 3584 5850 objiciiis.
