4060 6344
238 316 376 375 1097

1451 320 2076 380 CONSULTATIONUM
2116 323 2247 378 LIB.
2290 324 2331 378 Ι.

3398 327 3539 386 1098

235 431 577 503 principatus
605 430 835 487 adorare
876 431 1264 502 permittimur.
1298 433 1474 488 Divini
1521 434 1665 490 enim
1706 450 1829 503 spe-
1859 440 1909 499 Α
1942 435 2051 490 tit?
2088 435 2227 502 Quid
2270 435 2547 506 religiosae
2588 435 2867 490 hominum
2918 450 3112 506 preces
3164 440 3392 508 faciunt,
3442 454 3536 499 aut

235 524 377 580 ciale
412 525 514 579 hoc
541 540 741 580 nomen
767 524 935 580 ofﬁcii
965 534 1071 596 cst,
1122 536 1177 582 et
1206 528 1371 582 altior
1420 529 1566 583 omni
1616 538 1833 586 terrena

234 616 592 671 veneratione
616 619 957 674 reverentia:
991 618 1087 674 sed
1118 620 1262 675 sicut
1296 618 1349 674 iu
1381 620 1689 688 hujusmodi
1723 637 1835 674 ma-

236 709 347 764 lum
380 710 614 779 primum
650 711 890 767 adulatio
920 712 1167 768 homines
1216 713 1455 781 impulit,
1486 712 1564 766 sic
1595 729 1734 767 nunc
1765 713 1835 769 ab

235 818 426 860 errore
448 804 793 860 consuetudo
841 806 932 859 vix
972 816 1230 872 revocat;
1274 805 1327 859 in
1373 820 1481 876 quo
1514 813 1694 860 tamen
1751 805 1835 859 iu-

234 912 454 955 cautum
514 901 865 972 obsequium,
917 917 1022 957 non
1066 904 1302 973 aliquem
1347 901 1589 957 divinum
1632 901 1830 973 depre-

234 991 526 1048 henditis‘l
584 994 819 1049 cultum.
876 994 1102 1052 Scilicet
1146 1004 1373 1066 propter
1420 996 1831 1051 similitudinem

233 1086 555 1142 amabilium
604 1089 853 1143 vultuum
905 1088 1100 1159 gaudia
1153 1090 1359 1144 intenta
1416 1089 1538 1159 plus
1592 1090 1827 1155 faciunt,

226 1195 389 1251 quam
417 1180 467 1235 hi
497 1181 638 1237 forte
661 1182 886 1252 exigant
910 1182 1108 1252 quibus
1161 1182 1427 1250 defertur,
1461 1192 1555 1238 aut
1580 1181 1828 1254 perfungi

231 1288 483 1351 oporteat
523 1280 880 1346 deferentes;
933 1290 986 1335 et
1014 1281 1142 1334 licet
1174 1280 1317 1335 hanc
1371 1279 1691 1334 incautioris
1734 1278 1831 1333 oh-

231 1372 410 1445 sequii
464 1374 924 1429 consuetudinem
965 1374 1331 1429 districtiores
1370 1372 1637 1428 horreant
1674 1373 1832 1428 Chri-

230 1468 414 1537 stiani,
446 1484 551 1523 nec
597 1468 889 1538 prohibere
917 1467 1177 1523 desinant
1208 1466 1561 1532 sacerdotes;
1594 1481 1703 1521 non
1753 1476 1826 1520 ta-

224 1579 349 1620 men
385 1564 529 1619 Deus
557 1563 758 1619 dicitur
788 1564 946 1632 cujus
969 1562 1182 1633 efﬁgies
1215 1563 1506 1624 salutatur,
1540 1575 1663 1616 nec.
1697 1560 1832 1615 ado-

228 1657 412 1713 lentur
440 1659 604 1713 thure
634 1656 925 1728 imagines,
953 1667 1046 1713 aut
1074 1656 1321 1711 colenda:
1353 1656 1465 1711 aris
1492 1663 1829 1726 superstant,

227 1751 324 1806 sed
379 1752 661 1807 memoria:
710 1766 809 1820 pro
858 1751 1069 1805 meritis
1110 1758 1482 1820 exponuntur,
1535 1758 1593 1804 ut
1640 1763 1833 1804 exem-

1939 528 2266 599 supplicatio
2287 529 2445 583 enixa
2471 527 2600 598 quid
2626 538 2872 597 praestat,
2898 529 2941 583 si
2965 538 3207 597 potestas
3238 534 3417 606 aliqua
3440 536 3537 592 de-

1938 622 2074 676 creti
2106 621 2410 691 inexpertis
2440 620 2758 675 hominibus
2776 631 2939 690 atque
2971 622 3023 677 in
3058 623 3234 679 lucem
3259 629 3532 685 nascendo

1939 713 2355 782 prodeuntibus,
2403 713 2550 784 quod
2598 714 2759 768 vitari
2789 728 2897 769 non
2928 725 3112 783 queat,
3154 720 3383 788 etquod
3428 721 3532 791 ipsi

1940 804 2156 860 videtur
2186 804 2406 875 afligat?
2434 809 2505 860 At
2531 816 2747 873 contra,
2772 806 2955 875 justus
2984 817 3039 862 et
3087 810 3219 864 nulli
3272 827 3534 883 umquam

1937 895 2452 966 inaequalisjudicio
2484 895 2657 963 Deus,
2683 897 2829 952 sicut
2848 908 3047 953 cuncta
3090 901 3209 971 ipse
3250 902 3535 977 formavit,

1935 989 2005 1044 ita
2059 998 2115 1044 et
2142 999 2336 1045 cuneta
2390 990 2730 1060 moderatur,
2765 992 2939 1064 legem
2970 996 3038 1049 ab
3065 996 3225 1054 initio
3254 1009 3504 1060 statuens
3525 1045 3539 1067 ,

1935 1091 1993 1136 ut
2029 1082 2157 1137 boui
2193 1094 2398 1139 tantum
2430 1086 2637 1151 simus;
2686 1086 2857 1142 immo
2889 1089 3015 1159 quia
3056 1090 3138 1145 sic
3186 1109 3441 1152 creamur
3486 1109 3544 1154 et

1938 1177 2234 1242 nascimur,
2291 1194 2359 1232 ne
2419 1189 2957 1250 mutentnrzneque
3008 1194 3220 1241 tantum
3284 1206 3353 1246 ne
3413 1195 3543 1250 mali

1934 1268 2131 1335 simus,
2165 1270 2258 1324 sed
2290 1286 2359 1326 ne
2380 1270 2465 1328 vel
2499 1273 2625 1326 mali
2660 1289 2784 1330 esse
2806 1276 3063 1346 velimus,
3100 1291 3156 1334 ut
3188 1293 3241 1337 et
3278 1285 3542 1345 faciamus

1937 1374 2162 1431 semper
2186 1362 2351 1432 bona,
2386 1379 2497 1419 non
2528 1375 2588 1419 ut
2618 1379 2900 1424 merentes
2945 1372 3089 1426 mala
3124 1374 3422 1446 aliquando
3454 1398 3550 1451 pa-

1935 1454 2162 1509 tiamur.

2012 1546 2214 1602 Verum
2268 1549 2410 1605 hanc
2440 1551 2510 1607 de
2553 1552 2800 1619 homine,
2854 1566 2911 1612 ut
2961 1560 3211 1632 videtur,
3247 1567 3543 1636 praescien-

1936 1639 2067 1693 tiam
2101 1641 2432 1697 malitiarum
2484 1648 2726 1701 omnium
2760 1649 3014 1707 diabolus
3063 1665 3258 1712 auctor
3304 1660 3541 1734 invenit,

1934 1744 1991 1788 ιιι
2025 1736 2179 1790 νεΙυι
2208 1753 2304 1807 per
2332 1739 2613 1794 innoxiam
2652 1742 2947 1800 mathesim
2973 1751 3240 1807 occultius
3263 1752 3548 1828 decipian-

224 1845 377 1917 plum
415 1846 684 1902 factorum
737 1845 1104 1916 probabilium
1138 1845 1376 1915 posteris
1405 1853 1690 1914 praestent,
1732 1851 1824 1898 aut
1858 1838 1904 1898 B
1936 1836 2042 1893 ""3
2072 1829 2162 1898 (Ιυί
2194 1828 2445 1885 fraudem
2480 1832 2632 1888 illius
2666 1834 2809 1891 hanc
2833 1848 2853 1875 °
2886 1852 3010 1894 esse
3041 1856 3150 1897 non
3197 1857 3418 1902 norunt.
3456 1850 3542 1905 In-

228 1950 538 2011 praesentes
584 1955 682 2012 pro
725 1940 993 1996 abusione
1032 1939 1319 2009 castigent.
1372 1938 1536 1993 Vides
1575 1954 1706 2009 ergo
1750 1939 1825 1993 nil

226 2035 431 2090 vestris
448 2035 737 2091 erroribus
760 2034 941 2090 simile
965 2035 1019 2089 in
1054 2034 1157 2088 hoc
1177 2044 1298 2090 esse
1320 2033 1463 2103 quod
1489 2032 1696 2103 arguis,
1726 2047 1827 2088 nec

222 2126 371 2198 juste
415 2125 661 2197 premitis
709 2127 924 2183 actibus
965 2125 1143 2182 officia
1205 2127 1506 2181 incautio-ra
1555 2125 1822 2189 conferri;

223 2224 447 2295 quando
478 2223 645 2279 etiam
681 2223 784 2293 ipsi
817 2221 883 2276 ad
914 2237 1051 2293 quos
1085 2220 1284 2277 referri
1316 2220 1458 2275 istud
1488 2228 1688 2290 potest,
1733 2227 1826 2273 aut

223 2314 342 2370 ﬁeri
377 2315 484 2371 hoc
513 2316 688 2370 nolint
713 2315 757 2370 si
790 2314 1174 2381 consolantur,
1209 2322 1303 2368 aut
1345 2312 1646 2382 quamlibet
1670 2326 1825 2367 vana:

224 2412 419 2483 gloriae.
442 2411 893 2465 consuetudinem
925 2425 1030 2464 non
1051 2409 1320 2475 recidant,
1354 2407 1487 2462 nihil
1513 2417 1719 2462 temere
1743 2422 1825 2462 as-

224 2512 509 2559 sumentes
540 2503 805 2566 divinum,
832 2503 1093 2557 mortales
1122 2517 1181 2557 se
1202 2516 1345 2568 esse,
1376 2509 1431 2555 et
1453 2499 1547 2555 Dei
1569 2499 1823 2569 indignos

228 2596 444 2652 honore
477 2596 771 2660 fateantur.
806 2597 897 2653 cui
926 2607 980 2652 et
1024 2595 1165 2668 quod
1198 2603 1327 2649 sunt
1353 2593 1578 2661 debent,
1624 2599 1681 2648 et
1720 2591 1824 2647 fide

229 2698 288 2744 ut
323 2688 430 2745 hoc
467 2697 656 2746 essent
688 2692 923 2745 fortasse
947 2696 1291 2745 meruerunt.

802 2783 1032 2840 CAPUT
1066 2782 1260 2839 XXIX.

490 2880 665 2947 Quare
693 2877 983 2933 Christiani
1005 2883 1174 2948 fatum
1206 2893 1306 2931 non
1337 2877 1573 2931 credunt.

296 2973 534 3028 Aprem.
558 3003 630 3013 —
651 2972 951 3027 Advertere
984 2972 1035 3025 in
1065 2969 1229 3041 hujus
1255 2968 1648 3039 propositionis
1675 2966 1820 3037 prin-

225 3065 371 3136 cipio
396 3066 645 3135 petuisti,
681 3065 827 3119 tenui
858 3078 943 3118 me
971 3062 1280 3134 objectione
1313 3061 1413 3115 ista
1439 3060 1662 3125 libasse,
1697 3060 1819 3129 quia

222 3159 590 3233 professionis
634 3167 832 3215 vestrae
873 3157 1137 3227 perfecta,
1177 3165 1235 3211 ut
1266 3155 1451 3220 vultis,
1486 3153 1819 3219 observatio,

1935 1929 2017 1975 ter
2038 1934 2232 1977 omnes
2256 1922 2401 1977 enim
2425 1925 2698 1980 scelerum
2726 1943 2950 1984 suorum
2985 1941 3135 1987 artes
3166 1937 3311 1991 nulla
3342 1937 3543 1996 dubios

1932 2014 2305 2083 perniciosius
2336 2017 2567 2089 appetit,
2626 2035 2730 2075 nec
2758 2022 2864 2077 alia
2898 2038 2927 2076 a
2972 2024 3069 2080 Dei
3093 2028 3244 2081 cultu
3278 2031 3539 2088 subtilius

1929 2107 2181 2163 homines
2240 2118 2456 2175 avocat,
2513 2126 2676 2182 quam
2736 2120 2815 2177 ut,
2877 2130 3002 2170 cum
3058 2118 3298 2173 sciamus
3341 2137 3537 2179 omnes

1930 2200 2042 2256 Deo
2074 2216 2175 2255 nos
2204 2199 2410 2257 debere
2451 2202 2595 2272 quod
2626 2203 2931 2260 formamur
2969 2217 3025 2263 et
3072 2211 3373 2279 nascimur,
3421 2213 3535 2271 fato

1929 2311 2030 2351 nos
2081 2296 2307 2352 suadeat
2356 2296 2563 2353 debere
2608 2299 2754 2369 quod
2808 2301 3061 2357 vivimus.
3112 2303 3383 2360 Fallimur
3430 2308 3533 2362 nisi

1928 2389 2043 2447 haec
2072 2390 2401 2461 quibusdam
2453 2408 2555 2462 pro
2611 2403 2722 2449 tota
2767 2397 3033 2466 religione
3084 2400 3365 2470 praecipua
3398 2417 3532 2457 cura

1926 2494 2008 2539 est
2041 2492 2099 2539 ut
2140 2483 2318 2538 futura
2354 2500 2461 2541 non
2509 2488 2779 2543 nesciant.
2831 2487 3014 2544 Vclint
3043 2491 3239 2562 nolint,
3282 2493 3330 2548 ei
3361 2511 3389 2548 a
3420 2510 3530 2565 quo

1926 2576 2155 2632 scierint
2178 2577 2496 2633 efficiuntur
2525 2579 2785 2647 obnoxii,
2838 2583 2960 2648 quia
3011 2585 3272 2651 credunt;
3307 2601 3370 2641 ac
3399 2587 3530 2644 dum

1926 2668 2028 2723 ista
2080 2677 2383 2735 sectantur,
2436 2684 2466 2723 a
2518 2670 2623 2726 fide
2664 2679 2719 2725 et
2754 2672 3023 2742 religione
3053 2675 3384 2742 discedunt;
3444 2690 3524 2747 et,

1926 2762 2069 2835 quod
2112 2771 2196 2817 est
2224 2764 2447 2828 saevius,
2479 2763 2582 2818 sub
2609 2765 2791 2835 specie
2823 2766 3155 2822 innocentiae
3187 2770 3386 2825 malum
3418 2788 3528 2829 non

1925 2865 2174 2924 cavetur,
2223 2856 2353 2912 dum
2387 2857 2549 2911 vitari
2597 2872 2759 2927 posse
2791 2874 2900 2913 non
2947 2861 3212 2929 creditur,
3267 2880 3443 2934 neque
3484 2867 3532 2922 si

1925 2961 2009 3007 est
2034 2966 2350 3021 prosperum
2374 2966 2404 3006 a
2428 2951 2543 3005 Deo
2564 2951 2831 3021 poscitur,
2857 2954 3000 3021 quod
3030 2957 3341 3011 necessario
3363 2973 3530 3015 even-

1928 3055 2109 3101 turum
2136 3055 2411 3114 speratur.
2441 3042 2659 3100 Intuere
2686 3054 2957 3114 prmterea
3005 3047 3179 3116 ipsam
3227 3049 3525 3107 maleficio-

1926 3153 2046 3192 rum
2084 3151 2338 3191 scenam:
2373 3137 2654 3207 siguorum
2685 3137 2945 3205 qualitas,
2977 3147 3156 3194 status
3190 3140 3354 3209 lunae,
3386 3142 3529 3211 dies,

222 3228 297 3308 nil
330 3254 552 3322 penitus
602 3269 709 3323 quo
752 3251 1071 3322 exasperari
1110 3250 1257 3304 Deus
1294 3247 1487 3318 possit,
1520 3247 1683 3301 debet
1727 3244 1822 3300 ad-
1850 3234 1896 3297 C
1929 3228 2085 3296 “ora:
2119 3229 2461 3323 FOPSUIGWS
2513 3243 2717 3283 ηοῐηεη
2761 3228 3081 3296 ίηίιιιῖνὶιυτ-
3116 3230 3257 3286 Ecce
3282 3231 3394 3301 iam
3443 3237 3528 3289 in-

222 3348 481 3404 mittere:
528 3362 671 3402 nunc
698 3356 880 3402 autem
912 3344 1177 3416 neglectis
1223 3343 1327 3407 his,
1365 3341 1471 3396 hoc
1515 3341 1558 3394 si
1604 3339 1822 3394 videtur

222 3440 505 3511 signanter
534 3455 816 3509 exprome,
867 3454 966 3494 cur
997 3440 1167 3491 fatum
1198 3435 1407 3489 homini
1439 3449 1561 3489 esse
1605 3432 1814 3499 nolitis,

221 3545 314 3587 aut
361 3549 524 3603 quam
573 3533 645 3588 ob
695 3546 916 3587 causam
950 3529 1149 3585 nullam
1179 3527 1387 3584 decreti
1434 3527 1816 3583 necessitatem

217 3626 428 3689 videri;
463 3640 585 3681 cum
618 3625 737 3680 lucc
766 3623 882 3695 ipsa
916 3639 1014 3694 per
1040 3636 1262 3677 cursum
1295 3619 1536 3676 siderum
1567 3619 1819 3690 lunmque

219 3722 493 3777 rationem
527 3720 597 3774 ita
626 3719 976 3775 inveniantur
1006 3726 1062 3774 et
1092 3731 1245 3774 certa
1291 3716 1425 3785 sint,
1459 3726 1519 3771 ut
1552 3729 1712 3770 nemo
1739 3713 1817 3768 fa-

216 3815 319 3870 cile
344 3814 548 3868 devitet
576 3812 726 3883 quod
752 3811 990 3868 futurum
1013 3810 1064 3867 ei
1088 3809 1117 3848 δ
1156 3819 1361 3865 statuta
1404 3810 1645 3879 propriae
1679 3808 1817 3861 nati-

218 3906 407 3962 Vilatis
432 3904 730 3960 affixerint.

286 4001 579 4055 Zaccn.—
608 3999 790 4054 Credo
815 3998 1089 4069 intelligas
1116 4012 1180 4053 ex
1214 3995 1670 4064 interpretatione
1702 4008 1817 4047 ser-

214 4095 397 4150 monis
422 4093 515 4148 fati
544 4108 742 4149 nomen
757 4102 1122 4162 assumptum,
1153 4089 1367 4160 etquod
1390 4089 1576 4143 vocari
1598 4095 1816 4156 putatur

214 4189 268 4245 in
298 4189 487 4260 specie
530 4204 639 4243 non
688 4188 768 4243 rei
797 4187 1033 4257 alicuius
1060 4200 1204 4253 esse,
1247 4183 1343 4239 sed
1387 4180 1575 4247 verbi;
1608 4177 1815 4234 decreti

212 4296 401 4340 autem
435 4283 741 4340 necessitas
771 4282 815 4339 si
845 4289 933 4337 est
960 4281 1094 4347 ulla,
1131 4278 1277 4348 quod
1321 4276 1469 4333 credi
1501 4273 1654 4330 nefas
1696 4282 1811 4340 est,

216 4378 476 4434 humanae
526 4377 650 4430 vitae
699 4376 839 4431 Deus
871 4385 965 4430 aut
996 4374 1225 4445 ignarus
1253 4381 1362 4438 est,
1413 4378 1506 4424 aut
1536 4368 1771 4438 injustus
1800 4385 1812 4420 :

212 4471 480 4541 iniustus,
525 4469 572 4524 si
619 4469 758 4524 bona
805 4469 1059 4538 malaque
1104 4463 1405 4534 ineXpertis
1444 4462 1562 4533 ipse
1604 4458 1812 4516 consti-

213 4565 318 4619 tuit
344 4581 358 4629 ;
392 4565 638 4634 ignarus,
670 4561 717 4616 si
746 4559 969 4617 decerni
994 4560 1062 4615 ab
1086 4559 1194 4613 alio
1224 4572 1287 4613 se
1316 4564 1566 4612 cessante
1588 4551 1816 4625 permit-

1923 3331 2071 3377 certa
2103 3321 2373 3376 divinatio
2389 3328 2495 3389 est,
2520 3322 2614 3375 ubi
2647 3320 2764 3375 falli
2797 3320 3147 3393 interrogans
3179 3324 3267 3379 vel
3299 3341 3530 3395 respon-

1922 3416 2059 3472 dens
2111 3424 2311 3486 potest.
2365 3414 2453 3470 Fit
2499 3424 2691 3485 postea
2749 3416 3083 3486 quicumque
3127 3431 3522 3487 prosperorum

1921 3510 2145 3581 gradus,
2206 3519 2425 3565 etcum
2460 3507 2727 3563 evadendi
2778 3506 3098 3564 conditione
3150 3510 3528 3581 praedicuntur

1921 3604 2176 3660 adversa.
2222 3602 2432 3668 Nempe
2460 3602 2626 3657 etiam
2659 3600 2747 3657 hic
2782 3601 3073 3657 memorati
3106 3602 3340 3658 artificis
3370 3602 3522 3661 fraus

1920 3697 2137 3764 elucet,’
2156 3695 2304 3766 quod
2327 3708 2451 3751 esse
2488 3692 2725 3751 fateatur
2757 3696 2993 3762 incerta,
3026 3711 3152 3765 qua:
3181 3695 3338 3751 evadi
3363 3711 3526 3768 posse

1920 3790 2232 3847 denuntiet.
2262 3789 2407 3845 Deus
2432 3788 2580 3845 enim
2613 3787 2857 3844 innoxiis
2887 3788 3118 3845 adversa
3151 3804 3260 3844 non
3295 3791 3518 3858 statuit,

1917 3882 2273 3955 dincnpertis
2308 3883 2449 3937 mala
2494 3896 2604 3937 non
2638 3880 2850 3937 tribuit.
2898 3880 3069 3937 Vides
3118 3898 3256 3954 ergo
3302 3892 3356 3938 et
3383 3882 3525 3939 divi-

1919 3992 2004 4032 nae
2036 3976 2318 4047 patientiae
2348 3983 2406 4029 et
2428 3974 2680 4029 humana:
2708 3973 3013 4030 curiusitati
3048 3976 3294 4032 fraudem
3322 3976 3517 4033 diabo-

1919 4071 2042 4128 licae
2069 4071 2203 4126 artis
2233 4069 2495 4135 illudere,
2533 4078 2588 4123 et
2638 4069 2795 4123 velut
2836 4069 2893 4122 in
2938 4071 3329 4139 supputatione
3380 4070 3522 4126 luna:

1917 4183 1980 4221 ac
2010 4167 2255 4223 siderum
2285 4182 2449 4221 cursu
2475 4166 2753 4221 occultum
2782 4165 3030 4233 perfidiae
3061 4167 3265 4220 vulnus
3295 4175 3353 4219 et
3375 4167 3525 4223 virus

1918 4261 2111 4326 latere,
2146 4270 2203 4316 ut
2232 4260 2376 4315 inter
2402 4260 2779 4329 cognitionem
2826 4272 2889 4313 ac
2938 4259 3345 4326 praescientiam
3377 4259 3523 4315 futu-

1916 4370 2100 4411 rorunt
2151 4363 2207 4409 et
2247 4352 2559 4409 reverentia
2613 4352 2733 4416 Dei,
2785 4359 2843 4406 et
2888 4362 3046 4405 amor
3088 4350 3315 4420 justitim
3370 4354 3516 4422 apud

1918 4448 2169 4503 homines
2192 4447 2523 4511 minuantur,
2550 4458 2672 4498 cum
2697 4444 2840 4499 Deus
2862 4452 2957 4497 aut
2984 4443 3124 4497 mala
3156 4446 3515 4502 nascentibus

1916 4543 2181 4596 statuisse
2209 4538 2517 4596 credendus
2547 4538 2643 4606 sit,
2692 4546 2789 4594 aut
2816 4538 2884 4594 ab
2915 4538 3030 4593 alio
3068 4541 3369 4595 constituta
3422 4557 3517 4596 au-

218 4658 304 4713 tit.
339 4632 475 4711 Nam
500 4655 543 4709 si
572 4669 799 4709 necesse
823 4663 909 4708 est
926 4652 1105 4709 bonos
1134 4666 1278 4717 esse,
1325 4664 1421 4705 cur
1471 4646 1819 4702 ascribuntur
1842 4632 1895 4693 D
1924 4635 2069 4692 ferre
2098 4650 2205 4690 non
2236 4648 2415 4704 posse.

212 4753 413 4807 merita
461 4749 759 4813 voluntati;
811 4748 858 4802 si
892 4747 1087 4809 malos,
1122 4759 1220 4800 cur
1253 4757 1410 4814 paena
1453 4738 1817 4797 commissis?

212 4842 361 4915 Ergo
395 4852 450 4897 et
470 4842 571 4911 lex
602 4856 941 4911 supervacua
970 4849 1075 4904 est,
1105 4845 1162 4893 et
1190 4837 1376 4893 nescio
1398 4851 1561 4906 quam
1584 4834 1653 4889 ob
1680 4846 1811 4887 cau-

213 4951 329 4993 sam
369 4935 559 4990 saeculi
612 4935 735 5003 jura
770 4933 1113 4998 condantur,
1167 4931 1213 4985 si
1264 4928 1408 5000 quod
1453 4936 1602 4983 recte
1643 4924 1810 4979 homo

212 5028 470 5103 gesserit,
506 5027 863 5097 proventibus
904 5023 1284 5081 ascribendum
1305 5030 1416 5086 est;
1450 5018 1593 5091 quod
1622 5032 1806 5088 prave,

210 5123 556 5180 necessitati.
614 5119 724 5175 Cur
778 5128 1045 5191 praeterea
1095 5118 1238 5173 idem
1293 5117 1558 5170 bonorum
1628 5114 1807 5181 potius

211 5217 470 5275 conditor
508 5216 653 5270 Dens
686 5213 855 5269 tantis
884 5215 1280 5283 scripturarum
1311 5205 1685 5263 voluminibus
1719 5204 1807 5259 vel

212 5310 585 5370 comminatur
610 5308 875 5379 judicium
898 5353 911 5378 ,
941 5307 1030 5362 vel
1081 5303 1481 5361 beatitudinem
1513 5299 1809 5372 repromit-

285 5510 311 5538 α
337 5498 429 5554 Sic
456 5513 524 5553 ex
555 5495 776 5567 ingenio
802 5492 1167 5549 restituimus.
1197 5489 1333 5545 Nam
1364 5487 1418 5543 in
1451 5486 1613 5544 editis
1655 5494 1710 5541 et
1758 5484 1811 5539 in

208 5588 345 5629 mss.
373 5571 592 5635 cultum,
623 5568 711 5621 sed
737 5583 755 5620 :
787 5574 1070 5635 corrupte.

279 5643 308 5683 ιι
332 5628 710 5699 Posteriorem
732 5651 926 5693 vocem
956 5628 1270 5707 adiecimus
1297 5648 1327 5688 e
1357 5631 1525 5688 codd.
1550 5628 1715 5686 Vind.
1760 5638 1815 5685 et

388 5729 441 5767 ν.

388 5729 441 5767 v.

213 5715 424 5841 Lingis
456 5784 627 5840 codex
663 5780 848 5846 Vind.;
884 5782 1036 5851 prior
1064 5780 1261 5844 editio,
1281 5792 1391 5851 esse
1432 5792 1552 5851 non_
1566 5773 1811 5851 creduntg

207 5858 355 5935 Infra
383 5854 796 5913 ubiexeoodem
826 5845 1172 5909 re'stituimus
1194 5867 1286 5906 nec
1317 5849 1421 5904 alia
1451 5866 1483 5905 a
1512 5846 1632 5915 Dei,
1662 5845 1808 5915 lege-

547 5949 825 6011 PATROL.
872 5946 1022 6009 XX.

2487 4724 2720 4781 CAPUT
2760 4723 2933 4779 XXX.

1920 4824 1980 4878 Si
2010 4820 2249 4876 diabolus
2272 4821 2326 4873 in
2349 4819 2568 4873 occultis
2592 4828 2761 4885 nocet,
2793 4816 3051 4886 quomodo
3081 4826 3245 4885 potest
3273 4819 3325 4873 in
3347 4821 3515 4875 cursi-

1948 4917 2042 4971 bus
2069 4918 2207 4971 lunw
2244 4914 2323 4971 vel
2346 4914 2579 4969 siderum
2621 4930 2739 4967 cum
2767 4914 2871 4967 sint
2903 4913 2955 4965 in
2986 4914 3231 4983 praesenti
3263 4930 3468 4969 nocere.

1986 5011 2571 5077 APOLL.—-Qttantunl
2614 5007 2773 5062 video
2818 5021 3009 5076 magna
3044 5018 3127 5062 est
3161 5008 3367 5063 diaboli
3409 5010 3510 5063 hu-

1909 5107 2001 5177 jus
2027 5127 2036 5169 ι
2058 5105 2291 5170 etentia,
2324 5104 2451 5174 quia
2479 5110 2668 5157 contra
2699 5100 2815 5166 Dei,
2847 5111 2904 5154 ut
2938 5102 3282 5171 intelligitur,
3318 5102 3511 5157 volun-

1918 5212 2111 5267 tatem,
2160 5202 2325 5257 etiam
2358 5200 2500 5254 lunas
2546 5213 2610 5253 ac
2640 5197 2883 5252 siderum
2931 5198 3117 5253 cursui
3156 5212 3218 5253 ea
3263 5213 3358 5265 per
3388 5213 3511 5267 qua:

1915 5295 2234 5354 hominibus
2272 5307 2479 5350 nocere
2532 5292 2733 5363 possit,
2778 5291 3010 5348 inseruit
3046 5310 3060 5347 :
3106 5290 3310 5347 verum‘
3331 5302 3512 5349 tamen

1919 5483 2084 5539 batur
2114 5483 2374 5545 corrupte
2406 5490 2497 5545 nec
2520 5472 2654 5545 alias
2684 5488 2716 5524 a
2744 5471 2863 5525 Dei.

1988 5549 2015 5589 ἀ
2050 5551 2143 5607 Sic
2191 5540 2362 5604 edere
2392 5544 2714 5610 maluimus,
2760 5553 3097 5612 quamquam
3129 5540 3310 5596 nullus
3343 5542 3518 5601 codex

1916 5626 2155 5684 faveret,
2180 5633 2345 5690 quam
2368 5617 2511 5686 quod
2546 5626 2707 5690 antea
2739 5612 3030 5690 legebatur
3073 5612 3353 5679 inexpertis
3401 5630 3517 5690 me-

1915 5712 2038 5767 gna.
2064 5694 2120 5748 In
2146 5681 2256 5746 line
2281 5681 2446 5745 etiam
2475 5686 2671 5759 capitis
2697 5681 3054 5755 reposuimus
3078 5701 3249 5752 posse,
3269 5687 3517 5743 comedi-

1916 5778 2031 5823 tum
2057 5774 2207 5823 esset
2237 5772 2426 5833 posset.

2963 5920 3041 5982 35
