4060 6344
548 320 688 383 1099
1828 301 2145 367 ΖΑΟΟΗΑΞΙ
2183 300 2578 371 (ittBISTtANl
3713 300 3839 365 tuo

544 453 654 508 quo
688 444 847 504 pacto
875 430 1094 485 aliunde
1125 428 1313 483 venire
1357 423 1634 479 credenda
1667 433 1817 487 sunt,
1866 438 1989 492 qua:
2037 421 2149 479 illic
2178 431 2229 490 Α
2258 422 2333 477 tio
2358 421 2559 481 dudum
2591 430 2941 490 sequestrata
2972 420 3293 477 descendit:
3328 418 3475 475 unde
3506 420 3668 487 igitur
3697 420 3845 488 quire

550 534 792 599 ittspet'tu
830 522 1181 582 noscuntur?
1214 520 1470 578 Arbitror
1496 526 1683 574 autem
1709 517 1768 572 in
1790 516 2018 573 occultis
2050 514 2150 568 lal-
2255 514 2345 571 isti
2376 526 2501 568 sunt
2533 513 2817 571 diemoues
2845 527 2984 582 quos
3015 512 3217 570 dudum
3248 513 3299 569 in
3337 511 3557 580 templis
3574 512 3844 579 gentilium

555 623 815 679 sitatibns
841 619 993 675 illudi
1019 616 1267 671 homines
1289 612 1441 668 abeo
1475 624 1667 677 posse;
1698 608 1993 663 mathesim
2020 619 2154 663 vero
2256 606 2609 671 commorari,
2644 616 2701 661 et
2731 620 2880 661 nunc
2927 606 3200 663 universis
3244 605 3335 661 vel
3378 620 3617 674 praeesse
3665 606 3746 659 vel
3777 606 3848 659 iu-
3920 662 3931 675 ι

550 734 677 775 cum
706 716 878 785 signis
916 727 979 767 ac
1012 708 1291 765 sideribus
1335 703 1665 774 simpliciter
1713 700 2008 756 convenire
2042 716 2054 751 :
2091 710 2153 753 ac
2258 705 2465 757 teresse
2496 696 2829 753 criminibus
2858 698 3162 768 signantius
3194 697 3419 757 edidisu
3442 699 3464 750 ’ἰ
3491 697 3623 765 Quis
3669 713 3848 753 eorum

558 828 666 867 non
694 810 821 865 ideo
847 807 1063 861 noxiam
1086 802 1293 857 debere
1320 796 1581 868 iudicari,
1612 796 1741 866 quia
1786 795 1919 850 nihil
1962 793 2031 848 de
2064 805 2156 845 ca-
2259 792 2512 848 similiter
2573 792 2875 862 princeps,
2948 809 3107 859 quem
3165 792 3450 850 diabolum
3511 793 3719 849 meas?
3779 793 3853 849 τοι

559 904 714 960 sibus
733 898 1031 962 subtrahit,
1081 894 1178 949 sed
1213 894 1389 962 magis
1418 890 1628 953 utilem,
1662 902 1787 957 quae
1816 894 1913 949 aut
1942 883 2158 943 denun-
2262 884 2406 941 unde
2436 884 2505 941 ad
2539 884 2657 941 hate
2693 900 2866 955 opera
2895 893 3025 945 sunt
3053 885 3277 954 dejecti,
3333 885 3382 941 si
3428 884 3536 945 ulla
3569 883 3654 938 his
3685 894 3850 941 tamen

563 1001 665 1055 tiet
692 1009 977 1068 prospera,
1013 1000 1107 1046 aut
1130 986 1373 1045 cavenda
1400 984 1685 1054 praedicat.
2262 978 2609 1035 sublimioris
2641 989 2855 1039 naturae.
2901 978 3144 1049 dignitas
3174 978 3322 1041 fuit?
3368 978 3524 1035 Efﬁci
3570 978 3719 1037 enim
3768 993 3852 1045 per

637 1090 916 1145 ZACCII.—-—
948 1084 1114 1140 Prius
1139 1080 1254 1137 dixi
1298 1077 1596 1134 mathesim
1625 1074 1729 1129 hoc
1785 1089 1906 1128 esse
1961 1070 2161 1126 saevius
2262 1088 2359 1129 eos
2408 1090 2527 1142 quae
2560 1076 2611 1130 iu
2641 1074 3027 1144 superioribus
3057 1073 3381 1138 meministi,
3440 1088 3549 1129 non
3582 1072 3686 1129 nisi
3720 1071 3853 1141 ipso-

565 1185 764 1240 malutn
793 1179 939 1252 quod
967 1180 1234 1233 innocens
1266 1173 1601 1233 mstimatur;
1638 1167 1733 1224 sed
1776 1168 1904 1223 licet
1936 1164 2165 1221 iuvesti-
2264 1182 2383 1222 rum
2414 1181 2620 1236 genere
2650 1177 2701 1223 et
2732 1166 3002 1236 qualitate
3030 1166 3452 1225 monstrabitur.

568 1277 736 1349 gabili
760 1274 1070 1329 subtilitate
1102 1278 1240 1324 lecta
1274 1276 1438 1335 atque
1479 1263 1737 1320 εοιιοιυςίι
1768 1262 1863 1327 sit,
1894 1268 2048 1315 actus
2080 1256 2166 1313 ευί
2337 1262 2539 1320 ΖΑοςιι,
2565 1292 2635 1303 --
2667 1262 2873 1318 Eadem
2900 1264 3123 1333 quidem
3157 1264 3323 1319 etiam
3358 1278 3504 1323 nunc
3675 1272 3759 1317 ρει
3776 1278 3857 1318 na.

565 1381 775 1435 tamen,
801 1368 943 1423 sicut
968 1362 1224 1433 exposui,
1257 1374 1491 1428 corpore
1520 1371 1583 1411 ac
1605 1356 1713 1411 ﬁne
1751 1366 2050 1409 reseratur.
2085 1349 2165 1403 Ex

2292 1372 2385 1413 ora
2418 1374 2537 1427 quat
2567 1357 2962 1421 abinitiofuit,
3007 1356 3134 1425 quia
3183 1357 3331 1426 quod
3372 1356 3550 1413 semel
3603 1358 3861 1413 creaverit

564 1467 677 1521 Deo
704 1464 984 1519 enimnon
1014 1468 1128 1521 est;
1154 1466 1208 1513 et
1229 1456 1434 1510 ideirco
1462 1468 1561 1509 nee
1585 1450 1856 1507 sideribus
1884 1446 2166 1501 cohaarere
2270 1450 2431 1517 Deus,
2468 1461 2560 1507 aut
2595 1452 2646 1505 in
2681 1451 2878 1507 melius
2915 1458 3108 1513 mutat,
3155 1461 3248 1505 aut
3291 1451 3412 1518 ipse
3462 1467 3574 1505 non
3607 1451 3854 1519 abrOgat:

564 1556 843 1617 credenda
868 1565 981 1617 est;
1017 1567 1139 1621 quae
1172 1549 1410 1619 primum
1445 1548 1653 1600 incerta
1686 1554 1740 1599 et
1777 1539 2040 1602 inﬁdelis,
2073 1537 2167 1591 de-
2269 1544 2551 1603 cretestent
2580 1558 2709 1597 vero
2737 1542 3059 1611 dignitatem
3086 1557 3191 1597 non
3217 1542 3304 1601 sui
3332 1543 3639 1610 Creatoris,
3666 1544 3759 1599 sed
3782 1560 3861 1599 vo-

566 1650 698 1707 inde
737 1649 919 1705 inanis
946 1655 1031 1701 est
1074 1644 1279 1713 operis,
1330 1650 1385 1695 et
1416 1639 1625 1695 idcirco
1656 1634 1945 1691 observari
1973 1647 2166 1701 super-
2273 1639 2481 1695 luntate
2518 1639 2762 1709 propria,
2800 1637 3177 1708 perdiderunt.
3212 1636 3376 1701 Unde
3406 1639 3535 1709 quia
3567 1650 3620 1699 et
3653 1638 3860 1699 oﬁensae

572 1759 802 1805 vacuum
836 1750 923 1796 est
973 1738 1049 1795 nil
1081 1736 1450 1807 profuturam.
1498 1732 1680 1788 Multae
1725 1739 1908 1784 autem
1955 1725 2165 1781 stolidi-
2273 1747 2468 1791 causas
2501 1732 2756 1799 requiris,
2801 1746 2868 1787 ex
2922 1732 3336 1799 Scripturarum
3367 1733 3587 1788 ratione
3648 1740 3864 1802 ultaque

575 1838 703 1895 tatis
747 1846 832 1892 est
874 1837 941 1889 ab
971 1833 1164 1889 eadem
1206 1829 1465 1899 praedicta
1499 1835 1770 1890 metuere,
1807 1841 1929 1894 qua:
1962 1835 2009 1876 et
2046 1837 2167 1875 cum
2203 1820 2250 1879 Β
2276 1841 2569 1895 ροςηυεοθ,
2605 1826 2724 1881 ι)υο
2747 1827 3093 1881 “canonum
3126 1842 3338 1896 genera
3367 1842 3495 1883 cum
3522 1827 3706 1885 omnia
3752 1839 3865 1881 con,

572 1929 931 2003 praedicentis
962 1926 1314 1983 confessione
1343 1921 1497 1977 eradi
1535 1928 1789 1989 possunt,
1813 1928 1867 1971 et
1898 1916 2169 1987 prmripue

571 2022 858 2080 conversis
904 2018 973 2074 ad
1005 2019 1176 2073 Deum
1231 2014 1483 2085 precibus
1516 2011 1787 2081 superari.
1838 2011 2167 2077 Prosperum

570 2132 705 2173 vero
730 2114 933 2184 aliquid
963 2112 1030 2167 ab
1069 2109 1261 2166 eadem
1297 2122 1522 2176 sperare
1555 2106 1879 2175 perstultum
1912 2118 2017 2166 εει,
2043 2118 2167 2157 eum

572 2222 683 2265 tam
712 2208 876 2263 facile
907 2216 999 2259 aut
1042 2203 1154 2257 falli
1186 2202 1361 2272 possit
1385 2209 1476 2253 ant
1505 2197 1718 2253 fallere.
1753 2196 1861 2252 Sed
1896 2196 2036 2265 ﬁnge
2080 2208 2172 2249 ve-

573 2318 693 2357 rum
730 2297 1027 2369 aliquando
1059 2294 1382 2357 denuntiet;
1416 2290 1560 2361 quod
1589 2290 1886 2346 consilium
1920 2298 2004 2343 est
2049 2301 2170 2341 cum

576 2396 867 2452 manifesto
890 2401 1047 2449 reatu
1073 2390 1142 2444 ab
1178 2385 1492 2457 huiusmodi
1531 2382 1795 2454 prodigiis
1836 2380 2033 2436 dubios
2079 2394 2176 2448 po—

571 2493 676 2547 tius
706 2496 1037 2558 exspectare
1069 2490 1387 2553 proventus,
1423 2492 1587 2547 quam
1624 2477 1676 2530 in
1708 2473 1813 2529 ﬁde
1837 2485 2056 2540 semper
2088 2483 2175 2523 se-

582 2601 796 2652 curum,
849 2581 941 2637 vel
976 2577 1243 2634 medelam
1276 2591 1302 2627 a
1338 2575 1448 2629 Deo
1486 2586 1716 2641 Sperate
1748 2570 1833 2625 vel
1871 2565 2176 2623 meritum?

583 2678 697 2733 lloo
729 2675 904 2745 magis
949 2670 1193 2736 noveris,
1227 2665 1515 2737 quemdam
1545 2679 1669 2718 esse
1699 2661 1918 2719 diabolo
1960 2660 2013 2714 in
2061 2674 2179 2714 sce-

580 2767 790 2824 leribus
822 2763 1215 2837 principatum,
1241 2768 1405 2827 atque
1447 2755 1578 2812 huic
1625 2752 2028 2811 immundorum
2064 2751 2179 2820 spi-

582 2863 789 2916 rituum
823 2855 1139 2912 ministeria
1180 2852 1398 2907 diversa
1433 2850 1674 2912 servire;
1709 2847 1811 2901 sub
1846 2845 1996 2907 illius
2033 2842 2179 2901 enim

580 2954 849 3025 ﬂagitiosa
877 2949 1153 3005 divisione
1182 2944 1275 3000 alii
1308 2939 1772 3010 concupiscentiae
1802 2938 1952 2993 faces
1986 2935 2181 3006 priete—

583 3060 729 3112 rnnt,
764 3056 819 3100 et
845 3043 1084 3099 luxuriat
1118 3040 1357 3095 fomenta
1390 3034 1763 3093 succendunt:
1800 3050 1895 3103 per
1919 3032 2179 3102 quosdam

583 3142 639 3197 in
683 3152 926 3209 przeeeps
975 3134 1147 3190 fertur
1200 3129 1387 3193 libido,
1437 3136 1601 3197 atque
1643 3126 1877 3181 avaritia
1917 3134 1939 3160 ίι
1981 3122 2179 3179 ofﬁciis

2273 1921 2454 1987 deret,
2487 1922 2761 1989 praecipua
2796 1920 2942 1974 Deus
2979 1917 3127 1985 fecit,
3153 1919 3358 1988 quibus
3404 1918 3712 1974 secundum
3760 1917 3866 1977 offic

2274 2016 2421 2072 cium
2450 2004 2640 2071 tribuit
2669 2023 2725 2069 et
2759 2029 3015 2069 sensum:
3052 2016 3100 2067 in
3141 2013 3300 2077 ccelis
3332 2013 3595 2084 Angelos,
3632 2012 3867 2071 homines

2272 2108 2324 2163 in
2358 2107 2522 2161 terris
2548 2125 2559 2159 :
2584 2107 2967 2175 incorporalcs
2994 2115 3123 2167 sunt
3146 2116 3203 2165 et
3228 2122 3361 2167 vero
3387 2105 3619 2175 spiritus
3652 2106 3863 2175 Angeli;

2273 2216 2372 2257 nos
2422 2217 2555 2256 vero
2600 2204 2859 2259 cmlestes
2917 2217 3117 2257 sensus
3176 2203 3321 2263 intra
3379 2215 3619 2270 corpora
3665 2210 3866 2263 terrena

2272 2304 2572 2364 gestamus.
2602 2294 2671 2349 Et
2698 2309 2825 2348 cum
2856 2308 3085 2349 munere
3110 2291 3394 2357 Creatoris
3430 2293 3695 2351 voluntas
3718 2294 3867 2349 utris-

2275 2401 2382 2456 que
2410 2387 2481 2445 sit
2508 2385 2701 2452 libera,
2724 2385 2899 2455 major
2925 2394 3009 2447 est
3031 2394 3220 2447 tamen
3253 2386 3307 2440 in
3332 2384 3655 2443 hominibus
3669 2383 3869 2443 occasio

2276 2477 2631 2548 delinquendi
2656 2494 2671 2543 ;
2694 2478 2895 2546 quibus
2926 2486 2981 2533 et
3009 2478 3197 2533 animo
3227 2487 3280 2533 et
3312 2492 3553 2548 corpore,
3573 2476 3868 2535 cavendum

2276 2587 2389 2635 est:
2412 2590 2533 2633 nam
2586 2572 2881 2631 desideriis
2905 2574 3125 2639 animm,
3144 2587 3379 2641 corpora
3400 2572 3620 2629 actibus
3632 2580 3866 2642 peccant.

2355 2668 2415 2722 lli
2446 2684 2578 2736 ergo
2619 2667 2911 2737 propiores
2940 2667 3075 2732 Deo,
3107 2667 3199 2737 qui
3231 2668 3405 2736 magis
3436 2666 3597 2727 liberi
3625 2682 3639 2731 ;
3672 2675 3729 2731 et
3763 2664 3869 2733 quia

2282 2768 2635 2839 imperiorum
2689 2766 2943 2835 ejusdem
2996 2766 3235 2827 ministri
3285 2778 3510 2832 semper
3575 2778 3640 2816 ac
3692 2762 3869 2827 medii,

2281 2862 2405 2916 ideo
2440 2862 2561 2930 plus
2592 2861 2854 2919 scientes.
2884 2858 2909 2895 ι)
2944 2858 3087 2928 Ergo
3123 2857 3230 2927 (ut)
3262 2870 3632 2927 quaecumque
3686 2855 3737 2909 in
3780 2864 3871 2909 tero

2280 2958 2359 3012 ris
2404 2956 2487 3025 agi
2528 2962 2858 3023 potestatum
2906 2960 2961 3009 et
3002 2952 3333 3021 dignitatum
3387 2948 3659 3019 gradibus
3703 2947 3869 3011 vides,

2283 3049 2477 3105 umbra
2510 3046 2822 3105 ctelestium
2852 3056 2933 3103 est
2962 3063 2973 3099 :
3023 3045 3094 3104 ita
3137 3054 3189 3098 et
3240 3041 3355 3097 illic
3386 3042 3561 3111 magis
3584 3039 3871 3101 secundum

2288 3144 2383 3199 Dei
2415 3146 2601 3200 datum
2634 3149 2690 3201 et
2718 3139 3026 3209 disciplinae
3071 3148 3124 3192 et
3164 3135 3421 3199 ordinum
3455 3133 3659 3193 modus
3711 3135 3878 3202 omisi-

584 3236 698 3291 SUiS
730 3234 927 3296 Utitur;
961 3229 1273 3312 aliiPmm‘e
1296 3222 1534 3279 habendi
1565 3230 1791 3277 ειύθηιδ
1824 3219 2175 3312 Persuade“:
2205 3207 2249 3277 Β
2284 3236 2463 3293 dentis
2493 3235 2588 3290 Dei
2622 3233 2795 3291 servit
2827 3207 3097 3300 imperiis,
3134 3238 3297 3299 atque
3325 3227 3393 3283 ad
3424 3236 3621 3281 nutum
3654 3223 3879 3283 itteﬁabi-

583 3337 638 3383 et
666 3324 886 3381 fraudes
918 3310 1188 3377 furtorum
1222 3330 1464 3372 sorores.
1502 3313 1822 3385 (Ltetantur
1868 3312 1933 3367 ad
1988 3310 2179 3379 cogni-

588 3418 721 3489 tos.)
766 3417 829 3473 lli
889 3414 1213 3473 maeroribus
1261 3418 1528 3481 praesunt,
1580 3416 1635 3464 et
1676 3407 1772 3474 qui
1804 3416 2039 3463 terrores
2071 3419 2185 3459 me-

588 3512 869 3570 tuentibus
918 3510 1172 3579 ingerant
1200 3505 1336 3559 certi
1387 3510 1555 3559 sunt:
1607 3499 1846 3557 aliorum
1896 3509 2185 3555 exercetur

589 3608 749 3665 turba
797 3602 1155 3665 cruciatibus,
1213 3608 1269 3653 ut
1318 3596 1514 3651 saevius
1569 3592 1870 3649 infelicium
1906 3590 2186 3647 hominum

591 3714 825 3769 corpora
860 3695 1151 3750 vexatione
1179 3689 1527 3759 quatiantur:
1572 3704 1601 3743 τι
1629 3684 1955 3756 quibusdam
1978 3684 2079 3737 sub
2111 3682 2193 3739 in-

592 3798 881 3847 cremento
905 3790 1049 3841 lunae
1079 3795 1307 3853 augetur
1340 3780 1576 3846 insania,
1612 3788 1667 3835 et
1695 3787 1966 3847 tamquam
1991 3776 2057 3835 de
2083 3776 2191 3845 ple-

595 3885 852 3941 nitudine
883 3880 1158 3952 purissimi
1196 3876 1418 3933 luminis
1460 3883 1747 3943 captorum
1793 3872 1945 3929 labes
1984 3872 2191 3935 veniat,

594 3978 699 4035 sub
728 3977 959 4046 quadam
998 3972 1123 4027 mali
1171 3968 1522 4025 dimensione
1554 3978 1649 4023 aut
1692 3978 2061 4035 exaggerator
2104 3974 2198 4021 aut

595 4073 819 4142 incipit:
857 4067 1108 4127 nonnulli
1160 4064 1421 4133 magicam
1477 4060 1865 4129 praestolamur
1898 4068 2098 4123 artem,
2144 4067 2197 4113 et

597 4162 813 4221 mentiri
839 4169 1188 4217 mortuorum
1215 4156 1417 4224 ﬁguras
1443 4155 1496 4209 in
1521 4153 1883 4213 meditatione
1902 4152 2193 4221 deputant:

595 4258 684 4314 his
728 4258 893 4314 etiam
943 4250 1370 4308 divinationibus
1418 4248 1702 4307 doctiores
1747 4256 2110 4317 praecurrunt,
2142 4254 2197 4301 et

597 4349 821 4407 fallendi
863 4343 1257 4405 subtilissimus
1288 4342 1444 4397 velut
1496 4342 1732 4411 simplex
1782 4338 2046 4397 mathesis
2077 4354 2195 4395 am-

602 4444 875 4515 plectitur.
904 4440 1011 4496 Alii
1043 4439 1099 4493 in
1150 4436 1345 4493 avibus
1388 4434 1617 4503 auguria
1651 4432 1971 4501 prrecinunt,
2004 4441 2058 4485 et
2098 4446 2194 4489 voc

602 4541 813 4594 lautum
858 4534 1044 4601 lapsus
1088 4533 1257 4585 certis
1295 4527 1535 4585 laterum
1567 4524 1810 4595 partibus
1852 4531 2196 4581 monstrant;

2294 3329 2361 3387 lis
2395 3327 2697 3396 majestatis
2744 3323 3205 3387 innumerabilem
3253 3320 3596 3391 Angelorum
3654 3319 3878 3375 multitu-

2285 3422 2491 3484 dinem,
2540 3419 3009 3487 Archangelorum
3048 3414 3364 3472 obedientia
3391 3414 3558 3489 regit.
3609 3410 3716 3483 Qui
3750 3422 3877 3467 mute

2286 3530 2476 3574 autem
2504 3515 2756 3571 diabolus
2781 3523 2836 3569 et
2864 3513 3170 3569 daemonum
3200 3508 3483 3578 princeps,
3520 3507 3735 3576 primus
3776 3519 3880 3559 om-

2290 3611 2440 3665 nium
2460 3608 2699 3676 Angelus
2722 3604 2858 3669 fuit;
2886 3604 2977 3673 qui
3005 3601 3217 3659 factura
3234 3609 3289 3656 et
3318 3600 3493 3669 gratln
3520 3598 3737 3653 caeteris
3760 3612 3881 3666 prm-

2291 3704 2562 3769 eminens,
2586 3700 2714 3755 dum
2736 3700 2962 3755 eﬁertur
3000 3695 3298 3765 superbia,
3337 3694 3480 3757 intra
3523 3704 3720 3753 omnes
3767 3688 3883 3743 elle-

2288 3808 2409 3853 ctus
2440 3809 2523 3851 est
2569 3814 2579 3849 :
2617 3792 2799 3848 videri
2830 3807 2888 3846 se
2920 3792 3129 3847 etenim
3160 3789 3354 3851 Deum,
3410 3784 3563 3855 quod
3608 3799 3717 3841 non
3750 3787 3879 3843 erat,

2296 3888 2499 3952 voluit;
2530 3897 2584 3941 et
2636 3885 2761 3955 quia
2810 3884 3019 3953 primus
3062 3882 3205 3935 inter
3243 3894 3443 3933 omnes
3475 3878 3654 3933 tactus
3704 3875 3879 3936 luerat,

2298 3984 2389 4039 Div
2402 3980 2581 4038 initati
2599 3995 2660 4039 se
2672 3976 3044 4047 comparando
3068 3976 3337 4039 honorent
3351 3970 3645 4037 Creatoris
3661 3981 3883 4023 assume-

2299 4094 2393 4135 re:
2442 4080 2512 4131 ob
2559 4075 2719 4144 cujus
2764 4074 2878 4135 ausi
2912 4070 3400 4143 praesumptionem
3429 4082 3557 4127 cum
3609 4060 3884 4133 aliquantis

2299 4186 2365 4227 ex
2415 4167 2788 4233 interioribus,
2847 4165 2939 4234 qui
2987 4177 3277 4225 assensum
3325 4159 3683 4228 prtebucrant
3720 4199 3734 4223 ,
3789 4156 3885 4224 eje-

2298 4272 2415 4317 ctus
2444 4277 2473 4316 e
2504 4259 2646 4319 casio
2664 4270 2781 4324 eSt;
2811 4272 2948 4328 quos
2986 4266 3269 4325 postquam
3294 4266 3489 4315 secum,
3510 4251 3682 4311 traxit
3708 4248 3774 4303 ad
3802 4258 3888 4301 ter-

2302 4368 2413 4419 ras,
2450 4362 2727 4421 tamquam
2782 4350 3047 4411 amissum
3087 4360 3355 4418 reparans
3396 4344 3786 4414 principatum,
3830 4352 3887 4393 ex

2303 4447 2527 4517 Angelis
2573 4445 2845 4507 satellites
2894 4457 3021 4496 suos
3072 4440 3232 4505 fecit;
3267 4447 3344 4505 et,
3385 4438 3536 4493 sicut
3569 4437 3735 4507 paulo
3780 4440 3889 4487 ante

2304 4541 2629 4606 memoravi,
2690 4537 2886 4599 ofﬁciis
2935 4535 3227 4595 criminum
3283 4532 3560 4604 malisque
3600 4532 3886 4594 lapsorum,

603 4640 767 4700 atque
798 4628 869 4682 ita
905 4625 1000 4678 illo
1033 4622 1331 4677 falsitatunt
1361 4620 1609 4672 omnium
1640 4618 1924 4674 incentore
1952 4616 2035 4668 vel
2064 4630 2200 4683 prae-
2229 4609 2279 4677 Β
2307 4644 2565 4702 negan
2596 4631 2648 4687 in
2675 4630 2849 4687 uel“
2878 4629 3115 4685 reditum
3147 4623 3489 4683 cousvlamr.
3530 4622 3631 4676 me
3669 4621 3886 4692 primum

601 4724 743 4787 sule,
800 4716 1035 4773 diversis
1081 4714 1375 4775 criminum
1420 4709 1711 4779 stipendiis
1748 4708 2025 4762 dtcmones
2058 4707 2200 4760 mili-

602 4821 742 4874 tant.
776 4822 833 4869 ιιι
865 4810 1174 4865 indefessim
1221 4806 1459 4861 humano
1489 4800 1679 4872 generi
1710 4800 1934 4871 laqueos
1963 4806 2197 4871 praeten-

606 4908 819 4968 dentes,
845 4902 1008 4957 vitari
1062 4898 1131 4957 ab
1165 4896 1477 4950 hominibus
1510 4893 1754 4962 ferrique
1806 4910 1913 4947 non
1956 4893 2196 4963 possint;

606 5002 649 5055 si
685 5010 890 5060 tamen,
924 4994 1063 5051 sicut
1089 4990 1165 5044 illi
1197 4990 1278 5044 vel
1312 4988 1461 5045 credi
1493 5002 1713 5057 semper
1739 4986 1821 5042 vel
1848 4986 1963 5043 ﬁcri
1990 4987 2193 5052 volunt,

606 5104 783 5153 totum
816 5100 909 5146 aut
942 5084 1260 5145 crederetur
1286 5092 1379 5139 aut
1413 5082 1592 5137 ﬁeret.

1176 5183 1401 5245 CAPUT
1434 5182 1625 5239 XXXI.

856 5290 958 5356 Qui
988 5289 1091 5342 sint
1121 5286 1403 5348 daemones,
1425 5294 1476 5339 et
1504 5301 1537 5337 α
1560 5299 1663 5353 quo
1686 5284 1945 5341 diabolus.

680 5391 881 5445 APOLL.
907 5413 976 5425 —-
999 5380 1317 5450 Opportune
1348 5376 1411 5429 ad
1439 5374 1856 5445 responsionem
1895 5375 2199 5443 interroga-

677 5524 702 5551 ιι
734 5515 843 5567 lloc
872 5517 929 5565 ut
961 5503 1254 5571 intelligat,
1296 5498 1604 5571 monendus
1632 5506 1717 5551 est
1760 5497 2181 5571 lectnrtvoceut

610 5585 841 5656 ofﬁcium
869 5581 941 5656 ita
963 5577 1051 5631 hic
1080 5568 1256 5656 accipi
1286 5572 1414 5651 utin
1443 5570 1653 5650 codice,
1691 5571 1854 5656 et’i‘tr
1874 5568 2061 5656 tt'o‘titia
2097 5569 2184 5621 di-

608 5640 869 5725 gnitatnm
901 5648 1139 5725 imperii,
1170 5660 1263 5725 pro
1286 5642 1552 5725 ministris
1576 5641 1689 5693 sive
1712 5640 2026 5709 ofﬁcialibus
2048 5654 2185 5706 prm-

610 5712 762 5782 sidis.
791 5712 1413 5790 Qttzettncinis__inclttsa
1448 5712 1618 5790 vides,
1668 5728 1729 5790 ea
1781 5723 2073 5790 supersunt
2115 5728 2187 5763 ex

611 5781 878 5851 eommEte
928 5792 981 5845 in
1025 5804 1132 5856 quo
1162 5785 1450 5839 Zacchwus
1483 5781 1757 5856 scribebat
1805 5782 2184 5856 immoderata:

615 5850 817 5924 laetitiae
839 5850 1076 5936 praeesse
1106 5858 1407 5923 daemones,
1440 5850 1637 5923 quibus
1670 5852 1724 5909 id
1748 5866 1946 5909 munus
1974 5868 2003 5908 a
2034 5851 2187 5923 prin-

2308 4727 2587 4785 hominem
2644 4724 2712 4778 ad
2762 4720 3137 4785 temerandatn
3188 4716 3453 4789 prmcepti
3491 4715 3667 4785 legem
3699 4714 3750 4767 in
3782 4726 3887 4765 ser-

2310 4829 2471 4889 teute
2498 4818 2730 4886 praevius
2759 4825 2813 4871 et
2841 4830 3035 4871 suasor
3065 4811 3354 4871 animavit,
3394 4819 3453 4863 et
3484 4810 3538 4861 in
3569 4818 3892 4875 consequen-

2310 4913 2455 4969 tibus
2476 4925 2691 4979 semper
2710 4910 2905 4963 bonam
2925 4908 3095 4960 nostri
3118 4904 3460 4961 creationem
3480 4916 3582 4971 per
3606 4902 3734 4955 vita:
3757 4898 3891 4953 blatt-

2308 5008 2551 5062 dimenta
2589 5005 2701 5074 egit
2743 5004 2797 5056 itt
2845 5000 3097 5065 crimina;
3136 5008 3192 5054 et
3236 4996 3546 5068 quamlibet
3582 5010 3682 5065 per
3720 5004 3890 5047 manus

2306 5099 2617 5163 hominum,
2649 5098 2753 5157 hoc
2783 5104 2966 5157 tamen
2994 5092 3247 5151 Christus
3280 5090 3576 5146 insistente
3622 5086 3893 5143 cruciﬁxus

2305 5203 2408 5251 85L

2374 5286 2457 5345 illi
2515 5283 2737 5351 invidia,
2800 5298 2980 5343 tumor
3012 5325 3026 5347 ,
3079 5279 3379 5337 crudelitas
3416 5287 3475 5335 et
3523 5278 3727 5337 mixtus
3776 5285 3891 5330 con-

2305 5379 2653 5446 cupiscentiae
2684 5378 2845 5431 luxus
2874 5378 2925 5431 in
2958 5375 3208 5430 sordibus
3239 5372 3393 5427 cordi
3422 5386 3653 5441 semper
3683 5378 3737 5424 et
3778 5379 3894 5436 gau-

2309 5494 2433 5558 cipe
2461 5493 2712 5547 daemone
2744 5494 3003 5546 collatum
3029 5500 3171 5546 erat.

2379 5564 2405 5601 ι)
2440 5565 2699 5619 Voculam
2734 5575 2808 5631 ut,
2855 5582 2973 5632 qua:
3012 5564 3066 5617 itt
3114 5562 3278 5617 editis
3319 5570 3375 5615 et
3419 5561 3475 5632 in
3509 5575 3647 5615 mss.
3682 5554 3887 5632 deerat.

2313 5635 2436 5689 ideo
2477 5637 2765 5705 adjicitrtns
2800 5626 2969 5704 quod
3000 5634 3311 5690 necessaria
3347 5631 3631 5687 videatur.
3682 5626 3822 5705 Intra
3852 5634 3892 5676 et

2310 5698 2599 5778 disciplinis
2629 5698 2905 5762 edidimus
2933 5725 2995 5761 cx
3028 5705 3217 5769 Vittd.,
3253 5720 3379 5758 nam
3410 5713 3574 5758 antea
3626 5698 3895 5769 legebatur

2308 5789 2385 5831 est
2413 5779 2737 5848 disciplima:
2770 5779 2933 5833 male.

2604 6032 2635 6057 ῆι
