4060 6344
244 305 375 365 HO!

1412 306 2047 370 CONSULTATIONUM
2087 306 2215 367 LIB.
2259 308 2298 365 ι.

3403 314 3545 380 ut):

234 426 324 482 dio
351 436 467 483 est:
510 438 564 487 et
615 442 684 485 ne
731 440 953 497 semper
1002 428 1174 501 impia
1199 429 1280 486 rel
1327 428 1533 500 polluta
1558 428 1823 487 sectando
1875 426 1921 486 A
1952 430 2008 481 ei
2032 424 2185 480 mulli
2216 425 2379 489 vitam
2408 425 2600 496 ιδεμθο
2626 428 2839 487 ﬁniunt.
2862 430 2997 497 Quis
3032 432 3312 490 hominum
3331 438 3536 507 lapida.

234 518 449 574 subtilis
481 518 738 589 nequitiae
778 519 1037 591 figmenta
1085 519 1337 589 nudaret,
1373 521 1741 579 iniormatioui
1768 530 1845 576 at—

234 625 339 679 que
378 609 665 667 effectibus
692 611 970 667 scelerum
1021 612 1250 669 honesta
1285 616 1637 683 per-miscuit;
1673 613 1843 670 videri

234 705 462 763 studens
484 707 588 763 sibi
631 708 1001 778 virginitatem
1030 711 1267 781 placere,
1310 712 1482 768 dicari
1506 713 1709 769 debere
1727 711 1843 770 ido-

235 799 303 855 lis
351 801 685 869 castitatem,
730 813 786 858 ut
820 804 966 875 quod
1011 819 1071 862 re
1097 803 1357 875 destruit,
1388 806 1623 861 ambiret
1659 806 1711 861 in
1747 821 1845 863 no—

236 896 416 962 mine;
462 897 765 967 puriﬁcatis
817 901 983 956 etiam
1016 900 1137 971 plus
1174 901 1433 974 quiddam
1470 900 1701 959 fallaciae
1734 916 1847 959 suae

236 1000 526 1058 prteStans,
570 1000 627 1051 et
661 993 959 1064 quamlibet
1012 992 1237 1059 homini
1265 1006 1468 1051 sectam
1500 995 1731 1059 libenter
1760 995 1843 1051 in-

234 1081 488 1155 dulgens,
532 1084 659 1142 dum
723 1087 890 1144 Deum
934 1101 1034 1145 nec
1073 1088 1378 1159 ignoratum
1424 1088 1667 1157 aliquisa
1702 1086 1843 1145 scire

234 1186 433 1245 queat,
492 1192 594 1235 nec
648 1179 895 1254 agnitum
933 1195 997 1234 ex
1054 1179 1227 1247 ipsius
1279 1181 1555 1239 voluntate
1599 1196 1661 1236 ac
1725 1180 1843 1249 lege

240 1282 559 1331 veneretur.
603 1274 667 1329 lli
699 1290 828 1344 ergo
856 1274 1165 1341 dat-mones,
1208 1285 1261 1331 et
1304 1276 1392 1333 hic
1439 1291 1627 1334 eorum
1656 1274 1843 1331 diabo-

240 1362 328 1418 lus
382 1365 673 1435 princeps:
716 1366 815 1423 ltus
855 1366 1067 1427 ChriSti
1117 1383 1315 1438 nomen
1366 1370 1506 1426 intra
1562 1368 1841 1425 hominum

238 1458 450 1515 viscera
488 1461 705 1515 abditos
739 1470 908 1520 terret
958 1473 1012 1517 et
1053 1463 1284 1523 cruciat.
1337 1463 1397 1517 lli
1438 1462 1689 1517 omnibus
1733 1476 1846 1515 me-

237 1562 477 1606 moratas
517 1554 768 1621 superius
821 1553 1051 1609 insidias
1076 1565 1319 1621 struunt,
1370 1570 1505 1627 quos
1559 1564 1703 1613 metu
1745 1568 1840 1608 ne-

238 1658 446 1717 queunt
489 1646 763 1702 illecebris
796 1650 1115 1721 rapientes,
1161 1658 1217 1704 ut
1246 1666 1369 1709 cum
1398 1650 1641 1721 quolibet
1682 1647 1843 1707 niodo

238 1738 477 1797 oli'ensos
495 1739 606 1795 Deo
625 1739 877 1808 fecerint,
901 1744 968 1797 ab
1000 1759 1100 1814 3pc
1117 1743 1548 1802 immortalitatis
1572 1742 1763 1801 abduc.
1785 1750 1845 1796 nt

1950 514 2185 571 tionibus
2215 531 2341 573 saxa
2365 558 2380 581 ,
2408 518 2529 587 quis
2557 519 2700 591 ligna
2734 522 2990 577 crucibus
3018 522 3336 593 deputavit?
3369 528 3537 585 Num-

1945 609 2073 679 quid
2095 626 2321 667 summa:
2347 612 2636 683 dignitates
2660 615 2864 673 idcirco
2886 617 3100 687 regibus
3123 619 3339 689 dantur,
3366 632 3425 679 ut
3454 633 3538 696 ty-

1948 704 2205 760 rannides
2235 703 2447 761 facilius
2491 713 2867 765 assumantur“!
2912 708 3087 777 Quam
3137 711 3281 768 bona
3331 718 3538 771 creatio

1950 794 2059 851 vini
2088 800 2197 853 est!
2234 808 2290 854 et
2321 808 2603 869 acceptum
2637 800 2863 858 effusius
2901 804 3075 874 gignit
3114 806 3403 863 insaniam.
3432 810 3540 880 ipsi

1948 886 2239 945 herbarum
2286 890 2437 947 succi
2479 892 2570 960 qui
2618 892 2914 962 profuturis
2949 895 3407 955 medicaminibus
3449 902 3539 955 ad-

1951 980 2267 1049 miscentur,
2301 992 2394 1038 aut
2440 983 2642 1040 saevius
2684 986 2870 1043 insciis
2922 998 3146 1054 nocent,
3188 1001 3284 1047 aut
3335 991 3537 1062 largius

1952 1074 2273 1131 hauriuntur
2297 1086 2352 1133 et
2375 1077 2671 1147 perimunt.
2684 1080 3059 1141 Crenndorum
3084 1082 3380 1141 liberorum
3410 1101 3534 1141 cau—

1951 1182 2008 1223 sa
2032 1181 2153 1223 sunt
2178 1172 2443 1238 permissa
2470 1173 2743 1243 conjugis,
2775 1183 2833 1231 et
2852 1192 2917 1233 ex
2940 1176 3101 1235 licitis
3128 1179 3360 1236 coitibus
3386 1181 3539 1237 adui-

1954 1262 2087 1316 teria
2107 1263 2463 1320 admittuntur
2498 1265 2703 1322 illicita.

2019 1353 2186 1424 Quid,
2231 1372 2389 1429 rogo,
2438 1358 2647 1429 requies
2698 1360 2878 1417 facere
2927 1362 3071 1419 Deus
3119 1363 3329 1431 debuit,
3372 1381 3533 1433 quam

1951 1445 2322 1503 rationabilem
2366 1448 2699 1521 Augetur-um
2752 1463 2809 1510 et
2855 1452 3137 1511 hominum
3174 1468 3483 1516 creaturam
3521 1503 3533 1522 .

1949 1549 2110 1613 atque
2140 1540 2283 1599 hanc
2309 1560 2409 1602 nec
2432 1545 2683 1604 libertate
2710 1548 2969 1617 privaret,
3005 1561 3057 1607 et
3086 1552 3540 1610 scientiaeautio—

1947 1634 2032 1689 nis
2065 1634 2375 1693 imbueret?
2403 1638 2560 1707 Quod
2588 1639 2631 1697 si
2672 1640 2841 1699 futuri
2871 1645 3129 1711 [ii-arseius
3158 1646 3301 1702 Deus
3342 1663 3537 1704 creare

1950 1723 2283 1797 huiusmodi,
2326 1738 2419 1784 aut
2446 1732 2661 1789 trieteris
2690 1732 2950 1801 praeferre
2987 1752 3095 1791 nun
3139 1736 3369 1803 debuit,
3406 1754 3538 1809 ergo

237 1843 292 1888 et
326 1834 695 1892 oblectatione
736 1836 1107 1904 praesentium,
1155 1849 1207 1892 et
1265 1837 1647 1894 incredulitate
1702 1836 1843 1891 iutn-
1876 1825 1923 1889 Β
1953 1832 2053 1872 nec
2082 1818 2355 1876 hominem
2380 1820 2567 1888 facere
2591 1833 2683 1881 θυι
2712 1826 2923 1882 “uncus
2954 1828 3212 1896 Pi‘a’ft‘l'fe
3235 1830 3496 1887 debuerat
3527 1872 3540 1897 ο

240 1944 424 1985 rerum
438 1971 451 1985 .

796 2024 1023 2083 CAPUT
1064 2023 1280 2083 XXXII.

311 2114 416 2169 Cur
445 2118 689 2187 prtescius
737 2121 1033 2187 futurorum
1066 2115 1206 2172 Deus
1256 2119 1433 2188 fecerit
1478 2119 1768 2183 diabolum,

488 2212 576 2281 qui
603 2212 806 2281 futurus
836 2223 963 2265 esset
996 2212 1292 2267 hominibus
1328 2215 1589 2269 inimicus.

310 2304 517 2360 Arum“
551 2335 619 2344 —
653 2304 711 2362 Si
748 2314 853 2359 tam
882 2306 1059 2361 malus
1088 2316 1171 2361 est
1199 2305 1447 2362 diabolus
1473 2322 1638 2379 quam
1667 2306 1837 2370 dicis,

242 2406 296 2451 et
325 2407 431 2451 tam
464 2399 713 2467 pertinax
746 2398 1057 2462 criminum,
1088 2399 1249 2453 futuri
1281 2401 1543 2475 praescius
1570 2400 1712 2454 Deus
1743 2415 1843 2454 nec

242 2489 445 2543 tnalum
479 2505 667 2544 creare
697 2490 992 2557 debuerat,
1024 2507 1121 2547 nec
1155 2502 1303 2547 tanto
1335 2492 1575 2547 culmine
1605 2492 1842 2564 dignane

244 2585 308 2637 Iis
334 2583 553 2651 efferre,
590 2601 654 2641 ne
684 2595 776 2639 aut
806 2586 908 2640 sibi
935 2587 1154 2641 obvium
1184 2630 1196 2651 ,
1226 2599 1317 2641 aut
1342 2587 1660 2643 hominibus
1689 2604 1843 2642 crea-

241 2686 324 2732 ret
345 2677 668 2744 inimicum;
712 2680 868 2751 cujus
898 2698 1016 2750 qua:
1058 2682 1195 2735 ratio
1228 2680 1352 2735 facti
1386 2682 1495 2749 sit,
1530 2684 1571 2735 si
1609 2683 1839 2737 scicntia

243 2770 501 2841 suppetit,
531 2773 774 2827 narratio
799 2775 1185 2845 subsequatur.

312 2865 513 2921 ZACCH.
566 2897 637 2909 -—-
678 2865 822 2921 Nihil
877 2868 1074 2921 malmn
1134 2868 1352 2939 penitus
1400 2870 1450 2923 iu
1516 2884 1616 2925 Sth
1670 2885 1839 2940 opere

245 2958 385 3015 Deus
440 2959 593 3024 fecit,
638 2974 739 3014 nec
796 2959 1015 3015 insitum
1070 2960 1120 3013 in
1176 2959 1259 3013 his
1311 2961 1583 3015 creaturis
1640 2960 1839 3033 aliquid

242 3053 463 3107 noxium
486 3061 589 3117 est,
616 3052 711 3112 sed
741 3053 808 3109 ab
838 3052 921 3107 his
948 3053 1125 3124 potius
1142 3055 1468 3125 appetitum,
1493 3052 1619 3126 quia
1643 3066 1698 3109 ut
1723 3055 1837 3125 pla-

241 3154 428 3202 cerent
459 3144 599 3200 facta
627 3155 750 3200 sunt
776 3145 962 3200 omnia
991 3187 1004 3211 ,
1030 3162 1137 3199 non
1168 3157 1222 3199 ut
1254 3156 1517 3202 nocerent
1553 3165 1565 3200 :
1599 3146 1693 3201 sed
1730 3150 1842 3217 pri-

243 3254 388 3293 mum
428 3239 647 3309 Angelis
676 3239 815 3295 sicut
850 3239 1163 3297 [nominibus
1198 3223 1654 3309 postea‘liberazn
1695 3241 1843 3296 Deus
1872 3219 1919 3284 (ἶ

247 3331 499 3402 praestitit
528 3332 884 3395 voluntatem,
916 3333 1156 3403 alioquin
1191 3332 1243 3389 in
1276 3333 1431 3388 nullo
1459 3344 1656 3403 praeter
1692 3341 1845 3388 natu-

243 3442 357 3481 ram
388 3424 554 3481 mntis
585 3427 914 3481 animalibus
941 3426 966 3465 δ
1003 3427 1416 3497 prmstitissent,
1456 3428 1556 3483 hoc
1592 3438 1680 3483 est
1702 3428 1847 3484 sicut

242 3518 356 3591 jam
387 3519 453 3574 de
485 3520 791 3577 hominibus
813 3519 951 3585 dixi,
979 3522 1029 3574 in
1054 3522 1287 3595 quodam
1316 3524 1635 3595 ignorantia:
1661 3535 1847 3594 torpo-

248 3628 307 3667 re
353 3614 669 3683 compositis
711 3622 805 3667 aut
837 3613 1067 3669 licerent
1115 3614 1317 3680 ouiuia,
1356 3624 1453 3669 aut
1501 3617 1683 3671 omnia
1738 3631 1845 3672 non

249 3706 499 3761 Iicerent.
548 3705 691 3761 Fons
714 3721 847 3778 ergo
874 3706 1038 3761 totius
1068 3707 1293 3764 rationis
1322 3708 1466 3765 Deus
1496 3708 1848 3764 irrationabi—

251 3798 327 3854 les
357 3800 458 3853 sibi
489 3810 604 3853 erut
640 3807 927 3857 ereaturus
969 3801 1286 3857 ministros?
1315 3802 1423 3857 Aut
1452 3819 1574 3874 qua:
1604 3804 1847 3868 ipsorum

255 3892 508 3947 sensibus
538 3893 707 3955 ratio,
749 3893 790 3947 si
823 3893 971 3947 nulla
999 3893 1263 3948 voluntati
1290 3896 1564 3964 potestas?
1588 3895 1721 3962 Qum
1749 3911 1848 3967 po-

255 3996 463 4039 stremo
496 3984 836 4050 obedientia,
870 3994 964 4038 aut
993 3987 1113 4057 quis
1146 3985 1243 4039 Dei
1270 3986 1448 4040 cultus
1483 3986 1583 4039 nisi
1609 3986 1849 4057 jnbentis

258 4078 502 4149 imperiis
534 4094 878 4149 consequens
923 4088 1068 4133 esset
1092 4078 1403 4147 similitudo
1454 4079 1851 4134 famuhntum?

258 4171 413 4239 Quod
443 4172 485 4226 si
532 4180 752 4243 propter
778 4171 1201 4243 uniuscujusque
1246 4172 1613 4227 Voluntarium
1650 4173 1851 4227 malum

261 4276 474 4319 creator
511 4272 595 4319 est
636 4263 972 4334 arguendos,
1016 4264 1162 4333 quod
1203 4263 1306 4319 dici
1356 4265 1502 4318 nefas
1535 4274 1649 4330 est;
1698 4273 1751 4320 et
1788 4264 1855 4321 de

261 4358 513 4414 omnibus
538 4358 638 4413 boc
664 4358 823 4414 modo
846 4359 997 4429 argui
1024 4368 1217 4427 pelcst,
1241 4359 1364 4430 quia
1384 4358 1449 4413 ad
1479 4359 1674 4413 bonum
1701 4374 1854 4417 usum

264 4455 401 4509 facta
434 4462 559 4508 sunt
590 4454 791 4518 omnia,
825 4462 876 4508 et
899 4453 1068 4508 malos
1091 4453 1269 4509 exitus
1300 4451 1535 4517 habent,
1564 4454 1604 4507 si
1644 4452 1724 4508 Itis
1754 4452 1852 4509 ali—

266 4554 345 4601 ter
374 4546 448 4600 uti
482 4545 635 4600 velis.

334 4638 604 4709 Numquid
638 4638 835 4692 malum
880 4645 963 4692 est
1001 4638 1183 4708 ignis?
1232 4649 1285 4691 ct
1316 4648 1465 4692 certe
1494 4655 1613 4710 qua:
1649 4640 1853 4711 impor-

266 4742 393 4787 tune
437 4730 743 4786 admoveris
782 4738 1119 4785 exuruntur:
1170 4739 1311 4783 terra
1342 4731 1544 4796 obruit,
1593 4732 1687 4786 sed
1731 4747 1853 4788 cum

266 4824 547 4879 subruitur
597 4842 609 4877 :
658 4838 762 4878 non
797 4821 1093 4893 naufragiis
1128 4821 1294 4875 maria
1324 4835 1651 4894 congregata
1684 4834 1806 4878 sunt
1839 4868 1853 4892 ,

264 4928 316 4974 et
369 4928 547 4972 tamen
596 4916 976 4989 intempestive
1026 4915 1232 4969 ratibus
1287 4916 1430 4969 adita
1473 4916 1852 4988 submergunt.

265 5011 537 5083 Numquid
583 5011 653 5066 ad
686 5008 1048 5066 decidentium
1081 5012 1223 5065 celsa
1255 5020 1569 5066 ροιιμιιειιριίι
1602 5013 1768 5066 sunt?
1806 5023 1861 5068 et

268 5110 370 5163 nisi
412 5107 644 5162 summis
678 5105 885 5160 cautius
922 5106 1284 5160 c0usistamus
1316 5148 1328 5171 ,
1373 5107 1690 5161 excidimus.
1724 5107 1856 5163 Ver-

272 5202 449 5256 tenda:
478 5200 532 5254 in
558 5200 739 5253 sulcos
772 5207 930 5252 terra:
963 5208 1122 5266 atque
1152 5197 1576 5254 excidendorum
1615 5215 1774 5255 causa
1802 5201 1864 5254 Ii-

270 5308 503 5365 gnorum
534 5292 735 5347 ferrum
763 5290 1072 5351 hominibus
1094 5290 1279 5349 datum
1304 5302 1477 5358 est,et
1505 5296 1628 5350 exin
1656 5296 1864 5367 gladios

277 5386 417 5447 bella
440 5394 813 5456 sumpseruit.
844 5381 1117 5451 Numquid
1136 5382 1193 5441 in
1222 5385 1355 5443 resti
1387 5400 1542 5445 mors
1564 5388 1737 5457 [insita
1758 5392 1865 5446 est?

350 5586 377 5613 ιι
408 5576 471 5631 ιιι
495 5570 643 5631 illud.
674 5570 802 5625 scire
823 5576 1021 5640 quirat
1042 5611 1057 5635 ,
1091 5562 1287 5640 nescio
1314 5578 1440 5640 utam
1476 5568 1690 5625 melius.
1717 5573 1870 5629 Haud

285 5647 360 5705 ira
387 5646 560 5701 multo
598 5653 716 5716 ρυξι
743 5632 857 5709 "bii
890 5632 1131 5716 ἡρεεθθο
1166 5632 1381 5716 (Μίδην
1411 5652 1599 5716 ‘Coc‘im
1626 5659 1747 5716 ergo
1779 5648 1871 5701 de"

282 5720 511 5773 ierimus
545 5708 793 5783 ejusdem
820 5708 1028 5768 cudicis
1056 5708 1569 5783 auctoritatefreti.

348 5791 373 5828 υ
408 5776 590 5844 Hasce
613 5787 1001 5861 duasvoeutas
1041 5794 1173 5848 quas
1204 5776 1263 5830 in
1283 5776 1446 5835 editis
1483 5784 1732 5861 deerant,
1784 5791 1875 5847 ad-

277 5862 599 5932 SCt'ipsimtts
621 5874 651 5912 e
678 5858 801 5913 cod.
836 5858 987 5914 Leni.

1946 1927 2109 1980 quem
2136 1926 2487 1985 peccaturum
2511 1918 2722 1975 sciebat
2754 1930 2847 1977 :ct
2867 1921 3007 1978 sient
3038 1931 3092 1979 tu
3117 1924 3293 1990 dicis,
3329 1941 3396 1979 ne
3427 1926 3541 1994 ipsa

1947 2006 2162 2077 quidem
2220 2008 2336 2064 ﬁeri
2384 2010 2655 2068 elementa
2702 2012 3035 2081 debuerunt,
3061 2018 3107 2073 si
3137 2018 3343 2074 nullius
3387 2027 3548 2075 erant

1949 2098 2067 2153 usui
2106 2098 2420 2173 profutura,
2455 2102 2541 2158 vel
2577 2106 2835 2174 quoniam
2875 2122 3073 2163 nocere
3114 2107 3372 2165 universa
3416 2126 3540 2179 pos-

1946 2206 2092 2259 sunt,
2122 2195 2167 2251 si
2197 2195 2391 2252 iisdem
2422 2211 2529 2252 non
2557 2196 2633 2253 ita
2671 2199 2839 2253 utaris
2876 2208 2933 2254 ut.
2965 2200 3104 2257 facta
3132 2212 3279 2257 sunt.
3323 2205 3537 2269 Quanto

1950 2288 2037 2343 bic
2068 2288 2259 2343 divina:
2292 2289 2650 2359 providentia:
2681 2292 3008 2359 probabilior
3039 2293 3174 2350 ordo
3205 2302 3310 2361 est,
3336 2294 3543 2351 idcirco

1950 2380 2022 2433 illi
2078 2381 2310 2453 primum
2356 2396 2567 2437 summa
2603 2384 2977 2449 committere,
3011 2385 3101 2453 qui
3146 2395 3264 2440 erat
3311 2403 3544 2444 ausurus

1948 2470 2169 2542 illicita,
2203 2482 2257 2526 ut
2287 2473 2547 2528 attentior
2577 2476 2918 2531 Successuris
2945 2491 3072 2529 cura
3093 2476 3317 2544 iustitia:
3343 2491 3396 2532 et
3430 2490 3450 2515 ε
3485 2494 3547 2532 a-

1949 2581 2100 2619 mare
2116 2574 2421 2622 creatorem
2437 2565 2747 2622 institueret
2759 2578 2812 2622 et
2838 2568 3075 2634 timeret,
3091 2584 3154 2623 ac
3170 2568 3329 2623 simul
3353 2571 3551 2626 tentari

1948 2675 2073 2715 eum
2119 2674 2221 2715 nec
2273 2660 2341 2713 ab
2396 2660 2619 2729 Angelis
2658 2660 2878 2730 impune
2922 2670 3291 2731 monstraret,
3333 2666 3425 2733 qui
3478 2667 3549 2719 ob

1949 2752 2427 2826 pr.csumpti0ncm
2466 2752 2635 2808 etiam
2666 2754 3064 2825 Archangelum
3108 2755 3417 2825 deiecisset.
3458 2757 3546 2811 Vi-

1948 2847 2044 2899 des
2075 2861 2204 2915 ergo
2232 2843 2327 2901 Dei
2354 2846 2636 2903 creatione
2667 2846 2864 2902 bonum
2903 2847 3141 2916 fractum,
3182 2860 3347 2919 atque
3380 2850 3547 2919 ipsius

1948 2939 2219 2995 beneficio
2264 2939 2316 2992 in
2359 2940 2685 2999 sublimibus
2722 2944 3079 2997 constitutum
3114 2942 3390 2997 voluntate
3424 2959 3548 3013 pro-

1950 3038 2095 3107 prta,
2115 3051 2277 3110 quam
2309 3036 2537 3094 liberam
2566 3044 2885 3107 acceperat,
2910 3037 3281 3095 etbonitatem
3310 3047 3547 3095 nmtasse

1949 3128 2153 3183 malitia
2174 3170 2189 3195 ,
2221 3138 2274 3182 et
2296 3129 2625 3201 dignitatem
2659 3129 2946 3187 imolentia
2984 3129 3306 3200 perdidisse.

2486 3247 2716 3304 CAPUT
2756 3249 3001 3305 XXXIII.

1952 3339 2014 3396 Si
2058 3346 2283 3412 peccarit
2336 3340 2580 3395 diabolus
2622 3358 2741 3394 cum
2796 3344 2988 3410 sociis,
3036 3359 3193 3414 quare
3232 3361 3334 3398 non
3375 3350 3547 3401 statim

2540 3437 2841 3507 interfectus
2866 3450 2959 3492 est.

2024 3529 2226 3586 APOLL.
2257 3559 2330 3570 -——
2360 3529 2537 3584 Etiam
2569 3530 2686 3584 lucc
2708 3544 2833 3584 cum
2864 3533 3077 3587 ratione
3096 3534 3272 3589 iacere
3300 3535 3549 3589 videntur

1952 3636 2076 3692 qua:
2104 3624 2173 3678 de
2202 3622 2407 3678 diaboli
2445 3626 2726 3679 creatione
2755 3639 2993 3695 casuque
3028 3627 3215 3680 dixisti
3249 3647 3259 3679 :
3294 3627 3391 3681 sed
3420 3629 3549 3698 quid

1953 3730 2131 3771 causa:
2152 3715 2226 3770 sit
2245 3717 2389 3786 quod
2414 3757 2428 3783 ,
2465 3726 2589 3787 post
2609 3732 2800 3772 ausum
2832 3725 2996 3773 tanta:
3027 3721 3381 3785 temeritatis,
3410 3721 3553 3775 sicut

1951 3808 2065 3876 jam
2092 3809 2339 3877 qua'sivi,
2363 3808 2581 3864 deletus
2604 3814 2791 3864 statim
2805 3826 2930 3865 eum
2947 3812 3275 3867 satellitibus
3299 3827 3405 3868 no»
3438 3814 3553 3868 fue-

1956 3900 2057 3964 rit,
2090 3902 2368 3970 signanter
2389 3900 2653 3957 edissere.

2029 3993 2225 4047 Zaccu.
2258 4022 2328 4031 —
2358 3992 2455 4046 Dei
2479 3994 2741 4061 judicium
2772 4009 2878 4048 non
2907 4005 3112 4049 tantum
3140 4011 3205 4051 ex
3239 4006 3506 4065 potestate
3533 4038 3549 4063 ,

1959 4085 2056 4138 sed
2084 4101 2148 4139 ex
2184 4087 2391 4139 ratione
2414 4096 2499 4138 est
2520 4128 2532 4149 τ
2565 4083 2593 4122 ιι
2614 4088 2710 4156 qui
2740 4088 2791 4142 in
2838 4089 3301 4143 condemnatione
3338 4107 3447 4145 non
3468 4091 3553 4160 ju-

1960 4179 2192 4234 dicantis
2227 4177 2401 4232 solam
2453 4179 2570 4231 vnit
2603 4193 2726 4233 esse
2754 4181 3128 4249 sententiam,
3174 4180 3279 4232 nisi
3326 4191 3380 4234 et
3420 4196 3554 4236 con-

1961 4270 2251 4326 scientiam
2270 4268 2633 4339 iti-linquentis
2649 4269 3047 4337 perquanidani
3066 4272 3395 4338 panitent'rx
3407 4286 3557 4325 com-

1966 4361 2468 4433 perendinationem
2505 4405 2519 4427 ,
2590 4362 3020 4416 misericordiam
3080 4377 3303 4432 semper
3361 4363 3427 4419 ad
3495 4380 3555 4420 se

1964 4460 2162 4516 reverti
2195 4458 2542 4528 cupientibus
2564 4466 2850 4528 praestans.
2876 4456 2944 4511 Et
2968 4457 3095 4512 licet
3125 4458 3181 4513 in
3210 4460 3357 4511 οιιιιιὶ
3387 4459 3554 4527 ειεαυί-

1966 4566 2081 4611 tare
2108 4570 2205 4609 sua
2231 4554 2407 4625 justus
2435 4553 2527 4620 sit,
2552 4564 2636 4608 est
2668 4563 2847 4607 tamen
2871 4552 2923 4605 iu
2950 4552 3299 4607 miseratione
3320 4568 3559 4623 propen-

1965 4650 2116 4713 sior,
2183 4663 2357 4718 neque
2411 4646 2479 4701 ad
2538 4644 2903 4701 ulciscendum
2960 4644 3125 4700 celeri
3184 4645 3558 4715 indignatione

1966 4744 2187 4800 festinat
2218 4742 2373 4812 cujus
2404 4741 2615 4812 judicio
2648 4754 2813 4795 nemo
2842 4740 3110 4795 succedit.
3139 4740 3362 4794 Salvere
3389 4757 3552 4812 ergo,

1965 4852 2073 4891 non
2100 4836 2329 4904 perdere
2360 4834 2507 4904 quod
2538 4833 2741 4889 ereavit
2767 4832 2955 4888 studet
2976 4873 2993 4899 ,
3038 4844 3093 4887 et
3122 4832 3251 4887 inde
3278 4834 3559 4889 inenarra-

1970 4930 2093 4984 bilis
2120 4929 2397 4999 patientiae
2420 4943 2518 4982 nec
2536 4926 2835 4996 pracipitis
2850 4926 3141 4995 aliquando
3167 4927 3414 4982 vindictae
3432 4938 3517 4983 est
3544 4948 3557 4983 :

1967 5022 2110 5094 quod
2129 5024 2173 5076 si
2198 5023 2343 5079 idem
2361 5022 2617 5079 diabolus
2636 5018 2934 5088 exterique
2951 5022 3067 5090 ejus
3086 5020 3404 5090 perditionis
3428 5024 3560 5077 30c"

1973 5128 2101 5174 ante
2125 5130 2411 5189 augmenta
2440 5114 2888 5185 consequentium
2920 5114 3269 5185 ﬂagitiorum,
3304 5125 3357 5169 el
3384 5129 3566 5171 scere.

1976 5222 2157 5266 torum.
2174 5212 2475 5267 mlestum
2497 5223 2619 5278 qua:
2637 5223 2700 5262 ex
2727 5214 2885 5277 parte
2910 5208 3171 5269 sciebant,
3200 5206 3563 5277 proditionem

1976 5305 2245 5360 obnoxias
2288 5301 2620 5372 poenitentiae
2660 5314 2851 5354 inanes
2885 5298 3199 5362 dedissent,
3245 5296 3565 5352 humilitatis

1975 5397 2291 5453 exoratione
2335 5394 2542 5451 crimen
2589 5391 2861 5463 superbiae
2890 5390 3197 5453 diluentes;
3232 5388 3477 5459 profecto
3509 5390 3565 5446 in

2055 5591 2075 5617 υ
2100 5578 2189 5633 Sic
2217 5578 2391 5633 codex
2429 5572 2585 5631 Vind.
2618 5573 2673 5629 in
2704 5572 2875 5642 priori
2899 5570 3147 5625 editione
3175 5612 3188 5634 ,
3226 5574 3399 5627 mari
3522 5584 3571 5631 et

1979 5667 2188 5775 ’ίηῖιεῖίῇ
2214 5736 2243 5776 e
2273 5722 2396 5776 cod.
2433 5715 2592 5770 Vind.
2629 5711 2990 5781 reStituimus,
3021 5714 3335 5786 cumtamen
3369 5716 3578 5787 legeree

1982 5806 2090 5861 tur,
2125 5794 2213 5863 qui
2235 5788 2741 5846 t‘ondcmmtionem.
