4060 6344
536 309 674 366 1105

1814 302 2138 365 ZACCHEI
2177 305 2571 366 CHRISTIANI

3697 320 3826 380 11οι

535 436 631 477 eos
662 421 837 475 honor
874 416 1110 473 redisset
1152 415 1436 488 angelicus
1462 457 1476 483 ,
1508 428 1611 472 nec
1640 415 1833 475 miseri
1864 420 1919 475 in
1948 436 2137 477 eorum
2165 424 2215 484 A
2246 423 2389 481 idem
2418 426 2707 483 restituere
2739 426 2792 482 in
2825 428 3023 484 melius
3051 429 3282 499 debuit,
3313 432 3407 503 qui
3436 441 3567 491 ante
3606 435 3828 507 plasma-

538 528 683 568 nunc
712 510 969 567 sordibus
1001 512 1392 579 volverentur,
1424 526 1562 580 quos
1601 520 1794 582 captos
1815 556 1829 582 ,
1872 516 2142 585 nequitia-

539 621 658 660 rum
700 605 909 675 laqueis
948 604 1289 675 deprimunt,
1337 612 1393 657 et
1436 600 1641 658 infelici
1684 614 1835 662 sorte
1884 607 2142 664 vitiorum

539 706 814 767 tamquam
846 698 900 751 in
928 698 1180 751 solatium
1214 710 1330 750 suae
1361 694 1689 765 perditionis
1713 698 2045 756 adsciscunt.

615 790 751 846 Vide
781 799 1045 861 praeterea
1080 790 1221 843 inter
1249 786 1447 842 delicta
1480 800 1531 844 et
1556 787 1827 858 juStitiam
1858 790 2141 847 hominum

538 886 958 953 dannonumque
1000 888 1314 948 certamen,
1348 896 1414 937 ex
1458 884 1961 954 compugnantibus
2001 886 2145 942 inter

540 996 602 1036 se
648 980 775 1034 luxu
817 986 982 1047 atque
1020 976 1349 1042 virtutibus,
1390 978 1674 1048 prtemium
1712 979 2144 1038 immortalitatis

542 1077 828 1129 exsistere.
868 1070 1088 1141 Spectat
1115 1087 1213 1127 nos
1226 1071 1465 1141 quotidie
1489 1072 1801 1142 praeliantes
1824 1076 2143 1131 meritorum

536 1170 742 1223 arbiter
772 1168 1008 1232 Deus,et
1034 1167 1313 1235 spiritales
1336 1166 1564 1221 insidias
1588 1166 1763 1237 fragili
1793 1183 2029 1237 corpore
2055 1186 2140 1225 suc

538 1262 719 1334 perari
754 1262 1001 1333 placidus
1025 1261 1275 1317 intuetur
1305 1280 1316 1315 :
1352 1261 1542 1317 debuit
1569 1262 1819 1333 profecto
1841 1274 1951 1319 tam
1976 1266 2145 1321 subli-

538 1358 643 1412 mis
676 1368 949 1412 creatura:
993 1355 1151 1426 culpa
1205 1356 1282 1411 sic
1322 1355 1511 1425 plecti,
1557 1366 1613 1412 et
1640 1368 1823 1413 erecta
1873 1359 1925 1413 in
1974 1358 2141 1415 Deum

538 1450 735 1521 Angeli
778 1449 1035 1517 superbia
1084 1448 1400 1503 hominibus
1451 1448 1765 1520 subjugari,
1799 1460 1860 1505 ut
1894 1452 1988 1521 qui
2038 1450 2143 1507 sibi

539 1554 819 1599 auctorem
849 1557 1009 1597 suum
1043 1556 1282 1611 prmesse
1312 1542 1553 1597 noluerit
1577 1584 1592 1610 ,
1621 1542 1962 1599 subditorum
1997 1544 2143 1613 prius

534 1651 681 1690 nunc
733 1635 957 1706 imperia
1012 1646 1317 1705 pateretur,
1362 1644 1419 1692 et
1466 1636 1769 1707 quamlibet
1802 1636 1855 1691 in
1902 1636 2142 1707 pejorem

536 1738 747 1797 partem
771 1725 1023 1781 homines
1051 1727 1353 1781 voluntatis
1383 1743 1497 1781 suae
1527 1727 1782 1783 dominos
1814 1728 2099 1800 pertrahat
2126 1773 2139 1796 ,

538 1821 731 1888 plures
763 1830 949 1875 tamen
982 1828 1008 1857 α
1034 1834 1131 1890 per
1158 1835 1220 1875 se
1249 1819 1319 1875 a’d
1353 1820 1447 1876 Dei
1475 1820 1660 1875 sedem
1690 1822 1952 1875 virtutum
1982 1837 2043 1876 ac
2077 1821 2139 1875 fi-
2172 1814 2215 1875 Β

536 1915 625 1970 dei
676 1915 1001 1985 probatione
1052 1915 1391 1969 transmittit.
1451 1913 1619 1969 Vides
1673 1930 1805 1987 ergo
1863 1914 2139 1971 diabolum

538 2010 894 2081 ejusdemque
930 2012 1226 2082 participes
1268 2010 1452 2065 futuro
1478 2010 1688 2081 judicio
1720 2027 1815 2082 per
1846 2014 2141 2083 providen-

536 2104 666 2159 tiam
698 2104 793 2158 Dci
823 2103 985 2159 etiam
1016 2119 1139 2159 cum
1170 2104 1405 2175 quadam
1440 2104 1723 2163 hominum
1760 2108 1993 2163 utilitate
2022 2125 2138 2165 ser-

535 2206 691 2252 vatos
718 2239 731 2263 ,
780 2205 837 2251 ut
866 2204 923 2251 et
954 2196 1342 2269 longanimitas
1374 2199 1642 2254 creatoris
1676 2200 1842 2269 lapsis
1874 2202 2138 2271 paenitem

535 2289 622 2343 tite
672 2289 850 2344 locum
904 2288 1096 2353 daret;
1158 2299 1211 2343 et
1266 2290 1310 2343 si
1368 2289 1720 2359 indulgentize
1773 2292 1947 2361 spatia
2005 2293 2140 2350 nihil

536 2381 918 2452 profecissent,
945 2396 1041 2436 sua
1067 2382 1251 2451 potius
1275 2396 1438 2451 quam
1483 2382 1574 2435 Dei
1607 2383 1876 2438 sententia
1910 2383 2138 2441 damna-

534 2483 757 2541 rentur;
806 2490 1037 2546 quorutn
1086 2474 1261 2529 reatui
1320 2474 1564 2545 quotidie
1612 2476 1957 2533 extrinsecus
2004 2476 2138 2533 illud

530 2572 818 2636 accrescit,
851 2570 993 2641 quod
1025 2569 1153 2624 licet
1174 2568 1241 2623 ad
1264 2568 1533 2639 justitiam
1568 2568 1777 2625 hisdem
1807 2569 2137 2641 impugnan-

532 2665 677 2721 tibns
707 2677 1103 2719 exerceamur:
1137 2661 1497 2717 nihilominus
1542 2672 1723 2717 tamen
1769 2674 1824 2717 et
1874 2678 1941 2719 eo
1970 2664 2141 2734 magis

533 2758 742 2813 obtinet
772 2767 987 2814 terrena
1015 2757 1281 2829 fragilitas
1305 2800 1319 2823 ,
1354 2758 1499 2828 quod
1532 2759 1584 2812 hi
1632 2758 1783 2813 nullo
1811 2758 2139 2818 adversante

535 2851 590 2905 in
612 2850 911 2907 substantia
940 2850 1185 2921 angelica
1221 2849 1605 2920 perdiderunt.

1072 2945 1303 3002 CAPUT
1352 2944 1589 3001 XXXIV.

540 3043 714 3109 Quare
771 3040 905 3097 Deus
960 3058 1066 3096 non
1114 3038 1359 3111 angelum
1406 3040 1691 3110 misit,qui
1739 3051 1829 3097 aut
1878 3042 2139 3099 hominem

837 3134 1129 3189 restitueret
1150 3144 1242 3188 aut
1266 3133 1535 3187 diabolum
1558 3134 1814 3205 perderet.

608 3232 809 3286 Aron.
846 3227 1190 3298 -—lntelligo
1240 3226 1559 3282 assertionis
1610 3237 1717 3283 tua:
1764 3244 2031 3287 summam
2082 3232 2135 3287 in

537 3324 679 3378 hanc
700 3324 885 3378 venire
916 3321 1269 3387 sententiam,
1298 3331 1355 3374 ut
1386 3319 1480 3375 Dei
1501 3318 1697 3375 Filium
1720 3320 1999 3378 Christum
2027 3339 2135 3378 non

539 3415 712 3469 Solum
744 3416 810 3470 ad
854 3414 1253 3470 restituendum
1296 3413 1602 3481 hominem,
1628 3430 1817 3469 verum
1867 3416 2027 3473 etiam
2068 3418 2136 3473 ad

539 3508 1015 3565 condemnandum
1040 3508 1316 3563 diabolum
1343 3509 1570 3579 ejusque
1593 3519 1899 3577 consortes,
1919 3511 2006 3566 vel
2022 3510 2134 3581 jam

538 3601 605 3655 ad
635 3613 809 3657 terras
832 3601 1051 3657 venisse
1077 3641 1092 3666 ,
1120 3602 1203 3655 vel
1237 3601 1431 3656 iterum
1462 3612 1748 3656 venturum
1782 3618 1904 3658 esse
1934 3606 2139 3660 contir-

539 3710 700 3758 mes;
732 3693 877 3765 quod
917 3696 961 3747 si
1002 3695 1072 3748 ita
1121 3702 1227 3759 est,
1261 3694 1439 3762 potuit
1485 3704 1539 3748 et
1569 3692 1806 3764 Angelus
1837 3696 2015 3764 mitti,
2045 3698 2137 3769 qui

540 3789 747 3858 absque
777 3787 971 3857 injuria
998 3785 1093 3842 Dei
1120 3796 1175 3843 et
1203 3787 1469 3842 discretos
1500 3803 1529 3841 a
1556 3788 1714 3842 bonis
1745 3788 1917 3843 malos
1948 3790 2138 3859 perde-

542 3889 666 3943 ret,
697 3890 752 3936 et
778 3878 955 3950 ipsum
982 3893 1104 3933 cum
1138 3878 1301 3935 sociis
1330 3879 1598 3935 malorum
1629 3879 1932 3951 principem
1954 3880 2135 3938 divina

540 3972 867 4029 auctoritate
881 3970 1120 4041 puniret.

613 4067 813 4123 Zsccn.
843 4095 914 4105 —
938 4064 965 4103 δ
989 4064 1172 4119 Prima
1204 4073 1287 4120 est
1316 4064 1534 4136 quidem
1564 4080 1729 4122 causa
1758 4082 1862 4138 qua
1890 4066 2140 4125 Christus

545 4162 640 4217 Dei
675 4160 845 4215 Filius
873 4157 1126 4215 veniendi
1156 4158 1225 4213 ad
1255 4168 1431 4214 terras
1460 4158 1645 4214 habuit
1670 4161 2004 4216 voluntatem
2034 4204 2050 4229 ,
2082 4170 2142 4217 ut

541 4254 627 4310 vel
656 4254 959 4325 periturum
990 4251 1268 4309 hominem
1302 4251 1483 4322 perire
1511 4268 1618 4308 non
1650 4252 1875 4321 sineret,
1901 4256 1985 4311 vel
2016 4272 2141 4326 per-

540 4350 714 4405 ditum
756 4359 1036 4419 repararet
1069 4366 1084 4405 :
1118 4347 1214 4403 sed
1260 4346 1365 4402 hoc
1390 4363 1608 4418 quoque
1636 4348 1754 4417 ejus
1787 4350 2139 4416 providentia:

539 4443 785 4514 junctum
834 4450 919 4498 est
942 4481 957 4507 ,
1005 4452 1062 4496 ut
1100 4439 1379 4495 diabolum
1412 4450 1573 4510 atque
1606 4441 1775 4508 ipsius
1793 4442 1970 4498 socios
1998 4445 2140 4500 sicut

542 4535 601 4592 in
634 4534 852 4590 homine
888 4534 939 4588 in
970 4532 1146 4604 primo
1169 4533 1447 4600 superavit
1475 4533 1733 4599 adventu,
1772 4534 1845 4587 ita
1876 4534 1930 4589 in
1962 4535 2138 4592 homi-

540 4649 612 4687 ne
660 4631 868 4699 judicet
914 4630 965 4683 in
1016 4627 1295 4693 secundo;
1330 4641 1428 4682 nec
1476 4626 1697 4682 difﬁcile
1739 4628 1852 4683 Deo
1898 4629 1995 4684 fuit
2040 4646 2137 4701 per

538 4726 839 4796 quamlibet
888 4724 1139 4781 caelestis-
1170 4723 1376 4778 militia:
1426 4733 1749 4793 potestatem
1799 4726 1960 4781 finem
2007 4742 2140 4797 pra:-

538 4818 681 4875 senti
705 4818 906 4873 sacculo
934 4819 1171 4882 mittere,
1206 4827 1261 4871 et
1292 4820 1485 4887 punire
1518 4818 1807 4887 praadictos
1834 4837 1847 4872 :
1880 4820 1976 4875 sed
2007 4822 2137 4891 quia

542 4924 887 4967 memoratus
915 4910 1278 4975 nequitiarum
1309 4918 1502 4963 auctor
1531 4909 1697 4965 Deum
1730 4926 1789 4965 se
1816 4954 1830 4977 ,
1862 4912 2001 4967 sicut
2024 4913 2135 4983 jam

540 5002 793 5076 exposui.
826 5002 1090 5055 voluisset
1112 5000 1309 5067 videri,
1341 5012 1397 5055 ut
1416 5014 1598 5056 coram
1622 5003 1713 5072 qui
1742 5011 1965 5072 uterque
1990 5017 2136 5062 esset

537 5097 609 5153 ab
663 5094 887 5163 Angelis
938 5104 993 5147 et
1048 5091 1359 5148 hominibus
1406 5105 1748 5160 nosceretur,
1802 5096 2133 5154 manifestari

536 5192 634 5247 Dei
685 5188 882 5243 Filium
932 5185 1221 5241 visibiliter
1266 5188 1528 5256 oportuit,
1578 5197 1630 5244 et
1680 5200 2132 5261 praesumptorem

539 5285 789 5341 cominus
832 5280 1127 5348 confutari,
1170 5287 1231 5335 ut
1260 5283 1403 5336 nulla
1433 5282 1691 5354 deinceps
1734 5285 1804 5341 de
1849 5287 2132 5343 intellectu

537 5381 701 5434 unius
745 5375 1048 5446 majestatis
1077 5373 1217 5444 apud
1248 5384 1532 5444 utramque
1581 5389 1883 5432 creaturam
1912 5379 2131 5436 dubita-

534 5473 979 5541 tiolinqueretur.
1012 5468 1103 5521 llis
1118 5476 1386 5538 przeterea
1409 5468 1626 5524 additur
1642 5472 1846 5534 causis,
1873 5473 2016 5543 quod
2041 5473 2135 5530 ho-

529 5567 733 5621 minem
773 5564 875 5619 sub
923 5562 1237 5618 conditione
1288 5561 1648 5617 immortalem
1697 5574 1855 5621 antea
1908 5568 2131 5640 factum,

605 5693 629 5715 θι
663 5678 760 5734 llic
801 5680 967 5733 etiam
1020 5677 1265 5733 codicem
1324 5672 1485 5727 Vind.
1528 5679 1810 5744 sequimur
1850 5696 1863 5731 :
1909 5695 2031 5734 nam
2070 5679 2123 5737 in

532 5752 705 5814 priori
752 5750 994 5805 editione
1048 5747 1353 5815 legebatur,
1392 5762 1498 5817 pne
1537 5763 1609 5813 se,
1655 5751 1805 5802 nullo
1846 5764 2030 5807 sensu.
2065 5752 2124 5807 ln

530 5826 659 5887 line,
700 5821 837 5890 quod
884 5821 936 5872 hi
980 5818 1147 5890 nullo,
1177 5827 1461 5890 repererat
1506 5818 1560 5872 in
1595 5835 1703 5875 uno
1736 5821 1924 5877 codice
1949 5824 2121 5879 Ache-

2245 528 2414 575 verat.
2468 522 2682 577 Etenim
2736 522 2996 581 indecens
3026 537 3141 581 erat
3171 529 3215 581 si
3246 544 3276 582 a
3310 528 3426 584 Dco
3470 532 3830 600 corruptibilis

2245 614 2409 669 homo
2439 614 2613 671 factus
2654 616 2722 673 ab
2746 616 2957 689 Angelo
3000 620 3431 690 incorruptibilis
3472 624 3785 683 redderetur
3812 673 3825 697 ,

2244 717 2433 778 postea
2482 725 2641 778 quam
2695 710 2797 766 hoc
2848 710 2972 767 fidei
3006 715 3324 783 probatione
3356 716 3671 775 meruisset.
3700 720 3832 787 Quid

2242 814 2374 855 vero
2406 799 2499 855 Dei
2528 801 2893 858 munificentia
2921 803 3138 875 dignius
3164 849 3177 870 ,
3210 822 3373 878 quam
3400 818 3461 863 ut
3494 811 3832 876 jirmsentiam

2245 909 2399 949 suam
2433 896 2486 949 in
2518 910 2787 950 summam
2819 897 3171 954 beatitudinis
3202 909 3424 968 ρι’ίεειει
3452 943 3466 968 ,
3494 911 3551 958 et
3572 903 3714 973 quod
3745 905 3833 959 ho-

2246 988 2378 1041 mini
2434 999 2725 1058 negaverat
2773 988 3081 1059 inexperto,
3125 991 3404 1063 indulgeat
3446 995 3836 1053 restituto?Ut

2246 1090 2528 1150 postremo
2556 1098 2717 1153 quem
2751 1083 2917 1138 tantis
2949 1084 3216 1140 malorum
3269 1086 3623 1156 passionibus
3667 1091 3837 1161 sequi-

2248 1189 2389 1241 mur,
2423 1190 2583 1245 quem
2614 1191 2737 1229 cnm
2785 1177 2975 1232 szeculi
3021 1179 3223 1233 invidia
3252 1188 3308 1233 et
3330 1180 3595 1249 periculis
3623 1183 3837 1239 confite-

2246 1284 2369 1323 mur
2398 1278 2453 1324 et
2490 1270 2786 1339 credimus,
2822 1271 2963 1327 sicut
2989 1274 3243 1343 cupimus
3263 1316 3279 1339 ,
3305 1273 3376 1329 ab
3408 1274 3494 1331 his
3514 1277 3766 1333 omnibus
3783 1278 3837 1332 li-

2247 1362 2443 1431 herati,
2475 1364 2527 1418 in
2561 1379 2657 1420 sua
2685 1364 2971 1422 videamus
3002 1366 3290 1439 majestate
3319 1379 3668 1441 regnantem.

2801 1477 3030 1535 CAPUT
3069 1478 3289 1537 XXXV.

2497 1570 2603 1624 Cur
2632 1571 2798 1642 iniqui
2826 1574 3014 1642 ﬂorent
3035 1584 3084 1628 et
3106 1575 3229 1629 recti
3254 1586 3588 1647 premuntur.

2318 1660 2521 1717 Aron.
2552 1662 2891 1719 -—Firmata
2937 1674 3023 1721 est
3080 1666 3220 1721 intra
3272 1670 3520 1724 animum
3570 1670 3839 1740 exposito-

2248 1773 2366 1811 rum
2400 1758 2534 1813 fides
2568 1758 2725 1827 :sed,
2761 1768 2816 1815 ut
2849 1758 2985 1814 nihil
3016 1762 3381 1818 cunctationis
3409 1765 3689 1832 resideat,
3737 1766 3837 1836 jam

2244 1852 2491 1909 credenti
2514 1855 2707 1924 pande,
2733 1870 2939 1927 quaeso,
2964 1871 3084 1926 quae
3112 1857 3193 1913 vis
3223 1856 3426 1915 ﬂorere
3449 1858 3673 1931 iniquos
3696 1860 3835 1928 facit,

2244 1945 2329 2000 vel
2362 1947 2621 2018 deprimit
2652 1957 2871 2014 rectos;
2923 1960 3124 2005 etcum
3157 1952 3225 2006 de
3251 1952 3473 2008 homine
3498 1995 3513 2021 ,
3550 1957 3695 2010 sicut
3722 1970 3837 2027 ape-

2243 2039 2423 2105 ruisti,
2476 2050 2624 2093 tanta
2654 2040 2725 2095 sit
2758 2041 2871 2098 Deo
2900 2058 3029 2098 cura
3059 2084 3073 2107 ,
3106 2053 3215 2098 tam
3268 2061 3436 2116 prava
3488 2046 3836 2102 nihilominus

2244 2147 2510 2207 utrosque
2538 2136 2827 2194 diversitas
2848 2151 2992 2209 agat,
3026 2150 3082 2195 ut
3111 2156 3237 2195 cum
3269 2142 3321 2196 in
3356 2142 3466 2197 illis
3498 2144 3766 2197 malorum
3790 2153 3839 2199 ct

2244 2230 2495 2285 voluntas
2542 2239 2599 2286 et
2641 2242 2794 2287 actus
2834 2231 2945 2299 sit,
2980 2232 3136 2303 copia
3170 2233 3449 2289 contrario
3481 2236 3644 2289 cedat
3677 2235 3837 2291 bono-

2243 2341 2362 2381 rum
2390 2343 2404 2391 ;
2438 2326 2522 2381 his
2550 2342 2811 2397 prospera
2842 2327 3204 2401 denegentur,
3239 2344 3379 2399 quos
3410 2328 3591 2401 magis
3634 2345 3834 2400 aequum

2244 2429 2329 2476 est
2358 2436 2480 2476 esse
2513 2421 2834 2490 locupletes.

2317 2512 2517 2570 Zaccn.
2547 2512 2837 2569 —Facilis
2869 2516 2944 2571 rei
2975 2515 3132 2571 istius
3154 2516 3467 2573 intellectus
3493 2525 3601 2583 est,
3636 2532 3734 2574 nec
3766 2525 3837 2573 lo-

2246 2619 2295 2663 ta
2329 2609 2381 2663 in
2407 2610 2749 2681 spiritalibus
2777 2610 3149 2675 exuerimenta
3174 2612 3473 2682 qua-renda
3517 2621 3677 2679 sunt;
3708 2627 3831 2683 quo-

2245 2706 2391 2759 niam
2444 2705 2727 2760 evidenter
2774 2706 2937 2761 etiam
2987 2721 3229 2775 praesens
3273 2706 3632 2763 conversatio
3686 2705 3835 2761 docet

2243 2815 2351 2869 quo
2378 2810 2534 2870 pacto
2564 2811 2656 2854 aut
2687 2798 2887 2870 iniquis
2912 2798 3135 2854 affluant
3165 2810 3381 2867 cuncta,
3413 2811 3510 2855 aut
3540 2800 3835 2856 necessaria

2242 2892 2399 2947 bonis
2428 2893 2628 2947 desint.
2662 2892 2725 2948 lii
2754 2894 2898 2948 enim
2927 2908 3083 2949 versa
3114 2906 3333 2951 actuum
3366 2897 3487 2952 vice
3532 2912 3643 2951 non
3671 2897 3835 2951 solum

2244 2986 2596 3057 pertinaciter
2624 2987 2851 3057 quaesita
2880 2988 3238 3056 concludunt,
3270 3004 3463 3045 verum
3490 2990 3716 3059 insuper
3745 3004 3834 3059 po-

2242 3077 2502 3149 pulantur
2552 3077 2767 3140 aliena;
2801 3078 2855 3132 lii
2894 3080 3226 3149 quibuslibet
3282 3081 3457 3139 lucris
3499 3083 3669 3138 totius
3724 3082 3833 3137 vita:

2166 3206 2212 3271 Ο
2245 3180 2459 3241 tempus
2489 3170 2770 3241 addicunt,
2817 3180 2872 3227 et
2900 3172 2952 3227 in
2988 3176 3213 3242 pecunia
3243 3190 3399 3244 spem
3434 3176 3748 3246 requirunt.
3776 3176 3833 3231 ili

2244 3274 2426 3319 autem
2483 3276 2710 3333 prepter
2757 3268 3103 3322 occasionem
3146 3266 3339 3323 delicti
3388 3269 3560 3323 etiam
3614 3268 3834 3324 honesta

2241 3357 2698 3427 compendiorum
2730 3358 2915 3415 studia
2946 3359 3233 3425 devitant,
3266 3375 3333 3416 ac
3364 3360 3509 3417 bene
3538 3370 3696 3433 parta
3727 3376 3836 3431 per-

2243 3450 2498 3507 tinaciter
2530 3468 2637 3507 non
2668 3463 2905 3521 tuentes,
2941 3455 3183 3525 quietem
3209 3455 3412 3527 jurgiis
3441 3456 3766 3523 pra-ferunt,
3788 3464 3835 3511 et

2241 3553 2525 3599 auctorem
2557 3544 2786 3614 justitia:
2816 3544 3084 3599 vindicem
3125 3554 3377 3614 sperant.
3407 3545 3675 3610 Additur,
3699 3545 3833 3616 quod

2241 3651 2442 3707 pravos
2480 3637 2763 3693 miseratio
2793 3652 3091 3708 numquam
3122 3646 3453 3709 permovet,
3484 3648 3584 3693 aut
3614 3638 3684 3694 ad
3723 3640 3833 3693 data

2243 3736 2435 3806 exigua
2478 3734 2563 3789 vix
2594 3734 2798 3790 educit.
2834 3734 2927 3789 His
2958 3748 3090 3790 vero
3127 3735 3353 3804 inopum
3395 3746 3657 3806 sumptus
3694 3733 3833 3805 operi

2242 3838 2349 3894 est,
2395 3837 2453 3883 et
2498 3837 2747 3900 prompta
2786 3843 3007 3898 semper
3050 3830 3103 3881 in
3136 3842 3311 3898 opere
3356 3829 3519 3884 bona:
3546 3826 3833 3884 voluntatis

2242 3938 2482 3995 expensa
2519 3941 2529 3976 :
2562 3923 2685 3995 quia
2714 3938 2846 3979 vero
2878 3937 3094 3978 morum
3127 3920 3421 3978 subversio
3448 3938 3522 3978 ex
3565 3922 3833 3978 abundan-

2244 4018 2315 4073 tia
2361 4020 2598 4073 maxime
2627 4017 2810 4081 venit,
2851 4031 2981 4073 suos
3018 4025 3227 4070 tantum
3260 4015 3524 4072 incentor
3554 4018 3832 4073 criminum

2243 4110 2432 4165 fovens
2462 4110 2641 4180 largas
2681 4109 3087 4165 exsultantibus
3115 4108 3322 4164 sufﬁcit
3345 4125 3513 4180 opes;
3545 4118 3605 4165 ut
3628 4124 3833 4165 succes-

2242 4205 2397 4260 sibus
2438 4203 2765 4275 gaudiorum
2817 4204 3033 4259 luxuria
3076 4206 3343 4274 subrepat
3373 4222 3385 4259 :
3411 4204 3621 4261 deinde
3658 4204 3712 4260 in
3751 4218 3833 4259 co-

2243 4298 2634 4353 messationem
2668 4296 2993 4353 exuberatio
3022 4307 3291 4363 vertatur,
3319 4305 3377 4352 et
3412 4298 3639 4368 captiva
3672 4309 3831 4353 temu-

2242 4389 2408 4446 lentia
2449 4391 2596 4446 vitiis
2638 4390 2923 4461 irrigetur.
2974 4389 3111 4445 Hinc
3144 4388 3211 4444 ad
3247 4389 3419 4445 Deum
3454 4391 3645 4446 minor
3674 4389 3831 4446 abun-

2241 4486 2497 4542 dantibus
2539 4502 2669 4541 cura
2713 4496 2821 4553 est,
2866 4495 2923 4541 et
2968 4485 3164 4541 fiducia
3210 4488 3584 4557 praesentium
3621 4501 3832 4556 suerare

2162 4600 2218 4661 ι)
2246 4595 2353 4635 non
2406 4578 2537 4634 sinit
2575 4578 2803 4634 divitias
2843 4578 3188 4645 futurorum;
3247 4580 3484 4649 prolixa:
3528 4589 3710 4636 autem
3755 4594 3832 4651 pa-

2247 4674 2457 4732 tientia:
2505 4674 2651 4729 Deus
2690 4684 2747 4730 et
2792 4682 3063 4728 tumentes
3094 4672 3145 4725 in
3181 4670 3613 4727 dissolutionem
3652 4670 3828 4743 projici

2245 4769 2413 4836 sinit,
2444 4778 2499 4824 et
2526 4777 2845 4838 angustatos
2874 4766 2928 4821 in
2962 4768 3213 4835 passione
3243 4766 3577 4830 confirmat,
3611 4764 3828 4835 promis-

2244 4880 2364 4920 sum
2398 4861 2899 4933 cunctisjudiciutn
2927 4860 3268 4925 redditurus,
3304 4872 3361 4915 ut
3387 4860 3495 4917 hoc
3518 4860 3636 4916 illic
3667 4857 3828 4928 perci-

2242 4956 2354 5029 piat
2381 4954 2753 5023 unusquisque
2777 4953 2922 5023 quod
2954 4952 3039 5007 hic
3061 4952 3258 5024 egerit,
3298 4950 3403 5008 hoc
3433 4953 3490 5007 in
3516 4962 3826 5022 perpetuum

2240 5053 2502 5124 patiatur,
2552 5067 2661 5121 quo
2720 5051 3012 5108 inferiores
3078 5063 3143 5104 ac
3202 5049 3459 5106 subditos
3510 5048 3827 5121 temporarie

2238 5142 2598 5216 despiciendo
2625 5145 2923 5200 vexaverit.

2773 5281 3007 5339 CAPUT
3046 5279 3293 5337 XXXVI.

2239 5376 2303 5431 Si
2324 5376 2501 5446 justus
2540 5383 2617 5429 est
2652 5373 2826 5442 Deus,
2863 5391 3022 5447 quare
3061 5375 3311 5445 infantes,
3358 5376 3623 5433 malorum
3660 5374 3819 5441 nescii,

2664 5468 2881 5523 diversis
2908 5468 3058 5522 malis
3090 5467 3422 5536 afﬁciuntur.

2308 5565 2508 5620 APOLL.
2562 5591 2630 5602 -
2679 5562 2886 5634 Aperte
2944 5562 3106 5618 etiam
3173 5559 3339 5632 hujus
3391 5560 3822 5634 interrogationis

2249 5680 2409 5752 paulo
2439 5678 2637 5752 melius
2668 5687 2782 5752 est,
2818 5691 2976 5752 quam
3084 5675 3250 5752 quod
3280 5676 3459 5752 edidit
3482 5693 3644 5752 quam
3671 5675 3821 5731 nullo.

2317 5752 2343 5789 ι)
2374 5753 2464 5809 Sic
2486 5748 2654 5805 codex
2683 5749 2862 5814 Lem.;
2891 5747 2944 5803 in
2969 5748 3127 5803 editis
3156 5790 3171 5813 ,
3206 5750 3376 5817 prima
3397 5750 3691 5819 etquidem,
3723 5762 3823 5801 ma-

2240 5824 2313 5881 le.
2337 5824 2542 5879 lbidem
2575 5820 2842 5875 Acherius
2872 5828 3055 5875 monet
3077 5821 3131 5874 in
3158 5835 3270 5875 uno
3302 5822 3497 5876 codice
3522 5820 3667 5891 legi:
3698 5819 3820 5874 Deus

528 5896 671 5961 rius,
699 5889 754 5946 et
780 5904 879 5947 nos
904 5891 956 5944 in
984 5889 1148 5945 Vind.
1172 5889 1485 5958 reperimus
1518 5890 1697 5960 :quod
1726 5892 1948 5963 quidem
1974 5895 2118 5953 haud
2230 5896 2385 5965 ﬁlius
2416 5894 2553 5952 venit
2582 5894 2650 5947 ad
2680 5903 2861 5959 terras,
2895 5900 3017 5944 ut...
