4060 6344
251 326 403 394 1105

1434 347 2059 411 CONSULTATIONUM
2102 355 2234 411 LIB.
2283 355 2320 412 l.

3403 369 3547 427 1106

247 452 494 509 membra
538 464 878 526 patuerunt;
927 468 983 516 et
1015 462 1115 517 nisi
1162 461 1452 519 molestum
1497 480 1719 522 vererer
1747 467 1843 522 ali-
1867 475 1923 539 Α
2018 469 2172 537 Quod
2227 487 2356 529 vero
2408 475 2646 531 nondum
2694 477 2823 534 boni
2878 480 2964 536 vel
3018 483 3144 538 mali
3196 485 3450 540 conscios
3481 487 3558 541 in-

244 544 377 615 quid
407 556 687 619 tamquam
719 553 771 607 in
796 554 1075 608 cumulum
1102 556 1366 625 praestita:
1388 554 1656 613 hactenus
1678 574 1840 630 expo-

245 640 465 698 sitionis
494 641 768 714 adjicere,
820 662 927 701 non
970 662 1312 717 supervacue
1343 649 1679 721 inquirerem
1713 652 1844 722 quid

244 733 353 791 hoc
404 736 515 801 sit,
583 738 727 808 quod
787 739 1044 796 vitiorum
1107 756 1171 796 ac
1227 752 1575 812 peccatorum
1628 745 1845 815 penitus

246 829 408 885 inscii
443 832 683 888 diversis
728 835 885 889 malis
931 835 1249 891 afficiuntur
1286 838 1557 905 infantes,
1600 854 1665 895 ac
1712 856 1847 894 non-

243 936 545 992 numquam
562 941 632 980 ex
658 935 817 982 utero
831 926 1166 997 prodeuntes
1194 938 1289 984 aut
1310 930 1564 985 debilitas
1586 941 1842 1003 occupat,

244 1015 418 1069 autad
440 1027 673 1072 mortem
702 1016 995 1072 immatura
1021 1020 1102 1074 vis
1127 1022 1401 1090 praeripit;
1429 1023 1573 1091 quod
1597 1038 1742 1078 saeva
1762 1024 1845 1079 in—

243 1111 441 1166 noxius
465 1120 626 1167 vexat
648 1113 883 1179 insania,
903 1130 1005 1170 nec
1020 1115 1329 1185 majestatis
1355 1116 1576 1172 indubie
1593 1118 1766 1188 pietas
1789 1128 1846 1175 et

237 1200 453 1274 justitia
483 1205 738 1260 omnibus
763 1218 1013 1277 prompta
1040 1211 1329 1264 succurrit.
1355 1208 1509 1265 Unde
1530 1209 1599 1275 si,
1627 1221 1683 1266 ut
1704 1211 1841 1277 dixi,

244 1297 470 1351 taedium
495 1312 603 1353 non
618 1308 737 1365 est,
754 1299 999 1356 breviter
1015 1308 1211 1356 cuncta
1226 1311 1543 1358 ostensurus
1561 1303 1839 1375 eloquere.

317 1390 523 1448 Zaccn.
566 1424 635 1436 --
673 1394 927 1465 Amplius
955 1396 1175 1466 quidem
1212 1396 1457 1467 postulas
1494 1415 1654 1469 quam
1690 1399 1847 1455 suffi-

244 1502 373 1545 cere
390 1489 565 1559 possit
581 1489 831 1546 credenti
850 1533 866 1560 ,
891 1500 945 1546 et
960 1492 1288 1547 necessaria.
1306 1493 1552 1547 scientia:
1580 1495 1845 1550 terminos

242 1583 605 1656 inquisitione
634 1593 660 1622 ει
691 1586 1146 1657 praetergrederis
1194 1602 1207 1640 :
1248 1586 1343 1642 sed
1379 1602 1446 1643 ne
1485 1586 1537 1642 in
1568 1587 1695 1643 ﬁdei
1724 1604 1843 1645 sus-

244 1678 505 1750 ceptione
548 1693 615 1733 ex
655 1679 839 1748 aliquo
874 1680 1116 1735 incertus
1148 1689 1307 1734 nutes
1339 1690 1433 1735 aut
1466 1682 1678 1737 haereas
1700 1723 1717 1751 ,
1761 1691 1842 1739 at-

241 1787 349 1844 que
380 1782 439 1827 ut
482 1773 534 1828 in
562 1773 713 1829 nullo
734 1773 802 1829 de
837 1773 933 1828 Dei
959 1772 1170 1845 justitia
1202 1774 1509 1831 infidelium
1539 1775 1841 1848 disputatio

1949 562 2110 619 fanda
2168 563 2475 622 daemonum
2532 578 2692 624 vexat
2730 570 2976 639 insania,
3036 581 3251 643 patrum
3299 576 3543 645 quidem,

1947 658 2041 712 sed
2073 658 2408 717 distantibus
2439 663 2617 719 modis
2649 680 2812 721 causa
2837 678 2921 721 est
2948 684 2960 721 :
2994 667 3039 723 si
3071 669 3241 740 iniqui
3272 680 3419 737 sunt,
3450 687 3550 728 nec

1949 751 2224 818 prazdictis
2255 752 2343 807 vel
2372 754 2644 810 similibus
2688 758 3139 827 Castigationibus
3164 761 3548 831 emendantur,

1948 843 2113 898 etiam
2186 846 2537 903 innocentum
2596 863 2818 905 suorum
2880 863 3185 922 arguuntur
3234 853 3441 910 exitiis.
3486 856 3549 911 Hi

1946 949 2128 993 autem
2162 941 2361 1009 quibus
2400 947 2751 1000 conversatio
2799 957 2947 1002 recta
2999 959 3102 1014 est,
3136 960 3191 1003 et
3220 966 3321 1020 per
3348 966 3407 1005 se
3439 967 3553 1006 ma-

1948 1031 2119 1087 litiam
2177 1033 2501 1091 diabolicam
2555 1049 2838 1108 superant,
2897 1042 3063 1095 etiam
3122 1052 3301 1097 tamen
3360 1045 3556 1099 talibus

1947 1123 2239 1195 fatigantur
2273 1127 2512 1195 insidiis;
2548 1145 2722 1196 neque
2752 1146 2783 1184 a
2827 1131 3111 1187 tatdiorum
3149 1134 3415 1189 exercitio
3457 1149 3550 1189 va-

1946 1232 2092 1283 cant,
2122 1220 2321 1290 quibus
2362 1237 2562 1279 nocere
2610 1225 2769 1279 aliter
2820 1225 2905 1280 vis
2954 1226 3143 1282 dolosa
3195 1244 3304 1283 non
3350 1244 3554 1299 praeva-

1946 1310 2043 1378 let,
2077 1311 2145 1366 ad
2178 1312 2280 1368 hoc
2311 1315 2578 1370 malorum
2630 1318 2924 1373 versutiam
2976 1334 3197 1391 semper
3240 1322 3547 1389 involvens,

1947 1412 2005 1458 ut
2033 1405 2147 1460 sive
2170 1406 2240 1458 ob
2274 1407 2425 1472 vitia,
2456 1423 2551 1463 seu
2577 1419 2804 1479 propter
2835 1411 3023 1481 fidem,
3056 1413 3156 1467 ista
3189 1416 3552 1484 proveniant,

1945 1505 2042 1553 aut
2087 1498 2331 1568 iniquum
2392 1509 2486 1554 aut
2546 1502 2910 1571 negligentem
2972 1505 3167 1573 Deum,
3201 1517 3223 1545 ε
3257 1508 3301 1562 si
3354 1508 3556 1577 quibus

1945 1588 2087 1645 forte
2114 1591 2350 1647 suadere
2381 1593 2577 1663 possit,
2612 1597 2868 1651 affirmet.
2899 1597 3007 1653 Sed
3040 1599 3287 1667 qualibet
3316 1613 3434 1655 arte
3465 1603 3556 1656 vel

1946 1682 2212 1753 parvulos
2239 1683 2468 1753 cruciet,
2504 1686 2591 1740 vel
2623 1698 2875 1756 parentes
2906 1731 2920 1755 ,
2958 1689 3051 1746 Dei
3080 1691 3292 1760 justitia
3327 1694 3377 1747 in
3411 1705 3556 1748 utro—

1945 1791 2050 1846 que
2081 1790 2187 1831 non
2213 1777 2367 1834 deest
2399 1796 2414 1832 :
2451 1794 2575 1833 nam
2626 1792 2680 1835 et
2728 1781 3033 1838 infantibus
3078 1785 3365 1841 translatio
3396 1786 3553 1842 malis

241 1866 421 1921 locum
453 1876 637 1923 teneat
664 1885 676 1931 ;
704 1867 834 1937 quid
861 1867 1056 1923 sentiri
1077 1868 1276 1924 debeat
1303 1868 1555 1926 adverte.
1583 1871 1685 1942 (Ex
1712 1886 1842 1935 qua-
1872 1880 1921 1940 Β
1948 1873 2073 1925 vitae
2105 1870 2265 1926 istius
2293 1871 2489 1928 melior
2519 1874 2683 1929 etiam
2726 1875 2830 1931 hoc
2876 1886 3121 1947 praestat,
3154 1895 3227 1934 ne
3255 1895 3322 1934 ex
3353 1882 3557 1950 impro-

246 1970 370 2015 tuor
402 1959 694 2015 elementis
728 1960 1002 2015 hominem
1026 1960 1171 2016 Deus
1192 1960 1345 2027 fecit,
1375 1962 1558 2028 siccis,
1582 1962 1839 2030 humidis,

240 2052 456 2120 calidis,
491 2050 835 2123 frigidisque.
866 2054 921 2107 In
954 2054 1145 2124 splene
1169 2054 1385 2125 frigida,
1419 2054 1597 2109 calida
1626 2070 1842 2126 ponun-

244 2159 331 2205 tur
359 2148 413 2203 in
447 2147 611 2210 felle,
644 2147 700 2202 in
734 2147 1003 2218 sanguine
1044 2148 1265 2204 humida
1287 2190 1303 2217 ,
1347 2149 1490 2205 sicca
1521 2159 1845 2220 reputantur

243 2242 299 2298 in
324 2242 567 2310 ossibus,
595 2240 865 2313 miraque,
889 2252 950 2297 ut
972 2243 1258 2314 intelligis,
1275 2244 1612 2315 conspiratio
1634 2245 1753 2302 hme
1774 2262 1841 2301 ex

243 2336 540 2392 contrariis
591 2336 815 2392 factoris
871 2352 1008 2407 opus
1065 2338 1118 2392 in
1172 2338 1392 2395 homine
1435 2349 1749 2403 conservat,
1789 2350 1845 2395 et

242 2428 443 2485 divinae
465 2430 600 2486 artis
630 2429 855 2502 ingenio
876 2472 891 2498 ,
924 2434 1365 2503 praestantiorem
1394 2435 1631 2505 speciem
1662 2435 1841 2489 socia-

242 2534 294 2580 ta
324 2525 714 2583 demonstrant
739 2542 900 2598 quam
935 2527 990 2583 in
1015 2539 1192 2583 semet
1221 2530 1371 2599 prius
1394 2529 1607 2601 singula
1637 2530 1843 2585 retine-

242 2620 396 2676 bant.
440 2619 533 2675 Sic
574 2620 653 2676 ire
681 2635 902 2692 semper
930 2621 985 2676 in
1015 2622 1211 2678 melius
1238 2621 1507 2694 quidquid
1535 2640 1565 2679 a
1597 2632 1843 2679 creatore

242 2725 584 2784 renovatur,
645 2726 890 2787 apparet.
945 2717 1073 2773 llaec
1126 2732 1261 2789 ergo
1314 2718 1368 2773 in
1423 2721 1841 2790 conceptionem

242 2810 417 2881 mquis
449 2810 697 2881 partibus
730 2809 1048 2878 confluunt,
1085 2823 1249 2883 atque
1283 2812 1353 2868 ita
1383 2829 1451 2869 ex
1473 2814 1622 2867 omni
1661 2814 1841 2868 visce-

241 2919 363 2960 rum
407 2904 633 2974 regione
674 2905 1042 2979 conveniunt,
1085 2913 1146 2959 ut
1189 2905 1245 2958 in
1285 2905 1439 2959 nullo
1476 2905 1842 2975 aequalitatem

240 2996 489 3067 germina
522 2995 801 3051 Creatoris
829 2996 1136 3062 excedant;
1174 2996 1270 3051 sed
1305 2996 1447 3051 hanc
1477 2997 1736 3052 nascendi
1764 2998 1846 3051 itt-

245 3090 561 3160 tegritatem
613 3097 705 3143 aut
748 3090 1082 3159 parcimouia
1134 3099 1229 3144 aut
1278 3090 1539 3145 nimietas
1578 3098 1847 3160 temperat

244 3186 490 3258 parentis
519 3185 781 3253 alterius,
814 3195 869 3242 et
892 3186 1054 3258 fquod
1088 3187 1229 3242 male
1279 3187 1631 3257 przevaluerit
1660 3187 1844 3241 coale-

1945 1963 2032 2020 bis
2060 1964 2231 2034 geniti
2261 1966 2472 2021 similes
2516 1969 2842 2039 quandoque
2871 1970 3173 2027 efficiantur
3201 1974 3554 2039 auctoribus;

1948 2067 2003 2113 et
2032 2058 2243 2114 hisdem
2276 2060 2367 2131 qui
2395 2072 2704 2132 genuerunt
2743 2078 2842 2133 pro
2870 2063 3142 2119 beneficio
3188 2065 3552 2136 reputantium

1947 2162 2051 2220 est,
2082 2154 2229 2223 quod
2262 2155 2596 2225 temporaria
2625 2167 2952 2211 vexaturum
2984 2157 3181 2213 dolore
3210 2166 3305 2212 aut
3355 2174 3553 2229 pecca-

1950 2248 2017 2301 tis
2047 2258 2335 2316 eruuntur,
2371 2259 2425 2305 et
2454 2249 2581 2305 b0ui
2612 2259 2740 2306 sunt
2766 2292 2780 2317 ,
2808 2260 2903 2307 aut
2932 2250 3149 2307 meritis
3178 2264 3466 2323 augentur,
3498 2264 3554 2310 et

1948 2341 2001 2397 in
2028 2341 2134 2398 fide
2164 2354 2443 2399 crescunt.

2017 2435 2196 2509 Habes
2228 2451 2359 2508 ergo
2414 2438 2917 2510 interrogationum
2969 2448 3184 2496 tuarum
3231 2455 3426 2496 causas
3452 2480 3466 2507 ,
3497 2450 3554 2497 et

1945 2529 2191 2583 omnium
2244 2530 2658 2602 ambiguitatum
2710 2532 3051 2588 intellectum
3107 2542 3405 2604 patentem.
3452 2534 3555 2588 lta-

1944 2635 2052 2692 que
2092 2621 2205 2691 jam
2260 2623 2510 2680 subditus
2564 2624 2678 2680 Deo
2731 2626 3063 2696 promissam
3118 2627 3355 2683 concilio
3389 2627 3551 2682 fidem
3638 2646 3647 2663 ν

1945 2714 2138 2781 redde,
2159 2715 2478 2788 abjectaque
2492 2716 2593 2773 hac
2616 2718 2801 2774 mundi
2815 2720 3253 2789 sapientia,verac
3272 2721 3555 2788 sapientia:

1947 2807 2205 2865 affatibus
2255 2811 2447 2878 crede;
2498 2820 2555 2866 et
2584 2827 2832 2882 quaerere
2877 2827 2907 2867 a
2940 2822 2992 2869 te
3020 2812 3216 2867 altiora
3244 2812 3548 2883 desistens,

1947 2906 2219 2959 rationem
2262 2905 2567 2960 caelestium
2600 2915 2938 2962 secretorum
2970 2905 3222 2963 Auctoris
3267 2908 3348 2962 sui
3378 2907 3556 2962 scien-

1948 2997 2040 3051 tiae
2068 2997 2405 3067 consilioque
2433 2998 2705 3068 permitte.
2759 2998 2895 3053 Nam
2932 2999 3059 3054 licet
3100 3015 3244 3054 nune
3279 3000 3430 3068 plura
3463 3015 3556 3053 co-

1947 3089 2225 3157 gnoveris,
2275 3098 2327 3143 et
2356 3088 2424 3143 de
2454 3089 2804 3144 interioribus
2837 3090 2967 3144 fidei
3014 3090 3193 3160 aliqua
3227 3091 3551 3162 supersint;

1951 3198 2057 3237 non
2092 3193 2272 3240 tamen
2306 3195 2466 3254 putes
2520 3185 2705 3239 omnia
2736 3184 3011 3239 hominem
3044 3184 3189 3239 scire
3222 3199 3383 3254 posse
3437 3200 3559 3256 qua:

243 3280 416 3334 scenti
448 3277 591 3333 intra
619 3287 855 3347 uterum,
880 3280 969 3334 vel
995 3296 1119 3335 mox
1150 3296 1219 3335 ex
1251 3291 1405 3336 utero
1432 3281 1722 3351 prodeunti
1749 3290 1845 3335 aut
1874 3266 1919 3330 C
1952 3276 2048 3333 Dei
2080 3286 2226 3344 sunt,
2258 3276 2361 3331 nisi
2391 3292 2510 3347 quae
2556 3287 2650 3331 aut
2703 3278 2848 3331 scire
2879 3276 3157 3332 hominem
3206 3277 3323 3346 ipse
3364 3278 3558 3348 perdo-
3618 3280 3625 3299 '

244 3370 594 3426 valetudines
623 3371 794 3442 gignit
832 3381 925 3426 aut
952 3382 1155 3427 mortes
1182 3390 1196 3427 :
1226 3374 1457 3442 gemina:
1484 3374 1631 3428 enim
1661 3373 1715 3428 in
1748 3374 1845 3428 ho-

246 3464 396 3520 mine
426 3479 578 3520 vena:
605 3474 733 3519 sunt
759 3508 773 3532 ,
818 3480 940 3534 quae
967 3465 1303 3535 praecipuum
1334 3465 1480 3521 inter
1508 3481 1702 3521 omnes
1734 3468 1846 3535 spi—

246 3558 474 3612 raminis
522 3572 585 3611 ac
631 3558 914 3627 sanguinis
955 3557 1203 3612 obtinent
1255 3558 1643 3629 principatum,
1677 3567 1733 3614 et
1776 3558 1845 3613 ab

248 3652 363 3721 ipsa
413 3649 545 3705 sede
592 3648 838 3704 vitalium
873 3650 1085 3720 exiguis
1117 3651 1392 3706 meatibus
1423 3666 1630 3721 sparsa:
1673 3659 1845 3705 totum

248 3758 455 3813 corpus
485 3741 798 3807 illustrant,
839 3741 1094 3811 notisque
1122 3741 1463 3798 discursibus
1496 3742 1845 3813 exploratum

248 3835 373 3892 vitae
413 3837 518 3890 iter
548 3850 611 3889 ac
644 3836 888 3905 pervium
935 3845 1195 3901 servant;
1236 3850 1467 3907 quarum
1514 3837 1558 3890 si
1610 3837 1844 3891 alteram

251 3929 321 3986 de
347 3928 622 4001 praedictis
652 3927 732 3982 vis
769 3929 949 3996 aliqua
983 3930 1347 3998 praecluserit,
1383 3929 1679 3999 perniciem
1704 3928 1847 3983 haud

208 4022 211 4023 ⁷
251 4024 434 4081 dubiae
466 4023 767 4079 debilitatis
786 4037 851 4078 ac
885 4025 1079 4079 mortis
1107 4034 1408 4093 operatum:
1436 4024 1582 4078 unde
1608 4022 1847 4078 infantes

251 4119 557 4190 szepissime
584 4126 677 4173 aut
708 4120 872 4185 totius
910 4117 1049 4172 lucis
1077 4116 1393 4172 efficiuntur
1423 4126 1687 4186 expertes
1712 4157 1727 4178 ,
1757 4124 1851 4170 aut

253 4214 543 4270 confestim
576 4211 836 4283 parvulos
870 4214 1161 4266 immatura
1190 4226 1339 4265 mors
1372 4210 1676 4282 praeripit.)
1701 4208 1849 4263 Non-

254 4323 549 4379 numquam
573 4306 715 4371 etob
738 4305 1058 4361 eorumdem
1087 4314 1374 4375 parentum
1399 4304 1485 4358 vel
1512 4311 1739 4374 peccata
1765 4302 1851 4357 vel

255 4405 475 4467 merita,
522 4401 789 4457 infantum
831 4403 973 4456 citus
1023 4400 1148 4455 finis
1186 4410 1308 4465 est;
1356 4399 1483 4470 quia
1525 4398 1851 4452 dilectarum

256 4496 529 4552 ablatione
576 4495 878 4565 probantur
925 4493 1084 4559 boni,
1163 4493 1462 4563 puniuntur
1508 4492 1736 4561 injusti;
1795 4498 1852 4544 et

254 4593 346 4662 qui
391 4608 451 4647 se
486 4590 638 4661 argui
679 4589 966 4647 doloribus
1016 4589 1167 4655 aliis,
1208 4589 1533 4654 damnisque
1573 4603 1681 4641 non
1724 4600 1849 4641 sen-

1949 3372 2086 3435 cuit,
2146 3382 2241 3424 aut
2289 3370 2599 3442 intelligere
2654 3370 2837 3424 divina
2896 3372 3229 3440 aSpiratione
3284 3372 3551 3441 permisit.

1950 3466 2064 3536 Age
2092 3456 2333 3536 ergo,'et
2379 3464 2541 3519 fidem
2593 3464 2775 3519 cordis
2820 3462 3175 3534 simplicitate
3206 3473 3513 3535 susceptam
3537 3507 3553 3533 ,

1949 3554 1977 3595 ἀ
2001 3559 2183 3614 devoti
2215 3558 2328 3613 oris
2358 3556 2712 3613 confessione
2745 3564 2971 3619 testare,
3014 3571 3117 3611 nec
3167 3560 3320 3628 gravi
3354 3574 3560 3628 praece-

1952 3662 2166 3721 ptorum
2210 3667 2380 3707 onere
2410 3651 2671 3707 terrearis
2706 3668 2719 3708 :
2752 3650 2889 3707 levis
2919 3660 3003 3706 est
3028 3651 3265 3707 servitus
3314 3652 3448 3719 Dei,
3505 3661 3562 3706 et

1951 3746 2094 3803 intra
2172 3747 2511 3802 voluntatem
2566 3746 2803 3801 hominis
2864 3754 2976 3800 tota
3028 3745 3332 3802 necessitas
3386 3746 3555 3816 legis,

1951 3854 2113 3911 quam
2162 3855 2283 3893 cum
2315 3839 2534 3910 penitus
2575 3838 2874 3893 revelatam
2905 3838 3266 3908 compereris,
3331 3837 3409 3892 ita
3436 3838 3558 3907 ejus

1954 3932 2231 4003 agnitione
2262 3931 2547 4001 gaudebis,
2580 3940 2638 3986 ut
2685 3932 2813 3986 licet
2859 3929 3099 3986 stimulet
3150 3932 3218 3986 de
3266 3940 3394 3985 ante
3434 3941 3557 3986 acto

1953 4038 2143 4079 errore
2190 4024 2537 4093 pmnitentia,
2586 4024 2763 4093 major
2806 4032 2985 4078 tamen
3014 4024 3201 4079 veniat
3244 4022 3313 4079 de
3340 4022 3557 4080 confes-

1954 4117 2110 4172 sione
2140 4116 2454 4187 gratulatio.

2491 4208 2718 4266 CAPUT
2747 4209 3015 4265 XXXVII.

1960 4304 2087 4371 Quae
2106 4304 2169 4356 sit
2192 4302 2463 4375 plenitudo
2484 4303 2632 4376 legis,
2658 4304 2913 4373 confessio
2934 4302 3257 4358 credulitatis
3279 4303 3348 4356 ad
3368 4300 3559 4361 Deum.

2028 4397 2230 4453 APOLL.
2262 4428 2331 4437 —
2361 4397 2478 4452 Jam
2531 4396 2734 4452 dudum
2808 4397 3060 4451 Voluntas
3104 4413 3269 4468 quam
3322 4399 3554 4467 expetis,

1960 4502 2211 4564 prompta
2255 4502 2381 4548 est:
2428 4491 2527 4547 sed
2579 4492 2725 4547 velut
2763 4491 2984 4562 cppleta
3037 4491 3327 4547 ruderibus
3372 4491 3565 4546 funda-

1960 4598 2271 4641 mentorum
2303 4585 2448 4648 loca,
2476 4584 2548 4638 ita
2579 4593 2819 4639 mentem
2851 4583 3563 4661 dubietatibusemundari,

257 4685 435 4751 tiunt,
478 4686 640 4739 etiam
693 4683 1019 4738 orbitatibus
1063 4680 1377 4751 affliguntur
1412 4699 1423 4735 :
1450 4682 1635 4752 justos
1667 4690 1851 4735 autem
1882 4663 1937 4724 Ι)
1967 4688 1989 4716 θ
2021 4677 2378 4749 ignorantiam
2403 4676 2628 4730 scientia
2658 4676 2899 4746 oportuit
2930 4674 3133 4742 imbui;
3182 4686 3241 4730 ut
3286 4684 3566 4746 patentem

257 4776 432 4847 major
460 4775 586 4830 fidei
615 4776 760 4847 ignis
783 4775 1089 4840 examinat,
1126 4790 1249 4829 cum
1278 4775 1331 4831 in
1365 4772 1662 4830 levioribus
1685 4772 1856 4829 stabi-

258 4868 335 4926 les
356 4872 520 4925 etiam
548 4870 851 4925 amissione
873 4867 900 4907 δ
936 4868 1242 4940 probantur
1264 4867 1579 4925 affectuum.

332 5062 357 5090 τι
386 5052 476 5108 Sic
506 5052 774 5108 Acherius
802 5053 918 5123 ipse
948 5055 1004 5109 in
1030 5055 1281 5121 margine
1310 5054 1525 5109 monuit
1552 5053 1656 5124 legi
1689 5068 1852 5121 opor-

261 5134 377 5180 tere
405 5169 418 5192 ,
461 5139 589 5196 cum
620 5124 675 5179 in
707 5125 962 5178 omnibus
1002 5125 1282 5181 codicibus
1314 5127 1616 5193 reperiSset
1647 5141 1861 5196 progre-

262 5198 421 5251 dcris.
447 5195 591 5251 Infra
619 5238 634 5260 ,
667 5205 723 5250 ut
750 5197 803 5249 in
830 5198 999 5263 nullo,
1025 5198 1372 5251 restituimus
1403 5214 1469 5253 ex
1503 5198 1663 5253 codd.
1701 5195 1859 5252 Vind.

262 5280 317 5324 et
348 5268 525 5331 Lem.;
558 5284 683 5322 nam
715 5276 874 5322 antea
902 5268 1186 5338 legebatur
1210 5281 1263 5322 ut
1296 5270 1520 5324 uultum.
1550 5270 1686 5335 Quae
1708 5270 1863 5325 dein-

263 5340 332 5395 de
366 5340 676 5407 parenthesi
726 5340 939 5393 inclnsa
983 5351 1106 5393 sunt
1134 5381 1148 5397 .
1192 5339 1309 5392 huic
1340 5341 1392 5393 in
1416 5342 1674 5395 omnibus
1696 5342 1857 5396 Cttdd.

263 5421 626 5481 praeterquam
657 5413 708 5465 iu
742 5425 852 5465 uno
873 5412 929 5464 S.
956 5409 1191 5477 Arnnlﬁ,
1223 5411 1442 5466 desunt.
1471 5412 1615 5466 ldcm
1644 5411 1855 5467 S.Arn.

266 5480 610 5547 codex,’ubi
642 5483 777 5552 legis
806 5483 931 5549 quid
964 5480 1147 5535 sentiri
1193 5483 1405 5550 debeat,
1444 5484 1662 5552 plenius
1705 5486 1867 5539 liabet

266 5554 390 5625 quid
418 5571 541 5607 usus
564 5556 853 5625 attentions
882 5554 1001 5606 vita:
1027 5554 1281 5607 docuerit.

340 5624 367 5663 ³³
403 5625 493 5697 Sic
515 5624 639 5680 cod.
669 5624 856 5691 Vind.,
889 5625 1188 5697 emendate,
1211 5642 1223 5677 :
1248 5625 1399 5694 prior
1429 5624 1615 5691 editio,
1642 5626 1868 5697 proban-

269 5706 351 5751 tur
377 5696 643 5762 aﬂectum,
694 5706 967 5764 corrupte.
993 5696 1143 5749 Haud
1177 5696 1248 5749 ita
1283 5697 1452 5750 umlto
1482 5708 1625 5765 post,
1646 5696 1757 5751 'ubi
1804 5713 1871 5752 ex

271 5767 462 5823 eodem
493 5767 683 5848 endice
706 5768 1024 5848 scripsimus
1055 5778 1345 5837 arguuntur
1375 5770 1564 5835 exitiis,
1596 5769 1874 5839 legebatur

536 5854 564 5889 r
584 5846 748 5891 exitu.
781 5846 957 5891 minus
982 5847 1151 5891 recte.

274 5848 564 5910 arguuntur
584 5847 748 5905 exitu,
781 5847 957 5892 minus
982 5847 1151 5893 recte.

349 5922 369 5947 ιτ
400 5909 496 5963 llic
526 5911 688 5965 etiam
718 5909 841 5963 cod.
877 5907 1037 5963 Vind.
1070 5924 1153 5963 aui
1174 5908 1445 5967 toritatem
1471 5911 1665 5978 secuti,
1691 5926 1875 5967 emen-

1964 4772 2093 4829 fidei
2125 4771 2334 4826 aditum
2380 4778 2629 4825 veterum
2686 4768 2939 4841 purgatio
2986 4769 3144 4824 firma
3203 4770 3563 4841 prospiceret.

1964 4867 2144 4938 Unde,
2174 4867 2299 4940 quia
2329 4867 2664 4938 occupatiori
2692 4867 2897 4923 dudum
2927 4866 3089 4940 plena
3121 4867 3259 4941 legis
3307 4884 3415 4924 non
3465 4882 3567 4940 po-

1966 5054 2216 5110 davimus
2248 5052 2301 5109 id
2333 5053 2475 5124 quod
2501 5052 2648 5123 prius
2672 5051 2973 5121 legebatur,
3003 5051 3050 5124 si
3078 5052 3192 5122 quis
3220 5057 3372 5124 forte.
3404 5052 3571 5121 Infra,

1967 5142 2029 5181 ex
2061 5128 2251 5181 eodem
2286 5120 2393 5179 et‘e
2422 5120 2575 5179 Lein.
2609 5120 2879 5177 edidimus
2904 5120 3059 5176 malis
3082 5120 3231 5191 sum;
3252 5140 3375 5179 nam
3401 5120 3578 5181 Ache-

1966 5199 2083 5253 rius
2102 5199 2399 5266 scripserat
2426 5213 2491 5251 ea:
2516 5194 2667 5248 matis
2690 5195 2826 5249 vitae.

1955 5333 1965 5343 ο
2042 5268 2069 5307 ἀ
2100 5271 2313 5343 Optima
2347 5269 2655 5343 cod._Lem.
2692 5267 3056 5343 lectio_quod
3101 5268 3254 5343 prius
3300 5267 3585 5343 legebatur

1966 5342 2250 5396 devotionis
2271 5340 2616 5411 confessione,
2641 5340 2821 5393 minus
2839 5340 3109 5409 placebat.
3136 5339 3190 5411 In
3211 5340 3316 5393 line
3332 5342 3470 5393 idem
3491 5356 3586 5397 co-

1967 5415 2073 5468 dex
2102 5422 2155 5467 et
2185 5409 2388 5479 Vind.,
2436 5412 2500 5464 de
2539 5413 2861 5482 confessione
2888 5428 2907 5466 :
2940 5412 3093 5483 prior
3121 5409 3291 5464 editio
3313 5453 3328 5475 ,
3365 5410 3426 5465 de
3458 5428 3585 5467 con-

1972 5500 2223 5539 versione.

2048 5565 2071 5592 °
2100 5558 2190 5611 Sic
2221 5553 2275 5607 in
2301 5555 2424 5610 cod.
2453 5554 2711 5619 Lcmov.;
2736 5553 2791 5608 in
2823 5553 3011 5616 editis,
3032 5554 3382 5623 ignorantiam
3415 5557 3586 5609 scien-

1976 5630 2125 5681 tiam.
2157 5626 2302 5680 Infra
2332 5625 2642 5681 Christianis
2673 5626 2815 5696 ﬁdei,
2858 5625 3005 5691 quod
3038 5626 3340 5693 reperimus
3373 5625 3422 5679 in
3454 5626 3579 5682 end.

1982 5697 2169 5761 Vind.,
2206 5701 2379 5768 magis
2414 5697 2619 5768 placuit
2657 5712 2817 5767 quam
2856 5696 3005 5768 quod
3040 5698 3188 5761 prior
3218 5698 3388 5768 editio
3422 5696 3587 5754 habet

1980 5771 2279 5823 christiana:
2302 5766 2447 5838 ﬁdei.
2478 5768 2633 5823 Haud
2659 5766 2730 5823 ita
2758 5766 2928 5821 multo
2954 5778 3076 5836 post
3104 5767 3190 5823 ubi
3219 5767 3265 5821 si
3297 5768 3578 5836 consolari,

1977 5840 2098 5910 lego
2130 5851 2174 5894 et
2204 5841 2488 5895 consolari.
