4060 6344
526 364 666 421 1107

1799 361 1838 414 Ζ
1851 355 2027 415 ACCH
2039 358 2122 414 £1
2161 353 2566 414 CHlllS'l‘lANl

3694 349 3823 408 1108

525 483 630 537 tuit
675 481 886 536 haarere
916 477 1233 540 'revelatio,
1261 475 1606 547 digestamin
1639 489 1807 547 pauca
1831 488 1983 532 nunc
2036 491 2122 532 re-
2149 477 2202 540 Α
2230 475 2556 546 plenamque
2601 471 2834 544 justitize
2878 480 2929 526 et
2981 468 3178 525 merito
3231 466 3441 523 divina:
3491 468 3822 539 possibilitati

529 586 678 644 pete;
743 584 820 639 ut,
877 584 1036 643 quam
1079 569 1468 641 propemodum
1522 583 1632 622 non
1685 579 2004 639 recepturus
2033 581 2131 622 au-

526 671 760 738 dieram,
792 669 1153 724 examinatam
1187 663 1564 732 multipliciter
1602 678 1727 716 cum
1771 663 2131 718 veneratione

533 761 852 834 suscipiam.

609 855 810 912 Zaccu.
839 886 909 895 ——
941 854 1201 922 Repetam
1241 851 1434 921 plane;
1490 862 1543 904 et
1593 851 1790 906 anima:
1831 847 2132 904 visceribus

489 954 492 955 ⁷
535 949 894 1005 intimaudam
923 946 1268 1003 brevioribus
1299 947 1527 1013 eloquar
1568 945 1774 999 verbis.
1805 942 2133 998 Christianis

535 1041 658 1097 fidei
687 1040 1004 1111 integritas,
1041 1038 1328 1110 plenitudo
1355 1038 1584 1108 juStitiw
1615 1046 1718 1099 est,
1765 1037 1816 1090 id
1845 1048 1927 1090 est
1963 1037 2132 1091 Deum

530 1149 711 1199 nosse,
739 1136 940 1195 colere,
966 1137 1186 1197 timere,
1218 1131 1483 1201 diligere;
1511 1147 1676 1184 manu
1709 1131 1845 1184 facta
1877 1145 1978 1184 nec
2005 1129 2136 1183 ado-

532 1242 659 1284 rare
692 1243 790 1282 nec.
812 1229 1016 1293 colere,
1049 1243 1151 1282 nec
1177 1227 1418 1298 profanis
1442 1226 1845 1281 immolatortmt
1880 1224 2018 1279 cibis
2046 1240 2135 1279 ve-

531 1324 630 1377 sci.
664 1321 806 1377 Ecce
831 1322 944 1391 jam
975 1335 1082 1376 non
1134 1323 1370 1392 copiosa:
1401 1335 1564 1375 cruor
1615 1320 1807 1374 ltoSIite
1849 1330 1940 1373 aut
2002 1318 2138 1372 odor

531 1414 728 1484 polluti
779 1415 918 1484 ignis
956 1415 1273 1482 exposcitur
1306 1430 1318 1465 :
1347 1413 1512 1468 enixe
1564 1412 1734 1467 Deum
1783 1410 2044 1477 colueris,
2091 1410 2136 1464 si

533 1516 705 1562 temet
736 1522 834 1575 pro
888 1507 1143 1563 omnibus
1192 1507 1304 1561 Deo
1354 1506 1542 1570 dedas,
1601 1505 1712 1559 duo
1765 1519 1832 1559 ex
1885 1503 2139 1558 omnibus

533 1601 808 1670 praecipua
841 1611 1093 1655 tenturus
1125 1610 1397 1670 prarcepta
1425 1646 1438 1668 ,
1475 1609 1531 1653 nt
1577 1599 1748 1654 Deum
1808 1599 1928 1668 plus
1976 1611 2137 1669 quam

532 1705 608 1759 te,
657 1695 802 1748 sicut
843 1703 898 1748 te
928 1703 1111 1748 autem
1149 1694 1428 1747 hominem
1462 1692 1690 1761 diligas;
1731 1692 1858 1761 quia
1885 1706 1988 1745 nec
2018 1703 2143 1760 pro-

529 1786 695 1843 desse
727 1788 833 1842 sibi
865 1787 1011 1842 ullns
1038 1803 1101 1842 ex
1143 1801 1205 1841 se
1235 1796 1446 1841 tantum
1494 1793 1702 1856 potest,
1736 1793 2002 1856 quantum
2047 1783 2138 1840 ille

2231 568 2477 633 subi-sse,
2511 565 2932 622 resurrectionis.
2977 561 3174 620 effectu
3225 573 3440 618 :rterno
3494 573 3701 630 careat,
3747 563 3826 633 qtti

2233 679 2338 718 non
2370 660 2578 725 credit;
2611 660 2813 730 quique
2851 672 2923 721 te.
2952 657 3198 724 Christe,
3230 657 3329 714 Dei
3355 657 3556 713 Filium
3590 665 3643 712 et
3672 656 3830 714 Deum

2232 762 2546 810 manentem
2579 752 2633 807 in
2669 751 2894 807 homine
2939 749 3242 820 ditlitetur,
3298 767 3400 806 nec
3443 751 3831 821 redemptorem

2232 848 2457 904 humani
2484 847 2727 918 generis,
2778 857 2970 902 cvecto
3015 847 3065 900 in
3102 845 3278 904 ctelos
3313 847 3501 902 crucis
3543 845 3831 916 triumpho,

2235 952 2283 997 et
2317 939 2612 997 confitetur
2644 949 2698 996 et
2729 940 3029 1010 praedicat;
3081 939 3169 1008 qui
3222 926 3622 994 retributorem
3673 938 3834 993 sancti

2237 1036 2461 1101 laboris,
2498 1045 2584 1088 aut
2616 1034 2888 1089 scelerum
2913 1031 3182 1087 vindicem
3220 1048 3332 1088 non
3360 1044 3547 1102 Sperat
3573 1031 3833 1099 futurum;

2237 1127 2332 1182 ille
2363 1125 2647 1182 consortio
2670 1125 2871 1180 diaboli
2904 1140 3130 1196 gemens
3158 1135 3456 1195 perpetuas
3484 1135 3576 1179 eat
3602 1124 3751 1179 exsul
3777 1123 3836 1182 ad

2237 1219 2514 1285 tenebras,
2549 1229 2601 1274 et
2627 1218 2910 1288 protundm
2939 1216 3114 1273 noetis
3143 1213 3363 1272 mersus
3393 1215 3719 1273 horroribus
3747 1215 3836 1270 lla-

2237 1313 2446 1385 grantis
2473 1311 2612 1368 omni
2647 1309 2893 1366 volvatur
2924 1308 3208 1365 incendiis.

2311 1405 2468 1460 Absit
2518 1415 2698 1460 autem
2750 1420 2894 1459 nunc
2946 1403 3082 1457 mihi
3132 1402 3367 1472 amplius
3417 1414 3578 1472 quam
3629 1399 3697 1457 de
3740 1397 3839 1457 Deo

2243 1501 2518 1568 rebusque
2544 1499 2688 1554 illius
2735 1512 2954 1568 sapere,
3007 1507 3061 1552 et
3111 1497 3215 1550 nisi
3254 1497 3325 1550 ab
3355 1495 3456 1551 illo
3480 1493 3679 1551 educta
3709 1495 3841 1552 scire

2238 1593 2384 1649 velle
2413 1593 2497 1648 vel
2544 1607 2820 1660 iiumreie;
2859 1601 3088 1658 tantum,
3123 1605 3189 1646 ne
3236 1591 3573 1659 ignorantiae.
3612 1589 3699 1645 vel
3745 1595 3842 1643 tar~

2245 1687 2327 1742 d:e
2356 1687 2696 1743 credulitatis
2725 1687 2941 1756 culpam
2977 1699 3134 1755 paena
3167 1686 3486 1740 comitetur.
3515 1679 3548 1722 δ
3579 1683 3842 1740 Maculam

2241 1781 2518 1838 idolorum
2575 1781 2868 1835 concidant
2904 1779 3088 1848 sedes,
3144 1790 3197 1835 ct
3238 1779 3602 1835 cxsecrandm
3653 1778 3846 1835 abomi-

539 1882 624 1934 vcl
649 1881 907 1935 omnibus
948 1881 1001 1934 in
1037 1894 1333 1934 commune
1362 1879 1446 1933 vel
1477 1879 1711 1950 singulis
1744 1878 1915 1948 :quid
1957 1887 2140 1932 autem
2175 1868 2218 1927 Β
2247 1877 2486 1932 nationis
2539 1874 2740 1945 templa
2792 1886 3114 1941 vacuantur,
3149 1875 3381 1946 ipsaque
3408 1874 3686 1929 divinatio
3715 1888 3844 1944 qutr,

539 1975 752 2044 aequius
792 1988 954 2042 quam
990 1982 1048 2026 ut
1076 1972 1223 2026 sicut
1272 1981 1325 2027 te
1373 1971 1652 2026 hominem
1698 1971 1916 2041 diligas,
1965 1985 1994 2024 a
2035 1984 2144 2040 quo

534 2077 588 2121 te
613 2065 878 2120 similiter
903 2065 1092 2134 diligi,
1148 2064 1195 2118 si
1245 2065 1519 2119 consolari
1570 2064 1840 2133 emptas?
1879 2062 1973 2116 Sic
2007 2077 2144 2132 prte-

535 2171 683 2216 stare
712 2159 1180 2230 quemadmodum
1227 2169 1283 2214 et
1327 2173 1531 2226 cupere
1582 2157 1722 2212 bona
1773 2176 1786 2210 :
1836 2169 1986 2212 certe
2033 2170 2144 2211 non

532 2263 758 2326 propter
787 2254 1050 2309 caducam
1101 2253 1408 2308 brevissimi
1456 2252 1725 2322 temporis
1787 2250 2142 2317 voluptatem,

534 2365 688 2419 spem
721 2348 1056 2404 beatisdmm
1101 2347 1424 2402 aeternitatis
1467 2345 1763 2402 excludere
1796 2389 1810 2412 ,
1860 2359 1960 2400 nec
2003 2345 2144 2398 tueri

544 2443 898 2512 praesentium
935 2443 1234 2495 vanitatem
1261 2481 1275 2504 ,
1307 2455 1370 2494 ac
1409 2440 1573 2494 ﬁdem
1614 2439 1902 2494 destruere
1932 2437 2145 2492 futuro-

541 2552 692 2599 rum;
744 2549 869 2591 cum
921 2550 988 2589 ex
1033 2535 1254 2589 duobus
1299 2533 1704 2588 conducibilius
1750 2531 1871 2587 fore
1914 2531 2147 2585 alterum

542 2632 773 2696 clareat,
809 2646 915 2683 nun
949 2629 1128 2683 dicam
1180 2628 1284 2682 sub
1332 2628 1449 2691 Dei,
1495 2628 1589 2680 sed
1630 2626 1930 2693 cujuslibet
1981 2625 2151 2680 hone-

538 2725 610 2778 sti
642 2726 881 2779 hominis
930 2725 1164 2778 arbitrio
1211 2739 1362 2792 spem
1415 2737 1648 2789 ponere,
1694 2731 1749 2776 et
1782 2731 2006 2792 propter
2041 2723 2152 2776 elc-

539 2819 776 2872 ctionem
832 2817 1166 2872 venientium
1221 2816 1512 2884 przescnlia
1556 2830 1836 2885 spernere,
1870 2830 2030 2883 quam
2080 2815 2151 2868 ob

540 2913 900 2984 praesentium
937 2921 1310 2968 transeuntem
1350 2927 1512 2965 usum
1558 2925 1812 2964 mansura
1849 2909 2148 2977 praeterire.

1057 3026 1285 3083 CAPUT
1329 3022 1625 3079 XXXVIII.

625 3130 822 3181 APOLL.
860 3156 924 3165 -—
954 3121 1050 3178 Dei
1078 3136 1240 3176 unam
1272 3134 1395 3174 esse
1449 3128 1503 3172 ct
1548 3115 1855 3187 simplicem
1900 3117 2157 3185 majesta-

550 3233 655 3274 tem
690 3229 851 3287 atque
881 3217 950 3271 ab
978 3231 1043 3268 eo
1070 3213 1308 3268 visibilia
1341 3221 1396 3268 et
1443 3211 1737 3264 invisibilia
1775 3210 1993 3264 condita
2035 3224 2151 3264 om-

2249 1983 2307 2026 ut
2332 1969 2514 2037 video,
2562 1987 2588 2023 a
2628 1968 2947 2024 multifariis
2993 1969 3303 2024 ila-mnuum
3338 1967 3625 2023 fraudibus
3653 1965 3736 2021 vel
3765 1963 3848 2022 do-

2247 2067 2362 2119 losa
2396 2064 2484 2118 vel
2530 2062 2664 2118 falsa
2694 2073 2802 2128 est,
2835 2063 2938 2118 sub
2969 2063 3276 2118 reverentia
3323 2071 3531 2117 sanetae
3574 2057 3848 2132 religionis

2250 2157 2500 2212 intereat.
2552 2155 2668 2227 Ego
2715 2154 2885 2210 Dt-um
2925 2155 3203 2211 Christum
3242 2161 3299 2210 ei
3331 2155 3526 2209 salutis
3580 2154 3718 2209 viam
3771 2169 3849 2209 se-

2246 2267 2407 2323 quar,
2437 2249 2590 2305 illum
2624 2265 2735 2320 prie
2785 2250 2963 2304 anima
3019 2258 3076 2303 et
3122 2249 3336 2303 cunctis
3393 2247 3703 2302 visceribus
3741 2245 3849 2300 dill-

2247 2360 2402 2416 gens,
2456 2345 2508 2398 in
2553 2360 2640 2398 me
2689 2343 2790 2399 hoc
2822 2352 3031 2399 tantum
3066 2353 3354 2398 amaturus
3402 2342 3550 2414 quod
3583 2341 3679 2398 ille
3721 2341 3850 2397 dile-

2252 2438 2415 2491 xerit.
2447 2435 2527 2490 Tn
2577 2445 2783 2499 autem,
2833 2435 2924 2505 qui
2977 2432 3147 2490 divini
3200 2435 3252 2490 in
3305 2448 3394 2490 me
3424 2435 3678 2490 muneris
3707 2433 3851 2488 mini-

2251 2540 2367 2584 ster
2409 2528 2586 2592 fuisti,
2620 2528 2690 2582 ab
2733 2538 2960 2583 auctore
3004 2530 3233 2598 gratiam
3261 2538 3628 2600 recepturus,
3687 2527 3849 2596 trade,

2251 2637 2457 2693 quaeso.
2509 2622 2905 2692 plenitudinem
2959 2623 3116 2688 tidei;
3155 2624 3310 2677 trade
3342 2622 3629 2677 interioris
3675 2636 3846 2677 sacra-

2255 2728 2436 2773 menta
2462 2718 2731 2789 mySterii,
2767 2728 2823 2772 et
2853 2717 3116 2773 caducam
3149 2719 3437 2772 materiem
3461 2718 3718 2772 celsioris
3746 2719 3849 2787 spei

2253 2815 2606 2868 innovatione
2638 2811 2933 2880 perfunde;
2963 2813 3009 2865 si
3032 2811 3163 2882 quid
3195 2813 3342 2867 enim
3384 2811 3616 2866 creditis
3644 2813 3735 2882 qui
3761 2827 3850 2864 no-

2255 2909 2386 2963 SIris
2433 2906 2758 2962 tractatibus
2806 2905 3057 2967 affuistis,
3114 2907 3184 2959 ita
3243 2905 3484 2961 animum
3541 2920 3690 2961 vera:
3729 2905 3850 2960 lucis

2256 3000 2447 3073 gaudia
2490 2999 2844 3070 perfuderunt
2885 3042 2897 3063 ,
2960 3007 3016 3051 ut
3079 2998 3249 3052 Deum
3307 2997 3588 3053 Christum
3639 2999 3850 3068 ejusque

2260 3098 2538 3167 pietatem,
2572 3093 2698 3148 licet
2728 3093 2818 3147 diu
2853 3093 3137 3162 ignorasse
3167 3092 3455 3162 pmniteat,
3516 3104 3738 3148 :rterua-
3777 3099 3849 3146 ta-

2261 3208 2382 3246 men
2432 3193 2790 3249 beatitudinis
2841 3208 3057 3263 spcrem
3087 3206 3234 3259 esse,
3287 3193 3371 3247 vel
3413 3205 3546 3247 sero
3594 3191 3844 3259 agnitum,

553 3326 647 3367 nes
672 3311 888 3381 quidem
915 3309 1190 3374 sentiunt,
1220 3307 1244 3334 °
1268 3317 1322 3361 et
1342 3305 1661 3376 intelligere
1685 3321 1875 3358 otnnes
1903 3311 2142 3373 possunt;

2258 3286 2577 3342 credidisse.

551 3407 763 3474 plenam
813 3403 1040 3475 perinde
1075 3402 1211 3473 legis
1243 3417 1306 3455 ac
1352 3401 1748 3469 promissormn
1781 3399 1926 3460 illius
1966 3397 2150 3466 ﬁdem,

619 3555 643 3582 ⁸
669 3545 758 3601 Sic
799 3554 1025 3607 uterque
1059 3539 1185 3595 cod.
1241 3537 1404 3591 Vind.
1443 3535 1776 3607 etLemov.,_
1822 3544 1877 3588 et
1927 3533 2144 3603 quidem

545 3616 851 3672 emendate.
888 3605 951 3669 ln-
974 3611 1141 3676 priori
1191 3609 1465 3674 editione,
1500 3606 1590 3662 sed
1635 3605 1920 3674 intelligere
1947 3621 2146 3676 quoque

549 3706 647 3742 non
680 3696 939 3758 possunt._
964 3683 1128 3758 Infra,
1167 3683 1252 3736 ubi
1299 3689 1469 3734 cvecto
1497 3681 1548 3732 in
1578 3681 1753 3744 caelos,
1789 3677 2012 3731 Lemov.
2045 3679 2143 3729 ha-

551 3761 640 3813 bet
671 3756 773 3818 tuo',
805 3756 964 3809 Vind.
997 3756 1155 3808 elato.

619 3831 644 3868 δ
673 3827 858 3884 Codex
885 3826 942 3881 S.
991 3829 1123 3880 Arn.
1154 3835 1208 3879 et
1243 3821 1401 3879 Vind.
1453 3821 1658 3878 habent
1697 3821 1932 3894 polluite.
1993 3819 2146 3876 [laud

2254 3539 2323 3588 ita
2356 3538 2526 3587 inulto
2558 3536 2996 3603 post-lectionem
3017 3534 3220 3589 codicis
3251 3535 3307 3588 S.
3337 3533 3496 3597 Arn.,
3529 3532 3726 3602 gaudia
3745 3550 3847 3602 per-

2253 3607 2494 3676 [utlerunt
2523 3622 2540 3658 :
2565 3607 2903 3673 prmiulimns
2935 3606 3006 3660 illi
3032 3621 3192 3672 quam
3226 3608 3276 3658 in
3311 3614 3463 3659 textu
3489 3607 3844 3676 collocaverat

2253 3674 2544 3750 Ai-herius,
2579 3677 2772 3750 gaudia
2816 3677 3156 3749 repleverunt.
3210 3677 3263 3730 In
3299 3678 3407 3750 line
3439 3675 3604 3730 codd.
3637 3674 3842 3750 Letnov.

2254 3758 2308 3804 et
2341 3747 2530 3813 Vind.,
2575 3747 2690 3802 aera
2723 3747 2958 3819 agnitum
2991 3767 3008 3802 :
3039 3750 3185 3817 prior
3225 3749 3420 3816 editio,
3451 3763 3568 3801 sero
3598 3749 3839 3818 agnitum.

553 3981 3823 4016 ___________________-_________________________________..

1642 4126 1991 4210 LIBER
2067 4123 2725 4210 SECUNDUS.

1114 4403 1537 4465 ‘PBEFATIO.

619 4536 753 4595 Cum
801 4531 865 4588 ad
911 4527 1234 4587 exercitium
1280 4523 1510 4595 iustitiae
1559 4521 1766 4591 optima
1807 4525 1970 4587 atque
2019 4528 2148 4570 exo-

544 4627 763 4700 ptabilis
815 4624 894 4678 via
949 4622 1019 4676 sit
1069 4618 1156 4691 pie
1203 4617 1413 4682 vivere,
1466 4625 1520 4668 et
1579 4613 1701 4666 vitae
1747 4609 1926 4680 ipsius
1983 4608 2148 4662 ratio-

546 4737 671 4777 nem
721 4717 987 4772 factorum
1015 4723 1069 4768 et
1096 4709 1473 4780 cognitionum
1509 4714 1531 4741 α
1563 4701 1912 4758 observantia
1960 4707 2142 4754 custo-

542 4814 692 4877 dire;
750 4805 1011 4880 praecipui
1057 4806 1200 4859 inter
1254 4802 1397 4855 bona
1457 4799 1640 4853 omnia
1695 4795 1857 4850 studii
1901 4804 2006 4859 est,
2058 4803 2150 4846 aut

544 4905 658 4960 Deo
707 4915 924 4971 semper
975 4907 1068 4950 aut
1121 4895 1189 4950 de
1237 4895 1349 4948 Deo
1398 4891 1630 4947 fideliter
1669 4889 1853 4961 loqui,
1894 4886 2149 4959 quodque

545 4999 600 5051 in
632 4993 857 5049 homine
901 4991 1199 5044 maximum
1250 4995 1355 5049 est,
1406 4984 1602 5052 linguae
1657 4996 1722 5036 ac
1779 4979 1974 5035 mentis
2030 4978 2148 5033 olli-

537 5090 680 5146 cium
716 5085 971 5143 AttctOris
1026 5083 1107 5139 sui
1163 5078 1412 5135 laudibus
1462 5077 1745 5148 deputare,
1806 5088 1905 5129 nec
1960 5081 2141 5128 tamen

541 5184 618 5237 ita
672 5180 890 5235 fervore
946 5177 1048 5247 piae
1101 5173 1402 5230 voluntatis
1467 5169 1684 5235 attolli,
1743 5178 1800 5223 ut
1854 5167 1908 5223 in
1962 5166 2145 5237 aliquo

538 5271 815 5331 sentiendi
867 5285 929 5326 ac
961 5267 1250 5340 profitendi
1298 5265 1517 5320 modum
1565 5262 1799 5318 subnixa
1849 5261 1971 5318 ﬁdei
2021 5271 2145 5315 vota

539 5374 943 5432 transcurrant,
975 5371 1070 5417 aut
1091 5373 1277 5416 sacros
1306 5358 1504 5412 divina:
1526 5352 1931 5428 przcdicationis
1960 5351 2145 5408 termi-

544 5476 644 5516 nos
675 5459 700 5498 b
741 5458 1032 5513 audentior
1077 5453 1244 5509 licitis
1287 5451 1461 5506 calcet
1511 5449 1814 5519 ingressus.
1865 5447 1981 5503 Non
2009 5460 2142 5518 ergo

536 5553 761 5617 ﬁducia,
803 5553 898 5606 sed
951 5549 1060 5606 fide
1117 5543 1376 5617 prompti,
1425 5542 1848 5598 insinuationem
1907 5542 2142 5610 primum

611 5726 636 5753 α
667 5716 759 5769 Sic
808 5712 968 5770 codd.
1005 5710 1166 5765 Vind.
1218 5717 1272 5764 et
1311 5707 1566 5766 Lemov.,
1596 5701 1888 5758 emendate
1921 5719 1932 5755 :
1983 5700 2135 5772 prior

535 5787 726 5849 editio,
755 5782 1153 5846 observantiam,
1186 5785 1464 5847 corrupte.
1497 5775 1652 5829 llaud
1682 5773 1956 5849 itamulto
1985 5780 2128 5849 post,

537 5843 766 5912 auctoris
795 5856 879 5907 sui
920 5843 1188 5917 laudibus,
1220 5843 1542 5919 scripsimus
1567 5846 1943 5919 auctoritatem
1975 5843 2129 5897 codi—

536 5933 635 5984 cis.
668 5926 823 5980 Viud.
861 5923 1028 5978 seculi
1054 5938 1066 5984 ;
1096 5925 1146 5975 in
1177 5914 1284 5992 quo
1317 5914 1479 5973 voces
1504 5916 1840 5972 intermediae
1867 5914 2015 5968 rebus
2042 5923 2132 5966 aut

2169 4429 2222 4489 ι)
2248 4425 2451 4473 sanctae
2482 4416 2772 4473 Trinitatis
2804 4418 3181 4490 aggredimur;
3235 4429 3360 4487 post
3403 4417 3460 4472 in
3511 4396 3844 4484 Judtcosrac

2250 4507 2511 4578 deinceps
2544 4508 2597 4563 in
2649 4507 2936 4566 haereticos
2963 4511 3122 4580 plana
3145 4510 3495 4580 expositione
3529 4521 3838 4582 pergentes,

2251 4601 2418 4657 etiam
2449 4603 2855 4659 schismaticum
2885 4604 3316 4660 Novatiauorum
3351 4605 3678 4678 dctegemus
3701 4620 3842 4661 erro-

2251 4711 2389 4752 rem.
2420 4696 2495 4751 lta
2523 4697 2814 4753 instructio
2855 4713 2922 4754 ex
2983 4698 3167 4754 multis
3207 4699 3440 4755 cnllecla
3488 4701 3842 4756 voluminibus

2250 4789 2510 4846 breviarii
2542 4790 2714 4846 vicem
2763 4791 2936 4858 dabit,
2971 4799 3079 4847 non
3118 4791 3299 4846 omnia
3358 4792 3409 4846 in
3467 4792 3698 4866 singulis
3746 4793 3844 4848 ela-

2247 4883 2470 4939 borans.
2523 4883 2743 4954 Experti
2795 4884 2980 4953 itaque
3021 4898 3135 4939 rem
3167 4884 3312 4940 inter
3352 4899 3619 4956 personas
3668 4886 3842 4942 melius

2246 4979 2351 5046 agi,
2386 4975 2703 5032 Zaccbzeutn
2755 4986 3002 5032 nostrum
3064 4977 3533 5049 Apolloniumque
3587 4981 3699 5049 jam
3758 4994 3842 5034 no-

2245 5081 2415 5124 strum
2439 5068 2504 5124 ad
2525 5067 3106 5139 praedictoscausarum
3127 5067 3329 5140 gradus
3355 5071 3670 5127 robustiore
3690 5071 3840 5127 scien-

2247 5161 2319 5216 tia
2349 5159 2710 5224 deducetnus,
2762 5170 2819 5216 ut
2872 5159 3040 5216 libelli
3069 5159 3377 5232 superioris
3425 5180 3603 5232 more,
3642 5163 3841 5234 religio-

2245 5254 2331 5308 nis
2360 5264 2564 5308 nostrte
2590 5252 2775 5308 remuli
2807 5252 3287 5323 praedamnentur;
3331 5264 3388 5310 et
3415 5256 3460 5310 is
3483 5258 3576 5326 qui
3609 5255 3839 5311 discendi

2245 5344 2566 5402 accenditur
2617 5345 2838 5413 studiis,
2891 5345 3005 5402 Deo
3049 5345 3234 5402 vivere
3275 5349 3463 5419 cupiat
3491 5365 3553 5404 ac
3584 5349 3727 5404 vitiis
3769 5349 3839 5402 in-

2248 5439 2434 5494 terire.
2466 5437 2617 5496 Nunc
2657 5457 2786 5511 ergo
2818 5441 2964 5496 inter
2997 5441 3284 5511 ρι’ωιιίοιοε
3330 5443 3442 5499 leni
3472 5443 3762 5502 collatione
3788 5453 3837 5500 et

2246 5534 2594 5604 proferentur
2621 5535 2802 5588 omnia
2851 5543 2906 5589 et
2951 5534 3352 5605 probabuntur,
3381 5547 3441 5592 ut
3467 5552 3705 5610 congrua
3733 5538 3835 5592 bre-

2241 5712 2349 5752 non
2379 5709 2500 5751 com
2513 5707 2724 5765 parent.

2311 5767 2338 5806 δ
2363 5767 2581 5838 Optima
2607 5770 2852 5839 ejusdem
2884 5768 3041 5824 Vind.
3069 5769 3188 5825 cod.
3222 5767 3424 5838 lectio;
3461 5776 3513 5826 in
3562 5775 3716 5829 editis
3750 5787 3833 5825 au-

2240 5841 2459 5964 qentiori
2485 5841 2634 5964 ἱέρεαι
2660 5843 2863 5898 calcare
2889 5842 3146 5914 ingressu,
3184 5843 3368 5899 minus
3396 5844 3556 5916 bene,
3598 5857 3654 5902 ut
3697 5845 3831 5920 equi-

2241 5925 2360 5964 tem
2384 5925 2478 5964 seu
2527 5925 2579 5964 ο.

2241 5925 2360 5965 item
2384 5925 2579 5965 sentio.
