4060 6344
253 256 405 326 “09

1484 263 2117 333 CONSULTATIONUM
2153 273 2286 335 LIB.
2330 276 2395 334 ll.

3435 276 3581 336 illo

251 384 434 440 vitate
485 393 826 442 monstretur
855 387 985 457 quid
1018 389 1188 459 recipi
1223 383 1460 455 debeat,
1489 394 1620 462 quid
1666 395 1878 455 caveri;
1912 386 1955 454 Α
1987 395 2194 465 gnitale
2222 398 2518 454 dissonum
2565 405 2672 465 est,
2705 406 2764 452 ut
2795 407 2938 452 utine
2977 407 3086 453 non
3117 399 3282 455 modo
3319 399 3487 456 rudes
3529 400 3583 454 in

253 486 387 532 cum
421 487 482 532 et
528 473 767 534 ﬁdelium
815 481 1111 538 credulitas
1160 484 1477 539 cmlcstibus
1527 488 1882 541 conﬁrmetur

256 572 573 642 exemplis,
605 581 660 627 et
693 575 1046 643 profanorum
1080 577 1309 646 periidia
1354 579 1468 633 suis
1515 579 1597 634 vel
1645 581 1878 635 maxime

257 663 648 720 intellectibus
678 666 1015 723 destruatur.

335 760 711 815 APOLLONIUS.
743 791 814 800 ——
839 761 892 816 Si
917 764 1218 833 quisquam,
1246 763 1527 832 Zacchaee,
1563 766 1794 834 referre,
1821 776 1879 822 ut

257 849 504 920 dignum
537 861 644 919 est,
674 855 902 922 gratiam
935 855 1046 910 Deo
1081 871 1179 924 pro
1211 857 1430 912 collatis
1459 858 1512 912 iu
1538 873 1597 913 se
1625 860 1744 928 ejus
1775 859 1878 914 mi-

259 943 559 998 seratione
603 945 923 1012 beneﬁciis,
977 957 1070 1003 aut
1120 951 1466 1004 sermonibus
1507 951 1728 1016 sufﬁcit,
1785 962 1883 1008 aut

259 1036 463 1089 animo
506 1037 963 1108 comprehendit:
1019 1055 1124 1111 ego
1159 1041 1442 1113 praecipue
1472 1044 1722 1113 perinngi
1779 1043 1881 1100 hoc

258 1139 509 1183 munere
561 1128 736 1185 debeo
783 1129 1147 1188 confessionis
1200 1143 1256 1189 et
1307 1139 1529 1200 mentis,
1591 1140 1683 1206 qui
1733 1137 1879 1192 illius

256 1222 610 1291 aspiratione
655 1233 818 1278 tuave
847 1224 1096 1281 doctrina
1149 1229 1315 1284 tantis
1366 1244 1616 1286 errorum
1672 1231 1878 1300 laqueis

257 1317 548 1383 evolutus,
577 1318 770 1371 mortis
792 1320 966 1374 vincla
991 1319 1218 1389 deposui
1247 1363 1260 1386 ,
1294 1331 1352 1377 et
1374 1331 1651 1380 terrenum
1685 1334 1878 1380 exutus

258 1409 550 1465 hominem
581 1453 596 1478 ,
627 1411 680 1466 in
709 1426 861 1483 spem
893 1415 1204 1471 ccelestinm
1245 1418 1568 1487 gaudiorum
1607 1419 1701 1474 Dei
1741 1418 1876 1474 ado-

257 1506 460 1577 ptione
499 1510 768 1576 transivi;
819 1512 1012 1566 :eterni
1045 1512 1268 1582 insuper
1296 1513 1552 1568 sacriﬁcii
1603 1515 1880 1585 particeps

257 1598 471 1667 factus,
505 1607 532 1637 ι
565 1601 733 1656 immo
779 1603 952 1659 Deum
1003 1604 1272 1660 sumendo
1323 1622 1449 1676 pars
1501 1607 1694 1675 ipsius,
1760 1616 1877 1664 toto

1985 491 2532 563 interpretationibus
2582 505 2801 558 sensus,
2862 491 2958 547 sed
3009 492 3176 547 verba
3207 493 3442 564 denique
3475 494 3582 549 nisi

1982 586 2249 642 inculcata
2296 601 2405 643 non
2453 593 2767 657 suppetant.
2821 585 3175 640 Nntissimum
3223 595 3490 658 pra‘tet'ea
3523 592 3580 642 in

1980 680 2223 750 qualibet
2276 681 2520 737 editione
2579 675 2858 735 fastidium
2893 687 2978 734 est
3029 688 3120 734 aut
3163 681 3430 736 refriCare
3469 681 3580 751 jam

1979 774 2220 844 cognita,
2254 781 2346 828 aut
2391 774 2721 828 clarioribus
2773 774 2983 828 inserta
3028 774 3402 829 monumentis
3453 780 3583 840 sup-

1982 873 2173 936 presso
2192 875 2412 921 auctore
2433 867 2682 936 proferre.
2706 882 2719 931 ;
2746 875 2776 919 ti
2787 866 2891 920 nde
2911 867 3079 935 magis
3099 865 3314 932 utrique
3332 873 3580 919 tiostrum

1981 957 2214 1013 fortasse
2245 959 2541 1014 conveniat
2586 957 2924 1028 exemplaria
2954 957 3106 1012 adire
3156 959 3487 1027 priscorum,
3521 972 3585 1016 ac

1977 1054 2047 1110 de
2095 1055 2388 1109 illustrium
2437 1054 2806 1109 voluminibus
2856 1053 3168 1123 hujusmodi
3214 1049 3437 1107 haurire
3475 1053 3578 1106 do-

1979 1147 2213 1202 ctrinam
2243 1165 2256 1200 :
2286 1149 2412 1217 quia
2443 1157 2498 1202 et
2530 1147 2630 1202 tibi
2659 1147 2867 1216 absque
2890 1136 3059 1201 dubio
3080 1146 3478 1202 conducibilius
3501 1155 3587 1200 est

1979 1240 2219 1311 perfecta
2248 1241 2315 1294 ab
2347 1240 2739 1296 eruditioribns
2784 1240 3022 1308 discere,
3053 1249 3106 1294 et
3152 1239 3284 1294 mihi
3314 1239 3380 1295 de
3408 1239 3582 1294 maxi-

1979 1332 2084 1388 mis
2115 1333 2285 1386 tutins
2318 1333 2566 1388 reticere.

2611 1423 2842 1481 CAPUT
2885 1423 2948 1478 ll.

2353 1516 2414 1570 Si
2447 1515 2678 1586 Spiritus
2709 1525 2920 1570 sanctus
2948 1516 3084 1570 Deus
3111 1517 3197 1569 sit.

2050 1608 2419 1666 Aror.r..-—-Et
2464 1623 2566 1679 ego
2612 1608 2780 1664 credo
2823 1609 3040 1679 aliquos
3086 1619 3255 1678 super
3302 1605 3412 1675 bis,
3462 1620 3585 1662 cre-

255 1693 437 1747 animi
472 1694 661 1765 vigore
687 1704 742 1750 et
765 1697 1031 1772 salutaria
1057 1708 1316 1768 expetere
1342 1699 1540 1766 debeo,
1572 1708 1622 1754 et
1655 1700 1874 1770 obliqua
1975 1712 2166 1756 sccnt'e
2191 1701 2299 1756 ﬁde
2328 1710 2538 1764 nostra,
2562 1699 2726 1754 latius
2756 1699 3090 1768 diSputasse,
3122 1709 3188 1754 ac
3214 1700 3384 1753 tantis
3415 1709 3585 1753 anno-

261 1786 596 1844 destruere.
631 1787 735 1844 Sed
779 1790 1038 1859 quoniam
1087 1789 1142 1845 in
1173 1791 1526 1846 retribuenda
1579 1794 1875 1862 gratiarum
1907 1781 2100 1847 Brom
2157 1802 2571 1862 temporumque
2618 1790 2907 1846 curriculis
2955 1789 3283 1859 spiritalium
3345 1789 3581 1844 virorum

259 1879 411 1946 vice,
450 1896 554 1935 nec
604 1882 657 1936 in
690 1882 796 1937 hoc
822 1882 1041 1953 quidem
1105 1884 1445 1940 sufﬁcientes
1491 1901 1682 1940 sumus
1730 1886 1876 1956 quod

259 1972 637 2044 intelligendo
701 1977 1007 2044 sentimus;
1072 1976 1189 2032 haec
1251 1979 1426 2034 solum
1499 1979 1878 2034 retributionis

258 2081 442 2138 penes
473 2070 713 2139 impares
743 2072 826 2124 via
854 2081 958 2134 est,
993 2073 1038 2126 si
1073 2072 1301 2143 largitor
1327 2075 1494 2128 totius
1523 2074 1878 2145 indulgentia:

261 2159 441 2224 Deus,
499 2160 822 2232 dignatione
860 2179 963 2234 qua
1014 2167 1217 2220 nostris
1245 2167 1670 2237 cogitationibus
1711 2168 1880 2222 inter-

152 2289 157 2294 -
259 2262 370 2321 est,
406 2255 743 2311 debentibus
780 2258 1031 2326 inspiciat
1062 2268 1267 2326 votum,
1310 2269 1367 2314 et
1387 2275 1484 2330 pro
1515 2260 1708 2316 eil‘ectu
1742 2262 1880 2316 rcci-

263 2348 382 2419 piat
417 2348 778 2404 voluntatem.
809 2350 1132 2419 Quamlibet
1175 2368 1309 2423 ergo
1342 2354 1630 2410 ineﬁ‘abilis
1675 2355 1878 2411 laetitiae

260 2454 503 2510 compos
536 2456 730 2511 magna
763 2442 864 2496 sim
910 2457 1266 2512 consecutus,
1321 2447 1498 2516 major
1537 2449 1666 2502 mihi
1699 2458 1878 2502 tamen

259 2531 600 2602 ignorantiae
655 2544 832 2590 metus
871 2547 958 2590 est
1011 2554 1076 2592 cx
1123 2554 1232 2608 quo
1286 2539 1487 2609 aliquid
1537 2555 1661 2595 esse
1710 2541 1884 2610 cmpit

261 2623 560 2690 scientiae;
587 2626 923 2698 grandisque
944 2631 1189 2684 animum
1223 2647 1354 2686 cura
1381 2631 1664 2698 sollicitet,
1701 2631 1746 2686 si
1770 2633 1881 2702 spi—

265 2716 555 2772 ritualium
603 2721 860 2774 conscius
906 2728 1244 2778 secretorum
1306 2725 1664 2794 plenitudinis
1708 2741 1880 2780 sacrte

261 2820 538 2878 quantum
569 2809 758 2867 audire
788 2812 998 2883 farique
1054 2815 1240 2880 liceat,
1272 2823 1365 2871 aut
1395 2818 1617 2887 ignarus
1643 2827 1736 2872 aut
1766 2830 1878 2874 tre-

267 2900 432 2971 pidus
459 2902 867 2973 deprehendar.
897 2905 1030 2960 Nam
1057 2909 1228 2974 prima
1252 2908 1380 2964 ﬁdei
1409 2911 1460 2963 in
1489 2923 1575 2964 me
1609 2921 1878 2979 praecepta

263 2996 625 3066 concludens,
673 2996 854 3053 Patris
905 3009 1113 3054 tantum
1145 3011 1212 3055 ex
1242 3013 1351 3070 quo
1399 3012 1530 3057 sunt
1585 3002 1790 3066 omnia,
1825 3012 1875 3056 et

269 3086 398 3142 Filii
434 3102 531 3156 per
558 3103 718 3158 quem
747 3088 890 3144 facta
923 3101 1050 3146 sunt
1090 3092 1297 3158 omnia,
1329 3094 1710 3148 credulitatem
1741 3094 1876 3148 sim-

1983 1885 2224 1956 ingenia,
2258 1899 2363 1939 non
2395 1885 2616 1939 silentio
2643 1897 2919 1953 possessa,
2956 1882 3055 1938 sed
3087 1882 3318 1936 meritis.
3349 1881 3584 1936 Verum-

1981 1990 2164 2034 tamen
2206 1979 2433 2034 rudibus
2483 1979 2682 2032 animis
2711 1976 2906 2031 diﬂ‘usa
2957 1977 3163 2031 tardius
3212 1977 3586 2040 innutescunt,

1979 2083 2035 2128 et
2065 2081 2283 2127 sensum
2337 2074 2489 2142 prius
2540 2081 2772 2126 onerant
2821 2069 3056 2138 prolixa,
3113 2084 3276 2136 quam
3329 2069 3582 2124 doceant.

1981 2167 2161 2236 Atque
2213 2165 2336 2221 ideo
2380 2165 2741 2220 excusatione
2804 2171 3058 2218 cessante
3110 2160 3327 2216 invidia:
3377 2169 3580 2215 metum

1983 2261 2194 2316 utilium
2224 2261 2405 2316 fervor
2441 2270 2462 2297 ε
2491 2258 2775 2322 excludat,
2815 2265 2871 2312 et
2914 2255 3152 2324 indepta:
3190 2254 3391 2326 quietis
3417 2268 3579 2324 quam

1980 2355 2331 2425 amplecteris
2359 2355 2590 2423 gratiam
2621 2351 3082 2419 inexsuperabilis
3125 2350 3251 2406 ﬁdei
3278 2364 3433 2405 amor
3464 2350 3584 2403 vin-

1979 2461 2101 2514 cat;
2134 2440 2518 2504 verecundiam
2547 2447 2828 2514 proverbii
2861 2448 3062 2501 veteris
3084 2444 3362 2500 sententia
3389 2443 3580 2499 suble-

1984 2554 2165 2598 vante.
2196 2543 2338 2608 Quid
2368 2544 2515 2596 enim
2561 2542 2666 2596 dici
2697 2557 2728 2595 a
2751 2553 3024 2612 quoquam
3076 2549 3254 2609 potest
3280 2537 3423 2609 quod
3456 2548 3582 2592 ante

1983 2651 2090 2692 non
2126 2637 2329 2691 dictum
2361 2636 2478 2690 sit?
2524 2635 2632 2689 Aut
2677 2649 2799 2705 qua!
2826 2641 2935 2688 tam
2988 2632 3241 2687 abstrusa
3287 2632 3340 2686 in
3379 2631 3583 2685 nostris

1982 2731 2150 2786 rebue
2180 2727 2411 2784 scientia
2435 2737 2541 2795 est,
2566 2742 2729 2796 quam
2761 2739 2891 2780 usus
2923 2740 3033 2780 non
3061 2724 3420 2780 illustraverit
3448 2737 3589 2792 proe-

1981 2823 2316 2878 cedeotum?
2373 2819 2529 2876 Unde
2578 2819 2684 2874 hoc
2731 2820 2967 2888 primum
3025 2816 3094 2872 de
3133 2824 3324 2872 sancto
3377 2814 3582 2884 Spiritu

1980 2928 2166 2975 certus
2198 2916 2420 2972 revela:
2455 2915 2602 2970 Deus
2650 2927 2739 2983 ne,
2788 2928 2859 2966 n
2907 2925 2998 2968 res
3023 2911 3206 2980 aliqua
3237 2911 3334 2965 Dei
3384 2909 3501 2964 sit?
3528 2917 3585 2964 et

1982 3024 2180 3066 munus
2208 3007 2534 3071 divinitatis,
2566 3021 2633 3060 an
2664 3004 2950 3074 plenitudo
2976 3003 3290 3060 credendus
3311 3003 3332 3056 ?
3357 3001 3583 3057 Probari

1981 3109 2162 3155 autem
2209 3097 2544 3154 testimoniis
2595 3096 2875 3166 oportebit
2933 3093 3201 3166 quidquid
3257 3091 3586 3163 simpliciter

269 3181 473 3251 plicem
503 3183 803 3252 poposcisti
828 3201 842 3250 ;
879 3195 1002 3254 post
1027 3196 1210 3241 autem
1240 3187 1480 3243 ineuntis
1526 3187 1878 3242 traditionem
1909 3174 1957 3239 C
1988 3192 2264 3250 creditum
2296 3191 2420 3246 ﬁdei
2452 3186 2480 3228 (ι
2508 3197 2846 3244 sacramenta
2871 3186 3182 3242 dictaveris.

271 3277 523 3346 mysterii
554 3276 716 3331 etiam
746 3280 919 3332 sancti
949 3279 1192 3348 Spiritus
1219 3279 1355 3335 mihi
1387 3296 1413 3333 a
1449 3291 1500 3335 te
1525 3287 1724 3335 exacta
1756 3289 1885 3336 con-

268 3368 441 3428 fessio
463 3377 568 3435 est,
601 3380 654 3425 et
680 3379 790 3425 tota
823 3371 876 3425 iu
908 3372 1236 3428 Trinitatem
1264 3377 1434 3430 missa
1465 3374 1784 3430 credulitas.

919 3465 1153 3522 CAPUT
1188 3466 1232 3522 Ι.

473 3558 536 3614 Si
570 3561 636 3613 sit
668 3561 820 3614 tertia
851 3560 902 3613 in
931 3561 1197 3634 religionis
1231 3562 1428 3617 honore
1460 3579 1700 3630 persona.

352 3655 550 3708 APOLL.
583 3677 652 3693 -κ
680 3651 708 3692 ι)
737 3653 1133 3710 Promissionis
1160 3653 1324 3725 igitur
1351 3665 1586 3722 memor,
1618 3655 1793 3725 pande
1815 3670 1882 3710 an

277 3746 349 3800 sit
379 3746 538 3800 tertia
568 3746 620 3799 in
654 3745 934 3813 religionis
970 3749 1175 3804 honore
1209 3760 1466 3819 persona,
1498 3749 1581 3803 vel
1610 3749 1651 3802 si
1681 3763 1746 3803 ex
1782 3757 1883 3804 usu

278 3839 596 3909 multiplicis
627 3841 950 3895 reverentiae
971 3851 1024 3895 et
1050 3855 1156 3895 non
1182 3855 1246 3896 ex
1265 3840 1489 3911 speciali
1514 3841 1886 3910 appellatione

277 3947 476 3990 nomen
505 3942 845 4004 assumptum
870 3951 882 3987 :
918 3935 1065 4004 quod
1093 3935 1140 3988 si
1172 3937 1291 3989 inec
1318 3935 1609 4003 sapientiae
1640 3934 1886 3988 cmiestis

278 4031 494 4086 occulta
529 4027 890 4093 reseraveris,
937 4026 1202 4098 quidquid
1235 4029 1288 4083 in
1327 4027 1688 4096 susceptione
1719 4027 1886 4083 adve-

285 4121 486 4178 nientis
521 4122 648 4178 ﬁdei
679 4122 819 4176 bene
848 4121 1018 4176 cessit
1057 4133 1501 4176 consummatum
1531 4121 1722 4173 notitia
1761 4133 1885 4188 per-

288 4217 517 4272 fectiore
560 4215 947 4271 roborabitur:
1000 4229 1348 4284 ceriaequens
1371 4215 1481 4270 erit
1519 4224 1576 4268 ut
1604 4213 1889 4270 doctrinas

287 4325 507 4380 quoque
542 4308 926 4364 haereticorum
957 4317 1014 4364 et
1042 4309 1329 4364 universas
1367 4307 1727 4362 schismatnm
1761 4319 1887 4376 pra»

292 4405 510 4468 vitales,
539 4419 647 4473 quo
674 4401 834 4457 vitari
864 4403 1015 4457 ocius
1039 4402 1271 4472 possint,
1297 4400 1583 4455 consultus
1603 4399 1886 4470 expedias,

292 4498 335 4550 si
369 4497 520 4566 prius
548 4496 784 4567 qualiter
831 4495 981 4551 credi
1023 4495 1262 4550 debeant
1303 4495 1414 4565 jam
1446 4508 1707 4548 concessa
1739 4507 1892 4546 mon-

295 4600 403 4642 διε-ει
414 4589 579 4642 veris.

365 4681 712 4738 Zaccuasus.
742 4710 812 4720 —-
839 4678 1066 4751 Semper
1094 4680 1313 4750 quidem
1354 4679 1651 4750 stipendiis
1684 4679 1894 4734 militiae

296 4777 563 4848 spiritalis
593 4776 870 4832 accinctos
913 4777 1060 4831 velut
1087 4777 1191 4830 sub
1237 4774 1639 4830 imminentium
1699 4789 1895 4841 exspe-

299 4877 540 4932 ctatione
571 4876 833 4931 bellorum
863 4875 1241 4930 instructionis
1274 4890 1371 4928 usu
1405 4882 1619 4942 oportet
1652 4872 1889 4938 institui.

301 4981 354 5024 et
384 4971 555 5025 otium
579 4970 876 5037 detestari;
912 4971 1005 5025 sed
1035 4985 1063 5023 a
1097 4971 1281 5024 multis
1306 4984 1426 5038 quae
1447 4970 1657 5038 expetis
1688 4979 1741 5024 et.
1772 4984 1895 5037 pro-

304 5063 414 5119 lixe
444 5071 498 5119 et
542 5063 854 5118 sublimiter
902 5063 1148 5127 condita,
1182 5063 1328 5117 velut
1366 5074 1522 5117 nowe
1574 5059 1898 5117 eruditionis

303 5173 444 5228 opus
473 5166 748 5224 recusant,
780 5172 842 5212 ac
873 5165 980 5212 tam
1023 5157 1182 5227 plane
1212 5157 1281 5212 de
1312 5158 1457 5212 omni
1488 5157 1690 5212 dudum
1725 5157 1929 5212 limbi--

382 5350 409 5378 η
438 5339 539 5408 Vix
589 5337 886 5408 quidquam
930 5336 981 5389 in
1005 5342 1144 5408 itoto
1169 5333 1322 5408 phoe
1347 5347 1512 5408 opere
1545 5332 1903 5408 praeclarius,

311 5427 472 5482 quam
502 5397 670 5464 hocce
700 5397 1106 5482 A'polloniijam
1131 5397 1420 5482 christiani
1455 5406 1520 5458 de
1544 5397 1675 5458 reali
1701 5397 1908 5460 Christi

311 5470 438 5538 dum
469 5483 705 5535 sumitur
739 5470 1026 5547 lirmsentia
1061 5470 1458 5529 testimonium.

385 5554 410 5592 ι’
441 5553 534 5609 Sic
585 5551 760 5606 Codex
796 5549 983 5612 Vind,
1035 5561 1160 5599 meo
1203 5547 1444 5618 judicio.
1501 5547 1691 5602 melius
1747 5555 1911 5618 quam

315 5627 468 5693 prior
521 5622 728 5693 editio,
764 5619 1120 5690 professionis.
1176 5617 1318 5672 Infra
1373 5621 1512 5672 idem
1547 5630 1600 5673 et
1660 5619 1912 5685 Leniov.,

316 5692 419 5767 quo
447 5692 791 5767 uitari_tu_titts
803 5733 814 5745 .

2061 3287 2257 3343 Zacou.
2288 3312 2361 3324 --
2378 3282 2545 3339 Oneri
2567 3281 2697 3339 licet
2719 3280 3086 3350 expostulatio
3109 3286 3196 3334 tua
3221 3279 3314 3347 sit,
3333 3287 3390 3333 et
3409 3276 3576 3348 (μισὼ

1988 3382 2112 3436 dum
2140 3377 2416 3450 negotium
2441 3385 2608 3433 tanta
2641 3372 3084 3444 interrogationis
3115 3380 3296 3426 nectat
3326 3370 3584 3438 intentio,

1989 3475 2110 3545 quia
2138 3472 2293 3528 ardui
2320 3471 2507 3542 operis
2529 3483 2618 3524 res
2648 3467 2943 3538 loquenda,
2973 3475 3028 3522 et
3056 3465 3160 3520 ﬁde
3194 3466 3364 3536 magis
3383 3473 3472 3520 est
3497 3462 3584 3518 in-

1989 3568 2185 3623 tuenda
2235 3577 2394 3636 quant
2428 3563 2651 3620 verbis:
2704 3571 2882 3618 tamen
2931 3561 3188 3633 queniam
3239 3560 3458 3632 exigere
3513 3560 3620 3614 ab-

1993 3663 2292 3720 humilibus
2324 3671 2517 3731 magna
2548 3671 2655 3714 non
2689 3657 2918 3725 desinis,
2943 3667 2997 3712 et
3028 3656 3292 3711 recitandi
3323 3663 3586 3726 oppertus

1991 3760 2215 3811 nitatem
2246 3754 2555 3809 dominicus
2579 3751 2764 3807 fervor
2785 3749 3106 3815 exsuscitat,
3135 3748 3277 3820 quod
3301 3747 3426 3803 ﬁdei
3456 3746 3590 3802 Sub-

1990 3851 2244 3904 stantiam
2293 3862 2399 3902 non
2431 3847 2750 3916 depressam
2800 3844 2966 3898 humo
2997 3857 3208 3914 regere,
3241 3843 3292 3896 id
3320 3850 3427 3908 est,
3475 3851 3583 3894 non

1990 3945 2252 3999 inclusam
2305 3941 2486 3996 cordis
2518 3940 2760 3995 retinere
2816 3940 3067 4003 Secretis,
3111 3936 3207 3991 sed
3255 3935 3458 3990 notitiae
3487 3943 3586 3988 cut

1991 4037 2251 4106 pientium
2286 4039 2532 4102 prompta
2565 4031 3024 4084 annumeratione
3063 4038 3336 4096 mutuare,
3366 4042 3430 4081 ac
3469 4028 3586 4081 vice

1991 4125 2195 4183 fenoris
2230 4124 2597 4196 multiplicare
2635 4124 3018 4192 praecipimur;
3069 4121 3134 4174 ad
3191 4119 3588 4189 expositionem

1993 4217 2284 4276 ineil‘abilis
2305 4216 2610 4286 majestatis
2637 4214 2857 4283 trepidi,
2889 4215 2954 4267 ad
2977 4213 3380 4267 confessionem
3411 4212 3591 4265 securi

1991 4312 2283 4369 commissa
2306 4310 2516 4365 auctori
2539 4323 2639 4362 suo
2665 4323 2761 4361 ora
2789 4308 3085 4361 solvamus.
3133 4305 3276 4360 Deus
3314 4319 3457 4359 unus
3482 4313 3588 4370 est,

1991 4416 2047 4463 et
2083 4403 2381 4475 quamlibet
2439 4401 2694 4471 personis
2743 4413 2808 4454 ac
2851 4397 3165 4453 nominibus
3203 4397 3462 4450 distincta
3519 4398 3593 4452 sit

1993 4498 2253 4560 Trinitas,
2311 4511 2340 4549 a
2369 4509 2428 4550 se
2474 4505 2658 4549 tamen
2708 4499 2870 4562 atque
2923 4507 2952 4544 a
2995 4499 3091 4544 sua
3123 4488 3434 4544 aeternitate
3480 4503 3589 4544 non

1917 4561 1966 4621 θ
1994 4594 2180 4659 distat,
2214 4589 2308 4645 sed
2341 4599 2567 4643 manens
2593 4594 2721 4640 ante
2747 4561 2946 4640 saecula
2975 4583 3235 4638 divinitas
3259 4582 3315 4637 in
3339 4581 3502 4637 Patre
3528 4589 3594 4637 at

1998 4685 2135 4740 Filio
2160 4692 2214 4738 et
2237 4690 2426 4736 sancto
2465 4679 2692 4748 Spiritu,
2722 4693 2850 4732 vere
2879 4692 2943 4731 ac
2969 4676 3186 4747 proprie
3215 4673 3456 4731 creditur
3487 4689 3595 4728 una

1995 4787 2158 4847 atque
2205 4774 2423 4838 eadem,
2457 4787 2558 4827 neo
2603 4770 2773 4826 dividi
2816 4772 3018 4825 nostris
3051 4765 3596 4839 interpretationibus

2001 4879 2197 4941 potest,
2224 4883 2324 4923 nec
2349 4879 2564 4922 rursum
2585 4878 2738 4921 versa
2765 4865 2818 4918 in
2847 4863 3005 4918 unius
3030 4875 3317 4932 personam
3333 4859 3600 4916 Trinitats

1999 4963 2278 5022 eonfuudi.
2309 4962 2404 5018 Sic
2429 4975 2562 5030 ergo
2594 4959 2828 5029 Spiritus
2859 4965 3102 5023 sanctus,
3137 4963 3196 5010 ut
3223 4954 3388 5010 Pater
3416 4969 3478 5007 ac
3508 4949 3598 5006 Fio

2001 5062 2127 5127 lius,
2161 5060 2302 5114 Deus
2329 5067 2434 5112 est.
2477 5055 2664 5126 Neque
2693 5053 2749 5108 in
2778 5052 3047 5108 Trinitate
3078 5063 3238 5116 unus,
3285 5047 3381 5104 sed
3413 5045 3600 5100 Trini-

2004 5167 2086 5212 tas
2115 5169 2283 5210 unum
2313 5158 2416 5208 est.
2449 5150 2577 5205 Hac
2607 5148 2742 5204 ﬁdes
2773 5147 2957 5219 plena,
3003 5148 3118 5202 hinc
3145 5148 3331 5200 nostra
3366 5138 3606 5196 Creduli-

2015 5344 2280 5405 posseaso,
2333 5327 2422 5405 sed
2451 5325 2684 5405 meritis;
2739 5323 2951 5405 nemini
2978 5317 3457 5405 quidentdubium
3502 5318 3609 5405 erit

2019 5392 2399 5474 quin‘aliqnod
2427 5398 2543 5474 vitii
2576 5398 2723 5461 insit,
2755 5396 2848 5474 scd
2881 5392 3014 5474 nihil
3038 5393 3089 5446 in
3117 5403 3250 5443 mss.
3280 5392 3609 5458 reperimus,

2017 5459 2125 5546 quo
2148 5459 2493 5546 iiazc'inenda
2530 5459 2769 5546 reparari
2802 5472 3009 5546 pusselt
3104 5544 3110 5546 _
3151 5532 3164 5546 _
3188 5540 3213 5546 __
3272 5525 3350 5546 ml
3382 5528 3408 5546 Α,

2089 5541 2115 5580 ιι
2147 5543 2411 5596 Praedam
2467 5528 2819 5604 emendatio;
2855 5543 3014 5612 quam
3063 5532 3234 5588 ῠυάεκ
3485 5536 3612 5612 εἶψί

2018 5615 2318 5684 peditavit:
2365 5619 2524 5684 antea
2573 5603 3230 5684 corrupte‘editumcrat,
3279 5603 3608 5684 (ﬁctilem-int.

2023 5671 2175 5741 'I'iaud
2203 5685 2274 5736 ita
2322 5683 2492 5735 multo
2524 5690 2648 5751 post
2689 5671 2930 5751 ejusdem
2961 5671 3174 5751 codicis
3201 5683 3281 5728 est
3310 5671 3619 5751 quodscri-

396 5741 417 5803 t:-
855 5773 919 5814 ωε
953 5760 1141 5815 radice
1171 5759 1323 5814 Lem.
1354 5777 1366 5824 ;
1399 5762 1449 5816 in
1481 5761 1660 5827 editis,
1691 5771 1745 5814 ut
1768 5759 1918 5813 illum
2023 5757 2230 5828 palmus
2272 5741 3012 5828 recitandiopporiunitttlem,
3042 5747 3093 5799 in
3124 5745 3243 5828 ritis
3265 5742 3410 5828 quod
3445 5741 3617 5798 Atrltet

324 5819 525 5907 fervor,
550 5835 711 5891 male.
738 5831 908 5890 Paulo
933 5833 1182 5900 superius
1202 5873 1216 5896 ,
1245 5832 1332 5885 ubi
1359 5819 1557 5905 legitur
1586 5819 1687 5888 non
1715 5833 1920 5886 silentio
2021 5819 2139 5884 rius
2161 5827 2410 5881 ediderat
2431 5819 2635 5888 locum,
2670 5819 2916 5874 reticendi
2947 5819 3409 5887 opportunitatem.
