4060 6344
513 277 645 333 HM

1792 261 2109 321 ZACCHEI
2149 257 2533 317 CHRISTIANI

3676 250 3807 307 11ίέ
3862 260 3869 265 ‘

513 400 617 445 tas.
650 388 859 445 Idcirco
905 386 1045 443 Deos
1088 401 1186 441 nec
1219 383 1475 439 aestimari
1509 383 1744 452 patimur
1776 396 1877 436 nec
1905 380 2107 444 vocari,
2141 377 2190 439 Α
2218 375 2410 432 edocet
2438 377 2647 431 factos:
2699 390 2769 431 ne
2804 374 2963 430 ﬂatus
3013 374 3065 428 in
3112 372 3347 443 Spiritu,
3406 368 3619 425 virtutis
3648 369 3699 423 in
3746 384 3808 424 eo

521 483 615 540 sed
640 482 817 539 Deum
849 483 902 537 in
940 479 1213 551 przedictis
1241 478 1484 547 personis
1516 490 1580 531 ac
1608 475 1922 530 nominibus
1950 473 2119 528 conﬁ-

523 589 721 634 temur.
753 574 1140 631 lnenarrabilis
1161 572 1306 627 enim
1338 570 1615 638 divinitas,
1645 585 1752 624 non
1786 578 1845 623 ut
1870 567 2116 623 concludi

525 679 620 725 aut
668 666 1029 739 apprehendi,
1064 665 1148 719 vel
1179 661 1463 717 vocabulis
1497 661 1670 730 possit
1712 660 1855 715 intra
1903 660 2119 715 nomina

522 776 899 834 personasque
927 774 987 814 se
1016 756 1307 827 prwslitil:
1343 753 1440 809 sed
1473 764 1529 809 ut
1568 754 1712 823 quod
1747 764 1881 820 erat,
1916 768 2039 809 esse
2069 766 2122 809 et

524 864 868 920 nosceretur,
902 850 1313 921 intelligentiam
1341 849 1425 902 sui
1448 864 1514 903 ex
1538 855 1711 916 parte,
1742 862 1902 918 quam
1928 862 2123 915 capcrc

527 947 750 1015 humani
801 944 1069 1001 sermonis
1115 942 1381 1013 angustias
1415 942 1799 1013 praevalebant,
1853 941 2125 995 credenti-

526 1042 630 1096 bus
653 1039 823 1095 dedit.
861 1038 1058 1093 Vcrum
1105 1036 1220 1091 haec
1269 1036 1363 1091 tibi
1398 1052 1503 1089 non
1557 1036 1834 1090 subtracta
1885 1034 2125 1090 mStimes

526 1136 699 1206 prius,
732 1133 827 1188 sed
853 1147 958 1187 non
983 1132 1187 1186 credita
1220 1133 1408 1200 prius;
1442 1132 1566 1200 quia
1590 1132 1657 1184 ab
1682 1131 1949 1187 idolorum
1984 1131 2127 1186 mul-

524 1228 754 1283 titudine
784 1226 1028 1291 veniens,
1050 1226 1211 1279 etiam
1238 1225 1325 1279 hic
1357 1224 1453 1278 tibi
1482 1224 1764 1294 praidicari
1791 1224 1923 1279 deos
1945 1233 2125 1294 putas-

527 1336 637 1387 ses,
671 1320 771 1374 nisi
804 1320 855 1373 id
889 1319 1030 1389 quod
1067 1316 1343 1389 plenitudo
1375 1317 1498 1371 ﬁdei
1540 1318 1785 1372 continet
1818 1318 2127 1375 tradiiionis

528 1414 751 1471 exordia
776 1414 1082 1469 siluissent.

1152 1506 1381 1563 CAPUT
1421 1504 1507 1561 Ill.

619 1601 683 1657 Si
713 1599 1001 1673 Scripturis
1030 1601 1221 1655 sanctis
1248 1601 1408 1672 possit
1433 1600 1630 1669 ﬁrmari
1657 1599 1765 1655 haec
1790 1600 2029 1656 elocutio.

599 1696 803 1750 Aron.
834 1724 905 1734 -—-
933 1694 1205 1761 Quantum
1254 1693 1479 1762 intelligi
1513 1692 1694 1759 datur,
1733 1692 1887 1748 adest
1910 1703 2125 1763 sperata

530 1792 583 1846 in
614 1778 1159 1862 interpretationibus
1204 1789 1360 1855 ﬁdes,
1394 1804 1458 1843 ac
1491 1791 1704 1846 veritati
1747 1789 1884 1845 ratio
1912 1792 2131 1862 exposi-

531 1886 693 1942 tionis
722 1886 991 1951 cohazret;
1027 1892 1399 1939 verumtamen
1423 1884 1595 1938 sacris
1614 1884 2130 1940 interlocutionibus

527 1981 720 2036 eadem
748 1979 894 2034 dicta
929 1978 1134 2034 ﬁrmari
1172 1979 1442 2033 stabilitas
1486 1992 1633 2048 Pura:
1663 1978 2004 2033 credulitatis
2036 1994 2130 2033 ex-

532 2076 730 2144 poscit,
764 2081 817 2128 ct
836 2071 1108 2144 quoddam
1137 2072 1383 2127 veritatis
1409 2072 1624 2127 culmen
1658 2072 2006 2126 cessantibus
2038 2086 2131 2127 ar-

528 2167 801 2238 gumentis
822 2166 1061 2221 lectione
1089 2164 1381 2230 constitui;
1413 2166 1537 2235 quia
1571 2164 1743 2219 videri
1770 2166 2128 2235 incongruum

529 2267 734 2331 poteSt,
767 2258 844 2313 ita
875 2258 944 2313 de
976 2258 1086 2314 Deo
1114 2258 1283 2329 quui,
1309 2266 1367 2312 ut
1396 2272 1502 2311 non
1530 2258 1701 2328 magis
1729 2258 1819 2312 illa
1844 2258 2045 2327 quibus
2073 2273 2131 2314 se

528 2354 673 2409 idem
715 2353 975 2408 insinuari
1021 2352 1217 2418 voluit,
1268 2351 1638 2423 proferantur.
1680 2352 1796 2420 Qua
1838 2354 1907 2409 de
1955 2368 2014 2408 re
2062 2368 2131 2410 ex

526 2446 713 2502 multis
741 2462 866 2517 qua:
908 2446 1220 2502 enumerari
1248 2445 1313 2500 ad
1350 2460 1593 2516 praesens
1640 2461 1751 2501 non
1792 2460 1955 2516 posse
1984 2445 2133 2500 arbi-

528 2548 666 2606 tror,
713 2554 890 2609 neque
943 2548 1002 2593 ut
1048 2552 1193 2593 nunc
1239 2546 1633 2593 enumerentur
1679 2538 1984 2607 expostulo,
2038 2538 2129 2607 qui

528 2630 749 2687 interim
778 2631 1046 2685 doctrinm
1074 2630 1344 2698 ordinem,
1388 2646 1496 2685 non
1526 2630 1771 2686 historiae
1822 2645 2022 2700 corpus
2049 2631 2132 2684 in-

529 2724 730 2795 quiro;
766 2724 1057 2795 perspicua
1085 2739 1299 2794 quoque
1325 2732 1381 2779 et
1413 2738 1582 2793 pauca
1614 2724 1859 2779 dicturus
1887 2725 2129 2779 auctori-

530 2826 695 2873 tatem
748 2817 917 2873 redde
970 2817 1307 2872 memoratis.
1377 2814 1513 2871 Nam
1542 2858 1557 2883 ,
1607 2817 1749 2872 sicut
1789 2816 1939 2881 dixi,
1985 2816 2132 2872 velut

533 2910 935 2980 tenuiterjacta
962 2909 1248 2976 nutabum,
1298 2909 1404 2964 nisi
1448 2909 1697 2964 humanis
1725 2918 1967 2965 astructa
2010 2924 2128 2965 ser-

530 3002 812 3071 monibus,
844 3002 1043 3058 divinis
1077 3004 1301 3073 insnper
1330 3001 1627 3058 fulciantur
1658 3002 1946 3073 exemplis.

597 3096 798 3153 ZACCII.
829 3126 903 3138 ——
946 3095 1334 3168 Competenter
1382 3096 1659 3167 exposcis,
1710 3105 1769 3150 ut
1813 3096 1899 3149 his
1949 3094 2130 3165 potius

2223 469 2615 540 plenitudinem
2647 469 3068 525 demonstravit.
3098 467 3231 523 Nam
3267 464 3360 521 ubi
3382 464 3586 529 -virtus,
3618 462 3691 517 ibi
3719 478 3807 518 ne-

2222 580 2374 621 cesse
2406 574 2489 621 est
2534 575 2589 621 et
2640 580 2875 637 persona
2925 554 3283 628 subsistens,
3329 560 3420 615 ubi
3466 558 3653 624 omnis,
3710 573 3809 613 non

2222 659 2399 714 ablata
2432 674 2461 713 a
2484 658 2692 713 duabus
2721 656 2821 713 sed
2854 664 3228 714 consummata
3263 654 3513 724 signatur
3543 652 3597 705 in
3620 651 3806 716 tertia;

2225 766 2333 806 non
2366 761 2425 806 ut
2469 753 2583 806 sola
2617 752 2814 806 habeat
2843 749 2985 821 quod
3032 750 3081 804 in
3116 758 3230 803 toto
3277 756 3381 813 est,
3413 745 3509 801 sed
3543 760 3613 799 nc
3644 743 3811 798 minus

2226 847 2427 902 habeat
2453 863 2574 917 qua:
2602 847 2652 901 in
2686 845 2805 901 sola
2838 845 3206 914 appellatione
3239 850 3521 913 postrema
3544 849 3648 895 cst.

2299 941 2496 997 lterum
2532 942 2672 997 idem
2706 940 2970 1011 propheta
3003 939 3353 1001 Trinitatem,
3383 936 3511 991 dum
3542 943 3809 1005 precatur,

2226 1035 2446 1104 exponit
2476 1053 2487 1087 :
2517 1033 2618 1089 Cor
2647 1034 2899 1088 mundum
2920 1050 3045 1087 erea
3075 1033 3124 1086 in
3157 1048 3260 1097 nte,
3286 1029 3451 1094 Deus,
3485 1039 3531 1082 et
3562 1028 3815 1098 Spiritum

2225 1138 2423 1185 rectum
2452 1132 2640 1184 innova
2683 1132 2737 1184 in
2785 1128 3059 1183 visceribus
3098 1128 3251 1181 meis.
3292 1124 3375 1179 Ne
3415 1124 3665 1195 projicias
3689 1138 3761 1176 me
3787 1139 3817 1176 a

2228 1225 2362 1295 facie
2390 1235 2499 1288 tua,
2533 1232 2579 1275 et
2612 1223 2867 1293 Spiritum
2896 1232 3129 1276 sanctum
3163 1232 3312 1274 tuum
3340 1235 3403 1273 ne
3426 1217 3642 1287 auferas
3670 1232 3700 1269 a
3724 1232 3819 1271 me.

2230 1317 2407 1373 Redde
2435 1318 2559 1372 mihi
2588 1320 2821 1372 laetitiam
2849 1319 3089 1372 salutaris
3113 1317 3210 1381 ttti,
3235 1325 3286 1370 et
3314 1314 3525 1383 Spiritu
3548 1312 3818 1383 principali

2230 1415 2476 1483 conﬁrma
2505 1430 2583 1467 me
2608 1412 2729 1483 (Ps.
2754 1431 2808 1479 L,
2838 1413 3051 1484 12-14).
3078 1412 3404 1482 Principalis
3453 1406 3693 1476 Spiritus
3727 1411 3817 1465 Pa-

2228 1510 2331 1563 tris
2358 1518 2475 1572 est,
2511 1519 2692 1563 rectus
2737 1518 2822 1564 est
2854 1507 3001 1574 Filii,
3033 1507 3266 1563 Sanctus
3312 1522 3446 1562 vero
3490 1506 3824 1578 cognominis

2229 1604 2314 1657 sui
2366 1602 2674 1673 adjectionc
2731 1601 3106 1673 distinguitur.
3152 1601 3265 1657 Nec
3313 1600 3385 1655 de
3439 1598 3823 1655 vocabulorum

2229 1696 2539 1768 adjeCtione
2572 1695 2865 1760 movearis,
2896 1695 3040 1765 quod
3065 1693 3387 1765 principalis
3417 1700 3473 1748 et
3499 1702 3686 1748 rectus
3711 1692 3847 1761 Spi!

2161 1782 2205 1842 B
2234 1793 2372 1846 ritus
2402 1798 2621 1844 sant-tus
2674 1789 2991 1859 prophetica
3024 1788 3400 1859 appellatione
3450 1789 3701 1859 signatus
3727 1795 3821 1843 est.

2235 1882 2386 1938 Licet
2432 1882 2740 1952 proprietas
2790 1896 2893 1935 una
2945 1884 3016 1936 sit
3067 1882 3120 1936 in
3155 1882 3428 1952 singulis,
3481 1890 3667 1935 tamen
3710 1880 3823 1950 quia

2235 1977 2378 2031 Deus
2407 1975 2643 2045 Spiritus
2668 1986 2777 2041 est,
2824 1991 2892 2029 ne
2938 1974 3586 2045 personaruntconfusio
3633 1973 3825 2029 nostris

2234 2071 2605 2127 intellectibus
2628 2070 2803 2138 ﬁeret,
2827 2070 3135 2124 nominibus
3154 2077 3240 2123 est
3265 2068 3480 2139 adjecta
3510 2066 3823 2123 diversitas:

2232 2164 2325 2235 qui
2352 2166 2497 2220 enim
2528 2172 2771 2229 sanctus,
2807 2162 3115 2218 necessario
3144 2172 3329 2217 rectus
3366 2171 3488 2227 est;
3521 2177 3624 2216 nec
3662 2168 3827 2231 potest

2233 2258 2431 2311 iterum
2487 2265 2669 2311 rectus
2714 2270 2861 2318 esse,
2914 2255 3017 2309 nisi
3068 2264 3290 2310 sanctus
3338 2255 3453 2311 sit:
3514 2254 3824 2324 principalis

2230 2362 2437 2419 autem,
2466 2352 2588 2422 quia
2621 2366 2684 2406 ex
2735 2365 2801 2406 eo
2833 2350 3139 2421 unigenitus
3170 2348 3367 2417 Filius,
3398 2359 3569 2419 atque
3600 2349 3670 2403 ab
3715 2348 3822 2418 ipso

2234 2447 2475 2516 Spiritus
2504 2456 2725 2501 sanctus
2757 2444 3096 2515 procedens;
3128 2444 3196 2500 de
3226 2460 3338 2514 quo
3364 2444 3555 2499 Esaias
3575 2444 3680 2500 sub
3705 2459 3823 2514 per-

2234 2553 2369 2593 sona
2401 2538 2497 2594 Dei
2531 2538 2599 2593 de
2629 2538 2847 2594 Christo
2889 2538 3160 2609 loquentis
3191 2536 3312 2593 haec
3355 2538 3541 2608 posuit
3568 2555 3582 2592 :
3619 2537 3727 2607 Ego
3756 2538 3825 2589 lo-

2232 2640 2380 2685 cutus
2410 2649 2560 2697 sum;
2587 2641 2632 2685 et
2656 2649 2751 2703 ego
2783 2631 2960 2685 vocavi
2989 2639 3035 2685 et
3062 2631 3261 2684 adduxi
3292 2646 3429 2699 eum,
3459 2640 3509 2684 et
3534 2646 3823 2702 prosperum

2234 2723 2331 2780 iter
2367 2728 2481 2797 ejus
2505 2725 2645 2793 feci:
2696 2724 2923 2779 accedite
2952 2723 3019 2776 ad
3053 2740 3128 2777 me
3173 2732 3222 2777 et
3251 2724 3433 2776 audite
3462 2724 3593 2777 haec.
3630 2721 3749 2776 Non
3778 2723 3823 2775 in

2234 2817 2438 2871 occulto
2459 2816 2522 2870 ab
2553 2819 2701 2871 initio
2734 2816 2935 2871 locutus
2958 2833 3070 2871 sum
3092 2834 3110 2883 ;
3138 2833 3254 2870 cum
3284 2818 3490 2883 ﬁerent,
3518 2816 3631 2871 illic
3657 2832 3823 2870 eram:

2233 2921 2280 2963 et
2334 2926 2470 2963 nunc
2519 2907 2779 2964 Dominus
2830 2910 2967 2963 misit
3008 2925 3108 2973 me,
3158 2919 3207 2962 et
3262 2908 3498 2982 Spiritus
3532 2913 3645 2982 ejus
3696 2905 3819 2976 (lsa.

2235 3020 2429 3070 XLVIII,
2462 3004 2552 3069 15,
2598 3003 2707 3073 i6).
2739 3003 2978 3074 Angelus
3030 3003 3257 3073 perinde
3284 3002 3353 3057 ad
3400 3002 3631 3057 Mariam
3663 3014 3821 3056 sacra:

2234 3096 2539 3153 nativitatis
2592 3098 2851 3168 mysteria
2881 3095 3164 3162 nuntians,
3215 3096 3369 3164 paria
3414 3094 3485 3150 de
3533 3094 3725 3149 eodem
3753 3094 3822 3148 sic

528 3188 667 3245 ﬁdes
694 3189 855 3244 detur
899 3204 1021 3259 quae
1052 3189 1105 3243 in
1157 3186 1532 3243 teStimonium
1581 3187 1667 3242 sui
1694 3186 1960 3241 Divinitas
2010 3186 2128 3257 ipsa
2156 3178 2200 3241 C
2234 3189 2551 3260 depromit:
2595 3189 2825 3253 Spiritus
2872 3187 2970 3243 Dei
3013 3188 3335 3258 superveniet
3378 3188 3435 3241 in
3466 3196 3538 3254 te,
3581 3196 3631 3241 et
3673 3187 3821 3241 virtus

527 3282 808 3352 prolucuta
837 3291 959 3349 est;
1014 3290 1070 3338 et
1112 3293 1264 3338 recte
1295 3297 1364 3337 ex
1419 3281 1909 3337 innumerabilibus
1954 3296 2123 3352 pauca

524 3374 790 3445 proferri;
818 3374 1074 3446 quoniam
1107 3390 1253 3430 verae
1282 3374 1532 3445 probatio
1558 3374 1879 3443 maiestatis,
1909 3376 2125 3430 tametsi

525 3468 689 3525 habet
721 3469 1114 3540 pluralitatem,
1145 3469 1454 3537 pluralitate
1482 3484 1589 3523 non
1619 3468 1863 3539 indiget;
1897 3468 2127 3524 creden-

524 3559 674 3631 tique
703 3568 759 3616 et
790 3576 958 3631 pauca
992 3559 1290 3627 sufﬁciunt,
1322 3577 1443 3631 quae
1476 3561 1763 3628 increduli,
1792 3562 1958 3616 etiam
1991 3563 2035 3615 si
2069 3562 2122 3616 in

521 3651 709 3707 multis
738 3660 1074 3719 scrutentur,
1108 3652 1381 3723 ignorant.
1413 3651 1568 3707 Unde
1615 3652 1852 3725 primum
1884 3654 1950 3708 de
1976 3663 2125 3709 vete-

521 3745 599 3801 ris
628 3744 967 3801 Testamenti
1001 3746 1177 3811 libris,
1214 3755 1335 3815 post
1364 3746 1524 3801 etiam
1548 3748 1695 3811 novi,
1729 3756 1978 3802 sanctum
2002 3747 2123 3818 Spi-

519 3840 687 3895 ritum
716 3840 769 3894 in
799 3839 1105 3895 subSIantia
1138 3840 1300 3895 unius
1329 3840 1629 3896 divinitatis
1675 3854 1935 3910 agnosce,
1985 3840 2123 3895 libro

520 3936 753 3992 Genesis
783 3936 863 3991 sic
885 3935 1178 3993 inchoante
1203 3955 1216 3990 :
1245 3934 1314 3990 In
1345 3936 1602 4007 principio
1632 3936 1751 4007 fecit
1777 3934 1916 3988 Deus
1938 3935 2123 3989 cwlum

521 4040 570 4085 ct
598 4037 789 4085 terram
811 4048 832 4098 ;
863 4041 999 4086 terra
1026 4041 1199 4087 autem
1220 4042 1329 4086 erat
1356 4032 1637 4087 invisibilis
1668 4044 1714 4087 et
1739 4033 2120 4100 incomposita;

520 4134 568 4179 et
596 4124 832 4195 Spiritus
862 4124 959 4181 Dei
986 4125 1243 4197 ferebatur
1267 4144 1424 4198 super
1465 4144 1628 4198 aquas
1660 4126 1818 4197 (Gen.
1852 4143 1890 4195 ι,
1926 4127 1979 4193 1,
2009 4143 2115 4181 sec.

422 4202 427 4207 ’
515 4215 708 4289 LXX).
756 4217 851 4273 Ille
882 4219 1209 4289 principium
1256 4230 1364 4286 est,
1410 4218 1754 4289 quiJudaeis,
1797 4220 1920 4291 quis
1946 4227 2115 4285 esset,

516 4319 544 4347 ει
574 4310 1041 4381 interrogantibus
1084 4312 1256 4367 dixit:
1291 4310 1620 4384 Principium
1663 4313 1804 4383 quod
1832 4321 1882 4365 et
1933 4313 2119 4383 loquor

511 4406 656 4460 vobis
686 4404 866 4477 (Joan.
887 4420 1004 4473 vnt,
1030 4404 1162 4477 25);
1198 4390 1342 4461 unde
1370 4406 1439 4460 ab
1460 4420 1527 4461 eo
1550 4413 1607 4461 et
1632 4406 1736 4461 alio
1758 4406 1880 4462 loco
1908 4406 2113 4461 dictum

508 4508 632 4556 est:
667 4499 736 4554 In
765 4502 934 4571 capite
974 4502 1094 4555 libri
1142 4502 1397 4572 scriptum
1437 4511 1511 4556 est
1539 4502 1603 4557 de
1650 4519 1731 4557 me
1760 4502 1881 4575 (Ps.
1911 4518 2111 4569 xxxix,

509 4591 586 4659 8;
622 4590 785 4646 Hebr.
817 4608 875 4660 x,
908 4592 987 4663 7.)
1012 4591 1315 4648 Ferebatur
1340 4603 1523 4648 autem
1556 4593 1652 4648 Dei
1682 4595 1918 4663 Spiritus
1947 4609 2112 4663 super
2143 4578 2191 4637 Ῑ)

510 4700 703 4755 aquas,
736 4694 795 4739 ut
818 4700 884 4740 ex
913 4686 1000 4741 his
1040 4685 1165 4740 viva
1191 4686 1372 4741 omnia
1406 4687 1768 4757 producturus
1810 4687 1928 4758 ipse
1956 4688 2107 4743 rudi-

505 4778 610 4833 bus
650 4778 788 4846 ignis
810 4777 1015 4847 proprii
1048 4779 1275 4833 frmcota
1304 4789 1626 4847 prastaret,
1658 4781 1750 4851 qui
1785 4796 1929 4836 nunc
1959 4781 2109 4851 puri-

506 4867 685 4923 ﬁcatis
706 4867 852 4922 dona
878 4867 1331 4926 sanctiﬁcationis
1360 4870 1621 4927 infundit.
1654 4873 1822 4927 David
1856 4874 2104 4943 perinde,

504 4960 621 5017 Deo
650 4963 956 5032 aspirante,
1004 4972 1270 5019 testatur:
1319 4965 1484 5022 Verbo
1506 4964 1719 5021 Domini
1763 4969 1875 5022 caeli
1908 4970 2106 5036 ﬁrmati

505 5064 634 5111 sunt
680 5066 731 5110 et
780 5055 987 5128 Spiritu
1039 5058 1142 5111 oris
1170 5062 1282 5129 ejus
1333 5061 1498 5114 omnis
1541 5060 1707 5114 virtus
1760 5078 1936 5115 eorum
1978 5060 2101 5133 (Ps.

505 5163 678 5214 xxxn,
709 5146 787 5221 6).
818 5148 960 5205 Vide
999 5165 1161 5220 quam
1206 5151 1365 5221 plena
1412 5153 1485 5207 sit
1525 5154 1788 5220 brevitas,
1838 5166 1893 5209 et
1938 5170 2101 5225 quam

498 5243 648 5298 clare
674 5242 729 5297 in
761 5253 1163 5299 sacramentum
1210 5245 1435 5300 unitatis
1463 5258 1748 5312 recurrat;
1795 5246 2011 5302 Patrem
2046 5249 2099 5303 in

501 5333 757 5401 Domino,
793 5335 845 5390 in
866 5334 1033 5392 Verbi
1077 5335 1476 5408 signiﬁcatione
1506 5339 1702 5395 Filium
1735 5356 1946 5411 ponens
1976 5357 2103 5397 san-

495 5435 645 5483 ctum
692 5427 956 5499 Spiritum
987 5446 1055 5487 ex
1087 5446 1183 5487 ore
1226 5430 1494 5488 Altissimi
1536 5436 1888 5505 nuncupavit.
1922 5434 1993 5490 Et
2030 5452 2099 5493 ne

495 5523 645 5579 vocis
675 5523 844 5579 editio
887 5536 1241 5597 reputaretur
1281 5528 1335 5583 in
1371 5527 1571 5600 Verbo,
1624 5532 1795 5590 caelos
1846 5549 1943 5604 per
1971 5544 2095 5590 eum

569 5655 683 5744 ttrln
907 5668 1096 5744 totum;
1135 5665 1506 5744 ho_c_comr_n_a
1537 5667 1635 5744 _sic_
1670 5671 2001 5744 descriptum
2029 5687 2113 5733 cst
2142 5696 2156 5732 :
2191 5676 2292 5731 Ille

493 5724 610 5798 Ego
662 5729 995 5809 principium,
1050 5742 1156 5792 etc.
1191 5736 1335 5792 Infra
1393 5737 1484 5793 ubi

488 5809 746 5866 propriis.

2232 3285 2488 3339 Altissimi
2514 3284 2833 3338 obumbrabit
2857 3283 2947 3337 tibi
2969 3281 3121 3355 (Luc.
3139 3298 3178 3349 ι,
3193 3283 3312 3350 55).
3330 3283 3596 3337 Dominus
3617 3291 3811 3355 postea,

2228 3393 2352 3433 cum
2384 3379 2452 3433 de
2479 3379 2762 3433 vocatione
2802 3379 3044 3449 gentium
3090 3377 3436 3447 loqueretur,
3471 3378 3611 3433 intra
3663 3394 3814 3435 unnnt

2229 3472 2528 3529 divinitatis
2560 3488 2754 3527 nomen
2787 3480 3035 3528 sanctum
3059 3470 3330 3541 Spiritum
3355 3472 3691 3544 praedicans,
3713 3473 3815 3528 ait:

2231 3568 2431 3625 Euntes
2459 3585 2618 3633 nunc,
2650 3569 2828 3623 docete
2855 3584 3031 3622 omnes
3057 3575 3254 3637 gentes,
3306 3568 3632 3641 baptizantcs
3660 3586 3743 3624 eos
3770 3570 3817 3623 in

2232 3662 2437 3715 nomine
2461 3660 2637 3716 Patris
2660 3671 2709 3715 et
2733 3659 2865 3714 Filii
2879 3669 2928 3715 et
2951 3660 3180 3732 Spiritus
3200 3665 3369 3715 sancti
3394 3661 3612 3734 (Matth.
3640 3678 3814 3726 xxvttt,

2232 3755 2342 3826 i9).
2371 3754 2571 3809 Paulus
2596 3754 2850 3809 similiter
2871 3754 3151 3824 apoStolus
3178 3771 3190 3807 :
3223 3754 3329 3820 Qui
3359 3767 3533 3809 autem
3557 3756 3814 3823 conﬁrmat

2225 3865 2320 3902 nos
2339 3847 2600 3903 vobiscum
2627 3847 2862 3902 Christus
2887 3846 3163 3913 Dominus,
3192 3857 3238 3900 et
3261 3849 3353 3918 qui
3376 3850 3525 3902 unxit
3552 3866 3649 3903 nos
3665 3848 3813 3915 Deus,

2231 3951 2279 3995 et
2304 3942 2391 4012 qui
2416 3942 2636 4013 signavit
2666 3958 2758 3997 nos
2788 3952 2835 3995 et
2862 3942 3003 3997 dedit
3030 3944 3218 4015 pignus
3243 3940 3480 4015 Spiritus
3503 3944 3557 3996 in
3585 3941 3814 3997 cordibus

2224 4038 2415 4091 nostris
2445 4038 2512 4106 (ll
2546 4036 2667 4091 Cor.
2711 4053 2749 4103 ι,
2778 4037 2872 4101 21,
2899 4037 3016 4108 22).
3050 4037 3116 4091 Ει
3149 4038 3371 4105 iterum,
3418 4038 3547 4092 dum
3581 4038 3811 4093 coelestia

2224 4129 2525 4185 Corinthiis
2553 4140 2893 4199 precaretur,
2929 4129 3045 4185 haec
3075 4129 3360 4185 subdidit:
3391 4129 3581 4185 Gratia
3614 4129 3811 4183 Domini

2220 4225 2383 4277 nostri
2411 4222 2537 4278 Jesu
2570 4222 2779 4289 Christi,
2826 4234 2876 4279 et
2924 4224 3151 4278 charitas
3190 4223 3289 4277 Dei
3328 4232 3377 4277 et
3425 4225 3810 4278 communicatio

2224 4320 2461 4388 Spit-itus
2486 4320 2655 4373 sancti
2696 4336 2812 4372 cum
2844 4318 3078 4373 onmibus
3110 4318 3252 4371 vobis
3282 4319 3301 4389 (
3327 4317 3372 4372 ll
3400 4318 3525 4373 Cor.
3554 4334 3671 4384 xttt,
3703 4316 3806 4386 15).

2220 4412 2375 4470 Unde
2402 4414 2703 4484 proposita:
2725 4414 2972 4469 veritatis
2996 4428 3227 4477 memor,
3256 4414 3656 4468 sententiarum
3681 4413 3809 4467 mul-

2221 4506 2512 4562 titudinem
2544 4521 2665 4577 qua:
2714 4506 3018 4577 largissima
3049 4508 3308 4576 suppetit,
3364 4521 3475 4560 non
3526 4506 3805 4576 requiras;

2217 4602 2497 4672 quoniam,
2530 4602 2670 4656 sicut
2699 4601 2834 4670 dixi,
2872 4602 2924 4657 in
2969 4602 3157 4671 paucis
3188 4602 3297 4656 Deo
3324 4600 3559 4656 credere
3585 4614 3805 4656 consue-

2218 4696 2347 4751 tudo
2378 4695 2617 4751 ﬁdelium
2648 4705 2771 4761 est;
2806 4695 3128 4750 meminisse
3173 4703 3354 4750 autem
3390 4694 3655 4764 plurium,
3696 4692 3808 4747 dili-

2213 4791 2419 4861 gentia:
2448 4791 2619 4862 magis
2647 4805 2744 4861 per
2773 4805 2833 4846 se
2865 4790 3221 4861 proﬁcientis,
3243 4804 3408 4860 quam
3430 4789 3706 4855 docentis,
3732 4786 3806 4843 of-

2214 4883 2395 4939 ﬁcium
2426 4892 2529 4938 est.

2831 4975 3059 5034 CAPUT
3099 4975 3191 5032 IV.

2555 5070 2697 5139 Quid
2719 5070 2920 5127 Judteis
2944 5072 3357 5143 respondendum
3382 5075 3472 5128 sit.

2283 5164 2486 5218 Aron"
2520 5193 2591 5205 --
2624 5164 2744 5220 Jam
2795 5166 3017 5236 quidem
3067 5168 3301 5237 simplex
3355 5169 3597 5224 assertio
3649 5168 3799 5224 ﬁdem

2210 5256 2412 5313 fecerat
2463 5268 2710 5315 sanctum
2771 5261 3035 5330 Spiritum
3086 5276 3214 5317 vere
3266 5278 3329 5317 ac
3381 5265 3606 5333 prOprie
3638 5265 3795 5319 Deum

2207 5351 2399 5415 credi;
2456 5353 2555 5408 sed
2585 5354 2709 5424 quia
2759 5354 2972 5409 facilius
3021 5362 3107 5409 est
3158 5358 3511 5411 sermonibus
3562 5359 3795 5427 prtcbere

2205 5460 2533 5503 consensum
2562 5492 2577 5517 ,
2611 5465 2772 5520 quam
2821 5448 3155 5506 intellectum
3214 5451 3470 5508 sensibus
3520 5453 3789 5515 mutuari,

2207 5538 2436 5594 ﬁrmiter
2462 5547 2711 5613 oportuit
2757 5546 3071 5603 examinare
3117 5554 3393 5616 suscepta,
3445 5563 3512 5602 ac
3551 5547 3790 5603 volunta-

2328 5679 2571 5764 princjpii
2618 5687 2845 5764 nomine
2856 5686 3158 5764 designatur
3183 5688 3273 5758 qui
3297 5690 3390 5764 _de
3422 5702 3602 5764 semet
3644 5693 3750 5764 ipso
3769 5711 3787 5747 :

1536 5740 1754 5811 legitur,
1784 5740 1918 5815 ignis
1942 5752 2166 5824 praprii,
2197 5764 2265 5804 ex
2290 5740 2411 5806 cod.
2462 5740 2648 5824 L'em.,
2695 5760 2751 5812 in
2782 5758 2947 5814 editis
2971 5740 3247 5829 “corrupie
3296 5740 3598 5831 legebatur
3637 5740 3787 5833 iig'it;
