4060 6344
511 338 651 394 HIS

1799 337 1837 393 Ζ
1854 332 2114 396 \GCHIEI
2150 330 2541 396 σιιιιιετιΑιιι

3676 336 3803 401 lilii

514 469 581 505 cs
611 451 930 508 corumdem
956 453 1318 509 voluminibus
1345 454 1611 508 intimate:
1636 452 1772 508 adeo
1797 455 1947 509 clara
1973 455 2114 510 inte-
2142 456 2192 519 Α
2219 466 2397 528 pacem
2422 453 2718 533 (Nonum,
2741 453 2856 531 93).
2909 455 3066 516 Unde
3095 459 3363 530 intelligis
3397 473 3506 516 non
3555 461 3806 526 interesse

517 549 719 618 gritate
752 548 1086 617 perluceant,
1118 561 1172 603 ut
1197 551 1406 604 etiamsi
1437 552 1556 604 sine
1583 558 1861 606 assertore
1891 560 2116 627 percen-

507 652 661 710 ‘seas,
685 645 801 712 ipsa
830 657 890 698 se
908 644 1291 712 comprobent.
1322 640 1702 697 Verumtamen
1727 637 1925 714 quibus
1951 645 2114 700 iidem

517 730 691 788 Judaei
730 735 782 788 in
815 735 1091 790 diversnm
1135 742 1364 805 agantur
1393 735 1684 805 exemplis.
1749 734 1863 790 fieri
1914 738 2118 790 certior

517 839 780 897 cuperem
811 869 824 893 ,
878 841 974 883 nec
1017 829 1191 883 solum
1225 831 1396 885 rectis
1443 828 1540 884 sed
1573 830 1864 886 contrariis
1913 832 2120 900 pariter

522 917 784 981 edoceri:
811 921 1066 992 quoniam
1113 923 1204 976 illa
1237 922 1457 978 demum
1480 933 1864 978 consummata
1893 923 1998 978 dici
2021 923 2122 979 do-

524 1013 713 1068 ctrinae
756 1014 960 1069 veritas
989 1025 1194 1084 potest,
1219 1028 1342 1085 quae
1369 1015 1684 1072 errantibus
1713 1031 1819 1072 non
1847 1017 2024 1072 solum
2061 1015 2118 1072 in

521 1115 638 1174 quo
681 1107 878 1176 corrigi
911 1117 1170 1176 possunt,
1201 1123 1390 1164 verum
1417 1111 1582 1165 etiam
1615 1111 1664 1165 itt
1693 1121 1799 1180 quo
1825 1121 1921 1180 per
1944 1117 2124 1166 semet

520 1197 895 1269 depravantur
935 1201 1197 1258 ostendit.

601 1289 802 1347 ZACCK.
855 1321 925 1332 ——
980 1294 1312 1352 lnculcatum
1389 1297 1484 1353 tibi
1541 1299 1845 1370 saepissime
1895 1299 2121 1368 retines,

530 1397 702 1438 unum
737 1387 902 1440 Deum
927 1401 1080 1452 esse.
1107 1389 1210 1444 hoc
1240 1399 1329 1445 est
1359 1403 1521 1444 unam
1553 1390 1839 1446 Trinitatis
1869 1391 2124 1446 divinita-

529 1484 667 1542 tem,
699 1485 756 1532 et
799 1478 852 1534 in
881 1479 1041 1549 hujus
1071 1483 1322 1538 vocabuli
1362 1484 1732 1555 appellatione
1773 1484 2128 1556 signiﬁcatio-

532 1587 656 1628 nem
682 1575 842 1631 unius
865 1575 1211 1644 substantim,
1238 1597 1346 1637 non
1375 1584 1536 1638 unius
1559 1595 1684 1639 esse
1712 1595 1961 1654 personae
1987 1601 1999 1613 ·
2030 1584 2125 1640 sed

530 1666 640 1721 illis
667 1666 792 1722 hinc
822 1684 984 1726 error
1011 1675 1339 1745 occasioque
1365 1675 1608 1743 perfidia:
1635 1685 1736 1744 cst,
1769 1678 1910 1748 quod
1943 1677 2042 1732 silzi
2071 1679 2126 1732 in

533 1755 917 1816 Horcbmonte
941 1760 1035 1816 Dei
1060 1765 1280 1818 vocibus
1301 1765 1414 1820 lttec
1435 1766 1726 1821 dicantur:
1753 1767 1916 1833 Audi,
1939 1766 2127 1836 Israel,

2221 550 2644 608 indissociabills
2699 559 2864 624 atque
2894 553 3318 611 indemulabilis
3347 555 3481 621 Dei,
3537 555 3583 610 si
3614 569 3717 611 non
3744 555 3804 611 ad

2219 659 2412 701 omnes
2442 649 2834 703 sententiarum
2893 650 3264 719 proprietates
3291 651 3548 705 humanae
3579 649 3808 704 efﬁcien-

2221 742 2309 795 tia:
2341 743 2507 796 verba
2549 743 2897 812 conspirent;
2925 753 3051 799 cum
3093 743 3337 798 evidenti
3372 743 3616 798 ﬁdelium
3663 741 3814 796 intel-

2223 833 2391 889 lectui
2417 835 2485 888 sit
2517 836 2767 890 relictum
2789 877 2804 901 ,
2865 843 2926 890 ut
2969 837 3111 906 quod
3135 837 3319 891 creari
3351 852 3380 890 a
3414 835 3528 890 Deo
3557 835 3643 889 vel
3681 834 3812 890 el'lici

2223 927 2453 995 dicitur,
2477 930 2560 1001 agi
2593 938 2649 985 et
2685 929 2827 986 eiiici
2860 943 3079 1002 semper
3106 945 3135 985 a
3163 929 3443 986 'l‘rinitate
3473 929 3746 985 credatur.

2839 1019 3074 1079 CAPUT
3117 1023 3204 1078 Ἠ.

2226 1114 2287 1170 Si
2317 1111 2605 1169 Demittij
2638 1115 2896 1184 passionis
2943 1121 3272 1168 sacramenta
3299 1111 3672 1185 prophetarum
3701 1123 3817 1166 orti-

2726 1209 2859 1264 culis
2889 1217 3009 1264 sunt
3046 1209 3320 1281 prtedicta.

2298 1302 2497 1358 APOLL.
2513 1327 2586 1344 ο·-
2603 1302 2951 1374 Specialibus
2981 1302 3323 1358 documentis
3337 1297 3546 1358 Christi
3578 1299 3820 1354 nativita‘s

2227 1396 2278 1451 in
2313 1397 2428 1452 Deo
2457 1407 2514 1451 et
2545 1397 2771 1451 homine
2792 1405 3094 1452 monstrata
3121 1405 3232 1464 est,
3264 1406 3430 1467 atque
3460 1393 3822 1450 indubitanter

2229 1491 2485 1560 apparuit
2511 1487 2775 1559 Spiritum
2808 1501 3054 1544 sanctum
3075 1490 3128 1543 in
3146 1488 3341 1544 eadem
3371 1487 3684 1542 substantia
3712 1499 3820 1556 per-

2231 1590 2546 1638 manentem
2576 1590 2987 1637 sacramentum
3019 1578 3280 1652 perfectte
3319 1577 3616 1634 Trinitatis
3647 1577 3823 1646 imple-

2232 1691 2312 1732 re.
2361 1676 2520 1733 Unde
2566 1689 2710 1731 nunc
2747 1675 2962 1743 eadem,
3019 1675 3064 1728 si
3105 1671 3376 1744 suppetit,
3420 1671 3822 1741 Scripturarum

2229 1772 2470 1828 editione
2513 1770 2809 1836 conllrma,
2861 1778 3043 1824 utrum
3074 1777 3129 1824 et
3155 1768 3454 1822 liomimcm
3487 1764 3671 1820 crucis
3695 1774 3826 1833 pra:-

529 1852 787 1908 Dominus
819 1856 959 1910 Dens
985 1867 1127 1924 tuus,
1161 1859 1302 1914 Deus
1346 1877 1480 1916 unus
1529 1873 1604 1917 est
1633 1861 1815 1935 (Deut.
1847 1879 1919 1930 vt,
1951 1863 2032 1936 4).
2063 1863 2126 1920 Et
2160 1854 2206 1914 Β
2233 1865 2380 1921 diota
2411 1863 2483 1920 ‘sit
2510 1865 2718 1935 passio,
2739 1862 2823 1917 vel
2857 1864 2900 1916 si
2933 1861 2988 1916 in
3015 1861 3197 1931 aliquo
3223 1861 3360 1930 legis
3379 1859 3586 1913 veteris
3608 1867 3829 1926 corpore

531 1944 726 2000 iterum
747 1964 762 2002 :
781 1946 892 2019 Ego
913 1948 1072 2018 Deus,
1089 1961 1136 2005 et
1155 1962 1341 2022 praeter
1360 1971 1440 2011 me
1454 1955 1592 2011 Deus
1614 1973 1717 2012 non
1742 1957 2016 2029 est(Ibid.,
2034 1957 2125 2029 5‘2,

533 2037 648 2110 59).
683 2039 749 2094 Et
777 2043 940 2096 tertio
972 2057 984 2096 :
1031 2043 1140 2114 Ego
1169 2043 1312 2101 Deus
1333 2091 1347 2115 ,
1383 2057 1428 2102 et
1460 2065 1564 2103 non
1594 2050 1832 2104 dcmutor
1867 2050 2126 2122 (Malach.

535 2133 703 2202 tu,6);
727 2133 949 2205 gloriam
972 2151 1138 2190 meam
1161 2141 1315 2193 alteri
1341 2157 1442 2194 non
1465 2141 1748 2213 dabo(lsa.
1770 2157 1900 2209 χιιι,
1916 2143 1993 2214 8).
2010 2143 2127 2199 Non

533 2223 721 2294 utique
747 2226 906 2295 nulli,
928 2229 1026 2284 sed
1047 2244 1158 2285 non
1181 2233 1341 2287 alteri
1361 2247 1375 2299 ;
1403 2233 1454 2288 id
1486 2245 1592 2299 est,
1611 2236 1736 2290 huic
1765 2244 1971 2291 tantum
1988 2237 2130 2294 dabo

531 2330 628 2387 per
656 2331 818 2388 quem
843 2321 997 2378 vobis
1038 2325 1108 2378 ab
1153 2326 1312 2380 initio
1358 2329 1618 2383 amiss:tm
1653 2330 2129 2386 immortalitatem

536 2412 591 2466 in
625 2414 822 2471 melius
853 2418 1098 2488 reparari
1129 2421 1180 2474 in
1207 2421 1688 2489 pra'dcstinatiouc
1719 2423 2012 2479 constitui:
2045 2423 2134 2480 de-

537 2509 734 2562 mutari
762 2520 946 2566 autem
977 2525 1111 2568 vere
1152 2529 1257 2569 non
1285 2524 1485 2585 potest,
1514 2516 1606 2587 qtti
1628 2517 1974 2586 dispendium
2003 2531 2135 2590 aug-

533 2610 890 2672 mentumque
913 2621 1018 2658 non
1047 2605 1264 2678 recipit.
1292 2607 1425 2662 Cum
1446 2624 1574 2664 vere
1605 2609 1705 2664 alia
1733 2608 1999 2666 Divinitas
2018 2625 2132 2668 non

537 2692 630 2760 sit,
673 2707 902 2750 necesse
941 2707 1024 2750 eet
1058 2705 1118 2751 ut
1167 2699 1310 2753 Deus
1338 2701 1481 2755 alius
1513 2718 1618 2756 non
1645 2703 1876 2759 dicatur.
1911 2704 2025 2760 Hoc
2055 2716 2136 2758 ta-

533 2798 662 2840 men
690 2784 894 2843 Iudaeis
916 2789 983 2845 de
1007 2789 1214 2846 unitate
1237 2792 1550 2849 Divinitatis
1583 2809 1690 2851 non
1727 2805 2006 2868 tamquam
2040 2811 2134 2852 ne-

537 2879 844 2936 scientibus
877 2879 1084 2938 dictum
1115 2895 1229 2950 est,
1294 2887 1388 2941 sed
1429 2887 1496 2942 ad
1533 2887 1677 2943 idola
1713 2889 2136 2960 tranSgressuris

541 2972 884 3043 praedictum,
915 2991 984 3034 ne
1012 2976 1148 3034 deos
1179 2980 1385 3037 scilicet
1419 2989 1512 3037 aut
1532 2983 2026 3055 interpretarentur
2044 2995 2140 3040 aut

535 3067 810 3135 colerent,
858 3073 951 3142 qui
986 3085 1150 3128 unum
1183 3074 1235 3129 in
1259 3083 1286 3112 ι
1317 3076 1624 3132 substantia
1658 3087 1709 3133 et
1739 3079 2024 3149 majestate
2046 3091 2142 3134 co-

538 3163 1039 3229 gnoscerentJllud
1071 3175 1344 3236 prteterea
1369 3171 1576 3224 clarum
1604 3175 1708 3239 est,
1736 3185 1860 3227 cum
1896 3171 2038 3227 Deus
2069 3169 2139 3228 de

2234 1959 2565 2015 veneranda:
2595 1959 2792 2014 murtls
2814 1958 3011 2012 indicia
3039 1963 3454 2026 pracnotantur;
3491 1963 3550 2007 ut
3575 1952 3829 2007 sollicitu-

2231 2055 2362 2112 dine
2395 2067 2690 2126 parumper
2717 2051 2926 2108 indulta
2951 2091 2966 2117 ,
3027 2051 3167 2106 hanc
3197 2049 3437 2120 denique
3481 2047 3626 2102 sacri
3655 2048 3830 2116 opEris

2235 2158 2448 2220 partem
2475 2147 2614 2202 ordo
2643 2156 2843 2216 emptae
2875 2143 3204 2202 eruditionis
3236 2143 3499 2204 illustret,
3547 2147 3710 2209 quam
3737 2136 3829 2191 du-

2235 2244 2366 2299 dum
2399 2241 2674 2312 simplicis
2707 2240 3019 2296 traditionis
3042 2236 3360 2293 informatio
3388 2233 3681 2290 revelavit.

2303 2335 2504 2392 Zsccu.
2533 2363 2603 2376 -—
2637 2335 2728 2389 Est
2759 2332 2918 2405 plane
2963 2332 3206 2387 omnium
3256 2329 3674 2399 Scripturat-um
3733 2339 3831 2381 non

2237 2429 2411 2485 solum
2458 2427 2526 2484 de
2555 2429 2815 2498 passione
2838 2469 2852 2492 ,
2897 2439 3085 2482 verum
3115 2425 3285 2478 etiam
3313 2423 3384 2478 de
3431 2423 3833 2478 resurrectione

2237 2523 2469 2596 caelique
2493 2539 2804 2580 conscenso
2829 2528 3017 2591 aperta
3052 2517 3399 2591 prtedicatio,
3418 2527 3582 2587 atque
3605 2515 3657 2570 in
3689 2515 3834 2570 nobis

2238 2609 2334 2674 Dei
2365 2627 2594 2689 regnum
2627 2631 2654 2670 a
2705 2613 2912 2669 Christi
2951 2613 3204 2683 pssione
3253 2618 3564 2678 coepturum
3612 2605 3829 2676 prtescil

2239 2712 2625 2781 prophetarum
2659 2723 2751 2761 ora
2784 2709 3123 2763 cecinerunt.
3157 2701 3328 2757 David
3367 2712 3481 2772 pm
3513 2700 3734 2755 caeteris
3761 2699 3833 2755 sic

2237 2804 2498 2874 loquente
2532 2819 2544 2856 :
2597 2801 2766 2856 Dicite
2795 2803 2848 2854 in
2876 2795 3130 2873 gentibus,
3181 2792 3328 2851 Deus
3369 2795 3605 2867 regnavit
3635 2811 3667 2847 a
3698 2793 3829 2866 ligno

2240 2898 2360 2971 (Ps.
2389 2911 2510 2962 xcv,
2545 2896 2660 2968 10).
2720 2895 2836 2950 Non
2879 2894 3021 2965 quod
3053 2905 3160 2948 non
3206 2905 3434 2960 semper
3463 2905 3493 2944 a
3529 2887 3834 2945 conditione

2243 3001 2428 3047 nostra
2459 2992 2559 3047 sub
2593 2990 2688 3046 Dei
2722 2988 2956 3061 imperio
2995 2988 3301 3051 fuerimus;
3350 2984 3447 3040 sed
3479 2982 3744 3055 quamdiu
3775 2980 3836 3035 ab

2243 3089 2360 3158 ejus
2389 3084 2536 3143 cultu
2560 3101 2622 3141 ac
2645 3084 2926 3140 Voluntate
2953 3082 3343 3145 dissensimus,
3372 3078 3632 3134 testimali
3657 3087 3836 3131 sumus

2244 3183 2434 3238 alieni.
2456 3178 2612 3238 Unde
2636 3185 2691 3236 et
2713 3179 2929 3251 Moyses
2949 3175 3273 3248 pra‘dictum
3309 3175 3578 3246 populum
3612 3171 3838 3244 prophe-

543 3256 734 3310 mundi
769 3268 823 3312 et
869 3258 1104 3314 hominis
1132 3265 1414 3318 creatione
1443 3263 1786 3336 disponeret,
1826 3279 2143 3323 sacramen-
2165 3249 2211 3312 Ο
2249 3277 2356 3331 tice
2386 3277 2637 3342 increpat
2661 3249 2876 3328 dior-ns:
2936 3271 3051 3326 Erit
3077 3267 3302 3344 pendens
3328 3271 3436 3324 vim
3460 3278 3551 3323 tua
3581 3278 3700 3322 ante
3721 3282 3836 3321 ocu-

545 3357 658 3404 ttttn
683 3350 970 3408 Trinitatis
999 3364 1304 3423 OStensum,
1333 3358 1618 3428 Scriptura
1647 3359 1891 3415 dicente:
1919 3357 1986 3413 Et
2011 3360 2142 3416 dixit

549 3440 683 3496 Deus
707 3458 724 3497 :
748 3440 1033 3499 Faciamus
1055 3445 1315 3510 hominem
1340 3450 1409 3502 ad
1450 3451 1729 3522 imaginem
1759 3462 1804 3506 et
1834 3449 2140 3508 similitudi-

545 3548 661 3586 nem
687 3545 917 3589 nostram
947 3535 1101 3610 (Gen.
1129 3553 1168 3607 ι,
1197 3537 1316 3610 26).
1340 3539 1471 3596 Cum
1496 3543 1631 3597 dicit
1669 3551 1926 3611 nostram,
1963 3545 2146 3615 prodit

549 3627 738 3696 utique
763 3643 873 3684 non
900 3632 1093 3696 unius;
1127 3647 1249 3687 cum
1274 3649 1407 3689 vero
1437 3638 1506 3689 ad
1531 3638 1809 3709 imaginem
1838 3647 1882 3692 et
1904 3640 2146 3695 similitu-

547 3718 721 3773 dinem
754 3721 990 3791 profert,
1043 3725 1407 3795 mqttalitatetn
1464 3730 1730 3785 distinctit
1756 3732 1840 3786 uis
1881 3733 2144 3801 insinuat,

551 3821 609 3865 ιιι
640 3817 693 3866 in
719 3813 912 3869 eodem
938 3831 1108 3886 opere
1141 3820 1216 3873 sit
1243 3819 1529 3878 Trinitatis
1556 3833 1747 3894 aperta
1788 3827 2054 3898 cognitio,
2089 3827 2141 3884 iu

545 3917 656 3975 qua
671 3919 772 3962 nec
801 3909 1198 3978 pluritascassa
1225 3924 1331 3983 est,
1351 3931 1450 3972 nec
1476 3919 2144 3992 similitudodissentiens,

547 3999 679 4055 dum
707 4011 763 4058 et
793 4010 1188 4078 consequentia
1220 4011 1300 4065 sic
1327 4011 1653 4068 traduntur:
1715 4015 1779 4069 Et
1811 4016 1943 4071 dixit
1973 4015 2144 4073 Deus:

553 4092 678 4150 Fiat
707 4111 727 4151 :
749 4105 824 4164 ct,
858 4095 1007 4154 Fecit
1034 4099 1215 4157 Deus:
1245 4112 1318 4171 et,
1350 4103 1623 4162 Benedixit
1655 4106 1814 4165 Deus.
1844 4111 1986 4166 Deus
2017 4125 2149 4183 ergo

553 4189 714 4246 Pater
749 4191 994 4249 facienda
1033 4196 1346 4266 denuntiat,
1382 4199 1560 4258 Filius
1591 4205 1805 4274 perlicit
1829 4207 1992 4272 dicta,
2021 4207 2147 4277 Spi-

553 4283 691 4340 ritus
731 4300 959 4345 sanctus
1010 4292 1394 4351 benedictione
1445 4297 1770 4355 conﬁrmat:
1821 4311 1876 4356 et
1927 4315 2151 4359 necesse

550 4387 656 4445 est,
675 4388 731 4435 ut
758 4383 1060 4439 creationis
1090 4387 1256 4441 totius
1281 4389 1632 4448 auctorDeus
1648 4407 1784 4449 unus
1813 4394 1904 4459 sil,
1932 4396 2150 4452 tametsi

549 4479 636 4527 est
661 4475 996 4532 enuntiantis
1024 4492 1209 4534 sermo
1251 4481 1566 4540 Faciamus:
1626 4497 1786 4556 quam
1821 4486 1946 4544 lidei
1987 4492 2152 4546 ratio-

2247 3370 2323 3423 Ios
2349 3378 2482 3435 tuos,
2514 3379 2560 3422 et
2584 3366 2783 3421 timebis
2805 3367 2889 3421 die
2913 3377 2974 3419 oc
3001 3374 3163 3433 nocte,
3191 3373 3237 3417 ct
3263 3380 3365 3417 non
3394 3362 3575 3417 credes
3603 3363 3722 3416 vita:
3748 3369 3838 3414 tua

2247 3459 2428 3535 (Deut.
2458 3475 2650 3526 xxrtn,
2697 3459 2813 3530 66).
2855 3459 2933 3515 De
2963 3473 3072 3529 quo
3100 3469 3150 3513 et
3180 3451 3236 3510 in
3290 3451 3548 3510 Numeris
3579 3453 3653 3509 ita
3680 3453 3838 3522 scrip-

2247 3563 2360 3609 tum
2389 3563 2505 3610 est:
2541 3550 2660 3608 Non
2685 3553 2837 3625 quasi
2860 3551 3010 3605 homo
3042 3549 3178 3603 Deus
3197 3548 3560 3619 suspenditur,
3584 3563 3679 3600 nec
3705 3544 3837 3616 quasi

2251 3647 2391 3717 filius
2438 3645 2664 3700 hominis
2695 3646 2860 3699 minas
2887 3644 3080 3715 patitur
3110 3639 3300 3712 (Num.
3352 3649 3508 3703 XXIII,
3541 3639 3656 3710 i9).
3713 3637 3837 3692 Vere

2250 3739 2392 3793 enim
2420 3739 2472 3792 in
2503 3751 2567 3793 ea
2598 3736 3024 3807 exprobratione
3061 3732 3206 3805 quod
3238 3748 3297 3788 se
3327 3731 3422 3788 Dei
3455 3729 3655 3786 Filium
3704 3729 3839 3784 dice-

2252 3841 2356 3900 ret,
2382 3837 2572 3887 cuncta
2624 3841 2920 3902 perpessus
2960 3837 3078 3892 est,
3121 3835 3174 3883 et
3204 3839 3312 3882 nun
3344 3834 3405 3881 ut
3432 3824 3601 3880 homo
3633 3823 3660 3862 ι)
3693 3824 3839 3878 datus

2253 3939 2335 3984 est
2389 3923 2579 3993 morti,
2612 3943 2778 3998 quem
2809 3941 2915 3980 non
2944 3939 2970 3978 a
3004 3923 3235 3980 crimine
3284 3933 3419 3978 crux
3459 3919 3688 3990 recepit.
3744 3915 3841 3971 Per

2253 4023 2422 4080 Amos
2447 4037 2576 4079 vero
2611 4020 2929 4092 proitltctam
2974 4013 3214 4089 Spiritus
3245 4013 3487 4084 loquitur
3527 4012 3620 4068 die
3653 4007 3837 4066 media.

2253 4119 2395 4172 sicut
2421 4115 2624 4170 factum
2653 4112 2815 4170 estin
2848 4113 3101 4182 passione
3130 4107 3300 4173 illius,
3333 4115 3553 4162 noctem
3585 4104 3837 4169 futuram;

2253 4209 2326 4264 ait
2358 4208 2533 4264 Cirim:
2568 4205 2636 4261 Et
2655 4207 2751 4261 erit
2775 4206 2829 4259 in
2855 4203 2939 4260 die
2968 4203 3082 4270 illa,
3111 4199 3235 4256 dicit
3249 4199 3527 4264 Dominus,
3557 4199 3753 4253 occidet
3773 4195 3842 4250 toi

2253 4299 2488 4369 meridie,
2544 4311 2567 4338 ο
2615 4311 2662 4356 et
2703 4299 2811 4354 dies
2843 4298 2972 4353 lucis
3021 4292 3434 4352 obtenebrabitur
3484 4307 3641 4363 super
3669 4299 3841 4344 terrain

2256 4393 2436 4466 (Amos
2466 4409 2579 4459 vut,
2603 4394 2677 4465 9).
2713 4391 2784 4448 Et
2814 4391 3150 4448 Hieremias:
3187 4387 3454 4443 Exterrita
3489 4390 3563 4442 est
3611 4397 3727 4458 quae
3754 4393 3839 4455 pti-

2255 4493 2342 4562 rit,
2362 4502 2408 4547 et
2439 4493 2605 4546 timuit
2627 4491 2802 4545 animo
2825 4491 2960 4563 ejus.
2996 4487 3166 4544 Subiit
3195 4485 3296 4552 sol,
3321 4497 3435 4540 cum
3457 4482 3634 4538 adhuc
3658 4480 3841 4536 medias

554 4579 675 4620 nem
703 4569 922 4640 antiqua
947 4569 1180 4643 denique
1204 4575 1536 4649 perMoyseu
1555 4579 1862 4637 benedictio
1889 4584 2078 4652 pandit
2099 4593 2156 4640 et
2180 4644 2224 4656 ﬁ
2257 4586 2364 4640 dies
2393 4595 2520 4639 esset
2546 4629 2560 4653 ,
2622 4595 2669 4639 et
2692 4588 2913 4656 confusa
2941 4594 3013 4638 est
3047 4579 3262 4653 (Jerem.
3297 4595 3386 4646 sv,
3418 4574 3498 4646 9).
3530 4574 3648 4631 Sub
3678 4569 3843 4629 verbis

552 4663 910 4731 comprobat,
960 4679 1065 4735 qua
1103 4644 1435 4726 benedicere
1489 4658 1747 4742 populum
1807 4644 2154 4732 sacramento
2180 4644 2230 4704 D
2259 4689 2437 4735 autent
2461 4644 2633 4751 ipsius
2663 4644 2897 4743 Domini,
2928 4677 3091 4732 etiam
3125 4676 3519 4728 tormentorum
3545 4674 3711 4738 atque
3732 4667 3842 4721 illu-

552 4753 709 4808 trina:
739 4756 1099 4814 invocationis
1141 4761 1396 4831 iubetur;
1431 4766 1506 4820 ait
1537 4766 1681 4821 enim
1727 4767 1870 4823 Deus
1903 4768 1969 4825 ad
2003 4769 2151 4842 Moy-

555 4858 651 4901 sen
678 4865 690 4900 :
747 4849 836 4904 Sic
865 4851 1126 4909 benedices
1152 4855 1403 4927 populum
1427 4875 1595 4912 meum
1614 4903 1628 4926 ,
1667 4871 1724 4915 ut
1753 4869 1801 4916 et
1833 4875 1925 4934 ego
1948 4860 2157 4919 benedi-

557 4957 671 4995 cam
693 4941 844 4998 illos:
876 4943 1157 5000 Benedicat
1185 4958 1233 5002 te
1259 4947 1512 5006 Dominus
1535 4962 1580 5007 et
1605 4953 1862 5010 custodiat
1892 4967 1975 5012 le:
2023 4963 2068 5013 et
2091 4955 2155 5012 il-

559 5035 771 5090 luminet
795 5035 1050 5094 Dominus
1077 5042 1263 5111 faciem
1289 5059 1438 5098 suam
1472 5062 1627 5119 super
1649 5058 1717 5113 te,
1772 5059 1820 5104 et
1849 5051 2158 5106 misereatur

561 5131 634 5184 tui
657 5145 674 5183 :
704 5130 910 5188 attollat
935 5133 1186 5190 Dominus
1211 5138 1394 5208 faciem
1418 5155 1564 5194 suam
1585 5153 1737 5214 super
1768 5149 1836 5212 te,
1881 5151 1926 5197 et
1953 5144 2037 5198 det
2067 5144 2160 5200 tibi

637 5327 673 5398 ﬁ
690 5317 782 5377 Sic
802 5321 972 5398 codex
999 5320 1157 5377 Vind.
1188 5335 1242 5380 et
1272 5324 1459 5398 Lem.;
1492 5327 1641 5398 prior
1666 5327 1832 5385 editio
1857 5329 2162 5387 substantia:

565 5391 857 5462 majestate,
883 5394 1059 5449 minus
1089 5409 1259 5451 recte.
1296 5397 1436 5452 Infra
1468 5391 1532 5454 εἰ
1562 5401 1684 5456 cod.
1717 5400 1876 5456 Vind.
1910 5402 2158 5458 voculam

566 5463 659 5530 sic,
690 5479 810 5533 qua:
826 5464 1452 5542 deeratladscripsimus
1481 5473 1568 5526 ubi
1601 5473 1817 5542 legitur,
1849 5475 1925 5528 sic
1947 5474 2157 5529 benedi-

567 5548 654 5615 crs
689 5537 958 5615 pupulum.
1013 5537 1398 5615 Ejusdem___est
1442 5545 1584 5615 quod
1611 5537 1878 5600 edidimus
1922 5547 1976 5600 in
2002 5547 2108 5602 [ine
2140 5588 2158 5615 ,

567 5609 654 5678 agi
679 5614 725 5660 et
751 5608 896 5678 e/ﬁci,
927 5624 1048 5666 cum
1069 5611 1211 5665 edita
1245 5610 1356 5668 illic
1381 5608 1565 5667 mutila
1595 5624 1798 5670 8556M.

640 5681 670 5720 δ
701 5682 752 5735 Id
786 5701 836 5733 lli
891 5682 1036 5739 hunc
1083 5683 1258 5737 locum
1308 5687 1588 5744 annotavit
1632 5688 1945 5744 Aclterius:
1994 5687 2060 5743 Id
2093 5697 2168 5744 est

2259 4771 2432 4829 sinitis
2461 4773 2710 4838 injuriant
2738 4769 2928 4825 Esaias
2951 4766 3288 4838 apertissime
3315 4761 3841 4818 declaravitdicens:

2258 4862 2484 4922 Dorsum
2514 4883 2681 4922 meum
2712 4867 2862 4939 posui
2883 4867 2950 4919 ad
2975 4861 3204 4936 ﬂagella,
3265 4866 3308 4913 rt
3339 4857 3586 4912 iitaxilias
3625 4869 3762 4909 meus
3784 4851 3844 4905 ad

2258 4960 2482 5033 palmas,
2535 4969 2582 5015 et
2608 4960 2791 5032 faciem
2823 4973 2987 5014 meam
3023 4967 3125 5011 non
3155 4952 3313 5010 auem
3343 4965 3374 5008 a
3402 4949 3640 5021 [cditate
3681 4955 3846 5018 sputo-

2259 5069 2375 5108 rum
2403 5049 2542 5121 (Isu.
2573 5070 2626 5120 ι,
2659 5051 2736 5123 6).
2782 5047 2918 5107 Hinc
2947 5060 3000 5105 et
3022 5061 3118 5120 per
3151 5044 3316 5103 David
3343 5049 3469 5100 ante
3503 5043 3841 5114 pmdixerat:

2264 5141 2532 5200 Foderuut
2558 5159 2742 5200 manus
2783 5157 2924 5198 meas
2952 5147 2998 5197 et
3029 5142 3177 5213 pedes
3208 5149 3342 5193 utros
3366 5180 3382 5206 ,
3431 5139 3478 5192 et
3500 5133 3846 5191 dinumerare-

2268 5345 2298 5404 ξι
2323 5329 2526 5388 Jndmis
2565 5327 2769 5389 idcirco
2802 5343 2921 5387 esse
2969 5329 3128 5386 tnorti
3155 5327 3336 5383 datum
3357 5369 3370 5391 ,
3405 5324 3548 5397 quod
3579 5338 3640 5381 se
3675 5321 3764 5404 Dei
3787 5321 3841 5404 fio

2266 5403 2397 5458 lium
2426 5403 2654 5470 diceret.
2701 5417 2804 5461 nec
2819 5404 3140 5481 damnatum
3180 5414 3303 5481 esse
3332 5396 3649 5481 ιιι-φωτί,οε
3679 5396 3842 5481 bamb

2270 5491 2390 5542 nes,
2420 5492 2544 5532 cum
2577 5467 2702 5551 eum
2736 5477 2940 5551 nullius
2985 5473 3204 5551 admissi
3236 5470 3436 5541 piaculi
3488 5467 3842 5551 insiu'tulattttn

2269 5563 2399 5604 crux
2454 5549 2764 5617 receperit:
2821 5550 3003 5614 itaque
3030 5547 3078 5598 in
3116 5547 3598 5617 lmncconvenire
3631 5551 3842 5617 quae:

2269 5607 2633 5677 Numerorum
2668 5619 2807 5675 libro
2835 5607 2997 5687 supra
3025 5608 3500 5691 exscripsit_.Qu_od
3533 5625 3599 5664 eo
3631 5607 3746 5691 loco
3774 5607 3841 5661 lc-

2267 5692 2414 5762 gitur
2437 5693 2602 5747 atinas
2629 5693 2840 5764 patitur,
2872 5683 2976 5746 non
3005 5689 3199 5759 probat
3225 5684 3397 5739 codex
3423 5683 3643 5738 Lemov.
3674 5684 3722 5734 in
3749 5692 3843 5748 quo

579 5769 681 5807 non
707 5753 848 5829 quod
872 5753 1137 5829 hominem)
1154 5771 1210 5829 se
1237 5756 1448 5821 dicem,
1479 5759 1633 5812 morti
1657 5758 1805 5814 datm
1829 5771 1941 5816 est:
1965 5760 2084 5829 sed,
2109 5770 2170 5815 ut
2269 5753 2371 5818 vox
2400 5765 2570 5819 minus
2597 5753 2800 5817 antisse
2829 5753 2933 5817 est.

575 5838 773 5899 verum
809 5823 1016 5899 fatear,
1071 5828 1447 5899 mihiquidem
1495 5829 1612 5884 iure
1642 5831 2019 5899 interpretatio
2061 5823 2167 5886 non

597 5895 774 5973 placet
806 5895 907 5965 hoc
938 5900 1081 5968 enim
1111 5897 1292 5953 dicere
1313 5899 1533 5956 videtur
1563 5895 1872 5958 Zaocbteus.
1897 5903 2168 5960 Christum

2352 5846 2373 5874 ο
2430 5835 2485 5890 In
2514 5835 2627 5891 alio
2646 5838 2835 5889 codice
2867 5843 2912 5886 et
2944 5834 2997 5886 in
3024 5831 3107 5886 die
3132 5830 3243 5884 lux.
