4060 6344
313 316 449 372 illi

1502 315 1744 376 CONSUI
1758 320 1859 376 .TA
1872 314 2134 375 TN)le
2179 318 2308 376 LIB.
2353 320 2392 375 11
2406 361 2418 374 .

3465 317 3605 378 1118

308 446 426 486 τινα
458 433 696 486 uniuersa
745 449 859 486 ossa
891 449 1020 486 inca.
1083 432 1193 506 Ipsi
1221 451 1334 489 t'ero
1359 437 1811 490 consideraveruut
1859 441 1906 490 et
1936 439 1978 498 Α
2016 433 2265 491 Dominus
2297 433 2519 491 Domino
2551 447 2702 490 meo:
2748 433 2884 491 Sede
2927 453 2956 488 a
3008 436 3201 491 dextris
3251 438 3394 503 nteis,
3448 437 3608 494 donec

307 538 682 600 conspexerunt
705 541 804 582 me.
833 527 1131 584 Diviscrttttt
1160 528 1570 584 sibieestimenta
1596 539 1792 597 mea,et
1819 545 1909 584 su-

308 635 400 691 per
426 631 617 674 uestem
645 635 808 674 meum
833 621 1081 674 miserunt
1125 631 1312 674 sortem
1335 621 1457 692 (Ps.
1485 635 1598 688 XXI,
1629 623 1738 692 l7).
1772 622 1908 677 Nota

305 712 565 768 omnibus
588 727 754 767 causa
795 722 900 777 est,
953 728 982 767 ιι
1016 714 1281 769 militibus
1305 711 1395 784 qui
1419 727 1542 770 eum
1572 718 1719 770 cruci
1746 715 1911 771 dede-

271 847 274 852 .
304 813 450 870 rant,
473 815 686 861 vestem
719 805 864 860 illius
897 805 1064 860 fuisse
1081 804 1338 872 divisam,
1371 816 1424 860 et
1445 821 1608 860 unttm
1642 821 1705 861 ex
1736 808 1912 861 omni-

305 897 407 951 bus
461 897 810 952 vestimentis
846 905 872 932 ι
903 910 1027 952 esse
1063 905 1188 952 ante
1241 897 1504 967 judicium
1557 907 1702 953 sorte
1761 911 1910 953 tran-

301 991 562 1062 criptum.
581 991 738 1046 Aceti
754 990 1007 1046 similiter
1027 1001 1082 1046 et
1105 991 1248 1047 fellis
1269 992 1534 1048 admixtio
1561 1009 1720 1064 quam
1743 994 1906 1050 iidem

303 1082 478 1139 Judtei
511 1085 774 1154 pendenti
805 1087 855 1138 in
886 1098 1052 1139 cruce
1087 1085 1312 1139 Domino
1341 1086 1631 1152 dederunt,
1679 1103 1771 1155 per
1800 1087 1906 1142 Da-

302 1179 393 1231 vid
423 1177 590 1248 longe
610 1189 741 1234 ante
764 1178 1022 1248 prtedicta
1047 1189 1149 1244 est,
1170 1181 1247 1234 sic
1271 1179 1618 1247 loquentem:
1649 1179 1909 1234 Dederuut

302 1271 434 1324 milii
467 1273 520 1324 in
551 1287 718 1324 escam
747 1272 836 1341 fel,
891 1283 939 1325 et
971 1273 1024 1326 in
1071 1272 1157 1326 siti
1187 1289 1300 1324 mea
1331 1281 1632 1340 putaverunt
1662 1287 1740 1327 me
1765 1281 1908 1328 aceto

304 1361 429 1433 (Ps.
457 1379 651 1431 uvut,
683 1362 800 1434 εἰ).
832 1364 906 1420 Ita
942 1375 1000 1420 et
1042 1380 1140 1435 per
1170 1364 1486 1420 Zachariam
1513 1365 1581 1420 de
1625 1367 1907 1422 vulnerum

301 1462 606 1516 acerbitate
629 1468 966 1530 conquestus
986 1470 1072 1516 est
1093 1461 1318 1517 dicens:
1350 1459 1696 1517 lntuebuntur
1723 1464 1776 1515 in
1803 1477 1903 1528 me,

299 1570 454 1625 quem
478 1554 849 1624 transﬁrerunt
877 1553 1066 1627 (lacn.
1099 1568 1195 1618 xtl,
1233 1553 1345 1621 10).
1391 1555 1606 1611 Lancea
1649 1556 1791 1608 cnim
1826 1555 1902 1608 la.

301 1656 390 1702 tus
415 1648 567 1702 illius
587 1657 969 1716 penetrantes;
1001 1649 1130 1716 quia
1159 1649 1411 1719 frangere
1425 1661 1488 1703 os
1511 1649 1622 1714 jam
1650 1649 1906 1703 defuncto

301 1739 658 1795 smviettlibus
708 1754 816 1793 non
866 1739 1084 1802 licebat,
1139 1740 1284 1809 quod
1323 1740 1452 1793 olim
1485 1739 1650 1811 Moysi
1697 1741 1901 1795 dictum

2014 539 2202 602 ponam
2228 529 2466 584 inimicos
2521 540 2634 584 tuos
2686 526 2965 585 scabellum
3013 530 3202 604 pedum
3233 537 3438 587 tuorum
3483 529 3602 604 (Ps.

2011 635 2120 687 etx,
2147 621 2225 692 1).
2253 616 2391 677 Cum
2430 620 2614 692 igitur,
2648 631 2879 678 testante
2911 619 3200 694 propheta,
3248 622 3513 679 Dominus
3540 618 3605 680 ad

2014 710 2301 770 Dominum
2343 715 2414 769 sit
2460 712 2706 779 locutus;
2741 711 2829 769 cui
2871 710 3092 770 dubium
3145 725 3250 783 est,
3292 713 3436 787 quod
3471 711 3607 772 Filio

2013 806 2173 861 Pater
2205 809 2255 861 in
2279 805 2507 878 gloriam
2543 805 2839 861 divinitatis
2880 821 2944 862 ex
2994 807 3218 863 homine
3271 808 3606 876 transeunti,

2011 899 2260 956 cmlestis
2295 899 2484 970 judicii
2515 901 2818 971 potentiam
2875 915 2937 956 ac
2983 903 3092 956 vim
3143 901 3464 959 exercenda:
3497 917 3610 957 ma-

2007 989 2222 1060 jeslalis
2259 991 2513 1057 insinuet,
2561 989 2702 1047 sicut
2729 996 2845 1062 ipse
2878 994 2930 1048 in
2961 990 3258 1062 Evangelio
3285 990 3353 1049 de
3383 992 3489 1048 hoc
3514 1009 3609 1050 eo-

2011 1083 2133 1137 dem
2164 1085 2285 1138 ιι)ιό
2309 1083 2460 1148 dicit,
2497 1085 2629 1138 nulli
2659 1099 2914 1154 umquam
2940 1082 3275 1156 Angelorum
3301 1091 3394 1139 aut
3436 1084 3613 1141 homi-

2012 1188 2138 1230 num
2170 1177 2372 1231 dictum
2402 1177 2595 1246 fuisse,
2621 1185 2679 1233 ut
2701 1175 2766 1234 ad
2795 1176 2884 1234 Dei
2909 1177 3085 1234 Patris
3111 1178 3390 1235 dexteram
3409 1175 3609 1235 sedens

2011 1269 2283 1338 subjectos
2328 1271 2560 1341 pedibus
2606 1271 2840 1327 nominis
2903 1271 2986 1327 sui
3037 1273 3276 1328 calcaret
3324 1271 3613 1328 inimicos?

2013 1362 2166 1418 lluuc
2214 1363 2317 1418 sibi
2365 1364 2659 1420 Zacharias
2711 1377 2964 1421 astruens
3021 1363 3483 1434 demonstratum,
3531 1368 3611 1423 sie

2010 1454 2220 1508 locutus
2248 1464 2330 1509 est
2360 1471 2372 1508 :
2405 1454 2474 1509 Et
2518 1457 2737 1511 ostendit
2782 1454 2909 1511 mihi
2936 1456 3186 1512 Dominus
3216 1453 3402 1510 Iesum
3426 1472 3603 1512 sacer-

2008 1550 2178 1602 dotem
2241 1548 2393 1603 illum
2447 1563 2696 1622 magnum
2745 1560 2963 1606 stantem
3015 1560 3137 1607 ante
3190 1553 3378 1624 faciem
3426 1551 3611 1623 Angeli

2010 1640 2256 1707 Domini;
2283 1652 2331 1696 et
2360 1642 2603 1697 diabolus
2633 1644 2803 1698 stabat
2823 1645 2891 1699 ad
2917 1645 3185 1700 dexteram
3205 1645 3321 1710 eius
3342 1644 3612 1700 aduersari

2009 1735 2074 1788 ei.
2112 1733 2172 1787 Et
2205 1734 2336 1788 dixit
2363 1734 2622 1790 Dominus
2652 1736 2722 1789 ad
2746 1737 3057 1791 diabolum:
3085 1733 3323 1808 Increpet
3357 1735 3612 1793 Dominus

306 1835 482 1889 fuerat
522 1835 927 1906 impleverunt;
959 1836 1038 1890 ait
1063 1836 1207 1889 enim
1242 1835 1500 1889 Dominus
1526 1833 1593 1889 ad
1620 1836 1859 1906 Moysem
1887 1853 1900 1888 :
1935 1839 1979 1900 Β
2009 1828 2061 1880 in
2087 1828 2392 1894 te,dittbole,
2410 1830 2638 1902 increpet
2662 1830 2918 1885 Dominus
2945 1832 2996 1886 in
3030 1839 3096 1892 te.
3125 1833 3211 1903 qui
3239 1829 3391 1903 elegit
3415 1831 3617 1888 Hieru-

299 1927 569 1999 Accipient
598 1943 791 2002 agnum
812 1938 1074 1982 maturum
1117 1927 1420 1983 anniculam
1450 1928 1515 1982 ob
1547 1929 1698 1998 agnis
1729 1940 1774 1982 et
1799 1927 1908 1982 lue-

303 2021 407 2082 dis,
440 2032 491 2075 et
517 2005 712 2077 occidet
735 2038 848 2076 eum
875 2024 1044 2077 omnis
1083 2024 1363 2077 multitudo
1391 2037 1669 2095 synagoga:
1696 2024 1765 2078 ad
1795 2041 1906 2083 oea-

303 2130 508 2186 perum,
543 2126 590 2170 et
623 2115 1011 2170 manducabunt
1041 2130 1100 2170 ea
1126 2126 1276 2171 nocte
1301 2132 1319 2181 ,'
1356 2127 1404 2171 et
1435 2131 1493 2170 os
1522 2102 1625 2171 non
1657 2113 1907 2188 frangetis

302 2223 367 2262 ea:
385 2225 446 2262 eo
487 2207 685 2280 (Exod.
734 2220 822 2277 ut,
852 2209 954 2265 ὅθι
983 2211 1141 2280 seq.).
1193 2210 1456 2266 Latrones
1511 2210 1746 2280 denique
1785 2221 1907 2264 sus-

305 2301 558 2371 pensioni
603 2301 721 2370 eius
749 2316 872 2356 esse
896 2300 1211 2372 iungendos
1261 2303 1498 2371 Spiritus
1530 2303 1902 2373 prophetavit,

301 2395 528 2448 dicens:
562 2391 630 2446 Et
661 2393 1140 2466 deputabitur'cum
1168 2396 1354 2466 iniquis
1381 2395 1519 2468 (lsa.
1547 2409 1659 2460 Lttt,
1687 2394 1796 2462 12).
1830 2395 1906 2450 De

304 2488 557 2557 pactione
598 2502 732 2542 vero
760 2488 995 2543 infelicis
1034 2487 1208 2554 Juda-,
1251 2490 1340 2559 qui
1374 2502 1514 2543 unus
1537 2503 1605 2543 ex
1641 2487 1906 2558 apostolis

305 2581 426 2646 luit,
456 2592 510 2636 ct
531 2579 875 2636 Salvaturem
900 2584 1141 2651 acceptis
1170 2583 1395 2652 triginta
1425 2583 1703 2651 argenteis
1732 2579 1900 2634 tradi-

302 2676 404 2740 dit,
451 2675 590 2729 adeo
627 2674 913 2745 Scriptura
957 2690 1068 2730 non
1117 2681 1306 2743 tacuit,
1347 2687 1404 2731 ut
1437 2677 1656 2731 modum
1689 2691 1906 2746 quoque

305 2768 548 2837 poettniu:
577 2766 910 2838 designaret,
953 2768 1029 2821 ait
1065 2769 1248 2823 enim:
1303 2769 1372 2822 Et
1403 2773 1634 2838 fecerunt
1683 2770 1904 2839 pretium

302 2862 591 2933 appreciati
623 2864 838 2933 triginta
875 2872 1149 2937 argenteos
1179 2863 1399 2935 (Zacclt.
1435 2881 1509 2928 xl,
1557 2865 1668 2933 15).
1698 2865 1792 2919 liis
1816 2871 1904 2919 te—

302 2955 579 3009 stimoniis
603 2956 914 3025 passionem
945 2957 1206 3026 probasse
1235 2956 1493 3012 sufﬁciat.

373 3049 523 3102 Nunc
563 3062 696 3104 vero
736 3051 1192 3107 resurrectionem
1243 3051 1346 3106 sub
1385 3051 1556 3121 ipsius
1593 3050 1902 3105 Salvatoris

299 3141 482 3195 verbis
506 3141 572 3194 ad
603 3140 818 3198 Patrem
855 3143 1126 3214 loquentis
1165 3157 1424 3213 agnosce,
1478 3141 1645 3196 David
1699 3143 1894 3206 plvuis-

2007 1922 2188 1974 salem.
2218 1922 2404 1975 Nonne
2427 1921 2511 1975 hic
2542 1923 2656 1976 titio
2684 1931 2947 1980 extractus
2969 1942 3030 1979 ea:
3058 1925 3165 1996 igni
3195 1935 3268 1981 est
3291 1925 3480 1998 (Zaclt.
3512 1937 3603 1995 ιιι,

2011 2016 2180 2088 1,2)?
2208 2016 2261 2071 ld
2292 2025 2398 2082 est,
2433 2018 2695 2087 numquid
2731 2033 2839 2074 non
2875 2031 3092 2088 peracta
3122 2023 3232 2090 jam
3264 2019 3447 2092 passio
3474 2029 3598 2092 est,

2005 2121 2081 2176 et,
2141 2109 2381 2165 hominis
2433 2111 2728 2182 fragilitate
2773 2113 3044 2183 deposita,
3100 2126 3342 2184 potestas
3390 2117 3613 2174 Christo

2007 2204 2342 2275 sempiterna
2367 2203 2670 2260 successit?
2696 2205 2880 2260 Daniel
2905 2219 3122 2278 quoque
3147 2209 3294 2278 paria
3324 2207 3391 2264 de
3414 2211 3612 2268 eodetn

2010 2299 2299 2368 proferens
2335 2301 2451 2353 ait:
2493 2297 2743 2354 Videbam
2769 2316 2787 2355 :
2817 2313 2929 2355 ecce
2955 2303 3010 2355 in
3041 2301 3258 2357 nubibus
3303 2303 3419 2358 cteli
3463 2307 3615 2375 quasi

2008 2392 2148 2462 ﬁlius
2177 2393 2403 2448 hominis
2447 2401 2582 2448 venit
2632 2409 2792 2461 usque
2826 2394 2895 2448 ad
2939 2393 3171 2450 Veterem
3220 2396 3421 2452 dierum
3455 2414 3474 2453 :
3522 2400 3612 2469 qui

2004 2487 2310 2540 assistebant
2337 2487 2637 2541 obtulerunt
2659 2501 2795 2552 cum,
2820 2498 2867 2542 et
2885 2484 3010 2541 data
3031 2497 3104 2543 est
3131 2490 3174 2543 ei
3196 2498 3419 2562 potestas
3441 2492 3605 2562 regia,

2007 2588 2051 2633 et
2083 2581 2249 2634 omnis
2279 2589 2438 2644 terra,
2469 2591 2519 2635 et
2548 2595 2732 2654 genus,
2786 2589 2834 2636 et
2883 2581 3053 2637 omnis
3094 2585 3306 2640 claritas
3349 2587 3614 2642 servient:

2006 2684 2051 2728 et
2100 2686 2324 2746 potestas
2353 2679 2469 2747 ejus
2503 2684 2725 2744 potestas
2772 2689 2985 2744 (eterna,
3034 2691 3148 2750 qua:
3178 2695 3280 2734 non
3308 2683 3611 2751 auferetur;

2005 2777 2052 2820 et
2081 2782 2296 2838 regnum
2329 2766 2477 2821 illius
2505 2783 2606 2822 non
2634 2778 2995 2842 corrumpetur
3029 2767 3190 2842 (Dan.
3227 2785 3324 2838 vti,
3367 2771 3458 2841 15,
3493 2769 3608 2842 14).

2008 2861 2132 2915 ΙΙειιο
2183 2864 2362 2929 itaque
2413 2861 2588 2916 Juda'i
2638 2863 2868 2918 audiunt
2898 2873 2954 2919 et
2980 2875 3303 2920 recensent:
3337 2873 3614 2922 noverunt

2006 2955 2128 3019 ista,
2162 2967 2262 3009 nec.
2295 2962 2476 3010 tamen
2503 2955 3064 3020 ereduutChristum,
3097 2970 3258 3027 quem
3291 2974 3318 3010 a
3355 2957 3604 3025 patrihus

2003 3048 2308 3116 ahjuratum
2338 3059 2450 3102 non
2483 3049 2770 3104 nesciunt:
2809 3048 2904 3105 sed
2957 3049 3172 3105 nescire
3210 3063 3270 3104 se
3321 3050 3604 3117 simulant,

2004 3141 2130 3194 dum
2170 3140 2242 3193 ita
2290 3151 2508 3212 semper
2555 3143 2718 3197 etiam
2765 3143 2818 3195 in
2869 3143 3061 3199 eadetn
3107 3156 3265 3213 quam
3311 3139 3608 3211 praeferunt

296 3239 438 3294 sime
470 3240 840 3309 pertlocente:
881 3241 999 3296 Non
1031 3241 1351 3312 dei-elingues
1395 3243 1626 3296 animam
1653 3257 1818 3296 meant
1845 3243 1895 3296 in
1925 3227 1971 3292 (Ζ
2006 3234 2120 3303 lege
2167 3233 2445 3300 vixerunt,
2493 3243 2553 3290 ut
2583 3235 2634 3289 id
2670 3236 2811 3304 quod
2854 3234 3012 3290 labiis
3061 3233 3385 3302 faterentur,
3437 3231 3603 3289 corde

297 3333 526 3402 inferno,
564 3347 654 3386 nec
679 3334 824 3388 dabis
863 3343 1099 3388 sanctam
1133 3345 1276 3389 tuum
1302 3335 1474 3388 videre
1515 3337 1894 3407 corruptionem

296 3425 416 3496 (Ps.
446 3441 534 3493 xv,
577 3427 686 3497 10).
724 3427 914 3482 Dicere
938 3427 1042 3481 hoc
1075 3429 1143 3482 de
1181 3440 1241 3483 se
1287 3428 1576 3496 praedictus
1628 3429 1893 3498 propheta

297 3535 404 3573 non
435 3523 632 3590 potuit,
667 3523 755 3591 qui
808 3536 978 3590 usque
1023 3523 1089 3576 ad
1139 3523 1442 3576 communis
1476 3523 1894 3579 resurrectionis

294 3615 463 3679 diem,
500 3616 552 3670 in
600 3630 660 3670 ea
703 3631 807 3685 qua
849 3629 930 3671 est
972 3615 1214 3688 patrihus
1262 3616 1478 3671 additus
1520 3618 1890 3686 corruptione,

292 3705 534 3762 durabit.
569 3707 672 3762 Per
691 3708 905 3762 Esaiam
932 3709 1222 3764 similiter:
1258 3706 1413 3762 Nunc
1438 3723 1731 3780 resurgam,
1758 3725 1896 3765 nunc

292 3801 646 3869 glori/iratior,
699 3818 837 3855 nunc
895 3801 1183 3868 exaltabor,
1235 3818 1370 3856 nunc
1417 3801 1682 3871 uidebitis,
1759 3819 1892 3856 nunc

288 3894 594 3948 erubescetis
622 3894 761 3967 (lsa.
813 3911 1019 3960 χχχιιι,
1057 3894 1167 3967 10).
1201 3895 1342 3951 Vere
1373 3905 1554 3950 autem
1591 3897 1660 3951 de
1697 3897 1891 3952 Salva-

289 3995 408 4042 tore
452 3988 834 4057 prtemonitum
891 3989 1126 4058 praestita
1175 3987 1362 4042 inferis
1416 3987 1560 4044 bidui
1618 4003 1788 4055 mora,
1839 4001 1894 4046 et

287 4085 414 4146 post
440 4091 704 4134 ascensus
734 4093 1077 4148 consequens
1099 4081 1304 4150 prodit,
1329 4095 1440 4151 quo
1467 4095 1665 4152 corpus
1696 4092 1891 4151 sponte

287 4171 619 4241 depositum,
655 4182 850 4243 sponte
889 4172 1087 4229 iterum
1124 4174 1346 4244 propria
1375 4189 1658 4230 resumens
1685 4178 1886 4234 evexit.

287 4263 440 4318 Hunc
466 4265 612 4318 enim
645 4264 854 4320 dierum
890 4275 1011 4335 post
1042 4267 1502 4321 resurrectionem
1526 4267 1670 4325 illius
1700 4283 1891 4326 nume-

283 4369 404 4410 rum
432 4355 575 4410 Osee
602 4354 859 4426 propheta
892 4356 1134 4425 apertius
1162 4356 1420 4412 indicavit
1447 4359 1636 4416 dicens
1664 4379 1676 4416 :
1703 4361 1890 4432 Viviﬁ-

281 4447 414 4502 cavit
443 4462 538 4502 nos
571 4447 708 4502 Deus
762 4448 847 4502 die
899 4449 1074 4516 tertio,
1124 4457 1237 4520 post
1295 4449 1506 4504 biduum
1555 4469 1888 4523 resurgentus

281 4541 440 4610 (Osee
461 4553 536 4606 Vl,
563 4541 640 4609 5).
664 4541 856 4596 Esaias
879 4555 1013 4598 vero
1037 4551 1201 4596 totam
1223 4542 1493 4613 passionis
1516 4559 1886 4616 ascensusque

2003 3327 2166 3382 simul
2196 3335 2250 3383 et
2280 3339 2448 3398 opere
2473 3329 2830 3399 denegarem.

2607 3421 2839 3478 CAPUT
2880 3421 2990 3478 VII.

2000 3516 2105 3570 Cur
2132 3517 2360 3587 antiqua:
2387 3515 2515 3588 legis
2546 3518 2716 3590 portio
2746 3518 2814 3570 sit
2841 3517 3026 3580 recisa,
3061 3515 3140 3571 uel
3177 3527 3293 3586 qua:
3333 3512 3601 3569 volumina

2274 3611 2646 3665 observantiam
2666 3612 2890 3684 justitite
2915 3608 3226 3665 tradiderint
3256 3608 3306 3664 δ.

2068 3705 2271 3761 Aron.
2315 3735 2387 3745 —-—
2431 3704 2573 3761 Satis
2619 3705 2943 3774 abundeque
2974 3711 3335 3759 monstratum
3369 3711 3476 3772 est,
3510 3715 3599 3758 re-

1997 3798 2390 3852 surrectionem
2449 3798 2779 3852 dominicam
2856 3810 3260 3865 ascensumque
3310 3794 3595 3852 caelestem

1994 3891 2193 3947 divinis
2235 3893 2569 3948 testimoniis
2599 3894 2837 3959 elucere,
2871 3900 2924 3946 el
2955 3893 3053 3946 ista
3084 3891 3269 3947 omnia
3297 3890 3598 3962 spirituali-

1996 3984 2096 4038 hus
2120 3983 2327 4054 fulgere
2350 3983 2720 4048 documentis;
2743 3983 2987 4038 utetiam
3013 3983 3058 4036 si
3086 3983 3308 4037 admissi
3334 3981 3598 4039 facinoris

1995 4080 2170 4149 aliqua
2206 4077 2415 4149 possint
2448 4078 2769 4148 ignorantiae
2790 4081 3148 4131 excusatione
3175 4074 3419 4143 defendi,
3441 4075 3594 4132 dam-

1995 4172 2112 4226 nari
2145 4171 2494 4240 prtesentium
2525 4170 2959 4226 incredulitatem
2985 4169 3188 4225 veritas
3208 4169 3370 4224 latius
3394 4168 3590 4227 diffusa

1993 4264 2348 4336 compelleret
2381 4281 2394 4319 ;
2444 4265 2568 4334 qttlu
2612 4261 2992 4318 auctoritatem
3022 4261 3330 4318 cmlestium
3361 4269 3593 4318 Statulo-

1992 4373 2112 4414 rum
2150 4369 2302 4414 actus
2342 4360 2679 4415 denuntiatae
2707 4355 3026 4411 humilitatis
3057 4355 3326 4426 implevit,
3368 4364 3422 4412 et
3467 4357 3595 4411 sub-

1991 4453 2351 4510 crescentium
2377 4452 2536 4507 docet
2560 4450 2858 4506 credulitas
2883 4449 3224 4520 populorum.
3246 4448 3430 4506 Pande
3448 4463 3592 4507 nunc

1993 4548 2177 4616 itaque
2205 4558 2306 4599 cur
2335 4544 2470 4615 legis
2498 4544 2702 4599 veteris
2745 4543 2926 4613 portio
2974 4543 3046 4598 sit
3095 4543 3293 4610 recisa,
3337 4543 3418 4599 vel
3467 4555 3589 4616 qua)

283 4633 529 4689 indicans
583 4634 765 4701 fidem,
815 4634 932 4690 haec.
983 4635 1039 4690 in
1091 4635 1482 4705 praedicatione
1521 4652 1616 4692 sua
1662 4641 1883 4707 posuit:
1914 4634 2448 4710 Dantiquandorum
2477 4639 2720 4708 priorum
2751 4634 3094 4690 voluminum
3148 4647 3310 4691 causa
3358 4633 3591 4694 formam

284 4728 570 4796 Tamquam
599 4730 708 4784 ovis
732 4730 803 4782 ad
827 4729 1134 4784 occisionem
1157 4730 1346 4784 ductus
1367 4739 1459 4799 est,
1487 4740 1532 4785 et
1564 4733 1699 4785 sicut
1719 4747 1887 4804 agnus

281 4837 456 4876 coram
489 4824 730 4877 tondente
757 4838 810 4877 se
838 4824 948 4876 sine
977 4837 1096 4877 voce
1134 4824 1208 4876 sic
1251 4839 1354 4877 non
1396 4824 1600 4894 aperuit
1631 4839 1688 4877 os
1709 4837 1883 4878 suum.

283 4915 350 4970 In
382 4917 673 4973 humilitate
692 4918 954 4990 judicium
983 4918 1095 4988 ejus
1123 4917 1386 4971 sublatum
1433 4927 1529 4972 est.
1581 4917 1888 4971 (.‘eneratio—

280 5026 395 5064 nent
423 5017 601 5063 autem
627 5008 771 5064 illius
799 5012 914 5077 quis
939 5010 1245 5065 enarrabit?
1295 5009 1552 5075 Quoniam
1602 5010 1814 5063 tolletur
1854 5025 1887 5064 a

283 5113 422 5158 terra
452 5103 554 5156 vita
582 5104 692 5173 ejus
725 5101 859 5175 (Ita.
894 5117 1021 5165 Lm.
1065 5105 1119 5171 7,
1166 5101 1241 5174 8).
1293 5101 1469 5156 David
1509 5101 1739 5172 perinde
1783 5102 1885 5158 sub

281 5196 462 5252 verbis
489 5195 582 5249 Dei
611 5195 792 5250 Patris
817 5195 882 5250 ad
913 5195 1106 5250 Filium
1131 5195 1532 5266 proloquentis,
1570 5211 1677 5251 non
1703 5196 1882 5254 solum

280 5305 590 5357 ascensum,
623 5291 718 5345 sed
742 5301 794 5346 et
822 5290 1087 5361 judicium
1119 5289 1458 5361 praedicavit,
1485 5291 1705 5346 dicens:
1737 5290 1884 5346 Dixit

355 5461 380 5488 η
412 5447 682 5518 Optimam
710 5445 1004 5503 lectionem
1032 5446 1171 5502 hanc
1196 5447 1561 5517 suppeditavit
1583 5448 1751 5503 codex
1778 5447 1874 5505 Le-

277 5538 446 5585 mov.,
473 5521 668 5593 namin
695 5519 859 5593 priori
884 5518 1127 5593 editione
1156 5519 1433 5593 legebatur
1468 5531 1698 5574 cessante
1717 5521 1868 5593 judi-

281 5591 540 5661 cio,quod
571 5589 656 5644 vix
692 5587 817 5661 ferri
847 5599 1077 5661 poterat.
1116 5587 1255 5645 Infra
1286 5601 1640 5659 penetrantes,
1677 5587 1868 5647 malui-

286 5659 429 5732 tuus,
479 5659 811 5736 q_uam_gtt_od
853 5659 911 5715 in
945 5660 1106 5716 editis
1158 5672 1276 5736 erat
1324 5673 1668 5736 penetrante;
1715 5665 1876 5719 elia-

285 5747 374 5792 vet
417 5731 586 5808 Codex
622 5731 781 5787 Vind.
813 5747 877 5786 ex
918 5747 1026 5808 quo
1057 5736 1216 5789 etiam
1252 5731 1386 5808 infra
1422 5736 1740 5808 scripsimus
1763 5754 1880 5792 sus-

291 5806 685 5883 pensionirjus,
721 5819 841 5883 cum
865 5805 1016 5883 prior
1046 5808 1213 5883 etﬁtio
1243 5805 1884 5883 praiferret‘suspensioni

297 5877 362 5957 ei.
388 5881 517 5934 Eum
535 5877 709 5933 locum
733 5877 902 5933 Exodi
921 5895 1078 5950 quem
1099 5879 1388 5938 Zacchmus
1408 5883 1608 5949 laudat,
1624 5877 1762 5938 idem
1786 5897 1880 5937 co-

1992 4731 2351 4787 nliservantim
2377 4729 2623 4800 iustioris
2658 4727 2958 4794 invexerit;
3013 4743 3135 4784 cum
3163 4735 3221 4784 et
3251 4727 3394 4785 idem
3441 4739 3592 4785 utro-

1992 4837 2220 4892 rumque
2269 4823 2345 4877 sit
2387 4820 2655 4884 conditor,
2704 4827 2759 4874 et
2803 4820 2978 4876 eidem
3031 4820 3231 4875 divinus
3288 4819 3594 4892 maiestatis

1990 4915 2351 4971 substantiam
2383 4914 2680 4984 possidenti
2713 4926 2814 4968 nec
2840 4913 3091 4969 voluntas
3132 4914 3186 4970 in
3231 4916 3442 4971 ratione
3480 4916 3594 4971 dis-

1991 5011 2216 5075 sentiat,
2250 5019 2304 5064 (ιι
2335 5009 2386 5063 in
2420 5007 2768 5078 prmscieutia
2797 5005 3076 5062 mlernitzts
3102 5007 3460 5064 ubsecundet.

2062 5103 2262 5159 ZACCH.
2285 5131 2360 5142 -
2385 5100 2590 5156 Fidelis
2620 5113 2684 5154 ac
2714 5111 2848 5155 vera
2881 5101 3151 5171 professio
3195 5111 3311 5166 est,
3358 5108 3590 5169 utraque

1992 5199 2154 5253 unius
2180 5196 2270 5252 Dei
2300 5208 2530 5251 censere
2556 5202 2849 5263 precepts,
2876 5202 2932 5249 et
2962 5207 3058 5265 per
3084 5191 3305 5265 Moysen
3335 5189 3589 5248 traditam

1990 5293 2164 5363 legem
2217 5305 2323 5344 non
2369 5289 2684 5358 abrogatum
2717 5301 2812 5355 per
2840 5285 3142 5351 Christum,
3175 5285 3270 5341 sed
3308 5284 3587 5355 impletum

1983 5449 2086 5504 dex
2113 5447 2272 5517 paulo
2322 5446 2484 5501 aliter
2511 5444 2765 5502 exhibet:
2813 5461 2936 5500 nam
2971 5447 3021 5500 in
3067 5443 3373 5517 eo‘legitur
3403 5446 3582 5513 accipe

1976 5513 2189 5603 agnum,
2220 5528 2273 5575 et
2299 5517 2686 5574 manducabunt
2716 5531 2833 5571 eum
2856 5526 3005 5572 nocte
3026 5533 3044 5571 :
3069 5517 3119 5572 in
3140 5513 3364 5570 Let’nov.
3389 5520 3574 5586 etiam,

1976 5609 2170 5719 “Cipi:
2194 5663 2313 5719 cod.
2342 5662 2505 5717 Vind.
2531 5661 2724 5732 legitur
2749 5659 3054 5732 intulerunt.
3077 5654 3222 5714 Infra
3251 5659 3406 5714 titulo
3422 5655 3576 5728 capi-

1987 5737 2078 5792 tali
2114 5734 2202 5800 1‘2,
2239 5751 2301 5788 ex
2335 5734 2526 5790 eodem
2570 5729 2757 5788 codice
2801 5739 2854 5784 et
2895 5744 2925 5785 e
2965 5729 3190 5787 Lemov.
3242 5733 3574 5788 restilttimus

1985 5811 2070 5878 qui
2102 5809 2233 5862 duos
2261 5806 2469 5871 dicunt,
2504 5805 2594 5860 ubi
2634 5800 2783 5878 male
2832 5807 2948 5878 erat
2995 5803 3219 5878 quinos
3262 5802 3474 5873 dicunt;
3520 5813 3574 5864 et

1994 5875 2230 5954 capitulo
2258 5879 2507 5952 sequenti
2535 5877 2758 5932 verbum
2789 5875 2950 5930 credit
2979 5875 3344 5949 ascripsimus.
