4060 6344
535 273 673 332 1119

532 485 696 560 legem
720 493 938 566 solvere,
985 501 1076 555 sed
1117 504 1402 577 adimplere
1445 485 1663 573 (Matth.
1717 530 1772 581 v,
1825 516 1936 590 17).
1989 517 2131 576 Olim

533 580 680 638 enim
708 590 1040 659 evangelica:
1068 595 1472 664 praedicationis
1503 605 1773 672 promissa
1802 607 1889 664 lex
1922 609 2130 681 fuerat,

537 672 652 731 Deo
681 693 778 747 per
807 681 1021 738 Esaiam
1055 687 1134 743 sic
1162 688 1460 761 loquente:
1497 693 1610 750 Lex
1636 714 1700 752 ea:
1731 699 1861 754 Sion
1893 672 2131 771 prodiet,

535 775 585 821 et
613 772 821 826 verbum
853 771 1064 832 Domini
1091 796 1155 834 ea:
1187 780 1519 841 Hierusalem
1551 786 1687 854 (Isa.
1729 805 1786 860 tt,
1829 793 1905 863 5).
1936 794 1992 849 ld
2023 805 2132 863 est,

534 871 910 921 consummata
928 869 1156 938 justitia:
1185 874 1420 946 fideique
1444 878 1694 938 doetriua
1721 899 1818 953 per
1834 885 2129 956 Christum,

537 951 591 1007 in
624 954 864 1013 Ecclesia
893 960 1262 1032 dignoscetur.
1291 969 1359 1025 Et
1387 973 1582 1029 iterum
1615 951 1873 1035 Michaeas
1896 1000 1909 1036 :
1935 981 2042 1038 Lex
2071 1002 2134 1040 ea:

538 1045 668 1102 Sion
718 1054 938 1123 prodiet,
988 1070 1036 1112 et
1083 1078 1250 1118 sermo
1287 1064 1500 1122 Domini
1544 1071 1608 1124 ab
1657 1072 2045 1133 Hierusalem:
2087 1092 2131 1135 et

524 1142 786 1214 judicabit
815 1147 949 1204 inter
978 1152 1231 1222 plurimos
1262 1161 1502 1229 p0pulos,
1531 1172 1578 1217 et
1611 1169 1830 1223 reuincet
1857 1179 1903 1224 et
1935 1172 2132 1243 deteget

533 1237 732 1294 ualidas
759 1244 992 1300 nationes
1023 1248 1212 1318 (Mich.
1243 1268 1321 1321 tv,
1345 1253 1401 1320 2,
1431 1256 1508 1327 5).
1533 1257 1792 1330 Alioquin
1816 1265 1988 1320 veleri
2014 1237 2134 1338 lege

524 1331 637 1403 jam
669 1337 890 1408 tradita,
923 1357 1045 1412 quas
1068 1345 1176 1400 alia
1204 1348 1304 1403 nisi
1332 1351 1758 1424 Evangeliorum
1781 1360 2134 1418 nuntiabatur

532 1428 816 1487 addenda?
847 1434 922 1490 De
952 1453 1057 1507 qua
1094 1455 1188 1510 per
1216 1443 1551 1502 Hieremiam
1583 1451 1842 1508 similiter
1864 1464 1949 1509 est
1982 1455 2134 1511 locu-

534 1529 621 1576 tus
645 1540 658 1576 :
693 1523 828 1580 Ecce
849 1528 962 1584 dies
984 1533 1214 1604 ueniunt,
1247 1545 1297 1590 et
1325 1543 1696 1598 consummabo
1731 1563 1893 1615 supra
1921 1548 2131 1603 domum

532 1613 702 1672 Israel
729 1629 777 1674 et
805 1622 1014 1679 domum
1031 1625 1176 1682 Juda
1197 1640 1557 1688 testamentum
1582 1653 1788 1692 novum.
1809 1640 1930 1695 Non
1953 1659 2132 1698 secun-

531 1710 654 1765 dum
683 1722 1037 1773 testamentum
1067 1723 1208 1792 quod
1243 1725 1477 1796 disposui
1514 1730 1744 1795 patribus
1784 1750 1984 1802 eorum,
2016 1752 2131 1790 cum

531 1805 855 1876 apprehendi
879 1828 1063 1868 manus

531 1895 760 1970 ﬁgypti
785 1900 1003 1974 (Jerem.
1035 1923 1192 1977 xxxt,
1217 1911 1332 1982 52).
1358 1913 1414 1968 ld
1443 1925 1528 1970 est
1558 1917 1832 1976 mitiorem
1867 1920 1921 1976 in
1949 1923 2130 1980 Evan-

531 1991 690 2060 geliis
721 1994 1021 2065 ordinabo,
1059 2002 1264 2075 illaque
1293 2010 1618 2079 cessabunt,
1656 2013 1724 2070 de
1755 2017 1954 2087 quibus
1997 2024 2131 2076 scri-

533 2091 682 2154 ptum
714 2097 830 2144 est:
854 2089 990 2148 Dedi
1016 2095 1125 2151 illis
1153 2114 1413 2172 praecepta
1436 2122 1538 2160 non
1568 2108 1722 2179 bona,
1749 2112 1804 2167 in
1826 2114 2010 2184 quibus
2029 2133 2130 2171 non

520 2178 952 2249 justiﬁcabuntur
976 2189 1029 2243 in
1051 2191 1124 2246 eis
1149 2191 1364 2263 (Ezech.
1396 2214 1488 2265 xx,
1522 2200 1646 2272 25);
1689 2178 1780 2260 sed
1823 2178 1914 2274 qui
1956 2211 2132 2281 fecerit

527 2285 610 2340 ea,
644 2273 773 2328 rivet
795 2277 847 2331 in
873 2278 980 2335 illis
1023 2282 1169 2355 (Gal.
1197 2301 1279 2354 ιιι,
1314 2289 1424 2360 12).
1458 2292 1722 2360 Quaedam
1763 2313 1896 2370 ergo
1929 2273 1984 2356 in
2013 2302 2132 2374 lege

529 2365 736 2424 idcirco
775 2377 1025 2434 severius
1055 2391 1184 2436 sunt
1212 2393 1438 2456 statuta,
1477 2398 1534 2444 ut
1573 2365 2127 2468 rebellemvapttlum

529 2468 692 2532 atque
716 2477 934 2524 assueta
952 2471 1260 2542 gentilitate
1275 2479 1535 2538 lascivum
1552 2487 1734 2556 potius
1753 2487 2126 2560 ltumiliarent,

527 2567 690 2625 quam
730 2566 755 2593 ἰ
785 2561 958 2617 attolli
1003 2563 1370 2634 justiﬁcatura
1412 2576 1837 2646 permitterent;
1884 2593 1938 2638 et
1983 2587 2130 2642 velut

529 2647 761 2717 quadam
796 2654 1039 2710 cuStodia
1073 2657 1374 2731 disciplina:
1408 2671 1693 2736 praesentis
1722 2688 1894 2742 panic
1917 2683 2129 2734 terrore

527 2740 1026 2815 coltiberent,quos
1047 2750 1226 2808 adhuc
1253 2754 1414 2826 longe
1435 2773 1464 2813 a
1489 2762 1678 2817 szcculi
1701 2740 1810 2820 fine
1840 2766 2126 2838 degentes,

525 2844 750 2891 servare
782 2837 976 2906 judicii
1017 2841 1397 2906 iuterminatio
1435 2853 1585 2909 tarda
1615 2872 1720 2911 non
1755 2870 1958 2929 posset.
1994 2863 2130 2920 llinc

529 2925 662 2982 illud
691 2938 809 2986 est:
838 2932 1062 2992 Oculum
1091 2957 1186 3012 pro
1218 2945 1395 3013 oculo,
1429 2949 1632 3004 dentem
1663 2925 1768 3024 pro:
1789 2955 1936 3010 dente
1979 2957 2123 3028 (Leu.

525 3035 671 3090 xxw,
703 3024 833 3096 20):
868 3027 955 3083 Ne
984 3033 1446 3107 munducaveritis,
1498 3059 1561 3096 ne
1606 3047 1924 3119 contigeritis
1976 3050 2124 3120 (Leu.

527 3128 615 3180 xt,
666 3116 744 3188 8).
792 3118 930 3178 Hinc
961 3128 1228 3184 mensium
1263 3132 1578 3192 observatio
1605 3139 1825 3197 definita
1848 3185 1862 3207 ,
1896 3159 2124 3202 neonte-

1787 300 2108 364 ZACCllEl
2147 307 2542 374 CHRISTIANI

532 393 728 467 fateri,
777 399 898 472 ipso
926 405 980 462 in
1009 406 1319 483 Evangeliis
1348 413 1427 470 sic
1455 426 1832 487 protestante:
1867 423 1989 481 Non
2014 431 2128 484 ueni
2154 433 2207 494 Α
2232 448 2476 505 ntagnum
2507 454 2611 494 non
2652 445 2901 500 sustineo.

3693 346 3815 405 1120

2945 448 3216 521 Jejtinium
3269 463 3318 509 et
3347 457 3482 529 .dies
3529 463 3685 529 festos
3725 466 3819 520 odit

2233 530 2411 584 anima
2438 549 2568 586 mea.
2610 533 2764 592 Facti
2812 541 2938 597 estis
2984 545 3111 599 mihi
3156 548 3210 602 in
3261 549 3661 610 abundantiam.
3712 557 3820 614 Non

2233 621 2495 678 dimittam
2521 639 2730 699 peccata
2761 642 2925 688 uestra
2955 634 3088 706 (Isa.
3123 655 3160 709 t,
3193 643 3286 708 11,
3322 643 3437 716 15).
3473 645 3526 701 Id
3555 658 3679 714 est,
3725 667 3822 708 non

2235 711 2321 768 bis
2349 715 2574 785 piaculis
2605 722 2832 778 crimina
2877 739 3054 784 veStra
3091 735 3374 803 purganda
3394 711 3529 793 sunt
3550 757 3566 804 ;
3590 711 3682 796 sed
3708 744 3824 813 quid

2235 819 2382 863 esset
2440 812 2491 866 in
2540 825 2729 871 nostro
2781 818 3104 888 baptismate
3151 827 3557 896 purificationis
3599 812 3858 894 futurum.

2235 901 2553 970 prophetice
2605 907 3001 968 demonstravit
3049 916 3277 973 dicens:
3325 919 3623 988 Lauamini,
3660 931 3828 983 mundi

2234 1001 2396 1048 estote
2426 994 2612 1069 (Ibid.,
2648 1000 2762 1070 16).
2793 1003 2847 1058 ld
2875 1015 2978 1070 est,
3009 1022 3132 1064 cum
3158 1011 3310 1067 illius
3339 1015 3679 1074 visitationis
3703 1029 3828 1076 tem-

2238 1101 2338 1154 pus
2387 1089 2688 1158 advenerit,
2743 1097 3004 1165 spiritalis
3045 1102 3245 1160 lavacri
3280 1120 3626 1166 sacramenta
3658 1125 3826 1170 secta-

2236 1180 2408 1239 mini;
2441 1183 2504 1236 Et
2533 1185 2578 1238 si
2600 1188 2795 1254 fuerint
2836 1191 3024 1247 delicta
3072 1205 3240 1251 vestra
3289 1209 3346 1252 ut
3387 1201 3726 1272 phoenicium,
3778 1217 3827 1261 ut

2236 1274 2402 1327 nivem
2427 1277 2674 1334 dealbabo
2718 1300 2811 1351 ea;
2859 1288 2904 1339 si
2952 1298 3122 1343 autem
3169 1300 3228 1344 ut
3275 1309 3508 1360 coccum,
3560 1307 3615 1352 ut
3666 1301 3828 1355 latium

2236 1370 2513 1425 candidam
2536 1375 2760 1445 efﬁciam
2783 1377 2952 1444 (Ibid.
2972 1423 2985 1446 ,
3015 1383 3129 1454 l8).
3156 1384 3212 1439 ln
3234 1386 3520 1457 pltmnicio
3537 1391 3826 1450 obscuritas

2237 1474 2606 1534 peccatorum,
2662 1469 2718 1524 in
2774 1486 2941 1529 cocco
2998 1493 3151 1536 mens
3204 1493 3436 1538 cruenta
3501 1485 3827 1558 designatur.

2237 1554 2460 1612 Talibus
2497 1575 2627 1629 ergo
2680 1579 2776 1632 per
2818 1564 3092 1625 Christum
3138 1572 3460 1630 denuntiata
3513 1554 3742 1635 mutatio
3783 1582 3828 1638 in

2236 1650 2431 1706 melius
2462 1668 2614 1708 vetsa
2644 1664 2748 1722 est,
2808 1673 2872 1714 ac
2923 1678 3022 1730 pro
3071 1666 3335 1723 obsoletis
3367 1672 3635 1737 pecudum
3680 1685 3830 1746 atque

2235 1744 2428 1800 alitum
2459 1749 2698 1806 victimis
2726 1754 2950 1810 caeleste
2984 1756 3226 1814 fidelium
3272 1778 3473 1818 munus
3507 1781 3642 1835 pura
3685 1769 3828 1824 obla-

1101 1832 1298 1886 eorum,
1350 1830 1407 1874 ut
1444 1823 1713 1878 educerem
1759 1843 1845 1882 eos
1890 1829 1953 1882 de
1993 1839 2131 1886 terra
2163 1833 2209 1893 Β
2238 1836 2384 1895 tione
2410 1840 2737 1912 celebratur,
2767 1855 2822 1901 et
2846 1858 3034 1903 contra
3059 1865 3251 1908 omnes
3277 1854 3508 1911 insidias
3532 1858 3828 1917 infeSIantis

2235 1932 2440 1988 inimici
2473 1935 2735 2006 spiritalis
2774 1941 3029 1998 saerilicii
3065 1943 3406 2003 admixtione
3437 1955 3746 2018 munimur;
3777 1963 3828 2010 et

2233 2025 2363 2080 illud
2411 2029 2464 2083 in
2512 2040 2852 2103 assumptum
2887 2035 3160 2093 hominem
3194 2039 3292 2096 Dei
3319 2041 3505 2098 Patris
3534 2047 3829 2117 completur

2231 2120 2470 2177 edictum
2498 2143 2509 2177 :
2544 2123 2621 2178 Tu
2652 2143 2703 2180 es
2735 2127 2993 2184 Sacerdos
3023 2131 3074 2186 in
3103 2142 3360 2189 aeternum
3385 2139 3673 2194 secundum
3700 2143 3829 2196 ordL

2233 2230 2347 2267 nent
2377 2215 2756 2274 Melchisedech
2779 2221 2899 2290 (Ps.
2932 2239 3050 2293 (ιιι,
3087 2226 3168 2296 4).
3204 2227 3308 2284 Ubi
3348 2246 3483 2302 ergo
3512 2233 3830 2306 Evangelim

2233 2321 2351 2360 runt
2388 2316 2600 2380 tempus
2626 2311 2825 2380 illuxit,
2857 2315 3019 2371 solvit
3049 2319 3313 2376 continuo
3339 2325 3512 2394 gratia
3543 2342 3681 2397 quos
3707 2329 3827 2397 legis

2233 2403 2468 2458 servitus
2499 2405 3079 2482 retinebat,sacroque
3110 2413 3324 2471 Domini
3351 2432 3450 2474 ore
3483 2420 3825 2488 praedicatum

2231 2503 2353 2549 est:
2388 2496 2569 2552 Venite
2597 2499 2666 2552 ad
2692 2517 2770 2554 me
2795 2518 2968 2558 omnes
2992 2506 3081 2574 qui
3105 2505 3359 2563 laboratis
3389 2521 3436 2564 et
3469 2515 3675 2566 onerati
3695 2515 3824 2582 estis,

2231 2597 2279 2640 et
2310 2588 2570 2644 invenietis
2600 2593 2823 2663 requiem
2850 2597 3123 2652 animabus
3159 2602 3364 2656 uestris.
3417 2601 3607 2658 Tollite
3645 2609 3826 2677 jugtun

2231 2695 2403 2735 meum
2443 2701 2597 2752 super
2643 2702 2754 2752 uos,
2812 2699 2860 2744 et
2907 2691 3092 2746 discite
3130 2709 3160 2747 a
3200 2711 3284 2750 me
3314 2697 3439 2764 quia
3472 2699 3616 2753 mitis
3647 2717 3758 2754 sum
3785 2713 3826 2754 et

2230 2771 2444 2829 humilis
2465 2780 2620 2833 corde
2643 2797 2661 2833 :
2678 2784 2869 2854 jngum
2893 2785 3028 2837 enim
3057 2802 3224 2840 meum
3263 2804 3418 2842 suave
3467 2799 3564 2856 est,
3617 2802 3667 2846 et
3709 2811 3825 2848 onus

2233 2882 2402 2920 meum
2433 2869 2570 2942 1eve(
2581 2869 2766 2926 Matth.
2794 2891 2870 2942 xt,
2895 2875 2987 2941 28,
3004 2877 3117 2948 50).
3134 2877 3210 2933 Ne
3233 2887 3418 2936 autem
3444 2883 3822 2952 praedictarum

2231 2960 2590 3017 vindietarum
2648 2965 2794 3034 rigor
2839 2980 3113 3039 maneret,
3153 2981 3210 3027 et
3253 2973 3528 3030 medelam
3583 2976 3825 3032 salutatis

2231 3055 2570 3123 paenitentia:
2616 3059 2937 3116 incumbens
2989 3063 3159 3119 reatui
3208 3068 3392 3121 exitus
3437 3080 3692 3139 raperet,
3743 3085 3823 3125 se-

2229 3152 2500 3218 questrari
2528 3150 2736 3221 judicio
2768 3153 3048 3223 plectenda
3076 3159 3386 3226 constituit,
3432 3160 3487 3216 in
3533 3163 3824 3232 Evangelia

2246 3209 2262 3218 .
2528 3209 2548 3221 .
2769 3209 2783 3223 .
2873 3209 2877 3210 ν
3027 3209 3030 3210 ν
3533 3209 3822 3232 ...-..,,-..-

527 3209 850 3284 niarumque
881 3216 1186 3279 festivitas:
1217 3223 1343 3280 hinc
1371 3240 1634 3286 statutum
1673 3235 1883 3290 sabbati
1911 3237 2033 3305 iter,
2064 3256 2127 3296 ac
2155 3223 2200 3287 Ο
2235 3239 2505 3298 Dominus
2550 3245 2621 3299 ita
2671 3246 3006 3316 praedicans:
3040 3248 3176 3304 Mihi
3208 3253 3518 3320 uindictam,
3552 3265 3602 3310 et
3635 3273 3727 3328 ego
3753 3273 3824 3312 re-

523 3315 662 3372 pene
695 3308 822 3363 totis
853 3309 1213 3371 humanorum
1242 3332 1460 3376 aetuum
1487 3323 1654 3380 rebus
1683 3327 1797 3382 otio
1833 3329 2128 3386 interclusa

524 3394 770 3454 libertas.
806 3402 1020 3461 Sacrari
1067 3424 1194 3465 vero
1245 3415 1512 3481 pecudum
1547 3429 1712 3490 atque
1739 3422 1930 3478 alitum
1964 3426 2123 3482 victi-

524 3504 642 3547 mas
688 3495 861 3564 prima
910 3501 1053 3557 ratio
1095 3515 1376 3562 consueta:
1426 3511 1852 3570 abominationis
1903 3520 2122 3589 exegit;

523 3588 650 3659 quia
682 3593 856 3646 arceri
889 3594 958 3648 ab
991 3596 1182 3652 iisdem
1212 3613 1440 3672 repente
1484 3621 1593 3662 non
1643 3620 1930 3679 p0terant,
1988 3629 2123 3669 con-

525 3682 721 3736 sultius
754 3684 854 3740 fuit
877 3689 1135 3756 paulatim
1161 3693 1429 3752 abolenda
1459 3714 1736 3770 respuere,
1754 3719 1915 3774 quam
1942 3708 2123 3783 statim

526 3772 820 3832 inhibenda
852 3782 1066 3848 punire.

598 3864 938 3926 lltec-aulem
966 3873 1074 3930 alia
1104 3887 1154 3932 et
1175 3878 1400 3937 evidens
1454 3885 1598 3941 ratio
1647 3898 1752 3957 est,
1803 3892 1948 3962 quod
1996 3893 2126 3951 licet

523 3960 804 4029 gentilium
841 3967 947 4022 ritu
981 3967 1187 4028 hostias
1215 3973 1594 4048 immolabant,
1622 3983 1733 4039 Deo
1755 3993 1933 4041 tamen
1962 3986 2126 4044 doce-

523 4052 725 4113 bantur
749 4058 969 4131 oﬁ‘erre,
1003 4068 1146 4136 quod
1179 4081 1444 4140 praastare
1473 4075 1635 4131 idolis
1665 4088 1794 4134 ante
1820 4094 2120 4139 consueve~

519 4157 661 4214 rant,
703 4162 758 4207 et
799 4156 1116 4229 multiplicis
1156 4165 1408 4220 sacrificii
1456 4168 1673 4225 actibus
1723 4175 2004 4244 occupatis
2050 4193 2120 4233 ne

522 4242 766 4312 cogitare
817 4249 1036 4318 quidem
1105 4252 1176 4308 de
1239 4259 1678 4328 transgressione
1732 4242 1966 4333 spatium
2034 4280 2126 4323 aut

523 4331 551 4373 δ
580 4340 796 4396 occasio
840 4345 1217 4414 praebebatur;
1251 4365 1376 4405 cum
1405 4363 1457 4408 et
1490 4355 1635 4423 quod
1663 4331 1976 4415 desiderare
2000 4377 2126 4431 pos-

521 4438 676 4496 sent,
731 4447 842 4488 non
872 4435 1246 4507 auferebatur,
1285 4457 1615 4516 semperque
1649 4461 1941 4520 supererat
1978 4455 2122 4524 quod

521 4521 740 4592 explere
765 4526 1079 4585 devotionis
1103 4533 1335 4590 intentio
1359 4552 1464 4592 non
1488 4539 1714 4597 valeret.
1735 4542 1978 4617 Denique
1997 4564 2120 4604 mox

2231 3335 2455 3391 tribuam
2499 3339 2676 3410 (Rom.
2709 3356 2806 3407 xu,
2842 3341 2943 3414 19)
2982 3362 2992 3397 :
3047 3345 3307 3413 quoniam
3367 3349 3474 3404 nisi
3525 3351 3824 3407 emendatio

2225 3428 2370 3500 justa
2404 3433 2755 3499 successerit,
2787 3449 2948 3490 nemo
2991 3435 3190 3492 rectius
3221 3437 3494 3508 vindicat,
3541 3458 3703 3511 quam
3731 3441 3822 3514 [qui

2231 3521 2283 3576 itt
2313 3522 2538 3579 admissi
2569 3526 2891 3595 probatione
2923 3544 3027 3584 non
3057 3528 3289 3585 fallitur.

2300 3616 2390 3672 Sic
2423 3619 2605 3689 itaque
2634 3632 2691 3674 et
2719 3620 2930 3676 sabbati
2963 3621 3200 3678 abolitus
3229 3632 3422 3694 torpor
3451 3635 3573 3694 est,
3612 3638 3770 3698 atque
3797 3643 3822 3682 a

2228 3706 2375 3764 bono
2404 3726 2570 3781 opere
2598 3713 2804 3768 nullum
2837 3712 3093 3772 fidelibus
3125 3725 3337 3789 tempus
3368 3721 3692 3788 exclusum;
3719 3724 3824 3792 ipso

2229 3802 2282 3856 in
2316 3803 2628 3875 Evattgeliis
2658 3807 2737 3861 sic
2764 3808 3060 3877 loquente:
3110 3811 3247 3876 Quia
3287 3812 3404 3868 licet
3442 3815 3673 3872 sabbatis
3711 3819 3826 3872 bene

2228 3896 2397 3965 facere
2453 3897 2670 3968 (Matth.
2729 3915 2832 3965 xtt,
2897 3901 3009 3973 η).
3059 3903 3155 3970 Ει,
3205 3906 3328 3977 quia
3377 3904 3559 3964 Filius
3612 3912 3824 3965 hominis

2228 3986 2487 4046 Dominus
2509 3993 2708 4047 sabbati
2737 4004 2808 4048 est
2834 3992 3027 4064 (Ibid.,
3059 3997 3141 4069 8).
3171 3997 3379 4054 Edendi
3412 4010 3683 4070 praeterea
3711 4019 3823 4074 quae

2228 4084 2580 4151 conveniant,
2617 4086 2844 4141 facultas
2875 4096 2960 4141 est
2989 4089 3253 4144 attributa
3278 4107 3292 4155 ;
3319 4093 3608 4162 quoniam,
3638 4107 3696 4151 ut
3719 4098 3823 4166 ipse

2230 4179 2458 4228 testatus
2485 4183 2570 4230 est
2610 4194 2622 4230 :
2669 4175 2789 4231 Non
2837 4179 3173 4249 coinquinant
3216 4181 3481 4238 hominem
3526 4204 3644 4256 qua:
3683 4189 3735 4242 in
3775 4206 3825 4244 os

2227 4267 2624 4339 ingrediuntur:
2647 4270 2737 4324 sed
2753 4287 2814 4326 ea
2835 4288 2950 4339 qua:
2979 4273 3044 4328 de
3070 4290 3158 4327 ore
3177 4287 3366 4331 exeunt
3384 4276 3584 4346 (Ibid.,
3608 4281 3821 4351 15,11).

2227 4361 2308 4416 lta
2358 4362 2475 4417 lucc
2515 4365 2697 4418 omnia
2740 4380 2862 4435 quae
2901 4367 3166 4422 cruciatui
3198 4369 3504 4426 rebellibus
3529 4381 3721 4439 erant,
3751 4375 3826 4427 itt-

2227 4456 2378 4531 dul_ta
2409 4473 2507 4528 per
2545 4457 2824 4515 Christum
2867 4460 3122 4518 libertate
3165 4463 3486 4532 solvuntur;
3543 4468 3826 4539 paucisque

2238 4559 2261 4588 ε
2294 4566 2322 4602 a
2353 4551 2744 4621 superstitione
2791 4556 3168 4623 cessantibus,
3218 4571 3341 4626 quae
3385 4573 3518 4614 vere
3565 4559 3822 4630 justitiam

522 4615 748 4673 audiunt
779 4621 1136 4692 prophetam:
1173 4627 1289 4695 Quo
1335 4630 1463 4686 mihi
1492 4615 2124 4712 multitudinemrsacriﬁ-
2151 4621 2202 4681 Ῑ)
2231 4651 2515 4696 merentur
2545 4643 2758 4713 adjecta
2791 4655 2917 4699 sunt
2944 4662 2957 4699 :
2991 4653 3154 4716 atque
3200 4645 3325 4702 ideo
3355 4649 3501 4704 inter
3530 4652 3753 4706 exordia
3776 4660 3824 4707 et

523 4709 722 4763 ciorum
748 4722 1053 4784 uestrorum,
1096 4716 1223 4772 dicit
1253 4719 1550 4779 Dominus?
1577 4725 1761 4795 plenus
1787 4747 1920 4787 sum.
1949 4732 2121 4789 Holo-

522 4811 817 4860 cautomata
846 4809 1088 4880 arietum,
1115 4821 1163 4865 et
1188 4815 1396 4884 adipem
1423 4833 1678 4888 agnorum
1697 4864 1712 4888 ,
1743 4834 1791 4876 et
1815 4828 2122 4898 sanguinem

520 4895 789 4953 hircorum
827 4911 877 4955 et
928 4912 1199 4960 taurorum
1255 4911 1377 4965 nolo
1409 4928 1428 4966 .·
1475 4930 1566 4970 nec
1614 4918 1688 4970 sic
1734 4921 1950 4977 veniatis
2006 4937 2125 4981 ante

523 5001 854 5064 conspectum
885 5011 1074 5051 meum.
1113 4998 1242 5066 Quis
1269 5005 1405 5058 enim
1434 5009 1705 5079 acquisivit
1754 5013 1855 5068 ista
1897 5015 1964 5070 de
2007 5036 2121 5074 ma-

525 5084 676 5140 nibus
700 5089 919 5143 uestris?
947 5086 1166 5147 Calcare
1195 5099 1391 5170 regiam
1418 5117 1583 5155 meam
1610 5119 1712 5158 non
1736 5111 2028 5178 apponetis.
2058 5111 2123 5168 Si

527 5178 810 5235 attuleritis
840 5183 1211 5255 similaginem,
1239 5205 1427 5246 vanum
1451 5204 1526 5248 est
1547 5212 1565 5249 :
1597 5198 1881 5266 incensum,
1928 5203 2127 5260 abomi-

460 5299 472 5310 -
527 5271 671 5325 natio
696 5283 772 5327 est
799 5274 944 5332 mihi.
993 5275 1308 5336 Neomenias
1347 5296 1536 5341 vestras
1565 5298 1612 5342 et
1643 5292 1854 5348 sabbata
1900 5305 1948 5349 et
1989 5299 2122 5352 diem

599 5422 625 5450 τι
656 5411 745 5470 Sic
776 5417 899 5474 cod.
931 5417 1095 5502 Vind.
1151 5428 1206 5474 et
1233 5421 1369 5502 alius
1399 5439 1558 5502 quem
1588 5427 1796 5502 viderat
1826 5431 2090 5488 Acberitts
2113 5477 2128 5502 ,

527 5499 557 5540 a
586 5500 693 5568 quo
726 5494 907 5572 tamen
940 5489 1148 5572 editum
1174 5489 1652 5572 estjustificoturi.
1704 5500 1904 5572 Supra,
1955 5505 2010 5558 id
2058 5489 2130 5560 cal

527 5556 785 5641 mitiorem
833 5562 910 5626 in,
958 5561 1209 5618 nonnihil
1255 5556 1436 5634 deest;
1484 5569 1630 5638 quod
1677 5556 1801 5628 uisil
1837 5556 2128 5648 tussaop-e

526 5628 794 5703 resarcire
825 5648 931 5688 non
962 5649 1271 5703 possumus.

598 5697 629 5780 ιζ
658 5699 732 5782 lta
764 5697 1068 5784 reperimus
1093 5707 1148 5761 in
1175 5708 1296 5764 cod.
1319 5709 1508 5784 Δνὴιάἒ
1541 5727 1609 5768 ex
1637 5730 1746 5784 quo
1788 5719 1952 5774 etiam
1987 5719 2125 5777 infra

524 5769 843 5859 scripsimus
873 5777 1087 5859 intentio
1116 5794 1220 5859 non
1244 5781 1456 5837 valeret.
1487 5781 1544 5840 In
1574 5769 1738 5843 editis
1763 5769 2121 5859 p'réi'éiuii'rff.

524 5839 856 5900 intentionem
882 5846 1092 5915 ualeret,
1117 5850 1276 5904 male.

2229 4733 2622 4802 plenitudinem
2661 4734 2782 4789 fidei
2831 4735 2922 4792 lex
2970 4738 3149 4794 media
3194 4740 3498 4811 subrepsit,
3527 4759 3652 4814 qua:
3690 4744 3822 4800 feras

2227 4827 2538 4885 Judtnorutn
2603 4840 2820 4887 mentes
2877 4832 3063 4888 talium
3113 4835 3460 4891 sanctionum
3514 4837 3824 4895 difﬁcultate

2225 4921 2614 4993 confringeret,
2643 4934 2698 4980 et
2723 4935 2968 4980 venturae
2989 4926 3349 4997 indulgentia:
3368 4930 3604 5000 gratiam
3633 4933 3824 5001 suscipi

2227 5015 2442 5072 facilius
2469 5019 2844 5087 persuaderet,
2869 5036 3029 5091 quam
3055 5021 3330 5077 diuturna:
3359 5027 3639 5083 absolutio
3663 5029 3826 5083 servi-

2228 5111 2362 5166 tutis
2406 5121 2462 5167 et
2495 5122 2746 5184 exoptata
2795 5116 2924 5170 olim
2982 5116 3202 5173 libertas
3239 5121 3626 5178 amabiliorem
3671 5124 3822 5180 etiam

2224 5207 2528 5264 incredulis
2559 5209 2912 5267 reddidisset.

2311 5448 2333 5520 ξ
2369 5438 2472 5532 Vix
2493 5439 2733 5532 adducop
2763 5443 2837 5526 ita
2863 5445 3126 5515 scriptum
3157 5462 3278 5532 esse
3305 5465 3335 5504 a
3368 5449 3665 5532 Zaccltteo;
3710 5467 3822 5532 cum

2233 5509 2380 5563 enim
2396 5511 2592 5592 dicere
2630 5514 2871 5596 voluerit
2903 5509 3071 5584 pauca
3105 5521 3515 5596 quandamesse
3543 5509 3818 5596 abrogata,

2234 5581 2287 5634 in
2317 5582 2514 5650 quibus
2541 5585 2790 5659 nonnihil
2818 5581 2965 5659 esset
2995 5581 3425 5659 superstitionis,
3459 5611 3581 5650 eam
3611 5581 3822 5652 seiitenl

2232 5652 2360 5706 tiam
2390 5671 2496 5708 non
2526 5658 2665 5710 male
2689 5658 2920 5738 exprimi
2940 5652 3238 5738 arbiiror_si
3259 5652 3472 5738 scribas
3493 5669 3556 5721 ob
3585 5669 3824 5738 supersti-

2233 5725 2426 5778 tionem
2445 5742 2464 5780 :
2485 5728 2579 5781 sed
2600 5728 2848 5811 eamdem
2871 5731 2925 5811 in
2943 5733 3152 5802 vulgata
3183 5735 3421 5811 lectione
3446 5755 3514 5792 au
3545 5725 3820 5811 quisquam

2230 5810 2526 5868 agnoscere
2557 5802 2752 5866 possit,
2786 5799 2926 5855 haud
2958 5799 3091 5858 satis
3117 5805 3255 5861 scio.
3288 5807 3345 5861 lu
3378 5799 3609 5866 Lemov.
3635 5799 3821 5868 deinde

2227 5867 2443 5938 legitur,
2475 5885 2588 5939 qtae
2619 5887 2786 5926 rerum
2800 5873 3082 5943 justitiam,
3119 5874 3352 5935 fortasse
3383 5881 3602 5938 melius.
