4060 6344
222 285 343 342 1121

812 395 1039 454 CAPUT
1083 397 1213 454 Vill.

422 488 551 554 Quae
576 487 641 541 sit
666 486 867 542 Judteis
888 489 941 541 in
965 489 1353 543 circumcisione
1372 490 1603 562 justitia.

1410 275 2049 341 CONSULTATIONUM
2089 275 2220 333 LIB.
2264 275 2328 333 ll.

1831 396 1884 457 Α
1982 392 2242 447 Dominus
2273 399 2454 446 autem
2498 389 2554 446 in
2587 389 2895 461 Evangelia
2927 390 3158 465 principi
3204 393 3518 453 Judaeorum

1912 484 2319 541 evidentissima
2367 492 2725 555 protestatur,
2778 484 2988 539 nullum
3034 486 3255 556 penitus
3284 489 3404 544 sine
3434 490 3518 545 la-

3378 281 3521 337 “22

293 580 492 635 Arcu.
526 610 596 620 —
623 579 739 634 Non
781 581 1053 637 immerito
1084 581 1137 635 in
1169 581 1327 651 hujus
1357 596 1535 638 causae
1580 583 1814 637 interro-
1910 597 2075 638 vacro
2091 582 2352 650 spiritalis
2376 595 2530 653 aquae
2556 594 2717 652 posse
2740 580 2965 647 salvari,
2992 590 3089 637 aut
3113 584 3519 651 possessionem

228 671 436 743 gatione
483 688 871 743 prospexeram
927 673 1147 743 aliquod
1203 675 1401 730 divina:
1452 674 1813 745 providentia:

228 763 388 820 fuisse
419 765 739 831 consilium,
771 775 834 822 ut
864 766 979 822 hmc
1008 766 1163 822 rudis
1198 754 1379 837 populi
1406 768 1670 837 permissa
1707 767 1818 837 pri-

227 856 447 911 mordiis
477 858 624 913 velut
656 858 936 927 profutura
978 875 1041 914 ac
1084 859 1283 929 placita
1320 860 1663 930 juberentur,
1695 874 1817 928 quas

227 950 426 1005 aboleri
459 952 807 1021 postmodum
847 953 1185 1008 conveniret.
1219 952 1387 1021 Quid,
1412 968 1567 1023 rogo,
1610 954 1663 1007 in
1711 952 1818 1007 cir-

227 1042 558 1100 cumcisione
590 1044 800 1099 hisdem
823 1044 1026 1101 iudicis
1055 1044 1506 1101 sanctilicatiouis
1527 1054 1618 1099 aut
1643 1042 1821 1098 meriti

229 1148 331 1206 est,
362 1140 507 1210 quod
534 1155 597 1195 ea
628 1140 731 1195 sibi
761 1141 929 1196 etiam
970 1156 1112 1196 nunc
1157 1140 1211 1195 in
1264 1140 1438 1195 vicem
1480 1137 1822 1208 baptismatis

228 1233 599 1303 blandiuntur,
653 1250 815 1306 quam
867 1237 920 1289 in
968 1234 1306 1306 signaculum
1362 1243 1571 1289 tantum
1635 1234 1821 1288 electa:

227 1326 430 1382 sobolis
461 1327 814 1383 constitutam
849 1328 1212 1398 prcecedentis
1234 1327 1401 1382 libelli
1428 1336 1617 1382 tenore
1645 1328 1825 1397 signa-

227 1420 419 1476 veras?
451 1421 519 1475 Et
549 1421 739 1489 procul
769 1420 940 1476 dubio
969 1422 1174 1476 clarum
1206 1430 1291 1476 est
1313 1434 1407 1477 eos
1431 1420 1656 1491 jusﬁtim
1690 1434 1826 1489 prae-

230 1511 352 1567 miis
383 1514 672 1581 carituros,
724 1513 769 1567 si
822 1514 873 1567 in
916 1512 1017 1567 bac
1055 1521 1259 1569 tantum
1290 1512 1536 1583 corporis
1569 1512 1824 1567 imminu-

232 1606 378 1663 tione
413 1607 669 1672 ﬁdentes,
704 1608 869 1663 totius
921 1608 1036 1678 spei
1085 1608 1413 1663 documenta
1462 1614 1824 1678 componant,

231 1717 383 1772 quos,
418 1702 626 1773 rejecta
642 1704 823 1758 carnis
842 1702 1059 1771 injuria,
1076 1702 1316 1773 gaudere
1333 1702 1510 1772 potius
1526 1698 1829 1755 incruentis

231 1795 405 1850 sancti
434 1795 673 1865 Spiritus
698 1796 1017 1852 muneribus
1048 1795 1361 1865 oportebat.

303 1887 509 1944 Zaccu.
543 1919 616 1929 --
642 1890 809 1945 Recte
844 1890 1043 1945 recolis
1077 1889 1280 1959 primis
1315 1886 1484 1943 libelli
1524 1884 1830 1953 huiusmodi

232 1984 632 2055 expositionem
664 1984 855 2050 fuisse,
889 1983 942 2038 in
973 1982 1391 2039 circumcisione
1421 1981 1625 2037 carnali
1652 1980 1835 2051 signa-

152 2142 155 2145 _
232 2078 415 2137 culum
462 2076 607 2142 ﬁdei,
649 2091 755 2131 non
803 2084 999 2131 statum
1045 2076 1213 2132 fuisse
1258 2075 1505 2143 jusﬁtiae,
1554 2074 1834 2141 Scriptura

233 2180 618 2228 memorante:
653 2169 721 2223 Et
744 2170 877 2225 dixit
909 2168 1049 2224 Deus
1077 2169 1145 2222 ad
1179 2168 1486 2223 Abraham:
1534 2165 1651 2221 Hoc
1677 2175 1838 2219 testa-

234 2273 467 2318 mentum
515 2280 683 2317 meum
726 2261 947 2316 servabis
991 2263 1125 2315 inter
1173 2277 1252 2316 me
1283 2270 1329 2315 et
1359 2276 1480 2325 vos;
1511 2267 1565 2312 tu
1590 2267 1636 2313 et
1666 2273 1838 2312 semen

237 2369 386 2413 tuum
410 2370 601 2413 tecum.
623 2356 1032 2411 Circumcidetur
1057 2371 1205 2409 omne
1222 2363 1447 2409 vestrum
1468 2353 1836 2419 masculinum,

238 2461 285 2506 et
308 2450 690 2506 circumcidetis
737 2466 945 2503 carnem
1002 2449 1249 2521 prteputii
1298 2448 1474 2501 vestri.
1525 2445 1595 2499 Et
1647 2444 1741 2499 erit
1786 2445 1839 2498 in

241 2544 453 2614 signum
484 2541 778 2596 testamenti
807 2540 939 2595 inter
970 2555 1048 2593 me
1075 2549 1121 2592 et
1151 2554 1237 2593 vos
1274 2536 1429 2611 (Gen.
1458 2553 1587 2603 xvn,
1615 2536 1702 2603 10,
1732 2533 1840 2605 11).

238 2636 397 2691 llanc
446 2650 615 2706 usque
662 2634 728 2688 ad
781 2632 1054 2688 Christum
1100 2642 1124 2667 ει
1175 2632 1467 2686 carnaliter
1516 2626 1845 2684 custoditam

242 2729 376 2786 Jcsu
408 2728 555 2783 Nave
581 2738 735 2783 actus
764 2727 1099 2796 subsequens
1122 2724 1318 2795 probat
1337 2766 1350 2790 ,
1390 2724 1481 2794 qui
1511 2731 1635 2793 post
1660 2734 1849 2777 exces-

244 2838 371 2879 sum
412 2824 581 2879 eremi
612 2824 665 2877 in
692 2838 793 2893 qua
824 2820 986 2877 iidem
1009 2820 1182 2877 Judaei
1214 2818 1570 2889 quadraginta
1603 2818 1849 2872 vixerant

247 2915 432 2984 annis,
468 2931 570 2971 nec
594 2917 883 2986 quisquam
916 2912 1045 2968 huic
1074 2912 1253 2968 fuerat
1287 2911 1565 2982 subjectus
1602 2909 1814 2980 injuria:
1835 2949 1848 2973 ,

249 3011 380 3082 quia
416 3011 469 3064 in
498 3007 795 3064 solitudine
846 3006 1136 3077 permixtio
1178 3016 1559 3061 extraneorum
1600 3018 1705 3057 non
1736 3008 1853 3057 erat

249 3102 610 3174 papillarum,
634 3100 846 3171 plebem
870 3100 1088 3169 signare
1110 3098 1442 3169 praccipitur,
1467 3104 1627 3167 atque
1649 3094 1855 3151 indicto

251 3197 506 3269 patribus
552 3208 737 3262 more,
770 3194 1069 3250 Jordanem
1119 3191 1431 3248 transituris
1490 3190 1853 3261 cognitionem

252 3292 421 3348 avitas
441 3290 780 3346 credulitatis
805 3291 1106 3360 imponere,
1125 3287 1404 3355 Scriptura
1421 3286 1669 3341 dicente:
1703 3282 1769 3337 Et
1786 3284 1858 3337 ait

255 3384 523 3440 Dominus
550 3383 619 3436 ad
647 3380 827 3436 Iesum
863 3382 1047 3436 Nave:
1081 3379 1193 3433 Fac
1226 3379 1316 3434 tibi
1343 3378 1577 3433 cultellos
1606 3378 1855 3449 petrinos,

255 3489 309 3536 et
336 3479 517 3533 sedens
547 3478 883 3534 circumcides
913 3477 1135 3532 secundo
1164 3473 1301 3545 ﬁlios
1324 3472 1494 3528 Israel
1524 3471 1660 3545 (los.
1693 3489 1745 3539 v,
1774 3471 1854 3543 2).

255 3572 412 3628 lstud
441 3571 660 3642 quidem
693 3580 747 3627 et
784 3569 1082 3627 secundum
1115 3569 1349 3623 litteram
1381 3566 1644 3637 contigit:
1680 3564 1774 3621 sed
1807 3566 1859 3620 in

260 3679 366 3720 nos
395 3665 566 3736 magis
592 3664 913 3734 prophetica
942 3659 1394 3731 interpretatione
1418 3668 1723 3730 porrectum
1755 3667 1857 3713 est.

262 3757 429 3815 Jesus
478 3759 622 3815 enim
682 3758 798 3825 ille,
846 3757 942 3813 sed
987 3756 1254 3813 vocabulo
1304 3762 1541 3822 tantum,
1594 3763 1781 3809 noster
1810 3760 1865 3807 et

262 3853 435 3918 facto,
476 3851 685 3921 Angela
716 3851 784 3906 ad
815 3850 1069 3905 Pastores
1106 3849 1159 3904 in
1191 3848 1506 3919 Evangeliis
1537 3846 1821 3901 nuntiante
1848 3862 1861 3899 :

266 3947 446 4005 Natus
475 3957 570 4015 est,
600 3948 796 4017 inquit,
825 3946 964 4001 vobis
991 3945 1144 4000 hodie
1172 3945 1417 4001 Salvator
1464 3941 1615 4013 (Luc.
1644 3957 1716 4007 tt,
1752 3938 1861 4008 ll),

264 4059 421 4113 quem
446 4040 693 4095 rocabitis
724 4039 912 4094 Iesum
935 4056 953 4092 :
983 4039 1095 4108 ipse
1121 4038 1258 4092 enim
1283 4038 1483 4093 salvum
1513 4036 1669 4105 faciet
1703 4049 1869 4105 popu-

270 4136 383 4191 lum
408 4151 563 4190 suum
593 4151 626 4189 a
654 4134 877 4205 peccatis
906 4148 1083 4188 eorum
1113 4131 1327 4203 (Matth.
1361 4146 1410 4194 t,
1441 4127 1558 4199 21).
1586 4129 1642 4184 In
1673 4142 1867 4183 secun-

270 4227 356 4284 dis
391 4237 575 4281 autem
608 4225 731 4280 ﬁliis
761 4224 1003 4297 gentium
1035 4225 1359 4294 intelligitur
1408 4222 1658 4293 populus,
1706 4229 1761 4275 et
1816 4220 1868 4273 in

272 4320 680 4378 abscisionibus
707 4321 939 4393 petrinis
988 4320 1318 4389 evangelicae
1358 4317 1689 4374 conveniunt
1712 4314 1873 4369 disci-

274 4414 458 4486 plinae.
477 4412 631 4470 Unde
649 4413 863 4483 Moyses
886 4415 1118 4483 primum
1142 4413 1267 4466 talia
1293 4410 1633 4481 prOphetavit
1654 4408 1868 4463 dicens:

278 4505 348 4563 In
380 4509 673 4563 novissimis
702 4507 880 4563 diebus
927 4505 1259 4561 circumcidet
1307 4503 1443 4560 Deus
1496 4520 1585 4558 cor
1628 4511 1872 4567 vestrum,

279 4614 329 4658 et
358 4618 446 4657 cor
472 4601 498 4640 δ
530 4600 716 4656 similis
745 4600 925 4673 populi
955 4599 1027 4654 tui
1055 4600 1122 4653 ad
1153 4598 1434 4652 amandum
1464 4596 1634 4651 Deum
1657 4604 1879 4650 vestrum

283 4693 463 4768 (Deut.
508 4709 643 4760 xxx,
689 4692 767 4767 6).
804 4692 1105 4748 Hieremias
1133 4690 1363 4763 perinde
1392 4706 1500 4747 non
1526 4704 1744 4745 carnem
1775 4688 1881 4743 cir—

282 4784 719 4854 cumcidendum,
752 4785 851 4841 sed
880 4785 1045 4841 corda
1070 4784 1353 4840 denuntiat
1383 4783 1575 4839 dicens
1600 4798 1614 4837 :
1649 4780 1885 4836 Circum-

283 4883 436 4937 cidite
466 4898 552 4936 vos
581 4880 691 4936 Deo
713 4890 878 4936 vestro
896 4898 916 4947 ;
965 4881 1056 4937 sed
1094 4888 1143 4935 et
1189 4878 1545 4934 circumcidite
1575 4876 1885 4947 prarputium

284 4975 459 5031 cordis
490 4974 643 5029 vestri
672 4972 888 5047 (levem.
922 4990 997 5044 tv,
1029 4970 1107 5044 4),

360 5131 389 5159 α
415 5119 472 5175 In
492 5118 611 5175 cod.
634 5116 797 5173 Vind.
820 5126 876 5173 et
897 5116 1121 5173 Lemov.
1141 5112 1524 5170 rationabiliter
1556 5109 1893 5167 custoditum.

289 5194 445 5249 llaud
470 5192 541 5246 ita
569 5191 740 5245 multo
772 5200 891 5261 post
918 5192 970 5261 in
1004 5187 1167 5243 Vind.
1196 5196 1251 5241 et
1283 5186 1475 5261 i_n__alio
1504 5184 1691 5261 codice
1731 5194 1891 5251 quem

218 5282 228 5289 ‘
292 5263 563 5322 Acherius
615 5256 830 5319 viderat
870 5258 1068 5317 :Jesus
1110 5261 1246 5313 enim
1296 5256 1387 5311 ille
1436 5256 1587 5309 verba
1632 5262 1805 5310 noster
1846 5260 1897 5306 et

295 5341 452 5411 facta.

366 5409 392 5447 ιι
424 5408 481 5463 In
510 5408 621 5463 alio
644 5407 834 5464 codice
860 5406 1070 5462 seminis
1095 5403 1276 5477 pepuli
1303 5402 1399 5456 tui.
1426 5398 1571 5477 Infra
1601 5412 1682 5477 es
1708 5394 1897 5477 codice

295 5480 459 5537 Vind.
483 5480 825 5550 scripsimus,
859 5495 1007 5534 amen
1038 5468 1293 5544 dico'tibi,
1324 5488 1446 5529 cum
1476 5473 1531 5526 in
1554 5469 1717 5527 editis
1744 5468 1894 5537 lege-

296 5564 449 5608 retur
476 5554 636 5607 vobis.

374 5638 395 5663 ε
429 5624 520 5680 Sic
576 5623 751 5679 codex
786 5621 971 5689 Vind.;
1004 5620 1099 5677 sed
1157 5634 1261 5673 vox
1321 5614 1661 5689 circumcisio
1703 5610 1901 5667 deinde

298 5697 548 5753 addenda
579 5697 787 5757 estsic,
811 5703 869 5748 ut
900 5686 1109 5764 legatur
1137 5708 1241 5746 non
1272 5706 1409 5744 nunc
1438 5689 1591 5764 etiam
1620 5686 1751 5764 sicut
1781 5692 1899 5764 ante

301 5769 628 5824 circumcisio
652 5784 672 5822 :
704 5768 759 5821 in
778 5755 980 5831 editis:
1009 5778 1418 5833 nonnumquam,
1451 5758 1613 5833 male.
1633 5755 1900 5833 Aclterius

301 5841 564 5913 conjecit,
598 5856 700 5895 non
731 5826 995 5909 umquam.
1033 5835 1087 5892 In
1112 5826 1411 5905 ﬁne,'quod
1432 5831 1723 5901 manifesta:
1750 5826 1894 5897 ﬁdei,

1914 676 2067 747 regni
2097 676 2239 731 illius
2270 674 2626 747 adepturum;
2659 673 2736 729 ait
2766 674 2910 729 enim
2943 691 2955 729 :
2990 675 3190 743 Amen,
3222 694 3369 732 amen
3401 678 3519 732 dico

1918 768 2008 822 tibi
2031 785 2048 823 :
2074 767 2196 823 Nisi
2218 769 2333 838 quis
2357 778 2565 823 renatus
2586 767 2743 839 fuerit
2763 783 2829 822 ea:
2846 784 2985 838 aqua
3010 778 3058 822 et
3077 768 3289 839 Spiritu
3309 778 3515 837 sancto,

1920 877 2023 915 non
2044 860 2233 914 videbit
2262 876 2477 933 regnum
2508 859 2600 913 Dei
2632 856 2811 929 (Jaan.
2844 874 2931 925 tu,
2971 857 3050 928 5).
3095 859 3172 915 De
3200 875 3306 930 quo
3336 870 3522 918 tamen

1922 969 2017 1023 per
2058 953 2275 1008 Esaiam
2310 961 2437 1007 ante
2469 952 2796 1022 prtedixerat
2831 970 2845 1006 :
2910 950 3090 1007 Nolite
3131 955 3311 1023 priora
3339 956 3521 1009 memi-

1923 1048 2078 1113 nisse,
2107 1056 2151 1101 et
2178 1049 2391 1118 antiqua
2418 1047 2577 1101 nolite
2599 1048 2879 1102 recordari.
2907 1048 3044 1103 Ecce
3068 1065 3197 1103 nova
3222 1051 3380 1121 facio,
3406 1064 3524 1121 qua:

1924 1160 2059 1197 nunc
2099 1145 2332 1197 orientur
2350 1158 2369 1197 :
2400 1151 2448 1196 et
2476 1144 2791 1214 cognoscetis
2818 1160 2910 1209 ea;
2937 1151 2983 1197 et
3015 1144 3209 1214 faciam
3238 1143 3291 1197 in
3321 1143 3525 1199 deserto

1924 1237 2091 1303 viam,
2143 1245 2190 1289 et
2240 1235 2456 1305 [Iuntina
2502 1235 2557 1289 in
2609 1236 2721 1289 loco
2763 1235 3039 1306 inaquoso,
3073 1235 3338 1306 adaquare
3367 1252 3525 1305 genus

1928 1346 2095 1384 meum
2126 1330 2361 1395 electura,
2416 1338 2462 1383 et
2516 1329 2711 1401 plebem
2748 1346 2915 1384 meam
2960 1347 3116 1402 quam
3161 1330 3435 1400 acquisivi,
3470 1338 3527 1384 ut

1927 1424 2135 1476 virtutes
2164 1438 2301 1475 meas
2330 1429 2602 1490 exponeret
2628 1419 2765 1492 (Isa.
2791 1436 2941 1488 mu,
2967 1421 3181 1491 18-21).
3208 1421 3277 1476 Ει
3297 1422 3528 1477 iterum:

1933 1513 1994 1568 Si
2010 1514 2228 1566 sitierint
2255 1528 2347 1582 per
2369 1513 2646 1581 desertum,
2680 1513 2901 1567 adducet
2921 1513 3026 1567 illis
3048 1530 3238 1585 aquam
3259 1512 3325 1568 de
3349 1524 3529 1586 petra;

1930 1607 2156 1676 ﬁndetur
2193 1616 2338 1676 petra
2368 1618 2416 1662 et
2442 1611 2565 1679 ﬂuet
2594 1626 2753 1680 aqua,
2783 1618 2831 1663 et
2862 1610 2993 1665 bibet
3023 1610 3165 1680 plebs
3199 1627 3311 1664 mea
3334 1610 3528 1682 (Nunt.

1934 1716 2031 1765 xx,
2064 1700 2142 1771 8).
2168 1700 2238 1756 Et
2261 1703 2422 1757 tertio
2445 1720 2459 1757 ε
2486 1702 2735 1757 Flumina
2761 1703 2824 1757 de
2856 1713 3028 1758 ventre
3055 1706 3166 1777 ejus
3196 1706 3362 1773 ﬂuent
3383 1719 3533 1769 aqua:

1934 1793 2057 1847 rivte
2087 1792 2269 1863 (Joan.
2306 1810 2404 1859 vn,
2451 1792 2567 1865 '58).
2616 1794 2802 1866 Itaque
2841 1795 3144 1851 secundum
3175 1796 3532 1865 Apostolum,

1936 1885 2268 1941 Circumcisio
2320 1887 2453 1941 nihil
2505 1899 2599 1955 est,
2655 1898 2700 1943 et
2754 1891 3064 1961 prtrputium
3110 1890 3244 1945 nihil
3298 1899 3395 1958 est,
3445 1892 3536 1946 sed

1938 1980 2224 2034 observatio
2253 1981 2615 2035 mandatorum
2646 1981 2741 2036 Dei
2770 1982 2824 2053 (Ι
2853 1982 2974 2038 Cor.
3010 1999 3103 2051 νη,
3138 1984 3267 2055 29).
3313 1984 3449 2053 Qua:
3482 1984 3538 2040 in

1938 2074 2045 2131 ﬁde
2080 2076 2409 2147 evangelicze
2450 2076 2788 2133 credulitatis
2840 2078 3095 2149 impleta;
3130 2080 3413 2149 gratiaque
3442 2079 3542 2133 ba-

1942 2170 2233 2240 ptismatis,
2272 2183 2293 2207 t'
2326 2187 2434 2227 non
2466 2185 2610 2226 nunc
2636 2171 2798 2225 etiam
2829 2170 2975 2226 sicut
3002 2178 3130 2226 ante
3157 2181 3250 2226 aut
3278 2171 3540 2243 populum

1942 2263 2119 2333 signat
2141 2270 2233 2317 aut
2254 2278 2477 2319 sexum:
2505 2262 2599 2318 sed
2627 2262 2884 2331 injuriam
2908 2263 3091 2318 carnis
3122 2264 3173 2318 in
3202 2265 3540 2335 signaculum

1942 2357 2183 2427 Spiritale
2205 2367 2558 2424 convertens,
2584 2373 2685 2413 nec.
2712 2372 2908 2413 sexum
2931 2358 3166 2427 excipit‘,
3199 2374 3297 2414 nec
3321 2367 3541 2431 gentem

1943 2451 2212 2515 secernit;
2248 2461 2408 2520 atque
2439 2451 2493 2504 in
2524 2465 2584 2505 se
2611 2466 2801 2505 omnes
2832 2450 3120 2519 aequaliter
3150 2451 3371 2507 salvans
3401 2468 3544 2520 prm-

1945 2542 2153 2611 putium
2188 2542 2240 2596 in
2267 2542 2412 2598 vitiis
2444 2549 2679 2612 reputat,
2714 2550 2770 2597 et
2797 2542 3268 2601 circumcisionem
3305 2544 3465 2600 tradit
3493 2546 3547 2604 in

1948 2633 2221 2699 moribus;
2268 2634 2392 2705 quia
2426 2633 2480 2689 id
2509 2634 2653 2705 quod
2681 2649 2826 2689 ver-.c
2852 2634 3307 2693 sanctiﬁcationis
3335 2645 3444 2706 est,
3491 2638 3549 2697 in

1950 2727 2055 2784 ﬁde
2106 2729 2478 2799 dignoscitur;
2530 2728 2672 2797 quod
2727 2727 3031 2785 manifestae
3080 2729 3227 2800 ﬁdei,
3289 2732 3551 2805 operibus

1945 2821 2175 2891 justitia
2203 2836 2308 2878 non
2341 2820 2554 2892 injuria:
2582 2823 2831 2893 corporis
2861 2822 3174 2894 deputatur.

2632 2961 2865 3019 CAPUT
2903 2960 2999 3018 IX.

2028 3077 2135 3132 Cur
2164 3076 2475 3150 patriarchis
2505 3077 2654 3131 licuit
2709 3078 2894 3133 habere
2922 3078 2977 3132 in
3006 3078 3253 3150 conjugio
3282 3079 3477 3150 plures.

2032 3192 2237 3248 APOLL.
2258 3223 2328 3233 —
2351 3191 2523 3262 Hujus
2548 3206 2763 3263 quoque
2789 3190 3214 3262 dispensationis
3236 3192 3377 3249 sicut
3396 3208 3555 3251 accc-

1962 3302 2146 3357 peram
2177 3298 2324 3342 certa
2351 3287 2601 3356 probatio
2648 3296 2753 3350 est,
2799 3294 2853 3341 et
2901 3284 3213 3340 Judworum
3254 3301 3391 3341 vana
3422 3302 3561 3357 pra:-

1962 3380 2221 3449 sumptio,
2255 3379 2342 3449 qui
2403 3379 2761 3448 reputandum
2817 3378 2918 3433 sibi
2952 3394 3053 3449 pro
3095 3394 3322 3436 munere
3352 3380 3563 3450 baptis-

1966 3473 2128 3528 matis
2165 3471 2403 3526 credunt
2433 3516 2448 3539 ,
2499 3471 2643 3542 quod
2702 3486 2800 3541 pro
2854 3472 3117 3543 temporis
3167 3472 3382 3530 ratione
3426 3489 3565 3544 prac-

1963 3574 2202 3635 ceptum,
2233 3564 2390 3620 dnon
2442 3575 2642 3619 statum
2689 3565 2835 3633 ﬁdei,
2892 3566 2987 3621 sed
3048 3567 3297 3621 notitiam
3341 3567 3562 3637 generis

1964 3658 2281 3714 custodivit.
2309 3658 2451 3726 Quid
2476 3660 2802 3729 patriarchis
2822 3659 3052 3729 justitia:
3083 3661 3277 3717 merita
3308 3664 3565 3718 retinen-

1969 3751 2135 3817 tibus,
2167 3768 2327 3822 quam
2354 3751 2424 3806 ob
2454 3766 2672 3807 causam
2708 3751 2912 3808 habere
2952 3753 3006 3808 in
3047 3754 3305 3825 c0njugio
3328 3771 3568 3813 conven-

1972 3854 2138 3915 tuque
2202 3844 2385 3915 plures
2438 3845 2635 3901 licuit?
2705 3846 2813 3900 Nec
2882 3844 2935 3900 iu
2999 3858 3323 3916 peccatum,
3379 3858 3402 3886 θ
3454 3850 3566 3905 Deo

1971 3937 2161 4009 utique
2188 3940 2431 4005 sciente,
2476 3948 2785 4008 reputatum
2828 3946 2932 4003 est,
2980 3939 3125 4008 quod
3157 3954 3303 3994 nunc
3332 3940 3403 3994 ita
3434 3940 3575 3997 inhi-

1973 4033 2135 4088 betur
2162 4042 2215 4087 et
2242 4030 2514 4101 plectitur,
2541 4040 2602 4085 ut
2630 4046 2740 4085 non
2763 4030 2938 4085 solum
2962 4030 3057 4085 Dei
3084 4030 3307 4100 dignum
3335 4032 3548 4089 aestimo

1978 4136 2064 4182 tur
2094 4124 2322 4192 oﬁ‘ensa,
2348 4123 2445 4180 sed
2477 4123 2686 4180 ultione
2714 4122 2994 4179 hominum
3029 4121 3401 4193 aequissimum
3429 4124 3578 4195 judi-

1979 4231 2150 4279 cetur.
3246 4212 3251 4213 7
3491 4204 3565 4223 ἀ

2052 4315 2253 4372 Zsccu.
2282 4344 2355 4355 -
2381 4313 2663 4384 Multiplex
2694 4311 2915 4384 quidem
2946 4311 3088 4381 apud
3136 4312 3323 4383 plures
3345 4314 3579 4373 licentia:

1982 4411 2145 4465 istius
2168 4424 2330 4465 causa
2354 4416 2460 4474 est,
2503 4407 2597 4462 sed
2633 4407 2749 4461 haec
2776 4405 3048 4477 prmeipua
3076 4406 3242 4462 fuisse
3263 4408 3537 4465 credenda
3563 4427 3577 4477 ;

1988 4512 2046 4559 ut
2086 4503 2435 4575 perfectionis
2458 4501 2653 4556 ordine
2673 4508 3045 4569 sequestram,
3078 4499 3172 4556 Dei
3204 4503 3437 4571 primum
3469 4521 3584 4562 cre-

1988 4598 2187 4655 dulitas
2243 4594 2688 4662 fundaretur;et
2738 4592 2898 4649 ﬁdem
2942 4593 3125 4665 potius
3175 4595 3424 4653 stabilire
3453 4612 3585 4653 con-

1990 4692 2223 4748 tendens
2246 4689 2332 4745 lex
2367 4688 2517 4744 illata
2559 4702 2666 4742 non
2693 4686 2929 4751 tolleret,
2958 4686 3101 4758 quod
3133 4687 3247 4743 ﬁeri
3298 4689 3447 4747 velut
3498 4694 3582 4747 in-

1989 4785 2216 4841 noxium
2239 4783 2539 4854 reperisset
2559 4794 2733 4851 eaque
2763 4788 2971 4834 tantum
2995 4778 3343 4850 signarentur
3370 4781 3581 4856 illicita,

1989 4894 2110 4949 quce
2139 4891 2269 4933 vere
2310 4874 2557 4932 mortalia
2590 4873 2979 4929 credebantur.
3005 4872 3139 4930 Inde
3190 4876 3422 4933 Abraltte
3451 4878 3588 4937 ﬁdes

1991 4985 2091 5041 pro
2112 4970 2320 5042 justitia
2352 4978 2605 5040 reputata
2627 4974 2737 5036 est,
2758 4976 2814 5022 et
2842 4967 3064 5023 devotio
3089 4969 3260 5026 cessit
3279 4969 3348 5025 ad
3370 4972 3587 5041 merita,

1997 5110 2197 5179 optima
2232 5108 2396 5165 lectio
2426 5104 2639 5179 codicis
2668 5104 2855 5179 Vindx,
2887 5114 3102 5179 contra,
3136 5106 3335 5177 prioris
3390 5109 3588 5167 editio.

1999 5177 2102 5244 nis,
2137 5183 2260 5249 quia
2288 5179 2574 5249 manifesta:
2602 5177 2749 5248 fidei,
2791 5177 3051 5246 pessima.

2070 5252 2097 5289 ἀ
2126 5252 2219 5309 Sic
2247 5252 2419 5307 codex
2452 5249 2614 5304 Vind.
2647 5261 2699 5303 et
2730 5250 2872 5304 alius
2927 5266 3088 5319 quem
3139 5250 3410 5306 Acherius
3439 5252 3590 5311 vide-

1996 5333 2106 5390 rat,
2138 5325 2429 5381 emeodate
2462 5340 2474 5375 :
2511 5323 2562 5376 in
2594 5331 2742 5377 textu
2775 5322 2971 5390 prioris
3000 5321 3257 5377 editionis
3288 5338 3391 5377 non
3419 5333 3590 5380 stultt-

2000 5405 2108 5449 tum
2137 5396 2330 5465 ﬁdei...
2364 5395 2682 5467 custodiunt,
2734 5406 3017 5467 Corrupto.
3051 5392 3332 5467 Superiori
3387 5397 3591 5467 capite,

1998 5467 2327 5539 signaculum
2350 5465 2494 5535 ﬁdei,
2523 5482 2627 5519 non
2656 5475 2845 5520 statum
2873 5465 3034 5535 fuisse
3051 5465 3301 5536 justitite.
3458 5465 3467 5467 ἡ
3577 5465 3584 5467 ⁷

2076 5549 2099 5577 ε
2128 5541 2223 5594 Hic
2280 5536 2485 5594 sciendi
2536 5537 2765 5592 verbum
2819 5538 2981 5591 aliter
3030 5535 3293 5603 accipitur
3338 5550 3403 5593 ac
3430 5540 3593 5603 vulgo

2076 5556 2099 5577 “
2128 5556 2223 5594 HIC
2280 5556 2485 5594 SClenﬂl
2536 5556 2765 5592 vernum
2819 5556 2981 5591 auter
3030 5556 3293 5603 BCClplllll'
3338 5556 3403 5593 ac
3430 5556 3593 5610 νηιςο

2002 5612 2159 5679 solet,
2187 5611 2443 5665 nimirum
2473 5620 2530 5664 ut
2551 5610 2736 5663 scitum
2766 5607 2817 5661 in
2852 5607 2939 5662 illa
2969 5621 3102 5662 voce
3130 5607 3474 5679 plebiscitum.
3509 5612 3593 5668 ln-

2002 5683 2083 5738 fra
2122 5726 2135 5749 ,
2183 5684 2378 5738 ultione
2429 5681 2696 5736 hominum
2750 5680 3121 5749 azquissimum,
3155 5680 3341 5738 ultima
3371 5696 3474 5739 vox
3502 5684 3597 5741 ad-

2002 5754 2208 5827 scripta
2238 5771 2270 5811 e
2295 5754 2484 5812 codice
2514 5752 2678 5810 Vind.
2711 5760 2767 5808 et
2796 5752 3023 5807 Lemov.
