4060 6344
245 297 271 366 ι
289 300 385 370 ιῑὸ

1419 295 2059 376 consulaminith
2097 303 2234 375 tua.
2275 304 2342 366 tt.

3422 301 3564 374 il“

239 424 295 469 et
320 415 376 468 in
407 414 877 485 consequentibus
897 415 1000 474 ait:
1030 413 1096 474 Et
1119 431 1252 476 nunc
1292 416 1447 476 homo
1485 415 1651 488 Iuda,
1682 426 1730 472 et
1755 416 1844 496 qui
1875 419 1924 486 Α
1953 417 2075 482 tati,
2103 419 2202 478 sed
2256 417 2466 480 meritis
2508 418 2635 484 ﬁdei
2681 418 2836 486 salus
2891 433 3084 489 magna
3140 417 3408 489 promissa
3449 428 3560 490 est,

240 506 561 574 inhabitatis
592 507 944 575 Hierusalem,
969 509 1210 579 judicate
1263 510 1397 562 inter
1452 525 1531 566 me
1581 518 1626 562 el
1657 509 1857 562 vineam

243 616 415 662 meam
450 616 470 654 ,ο
511 601 637 672 quid
671 601 866 672 faciam
907 605 1066 656 rinea:
1100 617 1225 656 mea:
1263 601 1399 676 quod
1439 601 1613 662 adhuc
1651 617 1754 654 non
1783 603 1861 671 [e—

243 696 405 754 cerim
453 696 501 756 ei
529 693 912 769 (Ibid.5,4)?
962 694 1124 754 Vinea
1174 697 1312 756 enim
1359 695 1572 756 Domini
1617 692 1859 759 tabaotlt,

243 789 435 848 domus
469 786 646 850 Israel
668 799 737 850 est
776 787 965 858 (Ibid,
1011 789 1090 858 7).
1125 789 1295 846 l-lomo
1319 787 1481 856 Juda,
1529 789 1776 845 Salvator
1807 794 1865 842 tit

241 897 414 952 supra
447 900 460 936 :
489 882 548 938 hi
579 894 759 938 autem
782 883 873 954 qui
908 884 1150 944 habitant
1173 883 1537 950 lliernsalem,
1573 892 1596 918 τι
1629 897 1860 954 quorum

243 990 342 1045 pes
374 973 430 1029 in
457 974 725 1030 Ecclesia:
759 975 865 1029 fide
894 976 1084 1030 currit.
1119 975 1306 1046 itaque
1331 976 1475 1031 inter
1506 991 1564 1031 Se
1610 990 1671 1028 ac
1702 988 1864 1048 popu-

244 1066 356 1122 lum
389 1065 708 1125 Judteorum
763 1066 912 1124 velut
946 1069 1063 1144 pari
1094 1067 1408 1124 conditione
1439 1067 1700 1129 Dominus
1732 1065 1862 1122 hor-

248 1168 398 1216 tatur
455 1161 710 1232 agnosci.
742 1159 882 1228 Quid
913 1161 964 1226 ci
987 1161 1161 1218 adhuc
1211 1161 1536 1224 mirabilium
1565 1177 1626 1224 ac
1655 1161 1862 1220 benefi-

245 1254 462 1310 ciorum
517 1263 778 1322 praestare
811 1255 1000 1324 possit,
1034 1255 1178 1330 quod
1225 1268 1352 1318 ante
1381 1270 1492 1317 non
1523 1255 1725 1314 factum
1750 1256 1820 1318 sit
1847 1272 1860 1310 :

243 1348 332 1404 cui
379 1364 447 1404 ex
508 1346 745 1424 rEgypto
790 1349 1125 1419 gravissima)
1170 1349 1418 1406 liberatio
1474 1349 1777 1417 servitutis,
1810 1359 1867 1405 et

246 1439 527 1496 absolutae
570 1457 599 1496 a
649 1439 888 1512 cophino
944 1456 1137 1496 manus
1169 1457 1184 1506 ;
1218 1441 1304 1498 cui
1335 1441 1621 1506 innumera
1644 1441 1697 1500 in
1726 1440 1866 1500 Pha-

246 1547 482 1592 raonem
528 1541 694 1606 atque
721 1548 913 1596 omnes
964 1533 1254 1610 rEgyptios
1289 1533 1465 1608 signa,
1500 1535 1636 1596 sicut
1692 1535 1743 1596 in
1772 1549 1864 1590 co-

247 1625 437 1680 lttmua
466 1625 627 1680 nubis
656 1635 710 1679 et
739 1625 954 1682 luminis
983 1626 1069 1682 die
1096 1641 1159 1680 ac
1210 1638 1370 1682 nocte
1397 1626 1612 1687 visibile
1653 1627 1864 1696 praevia:

247 1717 556 1773 divinitatis
585 1718 868 1784 auxilium,
895 1728 951 1775 et
978 1736 1006 1772 ιι
1062 1721 1504 1790 persequentium
1535 1719 1864 1786 impenetra-

1966 506 2193 564 Domino
2225 509 2306 568 sic
2336 509 2570 574 docente
2633 524 2760 570 cum
2792 523 2850 566 se
2898 509 3062 566 iidem
3105 509 3279 566 Juda-i
3343 526 3440 578 pro
3469 527 3568 582 po.

1965 601 2071 663 tius
2120 601 2250 658 fidei
2293 604 2618 678 probatione
2659 602 2892 660 Abi-aha:
2922 603 3061 662 tilios
3093 621 3220 661 esse
3241 607 3515 676 juclarent
3546 625 3560 671 ι

1976 689 2098 760 Vos,
2129 693 2327 764 inquit,
2353 696 2420 756 de
2451 695 2660 756 diabolo
2684 707 2830 768 patre
2848 697 2959 752 nati
2985 699 3124 765 estis,
3159 709 3206 752 et
3237 715 3394 770 opera
3418 700 3563 762 illius

1966 785 2140 859 {acilia
2175 786 2356 858 (Joan.
2392 805 2511 864 viti,
2567 789 2679 860 44).
2708 791 2770 846 Si
2820 794 2954 848 enim
2985 791 3204 852 Aura/ta:
3243 793 3341 862 lilii
3367 796 3562 863 essetis,

1969 898 2124 954 Opera
2148 884 2292 946 illius
2321 885 2562 955 faceretis
2582 884 2747 958 (Ibid.
2779 884 2871 957 39)
2898 903 2912 952 ;
2946 886 2998 941 id
3021 899 3129 954 eat,
3160 887 3297 946 lides
3327 891 3380 944 in
3413 887 3566 954 vobis

1966 973 2166 1030 similis
2197 986 2520 1048 appareret:
2549 985 2605 1031 et
2628 976 2768 1036 sicut
2794 978 2885 1034 ille
2910 977 2964 1032 in
2997 981 3149 1036 omni
3173 978 3423 1040 humanae
3455 981 3568 1044 lue,-

1968 1067 2244 1130 sitationis
2272 1067 2601 1132 difﬁcultate
2629 1069 2758 1127 mihi
2791 1069 3049 1134 credidit.
3078 1073 3191 1147 pari
3213 1084 3266 1130 et
3298 1087 3396 1130 vos
3414 1087 3568 1128 mau-
3612 1075 3616 1080 '

1968 1161 2260 1224 suetudine
2305 1163 2631 1224 crederetis.
2663 1163 2814 1222 llaec
2835 1172 3014 1222 tamen
3043 1178 3231 1222 eorum
3259 1164 3444 1222 cordis
3467 1165 3568 1222 du-

1971 1252 2146 1306 ritiam
2178 1269 2400 1318 manere
2431 1255 2653 1328 quidem
2683 1270 2782 1326 pro
2811 1255 2898 1314 sui
2928 1255 3279 1314 miseratione
3302 1256 3568 1317 Divinitas

1971 1360 2077 1398 non
2105 1344 2244 1414 vult,
2267 1346 2361 1404 sed
2394 1347 2631 1404 existere
2661 1363 2757 1416 pro
2793 1363 2980 1406 eorum
3032 1349 3415 1408 incredulitate
3448 1365 3573 1419 pcr-

1972 1440 2137 1508 misit,
2170 1455 2234 1496 ac
2260 1441 2566 1502 seculidnm
2618 1441 2948 1511 Apostolum
2981 1459 2992 1495 :
3020 1441 3104 1496 Ea:
3149 1453 3296 1510 parte
3321 1445 3373 1496 in
3402 1441 3571 1500 Israel

1969 1534 2174 1587 cazcitas
2220 1535 2458 1608 contigit,
2490 1544 2544 1596 ut
2581 1535 2712 1610 ﬁdes
2761 1536 2994 1608 gentium
3023 1535 3359 1594 subintroiret
3385 1535 3564 1612 (Horn.

1970 1641 2044 1691 χι,
2072 1626 2188 1693 ‘25).
2227 1625 2412 1695 Itaque
2443 1628 2507 1680 ad
2547 1627 2842 1682 obtinenda
2891 1630 3225 1686 aeternitatis
3272 1629 3412 1686 bona
3469 1644 3570 1688 nec

1967 1717 2168 1772 ludatis
2185 1720 2540 1790 prun-agativa
2555 1722 2774 1790 generis
2792 1720 3012 1788 sullicit,
3031 1722 3134 1778 nisi
3153 1731 3206 1778 et
3229 1721 3364 1782 fides
3381 1722 3575 1798 origini

248 1811 374 1867 bilis
405 1813 671 1876 discretio
702 1813 1095 1874 tenebrarum?
1129 1813 1372 1874 inaudita
1401 1822 1662 1891 przeterea
1692 1814 1865 1888 pelagi
1900 1820 1944 1890 Β
1970 1810 2336 1882 suffragetur;
2373 1831 2583 1886 nosque
2608 1830 2830 1875 rursum
2879 1816 2996 1867 sola
3035 1831 3226 1876 eorum
3261 1831 3370 1872 non
3402 1821 3578 1872 salvat

249 1903 378 1976 fuga
415 1947 430 1974 ,
494 1917 551 1962 ct
595 1915 787 1968 contra
834 1906 1202 1962 insistentium
1261 1905 1577 1970 violentiam
1621 1905 1869 1969 defensio

250 1999 560 2070 praeliantis
607 1999 863 2056 elementi
895 2015 910 2063 ;
945 2014 1140 2058 manna
1173 2000 1225 2054 in
1277 2016 1486 2065 eremo,
1519 2009 1574 2062 et
1603 2001 1722 2062 sine
1775 2001 1870 2056 de-

250 2095 398 2149 coris
448 2109 518 2152 ac
552 2096 792 2150 vestium
845 2093 1179 2152 detrimento
1202 2093 1467 2154 diuturna:
1493 2107 1619 2152 usus,
1648 2093 1820 2150 aetatis
1854 2111 1867 2147 :

252 2189 514 2257 estiulsio
541 2188 771 2260 perinde
799 2186 1041 2258 gentium
1073 2187 1126 2242 vi
1155 2202 1218 2242 ac
1247 2203 1470 2246 numero
1499 2186 1526 2224 δ
1575 2185 1870 2260 imparibus

255 2279 536 2348 praestita,
587 2289 751 2354 atque
805 2278 858 2332 in
920 2279 1324 2355 possessionem
1375 2279 1651 2340 allluentis
1709 2291 1871 2336 terra:

256 2368 561 2425 hmreditas
583 2371 902 2424 constituta.
928 2369 1068 2438 Quid
1095 2369 1401 2440 objurgatio
1422 2385 1566 2440 θωνα
1591 2370 1871 2432 incruenta

260 2463 642 2534 peccantibus,
695 2474 748 2518 et
804 2462 1000 2516 abolita
1038 2477 1328 2538 pauentum
1386 2463 1868 2527 aniuuulversiune

261 2555 670 2628 transgressio,
727 2555 967 2610 remissa:
1026 2557 1363 2632 peccantium
1415 2569 1598 2622 neces,
1639 2571 1701 2612 ac
1734 2569 1873 2624 pene

261 2650 318 2706 in
361 2651 694 2708 abusionem
724 2650 979 2706 denantis
1015 2649 1230 2705 redacta
1273 2650 1564 2707 assiduitas
1596 2648 1873 2708 lenitatis?

335 2742 538 2800 Tantis
569 2741 730 2822 igitur
757 2739 1142 2797 debacchantis
1171 2741 1409 2818 perﬁdia:
1440 2741 1594 2822 malis
1620 2741 1747 2820 quid
1775 2741 1872 2802 ad-

259 2833 356 2912 jici
390 2844 412 2872 ο
441 2820 630 2910 potius
656 2835 830 2910 potuit
859 2833 910 2886 in
942 2833 1232 2900 medelam,
1257 2849 1418 2906 quam
1451 2843 1510 2888 ut
1535 2820 1594 2889 in
1639 2833 1875 2892 remedia

267 2929 619 2994 pereuntium
665 2943 727 2979 ex
765 2925 1049 2997 utriusque
1096 2933 1150 2980 et
1179 2927 1353 2981 sancti
1393 2926 1634 2998 Spiritus
1687 2927 1878 2981 volun-

269 3031 379 3077 tate
428 3022 528 3078 Dei
585 3021 756 3076 Filius
815 3021 1143 3086 mitteretur,
1196 3021 1287 3091 qui
1319 3020 1630 3094 fragilitatis
1673 3028 1876 3076 nostra:

271 3116 565 3170 materiam
624 3115 880 3186 dignatus
949 3129 1228 3170 assumere
1295 3123 1466 3170 totum
1524 3115 1578 3168 in
1626 3115 1736 3178 Deo
1786 3130 1879 3169 su-

271 3211 513 3282 sciperet
549 3207 846 3276 hominem,
902 3219 956 3263 ut
1004 3218 1056 3264 et
1090 3218 1258 3270 totum
1314 3209 1361 3264 si
1389 3209 1673 3284 crederet,
1702 3209 1757 3270 in
1783 3223 1877 3263 sua
1909 3204 1953 3274 C

273 3303 580 3380 adeptione
610 3303 892 3358 salvaret?
920 3302 1029 3360 Sed
1061 3304 1301 3358 restabat
1352 3303 1648 3364 incredulis
1672 3345 1688 3370 ,
1743 3314 1799 3362 ut
1827 3305 1879 3358 iu

275 3396 394 3451 illos
418 3411 721 3468 eorumque
746 3412 888 3451 nunc
918 3409 1164 3465 posteros
1189 3397 1456 3455 sententia
1480 3397 1842 3466 compleretur
1867 3413 1880 3449 :

277 3486 463 3542 Oculis
518 3487 730 3542 videant
761 3498 809 3541 et
854 3505 957 3544 non
1009 3488 1212 3546 videant
1264 3506 1280 3542 :
1333 3489 1487 3542 corde.
1516 3490 1811 3563 intelligant
1836 3499 1885 3544 et

276 3601 379 3638 non
412 3581 712 3656 intelligant
739 3600 757 3650 ;
800 3585 1015 3639 auribus
1054 3584 1272 3638 audiant
1323 3595 1368 3637 et
1401 3601 1501 3637 non
1531 3585 1792 3650 audiant;
1824 3601 1886 3638 ne

277 3678 488 3749 quando
521 3686 911 3738 convertantur,
944 3687 990 3730 et
1045 3692 1224 3734 saltem
1280 3675 1421 3744 illos,
1457 3677 1580 3729 dicit
1631 3675 1886 3730 Dominus

279 3767 418 3842 (Isa.
453 3786 533 3835 vt,
564 3768 679 3840 10).
717 3769 783 3822 Et
817 3770 1010 3823 iterum
1041 3785 1054 3822 :
1084 3766 1170 3822 Va:
1191 3769 1332 3839 genti
1364 3769 1660 3836 peccatrici,
1695 3768 1887 3839 papqu

280 3863 436 3933 pleno
469 3864 718 3936 peccatis,
746 3860 874 3929 ﬁliis
896 3859 1124 3918 scelestis
1155 3859 1426 3934 (Isa.t,4).
1459 3861 1525 3915 Et
1550 3862 1710 3916 tertio
1741 3879 1751 3914 :
1785 3859 1888 3914 De-

282 3939 609 4029 rclinquetur
633 3955 747 4024 ﬁlia
779 3955 907 4010 Sion
936 3965 991 4008 ut
1042 3955 1434 4008 tabernaculum
1461 3955 1513 4007 in
1547 3957 1711 4021 vinea,
1743 3963 1791 4008 et
1818 3955 1889 4008 si-

283 4059 368 4102 cut
399 4067 525 4104 casa
579 4047 899 4102 custodiaria
934 4048 987 4100 in
1033 4047 1412 4109 cucumerario,
1447 4055 1492 4098 ct
1523 4046 1655 4099 sicut
1710 4045 1888 4098 civitas

283 4158 400 4210 qua:
427 4152 762 4218 expugnatur
795 4139 957 4212 (Ibid.
979 4139 1054 4207 8).
1082 4138 1211 4206 Qutc
1244 4153 1272 4191 a
1298 4153 1357 4194 se
1377 4138 1504 4192 olim
1533 4151 1628 4206 per
1656 4137 1892 4206 prophe-

287 4244 398 4290 tam
425 4237 570 4292 dicta
610 4236 968 4302 confirmans,
997 4235 1049 4288 in
1073 4233 1371 4306 Evangelia
1394 4233 1661 4286 Dominus
1694 4245 1892 4302 appro-

286 4329 438 4385 bavit
484 4329 675 4390 dicens
709 4346 721 4382 :
759 4328 1108 4397 Hierusalem,
1163 4326 1512 4392 Hierusalem,
1549 4341 1664 4397 quae
1702 4323 1893 4379 occidis

289 4427 601 4498 prophetas,
629 4435 676 4481 et
702 4423 908 4498 lapides
938 4424 1123 4477 missos
1150 4422 1218 4476 ad
1243 4431 1327 4488 te;
1351 4421 1547 4491 quoties
1591 4421 1725 4474 volui
1765 4436 1889 4473 con-

289 4536 511 4596 gregare
542 4520 678 4594 ﬁlios
712 4533 827 4576 tuos
859 4519 990 4573 sicut
1037 4516 1234 4588 gallina
1263 4524 1536 4594 congregat
1566 4514 1738 4583 pullos
1771 4531 1893 4568 suos

1973 1901 2204 1972 oti'ensa,
2230 1904 2331 1957 nisi
2358 1905 2565 1974 pra-lati
2615 1904 3027 1968 humiliatarum
3063 1907 3262 1975 pariter
3287 1922 3574 1965 vereamur

1975 1999 2282 2065 exemplum
2317 2013 2332 2063 ;
2363 2007 2417 2051 et
2449 2014 2609 2060 uuam
2675 2001 2727 2052 in
2757 1998 2977 2054 Christo
3027 2011 3189 2072 atque
3245 2001 3574 2058 iudubltdlii-

1974 2089 2079 2144 lem
2105 2091 2244 2144 viam
2295 2092 2511 2163 utrique
2547 2091 2750 2162 populo
2783 2104 2974 2162 patere
3005 2095 3316 2160 credentes,
3351 2097 3574 2154 inteme-

1977 2197 2092 2238 rata
2125 2182 2250 2238 fidei
2283 2184 2425 2246 dona
2481 2192 2774 2239 teneamus
2802 2202 2817 2256 ;
2851 2186 2996 2242 sicut
3026 2189 3080 2252 in
3131 2187 3430 2260 Evangelia
3459 2189 3576 2259 ipse

1978 2292 2077 2331 nos
2115 2276 2302 2331 docuit
2331 2278 2522 2333 dicens
2559 2297 2570 2330 :
2601 2275 2718 2358 Ego
2764 2295 2876 2332 sum
2915 2281 3020 2347 via,
3046 2290 3096 2342 et
3134 2281 3343 2350 veritas,
3370 2292 3416 2336 et
3445 2282 3573 2336 vita.

1979 2368 2142 2423 Nemo
2161 2371 2302 2426 vadit
2326 2373 2393 2424 ad
2426 2370 2639 2427 Patrem
2671 2373 2772 2432 nisi
2802 2389 2893 2442 per
2914 2389 2992 2430 me
3022 2371 3204 2446 (Joau.
3229 2375 3434 2442 xv1,6).
3465 2377 3527 2430 Et
3559 2393 3573 2429 :

1979 2461 2081 2532 Qui
2103 2460 2385 2518 crediderit
2418 2463 2470 2516 in
2499 2479 2599 2529 me,
2633 2463 2714 2516 liic
2740 2463 2914 2518 salvus
2937 2467 3034 2518 erit
3062 2465 3248 2535 (Joan.
3283 2481 3356 2531 vi,
3384 2464 3500 2536 47).
3526 2465 3582 2522 id

1973 2563 2080 2618 est,
2113 2561 2172 2607 ut
2218 2553 2362 2608 sicut
2408 2571 2545 2608 unus
2584 2555 2746 2618 Deus,
2798 2555 2870 2609 ita
2924 2573 3064 2610 unus
3113 2557 3452 2612 credentium
3483 2573 3578 2629 po-

1978 2646 2133 2718 pulus
2163 2644 2442 2702 Creatoris
2475 2649 2525 2700 in
2561 2660 2880 2725 perpetuum
2913 2648 3118 2710 serviat
3147 2649 3438 2708 voluntati:
3462 2651 3578 2706 cul-

1980 2748 2199 2808 tumque
2245 2753 2351 2800 non
2407 2740 2662 2811 reSpuit,
2723 2741 2850 2795 dum
2913 2752 3162 2798 neutram
3217 2754 3424 2820 partem
3484 2742 3580 2799 Dei

1974 2831 2188 2902 iustitia
2244 2831 2584 2902 deprimens,
2616 2833 2824 2888 absolvi
2874 2833 3089 2892 laetatur
3146 2834 3197 2888 in
3230 2834 3579 2894 confessione

1979 2924 2291 2990 credentes,
2323 2940 2464 2996 quos
2495 2926 2852 2988 incredulitas
2884 2928 2936 2981 in
2969 2928 3284 2982 auctoribus
3315 2928 3582 3000 pra-dam-

1983 3017 2152 3072 navit.

2593 3111 2822 3168 CAPUT
2876 3109 2964 3166 XI.

2233 3206 2365 3271 Quae
2395 3207 2753 3260 ltwreticorum
2781 3221 2969 3275 genera
3000 3205 3077 3259 vel
3111 3221 3329 3262 errores.

2061 3305 2260 3360 Αιιοιι..
2297 3332 2366 3341 -
2395 3301 2561 3357 Multa
2593 3308 2678 3356 est
2707 3300 3023 3355 Judzeorum
3057 3301 3312 3355 vecordia
3335 3343 3349 3367 ,
3385 3302 3428 3357 si
3478 3309 3588 3358 tam

1989 3395 2276 3465 perstiicua
2311 3396 2592 3458 nesciunt;
2624 3393 2990 3450 damnabib'or
3018 3395 3360 3448 contumacia
3382 3435 3397 3460 ,
3431 3393 3477 3448 si
3505 3394 3588 3449 in-

1990 3489 2205 3544 tellecta
2237 3497 2592 3542 contemnunt
2625 3504 2636 3540 :
2669 3486 2764 3541 sed
2793 3487 2910 3542 sive
2946 3488 3200 3558 ignorent
3246 3502 3339 3542 seu
3379 3487 3587 3542 intelli-

1987 3589 2117 3652 gant
2139 3589 2194 3635 et
2223 3590 2476 3635 recusent
2501 3621 2515 3645 ,
2543 3578 2707 3633 alieni
2740 3593 2768 3632 a
2803 3578 3034 3633 crimine
3057 3594 3179 3634 esse
3202 3593 3309 3634 non
3335 3587 3588 3650 possunt,

1989 3676 2188 3747 quibus
2217 3685 2302 3728 aut
2365 3673 2711 3745 negligentia:
2760 3673 3136 3744 prarjudiciitm
3172 3673 3226 3728 in
3279 3675 3544 3730 abusione
3571 3717 3586 3742 ,

1989 3781 2084 3826 aut
2112 3781 2296 3824 reatus
2329 3769 2380 3822 in
2406 3766 2791 3822 incredulitate
2811 3767 3132 3821 subeundus
3155 3778 3260 3820 est.
3287 3767 3395 3820 llos
3424 3767 3589 3837 igitur

1993 3862 2288 3933 perditioni
2315 3876 2452 3928 smn,
2477 3860 2522 3914 si
2554 3861 2655 3914 hoc
2685 3869 2864 3914 tamen
2902 3859 3135 3929 eligunt,
3182 3858 3591 3931 derelinquens,

1995 3957 2376 4010 haereticorum
2401 3950 2427 3989 ἀ
2473 3968 2675 4024 genera
2705 3953 3184 4023 proiirictatesque
3217 3953 3352 4007 mihi
3389 3953 3590 4023 pande,

1996 4056 2056 4101 ut
2085 4047 2136 4100 iit
2163 4045 2266 4100 fide
2289 4054 2564 4114 tamquam
2591 4045 2643 4098 in
2676 4045 2942 4099 immobili
2971 4060 3106 4114 rupe
3133 4045 3438 4112 sistentem,
3469 4062 3592 4101 eum

1997 4139 2262 4194 infestare
2293 4137 2494 4193 fluctus
2525 4137 2764 4207 perfidia:
2796 4137 3087 4206 coeperint,
3122 4139 3439 4208 pra'cognitl
3468 4148 3595 4196 ante

1998 4248 2104 4288 non
2146 4240 2422 4287 moveant.
2454 4231 2587 4286 Nam
2625 4231 2752 4285 licet
2792 4229 3058 4300 simplicis
3109 4231 3275 4286 animi
3305 4230 3426 4287 fore
3475 4246 3596 4289 cre-

1997 4328 2120 4382 dam
2177 4325 2368 4382 horum
2429 4325 2729 4395 pravitates
2760 4338 3092 4393 erroresque
3121 4324 3334 4379 nescire
3366 4365 3382 4390 ,
3417 4323 3596 4380 muni-

2000 4423 2157 4478 tioris
2191 4433 2372 4476 tamen
2399 4420 2522 4476 ﬁdei
2562 4431 2643 4474 est
2678 4435 2778 4491 pro
2808 4418 3062 4472 cautione
3091 4433 3447 4489 cognoscere.

2073 4517 2271 4572 ZACCH.
2298 4545 2368 4556 -—
2399 4514 2585 4570 Tant-.12
2629 4513 3016 4568 haereticorum
3049 4525 3113 4566 ac
3143 4520 3249 4566 tam
3294 4513 3596 4570 innumera:

292 4591 399 4668 suo
440 4591 556 4670 alas
584 4633 725 4680 suas,
752 4624 798 4668 et
823 4612 1078 4666 noluisti?
1108 4610 1240 4665 Ecce
1286 4591 1605 4680 relinquetur
1632 4609 1768 4664 vobis
1797 4608 1893 4662 do-
1925 4601 1974 4672 Ι)
2003 4623 2188 4686 pestes
2216 4623 2341 4666 sunt
2369 4652 2380 4674 ,
2413 4619 2468 4665 ut
2494 4625 2590 4665 eos
2625 4623 2730 4663 noo
2767 4606 2944 4660 solum
2977 4620 3306 4661 enumerare
3335 4605 3558 4665 difﬁcile
3583 4647 3598 4674 ,

295 4723 412 4762 mus
439 4717 605 4770 vestra
637 4707 836 4762 deserta
869 4703 1084 4780 (Matth.
1113 4719 1268 4778 χχιιι,
1295 4703 1392 4772 57,
1419 4700 1528 4773 38).
1568 4701 1620 4756 Id
1664 4713 1742 4756 est
1777 4716 1896 4771 qua:

299 4797 393 4853 Dei
427 4810 546 4854 erat
571 4798 839 4854 habitatio
883 4809 1031 4860 ante,
1092 4809 1236 4858 nunc
1277 4793 1588 4857 damtonum
1622 4804 1703 4848 est
1737 4795 1897 4864 :quia

297 4893 565 4972 quidquid
597 4893 789 4972 religio
818 4906 943 4952 vera
977 4887 1648 4964 deseruerit,superstitio
1673 4887 1898 4957 profana

300 4985 403 5040 sibi
437 4984 703 5044 vindicat.

374 5078 478 5136 Ubi
509 5095 641 5152 ergo
683 5077 996 5134 Judmorum
1057 5076 1291 5147 perditio
1344 5076 1397 5130 in
1430 5072 1633 5136 Christi
1669 5076 1908 5130 interne-

303 5175 467 5232 cione
497 5175 770 5247 completa
800 5183 903 5236 est,
933 5173 1245 5229 credulitati
1292 5171 1542 5242 gentium
1577 5170 1710 5227 fides
1737 5172 1910 5240 patuit

306 5271 712 5340 promissorum
738 5286 751 5322 :
782 5276 839 5323 et
864 5266 1006 5322 sicut
1048 5267 1120 5320 ab
1157 5265 1316 5324 initio
1339 5279 1446 5320 non
1477 5265 1702 5335 generis
1735 5265 1909 5336 digni-

383 5441 410 5469 ⁸·
442 5432 538 5488 Sic
559 5431 734 5487 codex
764 5426 950 5490 γωδ..
1005 5423 1328 5487 emendate;
1360 5424 1509 5491 prior
1557 5422 1749 5489 editio,
1783 5439 1914 5493 quo-

312 5519 431 5558 rum
459 5521 596 5570 spes,
629 5509 904 5570 corrupte.
959 5497 1098 5550 intra
1148 5495 1290 5570 idem
1347 5493 1518 5570 codex
1568 5503 1624 5548 et
1657 5494 1906 5562 Lemov.,

314 5576 452 5643 quod
482 5567 601 5627 ante
657 5591 760 5626 non
789 5567 814 5635 ξ
840 5580 1001 5623 antea
1037 5567 1352 5643 legebantur
1381 5567 1682 5643 quodcerte
1714 5581 1836 5643 non.

386 5644 412 5681 ιι
451 5647 605 5710 Edita
634 5646 684 5698 in
713 5644 971 5714 patribus,
997 5640 1232 5714 pessime
1257 5654 1282 5714 ;_
1303 5637 1708 5714 e_odd.Vind._et
1731 5635 1912 5701 Lem.,

316 5717 371 5769 in
404 5707 637 5783 paribus,
659 5707 730 5769 et"
764 5714 865 5784 ipsi
908 5707 1287 5784 itualerhaud
1308 5707 1535 5784 dubium
1563 5711 1698 5784 quin
1724 5724 1914 5784 veram

320 5780 608 5848 lectionem
635 5780 1046 5840 exhi'ittcrimus
1077 5780 1445 5852 hic,periude
1466 5790 1629 5852 atque
1659 5780 1799 5835 intra
1821 5780 1914 5836 ubi

323 5857 528 5914 editum
553 5867 691 5926 erat,
727 5871 790 5909 ac
819 5867 949 5926 pene
973 5853 1028 5905 in
1057 5851 1378 5916 abusionem.
1545 5851 1555 5852 '
1713 5867 1715 5869 ί
1874 5883 1878 5887 .

2005 4721 2190 4760 verum
2213 4705 2380 4760 etiam
2416 4704 2701 4758 nominare
2728 4701 2976 4757 deforme
3007 4699 3096 4764 sit;
3125 4700 3198 4752 ita
3228 4701 3458 4755 miseros
3489 4701 3604 4757 evi-

2005 4799 2251 4854 dentium
2284 4797 2610 4868 pravitatum
2637 4793 2957 4850 detestanda
2986 4791 3209 4847 traditio
3239 4808 3268 4847 a
3295 4793 3400 4850 ﬁde
3440 4810 3603 4850 aver-

2009 4891 2172 4946 tendo
2204 4890 2427 4946 caecavit
2454 4932 2468 4954 ,
2525 4889 2604 4944 sic
2661 4888 2897 4958 denique
2942 4887 2994 4940 in
3028 4901 3222 4940 sensus
3257 4888 3601 4957 pereuntium

2009 4982 2286 5040 subtilitas
2317 4997 2377 5039 se
2409 4982 2693 5038 diaboliem
2743 4979 2945 5034 fraudis
2981 4979 3288 5046 immersit,
3349 4995 3407 5034 ut
3440 4982 3604 5036 etiam

2011 5079 2256 5136 haeretici
2282 5079 2574 5134 haereticos
2602 5077 2803 5131 habere
2826 5089 2886 5128 se
2913 5075 3158 5129 credant.
3187 5073 3250 5128 Hi
3278 5075 3480 5144 itaque,
3499 5084 3610 5129 tra-

2011 5174 2275 5230 ditionem
2305 5169 2664 5240 apostelicatu
2697 5168 3095 5238 relinquentes,
3133 5161 3422 5237 magistros
3452 5166 3587 5236 perii

2012 5265 2126 5323 diae
2151 5273 2283 5330 sunt.
2309 5263 2504 5332 secuti,
2536 5273 2595 5322 et
2626 5277 2826 5328 nomen
2858 5261 3145 5332 religionis.
3174 5267 3460 5322 mutavere
3480 5273 3608 5316 eum

2048 5499 2060 5510 .
2092 5436 2113 5464 ο
2140 5421 2421 5510 Siecodd.
2457 5423 2614 5478 Vind.
2647 5436 2702 5480 ot
2759 5422 3008 5486 Lernam;
3044 5422 3193 5490 prior
3222 5419 3399 5476 editio
3414 5424 3612 5491 ιιι-αξ..

2017 5513 2126 5603 mf:
2146 5503 2434 5620 :gdex
2467 5565 2661 5631 Vind.;
2694 5565 2857 5630 editi,
2891 5579 3080 5633 genera
3107 5578 3425 5632 arcuque.
3457 5564 3609 5625 Haud

2021 5641 2095 5692 ita
2130 5637 2307 5691 multo
2331 5648 2450 5703 post
2482 5639 2573 5694 ubi
2617 5637 3063 5708 legiturutetiaiu
3092 5635 3347 5696 heretici,
3381 5644 3519 5702 ato;
3558 5641 3613 5696 in

2020 5709 2217 5784 eodem
2237 5708 2534 5784 ﬁtti100l8l
2553 5705 2786 5784 jam'noe
2811 5705 2992 5760 haberi
3013 5706 3282 5761 Irmtieos
3300 5722 3357 5761 se
3375 5711 3612 5782 emittam,

2025 5780 2199 5835 minus
2219 5791 2389 5836 recte.
2428 5780 2566 5837 Vide
2589 5781 2800 5839 initium
2822 5793 2942 5846 cap.
2982 5793 3094 5850 seq.
