4060 6344
550 297 687 356 “27

1819 308 2139 367 ZACCHEI
2179 310 2571 373 CHRISTIANI

3712 331 3840 389 “28

544 428 728 470 sensu.
758 416 923 471 Proul
948 417 1091 473 enim
1120 418 1316 490 cuique
1348 419 1506 475 libuit
1537 420 1755 492 plebem
1793 424 2019 481 insciam
2058 425 2149 482 fal-
2175 432 2227 491 Α
2258 440 2409 487 turus
2434 434 2499 489 ad
2527 435 2633 490 ima
2658 478 2672 503 ,
2706 444 2765 493 et
2788 436 3109 494 Trinitatem
3144 440 3195 495 in
3227 442 3481 509 personis
3512 456 3575 498 ac
3613 447 3840 502 nomini-

542 505 704 563 lendo
730 509 1013 577 seducere,
1044 527 1107 567 ac
1134 513 1235 569 sibi
1269 512 1536 569 honorem
1570 530 1767 586 parare
1799 517 1867 574 de
1890 520 2142 585 crimine;

537 599 707 657 Deum
751 614 843 659 aut
868 620 940 661 ex
977 616 1131 676 parte
1166 608 1498 664 credendum
1529 610 1758 679 docuit,
1792 624 1886 668 aut
1924 615 2145 684 penitus

544 695 923 767 abnegandum
960 719 970 753 :
1009 702 1270 757 habentes
1329 714 1593 773 praeterea
1641 704 1846 764 Christi
1899 726 2098 765 nomen
2124 750 2141 777 ,

547 797 575 826 ⁸
606 795 830 863 proprio
861 807 1280 865 nuncuparunt,
1316 808 1374 853 ut
1401 816 1622 873 quoquo
1655 814 1813 872 pacto
1844 821 1873 859 a
1916 808 2145 863 sacrile-

542 885 634 954 gio
662 902 768 941 non
800 888 1074 957 abessent,
1106 892 1219 961 qui,
1256 891 1457 949 Christi
1491 898 1714 953 nomine
1737 898 2023 965 derelicto,
2057 917 2143 956 re-

540 975 759 1048 ligionis
810 983 1130 1037 vocabulum
1186 1000 1251 1040 ex
1305 986 1529 1045 homine
1562 991 1951 1062 sumpsissent.
1998 994 2141 1061 Quid

542 1072 689 1126 enim
720 1072 949 1129 interest
972 1075 1039 1129 ab
1070 1076 1217 1133 idolo
1247 1094 1315 1134 an
1348 1080 1415 1135 ab
1438 1081 1661 1140 homine
1690 1086 2019 1141 vocabulum
2054 1103 2143 1143 ac-

540 1163 727 1234 cipiat,
758 1168 846 1237 qui
878 1169 1064 1224 vocari
1096 1170 1435 1229 Christianus
1466 1174 1719 1231 desistit?
1750 1177 1824 1233 Ex
1849 1178 1945 1234 illo
1978 1180 2142 1250 igitur

538 1260 764 1319 haeresis
787 1280 1125 1337 unaquaeque
1154 1284 1295 1324 nunc
1320 1268 1545 1337 dicitur,
1573 1288 1682 1341 quo
1709 1284 1937 1330 auctore
1964 1286 2139 1331 trans-

536 1364 725 1423 gressa
756 1365 879 1417 est.
913 1366 967 1413 et
1023 1359 1078 1412 in
1120 1369 1329 1415 tantum
1361 1362 1703 1433 proprietate
1746 1366 1997 1421 criminis
2038 1367 2137 1422 de-

536 1446 813 1506 let-tantur
837 1494 853 1518 ,
890 1462 947 1505 ut
1005 1468 1108 1509 nec
1138 1455 1219 1511 sic
1250 1456 1472 1527 quidem
1502 1460 1812 1531 intelligant
1840 1478 1901 1517 se
1927 1463 1995 1517 ab
2022 1464 2139 1519 uni-

537 1549 651 1597 tate
682 1543 973 1615 religionis
1019 1547 1295 1605 abscissos
1318 1593 1332 1618 ,
1366 1552 1508 1623 quod
1559 1551 1725 1610 ﬁdem
1758 1555 1920 1613 etiam
1954 1557 2005 1613 in
2038 1573 2135 1614 no.

533 1636 683 1691 mine
718 1639 1100 1707 perdiderunt.

605 1731 686 1787 Ex
728 1732 940 1789 Manete
974 1737 1155 1806 itaque
1186 1736 1469 1794 Manichaei
1515 1779 1528 1802 .
1561 1755 1629 1796 ex
1664 1741 1937 1800 Marcione
1982 1744 2134 1799 simi-

2254 525 2353 580 bus
2405 528 2732 596 conﬁtetur,
2766 531 2858 585 sed
2913 532 3173 588 unitatem
3222 534 3530 591 divinitatis
3578 540 3837 603 excludit;

2250 617 2347 671 Dei
2384 618 2579 675 Filium
2616 637 2713 691 per
2738 639 2899 693 quem
2925 625 3106 679 omnia
3134 637 3263 681 sunt
3285 638 3470 683 creata
3494 671 3508 693 ,
3543 642 3840 688 creaturam

2248 717 2497 766 statuens
2529 728 2634 766 non
2664 723 2969 770 creatorem
3008 734 3020 769 :
3052 718 3413 787 appellationi
3446 730 3715 790 praeterea
3744 739 3839 778 no-

2249 802 2456 856 minum
2486 801 2510 839 ι¹
2534 804 2735 870 gradus
2768 806 2955 876 adjicit
2984 808 3312 879 dignitatum
3337 854 3351 877 ,
3387 812 3737 870 humiliorem
3765 815 3837 869 fa-

2247 892 2398 950 ciens
2454 897 2507 952 in
2542 898 2791 967 honore,
2825 916 2984 970 quem
3020 906 3294 972 posterius
3341 904 3601 975 loquatur
3654 909 3709 963 in
3749 924 3839 964 no-

2248 1000 2413 1040 mine.

2320 1078 2441 1135 Ista:
2471 1090 2599 1137 sunt
2625 1084 2954 1156 principales
2983 1087 3369 1146 haereticorum
3399 1103 3570 1149 sectae
3591 1137 3605 1161 ,
3641 1102 3696 1149 et
3737 1103 3836 1150 tam

2246 1168 2778 1231 funestaehominum
2812 1180 3199 1247 persuasiones
3244 1182 3297 1237 in
3345 1182 3597 1254 dogmata
3630 1184 3837 1240 diversa

2245 1262 2558 1333 rapiuntur,
2594 1275 2651 1320 ut
2697 1267 3059 1325 substantiam
3118 1272 3547 1331 indissociahilis
3578 1276 3671 1332 Dei
3719 1278 3838 1332 sim-

2244 1352 2437 1423 plicem
2478 1364 2533 1412 et
2562 1358 2865 1416 divinitatis
2918 1361 3210 1419 ineffabilis
3244 1368 3597 1437 majestatem
3626 1380 3720 1424 aut
3762 1371 3831 1425 in-

2243 1452 2737 1519 terpretationibus
2767 1456 3035 1525 dividant,
3069 1470 3161 1516 aut
3181 1463 3446 1533 gradibus
3470 1465 3831 1532 exhonorent,

2242 1558 2363 1597 cum
2390 1554 2446 1599 et
2476 1561 2599 1617 quae
2645 1548 2860 1619 indigna
2892 1562 3019 1607 sunt
3041 1554 3111 1610 de
3142 1557 3254 1611 Deo
3283 1558 3529 1630 lingunt,
3557 1572 3614 1617 et
3644 1578 3761 1633 qua:
3788 1564 3831 1619 ei

2239 1639 2566 1708 sempiterna
2598 1643 2679 1698 vel
2710 1651 2930 1716 propria
2953 1690 2967 1713 ,
3001 1649 3335 1707 difﬁtentur.

2847 1738 3077 1798 CAPUT
3104 1742 3221 1799 XII.

533 1823 662 1881 liter
711 1825 932 1881 alumna
963 1828 1119 1897 plebs
1148 1831 1386 1886 nominis
1424 1849 1436 1885 :
1476 1832 1741 1890 Photinus
1781 1852 1909 1892 suos
1967 1840 2117 1893 etiani

2239 1824 2432 1881 Contra
2463 1830 2779 1888 Manio/les
2804 1877 2818 1901 ,
2870 1838 2957 1906 qui
2986 1837 3117 1893 duos
3159 1840 3340 1893 dicunt
3382 1858 3491 1896 esse
3538 1841 3639 1899 Dei
3684 1846 3831 1911 ﬁlios.

532 1918 797 1973 vocabulo
824 1918 1053 1976 dividit:
1081 1922 1357 1979 Sabellius
1388 1926 1616 1995 perinde
1652 1930 1917 1997 appellari
1968 1946 2033 1985 ex
2069 1948 2128 1989 se

528 2020 828 2067 conventus
856 2012 939 2067 sui
987 2014 1161 2085 exigit
1192 2024 1401 2085 partem
1438 2036 1451 2070 :
1495 2018 1917 2089 Patripassianis
1974 2038 2130 2080 error

532 2120 733 2160 nomen
770 2105 1071 2178 imposuit;
1119 2118 1173 2164 et
1213 2110 1264 2164 in
1319 2111 1528 2167 diaboli
1588 2114 1893 2172 hereditate
1947 2133 2127 2175 arcem

528 2200 696 2258 Arius
750 2211 943 2258 tenens
975 2220 1041 2258 ex
1070 2219 1132 2260 se
1160 2220 1387 2277 gregem
1436 2219 1715 2281 nuncupat
1764 2212 2123 2282 perditorum.

526 2293 816 2352 innumera
843 2307 1110 2368 praeterea
1135 2300 1324 2356 talium
1358 2302 1734 2374 prodigiorum
1766 2316 2017 2373 portenta
2046 2308 2129 2363 di-

526 2399 753 2460 cuntur,
794 2407 916 2463 quae
947 2393 1195 2449 stultitiae
1236 2395 1418 2450 vilitas
1467 2401 1633 2451 etiam
1695 2399 2128 2469 reprehensione

526 2481 781 2556 indignos
814 2484 982 2541 facit:
1012 2488 1399 2557 [mediatorum
1433 2501 1617 2547 tamen
1671 2493 1937 2563 impietati
1980 2497 2128 2553 velut

524 2576 577 2634 in
603 2580 959 2650 appendicem
978 2586 1241 2652 connexi,
1270 2584 1596 2658 impugnare
1637 2589 1939 2647 Ecclesiam
1972 2591 2128 2648 Chri-

525 2682 784 2745 stumque
816 2692 921 2731 non
952 2676 1235 2734 desinunt.
1271 2678 1381 2735 Sed
1417 2683 1543 2751 quia
1596 2698 1814 2753 semper
1862 2686 1996 2741 nihil
2043 2698 2127 2743 est

525 2765 755 2823 validius
802 2769 1053 2839 veritate,
1090 2772 1241 2827 elisis
1292 2774 1868 2846 undiquelﬁuctibus,
1914 2796 2124 2852 magna:

521 2861 684 2916 molis
715 2861 926 2932 pondus
957 2864 1239 2922 immobile
1262 2875 1379 2937 est,
1423 2879 1478 2926 et
1508 2870 1707 2927 ictibus
1756 2874 1994 2943 pr0priis
2041 2877 2124 2931 in-

517 2951 655 3010 festa
701 2955 1041 3029 franguntur,
1085 2960 1213 3016 dum
1257 2962 1326 3018 ad
1380 2962 1483 3020 hoc
1526 2975 1734 3022 tantum
1785 2969 2119 3038 perﬁdorum

517 3050 796 3121 consurgit
826 3051 1058 3107 intentio
1079 3095 1094 3121 ,
1154 3064 1211 3109 ut
1246 3070 1277 3110 a
1307 3071 1370 3112 se
1413 3056 1647 3114 invicem
1690 3059 2072 3131 discrepantes
2100 3109 2115 3133 ,

517 3142 678 3199 ﬁdem
741 3154 985 3200 nostram
1048 3146 1176 3202 dum
1243 3148 1535 3207 destruere
1595 3152 1802 3224 singuli
1857 3155 2111 3223 cupiunt,

514 3245 760 3294 astruant
786 3237 1056 3295 universi.

585 3340 914 3397 Manichacus
943 3344 1090 3399 enim
1121 3343 1260 3399 duos
1284 3359 1408 3401 esse
1438 3346 1638 3402 astruit
1686 3345 1851 3415 deos,
1899 3346 2113 3418 duoque

512 3433 776 3505 principia
798 3478 812 3501 ,
843 3451 1075 3507 quorum
1101 3438 1333 3493 alterum
1362 3438 1570 3495 bonum
1592 3482 1605 3505 ,
1632 3440 1834 3495 malum
1862 3439 2012 3495 credi
2035 3440 2114 3495 al-

515 3534 691 3583 terum
723 3529 885 3595 velit;
920 3529 1124 3585 bonum
1178 3531 1419 3599 scilicet,
1467 3532 1560 3601 qui
1624 3530 1913 3588 veritatem
1962 3542 2116 3588 vete-

506 3639 628 3679 rum
693 3632 1089 3693 praeceptorum
1135 3624 1420 3695 Evangelii
1468 3626 1713 3682 editione
1771 3625 2111 3681 molliverit:

506 3717 744 3785 malum,
797 3717 893 3787 qui
925 3718 1067 3773 hunc
1100 3717 1291 3774 fecerit
1322 3718 1585 3775 mundum
1612 3760 1627 3786 ,
1670 3728 1729 3773 et
1762 3734 1859 3788 per
1888 3719 2112 3789 Moysen

508 3823 573 3865 ac
591 3824 692 3881 per
720 3810 1016 3880 prophetas
1041 3818 1274 3866 caeteros
1300 3809 1376 3866 sit
1408 3809 1647 3866 locutus.
1680 3810 1911 3866 Humani
1942 3826 2109 3881 gene-

506 3902 584 3957 ris
618 3902 844 3974 insuper
902 3901 1326 3975 Redemptorem
1377 3919 1485 3960 non
1512 3904 1801 3961 veritatem
1856 3912 2111 3961 asserunt

505 3996 692 4052 carnis
727 3996 1010 4066 habuisse,
1038 3997 1135 4054 sed
1165 3998 1428 4069 Speciem.

574 4091 815 4148 Marcion
850 4108 980 4150 vero
1033 4091 1338 4149 secundum
1389 4092 1736 4149 divinitatem
1766 4092 1865 4149 Dei
1908 4094 2105 4149 Filium

503 4187 797 4244 conﬁtetur
818 4230 833 4257 ,
864 4187 1167 4244 secundum
1214 4187 1493 4244 hominem
1529 4196 1711 4257 negat.
1763 4187 1934 4243 Porro
1959 4186 2102 4243 Pho-

506 4281 654 4337 tinus
679 4295 745 4335 ex
777 4290 1026 4351 tempore
1073 4280 1337 4352 assumpti
1370 4280 1439 4336 de
1465 4280 1629 4335 Maria
1661 4279 1902 4334 hominis
1933 4279 2105 4335 ﬁlium

501 4373 599 4433 Dei
633 4375 811 4443 dicit,
854 4385 982 4432 ante
1032 4384 1281 4447 tempora
1328 4390 1440 4430 non
1479 4389 1603 4429 esse
1651 4375 1959 4428 confirmat.
2006 4374 2105 4429 Sa-

496 4469 699 4526 bellius
730 4484 854 4525 cum
888 4469 1114 4539 perﬁdia
1146 4484 1249 4540 qua
1284 4469 1336 4524 in
1370 4468 1464 4523 Dei
1508 4468 1708 4524 Filium
1757 4468 2103 4538 blasphemat

498 4574 555 4619 ut
586 4563 807 4630 caeteri,
861 4563 1025 4619 etiam
1054 4572 1304 4618 sanctum
1335 4561 1602 4631 Spiritum
1636 4561 1924 4629 difﬁtetur,
1961 4570 2019 4617 et
2047 4564 2102 4616 in

494 4656 658 4713 Patre
687 4656 714 4695 δ
750 4626 956 4711 tantum
1016 4654 1302 4711 veritatem
1361 4653 1583 4710 deitatis
1629 4652 1882 4709 assumit.
1916 4652 2094 4709 Patri-
2124 4626 2178 4687 D

494 4749 783 4820 passianus
810 4762 934 4803 esse
969 4746 1187 4815 quidem
1232 4746 1430 4802 astruit
1476 4746 1730 4813 Patrem,
1768 4745 1863 4801 sed
1916 4746 2094 4815 ipsum

495 4858 624 4898 mox
653 4857 777 4897 esse
808 4842 915 4897 sibi
948 4840 1148 4897 Filium
1176 4882 1191 4906 ,
1252 4850 1418 4912 atque
1470 4841 1727 4897 eumdem
1754 4852 1774 4878 ε
1808 4841 1875 4895 ab
1908 4840 2093 4896 innata

493 4935 803 4992 substantia
831 4933 885 4988 in
910 4934 1259 4989 nativitatem
1280 4934 1704 5004 passionemque
1726 4931 2090 4999 descendere;

491 5035 744 5085 sanctum
798 5026 1030 5099 perinde
1058 5026 1320 5097 Spiritum
1369 5026 1535 5083 etiam
1588 5028 1641 5081 in
1678 5041 1908 5097 persona
1937 5042 2094 5082 eum-

488 5121 613 5179 dem
640 5136 788 5189 esse,
816 5135 928 5176 non
969 5118 1212 5175 tertium.
1245 5119 1476 5177 Scandit
1498 5120 1664 5177 Arius
1697 5120 1951 5177 sublimia
1981 5122 2091 5178 rui-

568 5269 595 5298 α
615 5259 796 5315 Codex
822 5254 1011 5326 Vind,
1041 5255 1274 5324 praprio,
1304 5265 1357 5309 ut
1380 5265 1455 5310 est
1477 5256 1623 5323 Aria,
1648 5273 1876 5326 nuneup.
1902 5255 2079 5323 Lem.,

494 5333 550 5387 id
579 5342 650 5387 est
678 5332 803 5385 Ario
836 5346 853 5385 :
882 5328 978 5383 sed
1011 5326 1115 5382 hoc
1146 5328 1275 5381 mihi
1302 5329 1571 5397 glossema
1615 5328 1826 5383 videtur
1864 5328 2009 5399 quod
2050 5344 2080 5384 e

494 5405 736 5473 margine
761 5404 815 5473 in
843 5398 1320 5473 textumgirrepsit.
1368 5399 1560 5473 Statim
1591 5417 1623 5473 ᾳ
1652 5398 1925 5473 sacrilegio
1976 5417 2080 5473 non

493 5470 755 5543 abeséent,
789 5472 927 5528 bene
942 5471 1167 5543 quidem
1192 5512 1206 5537 ,
1230 5470 1324 5525 sed
1351 5485 1419 5524 ne
1444 5470 1498 5543 id
1530 5472 1746 5539 quidem
1771 5472 1911 5526 male
1930 5471 2078 5542 quod

493 5554 579 5602 est
607 5546 663 5599 in
692 5542 882 5599 cndice
912 5542 1073 5599 Vind.
1096 5589 1111 5613 ,
1144 5561 1176 5597 a
1201 5542 1627 5613 saeraireligione
1654 5546 1909 5597 abessent.

564 5614 590 5654 b
616 5615 707 5672 Sic
747 5615 921 5673 codex
944 5616 1105 5671 Vind.
1150 5624 1205 5670 et
1250 5612 1467 5685 quide_m
1498 5614 1637 5668 haud
1687 5614 1852 5685 paulo
1885 5615 2078 5669 melius

530 5703 651 5743 nam
680 5689 829 5759 prior
853 5687 1020 5744 editio
1036 5729 1053 5755 ,
1077 5682 1281 5759 tantum
1294 5702 1355 5738 ac
1383 5682 1524 5739 Filio
1549 5682 1928 5740 sacra-mentum
1953 5701 2088 5741 rem:

530 5703 651 5743 nam
680 5703 829 5759 prior
853 5703 1020 5744 eutuo
1036 5729 1053 5755 ,
1077 5703 1275 5740 tantum
1294 5703 1355 5738 ac
1383 5703 1417 5737 ιτ
1434 5703 1524 5739 tuo
1549 5703 1928 5740 sacramentum
1953 5703 2086 5741 certe

490 5703 770 5814 a‘rinitatia
790 5776 807 5823 ;
830 5773 953 5814 cum
982 5760 1055 5815 ibi
1083 5757 1410 5813 Trinitatem
1437 5772 1739 5827 agnoscere
1762 5774 1867 5812 non
1898 5768 2086 5827 potue-

492 5830 565 5885 rit
595 5830 898 5900 Sabellius,
932 5828 1024 5886 ubi
1051 5830 1188 5887 duas
1215 5827 1494 5887 dumtaxat
1521 5843 1643 5888 esse
1673 5844 1933 5900 personas
1954 5844 2086 5887 eon-

493 5901 769 5961 tendebat.

2305 1920 2910 1982 Arou..—-1Estimari
2966 1930 3035 1983 ab
3089 1929 3171 1985 his
3227 1931 3372 1988 haud
3404 1934 3571 1991 dubie
3625 1947 3828 2008 patest,

2233 2028 2367 2083 quas
2400 2016 2585 2072 haberi
2618 2020 2862 2092 principe
2889 2022 3009 2080 loco
3037 2024 3176 2081 dicis
3202 2069 3216 2092 ,
3247 2031 3439 2099 quales
3473 2031 3586 2087 illae
3634 2034 3832 2089 hereti-

2232 2121 2419 2162 corum
2473 2118 2641 2167 sectae
2668 2114 2775 2168 sint
2800 2157 2813 2179 ,
2843 2132 2963 2187 quae
2994 2120 3351 2176 condemnari
3382 2124 3546 2179 etiam
3578 2140 3607 2180 a
3646 2127 3832 2182 talibus

2233 2214 2481 2269 possunt.
2513 2205 2714 2262 Verum
2742 2210 2997 2280 quoniam
3049 2214 3100 2269 in
3143 2218 3445 2285 Sponsione
3469 2222 3731 2290 prepositi
3757 2233 3832 2280 est

2232 2298 2496 2368 exemplis
2525 2313 2719 2356 cuncta
2768 2306 3001 2371 lirmari,
3037 2308 3235 2378 quibus
3278 2311 3499 2367 tandem
3538 2314 3830 2385 Scripturis

2233 2389 2329 2443 has
2344 2391 2587 2460 perﬁdia:
2606 2395 2911 2451 divisiones
2934 2400 3243 2472 gradusque
3257 2406 3635 2471 condiderint,
3660 2424 3829 2480 quove

2232 2482 2511 2540 intellectu
2561 2487 2629 2541 ad
2664 2487 2780 2544 haec
2812 2492 3109 2563 praecipitia
3142 2496 3253 2550 sint
3282 2496 3537 2566 deducti,
3572 2502 3830 2569 interpre—

2229 2576 2493 2633 tationum
2520 2580 2871 2646 qualitatibus
2898 2586 3093 2655 pande.
3117 2588 3231 2659 Ego
3255 2590 3402 2645 enim
3436 2592 3565 2648 licet
3595 2594 3823 2650 nondum

2228 2672 2355 2741 quid
2385 2672 2453 2727 ab
2483 2672 2568 2729 his
2596 2676 2927 2732 obtendatur
2954 2679 3222 2735 audierim
3246 2723 3261 2749 ,
3293 2698 3485 2739 errare
3520 2693 3702 2741 tamen
3736 2687 3827 2742 mi-

2227 2781 2379 2821 seros
2412 2766 2794 2826 incunctanter
2819 2770 3063 2840 adverto,
3097 2785 3151 2829 et
3175 2775 3352 2829 solam
3384 2776 3679 2833 catholicae
3708 2778 3825 2835 ﬁdei

2226 2860 2591 2933 integritatem
2632 2881 2885 2932 manere;
2942 2866 3069 2921 dum
3111 2868 3507 2939 plenitudinem
3551 2872 3825 2928 Trinitatis

2224 2965 2384 3027 atque
2415 2957 2532 3027 ejus
2564 2960 2835 3027 Spiritalia
2868 2962 3162 3018 constituta
3190 3004 3206 3030 ,
3235 2973 3292 3019 et
3335 2966 3565 3035 probata
3600 2983 3705 3023 non
3739 2982 3822 3023 re-

2224 3049 2339 3103 nuit
2366 3091 2380 3114 ,
2422 3059 2478 3105 et
2508 3062 2759 3122 suscepta
2792 3054 3051 3109 custodit.

2293 3141 2494 3198 Zaccn.
2524 3175 2591 3183 —
2612 3144 2666 3201 Si
2697 3156 2844 3202 recte
2873 3147 2942 3204 de
2972 3148 3130 3204 malis
3162 3148 3392 3205 meliora
3439 3150 3547 3208 dici
3592 3154 3818 3223 possint,

2144 3229 2189 3294 C
2225 3236 2466 3304 profecto
2499 3242 2823 3297 veniabilius
2848 3243 3125 3300 videretur
3158 3246 3376 3300 nescire
3404 3246 3580 3303 Deum
3601 3288 3619 3315 ,
3664 3264 3817 3319 quam

2217 3327 2383 3398 impie
2405 3333 2653 3388 conﬁteri
2688 3350 2701 3389 ε
2734 3334 2827 3389 sed
2855 3338 3111 3405 quoniam
3156 3336 3209 3391 hi
3238 3353 3461 3408 quoque
3492 3350 3815 3397 statulornm

2217 3421 2525 3478 ccelestium
2558 3424 2890 3480 damnantur
2920 3427 3112 3482 edictis
3135 3469 3150 3495 ,
3181 3428 3274 3497 qui
3306 3428 3479 3485 Deum
3517 3449 3614 3501 per
3651 3432 3815 3504 legent

2217 3515 2357 3571 scire
2388 3518 2769 3587 neglexerint;
2821 3519 3012 3575 eadem
3059 3520 3299 3591 perﬁdos
3358 3525 3591 3581 credere
3638 3526 3815 3583 detre-

2216 3618 2427 3668 ctantes
2457 3613 2719 3669 malorum
2750 3617 3070 3685 perennium
3100 3616 3423 3688 amplexura
3452 3620 3695 3677 conditio
3716 3632 3811 3689 est,

2216 3712 2494 3781 Scriptura
2521 3723 2885 3772 memorante:
2915 3715 3013 3782 Qui
3036 3718 3264 3787 ignorat,
3286 3718 3618 3793 ignorabitur
3637 3720 3681 3789 (l
3698 3720 3808 3776 Cor.

2215 3821 2302 3860 ιιν
2326 3847 2342 3872 ,
2372 3808 2439 3862 5S
2462 3805 2502 3876 ).
2560 3807 2662 3875 Qui
2691 3808 2801 3862 sine
2830 3810 2941 3883 lege
2968 3822 3305 3880 peccaverunt
3332 3854 3347 3880 ,
3382 3813 3495 3868 sine
3542 3813 3654 3886 lege
3681 3816 3809 3885 peri-

2213 3900 2336 3953 bunt
2365 3899 2541 3973 (Rom.
2575 3916 2613 3955 u
2637 3945 2651 3967 ,
2688 3901 2812 3971 12).
2840 3901 3033 3959 Merito
3061 3903 3162 3959 hos
3190 3903 3419 3961 eosdem
3448 3906 3808 3962 Antichristos

2216 4003 2237 4028 ο
2266 4008 2471 4049 vocans
2497 4035 2511 4059 ,
2544 3994 2635 4065 qui
2667 4010 2851 4050 veram
2892 3997 3209 4068 religionem
3233 3997 3428 4053 latenti
3462 3999 3691 4067 perﬁdia
3722 4000 3809 4055 de-

2209 4096 2513 4154 struentes,
2548 4096 2606 4143 ut
2628 4088 2789 4145 ﬁdem
2816 4089 3030 4147 facilius
3054 4092 3320 4161 impetant
3342 4134 3355 4158 ,
3392 4092 3564 4148 Deum
3587 4093 3807 4149 credere

2210 4196 2272 4237 ac
2304 4181 2598 4251 praedicare
2620 4198 2681 4238 se
2698 4183 2981 4239 simulant.
2999 4185 3229 4253 Jamque
3246 4185 3463 4253 primus
3478 4186 3803 4241 Manichacus

2207 4276 2359 4332 nefas
2390 4276 2623 4346 prOpriae
2647 4277 2953 4332 traditionis
2977 4277 3279 4349 ingressus,
3323 4287 3382 4332 ut
3427 4278 3567 4333 duos
3604 4289 3803 4335 astrual

2206 4369 2337 4425 deos
2384 4370 2602 4441 duoque
2631 4370 2893 4441 principia
2920 4413 2935 4437 ,
2991 4388 3057 4427 ex
3088 4370 3393 4439 Scripturis
3432 4370 3691 4428 ﬁdelibus
3714 4390 3801 4427 au-

2206 4464 2489 4519 ctoritates
2518 4464 3003 4531 ell'ecitinlideles,
3042 4462 3357 4519 Davidicnm
3407 4467 3649 4521 maxime
3677 4464 3801 4520 illud

2205 4572 2491 4613 assumens
2512 4600 2527 4623 ,
2561 4573 2669 4628 quo
2695 4560 2771 4612 ait
2799 4576 2812 4611 :
2846 4557 3032 4613 Tecum
3064 4557 3380 4629 principium
3406 4559 3463 4613 in
3492 4559 3577 4629 die
3604 4561 3797 4614 virtutis

2204 4661 2306 4707 tua:
2348 4651 2484 4723 (Ps.
2518 4668 2644 4720 etx,
2676 4653 2709 4707 5
2736 4654 2776 4724 ).
2831 4652 2946 4708 Νοιι
2984 4652 3297 4722 intelligens
3353 4654 3406 4709 in
3457 4653 3643 4711 Verbo
3684 4670 3795 4711 esse

2203 4746 2529 4815 principium
2554 4745 2695 4814 quod
2721 4762 2848 4803 vere
2872 4763 3097 4803 manens
3122 4745 3459 4817 praedicatur
3479 4750 3532 4805 in
3548 4749 3790 4805 Christo:

2203 4838 2345 4892 diem
2390 4839 2661 4908 passionis
2709 4848 2765 4895 et
2812 4839 2999 4910 judicii
3042 4856 3166 4895 mox
3214 4838 3428 4909 futuri,
3477 4857 3791 4915 omnemque

2202 4930 2540 4986 divinitatem
2588 4948 2694 4987 non
2728 4933 2779 4987 in
2811 4933 3061 4999 duobus,
3094 4934 3189 4991 sed
3242 4934 3299 4991 in
3344 4936 3617 4994 Trinitate
3647 4952 3791 4992 com-

2201 5024 2361 5096 pleri.
2396 5025 2565 5081 Aiunt
2616 5036 2879 5097 praeterea
2912 5027 3112 5083 malum
3146 5043 3269 5084 esse
3298 5029 3392 5100 qui
3424 5029 3570 5085 hunc
3603 5029 3790 5085 fecerit

2202 5119 2501 5185 mundum,
2553 5119 2680 5191 quia
2710 5119 2975 5191 scriptum
3005 5120 3078 5176 sit
3121 5138 3134 5175 :
3184 5120 3419 5176 Mundus
3462 5122 3519 5176 in
3564 5122 3785 5193 maligno

2267 5269 2288 5297 ο
2311 5257 2403 5313 Sic
2428 5256 2603 5313 codex
2637 5256 2796 5312 Vind.
2816 5299 2831 5322 ,
2860 5256 3150 5313 emendate
3179 5275 3190 5310 :
3222 5257 3275 5312 in
3305 5257 3473 5313 editis
3494 5304 3507 5326 ,
3542 5262 3609 5314 ab
3631 5260 3783 5325 inita,

2188 5340 2480 5397 corrupte;
2515 5344 2616 5383 nec
2662 5330 2859 5384 melius
2917 5331 2969 5382 in
3020 5330 3212 5385 codice
3240 5330 3467 5384 Lemov.
3498 5330 3565 5384 ab
3616 5336 3782 5387 unita.

2188 5402 2456 5457 Acherius
2494 5402 2547 5455 in
2574 5401 2816 5471 margine
2847 5402 3145 5473 scripserat
3172 5400 3236 5473 at;
3276 5401 3544 5473 ingenita,
3578 5419 3646 5459 ex
3688 5419 3779 5458 co-

2187 5473 2305 5529 dice
2331 5473 2564 5556 quodam
2596 5488 2609 5524 :
2640 5487 2711 5525 an
2742 5473 2885 5553 quod
2916 5476 2995 5556 sic
3042 5471 3348 5556 legendum
3374 5488 3501 5556 esse
3530 5477 3779 5556 conje‘ce-

2188 5546 2309 5599 rat?
2344 5545 2489 5599 Idem
2524 5552 2709 5598 monet
2757 5543 2810 5599 in
2843 5543 3031 5599 codice
3059 5543 3117 5600 S.
3158 5546 3291 5599 Arn.
3325 5544 3593 5614 scriptum
3616 5545 3778 5601 subsi-

2186 5618 2405 5679 stentia,
2436 5614 2581 5686 quod
2613 5630 2719 5671 non
2747 5617 2939 5686 placet.

2258 5689 2385 5742 dita
2414 5685 2674 5759 seriptum
2724 5685 2781 5744 in
2834 5696 3065 5759 utroque
3108 5685 3230 5742 cod.
3282 5686 3433 5743 Lem.
3487 5698 3545 5746 et
3580 5688 3773 5754 Vind.,

2188 5760 2359 5833 male;
2391 5761 2442 5814 in
2474 5757 2637 5815 editis
2658 5759 2851 5833 gradus
2881 5757 3061 5833 adjicit
3087 5759 3419 5833 dignitatern.
3488 5831 3503 5833 _
3548 5832 3555 5833 ί
3642 5768 3651 5771 ‘

2260 5842 2283 5868 ε
2309 5831 2471 5887 Forte
2500 5833 2602 5901 leg.
2630 5830 2794 5895 vocat,
2817 5830 3103 5902 Scriptura
3121 5830 3333 5887 scilicet
3360 5850 3371 5885 :
3405 5840 3466 5889 ut
3485 5831 3507 5888 Ι
3526 5832 3686 5889 Joan.
3716 5850 3769 5899 ιι,

2186 5902 2287 5975 ³8,
2318 5903 2424 5971 ‘32;
2457 5918 2544 5972 IV,
2573 5904 2607 5961 5
2641 5921 2654 5959 :
2690 5904 2734 5961 ll
2759 5904 2919 5962 Joan.
2947 5945 2961 5973 ,
2997 5903 3047 5956 7.
