4060 6344
251 343 390 404 H29

1443 337 2072 404 CONSULTATIONUM
2115 339 2244 400 LIB.
2282 343 2348 402 ll.

3412 347 3550 406 H30

245 459 440 530 positus
461 456 769 532 est(lJoan.
796 472 853 525 v,
879 457 989 528 l9).
1011 456 1126 516 Non
1149 458 1266 514 lucc
1305 475 1424 529 quae
1447 461 1723 516 cernimus
1739 461 1853 516 ele—
1877 455 1932 517 Α
1959 459 2136 512 Vectio
2161 503 2174 525 ,
2237 457 2552 528 Evangeliis
2603 457 2683 513 sic
2713 459 3139 527 protestantilius
3173 477 3196 525 :_
3239 461 3553 533 Proﬁcicbal

241 562 425 608 menta
447 563 570 608 sunt
589 553 772 619 noxia,
795 553 1249 624 autmalialiquid
1273 554 1358 608 vel
1377 554 1601 624 gignere
1627 555 1712 609 vel
1745 555 1842 609 lia-

239 644 373 702 bere
387 647 656 703 credenda
675 658 794 701 sunt
809 688 825 714 ,
841 661 966 718 qua:
987 646 1081 702 Dei
1100 648 1422 716 operatione
1435 647 1716 717 disposita,
1734 647 1847 702 val-

241 738 466 804 de,cum
481 739 618 794 facta
631 747 777 800 sunt.
796 738 1438 809 placuerunt,Scriptura
1459 741 1697 796 dicente:
1715 739 1850 796 Ecce

242 831 418 884 omnia
443 831 577 885 bona
601 830 748 887 valde
770 830 935 902 (Gen.
970 847 1022 898 ι,
1057 833 1119 888 31
1145 849 1159 898 ;
1184 831 1336 888 Eccl.
1362 851 1522 888 χχχιχ
1545 876 1556 898 ,
1582 833 1710 906 21).
1741 833 1850 890 Sed

241 924 296 982 in
335 927 664 1000 malignitate
689 927 949 999 iniquitas
975 939 1159 981 nostra
1187 970 1202 994 ,
1246 928 1298 982 in
1328 930 1522 982 mundo
1548 941 1722 997 genus
1752 928 1851 984 de-

241 1021 489 1092 signatur
525 1021 855 1088 humanum,
886 1020 1100 1077 Joanne
1121 1021 1250 1077 dum
1285 1021 1354 1077 de
1379 1022 1618 1078 adventu
1650 1022 1855 1078 Salva-

243 1115 377 1168 toris
426 1114 686 1184 pra-dicat
713 1156 728 1181 ,
764 1114 868 1169 hoc
921 1114 1163 1170 docente
1200 1132 1213 1170 :
1257 1116 1334 1170 ait
1364 1117 1510 1171 enim
1559 1134 1570 1170 :
1624 1115 1690 1170 In
1719 1116 1858 1170 hunc

241 1207 496 1261 mundum
520 1207 678 1274 venit,
699 1218 747 1262 et
772 1208 999 1262 mundus
1029 1223 1146 1262 eum
1177 1225 1279 1262 non
1309 1210 1542 1281 cognovit
1571 1207 1759 1276 (Joan.
1793 1225 1810 1264 ι
1838 1252 1852 1277 ,

245 1298 313 1355 10
339 1302 378 1369 ).
405 1309 430 1335 ιι
473 1299 532 1356 Si
565 1300 842 1355 diversum
879 1301 1298 1372 Evmgeliorum
1327 1319 1388 1357 ac
1418 1303 1577 1374 chis
1605 1313 1859 1359 asserunt

241 1394 626 1460 conditorem,
680 1398 938 1466 quoniam
999 1398 1052 1450 in
1106 1397 1249 1465 Lege
1289 1398 1423 1452 ultio
1474 1413 1746 1468 prmscus,
1799 1397 1856 1452 in

242 1486 560 1558 Evangeliis
604 1488 778 1543 venite
822 1489 977 1544 locus
1021 1489 1224 1544 datur:
1265 1490 1372 1546 Lex
1419 1491 1638 1561 quidem
1687 1493 1858 1546 vicem

251 1579 430 1648 poscit
455 1579 700 1650 injurim,
737 1589 792 1634 et
826 1595 1010 1650 parum
1043 1581 1418 1638 conditionem
1446 1585 1622 1639 sancit
1650 1584 1857 1654 amissi;

243 1672 387 1728 Deus
434 1682 616 1729 tamen
642 1691 743 1728 non
774 1675 1001 1730 vindicat
1032 1674 1107 1728 bis
1142 1677 1192 1728 in
1227 1676 1281 1729 id
1312 1677 1482 1746 ipsum
1509 1675 1786 1746 (Nahum.
1819 1692 1857 1734 ις

247 1765 304 1837 9)
336 1785 347 1821 :
374 1777 429 1822 et
458 1782 696 1838 expensa
726 1767 779 1824 in
809 1785 1038 1839 Corpore
1063 1786 1160 1841 pro
1186 1770 1411 1825 admissi
1445 1772 1706 1840 qualitate
1729 1787 1790 1826 su
1804 1788 1863 1842 p-

1948 547 2282 605 Jesus'a’tate
2305 561 2355 606 et
2381 551 2639 620 sapientia
2669 561 2714 606 et
2747 555 2917 624 gratia
2940 553 3079 623 apud
3117 551 3279 608 Deum
3307 567 3352 609 et
3383 558 3553 610 Itami-

1951 661 2040 699 nt’s
2068 644 2217 718 (Lttc
2247 662 2283 701 tt
2305 690 2319 715 ,
2355 647 2424 702 5'2
2448 648 2488 717 ).
2521 646 2711 701 Meruit
2753 663 2882 717 ergo
2911 664 3033 704 esse
3065 650 3206 719 quod
3239 659 3395 704 natus
3426 661 3504 706 est
3532 694 3548 720 ,

1953 739 2044 809 qui
2070 739 2280 807 justitia
2305 749 2362 795 et
2393 740 2518 794 vine
2561 740 2794 810 puritate
2824 741 2938 798 Deo
2969 743 3200 813 placuit,
3234 755 3554 802 mansuetu-

1955 831 2079 885 dine
2107 841 2162 886 et
2193 831 2501 888 humilitate
2525 835 2893 890 consortibus.
2927 834 3084 891 Adde
3108 853 3262 891 usum
3309 841 3557 907 corporis

1957 925 2266 991 manifesti;
2300 935 2356 982 et
2384 926 2509 982 licet
2549 937 2604 982 et
2633 928 2743 981 vita
2770 938 2790 965 ο
2817 927 3155 983 inimitabilis
3206 930 3513 986 sanctitatis
3540 973 3556 997 ,

1959 1018 2208 1073 humanae
2243 1029 2421 1075 tamen
2456 1020 2790 1075 infirmitatis
2825 1031 3014 1076 natura
3057 1023 3310 1091 prmsidio
3357 1023 3564 1094 indiget

1957 1114 2228 1179 vestium;
2263 1114 2432 1170 esurit
2456 1159 2470 1179 ,
2517 1116 2655 1182 sitit,
2687 1127 2910 1183 iniceret,
2953 1117 3186 1188 quiescit
3209 1159 3224 1180 ,
3256 1117 3409 1174 dolet
3440 1135 3566 1189 per.

1957 1205 2084 1262 inde
2112 1219 2274 1279 atque
2327 1209 2378 1262 in
2401 1209 2586 1263 fletum
2631 1220 2900 1273 movetur,
2933 1225 3109 1280 neque
3138 1211 3303 1264 ullum
3334 1212 3565 1268 ulterius

1960 1314 2140 1359 aetum
2171 1314 2262 1358 aut
2292 1305 2500 1374 Spernit
2529 1316 2617 1358 aut
2660 1306 2903 1376 pra-terit
2931 1321 2945 1370 ;
2999 1307 3127 1375 quin
3154 1307 3315 1360 etiam
3344 1306 3566 1375 spirita-

1963 1398 2110 1453 libus
2137 1399 2279 1453 dolis
2329 1407 2573 1453 tentatur
2600 1408 2650 1454 et
2685 1400 2849 1454 vincit
2876 1444 2888 1466 ,
2934 1410 2987 1454 et
3031 1400 3207 1455 hostis
3240 1403 3319 1454 sui
3356 1401 3567 1470 profes-

1964 1491 2118 1547 sione
2149 1533 2161 1554 ,
2196 1507 2263 1546 an
2316 1493 2387 1548 sit
2419 1493 2563 1547 idem
2610 1494 2701 1548 Dei
2736 1493 2904 1547 Filius
2958 1495 3294 1564 exploratur.
3331 1494 3466 1548 lluic
3515 1496 3568 1550 in

1966 1589 2402 1643 exhortationem
2435 1589 2680 1643 victricis
2716 1590 3036 1642 constantia-
3069 1589 3258 1658 Angeli
3294 1590 3574 1642 ministra-

1966 1691 2198 1746 verunt;
2233 1681 2320 1736 hic
2373 1681 2600 1735 traditus
2629 1681 2862 1746 osculo,
2901 1691 3081 1734 tentus
3108 1696 3170 1732 ac
3213 1695 3404 1749 passus
3436 1688 3522 1734 est
3557 1696 3571 1732 :

1971 1787 2024 1832 et
2056 1776 2100 1832 si
2134 1777 2348 1846 probari
2389 1792 2578 1832 verum
2627 1775 2903 1830 hominem
2960 1775 3145 1831 infelix
3193 1775 3416 1846 perfidia
3475 1774 3578 1830 sibi

243 1859 390 1930 plicii
424 1860 657 1916 mitioris
678 1904 692 1928 ,
728 1872 786 1916 ut
819 1863 1093 1919 credimus
1123 1907 1138 1929 ,
1166 1863 1358 1933 judicii
1387 1873 1533 1919 sorte
1578 1865 1852 1934 pensanda
1887 1859 1934 1919 B
1962 1869 2132 1934 velit,
2165 1870 2490 1924 clamantem
2516 1870 2586 1925 de
2611 1885 2776 1924 cruce
2808 1869 3117 1940 priusquam
3144 1880 3454 1924 moreretur
3476 1884 3576 1923 au-

243 1963 391 2012 sunt.
427 1955 596 2013 lsthic
625 1967 805 2013 autem
835 1959 1209 2016 satisfaciendi
1253 1961 1470 2032 quidem
1509 1971 1723 2032 tempus
1750 1963 1845 2018 ad-

247 2051 485 2105 mittitur
509 2069 522 2104 :
548 2052 641 2108 sed
665 2051 768 2107 nisi
793 2053 992 2123 dignus
1016 2056 1352 2125 ptenitenti'a:
1376 2058 1582 2112 fructus
1609 2066 1666 2112 et
1687 2073 1854 2127 Opera

246 2143 682 2215 subsequantur,
715 2152 958 2202 a-teruus
991 2147 1132 2218 ignis
1180 2156 1265 2202 est
1291 2151 1605 2218 vermisque
1657 2165 1854 2220 perpe-

247 2246 406 2306 tuus;
463 2241 694 2295 Domino
751 2241 963 2298 hisdem
1000 2243 1053 2297 in
1104 2243 1414 2314 Evangeliis
1465 2255 1856 2315 protestante:

253 2333 488 2402 Quorum
516 2327 699 2388 vermis
738 2352 840 2391 non
871 2337 1119 2390 morietur
1145 2378 1159 2402 ,
1194 2354 1287 2391 nec
1335 2337 1469 2409 ignis
1527 2339 1858 2410 extinguetur

249 2427 462 2501 (Marc.
492 2445 543 2484 Ix
565 2474 580 2500 ,
610 2429 702 2495 45,
728 2431 796 2486 45
816 2470 834 2498 ,
869 2431 966 2497 47;
1003 2430 1110 2485 lsa.
1137 2448 1282 2494 uri.
1310 2429 1440 2503 24).
1477 2431 1558 2487 lbi
1583 2436 1681 2487 erit
1707 2437 1860 2505 ﬂetus

247 2532 298 2576 et
321 2521 518 2575 stridor
547 2523 776 2576 denfium
803 2524 820 2592 (
851 2522 1041 2578 Matth.
1077 2539 1195 2591 Vlll,
1233 2525 1293 2580 l9.
1315 2526 1357 2596 ).
1391 2523 1508 2581 Non
1536 2543 1668 2597 ergo
1721 2527 1861 2581 alius

249 2613 302 2668 in
343 2614 567 2669 Christo
601 2614 780 2681 Deus,
839 2615 1100 2687 aliudque
1143 2616 1514 2688 principium;
1569 2617 1665 2672 sed
1721 2617 1862 2673 idem

249 2704 377 2761 latae
407 2705 539 2761 olim
566 2715 620 2761 et
645 2722 788 2762 nunc
820 2707 1057 2779 impleta:
1080 2717 1274 2764 auctor
1301 2717 1385 2765 est
1416 2709 1549 2781 legis
1582 2727 1594 2764 :
1622 2725 1722 2767 nec
1749 2727 1866 2765 ma-

249 2797 333 2855 lus
365 2801 418 2854 in
442 2799 710 2856 'l'rinitate
735 2801 1026 2872 quisquam
1051 2844 1065 2868 ,
1097 2801 1221 2874 quia
1254 2821 1392 2859 unus
1413 2803 1613 2860 dicitur
1640 2806 1818 2862 bonus
1849 2823 1864 2865 :

250 2897 347 2953 sed
374 2913 499 2953 cum
532 2899 584 2952 in
627 2913 737 2954 uno
784 2899 894 2954 Deo
919 2899 1220 2954 divinitatis
1263 2901 1443 2954 unitas
1483 2900 1822 2969 exprimatur
1847 2944 1862 2967 ,

250 2991 444 3046 eadem
499 3005 726 3046 necesse
777 3001 860 3046 est
912 2991 1171 3047 bonitatis
1217 2991 1550 3060 unitatisque
1579 2991 1862 3062 arqnalitas

253 3083 542 3139 intimetur
576 3101 589 3137 :
621 3100 742 3140 cum
775 3095 830 3138 et
861 3085 914 3139 in
948 3085 1065 3156 lege
1093 3093 1280 3141 custos
1299 3084 1528 3154 justitize
1561 3083 1829 3140 severitas
1851 3125 1868 3154 ,

254 3191 362 3231 non
391 3175 597 3231 malitia
627 3177 698 3232 sit
725 3178 958 3246 putanda
988 3194 1002 3243 ;
1037 3186 1093 3233 et
1119 3179 1173 3232 in
1195 3176 1502 3248 Evangeliis
1531 3176 1737 3248 absque
1763 3177 1874 3248 jus-

257 3271 374 3326 titia
399 3271 612 3325 bonitas
638 3287 743 3327 non
766 3271 1063 3328 credenda.

326 3364 425 3418 llis
449 3373 714 3434 praeterea
745 3363 874 3419 illud
904 3364 1186 3433 adjiciunt,
1217 3379 1324 3418 non
1356 3379 1539 3419 veram
1572 3363 1624 3419 in
1655 3363 1872 3419 Christo

255 3475 477 3516 carnem
511 3458 682 3516 fuisse
704 3502 719 3526 ,
781 3461 878 3516 sed
904 3459 931 3498 δ
965 3476 1033 3515 ex
1087 3461 1272 3517 nescio
1299 3476 1403 3532 qua
1451 3475 1509 3516 re
1553 3461 1638 3515 vel
1669 3460 1871 3516 ﬂuento

257 3551 514 3607 frivolam
571 3552 809 3622 speciem
840 3567 938 3623 pro
970 3551 1195 3609 homine
1222 3553 1676 3609 demonstratam.
1731 3553 1871 3620 Quid

257 3661 389 3718 ergo
420 3645 672 3702 universa
708 3645 1022 3717 prtedicatio
1069 3646 1457 3716 prophetarum
1485 3647 1555 3701 de
1599 3647 1869 3717 corporali

257 3740 377 3810 ejus
413 3740 697 3795 nativitate
722 3740 1082 3808 prtemonuit?
1106 3739 1244 3808 Quid
1267 3739 1501 3795 diversis
1531 3741 1738 3797 vicibus
1762 3744 1873 3796 An-

257 3833 362 3904 geli
395 3843 524 3888 sunt
553 3832 719 3887 locuti
743 3832 767 3886 ‘l
795 3831 1035 3887 Joannes
1063 3832 1261 3888 deinde
1285 3833 1515 3889 fortasse
1541 3851 1644 3888 non
1672 3833 1872 3890 missus

257 3935 375 3990 est,
431 3934 525 3979 aut
577 3925 663 3980 illa
695 3924 764 3980 ad
804 3926 1057 3980 eumdem
1096 3924 1190 3979 Dei
1222 3925 1399 3980 Patris
1428 3927 1558 3981 falsa
1599 3928 1870 3984 sententia

258 4032 384 4079 est:
418 4018 556 4076 Ecce
612 4021 760 4074 mitto
791 4019 1046 4092 Angelum
1093 4036 1264 4074 meum
1305 4030 1424 4074 ante
1476 4021 1664 4091 faciem
1688 4033 1827 4077 luant
1855 4064 1870 4088 ,

263 4115 354 4182 qui
380 4113 697 4185 praeparabit
717 4105 864 4167 piam
885 4123 1025 4166 tuam
1065 4111 1325 4181 (Malae/t.
1362 4127 1418 4166 m
1439 4154 1452 4174 ,
1489 4112 1514 4167 l
1542 4113 1583 4184 ).
1614 4114 1750 4182 Quid
1779 4114 1875 4170 de—

262 4207 427 4278 nique
451 4207 590 4261 intra
614 4205 990 4262 beatissimam
1020 4203 1294 4276 Virginem
1319 4205 1521 4260 inlusio
1546 4209 1720 4262 sancti
1743 4207 1870 4278 Spi-

261 4303 403 4356 ritus
427 4300 602 4358 fecit?
634 4299 746 4355 Cur
780 4315 887 4356 non
921 4301 975 4355 in
1003 4300 1359 4356 abolitionem
1391 4301 1692 4357 secundum
1727 4319 1870 4372 prte-

262 4395 440 4450 dictos
474 4394 734 4449 tumentis
764 4395 904 4449 uteri
935 4405 1150 4465 tempus
1170 4403 1460 4466 exceptum
1483 4396 1610 4452 est?
1655 4395 1754 4453 Ubi
1785 4397 1870 4453 in-

266 4478 409 4558 tegra
437 4487 610 4543 felicis
639 4487 910 4557 puerperii
942 4488 1130 4556 signa,
1155 4497 1209 4541 et
1240 4495 1426 4557 partus
1475 4499 1710 4542 matrum
1755 4504 1872 4544 om-

265 4583 412 4637 nium
442 4582 757 4638 conditione
805 4581 1142 4636 sublimior?
1203 4581 1386 4638 Infans
1441 4583 1494 4636 in
1536 4586 1871 4655 praesepibus

1959 1963 2071 2017 diat
2103 1980 2115 2016 :
2153 1963 2295 2018 Deus
2320 2005 2333 2028 ,
2369 1963 2509 2018 Deus
2557 1980 2702 2018 meus
2728 2005 2740 2028 ,
2773 1980 2934 2035 quare
2980 1980 3058 2016 me
3087 1964 3406 2034 dereliquisti
3437 1967 3455 2031 (
3484 1961 3575 2018 Ps.

1964 2074 2055 2115 xxI
2086 2101 2100 2124 ,
2133 2057 2246 2130 l)?
2278 2058 2380 2114 Ubi
2429 2059 2576 2113 enim
2626 2057 2905 2112 humilitas
2933 2068 2986 2111 et
3023 2058 3220 2127 injuria
3251 2067 3366 2126 est,
3403 2056 3581 2112 liomi-

1968 2168 2091 2206 nem
2128 2151 2406 2222 intelligas
2437 2169 2448 2205 :
2481 2151 2571 2206 ubi
2603 2152 2777 2204 virtus
2823 2159 2877 2204 et
2925 2149 3216 2216 divinitas,
3260 2150 3427 2205 Deum
3461 2164 3580 2205 cre-

1967 2245 2099 2310 das,
2171 2245 2436 2315 Apostolo
2489 2245 2567 2298 sic
2623 2243 2857 2298 docente
2897 2259 2909 2296 :
2947 2242 3089 2297 Deus
3138 2245 3325 2296 eratin
3377 2241 3583 2298 Christo

1969 2339 2220 2394 mundum
2251 2338 2596 2392 reconcilians
2617 2336 2713 2391 sibi
2748 2336 2816 2408 (Il
2846 2335 2968 2391 Cor.
2999 2353 3029 2390 v
3055 2377 3068 2400 ,
3102 2334 3216 2405 19).

2037 2433 2176 2485 Ecce
2208 2431 2354 2486 enim
2382 2429 2632 2484 infirmus
2659 2446 2721 2484 ac
2753 2430 3007 2482 subditus
3032 2440 3239 2484 statuto
3299 2431 3585 2500 Apnsmlis

1964 2523 2084 2578 loco
2112 2523 2257 2579 sicut
2295 2523 2662 2593 praedixerat,
2697 2522 2856 2576 tertia
2889 2521 2978 2576 die
3006 2537 3303 2590 resurgens
3337 2523 3421 2578 \ix
3455 2540 3582 2580 cre-

1964 2616 2175 2672 dendus
2203 2615 2551 2687 Stupentibus
2581 2613 2754 2679 redit,
2787 2613 3082 2684 fractisque
3109 2614 3267 2669 inferi
3299 2614 3570 2683 faucibus,

1967 2709 2105 2765 coelo
2133 2708 2316 2764 sedem
2349 2709 2623 2763 locaturus
2648 2707 2916 2779 apparuit.
2946 2708 3160 2762 Gratias
3183 2709 3302 2774 tibi,
3335 2708 3568 2774 Tlioma,

1968 2803 2058 2874 qui
2093 2819 2234 2857 unus
2287 2819 2352 2858 ex
2396 2801 2648 2858 omnibus
2683 2803 2891 2856 tardius
2932 2803 3251 2870 credidisti,
3284 2804 3374 2875 qui
3399 2806 3584 2862 clavo-

1975 2917 2092 2955 rum
2121 2901 2237 2956 loca
2264 2899 2492 2969 palpans
2513 2908 2570 2954 et
2594 2899 2762 2953 totitts
2786 2897 3057 2968 passionis
3083 2898 3284 2953 indicia
3309 2900 3580 2970 flagitans,

1977 2994 2196 3065 probari
2231 2994 2324 3048 tibi
2365 2992 2694 3047 confitenter
2721 2991 3072 3062 cxpostulas,
3107 2991 3250 3061 quod
3275 3004 3390 3047 erat
3415 3010 3589 3064 quan-

1976 3090 2157 3163 doque
2184 3105 2212 3144 a
2257 3089 2480 3160 perfidis
2525 3086 2925 3156 denegandum.
2981 3085 3233 3142 Profecto
3265 3086 3478 3143 facilius
3510 3091 3592 3144 in-

1977 3200 2302 3258 corporeum
2335 3182 2566 3237 rediisse
2593 3182 2989 3236 contenderent
3022 3197 3180 3249 quem
3205 3181 3322 3236 sine
3355 3198 3589 3253 corpore

1899 3249 1945 3313 C
1977 3280 2182 3335 vixisse
2228 3279 2553 3348 confingunt
2577 3318 2591 3342 ,
2638 3291 2704 3329 ex
2751 3274 2852 3328 hoc
2885 3274 3114 3329 fallacim
3140 3275 3450 3344 sulterioris
3481 3278 3594 3332 suf-

1974 3372 2150 3444 fragia
2179 3372 2536 3440 colligentes,
2581 3367 2722 3439 quod
2747 3383 2894 3422 mare
2946 3367 3174 3438 pedibus
3204 3383 3594 3440 supergressus

1975 3467 2064 3532 sit,
2083 3467 2224 3537 quod
2249 3464 2521 3519 manentia
2550 3461 2888 3532 improvidus
2905 3461 3138 3515 claustra
3169 3462 3492 3531 penetrarit,
3513 3471 3597 3516 at-

1976 3574 2082 3628 que
2109 3567 2378 3625 exceptus
2403 3555 2546 3609 nube
2574 3553 2802 3622 fulgenti
2849 3561 3133 3618 paternum
3158 3552 3354 3606 solium
3397 3552 3592 3608 iterum

1974 3663 2239 3708 venturus
2267 3647 2622 3705 inscenderit.
2647 3646 2749 3713 Qui
2769 3646 3012 3709 Petrum,
3032 3645 3258 3715 jubente
3286 3645 3502 3710 eodem,
3527 3647 3582 3702 in

1976 3743 2230 3800 fluctibus
2247 3741 2558 3798 ambulasse
2573 3754 2680 3794 non
2697 3739 2963 3803 nesciant,
2981 3747 3036 3794 et
3056 3738 3380 3794 cadentibus
3397 3750 3591 3810 sponte

1975 3839 2207 3896 vinculis
2229 3837 2491 3895 emissum
2521 3832 2768 3890 custodia
2791 3833 3027 3888 carceris
3059 3847 3158 3902 per
3189 3833 3454 3903 Angelum
3479 3849 3587 3890 non

1976 3934 2230 4004 ignorent
2255 3950 2268 3985 τ
2304 3930 2530 3984 Paulum
2556 3943 2689 3983 vero
2720 3937 2777 3979 ut
2807 3925 3066 3980 invidiam
3100 3927 3356 3980 vanitatis
3384 3927 3588 3998 effuge-

1975 4037 2096 4093 ret,
2151 4025 2203 4078 in
2234 4037 2466 4090 corpore
2513 4037 2580 4074 an
2631 4030 2785 4074 extra
2835 4033 3074 4084 corpus,
3126 4018 3227 4071 sub
3275 4019 3370 4072 Dei
3406 4029 3586 4076 tamen

1978 4119 2209 4176 scientia
2244 4131 2418 4187 usque
2471 4115 2536 4170 ad
2595 4113 2794 4169 caelum
2831 4113 3048 4167 tertium
3106 4115 3214 4168 isse
3268 4113 3583 4170 fateantur:

1978 4211 2188 4267 lleliam
2215 4209 2454 4277 denique
2477 4221 2642 4260 curru
2675 4205 2832 4274 igneo
2859 4202 3029 4258 fuisse
3069 4204 3382 4271 sublatum,
3416 4215 3471 4260 et
3500 4221 3587 4261 as-

1979 4309 2248 4378 picientes
2288 4303 2689 4373 relinquentem
2715 4297 3007 4370 prOpbetas
3039 4298 3345 4354 inauditum
3379 4300 3586 4356 homini

1978 4402 2086 4456 iter
2125 4398 2362 4455 subiisse
2412 4402 2866 4449 commemorent.
2902 4391 3005 4459 Qui
3029 4407 3175 4447 nunc
3223 4392 3276 4446 in
3307 4391 3404 4448 Dei
3438 4393 3581 4448 Filio

1978 4498 2212 4550 virtutes
2249 4489 2556 4560 lmjusmodi
2589 4501 2696 4540 uou
2745 4483 3072 4546 credentes,
3105 4483 3232 4538 dmn
3267 4501 3582 4542 sacramen.

1977 4597 2269 4656 tum‘vera:
2323 4578 2718 4638 incarnationis
2745 4576 3036 4647 abjuraut,
3071 4585 3363 4647 actumque
3411 4578 3578 4634 dissi-

265 4676 506 4746 vagiens,
537 4683 694 4731 a-tate
722 4685 778 4730 et
803 4675 1070 4746 sapientia
1105 4691 1242 4746 puer
1268 4691 1558 4741 crescens,
1590 4687 1752 4746 atque
1785 4678 1866 4732 in-
1895 4651 1949 4712 θ
1976 4681 2189 4736 mulant
2213 4719 2227 4744 ,
2275 4687 2330 4731 et
2382 4673 2657 4730 hominem
2712 4671 2906 4725 nolunt
2936 4670 3140 4725 habere
3176 4671 3318 4740 quod
3345 4674 3574 4742 meruit,

268 4777 351 4826 ter
373 4769 584 4824 electos
609 4768 886 4824 seniorum
917 4777 1095 4823 coetus
1133 4768 1441 4823 divinorum
1487 4769 1862 4826 intellectnum

266 4865 614 4938 disputator?
653 4864 790 4933 Quid
827 4879 957 4934 rogo
996 4863 1250 4934 impietas
1280 4862 1542 4933 flagitiosa
1573 4879 1682 4919 nou
1723 4864 1872 4922 dice-

269 4969 381 5024 ret,
413 4961 456 5014 si
500 4958 618 5014 lmc
669 4959 924 5014 fundator
955 4958 1150 5014 salutis
1179 4960 1423 5015 omnium
1471 4974 1578 5015 non
1620 4960 1822 5032 egisset
1852 4980 1867 5016 :

267 5055 311 5109 si
330 5053 638 5122 destricieus
666 5052 1077 5122 praedicantem,
1107 5060 1164 5108 et
1189 5054 1501 5123 opinionem
1531 5061 1740 5108 tantum
1761 5055 1873 5110 ori-

267 5151 442 5223 ginis,
475 5166 580 5203 non
615 5151 929 5218 mysterium
967 5164 1108 5204 verte
1137 5150 1432 5206 nativitatis
1455 5151 1764 5224 intelligens
1791 5155 1871 5208 in-

269 5244 488 5300 credula
515 5241 826 5298 Juda'orum
857 5243 1011 5296 turba
1033 5241 1272 5297 siluisset
1299 5243 1488 5298 dicens
1530 5261 1544 5297 :
1577 5245 1766 5300 Nonne
1793 5247 1876 5302 Itic

271 5351 342 5395 est
375 5339 514 5409 ﬁlius
539 5335 735 5402 Ioseph
764 5336 931 5406 fabri,
967 5347 1013 5390 et
1047 5347 1208 5390 mater
1235 5345 1280 5390 et
1324 5339 1512 5408 fratres
1540 5340 1653 5410 ejus
1700 5342 1876 5396 nobis-

273 5449 388 5486 cum
415 5438 534 5484 sunt
560 5431 578 5503 (
605 5429 796 5483 Matth.
833 5445 965 5493 xm,
997 5429 1067 5484 55
1093 5428 1148 5498 )‘l
1186 5429 1308 5485 Veri
1335 5445 1463 5501 ergo
1486 5431 1722 5489 hominis
1751 5451 1877 5507 gra-

275 5523 376 5579 dus
432 5523 517 5576 isti
549 5531 710 5587 sunt,
765 5531 820 5578 et
846 5536 1116 5576 annorum
1149 5524 1521 5578 communium
1569 5536 1717 5583 certa
1751 5546 1877 5599 pro-

350 5655 376 5681 ιι
399 5643 472 5698 Ita
497 5642 765 5696 edidimus
794 5657 824 5696 e
854 5639 1040 5695 codice
1072 5640 1234 5695 Vind.
1264 5657 1279 5707 ;
1313 5640 1366 5696 in
1391 5642 1552 5697 editis
1580 5645 1656 5698 sic
1695 5647 1868 5704 diver-

277 5734 411 5787 sum.
455 5715 605 5768 llattd
637 5713 907 5787 itaniulto
941 5721 1070 5787 post
1090 5714 1191 5787 ubi
1211 5729 1276 5766 ex
1319 5714 1512 5769 eodem
1544 5717 1868 5787 scripsimus

279 5785 527 5858 qualitate
552 5784 834 5856 supplicii,
868 5794 1024 5858 antea
1060 5784 1336 5858 legebatur
1366 5784 1769 5857 supplicia,'sic
1813 5801 1872 5848 ut

281 5854 344 5917 ἐτι
373 5875 477 5913 vox
507 5854 804 5913 referretur
830 5855 896 5910 ad
921 5870 1160 5926 expensa
1179 5897 1193 5922 ,
1226 5854 1597 5916 ftirlaSsehon
1633 5863 1796 5918 male,

361 5930 388 5968 ι)
411 5928 501 5986 Sic
524 5939 752 5999 uterque
794 5928 966 5984 codex
995 5928 1148 5984 Lem.
1178 5939 1231 5984 et
1263 5928 1421 5986 Vind.
1445 5946 1460 5997 ;
1495 5934 1644 6004 prior
1671 5935 1872 6003 editio,

643 6025 918 6087 PATROL.
969 6025 1118 6087 XX.

1975 4784 2032 4831 et
2063 4776 2231 4830 Deum
2257 4787 2364 4828 non
2397 4768 2631 4826 credunt
2663 4767 2903 4837 potuisse
2942 4765 3087 4837 quod
3119 4767 3265 4822 fecit.

2573 4860 2803 4918 CAPUT
2855 4860 2996 4917 Xlll.

1977 4964 2166 5021 Contra
2195 4961 2535 5017 Marcionitas
2557 4967 2603 5013 et
2639 4955 2984 5010 Pltotinianos
3008 4997 3022 5016 ,
3053 4972 3272 5027 quorum
3303 4973 3442 5011 unus
3470 4955 3572 5012 Dei

2051 5058 2097 5113 F
2102 5059 2248 5112 ilium
2277 5057 2434 5127 fuisse
2463 5050 2782 5124 corporalem
2809 5054 3019 5119 refutat,
3054 5050 3191 5104 alius
3222 5068 3314 5120 pro
3347 5061 3574 5122 tempore

2049 5151 2210 5222 fuisse
2236 5162 2568 5219 corporeum,
2612 5151 2915 5211 perpetuum
2943 5160 3049 5197 esse
3079 5159 3183 5197 non
3211 5160 3358 5214 posse
3386 5146 3571 5200 credit.

2049 5244 2251 5298 APOLL.
2271 5268 2342 5280 -—-
2366 5237 2546 5293 Patuit
2575 5250 2741 5290 sectae
2773 5235 2934 5305 hujus
2980 5235 3232 5306 impietas
3254 5281 3266 5304 ,
3316 5247 3373 5292 et
3401 5240 3574 5294 mani-

1975 5337 2114 5392 feste
2144 5314 2512 5391 exsecrabilis
2546 5329 2854 5384 dauutauda
2881 5330 3166 5399 persuasio
3190 5370 3206 5396 ,
3238 5331 3483 5400 quamvis
3512 5333 3569 5389 in

1975 5431 2220 5488 exordiis
2250 5425 2582 5483 narrationis
2607 5426 2845 5495 inspecta
2888 5426 2988 5489 sit,
3019 5424 3086 5480 de
3121 5427 3355 5493 propriis
3389 5438 3570 5484 tamen

1973 5537 2058 5587 est
2085 5527 2223 5583 facta
2251 5523 2520 5594 signatior
2545 5539 2558 5577 :
2587 5535 2936 5590 consequens
2959 5533 3102 5573 nunc
3121 5526 3238 5587 est,
3265 5529 3321 5572 ut
3351 5535 3472 5589 quae
3501 5523 3571 5579 sit

1978 5667 2041 5706 ex
2070 5643 2238 5701 nescio
2267 5659 2368 5714 quo
2391 5657 2528 5696 aere.

2054 5731 2075 5759 ε
2108 5717 2206 5772 llic
2228 5705 2498 5771 in'codéce
2524 5711 2686 5768 Vind.
2724 5709 2943 5775 legitur,
2971 5705 3342 5762 inwstimabilis
3381 5709 3578 5764 sancti-

1981 5793 2121 5848 tatis.
2171 5788 2307 5843 lnfra
2337 5828 2351 5852 ,
2382 5786 2471 5841 tibi
2495 5783 2714 5840 audiat:
2748 5777 2885 5834 Deus
2907 5820 2921 5848 ,
2953 5789 3111 5836 antea
3157 5779 3441 5849 legebatur
3474 5797 3570 5836 att-

1979 5867 2133 5920 diret.

3019 6011 3096 6073 36
