4060 6344
533 339 669 395 “ﬁt

1799 332 2117 391 ZACCHA‘II
2154 331 2542 392 CHRISTIANI

3702 329 3834 388 “53

527 453 756 508 aliarum
789 451 844 506 in
867 465 963 506 sua
988 448 1280 505 traditione
1311 447 1641 519 perversitas
1671 491 1686 516 ,
1717 450 1806 506 vel
1835 465 1999 522 quam
2021 448 2122 505 de-
2154 457 2209 516 Α
2233 453 2446 506 ramine
2500 448 2770 520 genitoris
2821 461 2976 502 usum
3029 447 3150 502 vita:
3202 447 3520 503 communis
3571 447 3832 520 accipiat:

529 545 840 602 feusionem
888 543 1116 615 objiciat
1145 542 1482 612 singularum
1553 540 1778 596 modum
1813 555 2134 599 servaturus

530 639 832 704 edisseras;
858 639 982 710 quia
1013 635 1294 708 speciatim
1323 636 1573 691 ordinata
1625 635 1908 693 distinctio
1934 636 2134 694 confu-

527 737 739 791 sionem
771 732 1146 790 intellectibus
1184 730 1471 802 derogabit
1494 773 1508 795 ,
1563 729 1690 785 dum
1723 732 2130 803 expositionum

524 829 650 886 luce
695 827 768 885 sit
804 828 1038 892 clarius,
1085 825 1230 896 quod
1262 840 1513 882 errorum
1544 825 1788 881 tenebris
1821 825 2127 881 involutum

523 922 708 980 lumen
740 935 959 992 semper
989 918 1187 990 refugit
1208 919 1480 975 veritatis.

599 1016 798 1072 Zaccu.
835 1045 891 1056 —
919 1013 1230 1068 Intimatnm
1261 1021 1348 1068 est
1379 1011 1638 1083 superius
1670 1012 2018 1069 Marcionitas
2047 1025 2136 1066 se-

527 1108 765 1166 cundum
796 1106 1145 1162 divinitatem
1177 1105 1272 1160 Dei
1303 1105 1506 1161 Filium
1536 1105 1798 1172 credere,
1832 1105 2132 1163 secundum

521 1201 800 1257 hominem
833 1200 1070 1256 refutare
1098 1218 1109 1253 :
1139 1199 1496 1255 Photiuianos
1521 1217 1550 1254 e
1573 1201 1874 1266 contrario,
1899 1216 1964 1255 ex
1997 1208 2136 1255 tem-

520 1307 656 1364 pore
694 1303 930 1347 terrenae
985 1290 1290 1346 nativitatis
1341 1291 1435 1346 Dei
1482 1290 1678 1346 Filium
1726 1291 1946 1354 dicere,
2008 1298 2136 1346 ante

522 1396 771 1456 tempora
793 1383 1039 1440 difﬁteri.
1062 1383 1199 1440 Vide
1228 1383 1665 1440 concertantium
1698 1384 2050 1453 perfidiarum
2083 1387 2136 1440 in

519 1494 627 1535 una
675 1478 969 1534 collatione
1015 1477 1305 1532 veritatem
1353 1496 1364 1530 :
1404 1477 1565 1532 simul
1606 1477 1753 1547 quod
1799 1479 1851 1532 in
1897 1487 2010 1532 toto
2052 1487 2138 1534 est

517 1581 718 1627 neuter
745 1570 1063 1636 confitetur,
1102 1580 1158 1626 et
1187 1569 1332 1640 quod
1361 1572 1531 1626 simul
1563 1572 1615 1626 in
1650 1580 1763 1626 toto
1791 1581 1876 1626 est
1907 1580 2136 1640 uterque

520 1680 631 1722 non
663 1664 865 1720 renuit.
899 1664 995 1719 Dei
1038 1663 1186 1719 enim
1218 1663 1392 1720 Filius
1425 1665 1475 1719 in
1517 1664 1700 1719 Verbo
1729 1675 1856 1720 ante
1886 1666 2133 1721 omnium

519 1758 850 1815 saeculorum
892 1757 1235 1812 creationem
1280 1769 1442 1813 natus
1491 1774 1558 1814 ex
1593 1758 1788 1825 Patre,
1833 1759 1900 1815 de
1929 1762 2136 1830 sempi-

2239 544 2384 600 unde
2423 543 2449 583 δ
2488 543 2604 600 haec
2653 543 2706 598 in
2758 541 3104 599 Salvatorem
3151 541 3451 597 suscitatio
3494 553 3830 612 comparata,

2238 639 2438 693 merito
2474 636 2744 708 subjecit:
2778 634 2911 703 Quis
2942 635 3208 690 suscitabit
3242 635 3402 688 eunt?
3451 633 3626 690 Nemo
3657 636 3835 705 utique

2239 729 2343 784 nisi
2367 729 2551 785 Pater.
2584 729 2860 783 Adoratus
2879 742 3020 785 vero
3041 725 3207 783 ludas
3229 742 3262 782 a
3290 725 3561 782 fratribus
3590 729 3704 782 suis
3734 743 3833 782 non

2237 821 2482 878 estzsed
2523 822 2653 894 quia
2699 838 2769 876 ex
2821 821 3010 892 eadem
3061 822 3204 877 tribu
3254 836 3464 892 corpus
3514 823 3837 891 assumpsit,

2239 915 2574 987 propheticus
2601 915 3002 972 benedictionis
3042 915 3280 986 eloquiis
3305 914 3568 971 Salvator
3596 915 3650 970 in
3674 913 3835 983 luda,

2237 1009 2532 1067 credentes
2562 1021 2746 1066 autem
2784 1017 3173 1080 computantur
3217 1010 3271 1064 in
3307 1007 3610 1074 fratribus;
3644 1007 3759 1078 ipso
3787 1010 3836 1063 in

2241 1105 2554 1176 Evangeliis
2586 1105 2664 1160 sic
2693 1113 3037 1176 protestante
3071 1122 3083 1156 :
3110 1085 3183 1156 Hi
3213 1112 3341 1158 sunt
3368 1104 3565 1173 fratres
3594 1103 3724 1167 mei,
3757 1104 3838 1172 qui

2238 1198 2439 1266 faciunt
2464 1200 2785 1253 voluntatem
2817 1195 2997 1252 Patris
3026 1198 3124 1252 mei
3151 1197 3236 1266 qui
3263 1205 3344 1252 est
3375 1197 3430 1250 in
3455 1197 3598 1253 caelis
3626 1194 3837 1267 (Matth.

2237 1308 2332 1362 xu,
2366 1292 2479 1365 50).
2513 1293 2704 1348 Esaias
2735 1291 2965 1363 perinde
2995 1293 3072 1347 ait
3099 1313 3108 1345 :
3146 1290 3458 1362 Confortate
3484 1306 3673 1345 manus
3700 1308 3834 1344 reso-

2235 1388 2410 1454 lutas,
2465 1397 2514 1440 et
2561 1403 2728 1460 genua
2771 1386 2963 1440 debilia
3011 1387 3249 1441 roborate
3297 1400 3320 1441 :
3367 1385 3630 1440 Dominus
3676 1396 3841 1439 noster

2228 1481 2497 1553 judicium
2546 1482 2781 1535 retribuit
2815 1496 2833 1534 :
2863 1482 2972 1552 ipse
3015 1481 3176 1534 veniet
3218 1489 3267 1534 et
3316 1480 3490 1534 salvos
3537 1479 3694 1550 faciet
3731 1495 3835 1534 nos.

2241 1573 2385 1628 Tunc
2428 1575 2735 1645 aperientur
2778 1575 2913 1628 oculi
2946 1589 3230 1640 ctecorum,
3272 1584 3325 1628 et
3371 1588 3528 1626 aures
3569 1571 3842 1626 surdorum

2237 1672 2448 1725 audient
2492 1687 2510 1725 :
2551 1681 2675 1725 tunc
2718 1671 2869 1725 saliet
2921 1670 3142 1724 claudus
3184 1671 3321 1724 sicut
3359 1685 3542 1723 cerrus
3568 1684 3587 1723 :
3615 1668 3840 1738 etplane

2237 1768 2333 1821 erit
2365 1766 2548 1839 lingua
2577 1775 2837 1820 mutorum
2866 1765 2883 1836 (
2908 1764 3020 1819 lsa.
3053 1780 3220 1832 xxxv,
3253 1764 3414 1834 4-6).

517 1860 676 1908 terno
707 1849 1118 1920 sempiternus,
1151 1866 1314 1907 verus
1345 1868 1408 1907 ex
1441 1867 1572 1907 vero
1601 1862 1704 1907 est.
1747 1853 1933 1924 Neque
1977 1855 2030 1910 in
2061 1871 2129 1911 eo
2161 1861 2207 1921 Β
2305 1859 2425 1916 Jam
2458 1859 2679 1930 quidem
2723 1860 2827 1915 hoc
2873 1858 2925 1913 in
2963 1857 3262 1928 Evangelio
3303 1858 3562 1914 novimus
3592 1856 3792 1912 factum
3824 1876 3836 1913 :

519 1945 668 2001 aliud
720 1955 901 2015 potest
947 1960 1074 2000 esse
1120 1960 1284 2014 quam
1337 1943 1389 1999 id
1439 1944 1585 2016 quod
1635 1959 1857 2016 semper
1885 1947 1938 2001 in
1971 1947 2134 2002 Patre

513 2047 599 2094 est
621 2079 635 2103 ,
683 2039 805 2107 ipso
851 2038 903 2091 in
935 2036 1259 2107 Evangeliis
1291 2038 1393 2092 hoc
1420 2037 1661 2094 docente
1698 2055 1712 2092 :
1762 2040 1957 2095 Omnia
1986 2057 2130 2111 quee-

509 2147 727 2200 cumque
778 2131 930 2185 habet
957 2129 1156 2195 Pater,
1208 2147 1325 2186 mea
1353 2140 1473 2186 sunt
1506 2129 1710 2203 (Joan.
1745 2148 1859 2199 xvr,
1892 2135 2029 2203 l5).
2065 2135 2131 2190 Et

515 2235 699 2281 tamen
731 2240 840 2281 non
890 2226 964 2281 ita
994 2227 1062 2281 ab
1090 2241 1162 2281 eo
1189 2226 1340 2280 velut
1367 2227 1472 2281 soli
1503 2227 1726 2297 propria
1754 2227 2124 2298 vindicantur,

516 2319 612 2375 sed
647 2319 717 2374 ita
748 2319 1060 2375 communia
1088 2360 1102 2386 ,
1136 2330 1190 2374 ut
1221 2319 1275 2372 iti
1309 2320 1542 2390 singulis
1571 2321 1750 2391 plena.
1787 2322 1857 2377 Et
1887 2323 2084 2378 iterum
2113 2341 2125 2379 :

513 2413 780 2468 Abraham
822 2414 944 2467 vidit
975 2415 1112 2467 diem
1143 2429 1335 2481 meum,
1368 2424 1417 2468 et
1447 2413 1654 2469 fretatus
1683 2425 1756 2470 est
1786 2415 1969 2486 (Joan.
2006 2433 2124 2481 vm,

510 2508 636 2578 16).
673 2509 771 2572 Et,
801 2507 933 2562 Ante
962 2506 1224 2561 Abraham
1253 2524 1348 2577 ego
1376 2507 1714 2577 sum(1bid.,
1751 2510 1875 2578 58).
1910 2510 2126 2566 Dicitur

517 2601 750 2672 perinde
780 2603 848 2658 ad
898 2601 1269 2672 patriarcbam
1293 2603 1465 2658 Jacob
1502 2621 1515 2656 :
1547 2601 1660 2658 Fac
1687 2605 1768 2660 illi
1797 2601 1909 2659 Deo
1937 2607 2125 2671 altare,

509 2698 600 2767 qui
627 2697 716 2751 tibi
761 2699 1014 2765 apparuit
1043 2713 1160 2750 cum
1192 2698 1395 2766 fugeres
1425 2714 1455 2750 a
1502 2698 1637 2764 facie
1661 2699 1839 2768 fratris
1878 2701 1953 2753 tui
1982 2699 2126 2757 Esau

511 2789 676 2861 (Gen.
712 2807 876 2858 xxxv,
912 2790 1002 2859 l).
1032 2792 1174 2861 [Ipse
1217 2793 1413 2846 iterum
1449 2791 1500 2846 in
1534 2791 1832 2864 Evangelio
1861 2795 1942 2849 sic
1971 2795 2118 2851 locu-

509 2892 597 2938 tus
627 2884 694 2938 ad
719 2883 936 2940 Patrem
959 2894 1042 2938 est
1069 2903 1079 2938 :
1106 2883 1354 2955 Clariﬁca
1379 2902 1479 2952 nte,
1508 2884 1688 2952 Pater,
1710 2886 1945 2944 claritate
1966 2907 2123 2959 quam

509 2974 669 3030 habui
693 2976 836 3045 apud
867 2984 937 3043 te,
969 2976 1115 3044 prius
1145 2992 1305 3046 quam
1336 2978 1559 3032 mundus
1588 2978 1732 3047 ﬁeret
1763 2977 1951 3048 (Joan.
1987 2998 2120 3048 xvu,

512 3069 591 3138 5).
625 3070 732 3125 Iste
757 3079 842 3126 est
872 3070 960 3140 qui
993 3070 1255 3139 ponulum
1279 3069 1348 3125 de
1371 3068 1612 3142 Egypto
1639 3073 1952 3130 venientem
1981 3091 2120 3145 prae-.-

509 3164 680 3219 cessit
711 3165 762 3218 in
795 3165 962 3219 nube.
1013 3163 1172 3220 lllum
1219 3164 1410 3220 Esaias
1459 3166 1756 3223 manifesto
1786 3185 1814 3222 a
1849 3185 1908 3224 se
1939 3173 2118 3226 visum

512 3265 745 3313 testatur
792 3266 1040 3328 aspectu.
1092 3257 1189 3312 llle
1220 3269 1244 3293 ει
1277 3257 1512 3329 denique
1555 3276 1617 3314 se
1661 3261 1970 3331 principem
2009 3277 2117 3319 (τωο
2149 3265 2196 3330 C
2225 3267 2443 3338 gemina
2475 3265 2656 3321 Patris
2687 3281 2821 3322 voce
2851 3265 3124 3320 firmatum
3171 3272 3257 3318 est
3304 3281 3317 3316 :

511 3352 668 3408 lestis
703 3353 910 3408 militiae
955 3351 1073 3407 fore
1107 3353 1159 3406 in
1198 3355 1317 3407 acie
1349 3369 1377 3405 a
1409 3354 1540 3408 Jesu
1571 3353 1721 3410 Nave
1752 3357 2126 3425 interrogatus

511 3447 719 3503 edixit:
751 3445 921 3501 Nemo
950 3448 1089 3501 enim
1132 3463 1380 3515 umquam
1410 3450 1548 3502 novit
1576 3448 1790 3505 Patrem
1816 3453 1919 3506 nisi
1949 3449 2126 3506 Filius

518 3540 703 3612 (sicut
727 3541 996 3610 scriptum
1029 3551 1112 3594 est
1136 3539 1178 3610 ),
1209 3551 1255 3593 et
1285 3542 1371 3594 cui
1400 3543 1618 3596 voluerit
1653 3541 1832 3599 Filius
1859 3545 2131 3600 ostendere

515 3634 739 3706 (Matth.
772 3651 849 3703 xl,
880 3635 1006 3703 27).
1051 3634 1147 3689 llle
1180 3650 1240 3690 se
1269 3650 1492 3706 semper
1521 3637 1778 3692 humanis
1808 3639 2126 3709 aspectibus

519 3728 692 3795 dedit,
725 3729 878 3797 quia,
912 3729 1200 3783 caelestem
1233 3729 1561 3784 societatem
1606 3731 1890 3800 fragilitati
1924 3743 2129 3787 nostrm

516 3821 891 3876 admiraturus
921 3822 1068 3894 (sic),
1097 3821 1149 3875 in
1182 3821 1408 3878 homine
1431 3824 1576 3894 quod
1597 3834 1716 3880 erat
1745 3825 1979 3895 futurus,
2014 3827 2123 3897 jam

516 3912 898 3970 meditabatur
923 3913 1183 3983 intelligi.
1200 3913 1328 3968 Haec
1354 3913 1541 3984 itaque
1564 3915 1901 3973 Marcionitis
1923 3933 2125 3975 secun-

526 4010 656 4066 dum
686 4010 1033 4066 divinitatem
1062 4009 1206 4066 dicta
1235 4010 1530 4065 sufficiant.

592 4103 930 4174 Corpoream
988 4104 1332 4160 nativitatem
1381 4104 1708 4160 Photiniana
1740 4108 1982 4162 vicissim
2015 4108 2126 4164 hae-

520 4202 662 4257 resis
694 4207 976 4271 agnoscat.
1007 4198 1097 4253 Ait
1122 4198 1386 4253 Dominus
1416 4199 1485 4254 ad
1509 4199 1722 4254 Natltan
1759 4201 2083 4271 prophetam
2110 4219 2124 4256 :

528 4296 696 4361 Vade,
729 4296 814 4348 dic
840 4311 990 4348 servo
1031 4310 1142 4347 meo
1185 4292 1359 4348 David
1386 4311 1403 4346 :
1448 4292 1574 4348 Non
1604 4305 1658 4350 tu
1685 4296 1968 4365 tediﬁcabis
1997 4297 2128 4352 mihi

520 4389 772 4459 templum
801 4387 878 4460 (II
923 4386 1053 4454 Reg.
1088 4402 1179 4453 vti,
1215 4385 1248 4440 5
1272 4387 1316 4457 ),
1347 4387 1438 4442 sed
1467 4389 1729 4442 suscitabo
1770 4405 1944 4444 semen
1980 4399 2127 4442 tuum

520 4491 635 4556 post
665 4492 735 4548 te,
767 4493 814 4536 et
843 4479 1038 4554 parabo
1068 4497 1287 4553 regnum
1318 4483 1430 4549 ejus
1458 4496 1475 4534 :
1502 4481 1588 4535 hic
1609 4483 1892 4552 (ediﬁcabit
1916 4483 2126 4537 domum

521 4575 720 4629 nomini
749 4589 880 4638 tneo,
911 4585 958 4626 et
987 4573 1184 4640 erigam
1213 4573 1458 4626 thronum
1486 4576 1597 4643 ejus
1628 4577 1681 4629 in
1707 4576 1927 4642 stecula,
1957 4588 2002 4628 et
2031 4593 2127 4647 ego

2234 1956 2331 2011 sed
2361 1954 2675 2009 faciundum
2708 1953 2925 2023 plenius
2957 1953 3008 2008 in
3041 1952 3456 2007 resurrectione
3492 1949 3836 2017 confidimus,

2232 2064 2357 2105 cum
2388 2047 2646 2104 innovata
2696 2048 2860 2102 siccis
2907 2046 3128 2102 ossibus
3156 2045 3405 2102 membra
3437 2045 3760 2117 jungentur,
3789 2055 3840 2100 et

2234 2155 2356 2213 post
2413 2153 2827 2213 assumptorum
2884 2155 3175 2210 corporum
3227 2137 3522 2210 pulverem
3577 2137 3838 2208 spiritalis

2230 2236 2419 2293 forma:
2451 2236 2773 2293 muneribus
2803 2235 3124 2299 induemur;
3162 2233 3436 2304 Apostolo
3463 2233 3545 2286 sic
3569 2231 3832 2287 docente:

2235 2330 2447 2402 Oportet
2478 2330 2696 2384 mortale
2733 2331 2834 2383 hoc
2877 2329 3092 2382 induere
3129 2328 3583 2382 immortalitatem
3605 2368 3620 2394 ,
3655 2337 3702 2380 et
3727 2343 3836 2379 cor-

2230 2423 2480 2493 ruptibile
2509 2423 2606 2477 hoc
2633 2423 2847 2477 induere
2885 2422 3336 2495 incorruptionem
3369 2421 3414 2494 (Ι
3442 2419 3568 2476 Cor.
3597 2437 3690 2484 xv,
3720 2419 3831 2490 55).

2230 2514 2300 2572 Ut
2348 2517 2517 2570 simus
2546 2514 2862 2571 conformes
2894 2515 3083 2571 formae
3111 2516 3368 2583 corporis
3404 2514 3612 2570 Christi
3637 2557 3652 2580 ,
3680 2531 3832 2581 quem

2230 2611 2535 2666 Hieremias
2569 2624 2860 2666 venturum
2896 2610 2950 2664 in
2996 2625 3229 2681 corpore
3267 2609 3587 2681 praedicans
3619 2610 3692 2663 ait
3725 2627 3736 2662 :
3774 2607 3830 2662 Et

2229 2705 2383 2760 homo
2405 2716 2498 2770 est,
2525 2715 2573 2760 et
2605 2707 2720 2776 quis
2749 2715 3022 2776 cognoscet
3053 2721 3166 2758 eum
3199 2700 3441 2774 (Jerem.
3481 2719 3614 2769 xui,
3648 2702 3700 2767 9,
3733 2720 3754 2754 δ
3775 2718 3828 2754 τ.

2227 2797 2431 2868 LXX)?
2459 2797 2578 2853 Non
2602 2800 2750 2854 enim
2775 2798 2948 2855 fuerat
2976 2796 3356 2853 necessarium
3377 2812 3504 2852 cum
3529 2795 3830 2866 adjecuione

2229 2892 2473 2948 hominis
2501 2893 2572 2948 de
2600 2893 2713 2948 Deo
2746 2893 2920 2962 loqui,
2959 2892 3061 2948 nisi
3097 2901 3154 2946 ut
3193 2891 3244 2946 in
3281 2891 3394 2946 Deo
3434 2893 3603 2944 homo
3635 2890 3830 2960 pariter-

2227 2994 2647 3040 monstraretur.
2683 2986 2852 3040 David
2878 2996 3061 3040 autem
3085 2984 3186 3038 sub
3209 2984 3397 3040 verbis
3420 2984 3641 3039 Domini
3670 2984 3830 3053 ipsius

2225 3079 2332 3132 ait:
2361 3075 2618 3132 Dominus
2637 3079 2770 3133 dixit
2791 3080 2860 3132 ad
2883 3095 3000 3133 me:
3024 3076 3196 3132 Filius
3218 3094 3365 3131 meus
3381 3093 3434 3130 es
3457 3087 3549 3143 tu;
3573 3093 3666 3150 ego
3683 3075 3828 3128 hodie

2223 3173 2378 3242 genui
2406 3181 2456 3228 te
2484 3172 2605 3244 (Ps.
2636 3189 2694 3235 ll,
2731 3172 2807 3243 7).
2840 3172 2999 3241 Quod
3026 3170 3412 3227 testimonium
3442 3171 3498 3226 in
3537 3171 3826 3239 Evangelio

3368 3263 3608 3334 primum
3642 3279 3762 3318 cum
3799 3278 3823 3316 a

2227 3357 2439 3413 Joanne
2486 3359 2820 3428 baptizatum
2853 3371 2873 3396 ε
2919 3357 3176 3414 Jordanis
3206 3357 3496 3411 emitteret
3539 3374 3552 3411 :
3595 3355 3826 3412 secundo

2225 3469 2348 3510 cum
2398 3453 2448 3506 in
2500 3462 2686 3508 inmite
2715 3453 2918 3507 futurae
2948 3450 3214 3507 claritatis
3245 3450 3549 3520 Splendore
3578 3451 3825 3521 perfusus

2227 3548 2444 3604 medius
2475 3549 2618 3603 inter
2651 3548 2874 3620 Moysen
2903 3546 3224 3616 llt'liamque
3253 3545 3531 3600 consedit.
3579 3546 3706 3600 lla‘c
3735 3545 3827 3599 ita-

2227 3657 2334 3712 que
2361 3643 2427 3698 de
2453 3643 2647 3700 eodem
2689 3643 2782 3698 Dei
2827 3642 3005 3697 Patris
3039 3651 3275 3710 utroque
3305 3641 3358 3694 in
3392 3649 3646 3708 tempore
3672 3639 3822 3694 verba

2229 3747 2531 3793 tonuerunt
2557 3756 2569 3791 :
2597 3735 2701 3791 Hic
2733 3747 2809 3791 est
2838 3737 2980 3805 ﬁlius
3008 3751 3149 3790 meus
3181 3732 3406 3787 dilectus
3427 3775 3442 3801 ,
3483 3735 3537 3786 in
3577 3750 3680 3802 quo
3717 3733 3826 3786 bene

2228 3830 2520 3901 complacui
2559 3846 2576 3883 :
2619 3831 2793 3900 ipsum
2833 3829 3013 3883 audite
3043 3826 3272 3902 (Matth.
3326 3841 3467 3892 xvtl,
3503 3825 3598 3896 5).
3631 3826 3687 3881 l-l
3717 3835 3822 3890 est,

2223 3919 2337 3990 jam
2367 3935 2475 3974 non
2510 3919 2734 3991 Moysen
2774 3919 2866 3989 qui
2905 3929 3030 3973 tunc
3076 3917 3324 3988 speciem
3371 3916 3512 3988 legis
3555 3915 3820 3981 exhibuit,

2228 4020 2323 4066 aut
2373 4012 2580 4068 Heliam
2627 4013 2721 4084 qui
2776 4013 3004 4083 ﬁguram
3038 4009 3227 4066 intulit
3259 4009 3697 4081 Prophetarum;
3737 4007 3825 4065 sed

2229 4105 2375 4160 hunc
2420 4104 2644 4173 audite,
2677 4107 2766 4162 cui
2814 4117 2867 4162 et
2896 4120 3077 4161 sermo
3106 4105 3159 4159 in
3193 4113 3472 4174 potestate
3519 4113 3637 4168 est,
3682 4111 3735 4157 et
3775 4101 3822 4155 in

2229 4197 2428 4255 virtute
2474 4201 2566 4255 lex
2614 4201 2824 4269 gratim.
2855 4199 2946 4255 Sic
2985 4200 3131 4254 enim
3163 4197 3232 4252 de
3259 4212 3328 4251 eo
3361 4197 3652 4266 Scriptura
3697 4210 3824 4265 prx-

2229 4294 2444 4349 dixerat
2483 4311 2495 4347 :
2541 4293 2754 4348 Orietnr
2782 4293 2926 4348 vobis
2955 4291 3033 4348 sol
3054 4291 3312 4365 justitite,
3345 4300 3392 4344 et
3423 4292 3478 4345 in
3514 4291 3699 4361 pennis
3725 4291 3822 4360 ejus

2228 4391 2430 4445 sanitas
2473 4389 2492 4460 (
2520 4389 2752 4443 Malach.
2784 4404 2860 4458 tv,
2892 4390 2928 4442 ‘2
2954 4388 2992 4459 ).
3027 4387 3226 4442 Paulus
3255 4400 3481 4457 quoque
3531 4385 3822 4456 prardicans

2230 4483 2306 4536 ait
2331 4499 2344 4536 :
2375 4483 2437 4534 At
2470 4482 2556 4534 ubi
2585 4482 2721 4535 venit
2747 4479 3054 4552 adimpletio
3091 4479 3372 4548 temporis,
3402 4478 3543 4531 misit
3568 4475 3707 4530 Deus
3735 4473 3822 4528 Fi-

2233 4575 2361 4628 lium
2389 4591 2539 4628 suum
2568 4579 2585 4647 (
2611 4573 2791 4629 Galat.
2827 4590 2901 4639 IV,
2927 4574 2998 4644 4)
3025 4575 3115 4644 qui
3145 4572 3321 4642 factus
3349 4582 3425 4626 est
3463 4572 3512 4625 ei
3548 4570 3821 4626 secundum

518 4681 606 4718 ero
632 4666 678 4718 ei
706 4665 758 4716 in
787 4672 1008 4734 patrem,
1037 4672 1084 4715 et
1109 4663 1217 4733 ipse
1242 4664 1341 4716 erit
1371 4663 1496 4716 mihi
1527 4666 1580 4718 in
1605 4665 1776 4734 ﬁlium
1808 4668 1823 4735 (
1848 4665 2010 4731 lbid.,
2034 4667 2121 4731 12,
2152 4660 2206 4720 D
2230 4685 2436 4724 carnem
2472 4671 2662 4743 (Rom.
2688 4687 2725 4734 ι,
2751 4671 2838 4742 5).
2881 4670 3122 4725 Joannes
3161 4669 3418 4725 similiter
3447 4687 3460 4722 :
3488 4668 3706 4734 Omnis,
3749 4669 3820 4721 in-

521 4757 590 4810 15
609 4756 649 4824 ).
683 4755 950 4809 Similiter
979 4753 1031 4806 in
1059 4752 1261 4808 Genesi
1290 4755 1606 4823 patriarcha
1634 4756 1804 4812 Jacob
1829 4757 1899 4813 de
1927 4760 2122 4813 eodem

519 4854 647 4901 ante
679 4847 1102 4916 prOphelarcrat
1147 4861 1163 4899 :
1201 4844 1367 4911 Inda,
1399 4859 1446 4900 te
1475 4846 1765 4901 laudabunt
1791 4851 1979 4918 fratres
2007 4850 2084 4903 tui
2109 4865 2129 4904 :

523 4957 708 4995 manus
737 4949 837 4993 tum
861 4955 1018 5009 super
1047 4939 1257 4993 dorsum
1290 4941 1622 4995 inimicorum
1651 4951 1862 4998 tuorum
1887 4960 1905 4998 :
1927 4946 2121 4998 adora-

521 5037 644 5089 bunt
675 5042 723 5086 te
754 5031 851 5100 ﬁlii
897 5032 1058 5099 patris
1090 5033 1181 5084 tui.
1217 5031 1439 5088 Catulus
1471 5035 1636 5089 leonis
1665 5036 1811 5089 Juda
1854 5054 1871 5090 .'
1917 5039 1981 5091 de
2006 5056 2126 5111 ger.

520 5127 654 5181 mine
683 5125 825 5194 filius
856 5123 983 5176 mihi
1029 5126 1309 5179 ascendisti
1351 5144 1371 5179 :
1418 5127 1670 5184 recubans
1703 5131 1942 5186 dormiin
1987 5135 2122 5190 sicut

518 5221 598 5273 leo
627 5231 673 5274 et
701 5220 830 5274 sicut
864 5217 1069 5271 catulus
1101 5216 1263 5272 leonis
1305 5235 1323 5272 :
1361 5222 1478 5291 quis
1507 5225 1777 5280 snscitabit
1807 5241 1921 5279 eum
1951 5225 2114 5298 (Gen.

515 5329 663 5376 xux,
690 5315 744 5378 8,
773 5312 866 5378 9)?
898 5309 1060 5366 Forte
1093 5328 1201 5364 non
1235 5312 1396 5366 lateat
1428 5316 1790 5372 tmbilissimte
1815 5318 1947 5374 fera:
1977 5321 2117 5377 hanc

513 5421 635 5462 esse
665 5413 951 5472 naturam,
1007 5410 1063 5457 ut
1112 5402 1200 5456 leo
1249 5405 1366 5458 sine
1411 5407 1606 5474 spiritu
1638 5409 1848 5479 integra
1901 5421 2110 5468 tantum

511 5497 759 5567 corporis
797 5498 968 5553 forma
1001 5505 1278 5559 nascatur,
1308 5497 1608 5568 iacensque
1634 5501 1712 5555 sic
1743 5501 1966 5558 biduum
1999 5505 2112 5575 spi-

583 5635 715 5712 f‘lta
773 5635 966 5705 legitur
1033 5633 1320 5712 iti_cotlic_e
1359 5631 1542 5712 Vind:
1592 5633 1644 5686 in
1689 5636 1848 5712 editis
1889 5640 2112 5712 denique

510 5703 908 5784 principem
957 5721 1022 5784 se
1059 5706 1215 5760 dixit.
1259 5703 1542 5784 flend-ita
1597 5708 1769 5761 multo
1821 5721 1944 5779 post
1984 5703 2109 5784 quia

511 5776 763 5830 caelestem
809 5792 874 5831 ex
921 5778 1119 5832 eodem
1168 5777 1295 5830 cod.
1347 5776 1700 5844 scripsimus,
1732 5776 1854 5835 cum
1898 5776 2106 5839 editum

516 5861 660 5916 esset
691 5850 777 5916 qui
810 5850 1082 5902 caelestem.

587 5915 614 5956 ιι
642 5915 825 5976 Gadex
873 5916 1039 5977 Vind.
1090 5917 1530 5994 ha’cSalvatori.
1583 5917 1731 5979 infra
1764 5921 1848 5999 in
1876 5923 2103 5984 Lemov.

2227 4765 2366 4834 quit,
2399 4765 2616 4834 spiritus
2638 4771 2725 4834 qui
2748 4765 3024 4835 confitetur
3047 4763 3312 4818 Christum
3338 4766 3393 4818 in
3422 4780 3584 4817 carne
3609 4764 3814 4828 venisse,

2227 4855 2291 4909 de
2322 4855 2434 4910 Deo
2471 4868 2543 4911 est
2588 4873 2606 4911 :
2647 4860 2735 4925 qui
2767 4868 2941 4911 autem
2970 4866 3156 4928 negat,
3197 4855 3263 4910 de
3302 4853 3413 4908 Deo
3453 4871 3560 4909 non
3600 4865 3705 4920 est,
3736 4851 3817 4910 sed

2225 4948 2563 5004 antichristus
2589 4960 2665 5003 est
2698 4949 2751 5021 (Ι
2777 4948 2943 5005 Joan.
2976 4966 3048 5013 IV,
3081 4949 3178 5018 9.).

2300 5041 2462 5098 Vides
2514 5057 2647 5112 ergo
2699 5043 2958 5112 perfacile
3005 5040 3483 5109 Photinianorum,
3533 5039 3815 5096 Marcioni-

2227 5143 2516 5206 tarumque
2566 5137 2852 5190 doctrinas
2904 5151 3064 5206 posse
3103 5134 3391 5198 convinci;
3442 5134 3540 5189 scd
3594 5135 3816 5189 imbutas

2224 5229 2456 5284 funestis
2507 5227 2790 5284 fraudibus
2836 5238 3049 5286 mentes
3098 5230 3358 5298 antiquus
3409 5242 3644 5297 serpens
3691 5225 3814 5281 diris

2221 5325 2452 5380 nexibus
2483 5325 2731 5394 illigavit,
2769 5333 2828 5380 ut
2855 5334 3016 5381 secta:
3048 5323 3450 5395 inexplicabilis
3479 5323 3659 5377 labem
3689 5337 3810 5392 qua-

2219 5417 2346 5472 dam
2358 5421 2688 5474 constantiae
2710 5419 3139 5490 praesumptione
3159 5428 3437 5474 tueantur.
3455 5415 3815 5472 Nihilominus

2216 5519 2400 5569 tamen
2429 5529 2530 5585 per
2557 5515 2841 5585 utriusque
2863 5515 3266 5572 confessionem
3288 5511 3497 5569 veritas
3521 5511 3813 5568 manifestae

2190 5707 2196 5712 _
2215 5649 2368 5716 plena
2396 5650 2492 5704 erit
2522 5651 2718 5722 lingua.

2291 5732 2311 5759 ε
2347 5725 2524 5778 Antea
2570 5721 2851 5794 legebatur
2898 5723 3124 5778 Jordani
3165 5741 3218 5777 se
3262 5725 3518 5790 mitteret,
3571 5722 3717 5778 fasdo
3759 5721 3811 5776 li-

2214 5791 2379 5866 brarii
2427 5791 2644 5849 erroref
2663 5795 2812 5866 lnfra
2866 5796 2954 5852 ubi
2979 5798 3065 5865 qui
3109 5812 3243 5852 nunc
3271 5797 3515 5866 speciem,
3543 5795 3662 5851 vitii
3687 5810 3808 5850 nono

2215 5863 2348 5924 nihil
2373 5879 2496 5924 esse
2529 5864 2795 5938 suspicor.
