4060 6344
246 366 384 425 4:33

1454 367 2074 433 CONSULTATIONUM
2118 366 2244 424 LIB.
2289 367 2352 422 ll.

3403 373 3542 435 HM

242 477 541 533 divinitatis
609 478 824 545 elucet,
878 480 1006 537 dum
1072 482 1454 540 altercantinm
1527 487 1837 556 malignitas
1866 485 1917 553 Α
1946 484 2178 552 Spiritus
2209 484 2277 538 ad
2322 482 2631 555 Philippum
2662 500 2679 538 .·
2705 483 2906 539 Accede
2955 484 3023 537 ad
3062 484 3275 539 currunt
3319 488 3544 543 eunuchi

240 571 454 627 discors
484 571 761 644 hebesque
794 574 1020 645 perfidia
1048 587 1256 647 partem
1290 581 1541 650 negantis
1577 580 1836 649 affirmat,

239 679 362 720 cum
393 674 604 736 partem
639 668 920 738 negaverit
951 669 1286 725 conﬁtentis.

836 759 1069 817 CAPUT
1114 761 1251 818 XIV.

241 851 435 906 Contra
492 850 855 920 Sabelliarros,
909 856 998 925 qui
1048 854 1305 927 Spiritum
1360 867 1597 912 sanctum
1653 868 1842 929 negant

277 942 445 996 Deum
466 987 478 1009 ,
515 945 831 999 credendum
861 946 1055 1001 donum
1088 951 1260 1020 potius
1291 966 1447 1020 quam
1476 950 1803 1006 donatorrm.

316 1038 765 1095 APOLL.—Pl:tna
797 1048 882 1101 est
911 1044 1073 1099 etiam
1124 1043 1177 1101 in
1229 1043 1313 1099 his
1357 1057 1591 1115 speratae
1622 1045 1843 1116 exposi-

243 1131 404 1186 tionis
456 1132 820 1201 inspecurtio,
870 1143 925 1189 ct
980 1136 1268 1207 utriusque
1321 1146 1486 1192 sectae
1540 1138 1841 1193 indubitata

241 1226 906 1301 perversitasinfelicium
938 1232 1269 1299 pravitatum
1312 1244 1621 1291 commenta
1674 1232 1842 1287 turda-

240 1322 349 1377 vit.
420 1322 569 1379 Ordo
626 1340 767 1380 nunc
830 1324 1069 1381 luereses
1122 1334 1310 1397 pergat
1362 1326 1414 1383 in
1466 1336 1726 1391 cietetas,
1790 1334 1845 1381 ct

243 1428 563 1475 cunctarum
593 1418 960 1490 vulgationem
999 1421 1172 1476 series
1212 1434 1387 1491 coepta
1422 1432 1733 1494 percurrat,
1788 1430 1844 1473 ut

243 1517 522 1585 tamquam
570 1520 963 1571 venenatorum
1012 1513 1270 1583 anguium
1322 1515 1461 1573 intra
1495 1524 1520 1551 ιλ
1567 1515 1841 1569 volumina

240 1613 524 1677 pectorum
543 1603 796 1663 conditos
821 1604 972 1661 sinus
996 1606 1142 1661 illata
1167 1606 1294 1661 ﬁdei
1316 1607 1407 1663 lux
1429 1607 1601 1665 revolt
1619 1617 1707 1674 at;
1736 1622 1841 1663 nou

238 1698 365 1771 quia
398 1700 535 1759 tales
561 1712 876 1758 mereantur
905 1702 1148 1775 agnosci.
1178 1702 1274 1759 sed
1306 1719 1373 1758 ne
1402 1704 1693 1763 dubiorum
1720 1720 1844 1760 serr-

241 1792 394 1847 sibus
442 1794 707 1851 nociturae
738 1796 982 1863 facilius,
1013 1796 1139 1851 durn
1174 1797 1515 1867 ignorantur,
1550 1799 1842 1870 obrepunt.

1948 579 2085 646 (Act.
2136 593 2248 644 vrtt,
2282 577 2363 649 2).
2396 577 2461 632 Et
2495 578 2687 632 iterum
2734 595 2747 635 ;
2778 577 3033 648 Separate
3063 578 3189 633 uri/ri
3221 578 3448 633 Paulum
3496 592 3547 636 et

1944 669 2245 725 Barnabam
2273 673 2325 726 in
2354 688 2481 745 opus
2507 673 2559 724 in
2588 688 2690 742 quo
2721 673 2981 742 assumpsi
3016 690 3103 727 eos
3138 672 3275 744 (Act.
3309 691 3428 741 xm,
3459 675 3540 747 2).

1948 765 2213 821 Dominus
2259 775 2438 823 autem
2472 766 2525 819 in
2558 765 2857 837 Evangelia
2904 766 3079 823 sancti
3114 766 3353 837 Spiritus
3388 784 3549 825 reve-

1945 861 2176 919 rentiam
2230 875 2353 915 cum
2408 860 2861 916 interrtrinatione
2912 861 3262 919 commendat
3312 862 3543 919 dicens:

1949 951 2055 1019 Qui
2086 954 2518 1017 blasplrernaverit
2562 956 2614 1008 in
2645 954 2906 1025 Spiritum
2936 967 3206 1022 sanctum,
3237 972 3338 1009 non
3370 958 3548 1011 remit-

1947 1054 2083 1099 tetur
2113 1048 2159 1099 ei
2185 1063 2347 1117 neque
2372 1045 2479 1114 hic,
2512 1062 2674 1118 neque
2700 1048 2755 1101 in
2784 1048 3021 1116 futurum
3047 1047 3265 1118 (Matth.
3302 1064 3396 1115 χιι,
3429 1050 3544 1120 52).

2022 1139 2117 1193 llic
2149 1138 2389 1195 ﬁdelium
2432 1140 2597 1197 corda
2628 1140 2970 1207 sanctiﬁcat,
3018 1149 3181 1210 atque
3213 1142 3279 1197 ad
3324 1157 3547 1199 omnem

1947 1230 2187 1285 cmlestis
2236 1233 2428 1303 gratiae
2482 1233 2873 1303 perfectionem
2915 1235 3171 1289 informat
3220 1246 3270 1288 et
3323 1234 3548 1307 dirigit,

1947 1322 2181 1379 Dorrrino
2231 1326 2563 1395 praedicante
2612 1346 2621 1379 :
2666 1325 2792 1381 Cum
2826 1339 2996 1381 autem
3026 1330 3219 1381 venerit
3246 1328 3548 1383 Parua/ilus

1947 1412 2035 1469 ille
2066 1433 2218 1486 quem
2258 1434 2353 1488 ego
2386 1419 2587 1473 mittant
2618 1420 2759 1475 vobis
2788 1438 2817 1473 α
2853 1419 3013 1476 Patre
3054 1437 3165 1477 meo
3210 1420 3410 1492 (Joan.
3446 1438 3514 1478 xv
3535 1464 3548 1489 ,

1945 1508 2016 1561 26
2042 1508 2077 1577 ),
2116 1510 2226 1581 ipse
2253 1526 2339 1565 vos
2368 1510 2582 1584 diriget,
2617 1520 2662 1566 et
2706 1515 2817 1585 ipse
2857 1524 3038 1585 arguet
3071 1513 3323 1567 mundum
3360 1531 3390 1567 a
3432 1531 3551 1585 pec-

1948 1603 2076 1657 catis
2106 1620 2281 1659 eorum
2310 1603 2490 1677 (Joan.
2526 1614 2641 1674 XVI,
2672 1607 2725 1673 8,
2764 1607 2877 1679 15).
2906 1607 3023 1662 Non
3058 1618 3143 1665 est
3171 1623 3301 1679 ergo
3329 1624 3548 1676 munus,

1946 1700 2043 1754 sed
2078 1711 2424 1769 rnunerator;
2480 1719 2584 1759 nec
2630 1703 2833 1761 donum
2880 1703 3130 1774 aliquod,
3179 1704 3272 1758 sed
3325 1704 3554 1774 largitor

1947 1794 2216 1849 donorum
2266 1814 2276 1848 :
2324 1813 2429 1851 non
2480 1797 2882 1861 sartctiﬁcatttr,
2934 1797 3028 1851 sed
3063 1798 3180 1865 ipse
3212 1796 3551 1863 sanctificat;

314 1886 770 1947 lacum—Credo
806 1901 990 1947 teneas
1024 1892 1076 1951 in
1110 1892 1459 1962 praecedente
1497 1895 1655 1953 ιῑιυιο
1702 1913 1839 1965 pm.
1871 1889 1919 1953 B
1947 1902 2240 1957 numquam
2273 1888 2416 1943 inter
2444 1898 2749 1957 creaturas,
2783 1890 2876 1946 sed
2903 1906 3125 1962 semper
3158 1892 3208 1944 in
3242 1892 3551 1945 substantia

244 1990 513 2052 notatum,
548 2000 577 2041 a
607 1984 934 2041 Sabellianis
976 1987 1250 2061 praecipue
1294 1999 1541 2045 sanctum
1574 1989 1843 2058 Spiritum

242 2075 539 2147 denegari,
577 2088 633 2132 et
680 2078 882 2134 donnrn
940 2082 1122 2149 potius
1171 2096 1331 2151 quam
1377 2081 1699 2138 donatorem
1747 2084 1846 2138 im-

244 2171 459 2241 piortrnt
503 2172 895 2229 traditionibus
928 2174 1067 2239 dici;
1105 2175 1343 2246 malique
1392 2176 1553 2247 hujus
1604 2178 1844 2232 auctori—

244 2274 412 2323 tatem
446 2266 618 2322 sacris
646 2266 728 2320 vel
762 2268 1007 2323 maxime
1039 2268 1366 2325 testimoniis
1397 2270 1643 2340 usurpari
1671 2311 1684 2335 ,
1717 2272 1843 2340 quia

246 2368 299 2413 et
325 2358 444 2415 dari
476 2359 686 2429 legatur
710 2370 762 2415 et
792 2360 998 2430 accipi;
1035 2360 1316 2419 Salvatore
1346 2362 1410 2416 ad
1440 2362 1732 2431 Apostolos
1764 2363 1844 2418 sic

246 2450 503 2523 loquente
546 2470 559 2507 :
606 2452 672 2507 Et
702 2456 984 2525 insul/laus
1018 2456 1088 2508 eis
1127 2455 1256 2509 dixit
1282 2473 1299 2510 .·
1334 2457 1562 2525 Accipite
1586 2456 1844 2527 Spiritum

243 2555 481 2603 sanctum
507 2544 688 2619 (Joan.
726 2564 817 2615 xx,
850 2548 968 2621 22).
1002 2550 1229 2618 Quidam
1254 2550 1417 2605 etiam
1448 2549 1842 2620 discipulorum

248 2654 277 2693 a
312 2639 483 2697 Paulo
513 2641 865 2711 interrogati,
902 2642 982 2696 An
1013 2644 1286 2715 accepistis
1321 2643 1579 2716 Spiritum
1609 2655 1847 2701 sanctum

245 2731 411 2806 (Act.
440 2749 528 2789 xrx
550 2777 563 2800 ,
588 2734 623 2787 2
646 2735 700 2805 )?
733 2750 906 2807 neque
930 2735 1211 2806 accepisse
1233 2778 1246 2803 ,
1304 2752 1403 2792 nec
1436 2737 1482 2793 si
1515 2749 1661 2793 esset
1703 2738 1847 2794 scire

246 2842 307 2882 se
360 2826 635 2883 dixerunt.
668 2827 911 2894 Quorum
948 2829 1326 2884 intellectttum
1376 2830 1516 2885 ratio
1565 2830 1687 2885 talis
1738 2838 1843 2887 est.

246 2918 419 2976 Datur
448 2920 667 2991 quidem
690 2967 702 2989 ,
755 2936 862 2976 non
897 2921 1020 2993 quia
1052 2936 1110 2976 se
1163 2922 1279 2992 ipse
1313 2937 1418 2976 non
1455 2932 1677 2990 praestet
1700 2964 1714 2988 ,
1749 2922 1846 2977 sed

249 3023 306 3066 ut
337 3012 388 3067 in
421 3028 487 3067 co
516 3013 606 3082 qui
642 3013 874 3083 tribuit,
912 3014 1094 3071 inesse
1126 3023 1463 3068 monstretur
1491 3030 1501 3065 :
1531 3014 1673 3067 sicut
1699 3013 1847 3067 enim

248 3103 409 3158 Pater
460 3105 515 3159 in
545 3104 708 3171 Filio,
746 3117 799 3161 et
831 3105 999 3159 Filius
1032 3106 1085 3161 itt
1120 3106 1311 3174 Patre,
1362 3106 1432 3160 ita
1480 3118 1699 3160 sanctus
1726 3105 1851 3175 Spi-

248 3197 388 3250 ritus
419 3194 444 3233 δ
489 3197 543 3250 ἱη
589 3207 856 3267 utroque,
887 3212 950 3251 ac
997 3213 1188 3257 rursus
1221 3199 1273 3253 in
1326 3197 1445 3265 ipso
1493 3208 1578 3251 est
1621 3208 1849 3266 uterque

1950 1980 2232 2039 Trinitatis
2263 1998 2557 2053 apparens,
2594 1985 2859 2055 Aposrolo
2888 1986 2969 2043 sic
3001 1985 3239 2045 docente
3273 2002 3285 2041 :
3318 1984 3551 2040 Divisio-

1949 2090 2035 2129 nes
2058 2076 2348 2145 gratiarum
2377 2086 2519 2143 sunt,
2544 2077 2680 2130 idem
2705 2087 2882 2132 autem
2905 2078 3138 2149 Spiritus
3164 2088 3249 2133 :ct
3280 2080 3558 2134 divisiones

1950 2167 2399 2236 ministeriorum,
2448 2168 2590 2229 idem
2632 2180 2806 2223 autem
2841 2168 3096 2224 Dominus
3142 2186 3159 2224 :
3195 2180 3243 2225 et
3274 2171 3554 2227 divisiones

1951 2261 2344 2330 Operationum,
2396 2260 2532 2315 idem
2562 2270 2735 2315 autem
2766 2258 2927 2315 Deus.
2976 2260 3110 2321 Hcce
3159 2272 3333 2316 autem
3377 2265 3553 2319 omnia

1949 2364 2194 2424 operatur
2216 2371 2349 2408 unus
2371 2365 2522 2425 atque
2545 2355 2680 2407 idem
2710 2353 2946 2423 Spiritus
2972 2353 3013 2425 (Ι
3036 2354 3158 2409 Cor.
3184 2370 3281 2420 xu,
3306 2354 3547 2427 11-6,“).

2020 2448 2139 2504 Jam
2176 2464 2309 2505 vero
2338 2450 2466 2504 illud
2500 2449 2779 2505 afﬁrmare
2810 2449 3129 2519 perstultum
3165 2460 3268 2516 est,
3302 2448 3554 2504 eumdem

1948 2540 2217 2609 Angelum
2272 2550 2366 2596 aut
2408 2541 2644 2611 aliquem
2691 2541 2760 2596 de
2808 2542 3067 2610 supernis
3109 2538 3135 2577 ά
3178 2540 3565 2611 potestatibus

1950 2633 2245 2701 :estimari,
2282 2649 2403 2689 euut
2441 2633 2651 2690 infundi
2685 2634 2737 2688 itt
2767 2633 2951 2703 plures
2973 2632 3166 2703 Angeli
3190 2650 3298 2687 non
3324 2644 3552 2703 queant,

1949 2728 2093 2795 qrrod
2122 2726 2249 2782 huic
2281 2726 2350 2782 de
2378 2727 2598 2796 propria
2631 2726 2924 2781 divinitate
2955 2726 3221 2797 possibile
3253 2735 3357 2780 est.
3392 2726 3552 2780 llltrrn

1953 2819 2181 2889 perinde
2210 2819 2405 2890 Angeli
2439 2828 2645 2875 tantum
2676 2819 2928 2874 obtinent
2973 2819 3152 2877 locum
3182 2863 3196 2888 ,
3232 2820 3299 2874 ad
3329 2835 3491 2890 quem
3525 2836 3555 2874 a

1954 2914 2065 2970 Deo
2096 2923 2188 2969 aut
2222 2915 2515 2971 mittuntur
2548 2922 2639 2969 aut
2667 2913 2898 2971 redeunt
2926 2929 2939 2966 :
2971 2914 3057 2968 lric
3091 2914 3166 2968 ita
3193 2912 3395 2968 alicubi
3430 2922 3516 2967 est
3540 2954 3555 2980 ,

1953 3016 2010 3061 ut
2043 3014 2097 3060 et
2140 3006 2345 3077 ubique
2389 3006 2461 3061 sit
2513 3019 2755 3074 semper,
2808 3003 3093 3059 Psalmisla
3123 3004 3345 3060 dicente
3388 3023 3398 3058 :
3443 3005 3558 3070 Quo

1952 3097 2104 3152 abibo
2131 3114 2163 3150 a
2193 3098 2399 3167 Spiritu
2434 3107 2520 3150 tuo
2552 3098 2567 3168 (
2596 3094 2690 3149 Ps.
2724 3110 2988 3162 cxxxvut,
3020 3097 3049 3150 7
3079 3095 3119 3164 ),
3156 3107 3265 3151 etc.
3319 3096 3559 3166 Angelos

1954 3190 2095 3245 idem
2130 3191 2403 3262 propheta
2430 3191 2505 3245 ita
2538 3188 2743 3245 indicat
2772 3189 2950 3249 factos
2977 3207 2989 3243 ε
3022 3190 3124 3258 Qui
3157 3191 3309 3263 facis,
3348 3193 3546 3263 inquit,

248 3292 604 3361 conSpicuus.
640 3291 753 3347 [lac
800 3294 965 3361 igitur
993 3294 1207 3349 ratione
1248 3302 1369 3363 post
1406 3307 1694 3349 ascensum
1731 3291 1848 3347 Sal-
1877 3273 1923 3338 C
1956 3285 2184 3358 Angelos
2214 3296 2329 3343 tuos
2361 3286 2596 3357 spiritus,
2624 3294 2672 3337 et
2698 3285 2963 3339 ministros
2991 3295 3106 3339 tuos
3130 3286 3301 3355 ignem
3326 3297 3559 3341 ureutrm

248 3383 460 3438 vatoris
495 3394 755 3439 venturus
787 3386 988 3440 dicitur
1018 3385 1113 3457 qui
1141 3385 1209 3440 ab
1240 3386 1435 3440 eodem
1467 3386 1618 3455 prius
1651 3385 1848 3450 datur;

249 3487 303 3532 et
332 3493 495 3549 quem
528 3492 559 3532 a
587 3493 648 3532 se
678 3486 867 3547 postea
891 3479 1218 3535 mittendum
1248 3479 1536 3549 promittit,
1569 3480 1619 3531 in
1650 3493 1710 3533 se
1737 3478 1847 3548 jam

249 3584 371 3626 esse
399 3570 781 3636 demonstrat;
806 3585 974 3640 seque
996 3572 1247 3627 similiter
1267 3581 1389 3643 post
1415 3572 1530 3642 ejus
1554 3572 1848 3627 adventura

249 3678 521 3733 suumque
573 3678 937 3719 conscensum
989 3666 1280 3721 nobiscum
1331 3679 1501 3735 usque
1546 3663 1611 3719 ad
1665 3663 1849 3723 mundi

251 3760 788 3814 censumrnationenr
840 3758 1081 3815 futurum
1130 3760 1455 3832 promittens
1497 3759 1639 3814 idem
1673 3759 1855 3814 Durni-

253 3866 379 3919 nus,
413 3851 489 3905 ait
516 3868 528 3905 :
556 3850 620 3905 Et
651 3868 762 3919 ero,
798 3852 998 3922 inquit,
1033 3853 1295 3907 vobiscum
1328 3865 1486 3923 usque
1517 3854 1584 3907 ad
1615 3869 1853 3909 consum-

252 3944 533 3998 mationem
572 3942 752 3997 nrundi
798 3943 1030 4013 (Matth.
1077 3960 1279 4009 xxvnt,
1312 3944 1444 4014 ‘20).
1496 3943 1564 3998 Et
1613 3946 1849 3999 iterum:

254 4036 377 4092 Nisi
408 4053 502 4110 ego
534 4037 672 4106 iero,
706 4034 1013 4090 Paraclitus
1044 4036 1132 4092 ille
1164 4053 1267 4090 non
1310 4037 1474 4090 veniet
1509 4035 1702 4108 (Joan.
1740 4053 1851 4107 xvr,

253 4130 339 4201 7).
389 4130 544 4185 Adeo
590 4144 837 4185 connexa
887 4138 943 4185 et
980 4128 1403 4185 indissociabilis
1436 4128 1588 4184 datio
1621 4131 1672 4184 in
1706 4128 1853 4184 infu-

253 4222 409 4280 sione
461 4221 876 4278 indubitabilent
910 4222 1006 4277 Dei
1060 4231 1184 4277 actu
1216 4222 1374 4276 aliam
1421 4223 1612 4291 probat
1661 4223 1710 4276 in
1760 4238 1854 4277 cx-

248 4315 590 4391 spectatione
622 4330 936 4389 personam,
957 4314 1083 4369 dum
1116 4324 1168 4369 et
1199 4314 1502 4370 ascendens
1534 4315 1601 4371 ad
1632 4317 1853 4373 Patrem

254 4410 613 4465 nihilominus
664 4419 748 4465 est
796 4409 1117 4477 nobiscum,
1174 4418 1227 4463 et
1281 4409 1421 4463 bene
1450 4410 1517 4462 ab
1558 4424 1855 4465 ascensura

256 4505 503 4563 creditur
534 4504 692 4558 datrrs
740 4504 829 4575 qui
883 4502 1219 4573 promittitur
1246 4501 1553 4559 adfuturus.
1598 4504 1855 4571 Quamvis

255 4600 402 4661 enim
453 4597 701 4671 Apostoli
752 4608 879 4651 ante
931 4610 1220 4651 ascensum
1275 4594 1616 4662 Salvatoris,
1682 4597 1855 4652 sancti

258 4693 495 4763 Spiritus
527 4692 730 4746 donum
780 4689 984 4745 fuerint
1034 4690 1349 4758 consecuti,
1398 4688 1450 4744 itt
1502 4691 1622 4763 ipso
1672 4701 1853 4750 tamen

258 4796 446 4863 postea
479 4785 874 4857 plenitudinem
924 4794 1304 4858 perceperant,
1339 4785 1478 4840 libro
1513 4787 1745 4841 Actuum
1776 4786 1855 4842 sic

256 4882 492 4938 docente
520 4898 531 4933 :
555 4879 623 4935 Et
649 4884 815 4949 {actus
843 4892 919 4934 est
948 4880 1119 4935 subito
1151 4881 1213 4934 de
1237 4880 1363 4935 cutio
1396 4896 1557 4934 sonus
1590 4890 1855 4951 tamquam

258 4977 478 5048 spiritus
511 4974 670 5026 validi
717 4973 1069 5041 advenientis;
1100 4983 1147 5028 et
1178 4972 1409 5045 implevit
1453 4972 1667 5026 domum
1697 4982 1855 5027 totam

256 5073 447 5140 inqua
493 5080 640 5125 erant
689 5069 921 5123 sedentes
966 5086 984 5123 :
1028 5080 1074 5124 et
1120 5078 1479 5138 apparuerunt
1528 5065 1637 5122 illis
1668 5068 1861 5139 lingtrte

261 5175 284 5204 ο
317 5163 549 5218 dividua:
582 5179 598 5218 .'
632 5164 864 5234 seditque
897 5164 1029 5219 sicut
1062 5163 1198 5234 ignis
1226 5178 1385 5233 super
1417 5160 1654 5232 singulos
1687 5179 1865 5216 eorum

264 5258 429 5329 (Aet.
464 5255 734 5327 n,2,5).
790 5255 1031 5326 Spiritus
1090 5255 1219 5325 quin
1273 5256 1439 5312 etiam
1499 5266 1553 5310 et
1609 5270 1866 5312 sermone

258 5351 583 5409 manifestus
613 5360 721 5417 est,
748 5352 944 5409 eadem
970 5350 1256 5425 Scriptura
1292 5359 1630 5409 memorante
1659 5369 1670 5404 :
1704 5351 1769 5406 Et
1793 5354 1865 5408 ait

332 5517 357 5545 ιι
389 5506 478 5563 Sic
500 5506 668 5563 codex
695 5507 855 5563 Vind.
883 5519 938 5563 et
960 5508 1096 5563 alius
1124 5523 1283 5578 quem
1312 5508 1526 5567 viderat
1558 5507 1822 5564 Aclrerius
1842 5550 1857 5576 ,

262 5580 357 5652 qui
386 5589 563 5652 tanien
595 5580 760 5652 edere
794 5580 987 5652 maluit
1012 5580 1278 5637 volumina
1309 5590 1665 5649 peccatorum.

333 5653 359 5690 ιι
394 5650 493 5705 llic
543 5665 574 5705 e
626 5651 784 5708 codd.
819 5651 981 5708 Vind.
1014 5662 1068 5707 et
1096 5652 1247 5707 Lern.
1282 5652 1673 5707 resarcitimus
1715 5652 1864 5707 lacu-

262 5740 387 5779 nam
421 5722 620 5790 prioris
646 5722 926 5795 editionis,
959 5725 1011 5783 iu
1042 5742 1145 5795 qua
1178 5726 1281 5778 hoc
1314 5736 1520 5783 tantum
1556 5724 1858 5793 legebatur,

263 5797 337 5853 ita
383 5806 594 5849 sanctas
652 5793 883 5866 Spiritus
932 5795 985 5850 in
1037 5793 1253 5867 utroque
1304 5797 1645 5866 conspicitur,
1696 5807 1749 5853 ct
1807 5797 1860 5849 itt

265 5867 515 5935 margine
546 5867 874 5936 conspicuus.

339 5947 360 5974 ε
415 5936 471 5990 In
525 5936 717 5993 codice
772 5937 959 6007 Vind.,
1012 5938 1297 6012 dispertita:
1344 5955 1361 5993 .‘
1413 5942 1650 6012 seditque
1698 5939 1855 6011 ignis.

1959 3377 2094 3448 (Ps.
2146 3396 2272 3446 cur,
2307 3377 2341 3431 4
2366 3381 2406 3450 ).
2456 3379 2717 3433 Sanctum
2764 3394 2900 3433 vero
2932 3379 3197 3451 Spiritum
3231 3380 3404 3434 Deum
3440 3396 3567 3437 esse

1956 3472 2241 3541 Scriptura
2266 3473 2555 3527 evidenter
2587 3471 2859 3539 ostendit,
2892 3473 3117 3529 dicens:
3149 3472 3409 3539 Quoniam
3440 3476 3567 3545 Spi-

1954 3566 2085 3620 ritus
2120 3565 2259 3620 Deus
2289 3575 2363 3617 est
2398 3565 2600 3635 (Joan.
2633 3580 2707 3629 tv,
2738 3564 2810 3619 ‘24
2834 3578 2877 3635 ).
2912 3564 2969 3625 In
3015 3565 3361 3634 largitatibus
3396 3567 3561 3637 liber,

1958 3657 2009 3712 irt
2061 3658 2351 3728 majestate
2382 3657 2614 3728 simplex
2640 3699 2654 3725 ,
2706 3666 2761 3713 et
2806 3658 3169 3719 consentiens
3197 3657 3252 3712 in
3290 3658 3469 3713 Patris
3503 3676 3567 3716 ac

1958 3751 2081 3807 Filii
2111 3741 2427 3820 voluntate,
2465 3767 2572 3808 non
2608 3751 2893 3819 subditus,
2934 3750 3205 3823 Apostolo
3242 3751 3323 3807 sic
3352 3762 3567 3825 protes-

1958 3854 2107 3902 tante
2148 3865 2161 3900 :
2211 3846 2414 3902 Tribuit
2444 3847 2681 3917 Spiritus
2712 3848 2989 3919 unicuique
3018 3856 3173 3919 prout
3203 3846 3311 3901 vult
3342 3848 3403 3920 (Ι
3435 3846 3559 3905 Cor.

1960 3953 2068 4004 xu,
2121 3936 2252 4009 11).
2306 3937 2494 4007 ltnplet
2548 3936 2732 3993 omnia
2782 3953 2885 3992 nec
2936 3938 3239 4002 minuitur;
3284 3954 3314 3992 a
3353 3939 3564 3995 cunctis

1961 4034 2246 4103 recipitur,
2281 4042 2337 4088 et
2367 4034 2485 4103 ipse
2519 4034 2595 4087 nil
2640 4032 2872 4102 recipit;
2920 4040 3191 4102 temperat
3220 4044 3416 4089 saneto
3444 4048 3562 4089 mo-

1960 4126 2248 4181 deramine
2295 4126 2412 4196 pias
2457 4134 2708 4188 mentes,
2744 4134 2795 4179 et
2822 4123 3031 4179 nullius
3064 4123 3319 4195 indigens
3347 4126 3561 4181 inveni-

1963 4230 2049 4274 tur
2097 4235 2109 4272 :
2158 4218 2210 4272 in
2258 4218 2469 4290 judicio
2508 4220 2690 4288 justus
2742 4227 2845 4281 est,
2900 4226 3190 4288 proruptus
3223 4219 3274 4271 in
3316 4235 3566 4275 munere.

1960 4312 2205 4381 Namque
2238 4318 2293 4365 et
2328 4312 2540 4381 justum
2589 4311 2817 4367 Ananize
2848 4309 3028 4367 exitus
3057 4310 3299 4378 monuit;
3351 4321 3405 4368 et
3455 4329 3562 4370 non

1963 4405 2200 4461 iuarriter
2252 4405 2420 4459 Deum
2474 4404 2624 4460 credi
2672 4413 2799 4458 ante
2854 4403 3267 4459 invocationem
3318 4405 3570 4463 docentis

1962 4501 2105 4556 Petri
2140 4502 2431 4558 Cornelius
2481 4500 2812 4571 approbavit
2857 4519 2870 4555 :
2912 4501 3009 4557 sed
3060 4512 3240 4558 tamen
3290 4521 3401 4560 non
3449 4506 3568 4564 haec

1966 4608 2171 4652 tantum
2206 4597 2599 4652 subsistentem
2642 4597 2760 4666 ejus
2801 4598 2854 4652 in
2887 4596 3092 4652 deitate
3124 4614 3413 4668 personam
3449 4610 3564 4658 tes-

1968 4702 2148 4749 tantur
2192 4702 2288 4749 aut
2335 4693 2725 4763 comprobant.
2763 4692 3007 4750 Viventis
3046 4694 3147 4749 Dei
3188 4696 3312 4751 viva
3352 4699 3569 4768 species

1964 4790 2016 4843 itt
2051 4789 2304 4845 columba
2337 4806 2368 4844 e
2400 4789 2657 4858 supernis
2688 4790 2956 4849 cmlorum
3007 4790 3233 4847 sedibus
3275 4795 3459 4861 venit,
3511 4804 3567 4851 et

1963 4886 2032 4941 ab
2087 4886 2205 4955 ipso
2266 4894 2323 4941 ut
2372 4884 2710 4955 Redemptor
2764 4885 2949 4943 mundi
3013 4896 3163 4943 esset
3220 4899 3383 4959 atque
3431 4890 3566 4946 ado-

1966 4987 2180 5031 raretnr
2219 4977 2287 5031 ab
2323 4978 2582 5048 Angelis,
2642 4988 2837 5035 unctus
2888 4986 2942 5034 et
2987 4978 3273 5048 Christus,
3333 4983 3451 5052 ipso
3499 4985 3566 5040 de

1964 5069 2100 5127 lsaia
2147 5071 2198 5127 in
2250 5070 2558 5138 Evangeliis
2612 5070 2689 5124 sic
2752 5080 3072 5130 recensente
3117 5089 3129 5127 :
3183 5074 3415 5142 Spiritus
3468 5074 3570 5133 Dei

1965 5182 2121 5233 super
2175 5179 2275 5228 me,
2318 5173 2594 5234 prapterea
2637 5164 2776 5236 quod
2826 5164 2978 5217 unxit
3024 5181 3106 5219 me
3146 5164 3310 5238 (Luc.
3356 5181 3432 5234 tv,
3464 5168 3562 5233 18;

1969 5257 2078 5313 lsa.
2111 5272 2221 5323 LXI,
2254 5256 2346 5326 1),
2377 5264 2487 5311 etc.

2038 5353 2181 5423 Ergo
2207 5348 2290 5405 tris
2320 5348 2659 5405 testimoniis
2690 5349 3115 5423 innumerisque
3146 5362 3414 5423 praeterea
3446 5372 3568 5426 per-

1970 5508 2243 5564 Acberius
2275 5507 2329 5561 in
2361 5520 2469 5560 uno
2498 5521 2529 5563 e
2555 5508 2672 5579 suis
2716 5509 2998 5565 codicibus
3036 5509 3239 5579 legerat
3268 5513 3431 5567 etiam
3466 5517 3573 5572 dis—

1970 5582 2204 5650 pertitw:
2251 5580 2302 5634 in
2352 5579 2491 5654 alio,
2535 5576 2741 5654 divisui.
2771 5582 2965 5635 Statim
2993 5576 3182 5637 vocem
3214 5584 3443 5654 Spiritus
3474 5590 3570 5643 ad-

1972 5649 2293 5722 Scripsimus
2321 5666 2350 5706 e
2376 5649 2497 5706 cod.
2535 5649 2694 5722 Vind.

2045 5722 2070 5761 ά
2093 5721 2191 5781 Sic
2238 5723 2409 5779 codex
2449 5722 2632 5797 \‘tnd._;
2665 5721 2717 5776 in
2750 5722 2910 5777 editis
2937 5725 3214 5781 cestirttare.
3266 5726 3407 5783 Infra
3431 5773 3444 5797 ,
3493 5748 3560 5787 ex

1975 5798 2165 5853 eodem
2199 5797 2422 5869 codice,
2454 5811 2507 5849 ur
2538 5793 2723 5847 deitate
2756 5811 3063 5863 personam,
3094 5793 3447 5869 scripsimus,
3478 5806 3565 5859 ubi

1977 5878 2096 5925 erat
2122 5870 2173 5925 in
2206 5868 2449 5925 deitatem
2473 5878 2763 5937 persanam.
