4060 6344
524 371 668 429 H35

1805 355 2124 414 ZACCIIASI
2163 353 2555 414 CllRISTIANl

3688 355 3812 418 H50

518 489 664 544 ditus
691 483 1132 543 Sabelllanorum
1183 493 1338 534 error
1365 474 1700 537 ostenditur.
1731 476 1824 545 qui
1863 485 2113 530 sanctum
2143 478 2195 537 Α
2220 473 2466 544 demptio
2499 472 2836 543 proveniret,
2881 470 2985 526 nisi
3018 469 3148 527 illud
3181 472 3406 542 sanguis
3466 471 3585 527 veri
3632 471 3814 530 iterum

527 581 797 653 Spiritum
825 576 1142 650 specialiter
1169 573 1496 637 refutantes,
1519 570 1917 639 plenitudinem
1945 567 2135 624 solida:

528 673 836 746 majestatis
880 671 1147 741 sacrilega
1197 667 1493 723 traditione
1542 666 1964 729 contaminant;
2024 679 2131 716 non

527 771 808 826 intuentes
839 766 990 821 illum
1033 775 1091 819 ut
1137 776 1315 818 causa:
1348 773 1552 816 nostra:
1599 758 1806 814 utilitas
1853 757 2130 828 exegerit,

527 873 623 917 aut
674 862 727 916 in
762 861 922 914 Patre
972 867 1064 911 aut
1106 857 1158 909 in
1205 853 1372 921 Filio,
1422 860 1517 908 aut
1561 867 1784 908 rursum
1836 851 2030 906 iisdem
2079 850 2134 904 in

530 968 592 1008 se
616 951 963 1009 manentibus
992 947 1394 1004 demonstrari:
1422 945 1552 1017 quia
1579 946 1714 1001 licet
1743 945 1900 1014 plena
1931 953 2132 999 nostrae

524 1047 864 1105 credulitatis
910 1044 1062 1098 salus
1109 1043 1213 1109 sit,
1268 1058 1435 1097 unmu
1483 1057 1578 1111 per
1628 1041 1812 1096 omnia
1860 1039 2003 1094 sicut
2049 1045 2136 1092 est

524 1144 699 1199 Deum
729 1138 961 1197 credere
995 1148 1050 1194 et
1080 1137 1370 1206 conﬁteri,
1417 1135 1614 1191 abesse
1645 1145 1826 1190 tamen
1862 1133 1988 1189 ﬁdei
2021 1147 2132 1187 non

529 1245 742 1308 potest,
772 1233 1097 1289 Trinitatem
1123 1246 1232 1287 non
1263 1245 1388 1286 eSse
1417 1231 1536 1284 sine
1569 1229 1755 1284 tertio.
2024 1237 2036 1245 ‘

1139 1325 1368 1382 CAPUT
1416 1324 1536 1380 XV.

524 1423 720 1481 Contra
794 1421 1254 1494 Patripassianos,
1315 1419 1407 1490 qui
1477 1417 1690 1472 Patrem
1753 1433 1965 1486 passum
2023 1431 2134 1472 esse

1169 1514 1492 1568 existimant.

594 1611 1138 1667 Arena—Diversus
1170 1609 1394 1678 quidem
1433 1623 1463 1661 a
1509 1606 1829 1661 memoratis
1861 1603 2132 1662 Sabellia-

522 1719 719 1758 norum
745 1719 905 1759 error
935 1713 990 1760 et
1033 1717 1200 1757 causa
1230 1711 1347 1768 est;
1399 1699 1493 1755 sed
1513 1741 1528 1766 ,
1571 1709 1630 1754 ut
1659 1699 1850 1764 credo,
1887 1698 2133 1766 perfidia:

521 1797 708 1852 exitus
740 1795 942 1849 similis
983 1809 1047 1848 ac
1100 1793 1392 1848 retributio
1421 1793 1861 1863 prrecedentibus
1912 1805 2136 1860 compa-

2240 569 2480 624 ltominis
2534 567 2856 638 expiasset?
2902 563 3068 636 Cujus
3097 577 3326 622 mortem
3365 567 3493 622 licet
3515 566 3626 636 jam
3683 571 3820 623 testi-

2236 663 2416 718 monia
2450 662 2602 732 plura
2627 661 2956 728 docuerunt,
2991 675 3061 714 ne
3089 669 3272 715 tamen
3305 659 3574 715 adversus
3601 675 3660 717 se
3692 677 3822 730 pra:-

2237 757 2379 812 dicta
2440 756 2664 812 haeresis
2715 756 2959 811 adstruat
2993 754 3122 810 nihil
3156 754 3454 825 prolatum,
3488 753 3559 811 de
3612 756 3821 828 cepiosa

2236 851 2620 921 exemplorum
2656 849 3010 904 multitudine
3042 863 3211 920 pauca
3245 865 3554 905 sumemus.

2312 943 2481 998 David
2535 946 2718 1014 itaque
2770 944 2874 999 sub
2929 943 3108 999 verbis
3159 943 3376 999 Domini
3437 944 3613 1015 ipsius
3660 945 3823 1002 dicit:

2241 1050 2263 1078 ο
2301 1037 2753 1111 Οὺεάιεηεῖῖηιτιιιδ
2782 1055 2897 1094 sum
2925 1055 3086 1110 usque
3123 1039 3192 1092 ad
3229 1047 3449 1093 mortem
3479 1043 3497 1110 (
3531 1037 3680 1095 Psal.
3710 1057 3824 1107 xxx,

2238 1131 2482 1203 Philipp,
2529 1149 2588 1199 ll,
2621 1133 2711 1205 8).
2768 1133 2835 1188 Et
2868 1131 3068 1188 iterum
3097 1147 3111 1188 :
3146 1132 3452 1188 Posttet'unt
3483 1151 3563 1188 me
3583 1135 3638 1187 in
3664 1136 3829 1206 sepul-

2237 1230 2338 1283 cris
2364 1231 2495 1284 sicut
2517 1239 2746 1282 mortuos
2767 1226 2945 1282 διεσαιὶ
2973 1225 3092 1298 (Ps.
3116 1242 3245 1293 CXL,
3273 1228 3353 1296 5).
3381 1227 3448 1282 Et
3473 1229 3638 1282 tertio
3663 1245 3678 1282 :
3704 1225 3830 1282 Fac-

2237 1332 2317 1376 tus
2347 1339 2460 1376 sunt
2513 1323 2646 1375 sicut
2671 1319 2823 1375 homo
2851 1321 2962 1375 sine
2993 1320 3283 1392 adjutorio,
3326 1321 3461 1374 inter
3488 1333 3718 1375 mortuos
3772 1322 3827 1375 li-

2235 1414 2320 1469 ber
2365 1413 2492 1489 (Ps.
2520 1429 2756 1480 Lxxxvrt,
2791 1415 2889 1482 5).
2917 1413 2963 1468 Ο
2995 1411 3390 1469 in:rstimabitis
3421 1412 3522 1468 Dei
3564 1413 3754 1481 virtus,
3782 1423 3830 1470 et

2239 1508 2612 1565 inscrutahilis
2641 1509 2733 1562 Dei
2767 1506 3067 1576 sapientia!
3117 1505 3277 1562 Unde
3301 1505 3392 1561 hic
3430 1507 3596 1578 paulo
3619 1519 3744 1562 ante
3763 1509 3829 1561 si-

2237 1614 2588 1660 cutmortuos
2617 1603 2821 1670 swculi,
2875 1617 3022 1658 nunc
3044 1603 3152 1657 sine
3191 1602 3462 1674 adjutorio
3515 1602 3651 1656 inter
3702 1619 3830 1657 mor—

2238 1709 2353 1755 tuos
2384 1700 2511 1754 liber
2537 1700 2652 1753 est?
2687 1698 2791 1752 nisi
2823 1697 2970 1769 quia,
3001 1707 3061 1753 ut
3099 1697 3218 1768 ipse
3250 1697 3593 1768 pra‘dixerat
3628 1715 3642 1752 :
3679 1697 3834 1768 Opor-

2239 1793 2374 1846 tebat
2407 1790 2454 1843 F
2459 1791 2608 1845 ilium
2641 1791 2864 1846 hominis
2893 1792 3005 1863 pati
3025 1799 3072 1844 et
3098 1792 3340 1861 crnciﬁgi
3359 1809 3390 1844 α
3419 1791 3606 1846 scribis
3626 1802 3676 1846 et
3703 1793 3832 1862 prin-

521 1890 725 1954 randa;
772 1905 893 1944 cum
942 1898 1192 1942 sanetum
1243 1886 1510 1956 Spiritum
1561 1886 1614 1939 in
1667 1885 1762 1940 Dei
1813 1885 2014 1939 virtute
2065 1897 2130 1938 ac
2163 1881 2206 1941 Β
2235 1884 2434 1950 cipibus
2487 1884 2830 1949 sacerdotum,
2875 1892 2921 1936 et
2953 1883 3208 1938 debellata
3259 1893 3421 1938 morte
3441 1883 3529 1938 die
3581 1883 3730 1938 tertia
3776 1883 3830 1936 ab

520 1983 834 2037 substantia
896 1993 1310 2050 permanentem
1353 1988 1378 2016 α
1441 1980 1509 2033 ab
1569 1978 1798 2033 unitatis
1854 1977 2134 2047 excipiunt

526 2073 837 2139 Trinitate,
872 2086 928 2128 et
970 2071 1270 2140 Scripturis
1310 2071 1567 2126 omnibus
1599 2071 1932 2135 renitentes,
1968 2067 2130 2123 ﬁdem

526 2165 816 2222 Trinitatis
848 2165 1188 2236 impugnant.
1227 2162 1426 2218 Verum
1455 2161 1542 2217 his
1568 2178 1790 2234 quoque
1817 2163 1868 2217 in
1906 2175 2134 2216 numero

529 2259 889 2331 profanorum
917 2259 1128 2314 relictis
1149 2300 1166 2325 ,
1194 2257 1544 2312 residuorum
1580 2257 1912 2326 perversitas
1938 2257 2134 2311 confu-

527 2363 696 2422 tetur,
731 2368 801 2408 ne
850 2351 902 2406 id
932 2352 1080 2422 quod
1116 2360 1387 2406 retectum
1419 2349 1766 2421 expositione
1796 2364 1904 2404 non
1937 2350 2132 2414 fuerit,

525 2460 886 2516 suppressum
924 2445 1112 2516 potius
1139 2445 1418 2500 arstiment
1445 2459 1608 2512 quam
1642 2442 1931 2508 relictum,
1981 2451 2036 2497 et
2081 2442 2132 2496 in

521 2541 816 2612 quemdam
870 2542 1049 2611 ignem
1097 2539 1286 2593 favilla
1332 2537 1597 2592 deﬁciens
1645 2537 2034 2603 convalescat,
2087 2535 2133 2591 si

529 2636 757 2704 quando
804 2632 1119 2703 quaesituris
1170 2631 1378 2686 mentio
1417 2629 1559 2685 facta
1614 2639 1935 2700 praetereat,
1991 2627 2134 2700 quod

525 2725 933 2796 Scripturarum
965 2728 1263 2780 auctoritas
1289 2724 1522 2780 fortasse
1551 2739 1659 2777 non
1693 2725 1903 2778 reticet.

599 2817 800 2873 Zsccu.
833 2817 1367 2872 —Pracmonueram
1425 2818 1615 2884 prima:
1685 2814 2139 2885 interrogationis

529 2910 770 2967 exordiis
803 2911 1196 2982 plenitudinem
1224 2911 1516 2966 inell‘abilis
1550 2910 1857 2980 majestatis
1918 2920 2138 2965 utcum-

521 3021 631 3074 que
660 3005 892 3076 intelligi
926 3006 1031 3060 ﬁde
1061 3020 1243 3075 posse,
1279 3006 1459 3060 verbis
1492 3016 1549 3059 ut
1573 3005 1796 3073 dignum
1821 3013 1908 3060 est
1944 3011 2136 3076 patere

518 3116 627 3156 non
672 3115 851 3170 posse;
878 3099 1152 3170 siquidem
1179 3115 1302 3156 cum
1339 3100 1456 3170 ipsa
1500 3100 1785 3155 n0minum
1841 3114 1903 3154 ac
1946 3115 2136 3170 perso-

536 3208 732 3249 narum
783 3193 1201 3251 distinctionem
1243 3193 1537 3251 efﬁcientia
1589 3194 1862 3262 veritatis,
1893 3210 2001 3251 non
2030 3205 2142 3250 sta-

2237 1977 2420 2048 inferis
2464 1993 2692 2031 remeare
2751 1974 3110 2048 (Martium,
3165 1975 3307 2048 21);
3365 1986 3426 2031 ut
3474 1976 3531 2030 in
3591 1975 3830 2031 effectum

2237 2083 2436 2128 nostra:
2480 2069 2818 2136 salvationis,
2873 2072 3113 2124 vivorum
3155 2069 3320 2124 simul
3372 2085 3437 2124 ac
3485 2079 3822 2125 mortuorum

2237 2165 2511 2235 acciperet
2535 2152 2894 2229 dominatum;
2927 2163 3129 2218 etillttd
3153 2162 3566 2217 sublimissima:
3597 2162 3828 2217 cltarita-

2240 2259 2309 2312 tis
2328 2265 2662 2312 statueretur
2693 2258 3026 2327 exemplum,
3048 2259 3341 2310 ut‘nosmet
3365 2273 3464 2326 pro
3484 2273 3552 2312 eo
3567 2257 3830 2326 passionis

2239 2351 2467 2406 calicem
2521 2350 2863 2415 biberemus,
2909 2367 3070 2422 quem
3110 2365 3217 2405 non
3254 2361 3548 2419 reSpuerat
3596 2351 3690 2407 ille
3742 2367 3831 2422 pro

2237 2446 2477 2502 cunctis.
2527 2445 2811 2501 Manifesta
2843 2462 2973 2517 ergo
3003 2447 3054 2500 in
3101 2446 3352 2516 personis
3403 2462 3469 2503 ac
3530 2448 3831 2506 nominibus

2240 2541 2501 2607 Trinitas,
2528 2541 2625 2596 sed
2677 2541 2938 2596 divinitas
2989 2558 3092 2596 una
3117 2553 3229 2607 est;
3289 2557 3393 2598 nec
3444 2542 3830 2612 Patripassiani

2239 2637 2540 2706 recipimus
2571 2637 2850 2700 unionem,
2877 2637 2973 2692 sed
3002 2635 3331 2692 catholicam
3355 2635 3409 2692 in
3443 2637 3556 2692 Deo
3607 2637 3831 2708 amplec-

2243 2730 2408 2783 timur
2440 2729 2730 2784 unitatem.
2779 2729 2860 2785 Ab
2910 2729 3012 2785 bac
3041 2730 3226 2800 itaque
3247 2731 3538 2784 memorati
3570 2731 3832 2798 interpre-

2241 2820 2450 2876 tatione
2480 2821 2834 2887 dissentiunt,
2863 2828 2916 2874 et
2943 2819 3073 2875 falsa
3105 2823 3387 2890 imponere
3416 2821 3724 2876 moliuntur
3747 2835 3832 2876 oc-

2241 2915 2436 2980 cultis;
2475 2915 2601 2968 dum
2631 2913 2774 2985 quod
2830 2929 2895 2968 ex
2925 2913 3088 2969 Patre
3115 2923 3221 2977 est,
3247 2928 3355 2967 non
3407 2912 3514 2967 nisi
3543 2911 3597 2968 in
3627 2929 3694 2969 eo
3721 2924 3830 2967 tan-

2241 3016 2353 3063 tum
2396 3023 2520 3064 esse
2565 3007 2915 3072 conﬁrmant,
2944 3007 3087 3078 quod
3113 3005 3434 3078 specialiter
3469 3021 3540 3063 ex
3572 3005 3828 3072 homine,

2241 3101 2454 3170 injuria:
2483 3100 2783 3156 divinitatis
2815 3099 3121 3156 ascribunt.

2833 3192 3063 3250 CAPUT
3103 3191 3244 3248 XVI.

532 3299 624 3340 tus
656 3287 818 3342 faciat
849 3289 1175 3344 substantiaa
1225 3289 1531 3346 differentis
1568 3309 1581 3344 :
1615 3290 1874 3362 quoniam
1925 3291 1992 3346 ad
2041 3285 2203 3350 in-C
2236 3287 2426 3343 Contra
2479 3287 2724 3352 Arianos,
2768 3287 2858 3359 qui
2914 3285 3113 3341 Filium
3147 3295 3194 3342 et
3259 3285 3524 3367 Sanctum
3573 3288 3829 3359 Spiritum

528 3379 786 3435 tuendam
819 3379 1159 3437 divinitatem
1187 3396 1312 3437 cum
1348 3383 1513 3437 etiam
1545 3397 1741 3439 sensus
1785 3385 1962 3455 impar
2018 3386 2088 3439 sit
2118 3402 2132 3450 ;

532 3472 671 3527 nulli
699 3472 924 3527 dubium
950 3482 1036 3528 est
1066 3473 1481 3530 imbecilliorem
1515 3475 1686 3530 tnulto
1708 3478 1980 3532 sermonis
2010 3477 2140 3534 Sub-

541 3566 804 3620 stantiam
838 3581 985 3632 esse,
1017 3583 1180 3637 qttam
1212 3571 1434 3623 mentis.
1465 3570 1615 3625 llanc
1656 3573 1838 3642 itaque
1883 3571 2136 3626 humana:

535 3660 879 3714 inﬁrmitatis
954 3661 1339 3718 difficultatem
1421 3672 1677 3720 auctores
1755 3665 2136 3722 universorum

532 3756 941 3824 amplectuntur
991 3769 1265 3810 errorum.
1336 3756 1377 3810 E
1431 3759 1632 3828 quibus
1699 3757 2138 3827 Patripassianus

529 3863 650 3900 eam
675 3847 775 3901 sibi
807 3857 1015 3916 partem
1049 3849 1346 3919 impietatis
1385 3850 1572 3920 elegit,
1602 3859 1660 3905 ut
1690 3851 1815 3921 quia
1845 3866 1911 3906 ex
1967 3851 2133 3908 Patre

525 3941 919 4012 primogenitus
956 3941 1144 4006 Filius,
1177 3953 1229 3997 et
1261 3941 1330 3998 ab
1360 3943 1476 4012 ipso
1499 3942 1735 4010 Spiritus
1765 3954 1987 3999 sanctus
2014 3960 2140 4013 pro-

531 4034 766 4102 cedens;
819 4035 964 4090 idem
999 4035 1156 4091 Pater
1187 4047 1242 4092 et
1283 4035 1520 4093 Verbum
1575 4038 1668 4105 sit,
1702 4049 1864 4110 atque
1895 4040 1964 4093 ab
2015 4040 2135 4109 ipso

527 4137 584 4184 et
636 4143 766 4184 caro
792 4137 1048 4198 suscepta
1079 4128 1328 4185 videatur
1359 4139 1415 4185 et
1447 4132 1630 4200 passio
1663 4149 1674 4183 :
1704 4131 1848 4186 idem
1898 4131 2132 4202 perinde

2632 3398 2742 3437 esse
2773 3381 2994 3435 minores
3039 3380 3197 3436 Patre
3227 3382 3435 3437 dicunt.

2312 3474 2513 3531 APOLL.
2568 3505 2638 3516 —-
2665 3475 2841 3542 Quam
2870 3474 3039 3530 metui
3069 3491 3138 3530 ne
3167 3475 3316 3546 quod
3348 3477 3586 3533 validius
3627 3487 3720 3532 aut
3746 3477 3833 3532 ab-

2238 3573 2476 3623 strusius
2505 3568 2710 3623 malum
2745 3567 2888 3622 intra
2915 3568 3130 3623 occulta
3166 3567 3412 3638 perﬁdia:
3443 3570 3604 3625 iSIius
3634 3569 3831 3625 viscera

2238 3662 2541 3718 resideret!
2568 3663 2811 3733 Namque
2859 3661 2925 3718 ad
2962 3663 3187 3732 primam
3217 3663 3504 3719 relationis
3563 3673 3670 3719 tua:
3701 3665 3834 3718 fron-

2242 3765 2347 3812 tem
2400 3766 2646 3812 nontam
2679 3757 2960 3827 perspicua
3005 3756 3129 3812 fidei
3179 3767 3384 3812 nostra:
3424 3758 3671 3812 membra
3724 3772 3834 3812 cer-

2239 3850 2458 3913 nebam,
2513 3857 2572 3904 et
2611 3849 3000 3905 obscuritatem
3033 3848 3321 3905 noxiorum
3355 3850 3645 3906 fraudibus
3690 3851 3832 3904 invo-

2239 3929 2408 3999 lutani
2449 3944 2773 4015 ignorantia:
2827 3945 3008 4014 potius
3044 3961 3204 4016 quam
3233 3943 3458 3999 malitiae
3487 3944 3830 4012 det‘itttabam.

2240 4035 2429 4107 Itaque
2456 4036 2753 4106 probabilis
2776 4035 3039 4092 doctrinae
3075 4047 3179 4092 tuze
3217 4035 3352 4092 ordo
3406 4036 3650 4092 auctoris
3705 4036 3834 4091 lace-

2241 4144 2356 4185 ram
2402 4130 2608 4185 rabiem
2661 4130 2948 4201 perditioni
2979 4129 3194 4184 miscuit
3240 4139 3296 4184 et
3345 4129 3643 4186 clientelm.
3706 4125 3832 4196 Quid

2241 4239 2384 4278 nunc
2417 4222 2516 4275 sibi
2542 4220 2734 4276 Ariani
2759 4233 2949 4277 contra
2979 4224 3265 4278 veritatem
3300 4231 3509 4278 nostra:
3551 4220 3835 4278 credulita-

2241 4318 2311 4374 tis
2358 4326 2660 4384 assumant,
2702 4319 2868 4374 simili
2919 4319 3080 4374 modo
3108 4319 3313 4390 pande;
3369 4320 3500 4374 utsi
3549 4319 3636 4374 vel
3686 4317 3834 4389 ‘ejus-

2241 4412 2364 4468 dem
2403 4409 2429 4449 ἀ
2460 4413 2546 4468 vel
2576 4411 2819 4467 tectioris
2851 4413 3114 4484 nequitim
3148 4413 3526 4480 docebuntur,
3557 4413 3707 4485 gregi
3739 4415 3835 4466 bte-

533 4232 588 4277 ct
616 4222 852 4291 Spiritus
885 4231 1132 4277 sanctus.
1166 4221 1276 4278 Nec
1303 4232 1495 4279 auctor
1523 4225 1575 4278 in
1607 4224 1900 4289 Trinitate,
1931 4224 2026 4280 sed
2049 4240 2139 4280 so-

536 4317 624 4372 lus
653 4319 706 4372 itt
755 4316 1084 4373 divisionem
1117 4317 1429 4374 divinitatis
1458 4319 1525 4375 ad
1555 4318 1583 4358 ι)
1616 4319 1963 4393 dispendium
2000 4337 2139 4392 prat-

529 4415 762 4480 dieatur,
798 4413 900 4468 nisi
932 4414 983 4467 in
1013 4413 1459 4469 communionem
1490 4413 1737 4470 Trinitas
1759 4415 1984 4470 redacta
2019 4431 2139 4472 cre-

518 4506 682 4562 d‘llllf'
715 4525 726 4560 :
759 4506 828 4561 de
849 4522 978 4577 qua,
1009 4517 1067 4560 ut
1097 4507 1443 4563 creberrime
1498 4508 1752 4572 memini,
1780 4509 1927 4580 quod
1972 4525 2136 4564 sensu
2241 4518 2399 4564 reaut
2453 4507 2859 4579 prmdictoruni,
2892 4522 2997 4561 non
3027 4508 3306 4562 immerito
3332 4508 3705 4563 exsecrabiles
3755 4504 3834 4576 ju-

526 4599 736 4670 percipi
793 4615 896 4652 non
929 4608 1134 4668 potest,
1165 4600 1541 4657 inenarrabile
1573 4603 1754 4672 potius
1795 4619 1955 4674 quam
2014 4604 2138 4658 nul-
2244 4601 2480 4665 dieantli,
2525 4601 2571 4655 si
2630 4599 3012 4656 traditionibus
3056 4600 3299 4656 subdolis
3347 4600 3654 4673 derogant,
3702 4595 3834 4672 quod

527 4692 642 4746 lum
696 4699 780 4745 est
829 4690 1235 4745 :eSIitnantlum.
1300 4692 1415 4747 Non
1440 4695 1616 4748 solum
1649 4704 1830 4750 autem
1891 4711 1918 4748 a
1978 4696 2141 4751 Patre
2170 4679 2218 4739 ι)
2249 4694 2612 4766 professionis
2643 4694 2797 4749 titulo
2831 4710 2936 4750 non
2967 4706 3239 4750 recusant.

531 4785 731 4841 abesse
780 4785 1034 4852 injuriam
1083 4783 1373 4855 passionis,
1427 4802 1614 4841 verum
1665 4789 1830 4842 etiam
1889 4804 1916 4841 a
1958 4787 2140 4843 Verbo
2319 4788 2519 4845 Zscca.
2555 4818 2624 4832 -—-
2653 4788 2770 4842 Dixi
2794 4787 3002 4842 dudum
3026 4789 3255 4843 Arianos
3285 4804 3470 4844 arcem
3501 4797 3694 4845 tenere
3725 4802 3835 4858 per-

534 4877 910 4943 multipliciter
958 4879 1296 4947 agnoscitur.
1364 4879 1473 4936 Nec
1511 4883 1658 4936 enim
1723 4881 2141 4953 incorporabilis
2251 4881 2413 4947 ﬁdite,
2459 4883 2637 4939 ethoc
2663 4883 2834 4937 ruina:
2867 4883 3092 4954 majoris
3121 4882 3412 4954 putandos,
3453 4898 3564 4952 quo
3616 4882 3833 4939 celsiora

538 4973 822 5037 divinitas,
871 4971 966 5026 sed
999 4987 1201 5040 corpus
1229 4973 1449 5028 aflixum
1494 4984 1611 5039 est;
1664 4987 1717 5031 et
1751 4977 2011 5047 quidquid
2052 4978 2139 5033 iu-
2251 4978 2569 5046 proﬁtentes
2598 4979 2746 5034 velut
2767 4977 3037 5050 integram
3089 4978 3246 5034 ﬁdem
3278 4977 3604 5049 praalentnt,
3639 4978 3726 5048 qui
3777 4977 3833 5030 li-

533 5067 615 5123 fra
646 5068 908 5121 honorem
937 5065 1183 5121 caelestis
1211 5069 1470 5137 potentiae
1506 5069 1600 5124 Dei
1649 5069 1823 5124 Filius
1871 5072 2138 5140 pertulit,
2252 5068 2338 5124 dei
2366 5072 2733 5142 integritatem
2759 5085 3014 5128 recusant
3042 5089 3056 5126 :
3083 5088 3189 5126 non
3217 5073 3362 5127 enim
3387 5081 3718 5139 creatorrm,
3749 5068 3833 5127 sed

540 5177 650 5217 non
707 5161 905 5228 Verbo,
957 5160 1051 5215 sed
1081 5161 1287 5216 homini
1322 5173 1607 5235 reputatur
1627 5177 1926 5236 assumpto.
1975 5167 2134 5222 Cum-

541 5273 649 5328 que
680 5267 961 5326 peccatum
994 5256 1045 5308 in
1082 5256 1258 5322 primo
1283 5257 1507 5314 homine
1537 5258 1723 5325 fuerit,
1776 5260 2138 5331 quemadmo-

539 5349 670 5406 dum
720 5349 1037 5406 denuntiata
1067 5365 1094 5402 a
1124 5358 1203 5405 tot
1231 5352 1449 5407 saaculis
1507 5355 1747 5410 humano
1813 5357 2004 5426 generi
2055 5373 2143 5414 re-

609 5495 635 5522 ιι
662 5485 758 5563 _Sic
789 5496 1018 5563 uterque
1045 5485 1218 5541 codex
1235 5486 1398 5563 _Lem_.
1431 5499 1488 5563 et
1515 5490 1697 5555 Vintl.,
1731 5493 1832 5546 nisi
1861 5495 2002 5563 quod
2034 5494 2125 5552 hic

537 5559 834 5627 praenitentes
890 5560 1082 5624 habet,
1142 5559 1306 5614 male.
1357 5559 1516 5614 Prior
1568 5563 1766 5628 ed‘tio,
1813 5559 1890 5618 ab'
1930 5569 2128 5621 unitate

538 5629 763 5708 propria:
795 5630 1079 5683 divinitatis
1109 5633 1393 5703 excipiunt,
1425 5641 1472 5684 et
1502 5632 1804 5688 Trinitatem
1836 5636 2128 5708 Scripturis

541 5700 776 5755 cantibus
799 5712 1136 5756 recensentes.

612 5769 639 5843 ιξ
682 5772 734 5825 In
781 5772 950 5843 codd.
990 5773 1144 5827 Vind.
1173 5782 1228 5828 et
1283 5775 1433 5830 Lem.
1465 5815 1478 5836 ,
1515 5775 1873 5843 pradicantis.
1934 5781 2131 5838 Statim

537 5840 735 5919 codex.
860 5841 1103 5922 Arn.,.in
1137 5840 1570 5922 aniottent.latfra
1603 5852 1905 5919 agnoscitur
1957 5857 2132 5922 scrip-

536 5914 710 5968 simus
735 5912 836 5980 sic,
860 5924 921 5968 ut
953 5913 1220 5970 Acherins
1242 5915 1530 5987 legendum
1563 5912 1686 5982 esse
1716 5922 1948 5993 monuit,
2006 5912 2130 5980 cum

2243 5173 2549 5219 creaturam
2607 5165 2698 5218 Dei
2727 5164 2923 5220 Filium
2953 5167 3158 5232 dicunt,
3215 5175 3268 5220 et
3306 5168 3524 5222 caeteris
3579 5166 3684 5222 boc
3725 5179 3833 5220 tan-

2247 5258 2530 5314 tummodo
2572 5273 2696 5316 esse
2738 5261 3029 5329 potiorem,
3058 5261 3202 5331 quod
3228 5260 3405 5319 factus
3449 5262 3607 5334 prius
3629 5279 3694 5319 ex
3738 5262 3836 5317 Deo

2243 5352 2427 5421 Patre,
2459 5368 2565 5409 non
2596 5353 2813 5426 genitus
2839 5356 2912 5411 sit
2945 5375 2958 5409 ;
2989 5357 3220 5427 tempori
3271 5358 3500 5428 perinde
3548 5357 3835 5416 obnoxium

2230 5497 2284 5553 itt
2318 5505 2468 5575 textu
2487 5498 2713 5575 legatur
2743 5502 2976 5575 agnosci.

2309 5580 2330 5608 ε
2367 5573 2447 5625 Ad
2487 5571 2632 5628 hunc
2665 5571 2841 5644 locum
2870 5575 3081 5630 monuit
3109 5575 3400 5644 Acberius,
3438 5588 3720 5634 auctorem
3751 5576 3831 5634 vel

2234 5644 2553 5714 memoriter
2595 5643 2871 5714 praefatum
2905 5661 3050 5712 esse,
3084 5647 3164 5700 vel
3192 5643 3442 5706 alludere
3463 5653 3530 5706 ad
3563 5651 3832 5708 Psalmum

2234 5729 2350 5792 xxi,
2381 5713 2438 5792 in
2470 5713 2819 5792 qllfllamjtl-
2845 5716 2985 5772 nihil
3036 5717 3351 5792 hujusmodi
3399 5724 3603 5792 reperi.

2308 5783 2336 5819 ἀ
2380 5786 2434 5839 In
2466 5783 2656 5842 codice
2698 5787 2757 5843 S.
2795 5787 2953 5854 Arn.,
2985 5789 3066 5845 vel
3091 5783 3316 5846 tetrioris
3341 5809 3358 5848 :
3383 5783 3571 5852 statim
3617 5797 3836 5852 timeant

2237 5855 2410 5913 codex
2447 5857 2584 5913 Vind
2619 5875 2634 5924 ;
2670 5860 2817 5958 prior
2847 5859 3436 5935 editio,*vadlta'rcant..
