  <div class='ocr_page' id='page_1' title='image "/cluster/home/n/w/nwhite01/storage/ocr_20150623/20/hvd.32044015471352/578.png"; bbox 0 0 4060 6344; ppageno 0'>
   <div class='ocr_carea' id='block_1_1' title="bbox 275 277 411 334">
    <p class='ocr_par' dir='ltr' id='par_1_1' title="bbox 275 277 411 334">
     <span class='ocr_line' id='line_1_1' title="bbox 275 277 411 334; baseline -0.007 0"><span class='ocrx_word' id='word_1_1' title='bbox 275 277 411 334; x_wconf 80' lang='grc'>1157</span> 
     </span>
    </p>
   </div>
   <div class='ocr_carea' id='block_1_2' title="bbox 1478 277 2381 340">
    <p class='ocr_par' dir='ltr' id='par_1_2' title="bbox 1478 277 2381 340">
     <span class='ocr_line' id='line_1_2' title="bbox 1478 277 2381 340; baseline 0 -2"><span class='ocrx_word' id='word_1_2' title='bbox 1478 277 2107 340; x_wconf 79' lang='lat' dir='ltr'><strong>CONSULTATIONUM</strong></span> <span class='ocrx_word' id='word_1_3' title='bbox 2147 282 2276 339; x_wconf 85' lang='lat' dir='ltr'><strong>LIB.</strong></span> <span class='ocrx_word' id='word_1_4' title='bbox 2320 283 2381 339; x_wconf 91' lang='lat' dir='ltr'><strong>ll.</strong></span> 
     </span>
    </p>
   </div>
   <div class='ocr_carea' id='block_1_3' title="bbox 3430 286 3566 346">
    <p class='ocr_par' dir='ltr' id='par_1_3' title="bbox 3430 286 3566 346">
     <span class='ocr_line' id='line_1_3' title="bbox 3430 286 3566 346; baseline -0.007 -1"><span class='ocrx_word' id='word_1_5' title='bbox 3430 286 3566 346; x_wconf 73' lang='lat'><strong>“58</strong></span> 
     </span>
    </p>
   </div>
   <div class='ocr_carea' id='block_1_4' title="bbox 270 397 3567 475">
    <p class='ocr_par' dir='ltr' id='par_1_4' title="bbox 270 397 3567 475">
     <span class='ocr_line' id='line_1_4' title="bbox 270 397 3567 475; baseline 0.001 -21"><span class='ocrx_word' id='word_1_6' title='bbox 270 412 395 455; x_wconf 90' lang='lat' dir='ltr'><strong>esse</strong></span> <span class='ocrx_word' id='word_1_7' title='bbox 423 398 551 469; x_wconf 83' lang='lat' dir='ltr'><strong>quia</strong></span> <span class='ocrx_word' id='word_1_8' title='bbox 583 405 740 454; x_wconf 88' lang='lat' dir='ltr'><strong>natus</strong></span> <span class='ocrx_word' id='word_1_9' title='bbox 764 408 870 455; x_wconf 90' lang='lat' dir='ltr'><strong>est.</strong></span> <span class='ocrx_word' id='word_1_10' title='bbox 906 400 1077 468; x_wconf 88' lang='lat' dir='ltr'><strong>Quam</strong></span> <span class='ocrx_word' id='word_1_11' title='bbox 1129 398 1463 469; x_wconf 79' lang='lat' dir='ltr'><strong>impietatem</strong></span> <span class='ocrx_word' id='word_1_12' title='bbox 1500 397 1624 453; x_wconf 89' lang='lat' dir='ltr'><strong>talis</strong></span> <span class='ocrx_word' id='word_1_13' title='bbox 1646 407 1867 453; x_wconf 60' lang='lat' dir='ltr'><strong>semen-</strong></span> <span class='ocrx_word' id='word_1_14' title='bbox 1892 401 1948 463; x_wconf 78' lang='grc' dir='ltr'><strong>Α</strong></span> <span class='ocrx_word' id='word_1_15' title='bbox 1970 397 2040 452; x_wconf 91' lang='lat' dir='ltr'><strong>do</strong></span> <span class='ocrx_word' id='word_1_16' title='bbox 2075 398 2165 453; x_wconf 92' lang='lat' dir='ltr'><strong>Dei</strong></span> <span class='ocrx_word' id='word_1_17' title='bbox 2194 414 2289 466; x_wconf 85' lang='lat' dir='ltr'><strong>es;</strong></span> <span class='ocrx_word' id='word_1_18' title='bbox 2341 409 2500 455; x_wconf 76' lang='lat' dir='ltr'><strong>terrm</strong></span> <span class='ocrx_word' id='word_1_19' title='bbox 2547 400 2768 472; x_wconf 88' lang='lat' dir='ltr'><strong>insuper</strong></span> <span class='ocrx_word' id='word_1_20' title='bbox 2803 416 2977 474; x_wconf 75' lang='lat' dir='ltr'><strong>preces</strong></span> <span class='ocrx_word' id='word_1_21' title='bbox 3005 402 3074 459; x_wconf 89' lang='lat' dir='ltr'><strong>de</strong></span> <span class='ocrx_word' id='word_1_22' title='bbox 3102 418 3202 474; x_wconf 92' lang='lat' dir='ltr'><strong>qua</strong></span> <span class='ocrx_word' id='word_1_23' title='bbox 3254 412 3567 475; x_wconf 85' lang='lat' dir='ltr'><strong>assumptus</strong></span> 
     </span>
    </p>
   </div>
   <div class='ocr_carea' id='block_1_5' title="bbox 271 490 1867 561">
    <p class='ocr_par' dir='ltr' id='par_1_5' title="bbox 271 490 1867 561">
     <span class='ocr_line' id='line_1_5' title="bbox 271 490 1867 561; baseline -0.001 -14"><span class='ocrx_word' id='word_1_24' title='bbox 271 491 358 547; x_wconf 81' lang='lat' dir='ltr'><strong>tice</strong></span> <span class='ocrx_word' id='word_1_25' title='bbox 402 492 703 549; x_wconf 85' lang='lat' dir='ltr'><strong>calliditate</strong></span> <span class='ocrx_word' id='word_1_26' title='bbox 750 494 1080 549; x_wconf 89' lang='lat' dir='ltr'><strong>conlirmant</strong></span> <span class='ocrx_word' id='word_1_27' title='bbox 1146 510 1159 546; x_wconf 90' lang='lat'><strong>:</strong></span> <span class='ocrx_word' id='word_1_28' title='bbox 1230 490 1402 558; x_wconf 90' lang='lat' dir='ltr'><strong>Erat,</strong></span> <span class='ocrx_word' id='word_1_29' title='bbox 1466 490 1676 561; x_wconf 77' lang='lat' dir='ltr'><strong>inquit,</strong></span> <span class='ocrx_word' id='word_1_30' title='bbox 1704 507 1867 560; x_wconf 85' lang='lat' dir='ltr'><strong>quan-</strong></span> 
     </span>
    </p>
   </div>
   <div class='ocr_carea' id='block_1_6' title="bbox 269 583 1867 657">
    <p class='ocr_par' dir='ltr' id='par_1_6' title="bbox 269 583 1867 657">
     <span class='ocr_line' id='line_1_6' title="bbox 269 583 1867 657; baseline 0.001 -19"><span class='ocrx_word' id='word_1_31' title='bbox 269 585 337 640; x_wconf 86' lang='lat' dir='ltr'><strong>do</strong></span> <span class='ocrx_word' id='word_1_32' title='bbox 394 601 497 640; x_wconf 88' lang='lat' dir='ltr'><strong>non</strong></span> <span class='ocrx_word' id='word_1_33' title='bbox 520 594 648 641; x_wconf 81' lang='lat' dir='ltr'><strong>erat.</strong></span> <span class='ocrx_word' id='word_1_34' title='bbox 682 585 728 641; x_wconf 88' lang='lat'>0</span> <span class='ocrx_word' id='word_1_35' title='bbox 787 601 928 641; x_wconf 65' lang='lat' dir='ltr'><strong>saeva</strong></span> <span class='ocrx_word' id='word_1_36' title='bbox 962 586 1248 657; x_wconf 89' lang='lat' dir='ltr'><strong>impiorum</strong></span> <span class='ocrx_word' id='word_1_37' title='bbox 1282 586 1617 657; x_wconf 78' lang='lat' dir='ltr'><strong>malignitas!</strong></span> <span class='ocrx_word' id='word_1_38' title='bbox 1653 583 1867 639; x_wconf 87' lang='lat' dir='ltr'><strong>Deusne</strong></span> 
     </span>
    </p>
   </div>
   <div class='ocr_carea' id='block_1_7' title="bbox 269 679 1863 754">
    <p class='ocr_par' dir='ltr' id='par_1_7' title="bbox 269 679 1863 754">
     <span class='ocr_line' id='line_1_7' title="bbox 269 679 1863 754; baseline 0.001 -21"><span class='ocrx_word' id='word_1_39' title='bbox 269 680 447 750; x_wconf 86' lang='lat' dir='ltr'><strong>potuit</strong></span> <span class='ocrx_word' id='word_1_40' title='bbox 502 679 793 749; x_wconf 79' lang='lat' dir='ltr'><strong>aliquando</strong></span> <span class='ocrx_word' id='word_1_41' title='bbox 859 696 967 735; x_wconf 92' lang='lat' dir='ltr'><strong>non</strong></span> <span class='ocrx_word' id='word_1_42' title='bbox 1030 680 1198 754; x_wconf 48' lang='lat' dir='ltr'><strong>esse};</strong></span> <span class='ocrx_word' id='word_1_43' title='bbox 1256 691 1357 737; x_wconf 65' lang='lat' dir='ltr'><strong>aut,</strong></span> <span class='ocrx_word' id='word_1_44' title='bbox 1405 682 1863 753; x_wconf 87' lang='lat' dir='ltr'><strong>quemadmodum</strong></span> 
     </span>
    </p>
   </div>
   <div class='ocr_carea' id='block_1_8' title="bbox 270 774 1868 845">
    <p class='ocr_par' dir='ltr' id='par_1_8' title="bbox 270 774 1868 845">
     <span class='ocr_line' id='line_1_8' title="bbox 270 774 1868 845; baseline 0.003 -17"><span class='ocrx_word' id='word_1_45' title='bbox 270 782 297 812; x_wconf 76' lang='grc'>⁸</span> <span class='ocrx_word' id='word_1_46' title='bbox 325 774 693 845; x_wconf 74' lang='lat' dir='ltr'><strong>genitus,sict</strong></span> <span class='ocrx_word' id='word_1_47' title='bbox 721 774 1020 829; x_wconf 90' lang='lat' dir='ltr'><strong>secundum</strong></span> <span class='ocrx_word' id='word_1_48' title='bbox 1049 774 1383 832; x_wconf 75' lang='lat' dir='ltr'><strong>divinitatem</strong></span> <span class='ocrx_word' id='word_1_49' title='bbox 1441 777 1618 832; x_wconf 88' lang='lat' dir='ltr'><strong>factus</strong></span> <span class='ocrx_word' id='word_1_50' title='bbox 1673 777 1868 832; x_wconf 72' lang='lat' dir='ltr'><strong>astrui-</strong></span> 
     </span>
    </p>
   </div>
   <div class='ocr_carea' id='block_1_9' title="bbox 267 868 1861 939">
    <p class='ocr_par' dir='ltr' id='par_1_9' title="bbox 267 868 1861 939">
     <span class='ocr_line' id='line_1_9' title="bbox 267 868 1861 939; baseline -0.003 -13"><span class='ocrx_word' id='word_1_51' title='bbox 267 868 390 926; x_wconf 88' lang='lat' dir='ltr'><strong>tur?</strong></span> <span class='ocrx_word' id='word_1_52' title='bbox 417 868 550 922; x_wconf 86' lang='lat' dir='ltr'><strong>Nam</strong></span> <span class='ocrx_word' id='word_1_53' title='bbox 577 884 700 923; x_wconf 92' lang='lat' dir='ltr'><strong>cum</strong></span> <span class='ocrx_word' id='word_1_54' title='bbox 729 869 838 924; x_wconf 90' lang='lat' dir='ltr'><strong>Deo</strong></span> <span class='ocrx_word' id='word_1_55' title='bbox 863 870 1103 939; x_wconf 81' lang='lat' dir='ltr'><strong>Speciale</strong></span> <span class='ocrx_word' id='word_1_56' title='bbox 1156 869 1256 923; x_wconf 81' lang='lat' dir='ltr'><strong>soli</strong></span> <span class='ocrx_word' id='word_1_57' title='bbox 1290 872 1355 924; x_wconf 92' lang='lat' dir='ltr'><strong>sit</strong></span> <span class='ocrx_word' id='word_1_58' title='bbox 1390 885 1608 939; x_wconf 79' lang='lat' dir='ltr'><strong>semper</strong></span> <span class='ocrx_word' id='word_1_59' title='bbox 1663 868 1861 937; x_wconf 83' lang='lat' dir='ltr'><strong>fuisse,</strong></span> 
     </span>
    </p>
   </div>
   <div class='ocr_carea' id='block_1_10' title="bbox 266 961 1860 1033">
    <p class='ocr_par' dir='ltr' id='par_1_10' title="bbox 266 961 1860 1033">
     <span class='ocr_line' id='line_1_10' title="bbox 266 961 1860 1033; baseline -0.001 -15"><span class='ocrx_word' id='word_1_60' title='bbox 266 977 332 1018; x_wconf 82' lang='lat' dir='ltr'><strong>ex</strong></span> <span class='ocrx_word' id='word_1_61' title='bbox 390 961 511 1031; x_wconf 87' lang='lat' dir='ltr'><strong>ipso</strong></span> <span class='ocrx_word' id='word_1_62' title='bbox 543 971 706 1031; x_wconf 78' lang='lat' dir='ltr'><strong>atque</strong></span> <span class='ocrx_word' id='word_1_63' title='bbox 738 962 876 1016; x_wconf 88' lang='lat' dir='ltr'><strong>intra</strong></span> <span class='ocrx_word' id='word_1_64' title='bbox 920 963 1095 1031; x_wconf 85' lang='lat' dir='ltr'><strong>ipsum</strong></span> <span class='ocrx_word' id='word_1_65' title='bbox 1130 978 1363 1018; x_wconf 86' lang='lat' dir='ltr'><strong>nascens</strong></span> <span class='ocrx_word' id='word_1_66' title='bbox 1406 963 1536 1033; x_wconf 90' lang='lat' dir='ltr'><strong>quid</strong></span> <span class='ocrx_word' id='word_1_67' title='bbox 1565 964 1708 1018; x_wconf 83' lang='lat' dir='ltr'><strong>aliud</strong></span> <span class='ocrx_word' id='word_1_68' title='bbox 1767 979 1860 1033; x_wconf 89' lang='lat' dir='ltr'><strong>po-</strong></span> 
     </span>
    </p>
   </div>
   <div class='ocr_carea' id='block_1_11' title="bbox 268 1055 1862 1128">
    <p class='ocr_par' dir='ltr' id='par_1_11' title="bbox 268 1055 1862 1128">
     <span class='ocr_line' id='line_1_11' title="bbox 268 1055 1862 1128; baseline 0.003 -21"><span class='ocrx_word' id='word_1_69' title='bbox 268 1063 375 1110; x_wconf 90' lang='lat' dir='ltr'><strong>test</strong></span> <span class='ocrx_word' id='word_1_70' title='bbox 403 1069 525 1109; x_wconf 85' lang='lat' dir='ltr'><strong>esse</strong></span> <span class='ocrx_word' id='word_1_71' title='bbox 550 1070 711 1124; x_wconf 87' lang='lat' dir='ltr'><strong>quam</strong></span> <span class='ocrx_word' id='word_1_72' title='bbox 760 1055 922 1111; x_wconf 86' lang='lat' dir='ltr'><strong>Pater</strong></span> <span class='ocrx_word' id='word_1_73' title='bbox 947 1058 1071 1111; x_wconf 90' lang='lat' dir='ltr'><strong>est?</strong></span> <span class='ocrx_word' id='word_1_74' title='bbox 1102 1059 1212 1111; x_wconf 78' lang='lat' dir='ltr'><strong>Aut</strong></span> <span class='ocrx_word' id='word_1_75' title='bbox 1253 1057 1347 1113; x_wconf 86' lang='lat' dir='ltr'><strong>ille</strong></span> <span class='ocrx_word' id='word_1_76' title='bbox 1398 1059 1862 1128; x_wconf 86' lang='lat' dir='ltr'><strong>quemadmodum</strong></span> 
     </span>
    </p>
   </div>
   <div class='ocr_carea' id='block_1_12' title="bbox 264 1145 1863 1221">
    <p class='ocr_par' dir='ltr' id='par_1_12' title="bbox 264 1145 1863 1221">
     <span class='ocr_line' id='line_1_12' title="bbox 264 1145 1863 1221; baseline 0.003 -20"><span class='ocrx_word' id='word_1_77' title='bbox 264 1145 448 1215; x_wconf 89' lang='lat' dir='ltr'><strong>Pater,</strong></span> <span class='ocrx_word' id='word_1_78' title='bbox 482 1148 528 1202; x_wconf 91' lang='lat' dir='ltr'><strong>si</strong></span> <span class='ocrx_word' id='word_1_79' title='bbox 558 1148 611 1203; x_wconf 92' lang='lat' dir='ltr'><strong>in</strong></span> <span class='ocrx_word' id='word_1_80' title='bbox 639 1147 814 1203; x_wconf 85' lang='lat' dir='ltr'><strong>Verbo</strong></span> <span class='ocrx_word' id='word_1_81' title='bbox 864 1149 1164 1219; x_wconf 70' lang='lat' dir='ltr'><strong>assumptio</strong></span> <span class='ocrx_word' id='word_1_82' title='bbox 1194 1149 1394 1221; x_wconf 88' lang='lat' dir='ltr'><strong>aliqua,</strong></span> <span class='ocrx_word' id='word_1_83' title='bbox 1445 1167 1552 1205; x_wconf 85' lang='lat' dir='ltr'><strong>non</strong></span> <span class='ocrx_word' id='word_1_84' title='bbox 1588 1152 1863 1206; x_wconf 77' lang='lat' dir='ltr'><strong>&#39;nativitas</strong></span> 
     </span>
    </p>
   </div>
   <div class='ocr_carea' id='block_1_13' title="bbox 262 1239 1865 1311">
    <p class='ocr_par' dir='ltr' id='par_1_13' title="bbox 262 1239 1865 1311">
     <span class='ocr_line' id='line_1_13' title="bbox 262 1239 1865 1311; baseline 0.003 -16"><span class='ocrx_word' id='word_1_85' title='bbox 262 1256 393 1295; x_wconf 83' lang='lat' dir='ltr'><strong>vera</strong></span> <span class='ocrx_word' id='word_1_86' title='bbox 420 1239 544 1296; x_wconf 82' lang='lat' dir='ltr'><strong>est?</strong></span> <span class='ocrx_word' id='word_1_87' title='bbox 598 1240 754 1308; x_wconf 84' lang='lat' dir='ltr'><strong>Quod</strong></span> <span class='ocrx_word' id='word_1_88' title='bbox 799 1242 846 1296; x_wconf 90' lang='lat' dir='ltr'><strong>si</strong></span> <span class='ocrx_word' id='word_1_89' title='bbox 875 1258 1039 1298; x_wconf 86' lang='lat' dir='ltr'><strong>verus</strong></span> <span class='ocrx_word' id='word_1_90' title='bbox 1062 1242 1254 1311; x_wconf 88' lang='lat' dir='ltr'><strong>Pater,</strong></span> <span class='ocrx_word' id='word_1_91' title='bbox 1281 1260 1444 1299; x_wconf 84' lang='lat' dir='ltr'><strong>verus</strong></span> <span class='ocrx_word' id='word_1_92' title='bbox 1476 1256 1531 1300; x_wconf 88' lang='lat' dir='ltr'><strong>et</strong></span> <span class='ocrx_word' id='word_1_93' title='bbox 1569 1245 1776 1311; x_wconf 76' lang='lat' dir='ltr'><strong>Filius;</strong></span> <span class='ocrx_word' id='word_1_94' title='bbox 1811 1254 1865 1300; x_wconf 90' lang='lat' dir='ltr'><strong>et</strong></span> 
     </span>
    </p>
   </div>
   <div class='ocr_carea' id='block_1_14' title="bbox 263 1330 1865 1408">
    <p class='ocr_par' dir='ltr' id='par_1_14' title="bbox 263 1330 1865 1408">
     <span class='ocr_line' id='line_1_14' title="bbox 263 1330 1865 1408; baseline 0.004 -21"><span class='ocrx_word' id='word_1_95' title='bbox 263 1331 310 1387; x_wconf 92' lang='lat' dir='ltr'><strong>si</strong></span> <span class='ocrx_word' id='word_1_96' title='bbox 336 1330 390 1385; x_wconf 89' lang='lat' dir='ltr'><strong>iu</strong></span> <span class='ocrx_word' id='word_1_97' title='bbox 421 1333 572 1387; x_wconf 91' lang='lat' dir='ltr'><strong>nullo</strong></span> <span class='ocrx_word' id='word_1_98' title='bbox 605 1332 913 1400; x_wconf 87' lang='lat' dir='ltr'><strong>dissimilis,</strong></span> <span class='ocrx_word' id='word_1_99' title='bbox 945 1345 1056 1389; x_wconf 92' lang='lat' dir='ltr'><strong>tum</strong></span> <span class='ocrx_word' id='word_1_100' title='bbox 1098 1335 1322 1390; x_wconf 91' lang='lat' dir='ltr'><strong>demum</strong></span> <span class='ocrx_word' id='word_1_101' title='bbox 1376 1346 1527 1391; x_wconf 86' lang='lat' dir='ltr'><strong>certa</strong></span> <span class='ocrx_word' id='word_1_102' title='bbox 1568 1336 1751 1408; x_wconf 73' lang='lat' dir='ltr'><strong>imago</strong></span> <span class='ocrx_word' id='word_1_103' title='bbox 1770 1353 1865 1408; x_wconf 84' lang='lat' dir='ltr'><strong>ge-</strong></span> 
     </span>
    </p>
   </div>
   <div class='ocr_carea' id='block_1_15' title="bbox 264 1427 1862 1503">
    <p class='ocr_par' dir='ltr' id='par_1_15' title="bbox 264 1427 1862 1503">
     <span class='ocr_line' id='line_1_15' title="bbox 264 1427 1862 1503; baseline 0.004 -22"><span class='ocrx_word' id='word_1_104' title='bbox 264 1427 479 1482; x_wconf 92' lang='lat' dir='ltr'><strong>nitoris.</strong></span> <span class='ocrx_word' id='word_1_105' title='bbox 502 1430 685 1499; x_wconf 82' lang='lat' dir='ltr'><strong>Atque</strong></span> <span class='ocrx_word' id='word_1_106' title='bbox 733 1428 871 1484; x_wconf 90' lang='lat' dir='ltr'><strong>illud</strong></span> <span class='ocrx_word' id='word_1_107' title='bbox 893 1430 1245 1486; x_wconf 78' lang='lat' dir='ltr'><strong>consentiens</strong></span> <span class='ocrx_word' id='word_1_108' title='bbox 1275 1432 1327 1485; x_wconf 92' lang='lat' dir='ltr'><strong>in</strong></span> <span class='ocrx_word' id='word_1_109' title='bbox 1362 1432 1632 1503; x_wconf 82' lang='lat' dir='ltr'><strong>propheta</strong></span> <span class='ocrx_word' id='word_1_110' title='bbox 1662 1452 1676 1489; x_wconf 88' lang='lat'><strong>:</strong></span> <span class='ocrx_word' id='word_1_111' title='bbox 1724 1432 1862 1488; x_wconf 79' lang='lat' dir='ltr'><strong>Eru-</strong></span> 
     </span>
    </p>
   </div>
   <div class='ocr_carea' id='block_1_16' title="bbox 265 1523 1868 1601">
    <p class='ocr_par' dir='ltr' id='par_1_16' title="bbox 265 1523 1868 1601">
     <span class='ocr_line' id='line_1_16' title="bbox 265 1523 1868 1601; baseline 0.004 -25"><span class='ocrx_word' id='word_1_112' title='bbox 265 1523 422 1577; x_wconf 84' lang='lat' dir='ltr'><strong>ctavit</strong></span> <span class='ocrx_word' id='word_1_113' title='bbox 472 1539 564 1577; x_wconf 88' lang='lat' dir='ltr'><strong>cor</strong></span> <span class='ocrx_word' id='word_1_114' title='bbox 613 1541 782 1579; x_wconf 87' lang='lat' dir='ltr'><strong>meum</strong></span> <span class='ocrx_word' id='word_1_115' title='bbox 829 1525 1038 1580; x_wconf 79' lang='lat' dir='ltr'><strong>verbum</strong></span> <span class='ocrx_word' id='word_1_116' title='bbox 1094 1526 1429 1599; x_wconf 82' lang='lat' dir='ltr'><strong>bonum(Ps.</strong></span> <span class='ocrx_word' id='word_1_117' title='bbox 1463 1544 1608 1595; x_wconf 66' lang='grc' dir='ltr'><strong>κων,</strong></span> <span class='ocrx_word' id='word_1_118' title='bbox 1641 1528 1739 1601; x_wconf 87' lang='grc'><strong>1).</strong></span> <span class='ocrx_word' id='word_1_119' title='bbox 1798 1528 1868 1585; x_wconf 84' lang='grc' dir='ltr'><strong>Ει</strong></span> 
     </span>
    </p>
   </div>
   <div class='ocr_carea' id='block_1_17' title="bbox 262 1616 1862 1693">
    <p class='ocr_par' dir='ltr' id='par_1_17' title="bbox 262 1616 1862 1693">
     <span class='ocr_line' id='line_1_17' title="bbox 262 1616 1862 1693; baseline 0.004 -22"><span class='ocrx_word' id='word_1_120' title='bbox 262 1616 462 1672; x_wconf 87' lang='lat' dir='ltr'><strong>iterum</strong></span> <span class='ocrx_word' id='word_1_121' title='bbox 499 1634 512 1670; x_wconf 75' lang='grc' dir='ltr'>ε</span> <span class='ocrx_word' id='word_1_122' title='bbox 542 1618 674 1671; x_wconf 81' lang='lat' dir='ltr'><strong>Ante</strong></span> <span class='ocrx_word' id='word_1_123' title='bbox 730 1618 1007 1689; x_wconf 77' lang='lat' dir='ltr'><strong>luciferum</strong></span> <span class='ocrx_word' id='word_1_124' title='bbox 1051 1620 1204 1689; x_wconf 86' lang='lat' dir='ltr'><strong>genui</strong></span> <span class='ocrx_word' id='word_1_125' title='bbox 1260 1629 1311 1675; x_wconf 92' lang='lat' dir='ltr'><strong>te</strong></span> <span class='ocrx_word' id='word_1_126' title='bbox 1342 1619 1461 1691; x_wconf 85' lang='lat' dir='ltr'><strong>(Ps.</strong></span> <span class='ocrx_word' id='word_1_127' title='bbox 1495 1637 1606 1688; x_wconf 83' lang='lat' dir='ltr'><strong>etx,</strong></span> <span class='ocrx_word' id='word_1_128' title='bbox 1632 1620 1709 1693; x_wconf 76' lang='grc' dir='ltr'><strong>ὃ).</strong></span> <span class='ocrx_word' id='word_1_129' title='bbox 1754 1621 1862 1677; x_wconf 89' lang='lat' dir='ltr'><strong>Sed</strong></span> 
     </span>
    </p>
   </div>
   <div class='ocr_carea' id='block_1_18' title="bbox 263 1706 1864 1784">
    <p class='ocr_par' dir='ltr' id='par_1_18' title="bbox 263 1706 1864 1784">
     <span class='ocr_line' id='line_1_18' title="bbox 263 1706 1864 1784; baseline 0.004 -21"><span class='ocrx_word' id='word_1_130' title='bbox 263 1707 347 1764; x_wconf 90' lang='lat' dir='ltr'><strong>his</strong></span> <span class='ocrx_word' id='word_1_131' title='bbox 369 1706 662 1763; x_wconf 75' lang='lat' dir='ltr'><strong>confestim</strong></span> <span class='ocrx_word' id='word_1_132' title='bbox 699 1708 790 1764; x_wconf 66' lang='lat' dir='ltr'><strong>illa</strong></span> <span class='ocrx_word' id='word_1_133' title='bbox 833 1710 1168 1765; x_wconf 90' lang='lat' dir='ltr'><strong>substituunt</strong></span> <span class='ocrx_word' id='word_1_134' title='bbox 1200 1728 1322 1782; x_wconf 73' lang='lat' dir='ltr'><strong>qua:</strong></span> <span class='ocrx_word' id='word_1_135' title='bbox 1364 1713 1468 1767; x_wconf 85' lang='lat' dir='ltr'><strong>sub</strong></span> <span class='ocrx_word' id='word_1_136' title='bbox 1521 1714 1735 1769; x_wconf 85' lang='lat' dir='ltr'><strong>Domini</strong></span> <span class='ocrx_word' id='word_1_137' title='bbox 1782 1714 1864 1784; x_wconf 89' lang='lat' dir='ltr'><strong>ip-</strong></span> 
     </span>
    </p>
   </div>
   <div class='ocr_carea' id='block_1_19' title="bbox 1970 492 3567 566">
    <p class='ocr_par' dir='ltr' id='par_1_19' title="bbox 1970 492 3567 566">
     <span class='ocr_line' id='line_1_19' title="bbox 1970 492 3567 566; baseline 0.004 -21"><span class='ocrx_word' id='word_1_138' title='bbox 1970 506 2067 557; x_wconf 90' lang='lat' dir='ltr'><strong>es;</strong></span> <span class='ocrx_word' id='word_1_139' title='bbox 2104 492 2459 548; x_wconf 69' lang='lat' dir='ltr'><strong>validioribus</strong></span> <span class='ocrx_word' id='word_1_140' title='bbox 2490 493 2756 550; x_wconf 86' lang='lat' dir='ltr'><strong>infirmior</strong></span> <span class='ocrx_word' id='word_1_141' title='bbox 2798 496 3120 563; x_wconf 88' lang='lat' dir='ltr'><strong>dominaris,</strong></span> <span class='ocrx_word' id='word_1_142' title='bbox 3148 497 3417 566; x_wconf 88' lang='lat' dir='ltr'><strong>profunda</strong></span> <span class='ocrx_word' id='word_1_143' title='bbox 3446 512 3567 551; x_wconf 79' lang='lat' dir='ltr'><strong>mo-</strong></span> 
     </span>
    </p>
   </div>
   <div class='ocr_carea' id='block_1_20' title="bbox 1970 584 3570 659">
    <p class='ocr_par' dir='ltr' id='par_1_20' title="bbox 1970 584 3570 659">
     <span class='ocr_line' id='line_1_20' title="bbox 1970 584 3570 659; baseline 0.003 -20"><span class='ocrx_word' id='word_1_144' title='bbox 1970 584 2109 639; x_wconf 91' lang='lat' dir='ltr'><strong>dicis</strong></span> <span class='ocrx_word' id='word_1_145' title='bbox 2140 585 2382 641; x_wconf 85' lang='lat' dir='ltr'><strong>trabibus</strong></span> <span class='ocrx_word' id='word_1_146' title='bbox 2406 598 2587 641; x_wconf 75' lang='lat' dir='ltr'><strong>vemus</strong></span> <span class='ocrx_word' id='word_1_147' title='bbox 2616 587 2938 658; x_wconf 81' lang='lat' dir='ltr'><strong>ingrederis,</strong></span> <span class='ocrx_word' id='word_1_148' title='bbox 2972 600 3023 644; x_wconf 93' lang='lat' dir='ltr'><strong>et</strong></span> <span class='ocrx_word' id='word_1_149' title='bbox 3048 589 3297 659; x_wconf 83' lang='lat' dir='ltr'><strong>subjecto</strong></span> <span class='ocrx_word' id='word_1_150' title='bbox 3320 589 3570 645; x_wconf 83' lang='lat' dir='ltr'><strong>serviunt</strong></span> 
     </span>
    </p>
   </div>
   <div class='ocr_carea' id='block_1_21' title="bbox 1969 680 3570 755">
    <p class='ocr_par' dir='ltr' id='par_1_21' title="bbox 1969 680 3570 755">
     <span class='ocr_line' id='line_1_21' title="bbox 1969 680 3570 755; baseline 0.002 -21"><span class='ocrx_word' id='word_1_151' title='bbox 1969 680 2236 734; x_wconf 82' lang='lat' dir='ltr'><strong>elementa</strong></span> <span class='ocrx_word' id='word_1_152' title='bbox 2266 722 2279 745; x_wconf 95' lang='lat'><strong>,</strong></span> <span class='ocrx_word' id='word_1_153' title='bbox 2330 695 2434 734; x_wconf 93' lang='lat' dir='ltr'><strong>non</strong></span> <span class='ocrx_word' id='word_1_154' title='bbox 2486 690 2772 751; x_wconf 79' lang='lat' dir='ltr'><strong>praesunt:</strong></span> <span class='ocrx_word' id='word_1_155' title='bbox 2811 682 3054 737; x_wconf 90' lang='lat' dir='ltr'><strong>tihianni</strong></span> <span class='ocrx_word' id='word_1_156' title='bbox 3108 694 3200 737; x_wconf 90' lang='lat' dir='ltr'><strong>aut</strong></span> <span class='ocrx_word' id='word_1_157' title='bbox 3249 693 3416 755; x_wconf 76' lang='lat' dir='ltr'><strong>grata:</strong></span> <span class='ocrx_word' id='word_1_158' title='bbox 3474 693 3570 737; x_wconf 91' lang='lat' dir='ltr'><strong>aut</strong></span> 
     </span>
    </p>
   </div>
   <div class='ocr_carea' id='block_1_22' title="bbox 1973 756 3562 846">
    <p class='ocr_par' dir='ltr' id='par_1_22' title="bbox 1973 756 3562 846">
     <span class='ocr_line' id='line_1_22' title="bbox 1973 756 3562 846; baseline 0.004 -21"><span class='ocrx_word' id='word_1_159' title='bbox 1973 756 2133 828; x_wconf 74' lang='lat' dir='ltr'><strong>utiles</strong></span> <span class='ocrx_word' id='word_1_160' title='bbox 2164 774 2313 827; x_wconf 87' lang='lat' dir='ltr'><strong>vices</strong></span> <span class='ocrx_word' id='word_1_161' title='bbox 2345 782 2643 840; x_wconf 87' lang='lat' dir='ltr'><strong>mutantur,</strong></span> <span class='ocrx_word' id='word_1_162' title='bbox 2679 789 2970 845; x_wconf 88' lang='lat' dir='ltr'><strong>rerumque</strong></span> <span class='ocrx_word' id='word_1_163' title='bbox 2996 775 3234 831; x_wconf 88' lang='lat' dir='ltr'><strong>varietas</strong></span> <span class='ocrx_word' id='word_1_164' title='bbox 3262 775 3562 846; x_wconf 85' lang='lat' dir='ltr'><strong>dispositos</strong></span> 
     </span>
    </p>
   </div>
   <div class='ocr_carea' id='block_1_23' title="bbox 1969 867 3566 948">
    <p class='ocr_par' dir='ltr' id='par_1_23' title="bbox 1969 867 3566 948">
     <span class='ocr_line' id='line_1_23' title="bbox 1969 867 3566 948; baseline 0.002 -26"><span class='ocrx_word' id='word_1_165' title='bbox 1969 868 2352 922; x_wconf 87' lang='lat' dir='ltr'><strong>ttniversorum</strong></span> <span class='ocrx_word' id='word_1_166' title='bbox 2385 868 2690 937; x_wconf 79' lang='lat' dir='ltr'><strong>germinum</strong></span> <span class='ocrx_word' id='word_1_167' title='bbox 2733 867 2918 924; x_wconf 87' lang='lat' dir='ltr'><strong>educit</strong></span> <span class='ocrx_word' id='word_1_168' title='bbox 2955 867 3163 924; x_wconf 73' lang='lat' dir='ltr'><strong>fructus</strong></span> <span class='ocrx_word' id='word_1_169' title='bbox 3197 888 3208 922; x_wconf 87' lang='lat'>:</span> <span class='ocrx_word' id='word_1_170' title='bbox 3245 870 3339 924; x_wconf 92' lang='lat' dir='ltr'><strong>tibi</strong></span> <span class='ocrx_word' id='word_1_171' title='bbox 3389 884 3566 948; x_wconf 67' lang='lat' dir='ltr'><strong>aereze</strong></span> 
     </span>
    </p>
   </div>
   <div class='ocr_carea' id='block_1_24' title="bbox 1968 959 3566 1031">
    <p class='ocr_par' dir='ltr' id='par_1_24' title="bbox 1968 959 3566 1031">
     <span class='ocr_line' id='line_1_24' title="bbox 1968 959 3566 1031; baseline 0.003 -18"><span class='ocrx_word' id='word_1_172' title='bbox 1968 974 2096 1014; x_wconf 88' lang='lat' dir='ltr'><strong>aves</strong></span> <span class='ocrx_word' id='word_1_173' title='bbox 2124 959 2408 1025; x_wconf 89' lang='lat' dir='ltr'><strong>decidunt,</strong></span> <span class='ocrx_word' id='word_1_174' title='bbox 2466 969 2521 1014; x_wconf 92' lang='lat' dir='ltr'><strong>et</strong></span> <span class='ocrx_word' id='word_1_175' title='bbox 2572 962 2726 1031; x_wconf 86' lang='lat' dir='ltr'><strong>aquis</strong></span> <span class='ocrx_word' id='word_1_176' title='bbox 2766 962 3043 1017; x_wconf 70' lang='lat' dir='ltr'><strong>nascentia</strong></span> <span class='ocrx_word' id='word_1_177' title='bbox 3093 962 3315 1017; x_wconf 89' lang='lat' dir='ltr'><strong>aluntur</strong></span> <span class='ocrx_word' id='word_1_178' title='bbox 3369 977 3432 1018; x_wconf 91' lang='lat' dir='ltr'><strong>ac</strong></span> <span class='ocrx_word' id='word_1_179' title='bbox 3486 964 3566 1017; x_wconf 84' lang='lat' dir='ltr'><strong>vi-</strong></span> 
     </span>
    </p>
   </div>
   <div class='ocr_carea' id='block_1_25' title="bbox 1969 1052 3566 1125">
    <p class='ocr_par' dir='ltr' id='par_1_25' title="bbox 1969 1052 3566 1125">
     <span class='ocr_line' id='line_1_25' title="bbox 1969 1052 3566 1125; baseline 0.005 -23"><span class='ocrx_word' id='word_1_180' title='bbox 1969 1062 2121 1106; x_wconf 90' lang='lat' dir='ltr'><strong>vunt.</strong></span> <span class='ocrx_word' id='word_1_181' title='bbox 2156 1052 2335 1106; x_wconf 85' lang='lat' dir='ltr'><strong>Taceo</strong></span> <span class='ocrx_word' id='word_1_182' title='bbox 2363 1052 2505 1123; x_wconf 88' lang='lat' dir='ltr'><strong>quod</strong></span> <span class='ocrx_word' id='word_1_183' title='bbox 2534 1053 2780 1123; x_wconf 82' lang='lat' dir='ltr'><strong>generali</strong></span> <span class='ocrx_word' id='word_1_184' title='bbox 2806 1063 3091 1125; x_wconf 77' lang='lat' dir='ltr'><strong>exemptus</strong></span> <span class='ocrx_word' id='word_1_185' title='bbox 3125 1055 3278 1110; x_wconf 85' lang='lat' dir='ltr'><strong>ruina</strong></span> <span class='ocrx_word' id='word_1_186' title='bbox 3313 1055 3364 1109; x_wconf 94' lang='lat' dir='ltr'><strong>in</strong></span> <span class='ocrx_word' id='word_1_187' title='bbox 3412 1070 3566 1124; x_wconf 89' lang='lat' dir='ltr'><strong>spem</strong></span> 
     </span>
    </p>
   </div>
   <div class='ocr_carea' id='block_1_26' title="bbox 1966 1147 3565 1219">
    <p class='ocr_par' dir='ltr' id='par_1_26' title="bbox 1966 1147 3565 1219">
     <span class='ocr_line' id='line_1_26' title="bbox 1966 1147 3565 1219; baseline 0.001 -20"><span class='ocrx_word' id='word_1_188' title='bbox 1966 1162 2126 1217; x_wconf 92' lang='lat' dir='ltr'><strong>quam</strong></span> <span class='ocrx_word' id='word_1_189' title='bbox 2161 1148 2426 1201; x_wconf 87' lang='lat' dir='ltr'><strong>amiseras</strong></span> <span class='ocrx_word' id='word_1_190' title='bbox 2466 1147 2771 1217; x_wconf 65' lang='lat' dir='ltr'><strong>reparat-is;</strong></span> <span class='ocrx_word' id='word_1_191' title='bbox 2800 1148 2941 1219; x_wconf 90' lang='lat' dir='ltr'><strong>quod</strong></span> <span class='ocrx_word' id='word_1_192' title='bbox 2976 1164 3071 1219; x_wconf 80' lang='lat' dir='ltr'><strong>per</strong></span> <span class='ocrx_word' id='word_1_193' title='bbox 3105 1157 3157 1205; x_wconf 89' lang='lat' dir='ltr'><strong>te</strong></span> <span class='ocrx_word' id='word_1_194' title='bbox 3181 1164 3409 1204; x_wconf 89' lang='lat' dir='ltr'><strong>munere</strong></span> <span class='ocrx_word' id='word_1_195' title='bbox 3462 1149 3565 1203; x_wconf 87' lang='lat' dir='ltr'><strong>itu-</strong></span> 
     </span>
    </p>
   </div>
   <div class='ocr_carea' id='block_1_27' title="bbox 1967 1242 3563 1315">
    <p class='ocr_par' dir='ltr' id='par_1_27' title="bbox 1967 1242 3563 1315">
     <span class='ocr_line' id='line_1_27' title="bbox 1967 1242 3563 1315; baseline -0.001 -19"><span class='ocrx_word' id='word_1_196' title='bbox 1967 1242 2313 1296; x_wconf 85' lang='lat' dir='ltr'><strong>mortalitatis</strong></span> <span class='ocrx_word' id='word_1_197' title='bbox 2361 1250 2587 1309; x_wconf 82' lang='lat' dir='ltr'><strong>exntus,</strong></span> <span class='ocrx_word' id='word_1_198' title='bbox 2619 1258 2716 1312; x_wconf 90' lang='lat' dir='ltr'><strong>per</strong></span> <span class='ocrx_word' id='word_1_199' title='bbox 2769 1244 2921 1297; x_wconf 91' lang='lat' dir='ltr'><strong>illum</strong></span> <span class='ocrx_word' id='word_1_200' title='bbox 2965 1254 3240 1315; x_wconf 80' lang='lat' dir='ltr'><strong>tamquam</strong></span> <span class='ocrx_word' id='word_1_201' title='bbox 3289 1260 3318 1299; x_wconf 88' lang='lat' dir='ltr'><strong>a</strong></span> <span class='ocrx_word' id='word_1_202' title='bbox 3363 1243 3563 1312; x_wconf 88' lang='lat' dir='ltr'><strong>princi-</strong></span> 
     </span>
    </p>
   </div>
   <div class='ocr_carea' id='block_1_28' title="bbox 1968 1334 3564 1407">
    <p class='ocr_par' dir='ltr' id='par_1_28' title="bbox 1968 1334 3564 1407">
     <span class='ocr_line' id='line_1_28' title="bbox 1968 1334 3564 1407; baseline 0 -19"><span class='ocrx_word' id='word_1_203' title='bbox 1968 1334 2058 1405; x_wconf 87' lang='lat' dir='ltr'><strong>pio</strong></span> <span class='ocrx_word' id='word_1_204' title='bbox 2105 1335 2301 1403; x_wconf 75' lang='lat' dir='ltr'><strong>dignus</strong></span> <span class='ocrx_word' id='word_1_205' title='bbox 2332 1334 2611 1401; x_wconf 85' lang='lat' dir='ltr'><strong>indueris;</strong></span> <span class='ocrx_word' id='word_1_206' title='bbox 2644 1350 2699 1391; x_wconf 89' lang='lat' dir='ltr'><strong>et.</strong></span> <span class='ocrx_word' id='word_1_207' title='bbox 2728 1337 2874 1391; x_wconf 90' lang='lat' dir='ltr'><strong>velut</strong></span> <span class='ocrx_word' id='word_1_208' title='bbox 2904 1338 3096 1407; x_wconf 83' lang='lat' dir='ltr'><strong>exigua</strong></span> <span class='ocrx_word' id='word_1_209' title='bbox 3130 1336 3201 1391; x_wconf 88' lang='lat' dir='ltr'><strong>sit</strong></span> <span class='ocrx_word' id='word_1_210' title='bbox 3230 1337 3334 1393; x_wconf 86' lang='lat' dir='ltr'><strong>ista</strong></span> <span class='ocrx_word' id='word_1_211' title='bbox 3365 1337 3564 1391; x_wconf 87' lang='lat' dir='ltr'><strong>libera—</strong></span> 
     </span>
    </p>
   </div>
   <div class='ocr_carea' id='block_1_29' title="bbox 1968 1428 3569 1499">
    <p class='ocr_par' dir='ltr' id='par_1_29' title="bbox 1968 1428 3569 1499">
     <span class='ocr_line' id='line_1_29' title="bbox 1968 1428 3569 1499; baseline -0.001 -16"><span class='ocrx_word' id='word_1_212' title='bbox 1968 1428 2113 1496; x_wconf 89' lang='lat' dir='ltr'><strong>litas,</strong></span> <span class='ocrx_word' id='word_1_213' title='bbox 2138 1430 2335 1484; x_wconf 74' lang='lat' dir='ltr'><strong>uelum</strong></span> <span class='ocrx_word' id='word_1_214' title='bbox 2371 1432 2589 1499; x_wconf 86' lang='lat' dir='ltr'><strong>insuper</strong></span> <span class='ocrx_word' id='word_1_215' title='bbox 2616 1432 2660 1485; x_wconf 90' lang='lat' dir='ltr'><strong>si</strong></span> <span class='ocrx_word' id='word_1_216' title='bbox 2686 1445 2929 1485; x_wconf 85' lang='lat' dir='ltr'><strong>mereare</strong></span> <span class='ocrx_word' id='word_1_217' title='bbox 2952 1429 3324 1486; x_wconf 88' lang='lat' dir='ltr'><strong>conscendes:</strong></span> <span class='ocrx_word' id='word_1_218' title='bbox 3351 1431 3569 1496; x_wconf 86' lang='lat' dir='ltr'><strong>situque</strong></span> 
     </span>
    </p>
   </div>
   <div class='ocr_carea' id='block_1_30' title="bbox 1964 1525 3566 1597">
    <p class='ocr_par' dir='ltr' id='par_1_30' title="bbox 1964 1525 3566 1597">
     <span class='ocr_line' id='line_1_30' title="bbox 1964 1525 3566 1597; baseline 0.002 -19"><span class='ocrx_word' id='word_1_219' title='bbox 1964 1525 2210 1579; x_wconf 72' lang='lat' dir='ltr'><strong>materia:</strong></span> <span class='ocrx_word' id='word_1_220' title='bbox 2235 1536 2339 1579; x_wconf 71' lang='lat' dir='ltr'><strong>tua:</strong></span> <span class='ocrx_word' id='word_1_221' title='bbox 2369 1525 2597 1580; x_wconf 87' lang='lat' dir='ltr'><strong>ulterius</strong></span> <span class='ocrx_word' id='word_1_222' title='bbox 2628 1542 2735 1581; x_wconf 92' lang='lat' dir='ltr'><strong>non</strong></span> <span class='ocrx_word' id='word_1_223' title='bbox 2767 1526 3076 1597; x_wconf 80' lang='lat' dir='ltr'><strong>gravandus</strong></span> <span class='ocrx_word' id='word_1_224' title='bbox 3103 1572 3115 1593; x_wconf 91' lang='lat'><strong>,</strong></span> <span class='ocrx_word' id='word_1_225' title='bbox 3148 1525 3334 1580; x_wconf 90' lang='lat' dir='ltr'><strong>choris</strong></span> <span class='ocrx_word' id='word_1_226' title='bbox 3365 1526 3566 1581; x_wconf 84' lang='lat' dir='ltr'><strong>misce-</strong></span> 
     </span>
    </p>
   </div>
   <div class='ocr_carea' id='block_1_31' title="bbox 1966 1616 3557 1687">
    <p class='ocr_par' dir='ltr' id='par_1_31' title="bbox 1966 1616 3557 1687">
     <span class='ocr_line' id='line_1_31' title="bbox 1966 1616 3557 1687; baseline -0.001 -16"><span class='ocrx_word' id='word_1_227' title='bbox 1966 1616 2114 1672; x_wconf 87' lang='lat' dir='ltr'><strong>beris</strong></span> <span class='ocrx_word' id='word_1_228' title='bbox 2140 1620 2491 1687; x_wconf 76' lang='lat' dir='ltr'><strong>Angelorum,</strong></span> <span class='ocrx_word' id='word_1_229' title='bbox 2525 1634 2588 1675; x_wconf 91' lang='lat' dir='ltr'><strong>ac</strong></span> <span class='ocrx_word' id='word_1_230' title='bbox 2620 1629 2697 1674; x_wconf 90' lang='lat' dir='ltr'><strong>tot</strong></span> <span class='ocrx_word' id='word_1_231' title='bbox 2739 1621 2956 1675; x_wconf 81' lang='lat' dir='ltr'><strong>sacculis</strong></span> <span class='ocrx_word' id='word_1_232' title='bbox 3002 1620 3328 1674; x_wconf 83' lang='lat' dir='ltr'><strong>invisibilem</strong></span> <span class='ocrx_word' id='word_1_233' title='bbox 3384 1619 3557 1673; x_wconf 87' lang='lat' dir='ltr'><strong>Deum</strong></span> 
     </span>
    </p>
   </div>
   <div class='ocr_carea' id='block_1_32' title="bbox 1964 1711 3564 1782">
    <p class='ocr_par' dir='ltr' id='par_1_32' title="bbox 1964 1711 3564 1782">
     <span class='ocr_line' id='line_1_32' title="bbox 1964 1711 3564 1782; baseline 0.001 -18"><span class='ocrx_word' id='word_1_234' title='bbox 1964 1712 2217 1779; x_wconf 89' lang='lat' dir='ltr'><strong>perennis</strong></span> <span class='ocrx_word' id='word_1_235' title='bbox 2249 1711 2451 1765; x_wconf 67' lang='lat' dir='ltr'><strong>laetitiae</strong></span> <span class='ocrx_word' id='word_1_236' title='bbox 2482 1727 2765 1782; x_wconf 84' lang='lat' dir='ltr'><strong>possessor</strong></span> <span class='ocrx_word' id='word_1_237' title='bbox 2791 1712 3044 1782; x_wconf 87' lang='lat' dir='ltr'><strong>aspicies.</strong></span> <span class='ocrx_word' id='word_1_238' title='bbox 3078 1711 3219 1778; x_wconf 85' lang='lat' dir='ltr'><strong>Quid</strong></span> <span class='ocrx_word' id='word_1_239' title='bbox 3252 1711 3403 1782; x_wconf 88' lang='lat' dir='ltr'><strong>plura</strong></span> <span class='ocrx_word' id='word_1_240' title='bbox 3431 1711 3454 1765; x_wconf 77' lang='lat' dir='ltr'><strong>‘i</strong></span> <span class='ocrx_word' id='word_1_241' title='bbox 3504 1711 3564 1766; x_wconf 82' lang='lat' dir='ltr'><strong>Si</strong></span> 
     </span>
    </p>
   </div>
   <div class='ocr_carea' id='block_1_33' title="bbox 261 1797 3568 1875">
    <p class='ocr_par' dir='ltr' id='par_1_33' title="bbox 261 1797 3568 1875">
     <span class='ocr_line' id='line_1_33' title="bbox 261 1797 3568 1875; baseline 0.001 -18"><span class='ocrx_word' id='word_1_242' title='bbox 261 1801 376 1857; x_wconf 87' lang='lat' dir='ltr'><strong>sius</strong></span> <span class='ocrx_word' id='word_1_243' title='bbox 410 1802 593 1858; x_wconf 88' lang='lat' dir='ltr'><strong>verbis</strong></span> <span class='ocrx_word' id='word_1_244' title='bbox 627 1803 679 1856; x_wconf 88' lang='lat' dir='ltr'><strong>in</strong></span> <span class='ocrx_word' id='word_1_245' title='bbox 706 1818 941 1874; x_wconf 88' lang='lat' dir='ltr'><strong>persona</strong></span> <span class='ocrx_word' id='word_1_246' title='bbox 972 1804 1239 1872; x_wconf 90' lang='lat' dir='ltr'><strong>assumpti</strong></span> <span class='ocrx_word' id='word_1_247' title='bbox 1290 1806 1529 1859; x_wconf 90' lang='lat' dir='ltr'><strong>hominis</strong></span> <span class='ocrx_word' id='word_1_248' title='bbox 1576 1806 1858 1875; x_wconf 82' lang='lat' dir='ltr'><strong>prol’erun-</strong></span> <span class='ocrx_word' id='word_1_249' title='bbox 1890 1797 1935 1855; x_wconf 81' lang='grc' dir='ltr'><strong><em>Β</em></strong></span> <span class='ocrx_word' id='word_1_250' title='bbox 1966 1802 2278 1873; x_wconf 84' lang='lat' dir='ltr'><strong>adeptionis</strong></span> <span class='ocrx_word' id='word_1_251' title='bbox 2308 1804 2592 1861; x_wconf 65' lang='lat' dir='ltr'><strong>catholicai</strong></span> <span class='ocrx_word' id='word_1_252' title='bbox 2618 1806 2776 1861; x_wconf 87' lang='lat' dir='ltr'><strong>fidem</strong></span> <span class='ocrx_word' id='word_1_253' title='bbox 2824 1821 3030 1873; x_wconf 87' lang='lat' dir='ltr'><strong>serves,</strong></span> <span class='ocrx_word' id='word_1_254' title='bbox 3078 1805 3253 1860; x_wconf 71' lang='lat' dir='ltr'><strong>haeres</strong></span> <span class='ocrx_word' id='word_1_255' title='bbox 3302 1805 3419 1871; x_wconf 88' lang='lat' dir='ltr'><strong>Dei,</strong></span> <span class='ocrx_word' id='word_1_256' title='bbox 3472 1820 3568 1859; x_wconf 85' lang='lat' dir='ltr'><strong>co-</strong></span> 
     </span>
    </p>
   </div>
   <div class='ocr_carea' id='block_1_34' title="bbox 263 1896 1857 1971">
    <p class='ocr_par' dir='ltr' id='par_1_34' title="bbox 263 1896 1857 1971">
     <span class='ocr_line' id='line_1_34' title="bbox 263 1896 1857 1971; baseline 0.002 -20"><span class='ocrx_word' id='word_1_257' title='bbox 263 1907 351 1952; x_wconf 88' lang='lat' dir='ltr'><strong>tur</strong></span> <span class='ocrx_word' id='word_1_258' title='bbox 376 1914 389 1950; x_wconf 90' lang='lat'>:</span> <span class='ocrx_word' id='word_1_259' title='bbox 413 1896 598 1963; x_wconf 86' lang='lat' dir='ltr'><strong>Pater,</strong></span> <span class='ocrx_word' id='word_1_260' title='bbox 626 1896 821 1967; x_wconf 88' lang='lat' dir='ltr'><strong>inquit,</strong></span> <span class='ocrx_word' id='word_1_261' title='bbox 869 1897 1037 1966; x_wconf 76' lang='lat' dir='ltr'><strong>major</strong></span> <span class='ocrx_word' id='word_1_262' title='bbox 1069 1915 1146 1952; x_wconf 88' lang='lat' dir='ltr'><strong>me</strong></span> <span class='ocrx_word' id='word_1_263' title='bbox 1171 1906 1245 1951; x_wconf 84' lang='lat' dir='ltr'><strong>est</strong></span> <span class='ocrx_word' id='word_1_264' title='bbox 1278 1897 1462 1969; x_wconf 78' lang='lat' dir='ltr'><strong>(latnt.</strong></span> <span class='ocrx_word' id='word_1_265' title='bbox 1493 1899 1733 1971; x_wconf 75' lang='lat' dir='ltr'><strong>x1v,‘28).</strong></span> <span class='ocrx_word' id='word_1_266' title='bbox 1772 1901 1857 1968; x_wconf 82' lang='lat' dir='ltr'><strong>Et,</strong></span> 
     </span>
    </p>
   </div>
   <div class='ocr_carea' id='block_1_35' title="bbox 266 1989 1864 2062">
    <p class='ocr_par' dir='ltr' id='par_1_35' title="bbox 266 1989 1864 2062">
     <span class='ocr_line' id='line_1_35' title="bbox 266 1989 1864 2062; baseline 0.001 -17"><span class='ocrx_word' id='word_1_267' title='bbox 266 1989 391 2045; x_wconf 86' lang='lat' dir='ltr'><strong>Non</strong></span> <span class='ocrx_word' id='word_1_268' title='bbox 447 1992 560 2047; x_wconf 81' lang='lat' dir='ltr'><strong>veni</strong></span> <span class='ocrx_word' id='word_1_269' title='bbox 616 1992 929 2045; x_wconf 79' lang='lat' dir='ltr'><strong>voluntatem</strong></span> <span class='ocrx_word' id='word_1_270' title='bbox 986 2007 1153 2044; x_wconf 83' lang='lat' dir='ltr'><strong>meant</strong></span> <span class='ocrx_word' id='word_1_271' title='bbox 1200 1992 1390 2062; x_wconf 77' lang='lat' dir='ltr'><strong>facere,</strong></span> <span class='ocrx_word' id='word_1_272' title='bbox 1420 1992 1510 2045; x_wconf 85' lang='lat' dir='ltr'><strong>sed</strong></span> <span class='ocrx_word' id='word_1_273' title='bbox 1549 1990 1864 2047; x_wconf 85' lang='lat' dir='ltr'><strong>voluntatem</strong></span> 
     </span>
    </p>
   </div>
   <div class='ocr_carea' id='block_1_36' title="bbox 262 2082 1859 2155">
    <p class='ocr_par' dir='ltr' id='par_1_36' title="bbox 262 2082 1859 2155">
     <span class='ocr_line' id='line_1_36' title="bbox 262 2082 1859 2155; baseline 0 -17"><span class='ocrx_word' id='word_1_274' title='bbox 262 2086 377 2155; x_wconf 90' lang='lat' dir='ltr'><strong>ejus</strong></span> <span class='ocrx_word' id='word_1_275' title='bbox 402 2084 491 2155; x_wconf 87' lang='lat' dir='ltr'><strong>qui</strong></span> <span class='ocrx_word' id='word_1_276' title='bbox 519 2083 659 2137; x_wconf 83' lang='lat' dir='ltr'><strong>misit</strong></span> <span class='ocrx_word' id='word_1_277' title='bbox 689 2100 767 2137; x_wconf 87' lang='lat' dir='ltr'><strong>me</strong></span> <span class='ocrx_word' id='word_1_278' title='bbox 796 2082 976 2137; x_wconf 83' lang='lat' dir='ltr'><strong>Patris</strong></span> <span class='ocrx_word' id='word_1_279' title='bbox 1013 2082 1197 2155; x_wconf 85' lang='lat' dir='ltr'><strong>(Joan.</strong></span> <span class='ocrx_word' id='word_1_280' title='bbox 1239 2100 1312 2151; x_wconf 72' lang='grc' dir='ltr'><strong>γι,</strong></span> <span class='ocrx_word' id='word_1_281' title='bbox 1344 2084 1459 2155; x_wconf 80' lang='grc'><strong>58).</strong></span> <span class='ocrx_word' id='word_1_282' title='bbox 1493 2084 1716 2139; x_wconf 86' lang='lat' dir='ltr'><strong>Altioris</strong></span> <span class='ocrx_word' id='word_1_283' title='bbox 1761 2084 1859 2138; x_wconf 84' lang='lat' dir='ltr'><strong>de-</strong></span> 
     </span>
    </p>
   </div>
   <div class='ocr_carea' id='block_1_37' title="bbox 264 2177 1867 2249">
    <p class='ocr_par' dir='ltr' id='par_1_37' title="bbox 264 2177 1867 2249">
     <span class='ocr_line' id='line_1_37' title="bbox 264 2177 1867 2249; baseline -0.001 -15"><span class='ocrx_word' id='word_1_284' title='bbox 264 2180 431 2249; x_wconf 89' lang='lat' dir='ltr'><strong>nique</strong></span> <span class='ocrx_word' id='word_1_285' title='bbox 469 2192 664 2233; x_wconf 88' lang='lat' dir='ltr'><strong>sensus</strong></span> <span class='ocrx_word' id='word_1_286' title='bbox 707 2193 779 2233; x_wconf 83' lang='lat' dir='ltr'><strong>ex</strong></span> <span class='ocrx_word' id='word_1_287' title='bbox 828 2178 1037 2246; x_wconf 55' lang='lat' dir='ltr'><strong>verbis;</strong></span> <span class='ocrx_word' id='word_1_288' title='bbox 1067 2177 1380 2232; x_wconf 88' lang='lat' dir='ltr'><strong>Salomonis</strong></span> <span class='ocrx_word' id='word_1_289' title='bbox 1436 2178 1639 2247; x_wconf 89' lang='lat' dir='ltr'><strong>scripta</strong></span> <span class='ocrx_word' id='word_1_290' title='bbox 1690 2178 1867 2233; x_wconf 82' lang='lat' dir='ltr'><strong>corri-</strong></span> 
     </span>
    </p>
   </div>
   <div class='ocr_carea' id='block_1_38' title="bbox 268 2270 1865 2344">
    <p class='ocr_par' dir='ltr' id='par_1_38' title="bbox 268 2270 1865 2344">
     <span class='ocr_line' id='line_1_38' title="bbox 268 2270 1865 2344; baseline 0.004 -25"><span class='ocrx_word' id='word_1_291' title='bbox 268 2270 422 2340; x_wconf 82' lang='lat' dir='ltr'><strong>piunt</strong></span> <span class='ocrx_word' id='word_1_292' title='bbox 459 2289 473 2324; x_wconf 91' lang='lat'>:</span> <span class='ocrx_word' id='word_1_293' title='bbox 504 2270 684 2335; x_wconf 84' lang='lat' dir='ltr'><strong>Prior,</strong></span> <span class='ocrx_word' id='word_1_294' title='bbox 736 2270 943 2341; x_wconf 89' lang='lat' dir='ltr'><strong>inquit,</strong></span> <span class='ocrx_word' id='word_1_295' title='bbox 978 2272 1210 2324; x_wconf 87' lang='lat' dir='ltr'><strong>omnium</strong></span> <span class='ocrx_word' id='word_1_296' title='bbox 1246 2282 1415 2325; x_wconf 85' lang='lat' dir='ltr'><strong>creata</strong></span> <span class='ocrx_word' id='word_1_297' title='bbox 1469 2282 1542 2325; x_wconf 86' lang='lat' dir='ltr'><strong>est</strong></span> <span class='ocrx_word' id='word_1_298' title='bbox 1592 2272 1865 2344; x_wconf 82' lang='lat' dir='ltr'><strong>Sapientia</strong></span> 
     </span>
    </p>
   </div>
   <div class='ocr_carea' id='block_1_39' title="bbox 267 2362 1863 2435">
    <p class='ocr_par' dir='ltr' id='par_1_39' title="bbox 267 2362 1863 2435">
     <span class='ocr_line' id='line_1_39' title="bbox 267 2362 1863 2435; baseline 0.001 -18"><span class='ocrx_word' id='word_1_299' title='bbox 267 2362 458 2435; x_wconf 83' lang='lat' dir='ltr'><strong>(Eccli.</strong></span> <span class='ocrx_word' id='word_1_300' title='bbox 501 2379 540 2430; x_wconf 79' lang='grc' dir='ltr'><strong>ι,</strong></span> <span class='ocrx_word' id='word_1_301' title='bbox 572 2365 654 2434; x_wconf 72' lang='grc'><strong>4).</strong></span> <span class='ocrx_word' id='word_1_302' title='bbox 690 2364 775 2431; x_wconf 86' lang='lat' dir='ltr'><strong>Et,</strong></span> <span class='ocrx_word' id='word_1_303' title='bbox 830 2362 1087 2419; x_wconf 77' lang='lat' dir='ltr'><strong>Dominus</strong></span> <span class='ocrx_word' id='word_1_304' title='bbox 1114 2366 1168 2419; x_wconf 84' lang='lat' dir='ltr'><strong>in</strong></span> <span class='ocrx_word' id='word_1_305' title='bbox 1198 2365 1351 2419; x_wconf 87' lang='lat' dir='ltr'><strong>initio</strong></span> <span class='ocrx_word' id='word_1_306' title='bbox 1401 2366 1600 2419; x_wconf 80' lang='lat' dir='ltr'><strong>uiarum</strong></span> <span class='ocrx_word' id='word_1_307' title='bbox 1649 2383 1863 2420; x_wconf 84' lang='lat' dir='ltr'><strong>suarum</strong></span> 
     </span>
    </p>
   </div>
   <div class='ocr_carea' id='block_1_40' title="bbox 266 2456 1859 2529">
    <p class='ocr_par' dir='ltr' id='par_1_40' title="bbox 266 2456 1859 2529">
     <span class='ocr_line' id='line_1_40' title="bbox 266 2456 1859 2529; baseline 0 -17"><span class='ocrx_word' id='word_1_308' title='bbox 266 2458 460 2512; x_wconf 83' lang='lat' dir='ltr'><strong>creavit</strong></span> <span class='ocrx_word' id='word_1_309' title='bbox 492 2473 572 2511; x_wconf 83' lang='lat' dir='ltr'><strong>me</strong></span> <span class='ocrx_word' id='word_1_310' title='bbox 600 2456 795 2528; x_wconf 81' lang='lat' dir='ltr'><strong>(Prov.</strong></span> <span class='ocrx_word' id='word_1_311' title='bbox 829 2473 942 2522; x_wconf 88' lang='lat' dir='ltr'><strong>vtn,</strong></span> <span class='ocrx_word' id='word_1_312' title='bbox 970 2458 1089 2528; x_wconf 64' lang='grc' dir='ltr'><strong>ἓξ).</strong></span> <span class='ocrx_word' id='word_1_313' title='bbox 1123 2459 1255 2526; x_wconf 67' lang='lat' dir='ltr'><strong>Quae</strong></span> <span class='ocrx_word' id='word_1_314' title='bbox 1280 2458 1326 2513; x_wconf 89' lang='lat' dir='ltr'><strong>si</strong></span> <span class='ocrx_word' id='word_1_315' title='bbox 1372 2460 1422 2512; x_wconf 90' lang='lat' dir='ltr'><strong>iu</strong></span> <span class='ocrx_word' id='word_1_316' title='bbox 1486 2460 1859 2529; x_wconf 81' lang='lat' dir='ltr'><strong>praescientia,</strong></span> 
     </span>
    </p>
   </div>
   <div class='ocr_carea' id='block_1_41' title="bbox 267 2552 1863 2625">
    <p class='ocr_par' dir='ltr' id='par_1_41' title="bbox 267 2552 1863 2625">
     <span class='ocr_line' id='line_1_41' title="bbox 267 2552 1863 2625; baseline 0 -16"><span class='ocrx_word' id='word_1_317' title='bbox 267 2554 409 2609; x_wconf 86' lang='lat' dir='ltr'><strong>sicut</strong></span> <span class='ocrx_word' id='word_1_318' title='bbox 437 2553 571 2617; x_wconf 82' lang='lat' dir='ltr'><strong>dixi,</strong></span> <span class='ocrx_word' id='word_1_319' title='bbox 604 2552 670 2608; x_wconf 91' lang='lat' dir='ltr'><strong>de</strong></span> <span class='ocrx_word' id='word_1_320' title='bbox 701 2562 928 2609; x_wconf 85' lang='lat' dir='ltr'><strong>auctore</strong></span> <span class='ocrx_word' id='word_1_321' title='bbox 954 2555 1348 2625; x_wconf 86' lang='lat' dir='ltr'><strong>redemptionis</strong></span> <span class='ocrx_word' id='word_1_322' title='bbox 1380 2564 1580 2609; x_wconf 75' lang='lat' dir='ltr'><strong>nostrzc</strong></span> <span class='ocrx_word' id='word_1_323' title='bbox 1608 2554 1863 2625; x_wconf 68' lang='lat' dir='ltr'><strong>praedicta</strong></span> 
     </span>
    </p>
   </div>
   <div class='ocr_carea' id='block_1_42' title="bbox 268 2646 1863 2718">
    <p class='ocr_par' dir='ltr' id='par_1_42' title="bbox 268 2646 1863 2718">
     <span class='ocr_line' id='line_1_42' title="bbox 268 2646 1863 2718; baseline -0.001 -17"><span class='ocrx_word' id='word_1_324' title='bbox 268 2661 376 2702; x_wconf 84' lang='lat' dir='ltr'><strong>neu</strong></span> <span class='ocrx_word' id='word_1_325' title='bbox 421 2655 671 2713; x_wconf 74' lang='lat' dir='ltr'><strong>censent,</strong></span> <span class='ocrx_word' id='word_1_326' title='bbox 702 2646 731 2686; x_wconf 74' lang='lat' dir='ltr'><strong>b</strong></span> <span class='ocrx_word' id='word_1_327' title='bbox 788 2656 842 2702; x_wconf 87' lang='lat' dir='ltr'><strong>et</strong></span> <span class='ocrx_word' id='word_1_328' title='bbox 897 2646 1250 2703; x_wconf 87' lang='lat' dir='ltr'><strong>Salomonem</strong></span> <span class='ocrx_word' id='word_1_329' title='bbox 1314 2649 1367 2702; x_wconf 90' lang='lat' dir='ltr'><strong>in</strong></span> <span class='ocrx_word' id='word_1_330' title='bbox 1416 2650 1609 2702; x_wconf 88' lang='lat' dir='ltr'><strong>eodem</strong></span> <span class='ocrx_word' id='word_1_331' title='bbox 1658 2646 1863 2718; x_wconf 87' lang='lat' dir='ltr'><strong>Spiritu</strong></span> 
     </span>
    </p>
   </div>
   <div class='ocr_carea' id='block_1_43' title="bbox 267 2738 1864 2811">
    <p class='ocr_par' dir='ltr' id='par_1_43' title="bbox 267 2738 1864 2811">
     <span class='ocr_line' id='line_1_43' title="bbox 267 2738 1864 2811; baseline 0.002 -19"><span class='ocrx_word' id='word_1_332' title='bbox 267 2738 415 2793; x_wconf 83' lang='lat' dir='ltr'><strong>aliud</strong></span> <span class='ocrx_word' id='word_1_333' title='bbox 440 2749 631 2808; x_wconf 83' lang='lat' dir='ltr'><strong>putant</strong></span> <span class='ocrx_word' id='word_1_334' title='bbox 677 2741 917 2794; x_wconf 85' lang='lat' dir='ltr'><strong>sensisse</strong></span> <span class='ocrx_word' id='word_1_335' title='bbox 945 2756 1106 2811; x_wconf 87' lang='lat' dir='ltr'><strong>quam</strong></span> <span class='ocrx_word' id='word_1_336' title='bbox 1134 2750 1396 2806; x_wconf 66' lang='lat' dir='ltr'><strong>cancros;</strong></span> <span class='ocrx_word' id='word_1_337' title='bbox 1430 2742 1652 2796; x_wconf 84' lang='lat' dir='ltr'><strong>audiant</strong></span> <span class='ocrx_word' id='word_1_338' title='bbox 1679 2756 1831 2811; x_wconf 63' lang='lat' dir='ltr'><strong>atque</strong></span> <span class='ocrx_word' id='word_1_339' title='bbox 1851 2776 1864 2785; x_wconf 72' lang='grc' dir='ltr'><strong><em>ο</em></strong></span> 
     </span>
    </p>
   </div>
   <div class='ocr_carea' id='block_1_44' title="bbox 268 2834 1865 2907">
    <p class='ocr_par' dir='ltr' id='par_1_44' title="bbox 268 2834 1865 2907">
     <span class='ocr_line' id='line_1_44' title="bbox 268 2834 1865 2907; baseline 0 -16"><span class='ocrx_word' id='word_1_340' title='bbox 268 2836 477 2891; x_wconf 90' lang='lat' dir='ltr'><strong>litatetn</strong></span> <span class='ocrx_word' id='word_1_341' title='bbox 506 2834 823 2889; x_wconf 77' lang='lat' dir='ltr'><strong>substantia:</strong></span> <span class='ocrx_word' id='word_1_342' title='bbox 849 2843 903 2889; x_wconf 92' lang='lat' dir='ltr'><strong>ct</strong></span> <span class='ocrx_word' id='word_1_343' title='bbox 924 2835 1221 2890; x_wconf 82' lang='lat' dir='ltr'><strong>divinitatis</strong></span> <span class='ocrx_word' id='word_1_344' title='bbox 1245 2838 1423 2901; x_wconf 90' lang='lat' dir='ltr'><strong>unius,</strong></span> <span class='ocrx_word' id='word_1_345' title='bbox 1449 2836 1772 2907; x_wconf 85' lang='lat' dir='ltr'><strong>Patremque</strong></span> <span class='ocrx_word' id='word_1_346' title='bbox 1801 2851 1865 2891; x_wconf 86' lang='lat' dir='ltr'><strong>ac</strong></span> 
     </span>
    </p>
   </div>
   <div class='ocr_carea' id='block_1_45' title="bbox 268 2928 1867 2999">
    <p class='ocr_par' dir='ltr' id='par_1_45' title="bbox 268 2928 1867 2999">
     <span class='ocr_line' id='line_1_45' title="bbox 268 2928 1867 2999; baseline 0 -13"><span class='ocrx_word' id='word_1_347' title='bbox 268 2929 467 2986; x_wconf 82' lang='lat' dir='ltr'><strong>Filium</strong></span> <span class='ocrx_word' id='word_1_348' title='bbox 511 2928 744 2999; x_wconf 59' lang='lat' dir='ltr'><strong>licctju</strong></span> <span class='ocrx_word' id='word_1_349' title='bbox 801 2930 1052 2999; x_wconf 86' lang='lat' dir='ltr'><strong>personis</strong></span> <span class='ocrx_word' id='word_1_350' title='bbox 1102 2944 1165 2984; x_wconf 87' lang='lat' dir='ltr'><strong>ac</strong></span> <span class='ocrx_word' id='word_1_351' title='bbox 1218 2930 1525 2985; x_wconf 84' lang='lat' dir='ltr'><strong>nominibus</strong></span> <span class='ocrx_word' id='word_1_352' title='bbox 1580 2946 1684 2985; x_wconf 86' lang='lat' dir='ltr'><strong>noo</strong></span> <span class='ocrx_word' id='word_1_353' title='bbox 1716 2947 1867 2986; x_wconf 86' lang='lat' dir='ltr'><strong>eum-</strong></span> 
     </span>
    </p>
   </div>
   <div class='ocr_carea' id='block_1_46' title="bbox 267 3023 1869 3097">
    <p class='ocr_par' dir='ltr' id='par_1_46' title="bbox 267 3023 1869 3097">
     <span class='ocr_line' id='line_1_46' title="bbox 267 3023 1869 3097; baseline 0.002 -19"><span class='ocrx_word' id='word_1_354' title='bbox 267 3023 415 3090; x_wconf 93' lang='lat' dir='ltr'><strong>dem,</strong></span> <span class='ocrx_word' id='word_1_355' title='bbox 446 3039 611 3077; x_wconf 91' lang='lat' dir='ltr'><strong>nnum</strong></span> <span class='ocrx_word' id='word_1_356' title='bbox 642 3032 820 3079; x_wconf 86' lang='lat' dir='ltr'><strong>tamen</strong></span> <span class='ocrx_word' id='word_1_357' title='bbox 846 3024 895 3077; x_wconf 93' lang='lat' dir='ltr'><strong>in</strong></span> <span class='ocrx_word' id='word_1_358' title='bbox 923 3023 1207 3093; x_wconf 87' lang='lat' dir='ltr'><strong>majestate</strong></span> <span class='ocrx_word' id='word_1_359' title='bbox 1229 3034 1558 3095; x_wconf 79' lang='lat' dir='ltr'><strong>cognoscant</strong></span> <span class='ocrx_word' id='word_1_360' title='bbox 1584 3042 1597 3080; x_wconf 83' lang='lat'><strong>;</strong></span> <span class='ocrx_word' id='word_1_361' title='bbox 1623 3025 1757 3097; x_wconf 78' lang='lat' dir='ltr'><strong>Ego,</strong></span> <span class='ocrx_word' id='word_1_362' title='bbox 1784 3027 1869 3081; x_wconf 91' lang='lat' dir='ltr'><strong>iu-</strong></span> 
     </span>
    </p>
   </div>
   <div class='ocr_carea' id='block_1_47' title="bbox 269 3114 1868 3191">
    <p class='ocr_par' dir='ltr' id='par_1_47' title="bbox 269 3114 1868 3191">
     <span class='ocr_line' id='line_1_47' title="bbox 269 3114 1868 3191; baseline 0.006 -26"><span class='ocrx_word' id='word_1_363' title='bbox 269 3116 405 3187; x_wconf 86' lang='lat' dir='ltr'><strong>quit,</strong></span> <span class='ocrx_word' id='word_1_364' title='bbox 440 3126 490 3172; x_wconf 89' lang='lat' dir='ltr'><strong>et</strong></span> <span class='ocrx_word' id='word_1_365' title='bbox 534 3114 695 3171; x_wconf 88' lang='lat' dir='ltr'><strong>Pater</strong></span> <span class='ocrx_word' id='word_1_366' title='bbox 741 3134 883 3172; x_wconf 86' lang='lat' dir='ltr'><strong>meus</strong></span> <span class='ocrx_word' id='word_1_367' title='bbox 913 3132 1074 3171; x_wconf 87' lang='lat' dir='ltr'><strong>unum</strong></span> <span class='ocrx_word' id='word_1_368' title='bbox 1102 3134 1280 3173; x_wconf 85' lang='lat' dir='ltr'><strong>sumus</strong></span> <span class='ocrx_word' id='word_1_369' title='bbox 1313 3119 1510 3189; x_wconf 84' lang='lat' dir='ltr'><strong>(Joan.</strong></span> <span class='ocrx_word' id='word_1_370' title='bbox 1551 3136 1606 3188; x_wconf 88' lang='lat' dir='ltr'><strong>x,</strong></span> <span class='ocrx_word' id='word_1_371' title='bbox 1640 3120 1764 3191; x_wconf 72' lang='grc' dir='ltr'><strong>ΞΟ).</strong></span> <span class='ocrx_word' id='word_1_372' title='bbox 1801 3121 1868 3176; x_wconf 88' lang='lat' dir='ltr'><strong>Et</strong></span> 
     </span>
    </p>
   </div>
   <div class='ocr_carea' id='block_1_48' title="bbox 1970 1898 3278 1969">
    <p class='ocr_par' dir='ltr' id='par_1_48' title="bbox 1970 1898 3278 1969">
     <span class='ocr_line' id='line_1_48' title="bbox 1970 1898 3278 1969; baseline 0.001 -19"><span class='ocrx_word' id='word_1_373' title='bbox 1970 1898 2146 1952; x_wconf 67' lang='lat' dir='ltr'><strong>hmres</strong></span> <span class='ocrx_word' id='word_1_374' title='bbox 2175 1910 2354 1953; x_wconf 90' lang='lat' dir='ltr'><strong>autem</strong></span> <span class='ocrx_word' id='word_1_375' title='bbox 2386 1898 2587 1953; x_wconf 88' lang='lat' dir='ltr'><strong>Christi</strong></span> <span class='ocrx_word' id='word_1_376' title='bbox 2618 1910 2881 1969; x_wconf 87' lang='lat' dir='ltr'><strong>perpetuo</strong></span> <span class='ocrx_word' id='word_1_377' title='bbox 2914 1898 3278 1969; x_wconf 84' lang='lat' dir='ltr'><strong>permanebis.</strong></span> 
     </span>
    </p>
   </div>
   <div class='ocr_carea' id='block_1_49' title="bbox 2041 1988 3569 2062">
    <p class='ocr_par' dir='ltr' id='par_1_49' title="bbox 2041 1988 3569 2062">
     <span class='ocr_line' id='line_1_49' title="bbox 2041 1988 3569 2062; baseline -0.001 -17"><span class='ocrx_word' id='word_1_378' title='bbox 2041 1988 2147 2046; x_wconf 90' lang='lat' dir='ltr'><strong>Sed</strong></span> <span class='ocrx_word' id='word_1_379' title='bbox 2183 1991 2269 2045; x_wconf 91' lang='lat' dir='ltr'><strong>bis</strong></span> <span class='ocrx_word' id='word_1_380' title='bbox 2297 2006 2359 2045; x_wconf 92' lang='lat' dir='ltr'><strong>ac</strong></span> <span class='ocrx_word' id='word_1_381' title='bbox 2411 1990 2612 2046; x_wconf 87' lang='lat' dir='ltr'><strong>talibus</strong></span> <span class='ocrx_word' id='word_1_382' title='bbox 2643 1992 2781 2062; x_wconf 88' lang='lat' dir='ltr'><strong>pulsi</strong></span> <span class='ocrx_word' id='word_1_383' title='bbox 2816 1992 3025 2048; x_wconf 72' lang='lat' dir='ltr'><strong>haerere</strong></span> <span class='ocrx_word' id='word_1_384' title='bbox 3055 1990 3410 2047; x_wconf 90' lang='lat' dir='ltr'><strong>nihilominus</strong></span> <span class='ocrx_word' id='word_1_385' title='bbox 3454 2005 3569 2044; x_wconf 80' lang='lat' dir='ltr'><strong>ma-</strong></span> 
     </span>
    </p>
   </div>
   <div class='ocr_carea' id='block_1_50' title="bbox 1970 2083 3559 2155">
    <p class='ocr_par' dir='ltr' id='par_1_50' title="bbox 1970 2083 3559 2155">
     <span class='ocr_line' id='line_1_50' title="bbox 1970 2083 3559 2155; baseline 0.001 -17"><span class='ocrx_word' id='word_1_386' title='bbox 1970 2085 2132 2155; x_wconf 78' lang='lat' dir='ltr'><strong>lignis</strong></span> <span class='ocrx_word' id='word_1_387' title='bbox 2185 2085 2552 2140; x_wconf 88' lang='lat' dir='ltr'><strong>intellectibus</strong></span> <span class='ocrx_word' id='word_1_388' title='bbox 2593 2085 2834 2147; x_wconf 87' lang='lat' dir='ltr'><strong>student,</strong></span> <span class='ocrx_word' id='word_1_389' title='bbox 2869 2084 2999 2139; x_wconf 90' lang='lat' dir='ltr'><strong>illud</strong></span> <span class='ocrx_word' id='word_1_390' title='bbox 3030 2100 3098 2141; x_wconf 80' lang='lat' dir='ltr'><strong>ex</strong></span> <span class='ocrx_word' id='word_1_391' title='bbox 3133 2083 3442 2155; x_wconf 80' lang='lat' dir='ltr'><strong>Evangeliis</strong></span> <span class='ocrx_word' id='word_1_392' title='bbox 3471 2098 3559 2139; x_wconf 89' lang='lat' dir='ltr'><strong>as-</strong></span> 
     </span>
    </p>
   </div>
   <div class='ocr_carea' id='block_1_51' title="bbox 1968 2176 3567 2248">
    <p class='ocr_par' dir='ltr' id='par_1_51' title="bbox 1968 2176 3567 2248">
     <span class='ocr_line' id='line_1_51' title="bbox 1968 2176 3567 2248; baseline -0.001 -16"><span class='ocrx_word' id='word_1_393' title='bbox 1968 2188 2268 2245; x_wconf 87' lang='lat' dir='ltr'><strong>sumentes,</strong></span> <span class='ocrx_word' id='word_1_394' title='bbox 2325 2178 2466 2248; x_wconf 88' lang='lat' dir='ltr'><strong>quod</strong></span> <span class='ocrx_word' id='word_1_395' title='bbox 2524 2177 2712 2231; x_wconf 85' lang='lat' dir='ltr'><strong>horam</strong></span> <span class='ocrx_word' id='word_1_396' title='bbox 2763 2176 3029 2232; x_wconf 78' lang='lat' dir='ltr'><strong>adventus</strong></span> <span class='ocrx_word' id='word_1_397' title='bbox 3050 2178 3133 2232; x_wconf 91' lang='lat' dir='ltr'><strong>sui</strong></span> <span class='ocrx_word' id='word_1_398' title='bbox 3164 2176 3416 2246; x_wconf 89' lang='lat' dir='ltr'><strong>diemque</strong></span> <span class='ocrx_word' id='word_1_399' title='bbox 3472 2193 3567 2231; x_wconf 83' lang='lat' dir='ltr'><strong>ue-</strong></span> 
     </span>
    </p>
   </div>
   <div class='ocr_carea' id='block_1_52' title="bbox 1969 2269 3569 2339">
    <p class='ocr_par' dir='ltr' id='par_1_52' title="bbox 1969 2269 3569 2339">
     <span class='ocr_line' id='line_1_52' title="bbox 1969 2269 3569 2339; baseline 0 -15"><span class='ocrx_word' id='word_1_400' title='bbox 1969 2271 2177 2326; x_wconf 89' lang='lat' dir='ltr'><strong>scierit.</strong></span> <span class='ocrx_word' id='word_1_401' title='bbox 2232 2269 2303 2326; x_wconf 89' lang='lat' dir='ltr'><strong>Ut</strong></span> <span class='ocrx_word' id='word_1_402' title='bbox 2359 2271 2471 2325; x_wconf 89' lang='lat' dir='ltr'><strong>illis</strong></span> <span class='ocrx_word' id='word_1_403' title='bbox 2530 2270 2633 2326; x_wconf 91' lang='lat' dir='ltr'><strong>hoc</strong></span> <span class='ocrx_word' id='word_1_404' title='bbox 2681 2270 3005 2337; x_wconf 88' lang='lat' dir='ltr'><strong>dimittatur,</strong></span> <span class='ocrx_word' id='word_1_405' title='bbox 3066 2280 3407 2339; x_wconf 90' lang='lat' dir='ltr'><strong>assumptum</strong></span> <span class='ocrx_word' id='word_1_406' title='bbox 3468 2269 3569 2324; x_wconf 81' lang='lat' dir='ltr'><strong>lio-</strong></span> 
     </span>
    </p>
   </div>
   <div class='ocr_carea' id='block_1_53' title="bbox 1969 2364 3568 2433">
    <p class='ocr_par' dir='ltr' id='par_1_53' title="bbox 1969 2364 3568 2433">
     <span class='ocr_line' id='line_1_53' title="bbox 1969 2364 3568 2433; baseline -0.001 -12"><span class='ocrx_word' id='word_1_407' title='bbox 1969 2367 2173 2422; x_wconf 90' lang='lat' dir='ltr'><strong>minem</strong></span> <span class='ocrx_word' id='word_1_408' title='bbox 2202 2377 2327 2420; x_wconf 88' lang='lat' dir='ltr'><strong>ante</strong></span> <span class='ocrx_word' id='word_1_409' title='bbox 2354 2364 2594 2419; x_wconf 81' lang='lat' dir='ltr'><strong>nescisse</strong></span> <span class='ocrx_word' id='word_1_410' title='bbox 2623 2380 2785 2433; x_wconf 90' lang='lat' dir='ltr'><strong>quam</strong></span> <span class='ocrx_word' id='word_1_411' title='bbox 2813 2364 3152 2419; x_wconf 83' lang='lat' dir='ltr'><strong>terrestrium</strong></span> <span class='ocrx_word' id='word_1_412' title='bbox 3187 2373 3240 2419; x_wconf 90' lang='lat' dir='ltr'><strong>et</strong></span> <span class='ocrx_word' id='word_1_413' title='bbox 3262 2364 3568 2419; x_wconf 66' lang='lat' dir='ltr'><strong>caelestium</strong></span> 
     </span>
    </p>
   </div>
   <div class='ocr_carea' id='block_1_54' title="bbox 1972 2459 3572 2531">
    <p class='ocr_par' dir='ltr' id='par_1_54' title="bbox 1972 2459 3572 2531">
     <span class='ocr_line' id='line_1_54' title="bbox 1972 2459 3572 2531; baseline -0.001 -15"><span class='ocrx_word' id='word_1_414' title='bbox 1972 2467 2297 2531; x_wconf 89' lang='lat' dir='ltr'><strong>potestatem</strong></span> <span class='ocrx_word' id='word_1_415' title='bbox 2331 2460 2384 2514; x_wconf 88' lang='lat' dir='ltr'><strong>in</strong></span> <span class='ocrx_word' id='word_1_416' title='bbox 2413 2460 2503 2514; x_wconf 87' lang='lat' dir='ltr'><strong>Dei</strong></span> <span class='ocrx_word' id='word_1_417' title='bbox 2535 2459 2706 2530; x_wconf 80' lang='lat' dir='ltr'><strong>gloria</strong></span> <span class='ocrx_word' id='word_1_418' title='bbox 2759 2468 3010 2529; x_wconf 88' lang='lat' dir='ltr'><strong>receptus</strong></span> <span class='ocrx_word' id='word_1_419' title='bbox 3038 2461 3350 2529; x_wconf 86' lang='lat' dir='ltr'><strong>acciperet;</strong></span> <span class='ocrx_word' id='word_1_420' title='bbox 3412 2476 3572 2515; x_wconf 87' lang='lat' dir='ltr'><strong>num-</strong></span> 
     </span>
    </p>
   </div>
   <div class='ocr_carea' id='block_1_55' title="bbox 1970 2552 3569 2624">
    <p class='ocr_par' dir='ltr' id='par_1_55' title="bbox 1970 2552 3569 2624">
     <span class='ocr_line' id='line_1_55' title="bbox 1970 2552 3569 2624; baseline 0.001 -18"><span class='ocrx_word' id='word_1_421' title='bbox 1970 2555 2099 2623; x_wconf 91' lang='lat' dir='ltr'><strong>quid</strong></span> <span class='ocrx_word' id='word_1_422' title='bbox 2148 2554 2313 2608; x_wconf 88' lang='lat' dir='ltr'><strong>etiam</strong></span> <span class='ocrx_word' id='word_1_423' title='bbox 2368 2552 2526 2608; x_wconf 76' lang='lat' dir='ltr'><strong>Verbi</strong></span> <span class='ocrx_word' id='word_1_424' title='bbox 2560 2553 2816 2607; x_wconf 88' lang='lat' dir='ltr'><strong>divinitas</strong></span> <span class='ocrx_word' id='word_1_425' title='bbox 2847 2554 3151 2624; x_wconf 83' lang='lat' dir='ltr'><strong>ignorabat,</strong></span> <span class='ocrx_word' id='word_1_426' title='bbox 3187 2564 3277 2607; x_wconf 89' lang='lat' dir='ltr'><strong>aut</strong></span> <span class='ocrx_word' id='word_1_427' title='bbox 3312 2568 3437 2609; x_wconf 90' lang='lat' dir='ltr'><strong>cum</strong></span> <span class='ocrx_word' id='word_1_428' title='bbox 3496 2555 3569 2608; x_wconf 88' lang='lat' dir='ltr'><strong>sit</strong></span> 
     </span>
    </p>
   </div>
   <div class='ocr_carea' id='block_1_56' title="bbox 1970 2647 3571 2719">
    <p class='ocr_par' dir='ltr' id='par_1_56' title="bbox 1970 2647 3571 2719">
     <span class='ocr_line' id='line_1_56' title="bbox 1970 2647 3571 2719; baseline -0.001 -14"><span class='ocrx_word' id='word_1_429' title='bbox 1970 2650 2143 2706; x_wconf 87' lang='lat' dir='ltr'><strong>Filius</strong></span> <span class='ocrx_word' id='word_1_430' title='bbox 2173 2665 2393 2716; x_wconf 84' lang='lat' dir='ltr'><strong>semper</strong></span> <span class='ocrx_word' id='word_1_431' title='bbox 2448 2649 2503 2703; x_wconf 90' lang='lat' dir='ltr'><strong>in</strong></span> <span class='ocrx_word' id='word_1_432' title='bbox 2537 2648 2722 2715; x_wconf 89' lang='lat' dir='ltr'><strong>Patre,</strong></span> <span class='ocrx_word' id='word_1_433' title='bbox 2750 2658 2911 2719; x_wconf 90' lang='lat' dir='ltr'><strong>atque</strong></span> <span class='ocrx_word' id='word_1_434' title='bbox 2938 2649 2992 2702; x_wconf 91' lang='lat' dir='ltr'><strong>in</strong></span> <span class='ocrx_word' id='word_1_435' title='bbox 3024 2647 3163 2704; x_wconf 87' lang='lat' dir='ltr'><strong>Filio</strong></span> <span class='ocrx_word' id='word_1_436' title='bbox 3195 2648 3372 2715; x_wconf 89' lang='lat' dir='ltr'><strong>Pater,</strong></span> <span class='ocrx_word' id='word_1_437' title='bbox 3432 2654 3571 2704; x_wconf 82' lang='lat' dir='ltr'><strong>sciet</strong></span> 
     </span>
    </p>
   </div>
   <div class='ocr_carea' id='block_1_57' title="bbox 1970 2740 3572 2813">
    <p class='ocr_par' dir='ltr' id='par_1_57' title="bbox 1970 2740 3572 2813">
     <span class='ocr_line' id='line_1_57' title="bbox 1970 2740 3572 2813; baseline -0.001 -15"><span class='ocrx_word' id='word_1_438' title='bbox 1970 2743 2176 2813; x_wconf 87' lang='lat' dir='ltr'><strong>aliquid</strong></span> <span class='ocrx_word' id='word_1_439' title='bbox 2211 2758 2347 2797; x_wconf 87' lang='lat' dir='ltr'><strong>unus</strong></span> <span class='ocrx_word' id='word_1_440' title='bbox 2377 2741 2485 2797; x_wconf 85' lang='lat' dir='ltr'><strong>alio</strong></span> <span class='ocrx_word' id='word_1_441' title='bbox 2535 2740 2857 2797; x_wconf 80' lang='lat' dir='ltr'><strong>nesciente?</strong></span> <span class='ocrx_word' id='word_1_442' title='bbox 2913 2740 2982 2796; x_wconf 86' lang='lat' dir='ltr'><strong>Et</strong></span> <span class='ocrx_word' id='word_1_443' title='bbox 3010 2741 3309 2812; x_wconf 89' lang='lat' dir='ltr'><strong>quamlibet</strong></span> <span class='ocrx_word' id='word_1_444' title='bbox 3357 2757 3428 2797; x_wconf 81' lang='lat' dir='ltr'><strong>ex</strong></span> <span class='ocrx_word' id='word_1_445' title='bbox 3473 2756 3572 2798; x_wconf 79' lang='lat' dir='ltr'><strong>vo-</strong></span> 
     </span>
    </p>
   </div>
   <div class='ocr_carea' id='block_1_58' title="bbox 1974 2836 3567 2907">
    <p class='ocr_par' dir='ltr' id='par_1_58' title="bbox 1974 2836 3567 2907">
     <span class='ocr_line' id='line_1_58' title="bbox 1974 2836 3567 2907; baseline -0.001 -13"><span class='ocrx_word' id='word_1_446' title='bbox 1974 2840 2181 2895; x_wconf 88' lang='lat' dir='ltr'><strong>luntate</strong></span> <span class='ocrx_word' id='word_1_447' title='bbox 2232 2839 2410 2892; x_wconf 84' lang='lat' dir='ltr'><strong>Patris</strong></span> <span class='ocrx_word' id='word_1_448' title='bbox 2440 2855 2466 2890; x_wconf 89' lang='lat' dir='ltr'><strong>a</strong></span> <span class='ocrx_word' id='word_1_449' title='bbox 2493 2852 2554 2892; x_wconf 91' lang='lat' dir='ltr'><strong>se</strong></span> <span class='ocrx_word' id='word_1_450' title='bbox 2587 2847 2765 2892; x_wconf 90' lang='lat' dir='ltr'><strong>tamen</strong></span> <span class='ocrx_word' id='word_1_451' title='bbox 2803 2836 3052 2891; x_wconf 86' lang='lat' dir='ltr'><strong>faciunda</strong></span> <span class='ocrx_word' id='word_1_452' title='bbox 3079 2837 3293 2907; x_wconf 87' lang='lat' dir='ltr'><strong>penitus</strong></span> <span class='ocrx_word' id='word_1_453' title='bbox 3344 2836 3567 2907; x_wconf 85' lang='lat' dir='ltr'><strong>ignora-</strong></span> 
     </span>
    </p>
   </div>
   <div class='ocr_carea' id='block_1_59' title="bbox 1973 2930 3567 3002">
    <p class='ocr_par' dir='ltr' id='par_1_59' title="bbox 1973 2930 3567 3002">
     <span class='ocr_line' id='line_1_59' title="bbox 1973 2930 3567 3002; baseline -0.001 -14"><span class='ocrx_word' id='word_1_454' title='bbox 1973 2932 2090 2988; x_wconf 83' lang='lat' dir='ltr'><strong>bit?</strong></span> <span class='ocrx_word' id='word_1_455' title='bbox 2139 2948 2262 2988; x_wconf 94' lang='lat' dir='ltr'><strong>cum</strong></span> <span class='ocrx_word' id='word_1_456' title='bbox 2307 2931 2360 2986; x_wconf 89' lang='lat' dir='ltr'><strong>in</strong></span> <span class='ocrx_word' id='word_1_457' title='bbox 2407 2931 2525 3002; x_wconf 90' lang='lat' dir='ltr'><strong>ipsa</strong></span> <span class='ocrx_word' id='word_1_458' title='bbox 2574 2941 2813 2999; x_wconf 83' lang='lat' dir='ltr'><strong>paternae</strong></span> <span class='ocrx_word' id='word_1_459' title='bbox 2864 2930 3166 2985; x_wconf 88' lang='lat' dir='ltr'><strong>voluntatis</strong></span> <span class='ocrx_word' id='word_1_460' title='bbox 3195 2932 3403 2985; x_wconf 88' lang='lat' dir='ltr'><strong>ratione</strong></span> <span class='ocrx_word' id='word_1_461' title='bbox 3459 2946 3567 2986; x_wconf 89' lang='lat' dir='ltr'><strong>non</strong></span> 
     </span>
    </p>
   </div>
   <div class='ocr_carea' id='block_1_60' title="bbox 1971 3022 3568 3095">
    <p class='ocr_par' dir='ltr' id='par_1_60' title="bbox 1971 3022 3568 3095">
     <span class='ocr_line' id='line_1_60' title="bbox 1971 3022 3568 3095; baseline -0.001 -13"><span class='ocrx_word' id='word_1_462' title='bbox 1971 3026 2258 3095; x_wconf 86' lang='lat' dir='ltr'><strong>subjectio,</strong></span> <span class='ocrx_word' id='word_1_463' title='bbox 2294 3026 2386 3080; x_wconf 90' lang='lat' dir='ltr'><strong>sed</strong></span> <span class='ocrx_word' id='word_1_464' title='bbox 2419 3038 2720 3079; x_wconf 89' lang='lat' dir='ltr'><strong>consensus</strong></span> <span class='ocrx_word' id='word_1_465' title='bbox 2768 3033 2886 3088; x_wconf 85' lang='lat' dir='ltr'><strong>est;</strong></span> <span class='ocrx_word' id='word_1_466' title='bbox 2940 3023 3107 3077; x_wconf 86' lang='lat' dir='ltr'><strong>David</strong></span> <span class='ocrx_word' id='word_1_467' title='bbox 3138 3023 3189 3078; x_wconf 93' lang='lat' dir='ltr'><strong>in</strong></span> <span class='ocrx_word' id='word_1_468' title='bbox 3216 3022 3421 3091; x_wconf 87' lang='lat' dir='ltr'><strong>Spiritu</strong></span> <span class='ocrx_word' id='word_1_469' title='bbox 3467 3025 3568 3080; x_wconf 91' lang='lat' dir='ltr'><strong>sub</strong></span> 
     </span>
    </p>
   </div>
   <div class='ocr_carea' id='block_1_61' title="bbox 1972 3116 3569 3191">
    <p class='ocr_par' dir='ltr' id='par_1_61' title="bbox 1972 3116 3569 3191">
     <span class='ocr_line' id='line_1_61' title="bbox 1972 3116 3569 3191; baseline -0.003 -15"><span class='ocrx_word' id='word_1_470' title='bbox 1972 3121 2153 3176; x_wconf 85' lang='lat' dir='ltr'><strong>verbis</strong></span> <span class='ocrx_word' id='word_1_471' title='bbox 2186 3120 2355 3191; x_wconf 80' lang='lat' dir='ltr'><strong>ipsius</strong></span> <span class='ocrx_word' id='word_1_472' title='bbox 2385 3119 2466 3175; x_wconf 86' lang='lat' dir='ltr'><strong>sic</strong></span> <span class='ocrx_word' id='word_1_473' title='bbox 2513 3117 2785 3173; x_wconf 87' lang='lat' dir='ltr'><strong>docente:</strong></span> <span class='ocrx_word' id='word_1_474' title='bbox 2848 3117 2915 3173; x_wconf 93' lang='lat' dir='ltr'><strong>Ut</strong></span> <span class='ocrx_word' id='word_1_475' title='bbox 2956 3119 3179 3187; x_wconf 76' lang='lat' dir='ltr'><strong>[acerem</strong></span> <span class='ocrx_word' id='word_1_476' title='bbox 3245 3116 3569 3173; x_wconf 81' lang='lat' dir='ltr'><strong>voluntatem</strong></span> 
     </span>
    </p>
   </div>
   <div class='ocr_carea' id='block_1_62' title="bbox 271 3203 3573 3283">
    <p class='ocr_par' dir='ltr' id='par_1_62' title="bbox 271 3203 3573 3283">
     <span class='ocr_line' id='line_1_62' title="bbox 271 3203 3573 3283; baseline 0.002 -19"><span class='ocrx_word' id='word_1_477' title='bbox 271 3209 467 3265; x_wconf 90' lang='lat' dir='ltr'><strong>iterum</strong></span> <span class='ocrx_word' id='word_1_478' title='bbox 504 3226 517 3263; x_wconf 90' lang='lat'><strong>:</strong></span> <span class='ocrx_word' id='word_1_479' title='bbox 548 3208 822 3281; x_wconf 80' lang='lat' dir='ltr'><strong>Philippe,</strong></span> <span class='ocrx_word' id='word_1_480' title='bbox 854 3221 996 3264; x_wconf 88' lang='lat' dir='ltr'><strong>tanto</strong></span> <span class='ocrx_word' id='word_1_481' title='bbox 1050 3221 1276 3282; x_wconf 90' lang='lat' dir='ltr'><strong>tempore</strong></span> <span class='ocrx_word' id='word_1_482' title='bbox 1321 3214 1578 3267; x_wconf 67' lang='lat' dir='ltr'><strong>rabiacnm</strong></span> <span class='ocrx_word' id='word_1_483' title='bbox 1627 3231 1762 3280; x_wconf 83' lang='lat' dir='ltr'><strong>sum,</strong></span> <span class='ocrx_word' id='word_1_484' title='bbox 1818 3226 1868 3270; x_wconf 85' lang='lat' dir='ltr'><strong>et</strong></span> <span class='ocrx_word' id='word_1_485' title='bbox 1898 3203 1940 3263; x_wconf 68' lang='grc' dir='ltr'><strong>(ἶ</strong></span> <span class='ocrx_word' id='word_1_486' title='bbox 1977 3225 2141 3279; x_wconf 86' lang='lat' dir='ltr'><strong>tuam,</strong></span> <span class='ocrx_word' id='word_1_487' title='bbox 2194 3214 2335 3269; x_wconf 85' lang='lat' dir='ltr'><strong>Deus</strong></span> <span class='ocrx_word' id='word_1_488' title='bbox 2387 3230 2553 3281; x_wconf 85' lang='lat' dir='ltr'><strong>meus,</strong></span> <span class='ocrx_word' id='word_1_489' title='bbox 2611 3212 2752 3267; x_wconf 84' lang='lat' dir='ltr'><strong>volui</strong></span> <span class='ocrx_word' id='word_1_490' title='bbox 2785 3211 2925 3283; x_wconf 88' lang='lat' dir='ltr'><strong>(Ps.</strong></span> <span class='ocrx_word' id='word_1_491' title='bbox 2955 3228 3148 3281; x_wconf 74' lang='lat' dir='ltr'><strong>xxxrx,</strong></span> <span class='ocrx_word' id='word_1_492' title='bbox 3183 3211 3282 3283; x_wconf 91' lang='lat'><strong>9).</strong></span> <span class='ocrx_word' id='word_1_493' title='bbox 3314 3211 3431 3268; x_wconf 89' lang='lat' dir='ltr'><strong>Non</strong></span> <span class='ocrx_word' id='word_1_494' title='bbox 3487 3221 3573 3269; x_wconf 86' lang='lat' dir='ltr'><strong>est</strong></span> 
     </span>
    </p>
   </div>
   <div class='ocr_carea' id='block_1_63' title="bbox 271 3305 1865 3377">
    <p class='ocr_par' dir='ltr' id='par_1_63' title="bbox 271 3305 1865 3377">
     <span class='ocr_line' id='line_1_63' title="bbox 271 3305 1865 3377; baseline 0.002 -18"><span class='ocrx_word' id='word_1_495' title='bbox 271 3305 506 3359; x_wconf 86' lang='lat' dir='ltr'><strong>nondum</strong></span> <span class='ocrx_word' id='word_1_496' title='bbox 537 3322 618 3359; x_wconf 86' lang='lat' dir='ltr'><strong>me</strong></span> <span class='ocrx_word' id='word_1_497' title='bbox 648 3306 807 3361; x_wconf 86' lang='lat' dir='ltr'><strong>nostis</strong></span> <span class='ocrx_word' id='word_1_498' title='bbox 854 3305 1052 3375; x_wconf 87' lang='lat' dir='ltr'><strong>(Joan.</strong></span> <span class='ocrx_word' id='word_1_499' title='bbox 1098 3321 1208 3371; x_wconf 80' lang='lat' dir='ltr'><strong>xiv,</strong></span> <span class='ocrx_word' id='word_1_500' title='bbox 1247 3305 1360 3377; x_wconf 84' lang='lat'><strong>9)?</strong></span> <span class='ocrx_word' id='word_1_501' title='bbox 1396 3306 1496 3372; x_wconf 84' lang='lat' dir='ltr'><strong>Qui</strong></span> <span class='ocrx_word' id='word_1_502' title='bbox 1553 3323 1633 3362; x_wconf 88' lang='lat' dir='ltr'><strong>me</strong></span> <span class='ocrx_word' id='word_1_503' title='bbox 1691 3308 1826 3362; x_wconf 83' lang='lat' dir='ltr'><strong>videt</strong></span> <span class='ocrx_word' id='word_1_504' title='bbox 1851 3351 1865 3375; x_wconf 94' lang='lat'><strong>,</strong></span> 
     </span>
    </p>
   </div>
   <div class='ocr_carea' id='block_1_64' title="bbox 271 3396 1872 3471">
    <p class='ocr_par' dir='ltr' id='par_1_64' title="bbox 271 3396 1872 3471">
     <span class='ocr_line' id='line_1_64' title="bbox 271 3396 1872 3471; baseline 0.001 -20"><span class='ocrx_word' id='word_1_505' title='bbox 271 3398 407 3451; x_wconf 78' lang='lat' dir='ltr'><strong>videt</strong></span> <span class='ocrx_word' id='word_1_506' title='bbox 435 3408 481 3452; x_wconf 86' lang='lat' dir='ltr'><strong>et</strong></span> <span class='ocrx_word' id='word_1_507' title='bbox 522 3396 756 3453; x_wconf 86' lang='lat' dir='ltr'><strong>Patrem.</strong></span> <span class='ocrx_word' id='word_1_508' title='bbox 790 3397 857 3453; x_wconf 89' lang='lat' dir='ltr'><strong>Et</strong></span> <span class='ocrx_word' id='word_1_509' title='bbox 881 3400 1043 3453; x_wconf 86' lang='lat' dir='ltr'><strong>tertio</strong></span> <span class='ocrx_word' id='word_1_510' title='bbox 1074 3416 1087 3453; x_wconf 89' lang='lat'><strong>:</strong></span> <span class='ocrx_word' id='word_1_511' title='bbox 1120 3396 1308 3453; x_wconf 83' lang='lat' dir='ltr'><strong>Omnia</strong></span> <span class='ocrx_word' id='word_1_512' title='bbox 1347 3417 1676 3471; x_wconf 65' lang='lat' dir='ltr'><strong>quiscumque</strong></span> <span class='ocrx_word' id='word_1_513' title='bbox 1716 3402 1872 3456; x_wconf 82' lang='lat' dir='ltr'><strong>habet</strong></span> 
     </span>
    </p>
   </div>
   <div class='ocr_carea' id='block_1_65' title="bbox 272 3490 1873 3565">
    <p class='ocr_par' dir='ltr' id='par_1_65' title="bbox 272 3490 1873 3565">
     <span class='ocr_line' id='line_1_65' title="bbox 272 3490 1873 3565; baseline 0.004 -19"><span class='ocrx_word' id='word_1_514' title='bbox 272 3490 455 3558; x_wconf 85' lang='lat' dir='ltr'><strong>Pater,</strong></span> <span class='ocrx_word' id='word_1_515' title='bbox 509 3509 623 3546; x_wconf 89' lang='lat' dir='ltr'><strong>mea</strong></span> <span class='ocrx_word' id='word_1_516' title='bbox 661 3502 780 3547; x_wconf 85' lang='lat' dir='ltr'><strong>sunt</strong></span> <span class='ocrx_word' id='word_1_517' title='bbox 811 3491 993 3565; x_wconf 85' lang='lat' dir='ltr'><strong>(Joan.</strong></span> <span class='ocrx_word' id='word_1_518' title='bbox 1027 3509 1137 3560; x_wconf 86' lang='lat' dir='ltr'><strong>xvt,</strong></span> <span class='ocrx_word' id='word_1_519' title='bbox 1166 3494 1254 3565; x_wconf 79' lang='grc'><strong>15)</strong></span> <span class='ocrx_word' id='word_1_520' title='bbox 1282 3511 1296 3558; x_wconf 93' lang='grc'>;</span> <span class='ocrx_word' id='word_1_521' title='bbox 1329 3505 1376 3548; x_wconf 92' lang='lat' dir='ltr'><strong>et</strong></span> <span class='ocrx_word' id='word_1_522' title='bbox 1405 3512 1521 3565; x_wconf 71' lang='lat' dir='ltr'><strong>qum</strong></span> <span class='ocrx_word' id='word_1_523' title='bbox 1565 3498 1668 3551; x_wconf 81' lang='lat' dir='ltr'><strong>rult</strong></span> <span class='ocrx_word' id='word_1_524' title='bbox 1702 3496 1873 3552; x_wconf 84' lang='lat' dir='ltr'><strong>Filius</strong></span> 
     </span>
    </p>
   </div>
   <div class='ocr_carea' id='block_1_66' title="bbox 272 3585 1871 3659">
    <p class='ocr_par' dir='ltr' id='par_1_66' title="bbox 272 3585 1871 3659">
     <span class='ocr_line' id='line_1_66' title="bbox 272 3585 1871 3659; baseline 0.003 -18"><span class='ocrx_word' id='word_1_525' title='bbox 272 3588 454 3641; x_wconf 88' lang='lat' dir='ltr'><strong>eadem</strong></span> <span class='ocrx_word' id='word_1_526' title='bbox 502 3587 609 3641; x_wconf 83' lang='lat' dir='ltr'><strong>rult</strong></span> <span class='ocrx_word' id='word_1_527' title='bbox 654 3596 699 3639; x_wconf 88' lang='lat' dir='ltr'><strong>et</strong></span> <span class='ocrx_word' id='word_1_528' title='bbox 728 3585 920 3653; x_wconf 88' lang='lat' dir='ltr'><strong>Pater;</strong></span> <span class='ocrx_word' id='word_1_529' title='bbox 947 3595 1003 3641; x_wconf 86' lang='lat' dir='ltr'><strong>et</strong></span> <span class='ocrx_word' id='word_1_530' title='bbox 1036 3606 1047 3640; x_wconf 88' lang='lat'><strong>:</strong></span> <span class='ocrx_word' id='word_1_531' title='bbox 1075 3587 1223 3642; x_wconf 84' lang='lat' dir='ltr'><strong>Sicut</strong></span> <span class='ocrx_word' id='word_1_532' title='bbox 1243 3600 1491 3659; x_wconf 81' lang='lat' dir='ltr'><strong>operatur</strong></span> <span class='ocrx_word' id='word_1_533' title='bbox 1514 3589 1696 3657; x_wconf 86' lang='lat' dir='ltr'><strong>Pater,</strong></span> <span class='ocrx_word' id='word_1_534' title='bbox 1746 3608 1871 3659; x_wconf 84' lang='lat' dir='ltr'><strong>ope-</strong></span> 
     </span>
    </p>
   </div>
   <div class='ocr_carea' id='block_1_67' title="bbox 276 3678 1868 3752">
    <p class='ocr_par' dir='ltr' id='par_1_67' title="bbox 276 3678 1868 3752">
     <span class='ocr_line' id='line_1_67' title="bbox 276 3678 1868 3752; baseline 0.004 -17"><span class='ocrx_word' id='word_1_535' title='bbox 276 3694 429 3737; x_wconf 83' lang='lat' dir='ltr'><strong>ratur</strong></span> <span class='ocrx_word' id='word_1_536' title='bbox 482 3692 533 3736; x_wconf 82' lang='lat' dir='ltr'><strong>et</strong></span> <span class='ocrx_word' id='word_1_537' title='bbox 578 3678 753 3735; x_wconf 84' lang='lat' dir='ltr'><strong>Filius</strong></span> <span class='ocrx_word' id='word_1_538' title='bbox 810 3678 971 3752; x_wconf 78' lang='lat' dir='ltr'><strong>(Joan</strong></span> <span class='ocrx_word' id='word_1_539' title='bbox 999 3697 1054 3746; x_wconf 88' lang='lat' dir='ltr'><strong>v,</strong></span> <span class='ocrx_word' id='word_1_540' title='bbox 1084 3682 1208 3750; x_wconf 85' lang='grc'><strong>19).</strong></span> <span class='ocrx_word' id='word_1_541' title='bbox 1264 3683 1528 3738; x_wconf 89' lang='lat' dir='ltr'><strong>Similiter</strong></span> <span class='ocrx_word' id='word_1_542' title='bbox 1580 3685 1868 3741; x_wconf 86' lang='lat' dir='ltr'><strong>clarilicari</strong></span> 
     </span>
    </p>
   </div>
   <div class='ocr_carea' id='block_1_68' title="bbox 274 3774 1870 3847">
    <p class='ocr_par' dir='ltr' id='par_1_68' title="bbox 274 3774 1870 3847">
     <span class='ocr_line' id='line_1_68' title="bbox 274 3774 1870 3847; baseline 0.005 -17"><span class='ocrx_word' id='word_1_543' title='bbox 274 3775 500 3847; x_wconf 90' lang='lat' dir='ltr'><strong>perinde</strong></span> <span class='ocrx_word' id='word_1_544' title='bbox 526 3790 557 3829; x_wconf 86' lang='lat' dir='ltr'><strong>a</strong></span> <span class='ocrx_word' id='word_1_545' title='bbox 586 3774 744 3830; x_wconf 92' lang='lat' dir='ltr'><strong>Patre</strong></span> <span class='ocrx_word' id='word_1_546' title='bbox 770 3790 829 3830; x_wconf 90' lang='lat' dir='ltr'><strong>se</strong></span> <span class='ocrx_word' id='word_1_547' title='bbox 854 3776 1117 3845; x_wconf 88' lang='lat' dir='ltr'><strong>postulat;</strong></span> <span class='ocrx_word' id='word_1_548' title='bbox 1144 3777 1237 3832; x_wconf 90' lang='lat' dir='ltr'><strong>sed</strong></span> <span class='ocrx_word' id='word_1_549' title='bbox 1270 3794 1485 3833; x_wconf 87' lang='lat' dir='ltr'><strong>rursum</strong></span> <span class='ocrx_word' id='word_1_550' title='bbox 1516 3779 1729 3835; x_wconf 86' lang='lat' dir='ltr'><strong>Patrem</strong></span> <span class='ocrx_word' id='word_1_551' title='bbox 1758 3798 1786 3836; x_wconf 89' lang='lat' dir='ltr'><strong>a</strong></span> <span class='ocrx_word' id='word_1_552' title='bbox 1811 3797 1870 3838; x_wconf 89' lang='lat' dir='ltr'><strong>se</strong></span> 
     </span>
    </p>
   </div>
   <div class='ocr_carea' id='block_1_69' title="bbox 272 3869 1868 3941">
    <p class='ocr_par' dir='ltr' id='par_1_69' title="bbox 272 3869 1868 3941">
     <span class='ocr_line' id='line_1_69' title="bbox 272 3869 1868 3941; baseline 0.004 -16"><span class='ocrx_word' id='word_1_553' title='bbox 272 3869 628 3926; x_wconf 86' lang='lat' dir='ltr'><strong>clarificatnm</strong></span> <span class='ocrx_word' id='word_1_554' title='bbox 658 3884 839 3923; x_wconf 86' lang='lat' dir='ltr'><strong>coram</strong></span> <span class='ocrx_word' id='word_1_555' title='bbox 874 3870 1184 3925; x_wconf 91' lang='lat' dir='ltr'><strong>hominibus</strong></span> <span class='ocrx_word' id='word_1_556' title='bbox 1216 3881 1569 3941; x_wconf 84' lang='lat' dir='ltr'><strong>protestatur.</strong></span> <span class='ocrx_word' id='word_1_557' title='bbox 1595 3874 1715 3941; x_wconf 88' lang='lat' dir='ltr'><strong>Qtto</strong></span> <span class='ocrx_word' id='word_1_558' title='bbox 1767 3892 1868 3931; x_wconf 92' lang='lat' dir='ltr'><strong>au-</strong></span> 
     </span>
    </p>
   </div>
   <div class='ocr_carea' id='block_1_70' title="bbox 277 3964 1868 4039">
    <p class='ocr_par' dir='ltr' id='par_1_70' title="bbox 277 3964 1868 4039">
     <span class='ocr_line' id='line_1_70' title="bbox 277 3964 1868 4039; baseline 0.002 -17"><span class='ocrx_word' id='word_1_559' title='bbox 277 3978 385 4022; x_wconf 92' lang='lat' dir='ltr'><strong>tem</strong></span> <span class='ocrx_word' id='word_1_560' title='bbox 428 3978 585 4036; x_wconf 88' lang='lat' dir='ltr'><strong>pacto</strong></span> <span class='ocrx_word' id='word_1_561' title='bbox 630 3964 831 4019; x_wconf 91' lang='lat' dir='ltr'><strong>includi</strong></span> <span class='ocrx_word' id='word_1_562' title='bbox 863 3966 1110 4035; x_wconf 88' lang='lat' dir='ltr'><strong>qualibet</strong></span> <span class='ocrx_word' id='word_1_563' title='bbox 1164 3968 1515 4037; x_wconf 86' lang='lat' dir='ltr'><strong>protensione</strong></span> <span class='ocrx_word' id='word_1_564' title='bbox 1566 3979 1868 4039; x_wconf 77' lang='lat' dir='ltr'><strong>temporum</strong></span> 
     </span>
    </p>
   </div>
   <div class='ocr_carea' id='block_1_71' title="bbox 275 4060 1870 4132">
    <p class='ocr_par' dir='ltr' id='par_1_71' title="bbox 275 4060 1870 4132">
     <span class='ocr_line' id='line_1_71' title="bbox 275 4060 1870 4132; baseline 0.003 -19"><span class='ocrx_word' id='word_1_565' title='bbox 275 4070 479 4132; x_wconf 87' lang='lat' dir='ltr'><strong>potest,</strong></span> <span class='ocrx_word' id='word_1_566' title='bbox 514 4076 540 4112; x_wconf 89' lang='lat' dir='ltr'><strong>a</strong></span> <span class='ocrx_word' id='word_1_567' title='bbox 565 4075 673 4128; x_wconf 86' lang='lat' dir='ltr'><strong>quo</strong></span> <span class='ocrx_word' id='word_1_568' title='bbox 705 4067 945 4128; x_wconf 84' lang='lat' dir='ltr'><strong>tempora</strong></span> <span class='ocrx_word' id='word_1_569' title='bbox 976 4070 1103 4113; x_wconf 92' lang='lat' dir='ltr'><strong>sunt</strong></span> <span class='ocrx_word' id='word_1_570' title='bbox 1132 4062 1361 4115; x_wconf 84' lang='lat' dir='ltr'><strong>creata?</strong></span> <span class='ocrx_word' id='word_1_571' title='bbox 1407 4060 1497 4116; x_wconf 85' lang='lat' dir='ltr'><strong>Vel</strong></span> <span class='ocrx_word' id='word_1_572' title='bbox 1520 4063 1663 4132; x_wconf 90' lang='lat' dir='ltr'><strong>quod</strong></span> <span class='ocrx_word' id='word_1_573' title='bbox 1689 4066 1736 4117; x_wconf 90' lang='lat' dir='ltr'><strong>ei</strong></span> <span class='ocrx_word' id='word_1_574' title='bbox 1768 4063 1870 4117; x_wconf 88' lang='lat' dir='ltr'><strong>iui-</strong></span> 
     </span>
    </p>
   </div>
   <div class='ocr_carea' id='block_1_72' title="bbox 278 4153 1869 4227">
    <p class='ocr_par' dir='ltr' id='par_1_72' title="bbox 278 4153 1869 4227">
     <span class='ocr_line' id='line_1_72' title="bbox 278 4153 1869 4227; baseline 0.003 -17"><span class='ocrx_word' id='word_1_575' title='bbox 278 4158 411 4212; x_wconf 90' lang='lat' dir='ltr'><strong>tium</strong></span> <span class='ocrx_word' id='word_1_576' title='bbox 445 4165 529 4211; x_wconf 90' lang='lat' dir='ltr'><strong>est</strong></span> <span class='ocrx_word' id='word_1_577' title='bbox 559 4153 975 4210; x_wconf 85' lang='lat' dir='ltr'><strong>adscribendmn</strong></span> <span class='ocrx_word' id='word_1_578' title='bbox 1015 4198 1028 4219; x_wconf 91' lang='lat'><strong>,</strong></span> <span class='ocrx_word' id='word_1_579' title='bbox 1084 4172 1177 4225; x_wconf 87' lang='lat' dir='ltr'><strong>per</strong></span> <span class='ocrx_word' id='word_1_580' title='bbox 1218 4172 1377 4227; x_wconf 82' lang='lat' dir='ltr'><strong>quem</strong></span> <span class='ocrx_word' id='word_1_581' title='bbox 1425 4160 1663 4213; x_wconf 88' lang='lat' dir='ltr'><strong>omnium</strong></span> <span class='ocrx_word' id='word_1_582' title='bbox 1718 4159 1869 4215; x_wconf 75' lang='lat' dir='ltr'><strong>initia</strong></span> 
     </span>
    </p>
   </div>
   <div class='ocr_carea' id='block_1_73' title="bbox 278 4251 618 4322">
    <p class='ocr_par' dir='ltr' id='par_1_73' title="bbox 278 4251 618 4322">
     <span class='ocr_line' id='line_1_73' title="bbox 278 4251 618 4322; baseline 0.003 -17"><span class='ocrx_word' id='word_1_583' title='bbox 278 4251 618 4322; x_wconf 87' lang='lat' dir='ltr'><strong>prodierunt.</strong></span> 
     </span>
    </p>
   </div>
   <div class='ocr_carea' id='block_1_74' title="bbox 348 4343 1870 4414">
    <p class='ocr_par' dir='ltr' id='par_1_74' title="bbox 348 4343 1870 4414">
     <span class='ocr_line' id='line_1_74' title="bbox 348 4343 1870 4414; baseline 0.003 -16"><span class='ocrx_word' id='word_1_584' title='bbox 348 4343 565 4398; x_wconf 83' lang='lat' dir='ltr'><strong>intuere</strong></span> <span class='ocrx_word' id='word_1_585' title='bbox 610 4343 796 4398; x_wconf 84' lang='lat' dir='ltr'><strong>Ariani</strong></span> <span class='ocrx_word' id='word_1_586' title='bbox 840 4359 1039 4399; x_wconf 57' lang='lat' dir='ltr'><strong>ca‘cam</strong></span> <span class='ocrx_word' id='word_1_587' title='bbox 1082 4345 1509 4414; x_wconf 84' lang='lat' dir='ltr'><strong>persuasionem,</strong></span> <span class='ocrx_word' id='word_1_588' title='bbox 1560 4355 1617 4402; x_wconf 90' lang='lat' dir='ltr'><strong>et</strong></span> <span class='ocrx_word' id='word_1_589' title='bbox 1652 4362 1870 4403; x_wconf 89' lang='lat' dir='ltr'><strong>sensum</strong></span> 
     </span>
    </p>
   </div>
   <div class='ocr_carea' id='block_1_75' title="bbox 279 4437 1870 4510">
    <p class='ocr_par' dir='ltr' id='par_1_75' title="bbox 279 4437 1870 4510">
     <span class='ocr_line' id='line_1_75' title="bbox 279 4437 1870 4510; baseline 0.002 -18"><span class='ocrx_word' id='word_1_590' title='bbox 279 4438 443 4494; x_wconf 91' lang='lat' dir='ltr'><strong>totius</strong></span> <span class='ocrx_word' id='word_1_591' title='bbox 473 4437 764 4505; x_wconf 84' lang='lat' dir='ltr'><strong>impietatis</strong></span> <span class='ocrx_word' id='word_1_592' title='bbox 797 4438 1067 4492; x_wconf 74' lang='lat' dir='ltr'><strong>terminos</strong></span> <span class='ocrx_word' id='word_1_593' title='bbox 1094 4438 1475 4493; x_wconf 81' lang='lat' dir='ltr'><strong>excedentem.</strong></span> <span class='ocrx_word' id='word_1_594' title='bbox 1528 4438 1699 4510; x_wconf 75' lang='lat' dir='ltr'><strong>Finge</strong></span> <span class='ocrx_word' id='word_1_595' title='bbox 1727 4442 1870 4510; x_wconf 90' lang='lat' dir='ltr'><strong>quod</strong></span> 
     </span>
    </p>
   </div>
   <div class='ocr_carea' id='block_1_76' title="bbox 280 4532 1872 4603">
    <p class='ocr_par' dir='ltr' id='par_1_76' title="bbox 280 4532 1872 4603">
     <span class='ocr_line' id='line_1_76' title="bbox 280 4532 1872 4603; baseline 0.004 -18"><span class='ocrx_word' id='word_1_596' title='bbox 280 4532 587 4603; x_wconf 82' lang='lat' dir='ltr'><strong>transgredi</strong></span> <span class='ocrx_word' id='word_1_597' title='bbox 635 4548 813 4587; x_wconf 89' lang='lat' dir='ltr'><strong>rerum</strong></span> <span class='ocrx_word' id='word_1_598' title='bbox 847 4533 996 4587; x_wconf 83' lang='lat' dir='ltr'><strong>initia</strong></span> <span class='ocrx_word' id='word_1_599' title='bbox 1026 4532 1281 4603; x_wconf 87' lang='lat' dir='ltr'><strong>opinione</strong></span> <span class='ocrx_word' id='word_1_600' title='bbox 1312 4547 1405 4587; x_wconf 83' lang='lat' dir='ltr'><strong>sua</strong></span> <span class='ocrx_word' id='word_1_601' title='bbox 1440 4536 1637 4603; x_wconf 91' lang='lat' dir='ltr'><strong>possit,</strong></span> <span class='ocrx_word' id='word_1_602' title='bbox 1676 4545 1732 4590; x_wconf 91' lang='lat' dir='ltr'><strong>et</strong></span> <span class='ocrx_word' id='word_1_603' title='bbox 1782 4551 1872 4591; x_wconf 92' lang='lat' dir='ltr'><strong>so-</strong></span> 
     </span>
    </p>
   </div>
   <div class='ocr_carea' id='block_1_77' title="bbox 1973 3305 3570 3379">
    <p class='ocr_par' dir='ltr' id='par_1_77' title="bbox 1973 3305 3570 3379">
     <span class='ocr_line' id='line_1_77' title="bbox 1973 3305 3570 3379; baseline -0.001 -16"><span class='ocrx_word' id='word_1_604' title='bbox 1973 3326 2105 3379; x_wconf 75' lang='lat' dir='ltr'><strong>crgo</strong></span> <span class='ocrx_word' id='word_1_605' title='bbox 2139 3310 2209 3362; x_wconf 90' lang='lat' dir='ltr'><strong>ita</strong></span> <span class='ocrx_word' id='word_1_606' title='bbox 2256 3308 2662 3379; x_wconf 85' lang='lat' dir='ltr'><strong>obtemperans,</strong></span> <span class='ocrx_word' id='word_1_607' title='bbox 2696 3306 2847 3375; x_wconf 88' lang='lat' dir='ltr'><strong>quasi</strong></span> <span class='ocrx_word' id='word_1_608' title='bbox 2877 3305 3148 3372; x_wconf 87' lang='lat' dir='ltr'><strong>subditus,</strong></span> <span class='ocrx_word' id='word_1_609' title='bbox 3183 3306 3281 3363; x_wconf 91' lang='lat' dir='ltr'><strong>sed</strong></span> <span class='ocrx_word' id='word_1_610' title='bbox 3319 3306 3570 3362; x_wconf 84' lang='lat' dir='ltr'><strong>volunta-</strong></span> 
     </span>
    </p>
   </div>
   <div class='ocr_carea' id='block_1_78' title="bbox 1976 3399 3569 3459">
    <p class='ocr_par' dir='ltr' id='par_1_78' title="bbox 1976 3399 3569 3459">
     <span class='ocr_line' id='line_1_78' title="bbox 1976 3399 3569 3459; baseline -0.002 -2"><span class='ocrx_word' id='word_1_611' title='bbox 1976 3416 2081 3459; x_wconf 92' lang='lat' dir='ltr'><strong>tem</strong></span> <span class='ocrx_word' id='word_1_612' title='bbox 2126 3402 2308 3457; x_wconf 87' lang='lat' dir='ltr'><strong>Patris</strong></span> <span class='ocrx_word' id='word_1_613' title='bbox 2346 3402 2397 3455; x_wconf 92' lang='lat' dir='ltr'><strong>in</strong></span> <span class='ocrx_word' id='word_1_614' title='bbox 2447 3416 2541 3456; x_wconf 91' lang='lat' dir='ltr'><strong>sua</strong></span> <span class='ocrx_word' id='word_1_615' title='bbox 2591 3399 2798 3454; x_wconf 90' lang='lat' dir='ltr'><strong>faciens</strong></span> <span class='ocrx_word' id='word_1_616' title='bbox 2846 3400 3171 3455; x_wconf 86' lang='lat' dir='ltr'><strong>voluntate:</strong></span> <span class='ocrx_word' id='word_1_617' title='bbox 3206 3400 3345 3454; x_wconf 90' lang='lat' dir='ltr'><strong>mitti</strong></span> <span class='ocrx_word' id='word_1_618' title='bbox 3386 3410 3569 3455; x_wconf 91' lang='lat' dir='ltr'><strong>autem</strong></span> 
     </span>
    </p>
   </div>
   <div class='ocr_carea' id='block_1_79' title="bbox 1972 3492 3574 3565">
    <p class='ocr_par' dir='ltr' id='par_1_79' title="bbox 1972 3492 3574 3565">
     <span class='ocr_line' id='line_1_79' title="bbox 1972 3492 3574 3565; baseline -0.002 -14"><span class='ocrx_word' id='word_1_619' title='bbox 1972 3498 2194 3559; x_wconf 89' lang='lat' dir='ltr'><strong>dicitur,</strong></span> <span class='ocrx_word' id='word_1_620' title='bbox 2229 3495 2323 3551; x_wconf 87' lang='lat' dir='ltr'><strong>sed</strong></span> <span class='ocrx_word' id='word_1_621' title='bbox 2355 3504 2415 3549; x_wconf 93' lang='lat' dir='ltr'><strong>ut</strong></span> <span class='ocrx_word' id='word_1_622' title='bbox 2445 3495 2584 3549; x_wconf 77' lang='lat' dir='ltr'><strong>alter</strong></span> <span class='ocrx_word' id='word_1_623' title='bbox 2605 3493 2958 3565; x_wconf 82' lang='lat' dir='ltr'><strong>intelligatur.</strong></span> <span class='ocrx_word' id='word_1_624' title='bbox 2991 3492 3261 3563; x_wconf 89' lang='lat' dir='ltr'><strong>Novitque</strong></span> <span class='ocrx_word' id='word_1_625' title='bbox 3291 3494 3453 3548; x_wconf 88' lang='lat' dir='ltr'><strong>etiam</strong></span> <span class='ocrx_word' id='word_1_626' title='bbox 3486 3507 3574 3549; x_wconf 88' lang='lat' dir='ltr'><strong>se-</strong></span> 
     </span>
    </p>
   </div>
   <div class='ocr_carea' id='block_1_80' title="bbox 1972 3587 3570 3656">
    <p class='ocr_par' dir='ltr' id='par_1_80' title="bbox 1972 3587 3570 3656">
     <span class='ocr_line' id='line_1_80' title="bbox 1972 3587 3570 3656; baseline -0.003 -9"><span class='ocrx_word' id='word_1_627' title='bbox 1972 3592 2210 3647; x_wconf 89' lang='lat' dir='ltr'><strong>cundum</strong></span> <span class='ocrx_word' id='word_1_628' title='bbox 2245 3590 2521 3645; x_wconf 89' lang='lat' dir='ltr'><strong>hominem</strong></span> <span class='ocrx_word' id='word_1_629' title='bbox 2553 3591 2775 3656; x_wconf 88' lang='lat' dir='ltr'><strong>omnia;</strong></span> <span class='ocrx_word' id='word_1_630' title='bbox 2811 3605 2930 3656; x_wconf 68' lang='lat' dir='ltr'><strong>qua:</strong></span> <span class='ocrx_word' id='word_1_631' title='bbox 2955 3587 3131 3642; x_wconf 86' lang='lat' dir='ltr'><strong>futura</strong></span> <span class='ocrx_word' id='word_1_632' title='bbox 3164 3589 3243 3643; x_wconf 88' lang='lat' dir='ltr'><strong>sic</strong></span> <span class='ocrx_word' id='word_1_633' title='bbox 3277 3596 3570 3654; x_wconf 62' lang='lat' dir='ltr'><strong>praenatat,</strong></span> 
     </span>
    </p>
   </div>
   <div class='ocr_carea' id='block_1_81' title="bbox 1974 3681 3563 3755">
    <p class='ocr_par' dir='ltr' id='par_1_81' title="bbox 1974 3681 3563 3755">
     <span class='ocr_line' id='line_1_81' title="bbox 1974 3681 3563 3755; baseline -0.003 -15"><span class='ocrx_word' id='word_1_634' title='bbox 1974 3694 2032 3740; x_wconf 93' lang='lat' dir='ltr'><strong>ut</strong></span> <span class='ocrx_word' id='word_1_635' title='bbox 2084 3686 2135 3740; x_wconf 93' lang='lat' dir='ltr'><strong>in</strong></span> <span class='ocrx_word' id='word_1_636' title='bbox 2166 3693 2358 3755; x_wconf 90' lang='lat' dir='ltr'><strong>aperto</strong></span> <span class='ocrx_word' id='word_1_637' title='bbox 2385 3683 2455 3737; x_wconf 91' lang='lat' dir='ltr'><strong>sit</strong></span> <span class='ocrx_word' id='word_1_638' title='bbox 2486 3682 2972 3738; x_wconf 66' lang='lat' dir='ltr'><strong>consummationis</strong></span> <span class='ocrx_word' id='word_1_639' title='bbox 2997 3682 3140 3737; x_wconf 90' lang='lat' dir='ltr'><strong>diem</strong></span> <span class='ocrx_word' id='word_1_640' title='bbox 3175 3682 3332 3736; x_wconf 90' lang='lat' dir='ltr'><strong>nobis</strong></span> <span class='ocrx_word' id='word_1_641' title='bbox 3380 3681 3563 3749; x_wconf 89' lang='lat' dir='ltr'><strong>potius</strong></span> 
     </span>
    </p>
   </div>
   <div class='ocr_carea' id='block_1_82' title="bbox 1973 3774 3572 3851">
    <p class='ocr_par' dir='ltr' id='par_1_82' title="bbox 1973 3774 3572 3851">
     <span class='ocr_line' id='line_1_82' title="bbox 1973 3774 3572 3851; baseline -0.003 -16"><span class='ocrx_word' id='word_1_642' title='bbox 1973 3796 2274 3851; x_wconf 82' lang='lat' dir='ltr'><strong>congruum</strong></span> <span class='ocrx_word' id='word_1_643' title='bbox 2309 3779 2479 3833; x_wconf 75' lang='lat' dir='ltr'><strong>fuisse</strong></span> <span class='ocrx_word' id='word_1_644' title='bbox 2512 3778 2743 3840; x_wconf 81' lang='lat' dir='ltr'><strong>nescire,</strong></span> <span class='ocrx_word' id='word_1_645' title='bbox 2778 3792 2939 3847; x_wconf 90' lang='lat' dir='ltr'><strong>quam</strong></span> <span class='ocrx_word' id='word_1_646' title='bbox 2973 3776 3122 3830; x_wconf 90' lang='lat' dir='ltr'><strong>illum</strong></span> <span class='ocrx_word' id='word_1_647' title='bbox 3154 3775 3373 3846; x_wconf 88' lang='lat' dir='ltr'><strong>penitus</strong></span> <span class='ocrx_word' id='word_1_648' title='bbox 3414 3774 3572 3846; x_wconf 79' lang='lat' dir='ltr'><strong>igno-</strong></span> 
     </span>
    </p>
   </div>
   <div class='ocr_carea' id='block_1_83' title="bbox 1974 3872 3571 3946">
    <p class='ocr_par' dir='ltr' id='par_1_83' title="bbox 1974 3872 3571 3946">
     <span class='ocr_line' id='line_1_83' title="bbox 1974 3872 3571 3946; baseline -0.003 -16"><span class='ocrx_word' id='word_1_649' title='bbox 1974 3892 2144 3931; x_wconf 83' lang='lat' dir='ltr'><strong>rasse.</strong></span> <span class='ocrx_word' id='word_1_650' title='bbox 2200 3875 2445 3946; x_wconf 91' lang='lat' dir='ltr'><strong>Denique</strong></span> <span class='ocrx_word' id='word_1_651' title='bbox 2477 3874 2603 3929; x_wconf 90' lang='lat' dir='ltr'><strong>hinc</strong></span> <span class='ocrx_word' id='word_1_652' title='bbox 2634 3883 2688 3928; x_wconf 92' lang='lat' dir='ltr'><strong>ct</strong></span> <span class='ocrx_word' id='word_1_653' title='bbox 2716 3875 2843 3927; x_wconf 65' lang='lat' dir='ltr'><strong>vita:</strong></span> <span class='ocrx_word' id='word_1_654' title='bbox 2877 3872 3108 3942; x_wconf 54' lang='lat' dir='ltr'><strong>proprias</strong></span> <span class='ocrx_word' id='word_1_655' title='bbox 3140 3872 3247 3927; x_wconf 90' lang='lat' dir='ltr'><strong>line</strong></span> <span class='ocrx_word' id='word_1_656' title='bbox 3286 3873 3531 3928; x_wconf 86' lang='lat' dir='ltr'><strong>celamur</strong></span> <span class='ocrx_word' id='word_1_657' title='bbox 3553 3913 3571 3939; x_wconf 90' lang='lat'><strong>,</strong></span> 
     </span>
    </p>
   </div>
   <div class='ocr_carea' id='block_1_84' title="bbox 1975 3963 3576 4036">
    <p class='ocr_par' dir='ltr' id='par_1_84' title="bbox 1975 3963 3576 4036">
     <span class='ocr_line' id='line_1_84' title="bbox 1975 3963 3576 4036; baseline -0.002 -13"><span class='ocrx_word' id='word_1_658' title='bbox 1975 3981 2033 4023; x_wconf 92' lang='lat' dir='ltr'><strong>ut</strong></span> <span class='ocrx_word' id='word_1_659' title='bbox 2061 3968 2386 4023; x_wconf 86' lang='lat' dir='ltr'><strong>attentiores</strong></span> <span class='ocrx_word' id='word_1_660' title='bbox 2415 3967 2480 4022; x_wconf 88' lang='lat' dir='ltr'><strong>ad</strong></span> <span class='ocrx_word' id='word_1_661' title='bbox 2525 3967 2794 4036; x_wconf 91' lang='lat' dir='ltr'><strong>justitiam</strong></span> <span class='ocrx_word' id='word_1_662' title='bbox 2826 3966 3015 4019; x_wconf 88' lang='lat' dir='ltr'><strong>incerti</strong></span> <span class='ocrx_word' id='word_1_663' title='bbox 3047 3965 3231 4018; x_wconf 81' lang='lat' dir='ltr'><strong>exitus</strong></span> <span class='ocrx_word' id='word_1_664' title='bbox 3261 3963 3576 4019; x_wconf 77' lang='lat' dir='ltr'><strong>Sollicitudo</strong></span> 
     </span>
    </p>
   </div>
   <div class='ocr_carea' id='block_1_85' title="bbox 1974 4056 3574 4131">
    <p class='ocr_par' dir='ltr' id='par_1_85' title="bbox 1974 4056 3574 4131">
     <span class='ocr_line' id='line_1_85' title="bbox 1974 4056 3574 4131; baseline -0.003 -19"><span class='ocrx_word' id='word_1_665' title='bbox 1974 4062 2243 4131; x_wconf 72' lang='lat' dir='ltr'><strong>perficiat,</strong></span> <span class='ocrx_word' id='word_1_666' title='bbox 2288 4070 2344 4116; x_wconf 90' lang='lat' dir='ltr'><strong>et</strong></span> <span class='ocrx_word' id='word_1_667' title='bbox 2374 4060 2475 4114; x_wconf 90' lang='lat' dir='ltr'><strong>sub</strong></span> <span class='ocrx_word' id='word_1_668' title='bbox 2523 4058 2671 4112; x_wconf 93' lang='lat' dir='ltr'><strong>omni</strong></span> <span class='ocrx_word' id='word_1_669' title='bbox 2705 4067 3055 4128; x_wconf 87' lang='lat' dir='ltr'><strong>peccatorum</strong></span> <span class='ocrx_word' id='word_1_670' title='bbox 3088 4056 3375 4109; x_wconf 88' lang='lat' dir='ltr'><strong>occasione</strong></span> <span class='ocrx_word' id='word_1_671' title='bbox 3419 4070 3574 4112; x_wconf 89' lang='lat' dir='ltr'><strong>com-</strong></span> 
     </span>
    </p>
   </div>
   <div class='ocr_carea' id='block_1_86' title="bbox 1974 4148 3577 4227">
    <p class='ocr_par' dir='ltr' id='par_1_86' title="bbox 1974 4148 3577 4227">
     <span class='ocr_line' id='line_1_86' title="bbox 1974 4148 3577 4227; baseline -0.002 -22"><span class='ocrx_word' id='word_1_672' title='bbox 1974 4153 2139 4227; x_wconf 84' lang='lat' dir='ltr'><strong>positi</strong></span> <span class='ocrx_word' id='word_1_673' title='bbox 2172 4162 2400 4209; x_wconf 90' lang='lat' dir='ltr'><strong>mortem</strong></span> <span class='ocrx_word' id='word_1_674' title='bbox 2456 4150 2667 4206; x_wconf 88' lang='lat' dir='ltr'><strong>facilius</strong></span> <span class='ocrx_word' id='word_1_675' title='bbox 2721 4150 3013 4217; x_wconf 86' lang='lat' dir='ltr'><strong>evitemus,</strong></span> <span class='ocrx_word' id='word_1_676' title='bbox 3044 4148 3091 4202; x_wconf 90' lang='lat' dir='ltr'><strong>si</strong></span> <span class='ocrx_word' id='word_1_677' title='bbox 3122 4148 3312 4202; x_wconf 91' lang='lat' dir='ltr'><strong>mortis</strong></span> <span class='ocrx_word' id='word_1_678' title='bbox 3367 4148 3577 4202; x_wconf 88' lang='lat' dir='ltr'><strong>adven-</strong></span> 
     </span>
    </p>
   </div>
   <div class='ocr_carea' id='block_1_87' title="bbox 1976 4241 3577 4317">
    <p class='ocr_par' dir='ltr' id='par_1_87' title="bbox 1976 4241 3577 4317">
     <span class='ocr_line' id='line_1_87' title="bbox 1976 4241 3577 4317; baseline -0.004 -14"><span class='ocrx_word' id='word_1_679' title='bbox 1976 4257 2089 4303; x_wconf 90' lang='lat' dir='ltr'><strong>tum</strong></span> <span class='ocrx_word' id='word_1_680' title='bbox 2119 4246 2364 4317; x_wconf 86' lang='lat' dir='ltr'><strong>quotidie</strong></span> <span class='ocrx_word' id='word_1_681' title='bbox 2395 4244 2714 4308; x_wconf 87' lang='lat' dir='ltr'><strong>timeamus;</strong></span> <span class='ocrx_word' id='word_1_682' title='bbox 2748 4242 2852 4297; x_wconf 86' lang='lat' dir='ltr'><strong>hoc</strong></span> <span class='ocrx_word' id='word_1_683' title='bbox 2882 4243 3025 4296; x_wconf 88' lang='lat' dir='ltr'><strong>cnim</strong></span> <span class='ocrx_word' id='word_1_684' title='bbox 3074 4241 3403 4311; x_wconf 71' lang='lat' dir='ltr'><strong>generaliter</strong></span> <span class='ocrx_word' id='word_1_685' title='bbox 3448 4256 3577 4311; x_wconf 88' lang='lat' dir='ltr'><strong>pro—</strong></span> 
     </span>
    </p>
   </div>
   <div class='ocr_carea' id='block_1_88' title="bbox 1976 4333 3576 4410">
    <p class='ocr_par' dir='ltr' id='par_1_88' title="bbox 1976 4333 3576 4410">
     <span class='ocr_line' id='line_1_88' title="bbox 1976 4333 3576 4410; baseline -0.006 -13"><span class='ocrx_word' id='word_1_686' title='bbox 1976 4344 2169 4398; x_wconf 88' lang='lat' dir='ltr'><strong>videns</strong></span> <span class='ocrx_word' id='word_1_687' title='bbox 2193 4340 2470 4407; x_wconf 88' lang='lat' dir='ltr'><strong>Scriptura</strong></span> <span class='ocrx_word' id='word_1_688' title='bbox 2496 4336 2820 4410; x_wconf 75' lang='lat' dir='ltr'><strong>praemonuit</strong></span> <span class='ocrx_word' id='word_1_689' title='bbox 2852 4335 3041 4391; x_wconf 89' lang='lat' dir='ltr'><strong>dicens</strong></span> <span class='ocrx_word' id='word_1_690' title='bbox 3064 4353 3075 4387; x_wconf 90' lang='lat'><strong>:</strong></span> <span class='ocrx_word' id='word_1_691' title='bbox 3107 4333 3299 4402; x_wconf 84' lang='lat' dir='ltr'><strong>Stulte,</strong></span> <span class='ocrx_word' id='word_1_692' title='bbox 3325 4333 3424 4387; x_wconf 88' lang='lat' dir='ltr'><strong>hac</strong></span> <span class='ocrx_word' id='word_1_693' title='bbox 3452 4351 3576 4389; x_wconf 83' lang='lat' dir='ltr'><strong>noc-</strong></span> 
     </span>
    </p>
   </div>
   <div class='ocr_carea' id='block_1_89' title="bbox 1978 4428 3575 4511">
    <p class='ocr_par' dir='ltr' id='par_1_89' title="bbox 1978 4428 3575 4511">
     <span class='ocr_line' id='line_1_89' title="bbox 1978 4428 3575 4511; baseline -0.007 -17"><span class='ocrx_word' id='word_1_694' title='bbox 1978 4449 2024 4493; x_wconf 88' lang='lat' dir='ltr'><strong>te</strong></span> <span class='ocrx_word' id='word_1_695' title='bbox 2051 4436 2463 4511; x_wconf 69' lang='lat' dir='ltr'><strong>expostulabitur</strong></span> <span class='ocrx_word' id='word_1_696' title='bbox 2510 4434 2686 4487; x_wconf 86' lang='lat' dir='ltr'><strong>anima</strong></span> <span class='ocrx_word' id='word_1_697' title='bbox 2708 4444 2798 4485; x_wconf 86' lang='lat' dir='ltr'><strong>tua</strong></span> <span class='ocrx_word' id='word_1_698' title='bbox 2822 4448 2841 4486; x_wconf 81' lang='lat'><strong>.&#39;</strong></span> <span class='ocrx_word' id='word_1_699' title='bbox 2863 4447 2921 4484; x_wconf 81' lang='lat' dir='ltr'><strong>ea</strong></span> <span class='ocrx_word' id='word_1_700' title='bbox 2948 4446 3064 4501; x_wconf 68' lang='lat' dir='ltr'><strong>quae</strong></span> <span class='ocrx_word' id='word_1_701' title='bbox 3096 4428 3425 4501; x_wconf 76' lang='lat' dir='ltr'><strong>prwparasti,</strong></span> <span class='ocrx_word' id='word_1_702' title='bbox 3478 4445 3575 4483; x_wconf 85' lang='lat' dir='ltr'><strong>cu-</strong></span> 
     </span>
    </p>
   </div>
   <div class='ocr_carea' id='block_1_90' title="bbox 1969 4521 3571 4608">
    <p class='ocr_par' dir='ltr' id='par_1_90' title="bbox 1969 4521 3571 4608">
     <span class='ocr_line' id='line_1_90' title="bbox 1969 4521 3571 4608; baseline -0.009 -19"><span class='ocrx_word' id='word_1_703' title='bbox 1969 4538 2061 4608; x_wconf 86' lang='lat' dir='ltr'><strong>jus</strong></span> <span class='ocrx_word' id='word_1_704' title='bbox 2088 4541 2238 4586; x_wconf 84' lang='lat' dir='ltr'><strong>erunt</strong></span> <span class='ocrx_word' id='word_1_705' title='bbox 2272 4529 2427 4601; x_wconf 87' lang='lat' dir='ltr'><strong>(Luc.</strong></span> <span class='ocrx_word' id='word_1_706' title='bbox 2458 4544 2533 4583; x_wconf 89' lang='lat' dir='ltr'><strong>xtt</strong></span> <span class='ocrx_word' id='word_1_707' title='bbox 2555 4570 2570 4595; x_wconf 95' lang='lat'><strong>,</strong></span> <span class='ocrx_word' id='word_1_708' title='bbox 2600 4525 2731 4598; x_wconf 82' lang='lat' dir='ltr'><strong>l0)?</strong></span> <span class='ocrx_word' id='word_1_709' title='bbox 2762 4524 3027 4580; x_wconf 89' lang='lat' dir='ltr'><strong>Similiter</strong></span> <span class='ocrx_word' id='word_1_710' title='bbox 3056 4521 3304 4592; x_wconf 84' lang='lat' dir='ltr'><strong>Apostoli</strong></span> <span class='ocrx_word' id='word_1_711' title='bbox 3337 4536 3571 4590; x_wconf 85' lang='lat' dir='ltr'><strong>pra-mo-</strong></span> 
     </span>
    </p>
   </div>
   <div class='ocr_carea' id='block_1_91' title="bbox 280 4598 3577 4700">
    <p class='ocr_par' dir='ltr' id='par_1_91' title="bbox 280 4598 3577 4700">
     <span class='ocr_line' id='line_1_91' title="bbox 280 4598 3577 4700; baseline -0.003 -19"><span class='ocrx_word' id='word_1_712' title='bbox 280 4626 405 4682; x_wconf 76' lang='lat' dir='ltr'><strong>lida:</strong></span> <span class='ocrx_word' id='word_1_713' title='bbox 433 4627 705 4697; x_wconf 72' lang='lat' dir='ltr'><strong>maiestati</strong></span> <span class='ocrx_word' id='word_1_714' title='bbox 728 4625 1108 4698; x_wconf 70' lang='lat' dir='ltr'><strong>prmjudicium</strong></span> <span class='ocrx_word' id='word_1_715' title='bbox 1128 4641 1469 4697; x_wconf 89' lang='lat' dir='ltr'><strong>comparare.</strong></span> <span class='ocrx_word' id='word_1_716' title='bbox 1503 4626 1696 4683; x_wconf 84' lang='lat' dir='ltr'><strong>Nonne</strong></span> <span class='ocrx_word' id='word_1_717' title='bbox 1721 4644 1872 4698; x_wconf 91' lang='lat' dir='ltr'><strong>aper-</strong></span> <span class='ocrx_word' id='word_1_718' title='bbox 1900 4598 1954 4659; x_wconf 84' lang='lat' dir='ltr'><strong>D</strong></span> <span class='ocrx_word' id='word_1_719' title='bbox 1982 4643 2198 4700; x_wconf 88' lang='lat' dir='ltr'><strong>nentur,</strong></span> <span class='ocrx_word' id='word_1_720' title='bbox 2229 4631 2510 4686; x_wconf 89' lang='lat' dir='ltr'><strong>Salvatore</strong></span> <span class='ocrx_word' id='word_1_721' title='bbox 2553 4626 2768 4682; x_wconf 88' lang='lat' dir='ltr'><strong>dicente</strong></span> <span class='ocrx_word' id='word_1_722' title='bbox 2799 4640 2818 4678; x_wconf 92' lang='lat'><strong><em>:</em></strong></span> <span class='ocrx_word' id='word_1_723' title='bbox 2852 4621 3012 4677; x_wconf 86' lang='lat' dir='ltr'><strong>Orate</strong></span> <span class='ocrx_word' id='word_1_724' title='bbox 3056 4622 3167 4674; x_wconf 85' lang='lat' dir='ltr'><strong>sine</strong></span> <span class='ocrx_word' id='word_1_725' title='bbox 3190 4620 3577 4675; x_wconf 77' lang='lat' dir='ltr'><strong>intermissione</strong></span> 
     </span>
    </p>
   </div>
   <div class='ocr_carea' id='block_1_92' title="bbox 280 4721 1874 4787">
    <p class='ocr_par' dir='ltr' id='par_1_92' title="bbox 280 4721 1874 4787">
     <span class='ocr_line' id='line_1_92' title="bbox 280 4721 1874 4787; baseline 0.002 -11"><span class='ocrx_word' id='word_1_726' title='bbox 280 4730 346 4777; x_wconf 69' lang='lat' dir='ltr'><strong>tat</strong></span> <span class='ocrx_word' id='word_1_727' title='bbox 374 4722 603 4777; x_wconf 75' lang='lat' dir='ltr'><strong>insaniae</strong></span> <span class='ocrx_word' id='word_1_728' title='bbox 643 4731 748 4787; x_wconf 76' lang='lat' dir='ltr'><strong>est,</strong></span> <span class='ocrx_word' id='word_1_729' title='bbox 791 4722 901 4777; x_wconf 91' lang='lat' dir='ltr'><strong>Deo</strong></span> <span class='ocrx_word' id='word_1_730' title='bbox 927 4721 1015 4776; x_wconf 92' lang='lat' dir='ltr'><strong>cui</strong></span> <span class='ocrx_word' id='word_1_731' title='bbox 1039 4721 1223 4776; x_wconf 89' lang='lat' dir='ltr'><strong>omnia</strong></span> <span class='ocrx_word' id='word_1_732' title='bbox 1261 4721 1481 4787; x_wconf 88' lang='lat' dir='ltr'><strong>debeas,</strong></span> <span class='ocrx_word' id='word_1_733' title='bbox 1513 4739 1711 4778; x_wconf 90' lang='lat' dir='ltr'><strong>nomen</strong></span> <span class='ocrx_word' id='word_1_734' title='bbox 1745 4724 1874 4779; x_wconf 91' lang='lat' dir='ltr'><strong>sub-</strong></span> 
     </span>
    </p>
   </div>
   <div class='ocr_carea' id='block_1_93' title="bbox 278 4816 1874 4887">
    <p class='ocr_par' dir='ltr' id='par_1_93' title="bbox 278 4816 1874 4887">
     <span class='ocr_line' id='line_1_93' title="bbox 278 4816 1874 4887; baseline 0.001 -15"><span class='ocrx_word' id='word_1_735' title='bbox 278 4817 494 4872; x_wconf 64' lang='lat' dir='ltr'><strong>stantia»</strong></span> <span class='ocrx_word' id='word_1_736' title='bbox 525 4816 814 4872; x_wconf 89' lang='lat' dir='ltr'><strong>deterioris</strong></span> <span class='ocrx_word' id='word_1_737' title='bbox 841 4816 1137 4884; x_wconf 73' lang='lat' dir='ltr'><strong>ascribere,</strong></span> <span class='ocrx_word' id='word_1_738' title='bbox 1190 4831 1253 4872; x_wconf 89' lang='lat' dir='ltr'><strong>ac</strong></span> <span class='ocrx_word' id='word_1_739' title='bbox 1291 4816 1359 4872; x_wconf 86' lang='lat' dir='ltr'><strong>de</strong></span> <span class='ocrx_word' id='word_1_740' title='bbox 1410 4816 1681 4872; x_wconf 90' lang='lat' dir='ltr'><strong>immenso</strong></span> <span class='ocrx_word' id='word_1_741' title='bbox 1718 4818 1874 4887; x_wconf 86' lang='lat' dir='ltr'><strong>quasi</strong></span> 
     </span>
    </p>
   </div>
   <div class='ocr_carea' id='block_1_94' title="bbox 280 4910 1876 4982">
    <p class='ocr_par' dir='ltr' id='par_1_94' title="bbox 280 4910 1876 4982">
     <span class='ocr_line' id='line_1_94' title="bbox 280 4910 1876 4982; baseline 0.001 -17"><span class='ocrx_word' id='word_1_742' title='bbox 280 4911 461 4982; x_wconf 89' lang='lat' dir='ltr'><strong>possis</strong></span> <span class='ocrx_word' id='word_1_743' title='bbox 509 4911 701 4981; x_wconf 79' lang='lat' dir='ltr'><strong>exigua</strong></span> <span class='ocrx_word' id='word_1_744' title='bbox 742 4910 1014 4965; x_wconf 87' lang='lat' dir='ltr'><strong>definire?</strong></span> <span class='ocrx_word' id='word_1_745' title='bbox 1062 4911 1198 4978; x_wconf 89' lang='lat' dir='ltr'><strong>Quid</strong></span> <span class='ocrx_word' id='word_1_746' title='bbox 1232 4912 1284 4966; x_wconf 88' lang='lat' dir='ltr'><strong>in</strong></span> <span class='ocrx_word' id='word_1_747' title='bbox 1317 4921 1390 4974; x_wconf 90' lang='lat' dir='ltr'><strong>te,</strong></span> <span class='ocrx_word' id='word_1_748' title='bbox 1431 4925 1464 4964; x_wconf 95' lang='lat' dir='ltr'><strong>o</strong></span> <span class='ocrx_word' id='word_1_749' title='bbox 1494 4926 1727 4979; x_wconf 88' lang='lat' dir='ltr'><strong>nequam</strong></span> <span class='ocrx_word' id='word_1_750' title='bbox 1773 4912 1876 4967; x_wconf 89' lang='lat' dir='ltr'><strong>ho-</strong></span> 
     </span>
    </p>
   </div>
   <div class='ocr_carea' id='block_1_95' title="bbox 280 5004 1875 5077">
    <p class='ocr_par' dir='ltr' id='par_1_95' title="bbox 280 5004 1875 5077">
     <span class='ocr_line' id='line_1_95' title="bbox 280 5004 1875 5077; baseline 0.001 -16"><span class='ocrx_word' id='word_1_751' title='bbox 280 5021 391 5073; x_wconf 89' lang='lat' dir='ltr'><strong>mo,</strong></span> <span class='ocrx_word' id='word_1_752' title='bbox 458 5014 662 5059; x_wconf 88' lang='lat' dir='ltr'><strong>tantum</strong></span> <span class='ocrx_word' id='word_1_753' title='bbox 713 5004 803 5059; x_wconf 90' lang='lat' dir='ltr'><strong>ille</strong></span> <span class='ocrx_word' id='word_1_754' title='bbox 848 5006 1184 5074; x_wconf 88' lang='lat' dir='ltr'><strong>promeruit:</strong></span> <span class='ocrx_word' id='word_1_755' title='bbox 1244 5006 1412 5061; x_wconf 91' lang='lat' dir='ltr'><strong>immo</strong></span> <span class='ocrx_word' id='word_1_756' title='bbox 1438 5004 1566 5076; x_wconf 78' lang='lat' dir='ltr'><strong>quid</strong></span> <span class='ocrx_word' id='word_1_757' title='bbox 1596 5021 1702 5059; x_wconf 91' lang='lat' dir='ltr'><strong>non</strong></span> <span class='ocrx_word' id='word_1_758' title='bbox 1762 5023 1875 5077; x_wconf 82' lang='lat' dir='ltr'><strong>prae</strong></span> 
     </span>
    </p>
   </div>
   <div class='ocr_carea' id='block_1_96' title="bbox 278 5098 1877 5168">
    <p class='ocr_par' dir='ltr' id='par_1_96' title="bbox 278 5098 1877 5168">
     <span class='ocr_line' id='line_1_96' title="bbox 278 5098 1877 5168; baseline -0.001 -10"><span class='ocrx_word' id='word_1_759' title='bbox 278 5102 517 5168; x_wconf 60' lang='lat' dir='ltr'><strong>caeteris,</strong></span> <span class='ocrx_word' id='word_1_760' title='bbox 545 5115 666 5155; x_wconf 94' lang='lat' dir='ltr'><strong>cum</strong></span> <span class='ocrx_word' id='word_1_761' title='bbox 708 5107 758 5153; x_wconf 91' lang='lat' dir='ltr'><strong>te</strong></span> <span class='ocrx_word' id='word_1_762' title='bbox 789 5106 913 5161; x_wconf 84' lang='lat' dir='ltr'><strong>post</strong></span> <span class='ocrx_word' id='word_1_763' title='bbox 964 5099 1143 5154; x_wconf 88' lang='lat' dir='ltr'><strong>omnia</strong></span> <span class='ocrx_word' id='word_1_764' title='bbox 1188 5099 1452 5155; x_wconf 85' lang='lat' dir='ltr'><strong>formaret</strong></span> <span class='ocrx_word' id='word_1_765' title='bbox 1504 5098 1762 5166; x_wconf 76' lang='lat' dir='ltr'><strong>indulsit,</strong></span> <span class='ocrx_word' id='word_1_766' title='bbox 1816 5110 1877 5157; x_wconf 89' lang='lat' dir='ltr'><strong>ut</strong></span> 
     </span>
    </p>
   </div>
   <div class='ocr_carea' id='block_1_97' title="bbox 282 5192 1877 5264">
    <p class='ocr_par' dir='ltr' id='par_1_97' title="bbox 282 5192 1877 5264">
     <span class='ocr_line' id='line_1_97' title="bbox 282 5192 1877 5264; baseline -0.001 -14"><span class='ocrx_word' id='word_1_767' title='bbox 282 5197 438 5250; x_wconf 89' lang='lat' dir='ltr'><strong>bonis</strong></span> <span class='ocrx_word' id='word_1_768' title='bbox 466 5194 603 5248; x_wconf 88' lang='lat' dir='ltr'><strong>tnala</strong></span> <span class='ocrx_word' id='word_1_769' title='bbox 638 5196 866 5257; x_wconf 75' lang='lat' dir='ltr'><strong>referas,</strong></span> <span class='ocrx_word' id='word_1_770' title='bbox 892 5199 950 5245; x_wconf 92' lang='lat' dir='ltr'><strong>ut</strong></span> <span class='ocrx_word' id='word_1_771' title='bbox 1004 5192 1209 5247; x_wconf 87' lang='lat' dir='ltr'><strong>zizania</strong></span> <span class='ocrx_word' id='word_1_772' title='bbox 1263 5207 1385 5248; x_wconf 90' lang='lat' dir='ltr'><strong>esse</strong></span> <span class='ocrx_word' id='word_1_773' title='bbox 1417 5208 1578 5264; x_wconf 90' lang='lat' dir='ltr'><strong>quam</strong></span> <span class='ocrx_word' id='word_1_774' title='bbox 1634 5194 1877 5249; x_wconf 88' lang='lat' dir='ltr'><strong>triticum</strong></span> 
     </span>
    </p>
   </div>
   <div class='ocr_carea' id='block_1_98' title="bbox 283 5283 1879 5355">
    <p class='ocr_par' dir='ltr' id='par_1_98' title="bbox 283 5283 1879 5355">
     <span class='ocr_line' id='line_1_98' title="bbox 283 5283 1879 5355; baseline -0.002 -11"><span class='ocrx_word' id='word_1_775' title='bbox 283 5288 447 5344; x_wconf 89' lang='lat' dir='ltr'><strong>malis</strong></span> <span class='ocrx_word' id='word_1_776' title='bbox 475 5286 499 5340; x_wconf 75' lang='lat' dir='ltr'><strong>i</strong></span> <span class='ocrx_word' id='word_1_777' title='bbox 524 5284 747 5340; x_wconf 89' lang='lat' dir='ltr'><strong>Cunctis</strong></span> <span class='ocrx_word' id='word_1_778' title='bbox 779 5283 1051 5354; x_wconf 89' lang='lat' dir='ltr'><strong>posterior</strong></span> <span class='ocrx_word' id='word_1_779' title='bbox 1073 5283 1245 5339; x_wconf 84' lang='lat' dir='ltr'><strong>lactus</strong></span> <span class='ocrx_word' id='word_1_780' title='bbox 1286 5286 1556 5341; x_wconf 89' lang='lat' dir='ltr'><strong>creaturis</strong></span> <span class='ocrx_word' id='word_1_781' title='bbox 1600 5302 1699 5355; x_wconf 90' lang='lat' dir='ltr'><strong>per</strong></span> <span class='ocrx_word' id='word_1_782' title='bbox 1752 5302 1879 5342; x_wconf 89' lang='lat' dir='ltr'><strong>eum</strong></span> 
     </span>
    </p>
   </div>
   <div class='ocr_carea' id='block_1_99' title="bbox 285 5378 1884 5454">
    <p class='ocr_par' dir='ltr' id='par_1_99' title="bbox 285 5378 1884 5454">
     <span class='ocr_line' id='line_1_99' title="bbox 285 5378 1884 5454; baseline 0.002 -17"><span class='ocrx_word' id='word_1_783' title='bbox 285 5382 466 5454; x_wconf 83' lang='lat' dir='ltr'><strong>petior</strong></span> <span class='ocrx_word' id='word_1_784' title='bbox 510 5379 683 5434; x_wconf 89' lang='lat' dir='ltr'><strong>factus</strong></span> <span class='ocrx_word' id='word_1_785' title='bbox 725 5393 805 5443; x_wconf 89' lang='lat' dir='ltr'><strong>es,</strong></span> <span class='ocrx_word' id='word_1_786' title='bbox 836 5394 997 5449; x_wconf 90' lang='lat' dir='ltr'><strong>quem</strong></span> <span class='ocrx_word' id='word_1_787' title='bbox 1028 5394 1138 5434; x_wconf 86' lang='lat' dir='ltr'><strong>ase</strong></span> <span class='ocrx_word' id='word_1_788' title='bbox 1194 5378 1352 5436; x_wconf 89' lang='lat' dir='ltr'><strong>factis</strong></span> <span class='ocrx_word' id='word_1_789' title='bbox 1401 5380 1626 5448; x_wconf 81' lang='lat' dir='ltr'><strong>profane</strong></span> <span class='ocrx_word' id='word_1_790' title='bbox 1680 5385 1884 5453; x_wconf 89' lang='lat' dir='ltr'><strong>permi-</strong></span> 
     </span>
    </p>
   </div>
   <div class='ocr_carea' id='block_1_100' title="bbox 284 5472 1881 5546">
    <p class='ocr_par' dir='ltr' id='par_1_100' title="bbox 284 5472 1881 5546">
     <span class='ocr_line' id='line_1_100' title="bbox 284 5472 1881 5546; baseline 0.001 -14"><span class='ocrx_word' id='word_1_791' title='bbox 284 5491 443 5532; x_wconf 84' lang='lat' dir='ltr'><strong>scere</strong></span> <span class='ocrx_word' id='word_1_792' title='bbox 484 5474 693 5528; x_wconf 90' lang='lat' dir='ltr'><strong>studes.</strong></span> <span class='ocrx_word' id='word_1_793' title='bbox 723 5473 802 5528; x_wconf 85' lang='lat' dir='ltr'><strong>Tu</strong></span> <span class='ocrx_word' id='word_1_794' title='bbox 830 5472 899 5527; x_wconf 85' lang='lat' dir='ltr'><strong>de</strong></span> <span class='ocrx_word' id='word_1_795' title='bbox 946 5472 1215 5534; x_wconf 85' lang='lat' dir='ltr'><strong>calcabili,</strong></span> <span class='ocrx_word' id='word_1_796' title='bbox 1245 5484 1304 5527; x_wconf 88' lang='lat' dir='ltr'><strong>ut</strong></span> <span class='ocrx_word' id='word_1_797' title='bbox 1348 5474 1467 5542; x_wconf 87' lang='lat' dir='ltr'><strong>ipse</strong></span> <span class='ocrx_word' id='word_1_798' title='bbox 1494 5490 1601 5530; x_wconf 90' lang='lat' dir='ltr'><strong>non</strong></span> <span class='ocrx_word' id='word_1_799' title='bbox 1658 5480 1842 5534; x_wconf 90' lang='lat' dir='ltr'><strong>renuis</strong></span> <span class='ocrx_word' id='word_1_800' title='bbox 1865 5520 1881 5546; x_wconf 96' lang='lat'><strong>,</strong></span> 
     </span>
    </p>
   </div>
   <div class='ocr_carea' id='block_1_101' title="bbox 284 5568 1887 5639">
    <p class='ocr_par' dir='ltr' id='par_1_101' title="bbox 284 5568 1887 5639">
     <span class='ocr_line' id='line_1_101' title="bbox 284 5568 1887 5639; baseline 0.002 -14"><span class='ocrx_word' id='word_1_801' title='bbox 284 5570 436 5637; x_wconf 91' lang='lat' dir='ltr'><strong>limo,</strong></span> <span class='ocrx_word' id='word_1_802' title='bbox 466 5582 656 5635; x_wconf 85' lang='lat' dir='ltr'><strong>sensu,</strong></span> <span class='ocrx_word' id='word_1_803' title='bbox 680 5568 862 5637; x_wconf 79' lang='lat' dir='ltr'><strong>Specie</strong></span> <span class='ocrx_word' id='word_1_804' title='bbox 893 5582 957 5622; x_wconf 90' lang='lat' dir='ltr'><strong>ac</strong></span> <span class='ocrx_word' id='word_1_805' title='bbox 1002 5574 1275 5637; x_wconf 89' lang='lat' dir='ltr'><strong>potestate</strong></span> <span class='ocrx_word' id='word_1_806' title='bbox 1316 5569 1496 5639; x_wconf 82' lang='lat' dir='ltr'><strong>imago</strong></span> <span class='ocrx_word' id='word_1_807' title='bbox 1524 5583 1588 5625; x_wconf 91' lang='lat' dir='ltr'><strong>ac</strong></span> <span class='ocrx_word' id='word_1_808' title='bbox 1626 5571 1887 5628; x_wconf 88' lang='lat' dir='ltr'><strong>similitu-</strong></span> 
     </span>
    </p>
   </div>
   <div class='ocr_carea' id='block_1_102' title="bbox 357 5724 1886 5800">
    <p class='ocr_par' dir='ltr' id='par_1_102' title="bbox 357 5724 1886 5800">
     <span class='ocr_line' id='line_1_102' title="bbox 357 5724 1886 5800; baseline 0.001 -17"><span class='ocrx_word' id='word_1_809' title='bbox 357 5737 383 5766; x_wconf 73' lang='grc'>⁸</span> <span class='ocrx_word' id='word_1_810' title='bbox 423 5727 638 5795; x_wconf 88' lang='lat' dir='ltr'><strong>Optima</strong></span> <span class='ocrx_word' id='word_1_811' title='bbox 677 5725 844 5800; x_wconf 85' lang='lat' dir='ltr'><strong>lectio</strong></span> <span class='ocrx_word' id='word_1_812' title='bbox 879 5724 1083 5800; x_wconf 80' lang='lat' dir='ltr'><strong>codicis</strong></span> <span class='ocrx_word' id='word_1_813' title='bbox 1108 5725 1264 5782; x_wconf 82' lang='lat' dir='ltr'><strong>Lem.</strong></span> <span class='ocrx_word' id='word_1_814' title='bbox 1291 5727 1446 5796; x_wconf 88' lang='lat' dir='ltr'><strong>Quod</strong></span> <span class='ocrx_word' id='word_1_815' title='bbox 1477 5736 1636 5785; x_wconf 87' lang='lat' dir='ltr'><strong>antea</strong></span> <span class='ocrx_word' id='word_1_816' title='bbox 1668 5729 1886 5800; x_wconf 78' lang='lat' dir='ltr'><strong>legeba-</strong></span> 
     </span>
    </p>
   </div>
   <div class='ocr_carea' id='block_1_103' title="bbox 295 5798 1812 5873">
    <p class='ocr_par' dir='ltr' id='par_1_103' title="bbox 295 5798 1812 5873">
     <span class='ocr_line' id='line_1_103' title="bbox 295 5798 1812 5873; baseline 0.001 -18"><span class='ocrx_word' id='word_1_817' title='bbox 295 5807 384 5873; x_wconf 82' lang='lat' dir='ltr'><strong>tur</strong></span> <span class='ocrx_word' id='word_1_818' title='bbox 414 5800 620 5873; x_wconf 55' lang='lat' dir='ltr'><strong>genitus</strong></span> <span class='ocrx_word' id='word_1_819' title='bbox 649 5798 737 5873; x_wconf 82' lang='lat' dir='ltr'><strong>sit,</strong></span> <span class='ocrx_word' id='word_1_820' title='bbox 763 5805 809 5850; x_wconf 89' lang='lat' dir='ltr'><strong>et</strong></span> <span class='ocrx_word' id='word_1_821' title='bbox 831 5798 1137 5865; x_wconf 84' lang='lat' dir='ltr'><strong>secundum,</strong></span> <span class='ocrx_word' id='word_1_822' title='bbox 1175 5800 1403 5873; x_wconf 65' lang='lat' dir='ltr'><strong>intelligi</strong></span> <span class='ocrx_word' id='word_1_823' title='bbox 1434 5817 1544 5857; x_wconf 91' lang='lat' dir='ltr'><strong>non</strong></span> <span class='ocrx_word' id='word_1_824' title='bbox 1576 5798 1812 5873; x_wconf 72' lang='lat' dir='ltr'><strong>poterat.</strong></span> 
     </span>
    </p>
   </div>
   <div class='ocr_carea' id='block_1_104' title="bbox 286 5869 1887 5945">
    <p class='ocr_par' dir='ltr' id='par_1_104' title="bbox 286 5869 1887 5945">
     <span class='ocr_line' id='line_1_104' title="bbox 286 5869 1887 5945; baseline 0.002 -19"><span class='ocrx_word' id='word_1_825' title='bbox 286 5871 387 5943; x_wconf 49' lang='lat' dir='ltr'><strong>ab</strong></span> <span class='ocrx_word' id='word_1_826' title='bbox 416 5869 651 5927; x_wconf 76' lang='lat' dir='ltr'><strong>Priores</strong></span> <span class='ocrx_word' id='word_1_827' title='bbox 675 5870 796 5925; x_wconf 66' lang='lat' dir='ltr'><strong>dure</strong></span> <span class='ocrx_word' id='word_1_828' title='bbox 824 5884 989 5925; x_wconf 87' lang='lat' dir='ltr'><strong>voces</strong></span> <span class='ocrx_word' id='word_1_829' title='bbox 1037 5884 1069 5926; x_wconf 89' lang='lat' dir='ltr'><strong>e</strong></span> <span class='ocrx_word' id='word_1_830' title='bbox 1122 5869 1308 5928; x_wconf 87' lang='lat' dir='ltr'><strong>codice</strong></span> <span class='ocrx_word' id='word_1_831' title='bbox 1364 5872 1526 5931; x_wconf 82' lang='lat' dir='ltr'><strong>Vind.</strong></span> <span class='ocrx_word' id='word_1_832' title='bbox 1549 5869 1593 5945; x_wconf 45' lang='lat'><strong>,&#39;</strong></span> <span class='ocrx_word' id='word_1_833' title='bbox 1622 5875 1887 5945; x_wconf 82' lang='lat' dir='ltr'><strong>posterio-</strong></span> 
     </span>
    </p>
   </div>
   <div class='ocr_carea' id='block_1_105' title="bbox 1980 4711 3576 4795">
    <p class='ocr_par' dir='ltr' id='par_1_105' title="bbox 1980 4711 3576 4795">
     <span class='ocr_line' id='line_1_105' title="bbox 1980 4711 3576 4795; baseline -0.009 -15"><span class='ocrx_word' id='word_1_834' title='bbox 1980 4728 2030 4795; x_wconf 84' lang='grc' dir='ltr'><strong>(Ι</strong></span> <span class='ocrx_word' id='word_1_835' title='bbox 2060 4724 2244 4780; x_wconf 80' lang='lat' dir='ltr'><strong>Thess.</strong></span> <span class='ocrx_word' id='word_1_836' title='bbox 2269 4739 2324 4790; x_wconf 90' lang='lat' dir='ltr'><strong>v,</strong></span> <span class='ocrx_word' id='word_1_837' title='bbox 2368 4723 2432 4776; x_wconf 86' lang='grc'>17</span> <span class='ocrx_word' id='word_1_838' title='bbox 2461 4720 2481 4792; x_wconf 92' lang='grc'>)</span> <span class='ocrx_word' id='word_1_839' title='bbox 2507 4737 2520 4786; x_wconf 90' lang='grc'>;</span> <span class='ocrx_word' id='word_1_840' title='bbox 2553 4720 2675 4790; x_wconf 84' lang='lat' dir='ltr'><strong>quia</strong></span> <span class='ocrx_word' id='word_1_841' title='bbox 2702 4718 2909 4772; x_wconf 82' lang='lat' dir='ltr'><strong>nescitis</strong></span> <span class='ocrx_word' id='word_1_842' title='bbox 2938 4714 3151 4785; x_wconf 84' lang='lat' dir='ltr'><strong>quando</strong></span> <span class='ocrx_word' id='word_1_843' title='bbox 3199 4711 3375 4767; x_wconf 85' lang='lat' dir='ltr'><strong>Filius</strong></span> <span class='ocrx_word' id='word_1_844' title='bbox 3404 4713 3576 4766; x_wconf 88' lang='lat' dir='ltr'><strong>homi-</strong></span> 
     </span>
    </p>
   </div>
   <div class='ocr_carea' id='block_1_106' title="bbox 1979 4805 3575 4885">
    <p class='ocr_par' dir='ltr' id='par_1_106' title="bbox 1979 4805 3575 4885">
     <span class='ocr_line' id='line_1_106' title="bbox 1979 4805 3575 4885; baseline -0.008 -11"><span class='ocrx_word' id='word_1_845' title='bbox 1979 4821 2060 4874; x_wconf 84' lang='lat' dir='ltr'><strong>nis</strong></span> <span class='ocrx_word' id='word_1_846' title='bbox 2085 4827 2333 4873; x_wconf 83' lang='lat' dir='ltr'><strong>venturus</strong></span> <span class='ocrx_word' id='word_1_847' title='bbox 2366 4818 2428 4870; x_wconf 73' lang='lat' dir='ltr'><strong>sit</strong></span> <span class='ocrx_word' id='word_1_848' title='bbox 2460 4812 2674 4885; x_wconf 81' lang='lat' dir='ltr'><strong>(Matth.</strong></span> <span class='ocrx_word' id='word_1_849' title='bbox 2703 4825 2847 4867; x_wconf 80' lang='lat' dir='ltr'><strong>xxw.</strong></span> <span class='ocrx_word' id='word_1_850' title='bbox 2875 4806 2995 4877; x_wconf 62' lang='grc' dir='ltr'><strong>ΑΞ).</strong></span> <span class='ocrx_word' id='word_1_851' title='bbox 3029 4805 3084 4861; x_wconf 89' lang='lat' dir='ltr'><strong>ld</strong></span> <span class='ocrx_word' id='word_1_852' title='bbox 3117 4814 3239 4861; x_wconf 86' lang='lat' dir='ltr'><strong>est:</strong></span> <span class='ocrx_word' id='word_1_853' title='bbox 3274 4805 3448 4860; x_wconf 84' lang='lat' dir='ltr'><strong>Metus</strong></span> <span class='ocrx_word' id='word_1_854' title='bbox 3481 4820 3575 4861; x_wconf 89' lang='lat' dir='ltr'><strong>vo-</strong></span> 
     </span>
    </p>
   </div>
   <div class='ocr_carea' id='block_1_107' title="bbox 1981 4900 3577 4979">
    <p class='ocr_par' dir='ltr' id='par_1_107' title="bbox 1981 4900 3577 4979">
     <span class='ocr_line' id='line_1_107' title="bbox 1981 4900 3577 4979; baseline -0.008 -12"><span class='ocrx_word' id='word_1_855' title='bbox 1981 4914 2063 4967; x_wconf 90' lang='lat' dir='ltr'><strong>bis</strong></span> <span class='ocrx_word' id='word_1_856' title='bbox 2092 4921 2146 4967; x_wconf 89' lang='lat' dir='ltr'><strong>et</strong></span> <span class='ocrx_word' id='word_1_857' title='bbox 2180 4908 2518 4979; x_wconf 83' lang='lat' dir='ltr'><strong>exspectatio</strong></span> <span class='ocrx_word' id='word_1_858' title='bbox 2549 4907 2753 4960; x_wconf 88' lang='lat' dir='ltr'><strong>incerta</strong></span> <span class='ocrx_word' id='word_1_859' title='bbox 2785 4900 3086 4956; x_wconf 82' lang='lat' dir='ltr'><strong>consultior</strong></span> <span class='ocrx_word' id='word_1_860' title='bbox 3114 4908 3218 4967; x_wconf 92' lang='lat' dir='ltr'><strong>est,</strong></span> <span class='ocrx_word' id='word_1_861' title='bbox 3253 4915 3319 4955; x_wconf 90' lang='lat' dir='ltr'><strong>ne</strong></span> <span class='ocrx_word' id='word_1_862' title='bbox 3347 4912 3577 4955; x_wconf 90' lang='lat' dir='ltr'><strong>securos</strong></span> 
     </span>
    </p>
   </div>
   <div class='ocr_carea' id='block_1_108' title="bbox 1982 4990 3578 5066">
    <p class='ocr_par' dir='ltr' id='par_1_108' title="bbox 1982 4990 3578 5066">
     <span class='ocr_line' id='line_1_108' title="bbox 1982 4990 3578 5066; baseline -0.009 -6"><span class='ocrx_word' id='word_1_863' title='bbox 1982 5005 2174 5060; x_wconf 82' lang='lat' dir='ltr'><strong>ﬁducia</strong></span> <span class='ocrx_word' id='word_1_864' title='bbox 2207 5002 2458 5066; x_wconf 87' lang='lat' dir='ltr'><strong>subruat,</strong></span> <span class='ocrx_word' id='word_1_865' title='bbox 2490 5007 2543 5053; x_wconf 92' lang='lat' dir='ltr'><strong>et</strong></span> <span class='ocrx_word' id='word_1_866' title='bbox 2590 4997 2894 5052; x_wconf 85' lang='lat' dir='ltr'><strong>futurorum</strong></span> <span class='ocrx_word' id='word_1_867' title='bbox 2941 4993 3169 5049; x_wconf 80' lang='lat' dir='ltr'><strong>scientia</strong></span> <span class='ocrx_word' id='word_1_868' title='bbox 3214 4992 3451 5063; x_wconf 88' lang='lat' dir='ltr'><strong>decipiat</strong></span> <span class='ocrx_word' id='word_1_869' title='bbox 3499 4990 3578 5047; x_wconf 86' lang='lat' dir='ltr'><strong>nil</strong></span> 
     </span>
    </p>
   </div>
   <div class='ocr_carea' id='block_1_109' title="bbox 1985 5086 3581 5164">
    <p class='ocr_par' dir='ltr' id='par_1_109' title="bbox 1985 5086 3581 5164">
     <span class='ocr_line' id='line_1_109' title="bbox 1985 5086 3581 5164; baseline -0.008 -10"><span class='ocrx_word' id='word_1_870' title='bbox 1985 5100 2274 5162; x_wconf 83' lang='lat' dir='ltr'><strong>timentes;</strong></span> <span class='ocrx_word' id='word_1_871' title='bbox 2298 5112 2422 5151; x_wconf 91' lang='lat' dir='ltr'><strong>cum</strong></span> <span class='ocrx_word' id='word_1_872' title='bbox 2453 5093 2623 5164; x_wconf 78' lang='lat' dir='ltr'><strong>magis</strong></span> <span class='ocrx_word' id='word_1_873' title='bbox 2643 5106 2740 5159; x_wconf 87' lang='lat' dir='ltr'><strong>spe</strong></span> <span class='ocrx_word' id='word_1_874' title='bbox 2771 5090 3140 5145; x_wconf 88' lang='lat' dir='ltr'><strong>diuturnitatis</strong></span> <span class='ocrx_word' id='word_1_875' title='bbox 3170 5089 3381 5159; x_wconf 82' lang='lat' dir='ltr'><strong>abjecta</strong></span> <span class='ocrx_word' id='word_1_876' title='bbox 3412 5086 3581 5142; x_wconf 87' lang='lat' dir='ltr'><strong>aude-</strong></span> 
     </span>
    </p>
   </div>
   <div class='ocr_carea' id='block_1_110' title="bbox 1983 5185 3583 5259">
    <p class='ocr_par' dir='ltr' id='par_1_110' title="bbox 1983 5185 3583 5259">
     <span class='ocr_line' id='line_1_110' title="bbox 1983 5185 3583 5259; baseline -0.008 -7"><span class='ocrx_word' id='word_1_877' title='bbox 1983 5211 2042 5252; x_wconf 90' lang='lat' dir='ltr'><strong>re</strong></span> <span class='ocrx_word' id='word_1_878' title='bbox 2073 5192 2373 5250; x_wconf 79' lang='lat' dir='ltr'><strong>salubriter</strong></span> <span class='ocrx_word' id='word_1_879' title='bbox 2403 5191 2618 5255; x_wconf 89' lang='lat' dir='ltr'><strong>timeas,</strong></span> <span class='ocrx_word' id='word_1_880' title='bbox 2670 5187 2813 5259; x_wconf 90' lang='lat' dir='ltr'><strong>quod</strong></span> <span class='ocrx_word' id='word_1_881' title='bbox 2862 5187 3063 5257; x_wconf 77' lang='lat' dir='ltr'><strong>corrigi</strong></span> <span class='ocrx_word' id='word_1_882' title='bbox 3106 5187 3161 5241; x_wconf 91' lang='lat' dir='ltr'><strong>in</strong></span> <span class='ocrx_word' id='word_1_883' title='bbox 3200 5185 3378 5254; x_wconf 81' lang='lat' dir='ltr'><strong>spatio</strong></span> <span class='ocrx_word' id='word_1_884' title='bbox 3418 5197 3583 5254; x_wconf 83' lang='lat' dir='ltr'><strong>posse</strong></span> 
     </span>
    </p>
   </div>
   <div class='ocr_carea' id='block_1_111' title="bbox 1982 5288 2336 5348">
    <p class='ocr_par' dir='ltr' id='par_1_111' title="bbox 1982 5288 2336 5348">
     <span class='ocr_line' id='line_1_111' title="bbox 1982 5288 2336 5348; baseline -0.023 0"><span class='ocrx_word' id='word_1_885' title='bbox 1982 5307 2092 5348; x_wconf 93' lang='lat' dir='ltr'><strong>non</strong></span> <span class='ocrx_word' id='word_1_886' title='bbox 2123 5288 2336 5344; x_wconf 89' lang='lat' dir='ltr'><strong>credas.</strong></span> 
     </span>
    </p>
   </div>
   <div class='ocr_carea' id='block_1_112' title="bbox 2058 5373 3586 5448">
    <p class='ocr_par' dir='ltr' id='par_1_112' title="bbox 2058 5373 3586 5448">
     <span class='ocr_line' id='line_1_112' title="bbox 2058 5373 3586 5448; baseline -0.007 -7"><span class='ocrx_word' id='word_1_887' title='bbox 2058 5384 2343 5441; x_wconf 61' lang='lat' dir='ltr'><strong>Universae</strong></span> <span class='ocrx_word' id='word_1_888' title='bbox 2372 5390 2553 5436; x_wconf 89' lang='lat' dir='ltr'><strong>tamen</strong></span> <span class='ocrx_word' id='word_1_889' title='bbox 2577 5378 2960 5436; x_wconf 72' lang='lat' dir='ltr'><strong>htereticorum</strong></span> <span class='ocrx_word' id='word_1_890' title='bbox 2986 5374 3231 5448; x_wconf 58' lang='lat' dir='ltr'><strong>perﬁdiae</strong></span> <span class='ocrx_word' id='word_1_891' title='bbox 3258 5373 3327 5429; x_wconf 88' lang='lat' dir='ltr'><strong>de</strong></span> <span class='ocrx_word' id='word_1_892' title='bbox 3348 5384 3586 5443; x_wconf 88' lang='lat' dir='ltr'><strong>utraque</strong></span> 
     </span>
    </p>
   </div>
   <div class='ocr_carea' id='block_1_113' title="bbox 1988 5467 3585 5536">
    <p class='ocr_par' dir='ltr' id='par_1_113' title="bbox 1988 5467 3585 5536">
     <span class='ocr_line' id='line_1_113' title="bbox 1988 5467 3585 5536; baseline -0.006 -1"><span class='ocrx_word' id='word_1_893' title='bbox 1988 5478 2195 5536; x_wconf 81' lang='lat' dir='ltr'><strong>Christi</strong></span> <span class='ocrx_word' id='word_1_894' title='bbox 2250 5476 2535 5534; x_wconf 88' lang='lat' dir='ltr'><strong>nativitate</strong></span> <span class='ocrx_word' id='word_1_895' title='bbox 2583 5476 2795 5532; x_wconf 84' lang='lat' dir='ltr'><strong>duobus</strong></span> <span class='ocrx_word' id='word_1_896' title='bbox 2822 5474 2909 5530; x_wconf 88' lang='lat' dir='ltr'><strong>vel</strong></span> <span class='ocrx_word' id='word_1_897' title='bbox 2965 5472 3200 5527; x_wconf 84' lang='lat' dir='ltr'><strong>maxime</strong></span> <span class='ocrx_word' id='word_1_898' title='bbox 3255 5467 3585 5525; x_wconf 87' lang='lat' dir='ltr'><strong>testimoniis</strong></span> 
     </span>
    </p>
   </div>
   <div class='ocr_carea' id='block_1_114' title="bbox 1987 5560 3585 5639">
    <p class='ocr_par' dir='ltr' id='par_1_114' title="bbox 1987 5560 3585 5639">
     <span class='ocr_line' id='line_1_114' title="bbox 1987 5560 3585 5639; baseline -0.008 -10"><span class='ocrx_word' id='word_1_899' title='bbox 1987 5575 2360 5637; x_wconf 87' lang='lat' dir='ltr'><strong>subruuntur,</strong></span> <span class='ocrx_word' id='word_1_900' title='bbox 2409 5570 2633 5627; x_wconf 83' lang='lat' dir='ltr'><strong>Joannis</strong></span> <span class='ocrx_word' id='word_1_901' title='bbox 2684 5566 2978 5639; x_wconf 79' lang='lat' dir='ltr'><strong>Evangelia</strong></span> <span class='ocrx_word' id='word_1_902' title='bbox 3022 5566 3102 5620; x_wconf 92' lang='lat' dir='ltr'><strong>sic</strong></span> <span class='ocrx_word' id='word_1_903' title='bbox 3142 5565 3430 5619; x_wconf 89' lang='lat' dir='ltr'><strong>intonante</strong></span> <span class='ocrx_word' id='word_1_904' title='bbox 3467 5579 3482 5619; x_wconf 91' lang='lat'><strong>:</strong></span> <span class='ocrx_word' id='word_1_905' title='bbox 3514 5560 3585 5639; x_wconf 70' lang='lat' dir='ltr'><strong>In</strong></span> 
     </span>
    </p>
   </div>
   <div class='ocr_carea' id='block_1_115' title="bbox 3362 5637 3567 5657">
    <p class='ocr_par' dir='ltr' id='par_1_115' title="bbox 3362 5637 3567 5657">
     <span class='ocr_line' id='line_1_115' title="bbox 3362 5637 3567 5657; baseline -0.01 0"><span class='ocrx_word' id='word_1_906' title='bbox 3362 5637 3567 5657; x_wconf 47' lang='grc' dir='ltr'><strong>κωμικὴ-ο</strong></span> 
     </span>
    </p>
   </div>
   <div class='ocr_carea' id='block_1_116' title="bbox 1990 5728 3582 5818">
    <p class='ocr_par' dir='ltr' id='par_1_116' title="bbox 1990 5728 3582 5818">
     <span class='ocr_line' id='line_1_116' title="bbox 1990 5728 3582 5818; baseline 0 -29"><span class='ocrx_word' id='word_1_907' title='bbox 1990 5748 2078 5789; x_wconf 90' lang='lat' dir='ltr'><strong>res</strong></span> <span class='ocrx_word' id='word_1_908' title='bbox 2095 5733 2212 5787; x_wconf 70' lang='lat' dir='ltr'><strong>dum</strong></span> <span class='ocrx_word' id='word_1_909' title='bbox 2241 5749 2271 5788; x_wconf 81' lang='lat' dir='ltr'><strong>e</strong></span> <span class='ocrx_word' id='word_1_910' title='bbox 2323 5735 2549 5818; x_wconf 75' lang='lat' dir='ltr'><strong>Lemov.</strong></span> <span class='ocrx_word' id='word_1_911' title='bbox 2574 5734 2863 5804; x_wconf 84' lang='lat' dir='ltr'><strong>descriptae</strong></span> <span class='ocrx_word' id='word_1_912' title='bbox 2893 5740 3037 5789; x_wconf 87' lang='lat' dir='ltr'><strong>sunt.</strong></span> <span class='ocrx_word' id='word_1_913' title='bbox 3069 5731 3128 5788; x_wconf 92' lang='lat' dir='ltr'><strong>ln</strong></span> <span class='ocrx_word' id='word_1_914' title='bbox 3151 5730 3334 5798; x_wconf 87' lang='lat' dir='ltr'><strong>editis,</strong></span> <span class='ocrx_word' id='word_1_915' title='bbox 3359 5728 3582 5802; x_wconf 84' lang='lat' dir='ltr'><strong>quasi...</strong></span> 
     </span>
    </p>
   </div>
   <div class='ocr_carea' id='block_1_117' title="bbox 1989 5817 2617 5879">
    <p class='ocr_par' dir='ltr' id='par_1_117' title="bbox 1989 5817 2617 5879">
     <span class='ocr_line' id='line_1_117' title="bbox 1989 5817 2617 5879; baseline 0.002 -20"><span class='ocrx_word' id='word_1_916' title='bbox 1989 5822 2091 5861; x_wconf 83' lang='lat' dir='ltr'><strong>non</strong></span> <span class='ocrx_word' id='word_1_917' title='bbox 2119 5817 2303 5875; x_wconf 82' lang='lat' dir='ltr'><strong>essent,</strong></span> <span class='ocrx_word' id='word_1_918' title='bbox 2357 5822 2617 5879; x_wconf 67' lang='lat' dir='ltr'><strong>pesmme.</strong></span> 
     </span>
    </p>
   </div>
  </div>
