4060 6344
537 303 677 362 “39

1808 303 2125 368 ZACClLEl
2157 306 2547 368 CllRISTIANl

3705 315 3834 376 illo

537 429 797 499 principio
825 433 937 484 erat
977 428 1220 498 Verbum,
1246 439 1291 485 et
1351 427 1572 486 Verbum
1599 439 1708 486 erat
1740 433 1884 502 apud
1938 427 2135 499 Deum,-
2167 435 2212 496 Α
2243 433 2643 504 etiamjnstitim
2671 432 3016 505 privi'eginm
3035 432 3193 490 tribui
3227 437 3380 492 Deus
3410 435 3528 506 ipse
3557 435 3635 492 sie
3663 437 3834 510 loqui-

536 529 586 574 et
650 521 791 576 Deus
819 532 931 576 erat
982 519 1220 579 Verbum.
1277 522 1392 578 Hoc
1430 535 1540 578 erat
1586 525 1636 579 iu
1687 528 1945 597 principio
1995 527 2136 600 apud

541 612 727 666 Deum.
793 613 983 668 Omnia
1039 631 1128 688 per
1165 619 1331 689 ipsum
1376 615 1516 686 facta
1568 627 1721 683 sunt,
1772 627 1818 671 et
1864 620 1974 673 sine
2024 620 2135 687 ipso

540 709 738 779 factum
767 716 840 762 est
869 709 1005 762 nihil
1034 707 1226 780 (Joau.
1256 725 1294 774 ι,
1328 708 1482 781 1-3).
1533 711 1602 765 Ει
1629 711 1821 766 iterum
1861 731 1872 765 :
1901 709 1967 764 Et
2005 709 2136 764 Ver-

542 799 659 853 bum
687 817 810 856 caro
837 801 1034 871 factum
1063 811 1157 868 est,
1212 808 1258 855 et
1311 803 1560 856 habitavit
1591 804 1641 856 in
1673 802 1862 858 nobis:
1893 812 1940 859 ct
2005 802 2138 857 nidi-

540 909 659 946 mus
697 892 919 966 gloriam
950 898 1096 966 ejus,
1135 894 1356 966 gloriam
1407 896 1555 966 quasi
1584 897 1890 969 uuigeuitia
1937 895 2097 951 Patre
2120 940 2134 963 ,

541 985 752 1056 plenum
790 986 972 1058 gratite
1027 995 1076 1041 et
1125 988 1350 1042 veritatis
1385 986 1577 1059 (Ibid.,
1613 989 1673 1044 Η
1699 989 1738 1059 ).
1792 989 1953 1044 Vides
2007 1004 2139 1059 ergo

545 1081 750 1135 nullum
782 1081 1001 1136 Arianis
1042 1081 1220 1136 locum
1257 1081 1532 1148 relictum,
1565 1097 1672 1154 quo
1714 1084 1905 1138 merito
1935 1101 1961 1135 ει
2017 1083 2137 1136 ﬁdei

547 1187 748 1232 nostra:
782 1175 1091 1246 integritate
1115 1177 1485 1232 dissentiant:
1519 1191 1638 1231 cum
1673 1176 1814 1231 idem
1848 1176 1942 1231 Dei
1977 1175 2144 1230 Filius

545 1279 670 1324 ante
697 1268 896 1324 smcula
937 1269 1270 1341 uulgi-nitus,
1303 1279 1350 1325 et
1387 1285 1529 1324 nunc
1576 1270 1966 1340 printogenittts
1996 1285 2138 1339 prm-

542 1363 750 1419 dicetur
777 1380 789 1427 ;
822 1361 1022 1417 terreni
1054 1364 1301 1434 corporis
1328 1361 1579 1418 obtinens
1606 1363 1914 1430 veritatem,
1945 1372 1998 1416 et
2027 1376 2140 1416 etn-

544 1456 739 1512 lcstetn
773 1457 1071 1524 potentiam
1130 1473 1236 1513 non
1285 1457 1539 1514 omittens
1593 1454 1793 1531 [Forte
1820 1456 2142 1527 amittens],

544 1558 773 1620 utraque
808 1549 1114 1604 "nativitate
1171 1551 1487 1621 complexus
1517 1560 1598 1606 est
1655 1550 1794 1621 quod
1827 1563 1925 1620 per
1973 1551 2142 1605 solam

548 1642 894 1698 divinitatem
925 1652 1083 1699 antea
1114 1643 1451 1714 possidebat.

1115 1733 1348 1791 CAPUT
1386 1734 1554 1790 XVII.

2254 536 2358 592 tttr,
2395 543 2492 597 per
2535 525 2750 582 Esaiam
2783 526 3065 582 Ct7lt\'Cl'SlS
3093 529 3190 583 ista
3239 528 3581 585 denuntians
3613 547 3626 581 :
3656 523 3754 584 Dic
3790 540 3838 588 tu

2242 617 2531 689 injustitias
2565 625 2678 672 tuas
2725 620 2896 690 prius,
2955 629 3008 672 ut
3031 621 3347 694 justi/iceris
3380 617 3516 692 (Isai
3547 635 3696 689 xutt,
3726 619 3834 694 26).

2241 711 2459 768 Intuere
2503 729 2622 767 cum
2657 717 2814 769 venia
2845 715 3157 784 prtetnium,
3191 727 3243 768 et
3292 715 3578 785 cujusdam
3628 718 3841 775 honoris

2242 809 2293 863 in
2323 808 2555 879 simplici
2587 809 2941 865 confessione
2973 811 3283 866 mercedem
3317 827 3330 863 :
3373 808 3521 866 Deus
3569 811 3646 866 illi
3686 809 3840 882 justi-

2243 902 2332 956 titn
2379 899 2612 956 fructum
2663 903 2958 974 promittit,
3021 903 3073 957 in
3131 917 3294 974 quem
3337 899 3674 960 Novatiantts
3719 907 3841 964 dura

2244 994 2587 1065 pronuntiat;
2621 1003 2675 1050 et
2706 993 2922 1049 absolvi
2953 1007 3113 1065 posse
3147 1010 3274 1051 cum
3307 995 3484 1068 gratia
3534 995 3837 1069 pollicetur,

2243 1104 2403 1160 quem
2439 1088 2530 1144 ille
2575 1104 2644 1145 ne
2673 1091 2941 1158 salvetur,
2969 1089 3213 1160 ettpellit.

2317 1180 2412 1234 llis
2443 1189 2624 1237 tamen
2659 1199 2764 1236 non
2811 1182 3085 1253 legitimus
3131 1181 3434 1240 sacerdotii
3488 1185 3841 1256 principatus,

2246 1289 2567 1346 summaque
2600 1275 2652 1329 in
2684 1275 2966 1345 pontiﬁcio
2994 1291 3099 1331 non
3148 1274 3248 1332 luit
3295 1275 3482 1342 sedes,
3519 1273 3615 1334 sed
3647 1294 3740 1349 per
3759 1280 3846 1335 ob-

2246 1367 2550 1438 reptionem
2573 1369 2723 1423 velut
2757 1369 2809 1423 in
2837 1369 3068 1440 quadam
3098 1369 3393 1443 tyrannide
3415 1369 3696 1428 discordia
3727 1385 3845 1430 con-

2249 1461 2535 1516 valescens
2563 1459 2883 1531 prtedictum
2913 1461 3227 1519 schismatls
3268 1471 3524 1520 sectatur
3554 1473 3844 1532 auctorem,

2246 1561 2299 1608 et
2325 1571 2352 1605 a
2382 1554 2664 1610 consortio
2714 1558 2816 1625 pia:
2843 1565 2866 1592 ιι
2890 1556 3300 1612 communionis
3340 1557 3553 1614 exclusi
3589 1559 3726 1614 tradi
3755 1558 3845 1617 Sa-

2247 1655 2390 1702 tanae
2433 1658 2699 1718 perpetuo
2732 1649 2968 1718 malunt,
3004 1665 3164 1722 quam
3206 1651 3326 1706 Deo
3365 1649 3636 1722 spiritalis
3673 1652 3851 1724 gratia:

2251 1744 2633 1800 exhortatione
2665 1746 2946 1811 revticari;
2979 1747 3227 1816 recipere
3261 1747 3557 1803 innumera
3604 1743 3850 1819 Scriptu-

550 1825 744 1882 Contra
786 1827 1148 1891 Novatiauos,
1200 1833 1287 1899 qui
1332 1830 1580 1883 unitatem
1626 1830 1954 1894 dissentiunt,
1980 1838 2028 1882 ει
2067 1845 2146 1883 δε·
2178 1829 2222 1895 Β
2253 1851 2440 1890 rarum
2471 1837 2720 1907 exempla
2755 1838 3023 1905 nolentes,
3052 1839 3248 1909 quibus
3293 1839 3437 1894 haud
3486 1839 3654 1895 dubia
3701 1840 3853 1897 inter-

735 1922 836 1974 utel
864 1919 1066 1991 lapsum
1093 1922 1380 1975 restaurari
1412 1937 1564 1989 posse
1596 1937 1696 1974 nou
1726 1921 1959 1974 credunt.

621 2016 823 2072 APOLL.
851 2046 923 2057 —
950 2017 1198 2072 Omnium
1231 2017 1449 2088 quidem
1477 2027 1746 2072 sectarum
1771 2031 1923 2072 error
1950 2025 2004 2072 et
2027 2032 2151 2088 pra-

551 2109 692 2164 vitas
725 2109 774 2163 in
805 2111 976 2179 prima
1021 2110 1203 2165 statim
1247 2110 1593 2180 expositione
1621 2111 1923 2174 claruerat;
1950 2109 2044 2164 sed
2091 2117 2153 2164 ut

552 2207 853 2275 promptius
880 2203 1157 2275 'eluceret,
1193 2207 1501 2262 necessario
1529 2207 1753 2262 lirmitas
1778 2206 2039 2260 doctrina:
2067 2218 2153 2259 se-

553 2299 768 2368 quentis
797 2299 1048 2366 accessit,
1081 2308 1137 2356 ct.
1165 2316 1391 2356 currens
1417 2316 1514 2371 per
1553 2299 1760 2371 singula
1795 2299 1986 2354 modus
2005 2313 2152 2353 com-

554 2403 806 2462 petentcr
835 2395 1044 2451 detexit
1090 2393 1351 2468 quidquid
1383 2396 1603 2453 traditio
1652 2396 1933 2450 scelerata;
1981 2392 2151 2448 inter-

554 2487 880 2557 pretationis
923 2487 1243 2544 obduxerat.
1276 2487 1432 2545 Unde
1489 2501 1630 2544 nunc
1669 2493 1728 2543 ut
1775 2485 1918 2542 nulla
1969 2487 2152 2542 animo

557 2580 696 2636 desit
750 2581 1038 2636 instructio
1065 2624 1078 2647 ,
1111 2581 1310 2652 pande,
1343 2597 1551 2652 quaeso,
1587 2595 1705 2651 qua:
1738 2579 2067 2635 Novatianos
2122 2595 2152 2632 a

557 2673 712 2726 nobis
768 2689 926 2727 eausa
976 2674 1324 2738 determinet,
1350 2686 1404 2730 ut
1453 2691 1480 2729 a
1543 2675 1869 2731 credulitate
1925 2672 2155 2728 catholi-

552 2780 614 2820 ca
664 2763 1031 2833 discedentes,
1092 2784 1197 2822 non
1252 2769 1428 2824 solum
1459 2776 1758 2823 conventus
1787 2776 1944 2821 extra
1966 2765 2155 2821 Eccle-

558 2860 695 2914 siam
749 2861 1109 2928 contrahant,
1166 2862 1296 2929 sed,
1331 2871 1390 2918 ut
1441 2862 1644 2928 credo,
1679 2862 1840 2918 etiam
1874 2862 2031 2917 ﬁdem
2087 2861 2154 2916 il-

558 2952 665 3008 lius
715 2955 997 3024 impetant,
1054 2971 1082 3009 a
1141 2958 1296 3028 cujus
1342 2973 1476 3029 pace
1527 2959 1749 3013 unitatis
1809 2956 1935 3012 odio
1973 2971 2154 3012 reces-

554 3057 767 3102 serunt.

627 3139 827 3196 ZACCE.
863 3174 932 3184 -
963 3143 1126 3200 ltecte
1171 3141 1426 3213 intelligis
1485 3139 1606 3199 ildei
1656 3143 1916 3199 unitatem
1984 3155 2154 3213 penes

2251 1931 2557 2000 pretatione
2604 1931 2958 2002 cegnoscitur
2997 1942 3052 1987 et
3083 1931 3373 2001 provocari
3400 1931 3587 2001 lapsos
3636 1932 3850 2002 debere,

2249 2033 2303 2078 et
2326 2021 2531 2094 suscipi
2560 2034 2921 2092 revertentes,
2951 2023 3291 2080 Psalmorunt
3328 2023 3469 2080 libro
3499 2027 3581 2080 sic
3609 2023 3856 2080 inchoan-

2251 2125 2304 2171 te
2339 2135 2349 2168 :
2386 2114 2575 2170 Beatus
2605 2117 2680 2169 rir
2709 2117 2796 2183 qui
2835 2133 2938 2169 non
2977 2115 3100 2170 abiit
3131 2116 3186 2170 iit
3232 2116 3460 2172 consilio
3491 2115 3792 2188 impiorum,
3816 2125 3856 2171 et

2250 2210 2304 2262 in
2332 2210 2414 2264 via
2443 2219 2771 2280 peccatorum
2803 2227 2904 2265 non
2933 2211 3068 2265 stetit
3106 2207 3283 2283 (Psal.
3313 2225 3355 2276 ι,
3391 2213 3467 2280 i).
3498 2209 3703 2266 Beatus
3732 2223 3856 2281 ergo

2254 2313 2337 2360 est
2367 2306 2459 2376 qui
2493 2320 2598 2360 non
2637 2307 2706 2359 ita
2737 2303 2874 2361 abiit
2903 2313 2960 2361 ut
2986 2306 3166 2361 redire
3194 2314 3612 2373 contemneret,
3645 2313 3698 2363 et
3747 2319 3858 2376 pro-

2256 2396 2457 2451 lectum
2510 2397 2722 2452 consilii
2777 2397 3022 2452 melioris
3081 2397 3368 2466 accipiens
3413 2399 3637 2453 misceri
3693 2396 3860 2468 impiis

2255 2489 2486 2558 destitit,
2518 2501 2799 2563 postquam
2849 2492 3048 2562 corrigi
3087 2493 3271 2560 potius
3324 2491 3619 2548 intellexit.
3669 2483 3857 2546 Beatus

2258 2583 2484 2653 perinde
2522 2593 2604 2638 est
2649 2585 2824 2653 quiin
2868 2587 2949 2636 via
2982 2597 3087 2638 non
3143 2582 3296 2638 stetit
3343 2593 3736 2654 peccatorum,
3778 2582 3858 2638 ille

2258 2674 2444 2745 utique
2470 2675 2560 2744 qui
2608 2674 2884 2742 ingressus
2929 2674 3055 2728 vitia
3091 2689 3196 2728 non
3251 2675 3566 2745 permansit
3614 2673 3668 2729 itt
3698 2674 3854 2740 vitiis,

2257 2768 2373 2838 ipso
2407 2770 2458 2822 in
2495 2767 2958 2838 consequentibus
2991 2767 3094 2822 hoc
3126 2768 3384 2830 docente,
3419 2781 3546 2823 cum
3593 2768 3854 2837 obrepen-

2258 2863 2388 2917 tium
2417 2861 2738 2917 delictorum
2763 2861 3178 2917 excusationem
3213 2864 3584 2932 pra-mittenS,
3618 2864 3857 2919 conscius

2257 2954 2794 3025 nostrtelragilitatis
2841 2955 2955 3009 haec
3003 2953 3219 3025 posuit:
3257 2952 3470 3008 Delicta
3509 2956 3627 3027 quis
3676 2949 3858 3009 intelli-

2257 3053 2332 3124 git
2379 3051 2551 3123 (Psal.
2584 3065 2737 3115 xvttt,
2769 3049 2885 3119 13)?
2913 3049 2965 3104 ld
3017 3057 3121 3114 est,
3156 3049 3374 3103 admitti
3412 3049 3633 3104 facilius
3686 3061 3857 3120 posse,

2257 3161 2417 3218 quam
2453 3146 2626 3200 nosci.
2662 3144 2824 3198 Addit
2852 3144 2903 3198 in
2933 3143 3208 3213 precibus,
3237 3151 3296 3197 ut
3325 3155 3381 3200 et
3410 3144 3479 3198 ab
3501 3141 3698 3201 alienis
3721 3151 3773 3198 et
3797 3144 3858 3200 ιιι)

555 3248 651 3288 eos
681 3247 808 3290 esse
841 3251 947 3292 non
980 3248 1158 3305 posse,
1193 3253 1220 3292 a
1250 3236 1447 3306 quibus
1479 3237 1735 3292 Ecclesiae
1765 3238 1941 3292 unitas
1972 3237 2041 3291 sit
2066 3251 2151 3292 re-
2179 3228 2222 3289 Ο
2258 3238 2488 3292 occultis
2523 3235 2757 3308 propriis
2789 3235 3148 3302 emundetur,
3193 3235 3608 3292 immaculatum
3656 3251 3715 3292 se
3750 3236 3858 3292 fore

556 3325 714 3394 licta;
747 3331 871 3399 quia
905 3347 1009 3387 non
1057 3331 1291 3387 interest
1335 3327 1797 3401 quemadmodum
1839 3329 1961 3400 quis
2000 3327 2156 3384 rece-

559 3421 672 3487 dat,
705 3423 750 3478 si
792 3424 859 3479 ab
891 3426 1011 3494 ejus
1056 3440 1290 3496 corpore
1339 3433 1533 3495 sponte
1556 3440 1612 3478 se
1663 3423 1880 3486 dividit,
1928 3423 2158 3478 Domino

554 3512 614 3567 in
650 3515 955 3586 Evangeliis
992 3517 1092 3573 hoc
1122 3519 1415 3588 loquente:
1440 3515 1545 3582 Qui
1573 3529 1773 3569 mecum
1805 3531 1907 3568 non
1933 3521 2028 3580 est,
2063 3515 2158 3568 ad-

555 3623 730 3662 versus
779 3625 858 3663 me
903 3620 1092 3665 est:ct
1151 3611 1247 3687 qui
1289 3627 1488 3665 mecum
1538 3627 1639 3663 uou
1691 3609 1910 3679 colligit,
1958 3610 2156 3680 spargit

559 3701 728 3770 (Luc.
761 3719 832 3769 XI,
865 3695 1006 3775 23)..
1029 3700 1274 3760 Fuerunt
1327 3705 1379 3758 lti
1435 3705 1577 3758 enim
1629 3703 1926 3770 aliquando
1971 3703 2157 3760 nobis-

561 3807 708 3857 cum,
743 3796 836 3849 sed
864 3795 1098 3866 quodam
1133 3796 1340 3852 Novato
1356 3807 1576 3852 auctore
1597 3796 1827 3866 disrupti
1859 3803 2016 3861 sunt;
2045 3811 2153 3850 non

562 3896 746 3942 tamen
782 3889 1059 3945 haereticis
1085 3889 1429 3960 coiequandi,
1464 3890 1587 3960 quia
1616 3903 1724 3943 non
1758 3903 1788 3942 a
1811 3888 2156 3944 confessione

558 3981 851 4048 catholica,
907 3982 1002 4038 sed
1034 3998 1060 4034 a
1093 3981 1359 4039 charitate
1387 3983 1734 4050 dissentiunt,
1783 3992 1950 4053 atque
1985 3983 2035 4037 in
2068 3998 2157 4038 so-

559 4073 669 4128 lam
707 4074 969 4143 pietatem
1004 4075 1236 4131 rebelles
1280 4076 1374 4131 Dei
1405 4075 1800 4131 misericordias
1830 4075 2157 4131 subtrahunt

552 4183 688 4238 quos
721 4169 890 4224 semel
917 4169 1119 4224 inimici
1149 4169 1358 4240 laqueis
1386 4169 1631 4225 irretitos
1658 4169 1871 4223 restitui
1903 4181 2010 4223 non
2057 4168 2154 4222 ad-

555 4262 800 4319 mittunt.
828 4260 1058 4318 Mundos
1082 4278 1142 4318 se
1175 4273 1358 4333 atque,
1410 4273 1468 4317 ut
1497 4263 1738 4332 ipsorum
1782 4262 1949 4316 verbo
2006 4272 2149 4329 utar,

555 4356 826 4411 Catharos
858 4365 1077 4422 vocant,
1127 4357 1327 4410 divina:
1367 4355 1758 4410 admonitionis
1800 4367 2019 4426 semper
2051 4359 2154 4410 im-

555 4463 854 4517 memores,
897 4465 1000 4520 qua
1040 4450 1278 4520 primum
1310 4449 1361 4503 in
1403 4448 1506 4504 Job
1536 4449 1775 4519 Spiritus
1811 4447 1944 4502 dicit
1980 4463 1991 4501 :
2026 4447 2156 4512 Quis

554 4545 689 4598 enim
722 4545 949 4598 mundus
977 4560 1008 4596 α
1039 4543 1301 4611 sordibus,
1333 4558 1427 4597 uec
1450 4543 1494 4595 si
1525 4543 1681 4595 unius
1711 4541 1817 4594 diei
1843 4542 1909 4594 sit
1937 4543 2053 4612 ejus
2079 4542 2155 4594 vi-

2259 3332 2598 3388 Contitlenter
2627 3329 2928 3393 at‘tirmans,
2963 3331 3006 3384 si
3039 3345 3099 3384 ea
3122 3329 3222 3384 s'bi
3256 3343 3367 3384 non
3408 3329 3765 3385 dominentur
3807 3329 3855 3383 in

2259 3427 2456 3497 quibus
2503 3431 2628 3480 ante
2675 3433 3016 3494 peccaverat.
3051 3424 3189 3479 Ecce
3231 3424 3402 3479 etiam
3433 3439 3463 3479 a
3497 3424 3744 3480 maximo
3773 3422 3858 3478 dc-

2260 3520 2389 3574 licto
2422 3535 2586 3586 purus
2611 3518 2868 3580 efﬁcitur,
2901 3517 2992 3588 qui
3024 3517 3074 3570 in
3101 3532 3160 3573 se
3191 3514 3425 3572 crimina
3467 3529 3578 3572 non
3622 3517 3854 3573 reditura

2259 3612 2621 3675 condemnat;
2674 3619 2733 3665 et
2789 3611 3119 3665 immaculatl
3179 3609 3391 3666 honore
3447 3609 3738 3682 gloriatur,
3776 3609 3856 3679 qui

2259 3705 2427 3774 elegit
2472 3704 2575 3758 hoc
2621 3719 2744 3759 esse
2785 3702 2926 3772 quod
2980 3705 3172 3767 noluit,
3216 3703 3349 3757 dum
3400 3705 3611 3772 perfrui
3663 3703 3856 3772 reSpuit

2257 3795 2400 3865 quod
2444 3796 2664 3849 dilexit.
2691 3794 2894 3850 Similis
2933 3809 3028 3865 per
3066 3795 3410 3851 Ezechielem
3460 3797 3736 3851 sententia
3768 3793 3855 3849 Dei

2257 3899 2361 3957 est,
2387 3889 2502 3943 lucc
2522 3889 2754 3943 dicentis
2786 3906 2797 3941 :
2830 3887 2899 3944 Ut
2929 3889 3054 3958 quid
3079 3889 3394 3957 moriemini,
3423 3889 3526 3960 ﬁlii
3547 3887 3855 3948 hominum?

2257 3984 2616 4038 couurrtt‘mini
2670 3983 2738 4036 ad
2803 4000 2920 4051 me,
2965 3992 3012 4036 et
3056 3994 3324 4038 com'ertar
3374 3985 3444 4038 ad
3483 3991 3595 4053 {vos
3646 3987 3850 4060 (Ezerh.

2259 4091 2449 4141 χχχιιι,
2489 4077 2599 4146 ii).
2635 4076 2689 4130 id
2719 4087 2802 4132 est
2837 4095 2847 4130 :
2887 4075 3088 4131 inferni
3112 4086 3199 4132 est
3222 4076 3305 4130 via
3339 4078 3439 4132 ista
3465 4093 3634 4147 quam
3678 4080 3850 4153 pergi-

2258 4173 2348 4238 tis,
2381 4181 2435 4226 et
2467 4172 2518 4225 in
2548 4169 2725 4225 veniae
2775 4171 3158 4240 desperatione
3189 4185 3340 4225 mors
3386 4185 3515 4226 vera
3547 4191 3558 4226 :
3594 4190 3701 4228 non
3743 4190 3848 4229 sum

2255 4283 2359 4337 ego
2387 4266 2609 4320 crimina
2635 4280 2832 4319 avarus
2853 4265 3102 4327 abolere,
3133 4267 3224 4334 qui
3273 4276 3381 4319 tam
3413 4266 3618 4322 leniter
3644 4283 3712 4323 ne
3750 4269 3849 4340 jam

2257 4359 2619 4413 admittuntur
2653 4358 2946 4423 admoneo,
2979 4358 3070 4426 qui
3107 4357 3295 4426 judicii
3329 4359 3438 4413 mei
3489 4361 3848 4416 inviolabilem

2257 4452 2486 4508 formam
2524 4451 2606 4506 his
2653 4451 2999 4506 sermonibus
3038 4451 3254 4521 pando:
3284 4449 3427 4506 Nolo
3481 4463 3702 4509 mortem
3745 4469 3847 4509 rno-

2255 4547 2473 4610 rieutis;
2503 4554 2704 4599 tantum
2725 4553 3012 4598 revertatur
3036 4552 3080 4597 et
3110 4544 3243 4596 ttirat
3270 4541 3487 4613 (Ibid.).
3526 4544 3617 4612 Et,
3654 4547 3714 4602 Si
3753 4547 3846 4600 ini-

551 4647 604 4691 ta
633 4638 685 4691 in
721 4645 858 4692 terra
886 4635 1044 4706 (.lob.
1079 4650 1194 4700 xiv,
1223 4635 1280 4702 4,
1308 4636 1363 4699 5,
1391 4651 1495 4689 sec.
1517 4633 1719 4706 LXX)?
1745 4634 1899 4689 Unde
1921 4643 1978 4689 et
2001 4634 2148 4690 Psai-
2179 4627 2228 4687 D
2255 4657 2383 4712 quas
2406 4648 2666 4694 convertat
2706 4653 2759 4693 se
2803 4638 2868 4691 ab
2907 4636 3267 4704 iniquitatibus
3307 4637 3419 4691 suis
3459 4653 3590 4708 quas
3639 4639 3778 4709 fecit,
3806 4648 3849 4692 et

552 4731 712 4784 mista
746 4728 998 4783 similiter
1035 4729 1303 4794 sentiens,
1335 4728 1410 4781 ait
1442 4726 1550 4781 :In
1583 4727 1806 4796 peccatis
1839 4727 2034 4798 peperit
2071 4744 2150 4782 me

547 4833 712 4877 mater
738 4839 852 4875 mea
885 4821 1002 4893 (Ps.
1035 4833 1089 4890 ι,
1123 4819 1201 4892 7).
1235 4822 1304 4876 Et
1330 4823 1570 4877 Joannes
1623 4823 1674 4876 in
1711 4821 1958 4890 Epistula
2000 4837 2093 4876 sua
2135 4839 2148 4874 :

552 4915 616 4972 Si
645 4918 931 4970 dixerimus
975 4918 1098 4987 quia
1136 4929 1401 4987 peccatum
1433 4935 1534 4972 non
1563 4917 1834 4985 habemus,
1861 4929 1955 4969 nos
2007 4918 2149 4985 ipsos

549 5010 874 5082 decipimus;
905 5019 953 5063 et
995 5013 1182 5064 veritas
1214 5012 1263 5064 in
1294 5011 1441 5064 nobis
1472 5025 1575 5064 non
1601 5021 1676 5064 est
1698 5011 1741 5084 (t
1785 5007 1944 5062 Jotm.
1977 5009 2028 5074 l,
2065 5009 2144 5080 8).

549 5105 936 5162 Severioribus
966 5103 1149 5175 itaque
1186 5103 1407 5174 judiciis
1433 5103 1721 5174 plectenda
1750 5115 1857 5157 tton
1889 5102 2146 5170 credunt,

546 5215 667 5271 qua;
691 5209 986 5268 numquam
1017 5199 1069 5252 tu
1119 5199 1519 5254 euntessionem
1554 5199 1816 5264 deducta,
1865 5196 2015 5262 velut
2065 5200 2146 5254 Ia-

548 5305 666 5350 tere
697 5303 968 5366 perpetuo
996 5293 1222 5363 possint,
1280 5294 1637 5348 callidissime
1691 5295 2142 5366 supprimuntur.

545 5387 949 5444 Protitentibus
1002 5401 1132 5444 vero
1161 5399 1283 5442 cunt
1336 5389 1689 5458 prmsentium
1758 5388 2147 5445 emendatione

549 5485 830 5554 "praeterita
871 5498 980 5540 non
1030 5483 1208 5540 solum
1258 5482 1475 5538 veniam
1530 5498 1640 5540 non
1694 5484 1901 5554 negari,
1953 5496 2144 5539 verum

617 5697 640 5723 τι
674 5686 765 5742 Sic
795 5702 826 5742 e
856 5687 1017 5742 codd.
1062 5688 1223 5744 Vind.
1259 5697 1312 5742 et
1350 5685 1504 5741 Lem.
1557 5683 1723 5737 edere
1774 5681 1969 5746 libuit,
2023 5696 2148 5736 cum

549 5764 707 5812 antea
739 5758 1015 5826 legeretur
1054 5759 1310 5813 exclusos.
1340 5757 1478 5812 Infra
1522 5754 1750 5826 eosdem
1800 5751 2019 5826 codices
2065 5763 2150 5808 se-

552 5828 684 5900 cuti,
712 5823 1244 5900 scripsintusipotius
1280 5828 1536 5883 iutellewit
1561 5869 1574 5892 ,
1616 5825 1706 5880 ubi
1738 5823 1880 5879 male
1909 5833 2026 5900 erat
2053 5840 2148 5895 po-

544 5898 705 5951 suisse
729 5895 1004 5953 intellexit.
1033 5895 1240 5955 Cictera
1280 5914 1402 5968 qua:
1430 5900 1636 5956 leviora
1676 5905 1829 5963 sunt,
1868 5895 2146 5951 ascribere

2249 4733 2505 4788 custodiat
2537 4735 2711 4785 omnia
2753 4730 3004 4784 mandata
3052 4745 3185 4797 utea,
3215 4739 3262 4782 et
3307 4730 3469 4800 faciat
3516 4732 3781 4801 justitiam
3808 4741 3848 4784 et

2241 4827 2540 4896 judicium;
2576 4825 2679 4878 vita
2718 4824 2848 4878 vicet
2877 4833 2922 4878 et
2953 4838 3056 4876 non
3104 4822 3372 4876 morietur.
3425 4820 3623 4876 Omnia
3672 4823 3849 4878 delicta

2249 4921 2364 4989 ejus
2377 4933 2710 4989 quaecumque
2728 4917 2868 4986 fecit,
2887 4933 2988 4970 nou
3001 4915 3562 4988 commemorabuntuﬂ
3571 4915 3596 4970 I
3605 4917 3709 4971 bid.
3720 4916 3845 4987 ,M).

2322 5014 2430 5069 Sed
2466 5022 2644 5066 tamen
2673 5011 2768 5066 Dei
2803 5025 3004 5065 munus
3030 5020 3086 5064 et
3112 5009 3494 5080 dignissimum
3526 5012 3632 5079 pia:
3665 5011 3847 5066 remis-

2250 5108 2420 5164 sionis
2462 5106 2702 5161 edictum
2751 5120 2856 5158 non
2902 5104 3078 5158 solum
3105 5103 3132 5142 ι)
3165 5104 3216 5157 in
3247 5104 3553 5160 abolitione
3597 5105 3847 5160 Novatil-

2251 5217 2354 5257 nus
2380 5200 2534 5256 reddi
2565 5197 2839 5267 prohibet,
2871 5197 2968 5254 sed
3010 5197 3368 5267 pertinaciter
3397 5197 3466 5252 ad
3499 5201 3715 5254 veniam
3749 5214 3846 5254 non

2247 5295 2373 5350 sinit
2401 5293 2698 5365 pertinere.
2725 5291 2799 5344 Ne
2831 5305 2964 5346 sane
2994 5291 3061 5345 ab
3093 5289 3176 5343 bis
3229 5291 3539 5361 horumque
3585 5291 3847 5346 similibus

2247 5387 2464 5458 penitus
2495 5382 2746 5450 excedat,
2783 5383 3056 5438 levissima
3087 5395 3315 5452 quicque
3345 5390 3401 5435 et
3449 5395 3624 5452 pauca
3673 5384 3848 5438 dimit-

2249 5489 2391 5546 tens,
2422 5479 2475 5534 in
2505 5476 2766 5548 ;qualibet
2819 5475 3162 5532 correctione
3211 5483 3450 5530 exsertat:
3502 5475 3846 5546 indulgentia:

2249 5688 2575 5804 p|imiiodex
2628 5743 2854 5802 Lemov.
2906 5743 3415 5820 in_abolitiou_em...
3449 5748 3619 5820 redigi
3664 5766 3683 5804 :
3714 5749 3844 5819 Quod

2248 5822 2493 5878 ultimum
2523 5821 2747 5891 verbum
2776 5817 3018 5891 agnoscit
3049 5816 3215 5874 codex
3240 5816 3413 5875 Vind.
3451 5816 3682 5891 uterque
3705 5816 3845 5877 deiu-

2247 5895 2314 5952 dc
2341 5901 2557 5949 excretos
2581 5889 2942 5960 indulgentias.
