4060 6344
317 256 471 317 HM

1546 257 2173 319 CONSULTATIONUM
2217 260 2342 319 LIB.
2387 262 2451 320 ll.

3499 269 3640 328 “42

314 376 439 429 vim
483 376 696 446 repellit
732 394 745 432 :
779 392 901 433 eum
946 378 1199 436 Salvator
1226 380 1298 450 {in
1332 377 1640 451 Evangeliis
1688 382 1936 436 mundari
1968 386 2013 445 Α
2046 382 2182 437 diem
2210 382 2337 438 Iesu
2384 383 2575 439 Christi
2610 383 2817 439 Domini
2848 387 3015 440 nostri
3046 386 3089 457 (l
3116 387 3267 442 Thes.
3299 403 3357 455 v,
3386 386 3502 459 25).
3535 388 3641 444 Sed

316 486 430 541 per
486 471 895 544 eleemosynam
946 484 1137 531 cuncta
1191 485 1607 541 commemoret,
1663 490 1746 541 ac,
1805 476 1938 530 sicut

312 578 465 632 aqua
493 565 779 636 exstinguit
812 566 1004 638 ignem,
1033 568 1107 622 sic
1138 566 1463 639 eleemosyna
1487 570 1783 640 ,ewstinguit
1816 583 1935 635 pec-

312 669 503 709 catum
547 656 739 727 (Eccti.
769 675 845 725 ιιι,
880 658 997 733 55).
1044 660 1256 717 Relicto
1294 664 1531 734 denique
1584 673 1698 718 toto
1749 664 1939 718 admo-

311 748 457 803 dum
484 766 671 822 grege.
708 768 869 809 unam
912 769 1068 811 ovem
1101 756 1229 810 ﬁdei
1265 767 1452 827 pastor
1493 757 1741 828 inquirit,
1772 766 1827 812 et
1857 759 1939 812 in-

311 852 550 899 ventam
584 847 826 902 humeris
849 863 1230 919 superponens
1262 851 1384 922 plus
1424 852 1609 923 gaudii
1640 853 1691 907 iu
1720 852 1937 909 amissa:

312 942 754 1009 recuperatione
800 946 1108 1013 constituit,
1147 961 1308 1017 quam
1351 948 1589 1005 habebat
1643 950 1695 1004 in
1745 949 1935 1006 salvis.

311 1033 623 1102 Apostolus
645 1045 828 1090 autem
861 1038 1083 1094 formari
1116 1040 1166 1094 in
1192 1040 1263 1109 ise
1296 1057 1515 1097 rursum
1564 1057 1715 1098 more
1750 1055 1937 1113 partus

309 1123 551 1181 Galatas
583 1127 679 1192 ait,
710 1144 847 1197 quos
903 1134 1368 1191 revalescentibus
1399 1136 1548 1192 vitiis
1594 1138 1793 1193 frustra
1830 1138 1940 1208 pri-

314 1233 473 1273 mum
529 1221 582 1274 in
633 1224 1054 1292 regeneratione
1099 1230 1299 1283 mentis
1354 1230 1623 1285 ediderat.
1680 1230 1833 1287 Unde
1884 1242 1940 1288 et

308 1326 492 1381 opere
544 1310 827 1371 cbaritatis
875 1316 1073 1374 effecto
1123 1332 1475 1391 peccatorum
1530 1323 1936 1379 multitudinem

308 1406 457 1474 regi,
502 1406 700 1461 Petrus
748 1417 802 1463 et
861 1410 1099 1468 Jacobus
1151 1414 1368 1470 Domini
1419 1414 1589 1471 frater
1634 1417 1933 1484 affirmant,

308 1498 512 1555 verbis
541 1500 814 1557 similibus
848 1516 1216 1572 protestantes
1244 1526 1257 1562 :
1281 1508 1543 1575 Charitas,
1587 1510 1783 1579 inquit,
1816 1512 1939 1581 tegit

305 1594 709 1650 multitudinem
756 1607 1085 1667 peccatorum
1118 1601 1160 1673 (l
1201 1602 1318 1657 Pet.
1354 1620 1426 1673 tv,
1468 1604 1533 1669 8;
1567 1603 1686 1658 Jac.
1736 1619 1787 1670 v,
1817 1603 1932 1675 20).

304 1689 416 1756 Ita,
443 1689 529 1744 his
549 1691 834 1748 evidenter
854 1695 1136 1765 inspectis,
1164 1697 1422 1769 intelligis
1443 1698 1776 1755 Novatianos
1794 1708 1937 1755 atro-

2040 477 2177 531 alios
2226 478 2457 532 incautae
2510 478 2812 548 ignorantia
2855 480 3179 547 iuventutis,
3226 482 3363 535 alios
3413 488 3643 536 terrente

2038 569 2220 625 fervor
2249 571 2546 638 illecebrat,
2572 573 2638 626 ad
2668 572 2963 642 proclivem
3005 574 3329 639 delictorum
3373 574 3514 630 viam
3544 575 3644 631 du-

2037 664 2142 728 cit;
2174 664 2273 717 sub
2304 664 2484 719 verbis
2530 666 2766 734 propria!
2798 665 3172 721 excusationis
3207 665 3369 721 David
3415 668 3467 721 in
3517 668 3643 738 Spi-

2039 758 2144 810 ritu
2179 757 2321 811 isutd
2370 757 2625 828 loquente
2659 776 2669 810 :
2707 757 2913 812 Delicta
2930 760 3219 831 juventutis
3246 774 3373 814 mea:
3413 768 3461 813 et
3490 759 3641 832 igno-

2037 854 2235 906 rantias
2264 868 2404 907 meas
2443 870 2505 907 ne
2544 853 2869 923 memineris,
2904 852 3123 908 Domine
3146 853 3321 926 (Psal.
3376 869 3521 920 xxxv,
3557 852 3636 925 7).

2035 946 2313 1002 Justarum
2367 948 2564 1018 quippe
2592 949 2842 1019 allegatio
2893 938 3113 1016 precum
3164 957 3268 1018 est,
3298 951 3454 1006 annis
3484 950 3639 1007 inﬁr-

2040 1040 2306 1095 mioribus
2336 1051 2646 1113 perpetrata
2677 1042 2849 1097 forma
2878 1042 3221 1098 remissionis
3264 1044 3563 1111 reccnseri,
3590 1052 3648 1098 et

2037 1151 2160 1190 cum
2191 1137 2366 1191 astatis
2411 1136 2695 1207 privilegio
2738 1151 3027 1207 perperam
3074 1145 3224 1208 gesta
3257 1137 3484 1203 dimitti;
3514 1136 3644 1208 quia

2039 1227 2092 1282 in
2125 1227 2229 1282 hoc
2257 1229 2450 1285 eodem
2478 1230 2798 1285 testimonio
2831 1244 2938 1283 non
2971 1231 3147 1284 otiosa
3180 1245 3279 1298 per
3318 1229 3642 1300 prophetam

2038 1321 2273 1377 refertur
2306 1322 2567 1389 historia;
2605 1323 2698 1377 sed
2726 1323 2904 1376 {etatis
2934 1322 3001 1377 ad
3039 1337 3225 1377 casum
3277 1322 3513 1378 facilitas
3558 1321 3645 1377 in-

2038 1422 2255 1473 cautior
2282 1418 2585 1473 intimatur.
2611 1416 2666 1473 ln
2694 1432 2802 1487 quo
2833 1432 3103 1473 annorum
3133 1416 3306 1488 gradu
3335 1427 3356 1456 ο
3382 1432 3451 1472 ne
3495 1416 3646 1472 velut

2038 1512 2329 1580 specialem
2352 1511 2636 1567 Novatiani
2665 1512 2840 1568 locum
2868 1522 3111 1579 teneant,
3140 1511 3363 1567 audiant
3392 1511 3644 1567 Salomo-

2038 1622 2161 1662 nem
2210 1609 2329 1663 sine
2374 1610 2703 1676 exceptione
2744 1617 3051 1677 temporum
3086 1606 3287 1660 similia
3340 1604 3646 1676 priedican-

2039 1707 2147 1754 tem
2177 1716 2191 1757 :
2221 1699 2352 1767 Quis
2382 1699 2693 1771 gloriabitur
2740 1708 2938 1753 castum
2961 1717 3015 1753 se
3043 1698 3230 1753 habere
3270 1714 3377 1763 cor,
3410 1706 3459 1752 et
3487 1713 3641 1753 mun-

303 1783 363 1837 ci
414 1783 791 1841 obstinatione
837 1797 1091 1855 cmeatos,
1131 1791 1356 1846 malitizc
1398 1791 1578 1861 potius
1609 1807 1724 1848 suae
1769 1807 1930 1863 quam
1962 1782 2007 1841 Β
2038 1793 2161 1846 dum
2211 1809 2264 1847 se
2314 1809 2425 1847 esse
2468 1808 2501 1846 a
2546 1803 2756 1862 peccato
2792 1791 2977 1863 (Prov.
3008 1807 3098 1856 xx,
3141 1790 3226 1859 9)?
3284 1790 3519 1845 Exelusa
3558 1798 3643 1845 est

308 1876 413 1930 Dei
440 1875 768 1933 satisfacere
798 1880 1068 1935 voluntati
1093 1898 1107 1947 ;
1132 1882 1263 1937 dttm
1314 1885 1365 1937 in
1409 1884 1689 1953 proximos
1729 1896 1783 1940 et
1809 1894 1936 1955 post

302 1975 796 2041 compunctionem
825 1975 1254 2045 praeteritorum,
1284 1977 1414 2047 ipsis
1436 1979 1528 2049 qui
1551 1978 1799 2050 judicant
1825 1978 1935 2033 for-

305 2070 463 2119 tasse
488 2063 771 2133 meliores,
804 2076 859 2122 et
901 2067 1150 2123 confessa
1192 2069 1585 2138 condemnant,
1630 2082 1684 2127 et
1713 2071 1931 2141 expiata

307 2169 426 2209 non
461 2156 714 2224 solvunt;
746 2172 869 2229 quae
898 2168 955 2214 et
986 2160 1181 2215 donari
1233 2169 1487 2231 possunt,
1518 2170 1571 2216 et
1597 2160 1777 2217 occuli
1824 2177 1930 2217 non
1964 2190 1979 2201 ε

310 2256 565 2319 Oportet.

894 2343 1125 2400 CAPUT
1168 2344 1352 2400 XVIII.

619 2436 748 2504 Quae
780 2436 1092 2493 Novatianis
1122 2439 1486 2510 respondentia
1515 2441 1638 2494 sint.

394 2529 595 2585 Arcu.
626 2556 698 2569 -—
724 2528 1012 2586 Manifesta
1043 2539 1098 2587 et
1136 2532 1359 2587 evidens
1394 2533 1531 2587 ratio
1552 2542 1658 2602 est,
1689 2549 1796 2588 non
1848 2534 1931 2589 di-

316 2638 441 2676 cam
470 2623 587 2690 Dei,
621 2638 789 2692 penes
827 2638 989 2695 quem
1034 2626 1431 2682 misericordiae
1461 2643 1671 2682 summa
1711 2636 1814 2695 est,
1841 2644 1933 2683 ve-

314 2730 443 2771 rum
486 2718 651 2771 etiam
690 2716 961 2787 iustorum
996 2717 1275 2773 hominum
1324 2720 1532 2790 judicio
1558 2730 1583 2757 ει
1616 2721 1932 2777 irremedia-

321 2808 464 2863 biles
494 2807 652 2881 (non)
682 2810 827 2877 duci,
852 2810 943 2880 qui
977 2810 1235 2866 vitiorum
1286 2812 1555 2881 pravitate
1600 2813 1809 2867 calcata
1861 2814 1929 2869 ad

319 2903 551 2958 meliora
579 2918 640 2959 se
661 2905 969 2971 conferunt,
997 2913 1051 2960 et
1077 2914 1237 2969 antea
1269 2908 1354 2961 vel
1401 2907 1579 2961 rotatis
1628 2907 1931 2977 ignorantia

320 2996 686 3066 negligentes,
719 2998 803 3052 vel
830 3012 1055 3053 casuum
1085 2998 1432 3055 diversorum
1455 3000 1740 3055 erroribus
1767 3015 1931 3057 occu-

318 3093 459 3162 pati,
491 3091 597 3146 iter
629 3090 751 3147 fidei
799 3084 1076 3162 repetunt,
1112 3102 1275 3165 atque
1300 3090 1551 3164 abjecta,
1584 3110 1745 3163 quam
1779 3096 1929 3165 prius

2034 1900 2166 1956 ergo
2196 1885 2410 1939 vanitas
2437 1885 2615 1939 tacita:
2646 1884 2898 1940 falsitatis
2930 1882 3267 1954 :quamlibct
3313 1897 3483 1953 purus
3512 1894 3643 1937 ocu-

2036 1980 2103 2034 lis
2134 1978 2383 2034 videatur
2413 1962 2819 2045 humanis,'non
2853 1986 3037 2031 tamen
3060 1974 3185 2031 ideo
3208 1990 3336 2031 reus
3376 1990 3486 2030 non
3532 1983 3641 2042 est,

2034 2072 2181 2143 quod
2210 2087 2325 2127 suae
2348 2071 2437 2125 ille
2463 2070 2818 2126 conscientia
2849 2071 3067 2140 Deoque
3096 2069 3341 2139 pollutus
3364 2079 3471 2125 est.

2109 2167 2257 2221 lianc
2279 2166 2443 2236 igitur
2473 2172 2676 2220 nostrae
2704 2163 3015 2235 fragilitatis
3070 2163 3446 2217 infirmitatem
3498 2161 3642 2216 trino

2036 2260 2389 2332 indulgentiae
2430 2259 2598 2330 gradu
2644 2258 2869 2329 purgari
2908 2258 3080 2327 pietas
3129 2256 3318 2311 divina
3350 2254 3640 2327 permisit,

2032 2354 2245 2408 donans
2276 2350 2537 2421 principio
2562 2359 2757 2405 cuncta
2784 2364 2884 2421 per
2906 2349 3234 2417 baptismum
3262 2364 3277 2413 ;
3320 2347 3642 2417 obrepentia

2035 2458 2222 2517 postea
2273 2442 2592 2514 ptenitentia
2645 2451 2863 2513 tegens,
2905 2440 3152 2509 reputari
3209 2439 3428 2510 penitus
3492 2438 3641 2493 nulla

2033 2540 2338 2609 constituit,
2372 2538 2419 2593 si
2448 2539 2514 2591 ab
2538 2538 2684 2591 omni
2711 2535 2957 2605 corporis
2981 2534 3102 2589 labe
3143 2534 3391 2605 martyrii
3446 2547 3643 2602 quem-

2037 2635 2182 2705 piam
2214 2631 2400 2687 fervor
2428 2628 2700 2697 absolvat,
2731 2626 3017 2684 Psalmista
3047 2626 3263 2681 dicente
3289 2642 3301 2679 :
3328 2623 3479 2679 Beati
3506 2640 3639 2693 quo-

2034 2746 2151 2783 rum
2196 2727 2425 2780 remissa:
2456 2732 2590 2779 «sunt
2620 2722 2965 2794 iniquitates;
3001 2729 3049 2774 et
3078 2735 3299 2792 quorum
3332 2726 3464 2771 tecta
3519 2725 3640 2770 sunt

2036 2829 2263 2890 peccata.
2295 2816 2489 2870 Beatus
2528 2817 2603 2869 vir
2630 2815 2713 2867 cui
2750 2823 2866 2867 ‘non
2901 2811 3178 2882 imputabit
3226 2809 3483 2863 Dominus
3523 2824 3642 2879 pec-

2032 2922 2207 2967 catum
2238 2909 2413 2984 (Psal.
2454 2924 2609 2975 xxxi,
2638 2906 2716 2977 1).
2746 2906 3120 2961 Retnittuntur
3160 2918 3291 2974 ergo
3342 2903 3397 2957 in
3436 2902 3645 2972 baptis-

2035 3015 2180 3061 mate
2225 3004 2440 3067 omnia,
2487 3001 2743 3071 quoniam
2794 2998 2887 3053 illa
2937 3007 3145 3052 tantum
3191 3011 3313 3066 qua:
3353 3002 3638 3049 contracta

2035 3109 2157 3172 post
2207 3098 2429 3165 fuerint,
2485 3094 2833 3150 ascribontur
2890 3112 2902 3148 :
2952 3101 3211 3162 teguntur
3256 3090 3311 3144 in
3371 3089 3641 3160 pleniten-

320 3186 700 3254 prtetulerant,
734 3186 913 3241 carnis
946 3186 1225 3252 illecebra,
1262 3202 1517 3257 superna:
1561 3188 1930 3244 eonversatio-
1955 3171 2001 3236 Ο
2036 3171 2130 3259 tia,
2175 3207 2297 3263 quis
2343 3190 2391 3245 si
2426 3188 2629 3244 fuerint
2683 3187 2914 3256 repetita
2970 3183 3331 3240 reviviscunt.
3374 3182 3637 3253 lmputari

320 3278 406 3332 nis
430 3276 643 3331 actibus
668 3277 887 3333 diluunt
912 3278 1176 3348 quidquid
1209 3289 1334 3334 ante
1359 3288 1700 3335 terrenorum
1740 3294 1930 3338 amore

321 3372 654 3441 polluerant.
689 3372 796 3429 Sed
850 3373 992 3427 forte
1027 3382 1153 3427 ante
1203 3373 1536 3428 infusionem
1582 3374 1927 3443 baptismatis

318 3466 423 3520 ista
447 3480 711 3521 concessa
740 3465 871 3530 sint,
905 3474 960 3520 et
992 3465 1171 3534 aliqua
1197 3466 1523 3523 Novatianis
1552 3466 1694 3521 adsit
1731 3474 1925 3522 aucto-

318 3560 479 3627 ritas,
515 3575 617 3632 qua
652 3568 777 3630 post
808 3559 1086 3615 lavacrum
1129 3560 1380 3631 spiritale
1418 3561 1659 3631 pollutos
1705 3562 1925 3631 purgari

318 3671 429 3711 nou
480 3670 639 3726 posse
670 3656 1020 3723 contendant,
1064 3665 1118 3711 et.
1149 3656 1487 3713 inviolabilis
1533 3659 1709 3713 sancti
1750 3656 1925 3727 Spiri-

317 3764 407 3809 tus
438 3766 635 3808 munos
666 3754 805 3809 tradi
835 3766 930 3824 per
960 3754 1213 3809 homines
1241 3754 1411 3811 semel
1447 3768 1627 3825 posse,
1664 3756 1923 3810 amissum

319 3846 536 3901 restitui
586 3860 691 3900 non
738 3860 902 3916 posse
940 3846 1265 3903 confirment
1301 3866 1313 3901 :
1344 3848 1638 3903 assertioni
1677 3849 1924 3918 ipsorum

317 3940 413 3993 illo
437 3936 662 3992 forsitan
687 3938 1029 3993 extrinsecus
1058 3938 1411 4011 suffragante,
1435 3940 1579 4012 quod
1612 3955 1640 3993 a
1685 3956 1744 3995 se
1773 3941 1926 3999 locus

319 4034 662 4104 pmnitentiat
711 4046 817 4088 non
868 4044 1115 4104 negetur,
1148 4035 1243 4090 sed
1273 4052 1301 4089 a
1332 4036 1446 4091 Deo
1487 4036 1644 4091 venia
1678 4037 1749 4091 sit
1796 4052 1923 4108 spe-

319 4126 520 4191 randa;
555 4134 609 4181 et
629 4126 930 4182 satisfactio
958 4128 1227 4197 exilienda
1259 4144 1356 4198 pro
1397 4128 1575 4196 factis,
1612 4145 1718 4185 non
1766 4145 1927 4204 repu-

322 4222 479 4276 tanda
503 4236 600 4291 pro
630 4223 862 4277 meritis.
888 4222 1025 4290 Quid
1048 4237 1178 4293 ergo
1207 4225 1258 4279 in
1285 4223 1596 4295 hujusmodi
1621 4227 1925 4286 intentione

318 4315 642 4370 durantibus
672 4316 861 4371 referri
885 4316 1082 4371 debeat
1109 4317 1191 4372 νεΙ
1223 4318 1472 4388 probari,
1503 4330 1655 4374 more
1692 4336 1925 4379 consue-

319 4419 388 4464 με
417 4410 774 4479 expositiOnis
804 4410 1016 4465 insinua
1052 4429 1065 4466 :
1094 4419 1155 4466 ut
1180 4414 1645 4485 sermonisznostri
1675 4417 1923 4473 occasio-

322 4519 389 4559 ne
416 4510 473 4559 et
515 4504 701 4574 pravis
730 4505 1019 4574 correctio,
1046 4512 1101 4559 et
1127 4506 1284 4560 venia
1324 4503 1618 4562 suadeatur
1669 4508 1917 4577 afflictis;

2030 3298 2210 3343 autem
2267 3287 2320 3341 in
2368 3282 2627 3355 martyrio
2671 3282 2817 3336 nulla
2867 3288 3120 3352 possunt,
3163 3279 3289 3350 quia
3315 3286 3370 3335 et
3400 3279 3635 3349 primum

2032 3382 2270 3451 pretiosa
2318 3377 2597 3448 sanguinis
2642 3374 2912 3431 effusione
2951 3374 3225 3439 delentur,
3255 3381 3309 3428 et
3338 3372 3389 3425 in
3433 3372 3634 3442 pratju-

2029 3477 2230 3531 diciutu
2282 3473 2536 3529 exstincti
2585 3472 2821 3528 feliciter
2864 3470 3121 3538 corporis
3164 3484 3272 3523 non
3319 3477 3632 3524 recurrunt.

2028 3569 2135 3625 Sed
2166 3566 2468 3638 quamlibet
2492 3565 2827 3636 astipulante
2857 3563 3181 3635 paenitentia
3207 3562 3486 3617 dimittere
3510 3577 3635 3632 gra-

2029 3665 2112 3717 via
2154 3678 2265 3717 suae
2295 3660 2584 3732 potestatis
2615 3659 2910 3730 negabunt,
2960 3673 3085 3714 cum
3129 3657 3333 3726 pariter
3378 3655 3539 3712 ofﬁcii
3570 3670 3637 3712 ac

2031 3755 2387 3826 professionis
2414 3771 2526 3810 suae
2580 3768 2702 3809 esse
2748 3760 3120 3823 cognoscant,
3166 3761 3259 3805 aut
3288 3750 3463 3821 ligare
3515 3764 3636 3819 qua

2029 3852 2165 3906 dura
2188 3860 2339 3918 sunt,
2369 3859 2462 3905 aut
2510 3850 2725 3919 expiata
2755 3847 3099 3910 dissolvere;
3130 3845 3220 3899 illa
3263 3844 3332 3900 ad
3389 3845 3632 3908 Petrum,

2028 3947 2080 4000 in
2120 3946 2280 4013 cujus
2321 3957 2611 4014 personam
2660 3948 2905 4010 potestas
2947 3938 3192 3993 omnium
3238 3937 3499 3991 convenit
3543 3951 3634 3991 sa-

2023 4038 2331 4101 cerdotum,
2389 4034 2688 4091 Salvatoris
2744 4032 3017 4088 sententia
3059 4029 3430 4098 perdocente:
3470 4029 3632 4095 Qua:-

2026 4149 2241 4203 cumque
2281 4129 2562 4202 ligaveritis
2608 4129 2662 4181 in
2699 4126 2865 4194 terris,
2912 4126 3077 4196 ligata
3106 4132 3259 4177 erunt
3290 4132 3339 4176 et
3366 4124 3420 4176 in
3452 4122 3590 4177 caelis
3613 4138 3635 4178 .‘

2027 4235 2075 4279 et
2106 4238 2439 4295 qutecumque
2467 4221 2723 4275 solveritis
2759 4234 2919 4287 super
2952 4227 3165 4279 terram,
3202 4215 3373 4270 soluta
3401 4225 3551 4269 erunt
3582 4224 3632 4269 et

2026 4320 2080 4372 in
2111 4318 2251 4372 caelis
2283 4315 2499 4389 (Matth.
2534 4329 2645 4379 xvt,
2681 4312 2794 4383 l9).
2824 4309 3023 4365 Donari
3058 4310 3242 4379 itaque
3278 4309 3481 4364 delicta
3508 4309 3629 4365 sine

2026 4410 2347 4479 exceptione
2379 4406 2703 4476 permissum
2735 4414 2841 4468 est,
2876 4404 2920 4457 si
2952 4412 3162 4458 tantum
3192 4403 3245 4456 in
3269 4402 3625 4457 abolitionem

2025 4503 2186 4557 missa
2219 4516 2325 4555 non
2375 4498 2635 4563 redeant;
2671 4512 2772 4552 nec
2798 4496 2942 4551 sicut
2991 4494 3258 4565 scriptum
3316 4504 3400 4549 est
3426 4494 3627 4550 borio-

316 4595 444 4650 dom
502 4597 928 4668 irreligiosorum
986 4598 1286 4666 pertinacia
1341 4600 1599 4669 panditur
1648 4603 1915 4673 quidquid
1949 4579 2139 4652 Dreut
2191 4595 2397 4666 proprii
2444 4594 2683 4648 vomitus
2743 4590 2899 4646 canis
2931 4589 3241 4660 repetat(ll
3272 4587 3388 4645 Pet.
3422 4604 3481 4655 ιι,
3508 4586 3627 4660 ξε),

317 4691 432 4761 spei
458 4690 870 4761 desperantium
904 4692 1318 4761 comprobatur.

390 4784 591 4840 Zaccu.
615 4813 685 4827 --
712 4785 945 4841 Felicius
969 4785 1189 4857 quidem
1213 4796 1296 4842 est
1328 4788 1651 4844 intemerata
1703 4791 1923 4860 spirita-

319 4878 384 4932 lis
414 4880 601 4949 gratia:
628 4880 772 4935 dona
802 4892 1045 4945 servare,
1072 4890 1126 4935 et
1153 4881 1529 4950 incorruptum
1555 4882 1801 4937 caelestis
1834 4884 1919 4939 in-

316 4973 614 5044 dulgentia:
640 4988 840 5028 munus
860 4973 887 5012 δ
916 4974 1101 5029 futuro
1127 4974 1346 5030 deferre
1370 4974 1595 5043 judicio,
1623 4976 1795 5030 David
1821 4976 1925 5032 hoc

321 5067 648 5136 perdocente
679 5084 694 5120 :
720 5065 870 5121 Beati
896 5069 1220 5123 immaculati
1253 5071 1305 5122 in
1333 5072 1417 5123 via
1438 5069 1613 5141 (Psat.
1634 5085 1818 5138 cxvut,
1839 5072 1914 5141 l).

320 5160 613 5230 Apostolus
635 5159 782 5215 simil
809 5168 928 5214 ter:
965 5159 1034 5215 Ut
1064 5164 1345 5229 possimus,
1366 5163 1563 5230 inquit,
1593 5167 1799 5235 fratres,
1834 5165 1918 5219 in-

323 5270 503 5325 egrant
559 5263 605 5304 et
647 5252 876 5306 animant
926 5260 973 5306 et
1004 5269 1190 5324 corpus
1242 5263 1290 5307 et
1321 5256 1565 5325 spiritum
1607 5272 1811 5312 servare
1860 5259 1914 5312 in

392 5422 416 5450 δ
448 5413 503 5468 1η
530 5412 693 5469 editis
716 5413 1062 5467 irremeabiles
1083 5414 1224 5483 duri,
1258 5412 1335 5467 si:
1366 5422 1544 5469 tamen
1578 5414 1917 5473 utAcberius

322 5485 384 5538 ad
418 5486 713 5554 marginem
757 5487 1026 5540 monuerit
1086 5485 1407 5553 particulam
1444 5488 1749 5556 negationis
1792 5504 1913 5544 esse

322 5556 679 5640 adjiciendum
712 5573 725 5607 :
760 5570 948 5610 vocem
1005 5556 1412 5611 irremediabiles
1442 5573 1471 5612 e
1499 5558 1702 5627 .Codicc
1752 5560 1910 5615 Vind.

321 5641 676 5693 Stttttpsmttts.

392 5699 418 5737 δ
447 5702 535 5754 Sic.
562 5699 732 5753 codex
754 5696 814 5753 S.
843 5698 979 5754 Arn.
1012 5714 1173 5769 quem
1204 5714 1328 5752 cum
1361 5700 1916 5769 Aclterius"vidisset,

321 5769 918 5845 ederegtamenmaluit
944 5770 1305 5845 purodcferre
1328 5773 1553 5844 judicio.
1590 5772 1727 5827 Infra
1774 5785 1919 5845 gestu

322 5843 528 5910 dimitti,
575 5841 716 5912 quod
757 5852 837 5899 est
896 5844 947 5897 in
992 5841 1180 5899 codice
1233 5841 1394 5899 Vind.
1425 5846 1712 5900 maluimus
1757 5841 1917 5914 quam

2021 4702 2186 4761 atque
2213 4689 2431 4744 ablutas
2464 4688 2570 4757 piis
2596 4685 2876 4741 laboribus
2904 4682 3098 4739 sordes
3119 4697 3215 4738 sus
3245 4683 3298 4737 in
3324 4682 3629 4738 Volutabrls

2023 4782 2049 4821 ἀ
2076 4781 2369 4853 mergeuda
2409 4780 2710 4844 desideret,
2755 4779 2875 4847 plus
2924 4786 3047 4847 post
3094 4775 3340 4831 remedia
3398 4790 3625 4846 passura

2020 4876 2373 4941 discriminis,
2404 4890 2563 4946 quam
2600 4872 2984 4928 inchoantibus
3016 4871 3173 4924 malis
3198 4872 3416 4941 lapsura
3440 4879 3629 4942 pertu-

2022 4973 2185 5037 lerat,
2220 4969 2455 5025 Domino
2482 4969 2536 5022 in
2568 4966 2879 5035 Evangeliis
2922 4966 3004 5020 sic
3032 4974 3294 5020 mouente
3322 4982 3336 5017 :
3371 4962 3506 5017 Ecce
3531 4978 3624 5015 sa-

2026 5085 2124 5122 nus
2157 5068 2323 5137 factus
2352 5081 2425 5131 es,
2455 5065 2568 5134 jam
2596 5061 2703 5115 noli
2731 5076 2975 5133 peccare;
3004 5078 3069 5114 ne
3110 5059 3236 5131 quid
3272 5058 3367 5112 tibi
3394 5056 3625 5111 deterius

2017 5163 2283 5231 contingat
2330 5156 2512 5229 (Joan.
2560 5172 2615 5223 v,
2658 5155 2776 5225 54).
2825 5154 2963 5209 Nolo
3008 5153 3225 5208 dubites
3277 5167 3293 5204 :
3334 5145 3625 5220 praesentia

2020 5269 2260 5327 semper,
2293 5268 2401 5307 non
2445 5251 2721 5322 prmterita
2759 5250 2900 5304 Deus
2927 5257 3152 5311 censet;
3188 5246 3292 5299 hoc
3312 5244 3457 5300 enim
3498 5241 3574 5295 ait
3606 5258 3622 5295 :

2025 5416 2169 5489 quod
2196 5416 2406 5489 eratin
2430 5413 2603 5489 priori.
2627 5412 2865 5489 editione
2891 5418 3033 5489 gesta
3060 5407 3331 5489 committi.

2097 5502 2116 5525 ο
2153 5485 2243 5544 Sic
2274 5477 2443 5541 codd.-
2466 5482 2626 5539 Vind.
2659 5496 2715 5539 et
2761 5477 2982 5539 Lemov.
3018 5479 3070 5533 in
3102 5477 3269 5533 editis
3299 5495 3361 5532 ne
3399 5478 3477 5533 rel
3509 5496 3624 5549 spe-

2020 5561 2203 5615 cialem
2237 5575 2254 5613 :
2285 5558 2445 5613 iidem
2471 5556 2607 5611 infra
2637 5557 2807 5609 tacita:
2836 5554 3103 5624 falsitatis,
3142 5551 3299 5615 bene,
3337 5550 3426 5603 ubi
3474 5554 3624 5620 prior

2020 5633 2189 5688 editio
2220 5641 2375 5685 tanta:
2404 5629 2672 5701 falsitatis,
2697 5628 2849 5701 male
2862 5642 2879 5701 Δι
2916 5634 3188 5693 postremo
3222 5638 3253 5674 e
3305 5624 3497 5701 codice
3522 5624 3623 5678 Le~

2021 5710 2166 5759 mev.
2209 5694 2479 5757 edidimus
2509 5701 2646 5771 quod
2675 5714 2781 5753 sua:
2811 5697 2920 5761 ille,
2974 5710 3097 5749 cum
3143 5701 3299 5748 antea
3346 5694 3622 5763 legeretur

2023 5776 2326 5902 qung‘tftlt'ts
2362 5847 2448 5901 hic
2478 5847 2629 5901 locus
2658 5841 2803 5897 foede
2832 5846 3146 5909 corruptus.
3180 5837 3252 5893 Ita
3288 5838 3523 5909 legerem
3575 5837 3625 5894 si
