4060 6344
494 244 637 303 1165

1751 244 2073 303 ΖΑΟΟΗΑΞΙ
2108 240 2500 303 CHRISTIANI

3665 246 3797 309 1144

500 366 567 421 In
595 382 697 437 qua
720 367 803 420 via
830 376 877 421 te
899 368 1157 432 invenero,
1182 365 1236 419 in
1273 380 1332 419 ea
1364 375 1411 418 te
1442 365 1712 433 iudicabo,
1746 365 1870 421 dicit
1920 364 2071 419 Domi
2085 393 2099 404 -
2132 364 2177 423 Α
2208 362 2373 433 Cujus
2406 374 2584 420 tamen
2616 363 2820 433 gradus
2859 364 3111 419 omnibus
3133 364 3445 421 relicturus
3476 364 3796 436 exemplum,

503 479 599 515 nus
630 459 844 531 (Ezech.
869 459 961 527 53,
988 459 1105 529 ‘20).

578 552 733 620 Quod
767 552 809 605 si
856 561 979 621 post
1030 550 1318 617 baptisma,
1356 548 1409 603 id
1442 559 1547 615 est,
1582 558 1705 619 post
1751 550 1937 605 sancli-
1983 549 2105 619 Spi-

502 646 642 701 ritus
673 644 1101 713 susceptionem,
1138 642 1581 713 redintegrandae
1613 644 1771 698 nobis
1807 644 1995 714 gratim
2020 645 2103 699 lo-

503 753 603 794 cus
637 754 742 793 non
778 751 893 803 eSt;
924 736 1383 808 quemadmodum
1418 740 1619 803 Aaron,
1662 739 1851 809 utique
1877 739 1986 807 jam
2017 755 2105 793 sa-

508 832 724 899 cerdos,
767 834 913 902 gravi
956 842 1249 901 exemptus
1280 831 1507 888 oﬂ'ensm
1550 834 1813 888 amissum
1849 835 2106 903 pontiﬁcii

504 926 731 994 gradum
766 925 992 992 recepit,
1024 935 1077 979 et
1111 935 1231 990 post
1266 927 1430 995 lepra:
1474 926 1803 982 infusionem
1858 930 2108 985 mundari

503 1017 671 1073 Maria
700 1019 916 1073 coalitus
949 1021 1167 1084 meruit,
1202 1037 1324 1090 qurn
1354 1037 1421 1075 ne
1450 1038 1779 1091 quem-piam
1813 1024 2104 1093 pollueret,

499 1111 679 1166 fuerat
706 1112 1025 1183 segregata?
1057 1128 1178 1168 nam
1217 1114 1268 1168 in
1313 1117 1513 1170 castris
1542 1120 1894 1188 congregatio
1944 1120 2107 1189 spiri-

507 1206 632 1260 talis
664 1205 912 1275 signatur
939 1208 1232 1272 lﬂcclesite;
1281 1210 1429 1277 lepra
1462 1226 1593 1265 vero
1645 1212 1832 1266 delicti
1866 1214 2111 1269 mortalis

505 1298 715 1368 efﬁgies
742 1301 1301 1356 demonstratur.Cur
1334 1304 1645 1372 patriarcha
1677 1304 1847 1359 David
1881 1308 2113 1375 geminis

504 1394 865 1464 sanguinibus
895 1396 1223 1465 expiandus,
1258 1397 1508 1453 innovari
1533 1398 1584 1453 in
1616 1414 1675 1453 se
1704 1400 1902 1468 prioris
1927 1402 2112 1468 gratia:

505 1488 768 1557 Spiritum
829 1491 983 1558 petit,
1019 1491 1259 1546 evidenti
1312 1493 1508 1549 ﬁducia
1561 1494 1671 1548 Deo
1702 1493 2002 1563 pollicens,
2058 1508 2114 1551 ut

504 1580 814 1643 iniquorum
843 1582 1131 1637 conversio
1163 1585 1335 1638 venia:
1386 1602 1498 1639 sua:
1548 1596 1877 1653 provocetur
1922 1604 2112 1643 exent-

505 1676 637 1743 plo:
674 1686 861 1744 patere
917 1677 1139 1747 insuper
1168 1680 1273 1733 sibi
1311 1680 1364 1734 in
1421 1681 1513 1734 Dei
1568 1681 1817 1737 laudibus
1851 1684 2107 1753 loquendi

2207 471 2372 527 agens
2408 457 2458 511 itt
2489 471 2723 524 corpore
2753 456 2872 526 ipse
2901 456 3175 512 lustravit.
3203 456 3261 512 In
3298 456 3543 512 Jordane
3563 458 3799 527 baptiza-

2210 560 2294 607 tus
2346 561 2463 617 est;
2500 551 2839 619 poettitentia:
2886 551 3122 621 speciem
3170 552 3407 622 pertulit
3456 553 3510 604 in
3540 550 3799 606 deserto:

2207 644 2349 716 quod
2378 654 2561 699 autem
2608 658 2835 698 summre
2878 643 3279 714 puriﬁcationis
3309 653 3453 708 erat,
3482 642 3534 699 in
3562 646 3803 715 passione

2209 738 2526 805 complevit.
3691 810 3698 815 .

2282 831 2435 885 Unde
2479 829 2739 897 advertis,
2768 830 3097 887 Novatianos
3132 831 3236 887 sub
3266 830 3412 885 omni
3450 810 3804 900 peccatorum

2209 925 2500 979 occasione
2522 924 2783 993 degentes
2816 924 3103 979 adversum
3139 939 3198 978 se
3230 924 3564 977 stultissime
3593 937 3806 978 recusa-

2212 1033 2293 1084 re,
2342 1018 2485 1088 quod
2533 1018 2696 1072 Deum
2747 1033 2846 1087 pro
2886 1032 2946 1072 se
3000 1018 3311 1087 intelligant
3341 1016 3693 1087 prmstitisse;
3726 1032 3808 1072 so-

2213 1114 2428 1184 lamque
2460 1112 2785 1178 Ecclesiam,
2813 1119 2871 1167 ut
2903 1111 3028 1178 lide,
3058 1116 3129 1165 ita
3153 1122 3209 1167 et
3239 1110 3473 1182 pietate,
3500 1111 3611 1166 Deo
3634 1112 3809 1181 proxi-

2214 1221 2381 1270 mam,
2408 1221 2571 1275 supra
2612 1206 2772 1261 vilem
2824 1204 3253 1260 concubinarum
3307 1219 3552 1275 gregem,
3579 1203 3810 1275 reginam

2216 1300 2411 1355 merito
2458 1299 2783 1369 nuncupari,
2817 1315 2937 1368 qum
2967 1298 3173 1353 dextrae
3214 1299 3392 1367 partis
3438 1298 3694 1353 obtinens
3739 1300 3812 1354 lo-

2215 1408 2359 1457 cmn,
2394 1392 2631 1445 sinistra:
2663 1392 2808 1447 ﬁlios
2837 1392 2983 1447 celsa
3014 1392 3377 1456 condemnat;
3409 1392 3476 1446 ad
3511 1407 3573 1449 se
3602 1393 3815 1448 venit-n-

2218 1486 2363 1541 tibus
2391 1486 2654 1556 integram
2701 1485 2863 1541 ﬁdem
2900 1485 3145 1552 tradens,
3181 1486 3502 1542 revertendi
3529 1486 3597 1541 ad
3646 1502 3705 1543 se
3732 1504 3818 1543 cu-

2219 1582 2497 1655 pientibus
2517 1581 2724 1636 aditum
2750 1598 2857 1637 non
2888 1581 3264 1649 prmcludens;
3314 1581 3443 1635 dum
3489 1591 3545 1637 et
3573 1579 3820 1636 manifes-

2225 1686 2335 1729 tam
2386 1673 2726 1729 divinitatem
2780 1672 3030 1728 ﬁdelibus
3079 1671 3454 1743 pra-dicat,et
3509 1688 3606 1742 spe
3655 1673 3819 1727 venia:

505 1771 719 1839 copiam
764 1771 1116 1842 deprecatus,
1152 1777 1532 1832 auctoritatem
1580 1778 1985 1847 prmdicationis
2012 1782 2109 1837 ob-

2221 1770 2567 1841 promptioris
2600 1768 2807 1822 mavult
2842 1782 3105 1823 revocare
3152 1778 3486 1836 pereuntes,
3518 1780 3683 1836 quam
3712 1781 3823 1820 cor-

506 1865 693 1929 tinuit,
741 1866 932 1921 dicens
967 1886 978 1920 :
1014 1867 1179 1923 Labia
1225 1886 1340 1923 mea
1362 1874 1583 1939 aperies,
1614 1883 1662 1927 et
1685 1890 1771 1928 eos
1815 1893 1982 1931 meum
2010 1895 2107 1933 an-

508 1958 769 2011 nuntinbit
799 1960 1008 2013 laudem
1034 1970 1175 2015 tuam
1207 1961 1381 2035 (Psal.
1415 1982 1468 2029 L,
1496 1965 1606 2032 17).
1643 1966 1911 2023 Peccatori
1940 1982 2111 2026 autem

510 2051 640 2105 dixit
669 2048 811 2107 Dens
838 2070 857 2107 :
892 2053 1063 2120 Quare
1091 2066 1146 2109 tu
1189 2074 1400 2112 enarras
1421 2059 1659 2129 justitias
1690 2079 1849 2127 meas,
1875 2075 1923 2118 et
1949 2071 2111 2120 sumis

506 2153 870 2201 testamentum
914 2165 1081 2202 meum
1111 2167 1204 2221 per
1230 2168 1285 2205 os
1308 2151 1639 2222 tuum(Psal.
1677 2171 1819 2224 XLIX,
1848 2158 1969 2227 l6)?
1998 2159 2109 2215 Nisi

510 2236 656 2291 forte
680 2239 731 2292 in
757 2239 1042 2309 prophetis
1067 2241 1234 2297 alium
1253 2243 1523 2312 spiritum,
1543 2260 1705 2316 quam
1732 2264 1879 2303 nunc
1904 2251 2113 2322 accipi-

515 2347 659 2398 mus,
681 2333 850 2390 fuisse
867 2337 1228 2406 contendunt,
1250 2349 1345 2393 aut
1374 2341 1593 2411 penitus
1610 2358 1717 2397 non
1737 2343 1930 2411 fuisse,
1948 2358 2115 2418 atque

512 2423 862 2483 immitiorem
896 2432 995 2483 Sllb
1026 2432 1205 2500 gratia
1233 2432 1652 2502 Evangeliorum
1675 2436 1843 2493 Deum
1869 2456 2032 2508 quam
2060 2443 2115 2497 in

508 2517 626 2586 lege
651 2522 1019 2587 constituunt;
1045 2525 1135 2593 qui
1161 2524 1408 2595 Petrum,
1436 2528 1486 2581 id
1515 2537 1619 2593 cst,
1648 2531 1826 2599 ipsum
1854 2532 2115 2590 Ecclesia:

509 2608 947 2680 fundamentum,
965 2616 1181 2671 tametsi
1198 2618 1249 2671 in
1265 2620 1495 2675 crimine
1511 2638 1615 2675 non
1638 2627 1930 2691 mansisse,
1948 2625 2117 2683 fuisse

508 2714 689 2762 tamen
721 2708 773 2762 in
802 2708 1036 2764 crimine
1066 2709 1409 2779 fatebuntur;
1434 2723 1489 2768 et
1510 2714 1905 2772 admonitionis
1935 2718 2119 2773 Domi-

515 2801 656 2854 uicm
674 2803 1083 2869 recordantem,
1107 2821 1212 2858 non
1242 2806 1626 2876 perﬁdim,sed
1647 2809 2119 2881 inﬁrmitatisrea-

508 2903 623 2947 tum
668 2895 1037 2951 amaritudine
1066 2898 1295 2954 diluisse
1324 2900 1637 2970 intelligant
1671 2914 1696 2939 ιι
1727 2902 2117 2976 lacrymarum.

511 2987 659 3044 Talis
680 2991 910 3060 perinde
938 2993 1205 3047 luxuriosi
1229 2992 1376 3049 illius
1404 2995 1455 3049 in
1478 2995 1774 3067 Evangelio
1797 2998 2010 3053 reditus
2028 2999 2121 3055 ab-

504 3083 739 3151 sumptis
779 3084 973 3153 opibos
1026 3086 1351 3142 substantiae
1387 3089 1679 3157 spiritalis,
1714 3100 1875 3161 atque
1915 3106 1943 3143 a
1976 3106 2037 3146 se
2061 3092 2113 3146 in

508 3176 709 3231 coelum
742 3187 1024 3245 peccatum
1055 3177 1298 3242 fatentis,
1332 3194 1438 3234 non
1486 3183 1733 3236 renuitur
1765 3192 1825 3237 ut
1848 3184 2109 3253 pollutus,

510 3283 610 3322 nec
634 3267 905 3324 refutatur
927 3280 988 3323 ut
1017 3271 1296 3342 prodigus,
1332 3272 1427 3327 sed
1453 3272 1821 3330 incumbentis
1859 3278 1910 3331 in
1940 3279 2115 3332 cervi-

509 3376 630 3418 cem
660 3378 815 3418 suam
844 3363 1015 3434 patris
1037 3366 1262 3433 osculis,
1286 3366 1335 3419 id
1361 3377 1470 3432 est,
1496 3368 1767 3423 catholica
1803 3385 1961 3439 pace,
1994 3386 2112 3426 sus-

509 3456 744 3526 cipitur;
777 3458 865 3526 qui
889 3458 1075 3528 utique
1114 3458 1213 3512 nisi
1248 3474 1346 3528 per
1392 3459 1740 3530 ad0ptionem
1772 3462 2115 3534 baptismatis

511 3550 664 3620 prius
715 3549 861 3604 lilius
888 3565 1012 3605 esse
1045 3566 1157 3605 non
1200 3552 1398 3620 potuit.
1433 3554 1604 3623 Magni
1664 3555 1827 3609 etiam
1880 3560 2114 3613 convivii

506 3645 724 3699 laetatus
766 3653 850 3699 est
900 3655 1185 3714 apparatu,
1223 3646 1274 3699 id
1304 3657 1417 3712 est,
1460 3650 1866 3705 communionis
1915 3651 2115 3708 divinae

511 3737 721 3791 [tenore
754 3738 989 3792 donatus
1029 3750 1150 3803 est;
1188 3738 1239 3792 in
1271 3742 1474 3795 annulo
1513 3742 1673 3796 iidem
1727 3745 2023 3812 recipiens,
2061 3748 2111 3800 in

509 3830 652 3885 Stola
699 3830 890 3900 gratias
931 3832 1321 3885 vestimentum
1352 3850 1365 3884 :
1399 3847 1566 3888 carne
1614 3835 1837 3903 insuper
1874 3838 2116 3906 pascitur

510 3924 770 3989 vituli,id
813 3934 919 3993 est,
969 3933 1188 3978 :eternm
1236 3925 1618 3994 haereditatis,
1677 3930 1820 3983 Sacri
1867 3934 2114 3999 corporis

504 4021 909 4090 assumptione,
942 4022 999 4075 lit
1029 4022 1345 4092 particeps;
1382 4024 1544 4094 plena
1574 4024 1904 4094 Aposwlicre
1940 4028 2115 4098 digni-

508 4116 635 4170 tatis
663 4122 985 4170 ornamenta
1020 4115 1271 4171 sortitus.

578 4208 863 4263 Postremo
884 4211 1051 4263 etiam
1079 4208 1479 4278 blasphemiam
1522 4226 1645 4280 qua:
1670 4220 1867 4267 cuncta
1913 4227 2109 4283 super-

503 4303 751 4374 greditur
777 4303 1033 4370 crimina,
1086 4305 1289 4358 remitti
1324 4320 1485 4373 posse
1533 4306 1785 4363 Salvator
1831 4310 2117 4378 insinuat,’

505 4394 823 4464 abolerique
856 4397 910 4449 in
948 4411 1007 4450 se
1038 4397 1330 4451 connuissa
1356 4413 1464 4452 non
1492 4400 1693 4465 renuit,
1721 4400 1766 4455 si
1806 4416 1954 4457 verae
1977 4417 2109 4459 con-

503 4490 773 4545 versionis
816 4489 1002 4544 lahore
1057 4505 1370 4544 mereamur
1402 4500 1458 4544 ut
1508 4494 1610 4546 sub
1652 4493 1769 4561 ejus
1832 4505 2110 4567 praecepto

2139 4541 2191 4602 D

2214 1866 2473 1936 rigeudos
2505 1862 2729 1917 forsitan
2757 1862 3138 1931 deSperatione
3167 1860 3528 1917 confundere.

2812 1957 3040 2013 CAPUT
3079 1957 3223 2013 XIX.

2276 2054 2405 2119 Qua:
2432 2051 2499 2106 sit
2528 2051 2888 2122 mysteriorum
2914 2051 3211 2105 divinorum
3243 2051 3452 2121 integra
3490 2051 3773 2120 plenitudo.

2292 2154 2492 2204 ApoLL.
2543 2178 2598 2190 —
2627 2146 2684 2203 In
2711 2157 2902 2217 aperto
2931 2157 3015 2203 est
3036 2146 3374 2202 Novatianos
3403 2146 3573 2202 stulte
3622 2148 3819 2217 ignosci

2219 2246 2366 2300 nolle
2396 2244 2657 2314 peccatis,
2691 2252 2746 2298 et
2776 2257 2887 2297 sua:
2914 2240 3227 2312 fragilitatis
3260 2242 3618 2296 immemores
3650 2241 3821 2310 lapso—

2218 2354 2336 2393 rum
2372 2338 2547 2408 magis
2578 2336 2951 2401 damnatione,
2985 2350 3141 2404 quam
3195 2349 3591 2390 conversurum
3645 2350 3820 2389 cmen-

2217 2416 2438 2487 datione
2514 2430 2685 2485 lauari
2727 2447 2740 2483 :
2788 2428 2886 2484 sed
2945 2428 3047 2483 nisi
3100 2428 3482 2498 expostulatio
3542 2427 3820 2497 multiplex

2222 2526 2443 2582 ttediutn
2482 2520 2692 2594 'gignit,
2751 2538 2911 2578 unum
2968 2523 3104 2576 hanc
3153 2520 3577 2576 consntnmandi
3646 2520 3820 2589 Operis

2220 2620 2394 2691 adjice
2435 2618 2771 2683 ﬁrmitatem,
2799 2629 2858 2672 ut
2890 2617 3060 2671 totius
3099 2615 3446 2670 credulitatis
3484 2630 3685 2684 corpus
3714 2628 3819 2669 am-

2223 2691 2494 2783 plectens,
2529 2720 2996 2766 sacramentorum
3040 2723 3336 2765 enumeres
3382 2709 3595 2779 fastigia
3624 2708 3821 2763 divino-

2224 2823 2367 2873 rum,
2398 2817 2453 2860 et
2480 2804 2763 2859 memoriae
2790 2802 3095 2857 mandanda
3123 2803 3458 2868 constituas,
3490 2818 3611 2871 quae
3641 2815 3818 2871 peren-

2226 2902 2311 2955 nis
2343 2899 2456 2969 spei
2483 2897 2855 2954 intellectibns
2906 2893 3215 2966 prodidisti,
3244 2903 3303 2948 ut
3342 2895 3603 2948 concluso
3645 2894 3819 2964 paucis

2225 2994 2479 3049 sensibus
2502 2992 2671 3046 verbo
2693 2990 2937 3045 recolere
2957 2990 3127 3060 possit
3146 2988 3341 3043 crebra
3364 2986 3665 3052 confessio,
3685 2985 3817 3057 quod

2228 3086 2281 3141 in
2316 3084 2544 3140 formam
2573 3082 2858 3141 catholicae
2888 3080 3173 3137 brevitatis
3203 3079 3504 3134 insinuatio
3528 3078 3704 3135 ﬁdelis
3727 3094 3815 3150 ap-

2223 3180 2437 3237 laverit.

2288 3274 2487 3329 ΖΑοειι.
2541 3302 2609 3312 -
2655 3271 2920 3329 Sulﬁcere
2960 3267 3179 3340 quidem
3230 3275 3451 3336 poterat
3495 3265 3731 3322 decursa
3769 3264 3817 3319 in

2216 3368 2397 3423 causis
2446 3366 2673 3437 singulis
2701 3366 2859 3430 ratio,
2914 3373 2969 3419 et
3006 3362 3252 3417 omnium
3300 3360 3808 3430 interpretationum

2219 3470 2407 3516 textus
2437 3460 2660 3515 elucens
2688 3477 2701 3515 :
2729 3458 2825 3513 sed
2860 3471 2927 3513 ne
2948 3454 3143 3526 aliquis
3173 3470 3239 3509 ex
3271 3455 3540 3509 varietate
3570 3468 3815 3509 sensuum

2216 3555 2530 3625 scrupulus,
2566 3570 2631 3608 ne
2648 3569 2751 3624 qua
2775 3568 2841 3607 ex
2866 3550 3284 3621 responsionum
3312 3548 3631 3617 pluralitate
3660 3547 3818 3603 ambi-

2218 3652 2395 3720 guitas
2423 3648 2689 3703 excitetur
2715 3663 2728 3711 ;
2752 3648 2917 3699 totius
2937 3644 3059 3698 ﬁdei
3083 3658 3299 3699 sacrum
3323 3642 3579 3697 ordinem
3607 3652 3814 3707 tenens,

2218 3757 2435 3811 semper
2463 3742 2578 3796 haec
2608 3740 2837 3795 recoles.
2870 3736 3018 3793 Unus
3043 3744 3128 3791 est
3167 3734 3313 3791 Deus
3344 3735 3528 3801 Pater,
3562 3736 3654 3807 qui
3684 3750 3815 3791 sem-

2219 3853 2317 3909 per
2359 3837 2461 3893 hoc
2513 3837 2702 3891 habuit
2748 3834 2987 3905 speciale
3017 3832 3159 3903 quod
3196 3832 3359 3886 Pater
3389 3840 3498 3897 est,
3531 3847 3640 3887 non
3689 3832 3816 3887 reci-

2216 3935 2374 4005 piens
2404 3932 2533 3999 ulla,
2583 3931 2677 3987 sed
2726 3947 2753 3983 a
2801 3945 2860 3985 se
2905 3929 3193 4000 proferens
3224 3928 3450 3992 omnia;
3496 3927 3813 3984 ineonverti-

2217 4030 2365 4093 bilis,
2417 4026 2734 4092 invisibilis,
2769 4021 3194 4084 inarstimabilis.
3230 4033 3494 4078 :cternus.
3538 4022 3636 4077 Est
3664 4022 3813 4093 igitur

2217 4130 2271 4176 et
2303 4120 2474 4175 Filius
2507 4117 2732 4174 nomine
2778 4129 2947 4187 atque
2979 4130 3235 4186 persona,
3277 4129 3385 4169 non
3432 4116 3755 4181 substantia,
3786 4130 3809 4168 a

2218 4215 2381 4270 Patre
2420 4213 2733 4279 distinctus,
2770 4211 2947 4280 plena:
2980 4207 3288 4277 majeStatis
3317 4218 3375 4263 ut
3411 4209 3652 4277 genitor,
3698 4223 3809 4278 per-

2215 4309 2391 4362 lectus
2420 4305 2647 4375 perinde
2677 4314 2730 4359 et
2754 4303 3119 4372 sempiternus
3150 4317 3163 4365 ;
3201 4316 3302 4357 nec
3330 4301 3629 4357 secundum
3665 4303 3810 4371 perli-

2215 4402 2409 4457 dorutu
2438 4399 2731 4469 opiniones
2754 4413 2782 4450 a
2809 4408 3056 4464 tempore
3073 4394 3385 4450 credendus
3403 4406 3489 4450 est
3516 4395 3642 4467 quia
3669 4403 3811 4450 natus

2216 4506 2299 4550 est
2332 4511 2346 4559 ;
2378 4493 2475 4549 sed
2507 4508 2630 4547 cum
2663 4492 2827 4547 Patre
2855 4499 2983 4546 ante
3016 4497 3259 4561 tempora
3290 4504 3545 4555 manens,
3576 4490 3731 4545 nobis
3754 4504 3812 4544 ex

496 4583 697 4639 caelum
758 4583 1071 4639 consentiat
1118 4597 1241 4636 cum
1301 4582 1509 4653 judicio
1558 4586 1947 4653 sacerdotum;
2000 4606 2103 4658 qua
2138 4582 2189 4649 ξ’
2218 4599 2463 4657 tempore
2493 4586 2759 4657 assumpti
2803 4585 3103 4642 Salvatoris
3136 4597 3433 4640 ostensus:
3485 4601 3628 4639 unus
3680 4599 3811 4639 nunc

500 4676 704 4731 ﬁducia
752 4674 1052 4731 Salvatoris
1091 4674 1256 4730 edicti
1289 4690 1407 4742 eos,
1455 4676 1548 4745 qui
1597 4692 1695 4746 per
1741 4678 1901 4734 ﬁdem
1958 4682 2106 4736 vitiis

498 4768 888 4833 emundantur,
922 4781 1030 4820 non
1084 4774 1291 4820 tantum
1320 4766 1387 4820 ad
1422 4767 1635 4822 veniam
1686 4768 1783 4824 sed
1837 4769 2101 4827 honorem

500 4863 743 4933 gentium
774 4862 981 4917 Doctor
1007 4863 1201 4917 invitat
1228 4862 1419 4917 dicens
1450 4882 1462 4917 :
1498 4866 1601 4932 Qui
1624 4876 1797 4920 autem
1818 4884 1874 4921 se
1904 4886 2101 4925 emun—

501 4956 697 5009 daverit
750 4955 813 5008 ab
858 4955 995 5021 istis,
1027 4956 1123 5009 erit
1169 4972 1258 5010 uas
1305 4957 1744 5026 sanctiﬁcatumb
1780 4961 1831 5013 in
1883 4965 2097 5031 honore,

497 5050 625 5103 utile
652 5046 904 5114 Domino,
928 5048 995 5101 ad
1024 5065 1172 5103 omne
1197 5065 1328 5119 apus
1358 5051 1547 5105 bonum
1601 5063 1841 5120 paratum
1863 5055 1931 5124 (ll
1963 5055 2097 5115 Tim.

492 5155 554 5207 tt,
579 5140 694 5210 21).
726 5139 914 5211 Itaque
948 5150 1006 5196 ut
1035 5142 1089 5197 in
1138 5145 1343 5197 unitate
1375 5145 1684 5202 divinitatis
1713 5159 1797 5202 est
1834 5148 2096 5218 Trinitas,

494 5235 570 5289 ita
594 5236 646 5289 in
678 5250 789 5290 uno
811 5234 1155 5305 baptismatis
1181 5234 1400 5291 nomine
1433 5238 1571 5292 trina
1601 5243 1847 5310 purgatio
1872 5259 1885 5306 ;
1912 5242 2099 5299 Domi-

496 5344 567 5382 no
595 5328 660 5382 ad
691 5328 990 5399 Apostolos
1015 5330 1093 5384 sic
1130 5329 1427 5399 loquente:
1461 5331 1665 5401 Adhuc,
1696 5335 1890 5404 inquit,
1935 5338 2099 5393 habeo

493 5421 749 5492 baptizari
782 5422 1091 5492 baptismate
1117 5422 1255 5493 quod
1308 5437 1394 5477 vos
1426 5425 1633 5480 nescitis
1664 5426 1799 5498 (Luc
1847 5444 1943 5496 xtl,
1979 5430 2094 5503 50).

486 5622 579 5664 res
606 5606 710 5733 meli
740 5606 951 5663 arbitrii
981 5618 1148 5674 esset,
1177 5608 1453 5682 mergendo
1479 5624 1534 5664 se
1562 5609 1885 5669 desideret...
1907 5632 2093 5687 passu-

487 5695 649 5733 rus...
700 5696 883 5733 amns.

487 5695 598 5733 rus.
614 5718 649 5733 ..
680 5695 883 5749 lapsus.

559 5759 585 5787 ιι
615 5752 703 5805 Sic
753 5765 980 5819 uterque
1011 5752 1182 5807 codex
1232 5753 1382 5809 Lem.
1430 5762 1486 5810 et
1533 5752 1695 5810 Vind.
1746 5760 2080 5818 emendate:

478 5822 631 5888 prior
658 5821 850 5888 editio,
879 5823 1012 5877 dilui
1042 5823 1361 5897 intelligant,
1404 5837 1681 5897 corrupte.

2208 4685 2463 4754 idemque
2496 4693 2787 4737 mansurus
2821 4690 2876 4735 et
2907 4677 3213 4735 credendus
3244 4688 3328 4733 est
3354 4687 3409 4733 et
3436 4678 3808 4746 conﬁtendus;

2205 4778 2463 4851 quoniam
2484 4773 2778 4830 manifesta
2807 4772 2927 4843 ejus
2952 4771 3207 4826 divinitas
3230 4786 3336 4825 non
3369 4769 3612 4826 admittit
3634 4780 3693 4826 ut
3719 4772 3812 4827 ali-

2207 4869 2426 4941 quando
2454 4884 2562 4923 non
2593 4865 2755 4921 luerit
2781 4882 2795 4931 ;
2828 4880 2931 4920 nec
2954 4864 3344 4931 rursumgveraa
3375 4862 3810 4934 carnisassump—

2212 4966 2289 5019 tio
2315 4964 2541 5029 patitur,
2569 4968 2629 5015 ut
2649 4960 2823 5014 sancti
2848 4959 3080 5029 Spiritus
3104 4957 3349 5014 cretione
3370 4969 3632 5014 cessante
3660 4968 3809 5015 natus

2210 5073 2274 5111 ex
2305 5054 2527 5125 Virgine
2558 5068 2663 5109 non
2690 5050 2965 5107 credatur.
3002 5050 3099 5105 Est
3122 5059 3178 5104 et
3205 5050 3446 5119 Spiritus
3475 5059 3703 5106 sanctus
3735 5064 3754 5092 ε
3784 5066 3812 5106 a

2210 5155 2369 5208 Patre
2398 5150 2658 5206 similiter
2703 5164 2765 5203 ac
2796 5148 2960 5213 Filio,
2995 5162 3226 5218 persona
3258 5157 3463 5203 tantum
3492 5158 3547 5203 et
3575 5148 3807 5212 nomine,

2212 5264 2318 5302 non
2351 5245 2635 5314 majestate
2666 5252 2760 5299 aut
2781 5243 3084 5299 substantia
3114 5243 3253 5298 alius
3276 5244 3637 5299 :cstimandus
3665 5262 3679 5310 ;
3709 5260 3808 5301 non

2209 5341 2427 5413 genitus
2460 5348 2521 5394 ut
2564 5337 2757 5405 Filius,
2793 5336 2890 5392 sed
2928 5352 2957 5391 a
2992 5338 3155 5392 Patre
3206 5336 3531 5406 procedens,
3577 5338 3803 5406 virtutis,

2209 5432 2535 5500 divinitatis,
2582 5430 2807 5487 honoris
2850 5429 3081 5500 perinde
3109 5443 3171 5484 ac
3215 5429 3516 5485 voluntatis
3543 5430 3799 5501 ejusdem,

2268 5618 2294 5657 ι)
2317 5616 2503 5673 Codex
2548 5615 2734 5678 Vind.,
2770 5616 2825 5668 in
2857 5614 3126 5675 honorem,
3159 5614 3285 5667 utile
3331 5611 3464 5669 Deo.
3499 5614 3675 5683 Supra
3722 5617 3796 5670 al-

2198 5699 2311 5745 tera
2346 5691 2541 5758 pagina
2574 5690 2664 5744 ubi
2726 5688 2924 5756 legitur
2954 5688 3092 5741 sacri
3136 5687 3369 5757 corporis
3429 5688 3792 5752 assumptione,

2190 5762 2247 5818 in
2280 5772 2510 5831 utroque
2541 5761 2732 5817 codice
2762 5774 2872 5813 vox
2902 5760 3037 5814 sacri
3057 5758 3233 5831 deest.

2264 5845 2285 5872 ε
2327 5829 2618 5889 Sic‘codex
2652 5831 2815 5888 Vind.
2849 5830 2994 5887 haud
3034 5830 3193 5900 paulo
3226 5829 3421 5887 melius
3451 5845 3614 5901 quam
3644 5830 3794 5900 prior
