4060 6344
322 266 466 326 1145

1486 253 2114 316 CONSULTATIONUM
2158 254 2290 313 LIB.
2334 254 2424 310 Ill.

3490 241 3626 299 1H6

320 383 466 441 idem
487 397 708 455 semper
733 380 875 455 quod
898 381 1059 438 Pater
1075 393 1139 436 ac
1168 377 1346 436 Filius
1369 377 1574 435 faciens
1597 386 1757 448 atque
1780 375 1920 431 idem
1948 375 1999 436 Α
2028 386 2134 442 que
2185 370 2239 424 in
2282 366 2542 441 judicium
2594 363 2994 437 resurgentium
3044 374 3360 434 corporum,
3409 367 3464 416 et
3503 373 3627 414 cum

321 487 590 551 praestans
622 496 636 533 :
671 478 994 534 informatur
1024 477 1330 548 sapientiae,
1384 475 1506 533 ﬁdei
1540 474 1720 543 dator,
1755 471 1919 543 largi-

323 579 411 628 tor
438 587 753 641 munerum,
776 570 1220 626 sanctiﬁcationis
1245 569 1506 634 indultor,
1533 567 1793 623 remissor
1816 563 1922 622 cri-

319 665 554 734 minum,
584 665 880 737 gratiarum
911 663 1136 732 divisor,
1170 662 1424 733 Patrique
1451 676 1667 732 semper
1689 675 1752 714 ac
1783 659 1922 714 Filio

319 758 469 815 omni
513 773 742 830 cperum
787 757 1026 813 bonitate
1067 757 1414 828 permixtus;
1447 769 1549 810 nec
1579 764 1796 809 creatus
1823 753 1918 808 ali-

319 852 564 925 quando,
593 853 692 908 sed
719 866 916 908 creans
945 866 1181 922 semper.
1215 850 1367 906 Hunc
1399 856 1660 919 perpetuo
1687 847 1834 904 credi
1866 857 1921 903 et

319 945 596 1013 conﬁteri,
630 946 869 1012 adorari,
903 945 1121 1015 colique
1151 958 1215 999 ac
1246 942 1415 999 metui
1445 943 1699 997 convenit
1726 959 1740 1008 ;
1772 957 1919 996 sum-

318 1054 515 1111 maque
543 1039 729 1096 cordis
770 1039 1002 1109 puritate
1050 1039 1132 1093 sic
1172 1037 1362 1107 diligi,
1412 1045 1470 1091 ut
1517 1037 1658 1090 sicut
1689 1034 1828 1091 idem
1865 1035 1916 1089 in

318 1133 480 1191 Patre
507 1149 726 1204 semper
755 1148 819 1189 ac
867 1133 1006 1189 Filio
1051 1141 1156 1203 est,
1189 1133 1262 1189 ita
1293 1131 1348 1187 in
1388 1146 1456 1188 eo
1501 1131 1674 1187 Patris
1706 1145 1768 1186 ac
1795 1127 1918 1186 Filii

317 1228 603 1299 plenitudo
628 1228 910 1284 credatur.
990 1283 994 1290 ,

387 1322 566 1380 Habes
576 1324 928 1396 quaesitorum
944 1323 1318 1380 intellectuum
1336 1338 1519 1379 veram
1535 1338 1600 1378 ac
1612 1321 1913 1392 simplicem

311 1419 601 1490 rationem,
624 1419 1021 1490 brevitatisque
1036 1424 1281 1490 responsi
1306 1419 1548 1474 scientiae
1565 1417 1916 1488 congruentis

307 1510 605 1569 alTectum:
640 1520 913 1581 superest,
943 1521 1004 1567 ut
1033 1513 1176 1569 sicut
1211 1511 1530 1583 praedictum
1563 1511 1616 1566 in
1649 1510 1915 1582 principio

305 1603 624 1671 meministi,
663 1602 1042 1659 rcfertioribus
1074 1604 1340 1674 majorum
1375 1604 1737 1658 voluminibus
1768 1614 1910 1660 stre~

305 1712 445 1752 nuus
475 1699 646 1755 lector
674 1699 944 1770 invigiles,
966 1707 1022 1754 et
1043 1699 1095 1754 in
1119 1697 1222 1754 hoc
1246 1698 1333 1755 vel
1357 1699 1471 1754 sola
1494 1698 1757 1754 brevitate
1781 1713 1882 1754 con
1899 1729 1912 1740 -

2023 464 2218 522 electis
2241 472 2500 536 perpetuo
2524 473 2901 533 regnaturum.
2926 460 3051 516 llaec
3071 457 3395 513 ﬁducialiter
3413 456 3627 522 credes,

2026 559 2142 614 haec
2166 557 2344 614 futura
2366 555 2651 630 proﬁtebet
2668 555 2736 621 is,
2761 563 2824 610 ut
2846 561 3159 609 sanctorum
3182 550 3416 606 cmtibus
3438 562 3633 620 aggre-

2023 663 2180 725 gatus
2227 657 2446 708 aeternae
2497 651 2620 706 vita:
2674 649 2884 704 honore
2933 646 3286 703 hlandissimo
3330 653 3385 699 et
3434 641 3626 698 donari

2023 747 2198 816 possis
2224 756 2278 801 et
2313 744 2536 814 perfrui.
2569 742 2597 782 ι)
2624 744 2713 798 Sic
2741 744 2881 797 inter
2911 740 3098 795 obvias
3125 748 3469 819 peccatorum
3500 747 3626 804 pro-

2021 840 2186 898 cellas
2216 849 2380 908 atque
2429 848 2594 894 :rstus
2637 837 2824 892 saeculi
2865 833 3186 890 collahcntis
3212 829 3438 903 justitite
3468 843 3625 898 rcgu-

2020 933 2126 988 lam
2177 945 2424 998 servans,
2469 931 2591 986 ﬁdei
2642 928 2959 1001 Specialiter
3005 927 3320 997 integritate
3364 921 3626 979 merearis

2019 1043 2139 1100 quae
2171 1036 2297 1082 sunt
2326 1038 2590 1099 perpetuo
2619 1040 2872 1080 mansura
2904 1032 3025 1093 post
3055 1020 3336 1077 sazculum.

2621 1119 2850 1177 CAPUT
2891 1116 3009 1174 XX.

2524 1213 2796 1288 Confessio
2820 1212 2889 1266 ad
2922 1209 3110 1266 Deum.

2090 1312 2286 1367 APOLL.
2323 1340 2395 1351 —
2423 1309 2614 1382 Magna
2645 1319 2727 1364 est
2757 1306 2974 1378 quidem
3009 1303 3178 1360 libelli
3206 1300 3405 1373 prioris
3431 1300 3622 1370 editio,

2015 1439 2079 1480 ac
2113 1435 2134 1464 ε
2167 1423 2468 1496 perspicuis
2512 1421 2881 1478 intellectibus
2927 1432 3124 1475 sensus
3154 1431 3338 1472 rerum
3371 1414 3620 1469 notitiam

2017 1515 2289 1586 ﬁdemque
2320 1515 2670 1578 docuerunt;
2713 1511 2807 1568 sed
2843 1526 2948 1566 non
2994 1510 3172 1565 minus
3204 1506 3489 1580 praesentis
3521 1505 3626 1560 uti-

2013 1608 2174 1672 litati,
2206 1623 2367 1679 quam
2415 1606 2605 1677 gratiae
2652 1603 3034 1661 ascribendum
3087 1613 3170 1658 est
3217 1597 3621 1672 praecedentis:

2012 1701 2136 1770 quia
2185 1701 2313 1757 licet
2358 1718 2388 1756 a
2420 1701 2630 1767 multis,
2684 1710 2740 1754 ut
2788 1701 2904 1770 ipse
2947 1696 3226 1768 professus
3274 1709 3356 1762 es,
3390 1695 3622 1750 decursa

303 1796 508 1854 tentus,
540 1791 794 1848 celsioris
823 1791 1087 1848 doctrina:
1120 1792 1309 1846 notitia
1341 1791 1595 1862 glorieris
1621 1791 1914 1846 :voluntati
1949 1784 1996 1845 B
2023 1795 2365 1861 lustraveris,
2399 1794 2581 1850 intulit
2611 1805 2790 1849 tamen
2820 1791 3062 1849 brevitas
3101 1788 3445 1847 commodum
3475 1786 3622 1860 quod

298 1883 480 1954 potius
499 1885 750 1956 privatim
775 1893 1051 1957 tuaequam
1065 1883 1291 1940 editioni
1310 1883 1536 1955 publicm
1556 1882 1905 1954 respondisse

297 1990 400 2032 nos
425 1976 677 2034 credens.
711 1978 776 2034 Et
807 1994 939 2034 sane
964 1977 1191 2034 ulterius
1225 1992 1452 2048 pergere
1484 1975 1789 2032 caelestium
1819 1992 1905 2032 sc-

295 2080 571 2126 cretorum
600 2080 753 2128 arcet
777 2073 1137 2136 immensitas,
1167 2086 1232 2126 ac
1255 2079 1468 2126 retusos
1490 2071 1708 2143 propria
1737 2071 1904 2127 imbe-

293 2161 520 2219 cillitate
549 2178 744 2219 sensus
767 2163 1156 2220 inenarrabilis
1186 2163 1486 2234 majestatis
1510 2163 1765 2232 prohibet
1791 2179 1903 2218 ma-

291 2254 519 2325 gnitudo
544 2254 794 2328 :jamque
819 2256 970 2312 horis
993 2257 1046 2312 in
1071 2271 1324 2313 occasum
1348 2257 1699 2327 vergentibus
1724 2257 1900 2312 vicina

291 2349 532 2404 tenebris
582 2350 774 2406 umbra
821 2350 1168 2417 diﬁ‘unditur,
1212 2360 1376 2421 atque
1423 2359 1667 2405 attentos
1706 2351 1899 2405 crebra

291 2440 750 2512 interpretatione
797 2459 997 2500 sensus
1026 2453 1083 2499 et
1127 2442 1362 2499 refoveri
1407 2443 1677 2510 convenit,
1714 2451 1770 2498 et
1817 2457 1898 2498 re-

291 2535 459 2590 solvi.
494 2536 575 2591 Tu
602 2546 786 2592 autem
834 2536 951 2591 haec
983 2545 1096 2591 toto
1127 2536 1325 2593 mentis
1355 2545 1408 2591 et
1438 2535 1687 2605 corporis
1718 2534 1900 2592 labore

289 2627 631 2696 custodiens,
656 2645 951 2700 numquam
984 2630 1168 2695 ﬁdem,
1199 2645 1496 2702 numquam
1521 2629 1746 2686 deseras
1770 2645 1900 2686 eon-

291 2719 588 2779 fessioncm
621 2741 633 2778 :
667 2740 735 2778 ne
767 2724 932 2780 licitis
963 2723 1199 2780 excedas
1230 2724 1359 2779 dum
1391 2727 1618 2780 sectaris
1668 2725 1858 2780 illicita
1885 2743 1898 2792 ;

293 2825 347 2871 et
390 2814 748 2886 impossibilia
805 2817 1070 2888 cupiens,
1123 2832 1330 2873 exuare
1379 2816 1738 2883 salutaribus,
1792 2817 1900 2870 Deo

294 2908 475 2965 taliter
497 2921 872 2978 praemonente
903 2927 916 2964 :
951 2909 1152 2965 Attioru
1174 2919 1201 2949 ει
1223 2929 1253 2964 a
1274 2921 1321 2965 te
1344 2928 1408 2965 ne
1431 2912 1696 2982 qumsieris
1717 2920 1765 2965 et
1791 2912 1900 2982 for-

293 3004 429 3058 tiora
457 3021 490 3059 a
518 3013 567 3059 te
599 3021 664 3059 nc
693 3013 952 3060 scrutatus
993 3005 1154 3076 fueris
1184 3002 1388 3078 (Eccti.
1422 3020 1504 3069 tu,
1534 3003 1661 3075 ΕΞ).
1710 3003 1764 3058 Id
1793 3013 1896 3068 est,

291 3111 413 3168 quae
443 3097 539 3153 tibi
572 3097 784 3168 prodita
815 3098 884 3154 de
929 3097 1242 3154 caelestibus
1271 3097 1356 3153 vel
1389 3097 1618 3153 internis
1669 3097 1788 3167 lege
1816 3098 1895 3169 ip-

2010 1904 2134 1943 raro
2162 1896 2474 1944 mereantur
2503 1887 2716 1958 eloquia
2752 1885 3096 1956 prolixorum
3127 1899 3142 1950 ;
3173 1882 3488 1954 fructusque
3512 1896 3622 1937 non

2008 1995 2209 2052 parvus
2242 1987 2345 2036 est.
2379 1980 2561 2034 Trium
2591 1981 2822 2049 primttm
2857 1977 3078 2032 unitatis
3104 1975 3441 2031 divinitatem
3472 1975 3620 2029 clara

2008 2074 2350 2144 expositione
2396 2086 2754 2143 cognoscere,
2800 2081 2914 2126 tum
2962 2068 3272 2124 Juda-crnm
3303 2069 3355 2123 in
3391 2066 3622 2137 perﬁdia

2006 2184 2102 2222 sua
2129 2185 2338 2235 casum,
2371 2181 2426 2226 et
2462 2172 2516 2226 in
2553 2169 2829 2226 haereticis
2859 2169 3234 2224 universarum
3278 2165 3616 2236 impietatum

2007 2266 2251 2329 ruinam;
2278 2279 2389 2320 tum
2414 2266 2647 2336 denique
2672 2265 2725 2319 in
2749 2263 2980 2319 stttititia
3003 2271 3114 2323 tua,
3139 2259 3462 2326 Novatiane,
3487 2273 3619 2315 cou-

2005 2362 2202 2430 victus,
2237 2370 2497 2431 quantum
2534 2360 2630 2415 tibi
2679 2376 2746 2414 ex
2783 2358 2878 2413 Dei
2930 2356 3264 2427 indulgentia
3311 2353 3616 2425 derogaris,

2003 2455 2346 2512 evidentibus
2369 2455 2772 2523 Scripturarmn
2798 2451 3128 2508 testimoniis
3150 2448 3409 2504 didicisti.
3427 2445 3615 2504 Brevis

2003 2548 2227 2619 insuper
2278 2548 2401 2603 ﬁdei
2446 2547 2660 2618 adjecta
2711 2544 2987 2601 conclusio
3019 2553 3124 2610 est,
3169 2541 3430 2611 coxdiqne
3479 2542 3616 2596 adeo

2001 2655 2194 2700 cuncta
2221 2642 2502 2706 sederunt,
2535 2655 2590 2695 ut
2621 2641 2672 2696 in
2722 2642 2804 2696 his
2835 2655 2956 2710 qua:
2983 2637 3223 2695 secunda
3256 2646 3384 2692 sunt
3412 2636 3614 2707 degere

2000 2751 2186 2796 votum
2215 2740 2307 2806 sit,
2341 2739 2394 2794 in
2427 2737 2510 2792 his
2535 2750 2921 2792 consummare
2944 2732 3282 2790 desiderium
3315 2750 3328 2784 :
3363 2730 3524 2784 modo
3556 2737 3614 2786 ut

1999 2833 2117 2890 hinc
2146 2849 2331 2889 rerum
2362 2832 2602 2887 omnium
2626 2841 2844 2889 creator
2868 2829 3144 2900 ingenitus
3168 2842 3265 2897 per
3295 2841 3418 2882 eum
3448 2840 3611 2894 quem

2000 2943 2067 2985 ex
2098 2943 2158 2983 se
2201 2936 2361 2998 atque
2408 2927 2550 2981 intra
2581 2941 2640 2980 se
2671 2924 2860 2994 genuit
2893 2922 3088 2986 Deum,
3139 2928 3196 2974 et
3227 2935 3372 2974 nunc
3420 2917 3610 2973 ﬁorcm

1999 3021 2206 3091 sumpti
2257 3019 2502 3091 corporis
2543 3018 2878 3073 habitantem
2925 3016 2976 3069 in
3016 3022 3246 3083 utraque
3295 3025 3610 3067 mansurum

2001 3118 2279 3173 nativitate
2305 3115 2713 3186 complectitur,
2745 3128 2841 3183 per
2869 3119 3120 3166 sanctum
3153 3108 3378 3179 perinde
3422 3107 3601 3176 Spiri-

289 3191 406 3248 sius
434 3210 540 3249 non
571 3203 721 3261 sunt,
751 3194 864 3250 noli
895 3196 1110 3264 penitus
1139 3195 1333 3249 audire
1357 3194 1439 3250 vel
1468 3194 1728 3260 credere;
1762 3211 1898 3265 quo-

2007 3221 2112 3266 tum
2141 3209 2469 3280 impleturus
2495 3207 2746 3264 exaudiat
2773 3221 2788 3271 ;
2816 3214 2868 3259 et
2899 3203 3139 3258 alumnae
3172 3199 3502 3269 precationis
3535 3197 3616 3256 ef-

290 3288 437 3342 niam
471 3303 608 3358 quos
637 3287 889 3358 decipere
911 3288 1091 3344 carnis
1123 3289 1266 3344 vitiis
1289 3288 1540 3344 diabolus
1564 3306 1668 3343 non
1694 3299 1892 3359 potest,

293 3381 385 3436 tali
419 3381 601 3438 studio
624 3390 678 3437 et
699 3382 946 3438 vanitate
971 3383 1287 3452 supplantat
1311 3400 1325 3450 ;
1349 3384 1688 3454 occultatque
1711 3384 1891 3440 scien-

291 3473 382 3530 tia:
415 3475 649 3531 arbitros
679 3484 944 3543 statuens,
995 3475 1228 3547 lapidem
1267 3477 1368 3533 sub
1421 3477 1600 3549 lapide
1631 3479 1778 3549 cogit
1809 3479 1889 3533 in-

289 3569 531 3641 quirere,
557 3579 616 3627 ut
640 3572 918 3629 inveniant
939 3579 1271 3644 serpentem.
1303 3572 1448 3644 Ergo
1468 3572 1705 3629 sufﬁciat
1731 3589 1894 3629 cano-

289 3662 426 3718 nicis
458 3663 728 3720 inhaerere
765 3665 1032 3721 doctrinis
1079 3673 1135 3721 et
1183 3665 1487 3721 divinarum
1543 3666 1890 3724 historiarum

289 3755 538 3812 notitiam
572 3758 933 3829 perquirenti,
979 3773 1043 3815 ea
1093 3768 1301 3813 tantum
1333 3774 1438 3814 non
1474 3760 1725 3829 ignorare
1768 3778 1892 3833 qua:

289 3850 498 3920 scripta
530 3859 676 3913 sunt,
703 3867 1022 3922 summaque
1055 3852 1341 3923 diligentia
1368 3853 1645 3908 conditum
1677 3855 1892 3913 assidue

288 3942 864 4000 recordariChristnm
895 3945 1180 4003 Dominum
1206 3947 1548 4016 cruciﬁxum,
1573 3961 1892 4008 venturum-

290 4081 462 4140 editio
491 4080 712 4156 a_Patre
738 4084 894 4156 simul
917 4101 979 4137 ac
1011 4102 1021 4138 :
1055 4100 1177 4139 ttam
1210 4085 1260 4138 in
1296 4087 1511 4156 vulgata
1547 4089 1783 4146 lectione
1816 4091 1900 4146 hac

289 4169 454 4211 voces
473 4171 506 4208 a
526 4153 687 4210 Patre
710 4155 957 4225 aoFilio,
981 4157 1046 4210 ad
1071 4158 1291 4212 verbum
1313 4153 1412 4221 est,
1433 4160 1624 4216 referri
1649 4178 1902 4218 necessa-

289 4226 372 4281 rio
403 4227 605 4310 debent
633 4227 747 4310 :_in
800 4227 1218 4298 Vindncinensi,
1250 4231 1318 4286 ad
1347 4246 1536 4287 vocem
1578 4234 1735 4298 alius,
1780 4251 1899 4305 «tua:

291 4303 557 4365 sequitur,
591 4303 920 4356 referuntur.

373 4379 397 4406 ³³
437 4370 514 4426 Ita
548 4371 690 4425 hunc
736 4373 910 4428 locum
943 4372 1165 4428 exhibet
1194 4373 1366 4429 codex
1413 4374 1576 4430 Vind.
1611 4375 1809 4431 Altiora
1853 4389 1900 4433 te

294 4457 357 4495 ne
377 4443 640 4525 qumaieris
667 4452 719 4525 et
763 4445 1010 4525 inferiora
1042 4455 1091 4498 te
1139 4462 1219 4512 ne,
1263 4446 1575 4525 etc._Snpra
1606 4463 1672 4502 ex
1704 4451 1898 4505 eodem

290 4513 478 4570 codice
523 4513 843 4586 scripsimus
887 4513 1539 4590 ﬁdem...;tconfessioncin
1571 4537 1691 4574 cum
1738 4532 1896 4578 antea

1997 3301 2144 3359 fectu
2201 3301 2462 3358 conferre
2514 3315 2619 3355 non
2669 3299 2902 3362 abnuat,
2951 3310 3071 3366 quire
3119 3292 3375 3363 prarstitit
3425 3291 3606 3356 velle;

1996 3405 2416 3468 reptantemque
2449 3395 2592 3450 inter
2641 3405 2910 3464 prarcepta
2959 3407 3052 3445 stta
3103 3390 3285 3459 parvis
3330 3386 3610 3457 gressibus

1995 3489 2258 3546 famulum
2290 3488 2538 3560 placidus
2576 3494 2790 3541 tueatur
2835 3494 2890 3540 et
2921 3483 3148 3552 dirigat,
3197 3479 3520 3535 Trinitatem
3554 3477 3608 3532 in

1998 3585 2250 3654 personis
2281 3597 2345 3638 ac
2377 3581 2718 3644 nominibus,
2757 3581 2922 3634 Deum
2950 3577 3004 3632 in
3038 3576 3323 3645 majestate
3350 3590 3413 3628 ac
3441 3572 3608 3628 subs-

1997 3678 2164 3734 tantia
2194 3677 2545 3733 conﬁtentem
2572 3693 2587 3743 ;
2619 3685 2909 3744 utrumque
2942 3684 3116 3727 tamen
3151 3686 3263 3724 suae
3303 3669 3613 3724 miseratio-

1994 3771 2078 3827 nis
2127 3771 2408 3828 beneﬁciis
2453 3771 2742 3834 relaturus,
2794 3770 2838 3823 si
2889 3774 2944 3822 et
2993 3763 3224 3820 vivendo
3271 3761 3606 3816 voluntatem

1994 3865 2164 3935 ipsius
2214 3865 2497 3935 impleam,
2541 3873 2595 3919 et
2643 3869 2912 3917 servatam
2969 3871 3181 3928 tatrum
3216 3855 3610 3911 traditionibus

1993 3957 2177 4023 ﬁdem,
2213 3958 2410 4014 futura.-
2437 3955 2858 4013 resurrectionis
2882 3952 3093 4025 gaudiis
3111 3959 3528 4022 reprzcsentem.

2007 4096 2276 4166 legeretur
2306 4097 2476 4166 ﬁde...
2504 4096 2841 4167 confessione.

2079 4160 2105 4208 Β
2143 4167 2217 4224 Ita
2267 4160 2432 4224 edere
2463 4160 2767 4233 maluimus,
2803 4181 2963 4235 quam
3009 4161 3152 4234 qucd
3190 4168 3310 4217 erat
3349 4160 3402 4216 in
3437 4160 3606 4231 priori

2005 4241 2244 4296 editione
2265 4243 2309 4295 si
2343 4243 2475 4294 inter
2501 4239 2694 4294 obvias.

1987 4340 2001 4354 -
2081 4324 2102 4348 τ’
2147 4315 2236 4368 Sic
2271 4324 2496 4380 uterque
2544 4312 2714 4365 codex
2763 4308 2984 4380 Lemov.
3035 4317 3086 4380 et
3114 4303 3320 4380 _Vind.;
3364 4304 3416 4358 in
3445 4303 3606 4358 editis

2007 4386 2264 4455 perspicui
2305 4376 2663 4437 intellectibns.
2705 4380 2816 4455 Sth
2845 4379 3005 4433 tinent
3037 4377 3128 4432 ubi
3160 4376 3386 4431 alumna:
3422 4391 3606 4448 preca-

2007 4448 2160 4510 tionis
2187 4454 2392 4524 eﬂ‘ectu,
2425 4455 2702 4526 legebatur
2731 4448 2962 4519 e/fectus.

2062 4595 2084 4627 is

293 4631 3551 4655 ΜΝ

1455 4741 1807 4828 LIBER
1885 4742 2432 4827 TERTIUS.

889 4999 1284 5058 PREFATIO.

357 5093 600 5150 Tertium
633 5092 911 5162 bunejam
952 5094 1285 5150 instruentes
1328 5095 1568 5151 libellum
1600 5108 1894 5150 conversa-

288 5185 449 5242 tionis
468 5184 754 5242 catholicte
777 5183 1008 5240 formam
1040 5185 1353 5256 loquentur,
1378 5203 1479 5258 qua
1507 5188 1703 5243 instrui
1730 5188 1888 5254 alios,

287 5295 393 5335 non
424 5297 528 5352 qua
556 5279 660 5351 ipsi
705 5279 938 5334 velimus
966 5277 1148 5334 eﬂ'erri
1180 5298 1193 5335 :
1240 5280 1358 5336 hiBC
1387 5281 1663 5351 dispositis
1694 5280 1890 5336 obser-

289 5374 486 5428 vantiae
534 5371 795 5444 gradibus
847 5371 975 5442 quid
1026 5369 1169 5426 el'iici
1216 5373 1284 5427 ab
1319 5374 1538 5429 homine
1583 5374 1754 5443 possit
1793 5384 1886 5428 aut

286 5466 483 5533 soleat,
527 5465 726 5521 divinis
770 5472 830 5520 ut
877 5463 1077 5522 exinde
1127 5466 1417 5520 sententiis
1463 5467 1883 5536 demonstrabit,

286 5561 501 5633 exiguis
550 5575 615 5616 ac
662 5559 1030 5615 mediocribus
1078 5573 1293 5614 summa
1324 5560 1401 5616 sic
1441 5569 1778 5631 temperans,
1831 5571 1888 5615 ut

283 5669 628 5727 nequaquam
660 5653 1040 5710 humilioribus
1071 5653 1315 5725 deroget,
1355 5654 1499 5727 quod
1525 5656 1596 5712 sit
1625 5657 1888 5712 collatura

359 5793 388 5845 ⁸,
428 5793 486 5849 In
537 5792 698 5850 codd.
737 5793 898 5848 Vind.
950 5801 1009 5848 et
1065 5792 1245 5859 [.em.,
1300 5796 1596 5849 restitueret.
1631 5794 1771 5849 Intra
1819 5809 1888 5848 ex

287 5865 478 5924 iisdem
499 5867 822 5937 scripsimus
848 5865 1026 5921 dicina
1053 5866 1414 5938 promissione,
1449 5869 1542 5925 ubi
1565 5875 1685 5925 erat
1714 5866 1891 5921 divina

1918 5004 1974 5066 1)
2001 4997 2334 5068 potioribus;
2365 4996 2462 5054 sed
2491 5004 2549 5052 ut
2579 4993 2710 5049 illud
2740 4992 2989 5064 Apostoli
3015 5010 3028 5046 :
3059 4991 3286 5063 Quisque
3315 4990 3413 5047 sibi
3442 4989 3613 5044 uindi-

2006 5109 2131 5148 cans
2161 5092 2320 5160 ﬁdem
2344 5106 2496 5160 penes
2517 5104 2572 5142 se
2615 5088 2817 5154 habeat,
2872 5103 2968 5140 nec
2987 5086 3241 5158 judicans
3304 5093 3613 5154 quemquam

1995 5187 2048 5240 in
2079 5185 2305 5240 Domino
2333 5185 2587 5258 glorietur
2613 5179 2803 5250 (Rom.
2839 5195 2927 5234 xtv
2953 5225 2967 5249 ,
3000 5179 3105 5248 22)
3133 5197 3144 5232 :
3177 5176 3393 5232 cautius
3422 5174 3612 5241 utique

1993 5289 2313 5334 servaturus
2372 5278 2423 5331 itt
2483 5273 2741 5346 propriis,
2791 5273 2934 5345 quod
2986 5273 3038 5326 in
3090 5269 3292 5325 alienis
3325 5277 3348 5303 ἰ
3389 5264 3612 5336 gravius

1995 5375 2305 5428 testimarit.
2344 5371 2477 5426 iluic
2511 5370 2674 5441 igitur
2693 5369 2845 5440 operi
2878 5367 3156 5439 pauliSpcr
3185 5362 3424 5418 studium
3453 5377 3608 5417 eom-

1996 5468 2300 5532 modantes,
2333 5465 2522 5520 solitas
2550 5463 2932 5520 exercebimus
2959 5460 3060 5515 sub
3091 5473 3328 5528 congrua
3360 5457 3614 5526 disputa-

1997 5564 2144 5618 tione
2171 5575 2435 5634 personas
2463 5575 2478 5625 ;
2512 5567 2676 5630 atque
2705 5555 3010 5613 institutum
3031 5569 3060 5607 a
3085 5552 3303 5623 cognito
3327 5552 3610 5610 eruditore

1996 5653 2326 5726 discipulum
2349 5651 2532 5708 arduae
2556 5647 2907 5721 proteSstoriis
2933 5646 3139 5702 honore
3163 5643 3580 5717 provocabimus

1999 5792 2289 5864 provisione
2311 5807 2329 5858 ;
2350 5799 2402 5846 et
2431 5789 2534 5864 sub
2555 5787 2718 5845 ﬁnem
2744 5783 2869 5857 quid
2891 5782 3100 5854 audere,
3124 5797 3246 5841 cum
3270 5789 3428 5842 antea
3451 5782 3606 5858 lege-

1999 5861 2150 5921 retur
2180 5864 2304 5936 quid
2333 5861 2542 5919 audire.
