4060 6344
550 312 687 368 ΗΠ

1823 301 2137 368 Z\C(1ll.El
2173 302 2567 367 CHRISTIANI

3692 311 3822 370 {NB

544 449 746 486 rnorem
783 430 1130 488 districtionis
1159 431 1379 503 aggredi
1409 429 1732 503 disciplinac,
1775 430 2142 502 subjectisque
2170 429 2223 492 Α
2248 428 2545 499 spiritalem
2569 427 2962 500 indulgentiam
2995 427 3292 486 salubriter
3316 428 3540 500 suades,
3566 430 3681 486 hinc
3700 431 3838 488 deni—

537 526 749 581 actibns
778 527 1142 596 probabilium
1177 525 1564 581 monachorum
1593 527 1922 582 mentionem
1948 523 2142 581 futura:

537 619 1034 674 consummationis
1058 619 1311 674 inducere
1335 637 1345 671 :
1375 619 1460 672 cui
1483 619 1597 674 haec
1620 618 1868 675 breviter
1891 635 2142 688 perscru-

539 711 676 764 tanti
720 727 838 782 qtl;e
871 712 938 766 sit
985 711 1052 767 de
1088 711 1425 766 Antichristo
1451 710 1764 766 absolvetur
1795 712 2138 779 obscuritas;

537 813 595 860 ut
625 805 710 859 his
733 807 1012 877 speciatim
1043 806 1290 860 decursis
1323 805 1512 860 ultima
1555 807 1975 862 resurrectionis
2009 805 2143 862 ﬁdes

539 908 744 970 pateat,
777 917 897 970 qua:
931 901 1055 954 licet
1081 899 1279 954 dudum
1301 900 1442 954 bene
1470 899 1676 955 credita
1702 909 1866 971 atque
1892 907 2141 971 suscepta

537 995 631 1059 sit,
666 995 847 1050 verbis
898 1005 1076 1049 tamen
1124 994 1462 1065 simplicibus
1495 996 1739 1050 intimata
1787 993 1964 1050 divina
2017 1009 2143 1067 pro-

542 1089 803 1144 missione
835 1089 1160 1145 ﬁrmabitur.

613 1183 828 1238 Primus
861 1184 1064 1254 itaque,
1101 1193 1160 1238 ut
1212 1185 1262 1238 in
1309 1184 1550 1249 emteris,
1599 1183 1922 1252 Apollonius
1962 1183 2144 1240 dilata:

539 1276 854 1330 collationis
884 1278 1056 1346 spatia
1092 1276 1384 1343 relaturus,
1431 1274 1576 1331 velut
1607 1276 2142 1345 comperendinatam

535 1377 748 1436 repetet
767 1368 996 1422 subnisa
1023 1367 1350 1423 auctoritate
1369 1369 1449 1424 vel
1476 1367 1793 1422 affabilitate
1815 1367 2141 1439 doctrinam,

543 1471 600 1516 ut
619 1463 860 1532 prardicti
886 1465 1096 1519 ordinis
1126 1464 1367 1520 membra
1403 1463 1739 1534 perlustrans
1762 1463 2147 1533 servirejusti-

539 1554 630 1609 tite
671 1557 872 1612 arctius
920 1558 1122 1626 cupiat,
1172 1558 1385 1627 aevique
1437 1555 1652 1612 residua
1704 1555 1816 1610 Deo
1851 1555 2143 1626 deputans,

544 1649 683 1704 mori
717 1667 928 1719 quoque
961 1667 1059 1719 pro
1090 1650 1208 1720 ejus
1240 1651 1460 1705 nomine
1492 1665 1601 1704 non
1644 1657 1880 1715 recuset,
1931 1665 2052 1704 cum
2085 1649 2149 1704 li-

543 1741 700 1795 brato
735 1743 788 1797 in
820 1742 1050 1814 singulis
1078 1752 1266 1798 tenore
1299 1751 1594 1814 cognoscat
1630 1742 1756 1814 quid
1798 1743 1935 1797 velle
1968 1741 2146 1797 homi—

2246 539 2351 597 que
2379 540 2448 582 ex
2477 525 2769 594 Scriptnris
2803 524 2978 581 edicta
3020 526 3340 593 constituas,
3374 541 3496 598 qua:
3541 541 3663 583 cum
3693 526 3838 583 ﬁdem

2245 627 2486 686 teneant,
2515 617 2543 657 δ
2573 619 2786 674 virtutis
2817 633 3037 690 operum
3060 628 3115 676 et
3133 623 3365 692 gratiam
3399 637 3506 675 non
3548 620 3809 676 emittant.

2317 709 2632 768 ZACCHEUS.
2665 743 2735 753 —
2759 712 2978 769 Memini
3005 711 3205 768 dudum
3235 714 3591 793 collationem
3615 722 3839 768 nostram

2245 805 2352 864 diei
2380 807 2485 863 ﬁne
2513 821 2856 876 suspensam,
2885 815 2940 863 et
2965 807 3442 864 subcrescentihus
3469 807 3840 880 interrogatio-

2247 915 2373 955 num
2407 898 2589 954 causis
2615 906 2829 970 tempus
2859 899 3031 971 magis
3081 913 3238 970 quam
3272 899 3450 954 studia
3483 898 3720 955 defuisse
3746 913 3760 966 ;
3783 899 3842 956 ob

2245 1008 2365 1064 quae
2395 1007 2539 1048 nunc
2568 1009 2627 1048 ea
2659 991 2974 1048 conditione
3008 991 3106 1048 tibi
3146 994 3416 1056 cedimus,
3449 1000 3557 1047 uta
3590 992 3744 1048 nobis
3767 994 3843 1051 vi-

2246 1084 2404 1140 vendi
2434 1084 2660 1158 formam
2686 1088 2997 1155 requirens,
3032 1093 3438 1156 contpeteutem
3463 1087 3714 1142 scientia!
3732 1101 3842 1158 gra-

2245 1178 2396 1244 dum,
2431 1155 2535 1233 non
2565 1179 2706 1248 quod
2728 1179 3027 1249 gloriemur
3053 1193 3118 1235 ex
3150 1155 3334 1247 nobis,
3363 1177 3459 1235 sed
3487 1179 3634 1250 quod
3662 1155 3846 1236 ex'Deo

2249 1275 2514 1341 prodesse
2545 1274 2672 1330 aliis
2703 1275 2958 1343 velimus,
2989 1275 3264 1345 accipias:
3301 1273 3354 1328 in
3389 1287 3497 1344 quo
3541 1282 3718 1330 tamen
3752 1289 3844 1331 non

2245 1367 2478 1424 absurda
2511 1369 2856 1438 praemunitio
2883 1375 2964 1422 est
2993 1369 3122 1422 tutis
3146 1367 3468 1438 primordiis
3493 1368 3709 1423 munire
3732 1381 3846 1436 pro-

2249 1463 2441 1533 posita,
2499 1470 2554 1517 et
2600 1461 2948 1518 manentibus
3007 1462 3058 1516 in
3117 1461 3509 1517 observatione
3571 1459 3846 1518 desideriis

2248 1569 2535 1612 ascensum
2587 1571 2808 1625 semper
2866 1555 3137 1626 potiorum
3197 1554 3405 1610 moliri.
3459 1554 3554 1609 Ait
3605 1555 3747 1609 enim
3800 1554 3847 1610 in

2249 1648 2551 1721 Evangelia
2600 1649 2864 1705 Dominus
2912 1665 2926 1704 :
2978 1648 3175 1716 Nemo,
3231 1649 3454 1720 inquit,
3507 1648 3847 1718 rediﬁcatum

2249 1754 2465 1810 turrem,
2505 1761 2607 1800 non
2651 1749 2794 1818 prius
2831 1761 2996 1799 secum
3043 1745 3288 1817 cogitavit
3332 1751 3378 1799 et
3407 1754 3696 1815 sumptum;
3722 1743 3847 1814 (Luc

541 1849 688 1898 nem,
739 1835 865 1906 quid
915 1836 1117 1891 audere
1162 1836 1448 1891 conveniat
1477 1853 1489 1889 :
1522 1836 1646 1906 quia
1693 1846 1747 1890 et
1798 1835 1901 1891 soli
1935 1833 2144 1892 ﬁduciae
2181 1830 2222 1890 Β
2250 1840 2502 1909 xiv,28).
2529 1839 2928 1910 Neinterrupto
2951 1855 3119 1912 opere
3141 1840 3416 1895 incautius
3441 1847 3622 1910 empta
3647 1836 3847 1894 ridean-

540 1927 724 1982 oinnia
760 1925 988 1984 credere
1021 1943 1210 1998 parum
1256 1928 1467 1982 firmum
1509 1933 1616 1995 est,
1663 1938 1717 1984 et
1748 1927 2043 1983 inﬁrmitati
2088 1928 2140 1984 in

542 2017 798 2074 omnibus
828 2019 1021 2090 subjici
1057 2019 1186 2073 nihil
1219 2019 1503 2075 merentis.

1179 2112 1408 2170 CAPUT
1445 2113 1486 2169 Ι.

905 2205 1036 2273 Qua?
1061 2216 1355 2280 Opportuna
1378 2206 1577 2260 vivendi
1601 2209 1789 2279 forma.

609 2297 973 2356 Arououms.
1004 2331 1074 2340 —
1105 2301 1161 2357 Si
1195 2301 1358 2373 digne
1389 2312 1763 2371 comparatum
1810 2309 1915 2370 est,
1947 2315 1980 2356 ο
2010 2301 2145 2358 Zac-

535 2389 710 2456 chtee,
742 2401 800 2448 ut
825 2392 880 2447 id
912 2391 1056 2463 quod
1089 2393 1141 2448 in
1170 2395 1336 2449 mutis
1360 2395 1683 2449 animalibus
1706 2409 1853 2467 Stepe
1873 2395 2144 2466 comperi-

537 2495 682 2549 mus,
712 2486 873 2539 etiam
904 2487 956 2540 in
982 2486 1340 2556 quorumdam
1370 2485 1649 2541 hominum
1675 2488 1926 2543 sensibus
1953 2501 2146 2544 cerne-

537 2593 759 2644 remus;
791 2577 1038 2650 profecto
1067 2581 1121 2634 in
1155 2597 1241 2636 me
1274 2581 1375 2636 hoc
1405 2581 1719 2652 specialiter
1747 2583 1970 2638 veniens
2013 2583 2144 2640 dicti

534 2673 738 2728 veteris
786 2675 1114 2729 sententiam
1143 2677 1560 2745 comprobavit:
1612 2691 1734 2730 nam
1777 2675 1916 2732 sicut
1945 2686 2143 2736 ctetera

534 2769 792 2824 animalia
823 2767 890 2824 ad
919 2784 982 2825 ea
1012 2784 1227 2839 semper
1256 2770 1372 2825 loca
1395 2769 1486 2826 ubi
1515 2770 1806 2842 aliquando
1829 2773 1967 2827 bene
1993 2781 2142 2842 pasta

537 2873 658 2918 sunt
686 2872 1060 2932 revertuntur,
1094 2877 1195 2919 nec
1219 2863 1546 2934 largioribus
1573 2863 1750 2919 illecta
1776 2865 1988 2934 pabulis
2005 2865 2146 2920 obli-

535 2957 668 3011 visci
711 2967 937 3027 possunt
967 2956 1112 3028 quod
1153 2956 1342 3028 jejuna
1377 2958 1749 3028 perceperint:
1782 2958 1860 3013 sic
1893 2972 1991 3014 nos
2022 2969 2146 3030 post

533 3048 713 3115 verbi,
764 3057 820 3104 ut
865 3065 1008 3105 nunc
1040 3049 1306 3121 intelligo,
1344 3049 1540 3104 famem
1579 3049 1838 3122 sitimque
1883 3050 2144 3108 doctrinm

487 3156 494 3170 '
534 3141 801 3214 colloquia
834 3154 923 3198 tua
973 3143 1116 3198 avidi
1149 3145 1402 3215 petimus,
1435 3145 1781 3216 espertisque
1823 3147 2144 3202 tractatibus

2249 1943 2357 1998 tur,
2389 1945 2442 1990 et
2463 1934 2698 1990 sintodii
2725 1949 2848 2006 qua:
2877 1933 3089 1990 fuerant
3113 1935 3265 2004 prius
3287 1934 3418 1989 voti.
3451 1943 3473 1971 ο
3503 1931 3651 1988 Talis
3676 1944 3850 2002 aggre.

2246 2028 2570 2085 diendorum
2619 2029 2856 2084 hostium
2889 2043 3075 2093 causa,
3125 2039 3475 2099 praenoscere
3525 2035 3847 2097 pugnaturos

2250 2128 2499 2198 proprias
2547 2126 2707 2182 docet
2757 2125 2923 2193 vires,
2957 2137 3339 2198 perpensoque
3367 2120 3591 2178 πάνετεί
3632 2119 3848 2189 agminis

2248 2220 2492 2289 pondere
2523 2219 2820 2277 vel'faedus
2848 2220 2987 2275 inire
3017 2219 3101 2275 vel
3141 2217 3420 2289 prtelium,
3455 2231 3525 2272 ne
3552 2228 3674 2272 sera
3708 2215 3845 2270 inﬁr-

2249 2313 2452 2367 mitatis
2483 2313 2707 2384 querela
2739 2310 2870 2366 dare
2903 2313 3217 2367 insecuturo
3247 2319 3396 2382 terga
3439 2308 3752 2379 compellat,
3797 2317 3846 2363 et

2251 2414 2372 2477 post
2391 2406 2512 2460 facti
2534 2404 2830 2475 priceipitis
2855 2404 3232 2474 ptenitentiam
3261 2405 3380 2460 loco
3401 2399 3568 2458 motis
3594 2408 3686 2457 aut
3708 2401 3845 2472 lugu-

2249 2499 2363 2555 bris
2388 2497 2632 2555 conditio
2664 2499 2926 2554 subeatur
2952 2507 3047 2553 aut
3069 2497 3265 2568 turpis.

2322 2590 2507 2660 Itaque
2548 2591 2716 2662 prima
2762 2607 2823 2646 ac
2873 2591 2991 2646 sine
3025 2588 3344 2647 discrimine
3394 2589 3482 2646 via
3527 2598 3633 2656 est,
3687 2585 3840 2643 Deum

2250 2684 2478 2741 ﬁrmiter
2530 2685 2776 2752 credere,
2811 2693 3016 2740 etcum
3071 2685 3212 2742 bene
3238 2667 3746 2754 crediderisfplu's'
3777 2667 3838 2737 ti:

2249 2794 2435 2844 mere;
2469 2789 2582 2834 toto
2615 2780 2855 2850 insuper,
2892 2789 2950 2834 ut
2979 2795 3122 2851 sa’pe
3148 2779 3259 2848 jam
3299 2777 3568 2846 diximus,
3597 2777 3839 2833 formida-

2249 2880 2358 2925 tum
2389 2871 2555 2927 corde
2579 2871 2805 2942 diligere
2831 2889 2843 2925 :
2878 2887 2983 2927 non
3014 2869 3136 2942 quia
3169 2871 3308 2927 idem
3342 2872 3481 2926 bene
3508 2885 3573 2926 ac
3603 2870 3741 2925 male
3770 2869 3838 2925 fa-

2247 2977 2372 3020 cere
2402 2974 2592 3034 potens
2629 2972 2734 3026 est,
2780 2964 2872 3019 sed
2919 2966 3042 3034 quia
3077 2965 3244 3033 magis
3279 2973 3538 3032 praestare
3563 2962 3704 3019 bona
3733 2976 3838 3017 ma-

2247 3057 2383 3119 vult,
2414 3065 2469 3112 et
2511 3071 2804 3128 numquam
2845 3071 2939 3126 pro
2981 3069 3122 3111 noxa
3170 3063 3226 3110 ut
3282 3071 3586 3118 meremur,
3639 3053 3832 3110 ulcisci.

2245 3148 2596 3222 Consequens
2625 3151 2826 3208 bonum
2885 3161 2968 3207 est
3015 3152 3139 3206 vita:
3195 3150 3467 3221 sitnplicis
3515 3146 3746 3221 puritas,
3787 3160 3837 3204 et

535 3238 865 3294 ﬁducialiter
892 3239 1261 3306 inlueremus;
1291 3258 1320 3294 a
1343 3255 1452 3311 quo
1474 3241 1678 3296 scilicet
1706 3240 1946 3298 cmlestis
1967 3244 2142 3299 scien-
2166 3231 2209 3292 (ἶ
2245 3247 2424 3303 exesis
2473 3245 2802 3302 facinoribus
2854 3247 2905 3301 iu
2962 3245 3238 3316 proximos
3267 3245 3508 3300 studium
3542 3243 3832 3301 charitatis.

532 3334 619 3386 tiae
636 3334 808 3399 cibos,
837 3343 890 3388 et
916 3335 1144 3389 haustus
1173 3334 1546 3390 intellectuum
1577 3338 1906 3404 sumpsimus
1927 3337 2138 3394 divino-

538 3439 680 3479 rum.
719 3425 860 3482 Ecce
891 3427 1034 3480 enim
1069 3425 1158 3482 vix
1183 3427 1361 3484 adhuc
1388 3429 1557 3483 vastis
1586 3429 1904 3499 gentilitatis
1932 3431 2137 3485 errori-

537 3515 634 3570 btts
657 3517 832 3584 liberi,
861 3519 1022 3572 modo
1047 3518 1240 3575 infusre
1265 3520 1702 3590 regenerationis
1721 3521 2013 3578 novitatem
2028 3522 2137 3592 spi-

542 3621 752 3675 rantes,
785 3620 808 3646 τι
840 3612 1206 3680 integritatem
1242 3610 1365 3666 ﬁdei
1392 3623 1442 3667 te
1469 3611 1843 3684 tradentejam
1865 3614 2136 3680 novimus,

534 3710 696 3770 atque
729 3704 978 3756 universa
1013 3703 1396 3758 ha-reticorum
1431 3706 1674 3759 membra
1705 3716 1990 3776 carpentes
2021 3721 2140 3761 mu-

537 3809 637 3847 nus
667 3794 951 3849 catholicae
974 3795 1338 3852 confessionis
1367 3798 1766 3868 amplectimur,
1801 3809 1855 3853 et
1882 3799 1994 3855 Deo
2022 3813 2140 3856 auc-

533 3893 653 3941 tore
688 3887 915 3942 ﬁdentes
937 3899 1230 3945 exstructa
1255 3904 1422 3960 super
1449 3898 1657 3962 petram
1687 3886 1882 3948 domus
1907 3895 2134 3963 tegmina

534 3981 914 4051 possidemus;
945 3984 988 4039 si
1013 3984 1153 4039 idem
1205 3986 1469 4041 bonorum
1517 3988 1756 4042 omnium
1804 3990 2026 4060 largitor
2055 3989 2139 4045 in-

533 4076 769 4147 du'geat,
806 4071 1039 4133 terrente
1067 4083 1501 4138 conversationis-
1533 4094 1711 4138 actum
1743 4093 1796 4138 et
1837 4100 2010 4140 caecas
2033 4101 2136 4141 sm-

533 4172 637 4224 culi
672 4171 936 4225 vanitates
982 4173 1051 4226 ah
1091 4175 1417 4243 evangelicae
1467 4180 1631 4231 turris
1674 4178 1896 4248 Specula
1948 4181 2136 4234 visuri.

533 4261 640 4316 Sed
688 4265 980 4334 quamlibet
1023 4277 1329 4323 creatorem
1365 4272 1670 4341 proprium,
1718 4279 1778 4326 ut
1821 4282 1926 4337 est,
1978 4287 2141 4330 nosse

533 4355 732 4412 bonum
761 4359 992 4430 primum
1023 4360 1117 4429 sit,
1147 4373 1311 4433 atque
1341 4367 1394 4419 in
1441 4363 1563 4419 ﬁdei
1609 4366 1960 4437 susceptione
1990 4355 2137 4425 verti:

531 4450 719 4504 salutis
745 4462 898 4506 certa
944 4453 1295 4521 fundamina;
1333 4456 1437 4511 alia
1489 4465 1667 4513 tamen
1707 4460 1977 4516 ordinatio
2021 4476 2140 4517 cre-

530 4541 796 4612 dulitatis,
830 4545 932 4599 alia
963 4546 1085 4601 vita:
1118 4556 1240 4603 est:
1273 4558 1330 4604 et
1372 4551 1633 4619 spiritalis
1662 4551 1874 4606 aediﬁcii
1907 4553 2137 4608 solidam

531 4637 727 4692 molem
749 4641 963 4695 tametsi
987 4642 1217 4710 impacta
1249 4643 1608 4713 nequitiarum
1638 4646 1972 4703 torrentibus
1994 4650 2137 4706 unda

535 4744 639 4783 non
671 4731 920 4798 subruit;
948 4733 1169 4802 justitiru
1201 4745 1379 4791 tamen
1432 4739 1646 4793 metalla
1680 4755 1784 4796 non
1816 4741 2061 4812 pingunt,
2093 4745 2138 4799 si

535 4820 679 4872 nulla
703 4823 958 4878 virtutum
991 4841 1155 4894 opera
1188 4828 1567 4900 suffragantur.
1600 4831 1752 4888 Unde
1782 4832 1906 4904 quia
1937 4835 2003 4889 ab
2031 4831 2135 4891 hu-

526 4912 768 4980 jusmodi
792 4917 986 4971 studiis
1017 4926 1261 4988 tempore
1285 4923 1523 4992 pridem.
1553 4941 1656 4979 non
1683 4933 1866 4982 tuente
1898 4929 2137 4986 cessavi-

547 5021 688 5072 mus,
725 5015 976 5062 recentes
1006 5019 1130 5081 post
1149 5015 1382 5084 quictrm
1412 5031 1606 5072 sensus
1634 5017 1836 5085 dilatis,
1856 5029 1915 5075 ut
1940 5024 2135 5079 recolis

534 5101 703 5157 redde
733 5103 1086 5171 tractatibus;
1111 5117 1166 5161 et
1209 5125 1368 5180 quam
1403 5123 1501 5165 nos
1540 5113 1881 5182 potissimum
1915 5116 2130 5173 vivendi

529 5195 758 5253 formam
791 5199 925 5254 inire
959 5203 1261 5269 conveniat,
1287 5207 1567 5262 consultus
1587 5221 1851 5279 eXprome
1879 5226 1894 5264 :
1928 5218 1985 5265 ut
2008 5211 2136 5266 dttm

602 5394 628 5423 ι
669 5385 758 5440 Sic
790 5394 1016 5457 uterque
1046 5385 1218 5443 codex
1252 5387 1403 5444 Lem.
1438 5399 1492 5445 et
1526 5391 1684 5447 Vind.
1726 5394 1778 5447 in
1807 5394 1968 5448 editis
1997 5396 2133 5450 inte-

529 5474 676 5530 gram
707 5458 848 5524 ﬁdei,
879 5459 1054 5514 male:
1088 5460 1223 5513 infra
1253 5460 1358 5513 alia
1389 5463 1504 5516 vita:
1530 5475 1622 5526 est.
1650 5467 1701 5519 in
1736 5465 1928 5522 iisdem
1961 5468 2136 5537 scrip-

534 5545 667 5584 tum.
701 5529 790 5582 tibi
823 5530 1026 5584 editum
1057 5542 1173 5584 erat
1205 5533 1310 5584 alia
1337 5534 1436 5584 titu
1459 5542 1549 5584 est.

823 5546 1026 5584 θαιιιιιιι
1057 5546 1173 5586 erat
1205 5546 1310 5584 alia
1337 5546 1436 5585 HM
1459 5546 1549 5588 οδι.

534 5545 667 5594 ιιιιιι,
701 5533 790 5582 tibi
823 5533 1026 5584 editum
1057 5542 1173 5586 erat
1205 5533 1310 5584 alia
1337 5534 1436 5585 tita
1459 5542 1549 5588 est.
2078 5533 2092 5537 ⁷

586 5599 627 5674 Δὶ)
653 5598 758 5674 εἰς
787 5602 956 5655 codex
994 5602 1143 5656 Lem.
1179 5609 1233 5656 et
1265 5599 1424 5658 Vind.
1459 5606 1660 5658 virtutis
1694 5620 1850 5674 Opera
1873 5617 1938 5662 et.
1975 5607 2131 5665 Prior

531 5672 701 5727 editio
732 5674 945 5726 t‘irttttcs
976 5691 1185 5744 operum
1220 5686 1286 5730 ct.
1346 5676 1484 5730 lnf'ra
1521 5677 1609 5730 ubi
1661 5672 1782 5731 tutis
1833 5682 2133 5747 primordiis

529 5746 728 5825 munire
768 5747 1033 5825 preposita
1061 5749 1152 5825 :nin
1185 5747 1346 5802 editis
1377 5756 1473 5801 tut.
1508 5749 1658 5817 print.
1679 5746 1898 5825 munere
1939 5770 2132 5825 propo-

525 5816 660 5868 sito:
693 5829 800 5881 quo
832 5816 964 5868 nihil
986 5817 1218 5883 fmdius;
1250 5835 1348 5874 nec
1377 5816 1557 5875 tamen
1589 5821 1780 5877 melius
1811 5816 1947 5879 tussi
1968 5816 2121 5880 cudi-

531 5899 645 5952 ces,
679 5885 784 5940 nisi
813 5885 958 5955 quod
990 5887 1147 5943 Vind.
1174 5888 1335 5947 habet
1363 5892 1647 5962 proposita.

2241 3342 2330 3396 Sic
2355 3343 2494 3396 enim
2525 3343 2785 3412 scriptum
2817 3350 2900 3396 est
2929 3359 2940 3396 :
2972 3339 3169 3414 Diliges
3201 3340 3486 3394 Dominum
3518 3339 3683 3394 Deum
3706 3350 3836 3394 tuum

2242 3449 2304 3489 ex
2332 3443 2439 3490 toto
2466 3436 2621 3489 corde
2653 3445 2763 3502 tuo,
2796 3444 2843 3488 et
2869 3452 2932 3489 ea:
2956 3443 3062 3489 tota
3090 3434 3262 3489 animo
3293 3445 3401 3499 tua,
3435 3445 3483 3489 et
3512 3443 3580 3489 ea:
3609 3433 3727 3488 totis
3749 3434 3838 3487 ris-

2241 3530 2441 3584 ceribus
2463 3530 2564 3583 tuis
2592 3525 2811 3596 (Matth.
2841 3544 2972 3594 xxii,
3002 3526 3094 3598 '57)
3114 3545 3128 3592 ;
3152 3529 3516 3599 etproa'imum
3550 3538 3696 3582 tuum
3717 3538 3836 3581 tam-

2238 3640 2393 3696 quam
2426 3634 2472 3678 te
2499 3620 2690 3695 (Ibid.,
2727 3622 2852 3691 39).
2883 3623 3002 3691 Quo
3033 3621 3086 3678 in
3119 3623 3240 3678 loco
3283 3633 3392 3677 non
3424 3619 3492 3677 de
3524 3620 3833 3692 prepinqni-

2242 3721 2350 3769 tate
2381 3713 2492 3769 sola
2550 3715 2606 3768 ﬁt
2657 3715 2883 3784 mentio,
2918 3713 3011 3769 sed
3040 3715 3161 3782 jure
3191 3713 3472 3785 proximus
3503 3711 3722 3778 dicitur,
3753 3710 3835 3781 qui

2245 3807 2404 3863 malis
2435 3807 2664 3862 obrutus
2693 3808 2968 3878 prosperis
3018 3806 3326 3877 adjuvetur,
3357 3811 3412 3861 et
3463 3805 3718 3875 adoptiva
3745 3803 3836 3860 mi—

2241 3901 2516 3957 seratinne
2547 3902 2819 3967 confotus,
2849 3903 2990 3971 quod
3022 3902 3345 3972 cognatione
3371 3899 3594 3972 generis
3623 3912 3724 3956 uOn
3751 3899 3835 3952 ha-

2242 3996 2352 4062 bet,
2384 3993 2680 4065 gratiarum
2713 3995 2777 4049 ad
2813 3993 2985 4052 Deum
3015 3994 3042 4031 ά
3072 3993 3242 4050 reddit
3271 3993 3496 4049 aifeetu.
3525 3992 3681 4049 Unde
3710 3991 3833 4046 illud

2241 4089 2551 4144 Salomonis
2575 4098 2659 4143 est
2691 4107 2704 4143 :
2735 4087 3001 4145 Conclude
3027 4089 3408 4160 eleemosynam
3447 4089 3500 4142 in
3531 4089 3689 4142 corde
3715 4103 3836 4161 pau-

2241 4184 2396 4251 peris,
2440 4194 2487 4236 et
2520 4183 2635 4253 ipsa
2667 4199 2761 4251 pro
2791 4193 2839 4236 te
2856 4183 3090 4238 exorabit
3139 4183 3202 4235 ab
3252 4183 3393 4236 omni
3447 4180 3590 4236 malo
3633 4179 3828 4253 (Ecdi.

2242 4273 2472 4340 xxtxJS
2498 4276 2535 4346 ).
2572 4275 2636 4330 Et
2677 4275 2908 4331 lterum:
2943 4278 3042 4342 Qui
3108 4277 3352 4347 pauperis
3405 4275 3703 4341 miseretur,
3736 4273 3831 4328 Deo

2243 4368 2508 4438 {euerritur
2537 4369 2555 4439 (
2582 4366 2738 4422 Prov.
2769 4385 2886 4434 xu,
2921 4370 3034 4438 17).
3067 4367 3236 4422 David
3288 4367 3540 4423 similiter
3591 4386 3603 4421 :
3651 4365 3831 4422 Iunior

2243 4463 2320 4534 fui
2370 4473 2416 4517 et
2467 4465 2634 4532 senui,
2685 4473 2732 4518 et
2788 4480 2888 4518 non
2930 4462 3037 4517 vidi
3079 4466 3279 4536 justum
3309 4460 3828 4535 derelictunt(Psat.

2245 4570 2424 4620 xxxvi,
2449 4555 2544 4621 25,
2575 4555 2715 4626 26);
2746 4573 2837 4610 nec
2866 4571 3033 4610 senten
3064 4558 3178 4630 ejus
3204 4570 3440 4627 φαεν-τηε
3472 4569 3679 4624 panem.
3714 4553 3830 4608 Tota

2168 4627 2220 4687 Ῑ)
2243 4648 2327 4703 die
2354 4650 2628 4704 miseretur
2655 4658 2702 4706 et
2731 4650 3044 4714 commodat,
3076 4627 3123 4704 et
3147 4664 3318 4704 senm:
3339 4651 3450 4722 ejus
3505 4650 3558 4703 in
3607 4648 3830 4703 benedic-

2243 4745 2380 4800 tione
2429 4748 2548 4801 rrit.
2578 4745 2680 4801 Joh
2712 4745 2974 4814 perinde:
3022 4744 3354 4810 Conserrat-i,
3391 4744 3588 4812 inquit,
3624 4757 3828 4813 egenum

2242 4837 2305 4888 de
2335 4853 2490 4889 manu
2539 4836 2792 4907 potentis;
2846 4846 2892 4890 et
2943 4834 3144 4906 pupillo
3187 4837 3269 4887 cui
3316 4851 3418 4888 non
3449 4846 3561 4889 erat
3603 4837 3826 4908 (:Jjntor,

2241 4933 2526 4986 auxiliatur
2554 4950 2686 4985 sum.
2716 4930 2788 4987 Os
2819 4933 2982 4985 ιὶάιιιε
3005 4931 3264 4986 benedixit
3309 4946 3390 4983 me
3445 4948 3670 5000 semper,
3719 4945 3826 4985 cum

2241 5043 2400 5081 essent
2453 5027 2632 5080 oculus
2680 5041 2956 5095 (tororum,
3015 5035 3061 5080 et
3093 5041 3180 5094 pes
3211 5026 3544 5092 claudorum,
3576 5039 3623 5080 et
3653 5027 3828 5080 inrati-

2241 5121 2428 5173 dorum
2461 5129 2605 5186 pater
2633 5118 2773 5190 (Job.
2805 5135 2954 5181 XXIX,
2990 5120 3077 5184 η,
3111 5135 3214 5174 rec.
3249 5118 3446 5190 LXX).
3476 5119 3547 5174 Et
3576 5119 3827 5173 Duniuus

2247 5214 2299 5268 in
2330 5212 2620 5283 Evangelia
2643 5225 2703 5267 se
2740 5213 2793 5266 in
2837 5212 3082 5280 personis
3125 5211 3406 5266 humilium
3438 5211 3710 5266 sublevari
3733 5209 3826 5264 do-

2321 5407 2342 5435 ο
2381 5396 2471 5451 Sic
2493 5396 2544 5450 in
2573 5396 2694 5451 cod.
2727 5396 2890 5452 Vind.
2927 5408 2979 5453 et
3006 5398 3156 5454 Lem.
3184 5397 3479 5454 emendate
3513 5415 3527 5451 :
3580 5399 3632 5453 in
3667 5398 3824 5469 priori

2243 5469 2480 5524 editione
2513 5474 2712 5523 tales...
2741 5485 2996 5524 causas...
3038 5472 3202 5536 decet,
3233 5480 3519 5539 corrupte.

2313 5539 2336 5576 ά
2361 5542 2636 5595 Posterior
2669 5556 2772 5594 vox
2797 5558 2827 5594 e
2851 5543 2972 5595 cod.
3005 5541 3232 5610 Letuov.
3258 5537 3550 5610 desniupta
3577 5550 3681 5608 est,
3711 5559 3823 5597 nam

2243 5623 2397 5668 antea
2456 5611 2730 5682 legebatur
2780 5611 3041 5680 affectum.
3104 5609 3245 5667 lut'ra
3297 5629 3364 5668 ex
3406 5609 3602 5667 eodem
3647 5613 3825 5669 codice

2243 5688 2484 5756 verbum
2506 5683 2751 5752 prodesse
2807 5687 3158 5756 ascripsimus
3189 5697 3310 5756 post
3339 5686 3435 5740 illa
3467 5686 3825 5740 misericordia

2243 5772 2391 5828 Opus.
2434 5754 2695 5838 ldenudu
2717 5757 2874 5811 Esaia
2906 5754 3073 5814 habet
3099 5754 3206 5812 cito
3245 5759 3567 5830 aperientur,
3618 5762 3708 5812 ubi
3760 5763 3826 5812 le-

2230 5839 2374 5897 gitur
2403 5835 2504 5881 cito
2533 5835 2778 5884 orientur.
