4060 6344
263 346 400 403 “£9

1443 334 2077 398 CONSULTATiONUM
2122 333 2247 396 LIB.
2288 339 2374 396 ill.

3419 334 3555 392 11ἰο

259 465 392 530 cuit,
427 461 615 516 dicens
648 475 660 514 :
709 457 870 514 Amen
903 457 1018 512 dico
1049 459 1209 523 robus,
1248 457 1387 527 quod
1417 457 1608 528 fecistis
1662 455 1754 509 nni
1801 467 1862 510 ere
1891 457 1941 517 Α
1973 456 2138 510 Deum
2174 463 2424 527 prompta
2459 453 2529 511 sit
2557 472 2570 522 ;
2595 455 2894 523 crebraque
2929 453 3133 525 jejunis
3166 464 3217 509 ct
3247 453 3474 509 assiduas
3508 451 3560 508 itt

257 555 488 611 minimis
516 555 654 620 estis,
682 551 810 606 mihi
831 560 877 606 et
907 551 1098 623 fecistis
1129 550 1345 622 (Matth.
1375 565 1503 616 xxv,
1529 549 1597 604 40
1615 548 1658 621 ).
1684 546 1856 618 Apos-

260 649 403 703 tolus
432 661 649 717 quoque
677 663 690 700 :
726 644 829 710 Qui
857 659 1011 716 parce
1038 643 1275 708 seminat,
1309 658 1465 715 parce
1494 649 1539 695 et
1572 649 1723 695 metet
1749 657 1766 705 ;
1813 648 1862 693 et

260 744 351 810 qui
377 742 597 797 seminat
619 742 670 794 in
701 738 1074 803 benedictione,
1105 738 1169 790 de
1215 736 1572 790 benedictione
1610 743 1658 788 et
1689 739 1862 786 metet.

265 836 634 907 Unusquisque
661 845 832 887 autem
857 831 1135 886 secundum
1161 830 1300 901 quod
1330 829 1597 898 praposttit
1627 828 1682 881 in
1709 824 1865 880 corde

259 948 377 996 suo,
429 945 532 984 non
562 927 708 996 quasi
737 943 800 980 ea:
827 925 1042 980 tristitia
1071 933 1117 978 et
1147 939 1212 978 ex
1249 923 1551 978 necessitate
1579 937 1596 988 ;
1641 920 1864 974 hilarem

263 1026 400 1080 enim
428 1024 661 1077 datorem
691 1020 864 1090 diligit
894 1019 1030 1074 Deus
1075 1017 1091 1088 (
1117 1017 1158 1071 ll
1190 1018 1312 1072 Cor.
1343 1031 1418 1080 Ix,
1447 1015 1503 1080 6,
1528 1014 1607 1083 'l).
1667 1013 1863 1068 Totum

265 1129 446 1176 autem
477 1114 867 1173 misericordia:
895 1125 1034 1184 opus
1075 1112 1338 1183 prodesse
1368 1125 1464 1181 per
1492 1109 1707 1164 Esaiam
1739 1106 1863 1177 Spi-

267 1217 406 1271 ritus
438 1211 646 1284 pandit.
675 1209 862 1264 dicens
895 1225 908 1260 :
943 1205 1101 1262 Solve
1123 1222 1325 1260 omnem
1355 1204 1546 1259 nodum
1567 1201 1861 1275 injustitt'te,

264 1307 459 1362 resolve
477 1303 846 1371 suﬂ'ocationes
891 1301 1254 1373 impotentium
1299 1301 1746 1362 commerciorum,
1787 1295 1868 1348 di-

267 1402 412 1456 mitte
431 1408 702 1470 quassatos
728 1399 782 1451 iu
814 1397 1064 1468 requiem,
1105 1402 1152 1450 et
1181 1409 1382 1448 onmem
1429 1391 1868 1462 consignationem

264 1494 515 1561 iniustam
563 1490 785 1560 dissipa.
837 1485 1046 1557 Frange
1091 1486 1337 1541 esurienti
1383 1500 1568 1555 panem
1619 1492 1785 1543 tuum,
1819 1489 1868 1534 et

265 1602 484 1661 egenum
531 1587 641 1638 sine
671 1592 802 1638 tecto
847 1581 1006 1636 induc
1035 1583 1089 1635 in
1118 1580 1328 1634 domum
1358 1583 1522 1632 luant.
1578 1576 1639 1632 Si
1681 1573 1870 1628 uideris

265 1680 490 1743 nudum,
522 1678 664 1746 cesti,
697 1686 743 1730 et
774 1673 1079 1730 domesticos
1105 1673 1316 1727 seminis
1345 1671 1504 1725 tuine
1545 1665 1864 1735 despexeris.

267 1775 416 1830 Tunc
434 1780 662 1844 erumpet
688 1782 1083 1842 temporanettm
1111 1769 1283 1822 lumen
1305 1775 1472 1831 tuum,
1496 1777 1546 1820 et
1568 1764 1869 1819 vestimenta

1966 548 2452 620 supplicationibus
2482 563 2668 620 preces
2695 547 2959 620 justitiam
2984 556 3077 602 aut
3105 551 3424 603 mereantur
3471 555 3564 601 aut

1968 641 2188 712 faciant,
2222 651 2282 698 ut
2313 649 2525 713 sumpta
2549 656 2614 698 ex
2645 641 2950 712 Evangeliis
2977 640 3250 696 sententia
3279 640 3356 696 sic
3378 640 3561 695 viven-

1972 745 2079 790 tem
2112 736 2403 791 comitetur
2433 749 2496 791 ac
2527 742 2774 806 pretegat
2806 751 2818 788 :
2864 733 3048 789 Gloria
3077 735 3130 787 in
3161 732 3373 788 excelsis
3428 727 3561 799 Deo,

1967 838 2013 884 et
2042 845 2148 898 pax
2174 830 2228 884 in
2249 838 2387 885 terra
2406 829 2702 884 hominibus
2728 828 2873 884 bona:
2891 828 3168 883 uoluntatis
3189 825 3341 896 (Luc.
3361 842 3422 892 ιι,
3447 823 3561 895 Μ).

1971 922 2097 978 Hmc
2124 922 2510 992 mediocribus,
2544 922 2588 977 si
2620 920 2933 978 sublimium
2966 920 3146 976 fervor
3171 919 3368 982 abet-it,
3418 915 3561 973 dicta

1968 1017 2260 1072 sufficient.
2295 1016 2388 1072 llis
2415 1017 2538 1072 vitae
2570 1016 2824 1088 perennis
2855 1012 3116 1084 promissa
3145 1011 3393 1078 concedi,
3440 1027 3561 1067 ont-

1971 1111 2118 1165 nium
2141 1109 2552 1180 Scripturarum
2581 1109 2770 1181 pandit
2790 1108 3086 1164 auctoritas
3115 1127 3126 1162 :
3157 1105 3280 1161 utsi
3307 1105 3448 1162 inter
3470 1102 3562 1159 illa

1971 1199 2137 1258 futuri
2162 1203 2311 1274 regni
2344 1204 2649 1260 clarissima
2698 1202 2876 1258 sidera
2933 1199 2961 1241 ι)
3021 1199 3279 1272 splendor
3335 1198 3568 1255 eximius

1973 1314 2078 1353 non
2111 1299 2308 1354 attollit
2358 1299 2606 1368 exiguos,
2653 1296 2850 1352 delicta
2881 1311 2987 1351 non
3037 1291 3366 1364 opprimant,
3423 1307 3569 1348 man-

1972 1391 2318 1462 sionumque,
2350 1399 2408 1447 ut
2432 1391 2548 1460 ipse
2574 1390 2840 1455 meminit,
2869 1388 3008 1460 apud
3035 1387 3254 1443 Patrem
3283 1383 3571 1442 diversitas

1972 1487 2309 1556 consoletur,
2345 1485 2584 1556 illudque
2628 1486 2680 1540 in
2726 1498 2937 1540 summa
2988 1482 3329 1538 adhortantis
3359 1479 3572 1536 Βοηιίιή

1971 1578 2241 1635 succurrit
2295 1578 2581 1634 edictum:
2617 1577 2808 1632 Omnes
2855 1576 2941 1647 qui
2996 1574 3310 1630 crediderint
3360 1575 3412 1626 in
3465 1587 3566 1642 me,

1972 1689 2077 1726 non
2135 1672 2527 1742 confundentttr
2561 1671 2580 1743 (
2610 1671 2761 1725 Rom.
2794 1685 2871 1738 Ix,
2904 1667 3035 1740 5'5).
3087 1665 3142 1722 id
3182 1670 3285 1730 est,
3315 1673 3375 1720 ut
3401 1678 3512 1734 ,eos
3543 1676 3574 1718 a

1974 1765 2191 1820 Christo
2216 1763 2294 1820 vis
2320 1764 2469 1820 nulla
2490 1764 2854 1830 distertuinet,
2878 1775 3012 1833 quos
3041 1760 3210 1816 semel
3239 1757 3415 1814 eidem
3441 1755 3574 1810 fides

264 1877 357 1923 tua
383 1868 484 1921 εῑιο
503 1867 768 1929 orientur.
794 1872 839 1917 et
871 1861 1070 1935 ρνίείὸίι
1099 1869 1218 1914 ante
1241 1869 1287 1913 te
1307 1859 1514 1930 iustitia
1545 1866 1656 1922 ηια,
1684 1865 1728 1909 ει
1759 1853 1869 1907 cla-
1899 1858 1944 1918 B
1978 1873 2111 1929 pura
2138 1859 2407 1923 nexuerit,
2432 1867 2484 1912 et
2507 1856 2760 1912 salutaris
2783 1855 2920 1928 signi
2946 1855 3254 1926 integritate
3277 1854 3574 1920 salvcutur,

260 1963 390 2017 ritas
416 1959 513 2015 Dei
541 1957 880 2014 circumdabit
925 1965 991 2011 te.
1020 1953 1166 2010 Tunc
1215 1953 1487 2018 clamabis,
1518 1962 1563 2006 ct
1593 1967 1687 2024 ego
1705 1965 1869 2006 exuu-

262 2057 404 2110 diam
436 2071 455 2110 :
485 2055 609 2108 dum
638 2052 811 2106 adhuc
842 2051 1066 2122 loqueris
1091 2049 1283 2112 dicam,
1322 2048 1455 2102 Ecce
1482 2047 1670 2101 adsum
1693 2043 1864 2117 (lsai.

265 2163 418 2217 LVIII,
449 2149 506 2215 6,
534 2147 612 2217 9).
641 2145 784 2217 Ergo
817 2143 1118 2202 substantia
1150 2143 1354 2214 absque
1382 2140 1670 2196 fraudibus
1693 2149 1870 2209 parta,

263 2249 310 2302 si
343 2247 413 2302 ita
465 2243 831 2313 possideatur,
861 2250 1088 2312 accepta
1119 2248 1242 2304 est;
1275 2252 1339 2294 ac
1387 2251 1494 2292 non
1528 2236 1581 2290 in
1613 2234 1876 2290 facultate

268 2337 562 2402 mediocri,
591 2336 689 2391 sed
730 2335 782 2389 itt
812 2332 1068 2403 cupidine
1098 2331 1408 2386 divitiarum
1459 2343 1621 2384 causa
1667 2325 1877 2398 peccati

265 2442 375 2499 est,
430 2431 658 2487 Domino
690 2435 1072 2500 protestante;
1118 2424 1204 2481 Va:
1226 2424 1390 2490 vobis,
1427 2424 1636 2489 diuites,
1665 2421 1755 2493 qui
1786 2421 1878 2473 ha-

271 2530 398 2586 betis
439 2525 846 2582 consolationem
866 2533 1084 2577 uestram
1113 2519 1271 2592 (Luc.
1299 2534 1372 2586 vr,
1405 2517 1520 2589 Ἡ).
1547 2516 1612 2572 Ει
1643 2516 1882 2569 iterum:

267 2622 514 2694 -οιῃιειιε,
573 2624 662 2690 qui
717 2618 962 2691 pecunias
1012 2615 1221 2681 habent,
1254 2609 1521 2668 intrabttnt
1565 2612 1620 2665 in
1667 2624 1880 2682 regnum

277 2717 525 2774 cteloru-u
549 2713 569 2784 (
589 2713 720 2768 Luc.
763 2723 915 2779 svnt,
968 2707 1040 2764 24
1059 2710 1098 2781 ).

349 2807 615 2880 Coniugia
644 2815 823 2862 autem
856 2804 1083 2858 honesta
1112 2799 1227 2856 Deo
1257 2813 1360 2854 non
1388 2797 1700 2868 displicent,
1743 2803 1795 2850 et
1829 2794 1880 2848 ιιι

183 2969 187 2976 ι
281 2901 683 2975 procreationis
712 2899 1009 2954 liberorum
1048 2892 1310 2951 solemnis
1361 2892 1464 2947 tori
1514 2891 1755 2946 modesta
1803 2888 1885 2942 di—

283 2998 469 3065 lectio,
515 2993 797 3062 Scriptura
845 2990 1080 3060 ;dicente
1130 3003 1142 3040 :
1213 2985 1438 3058 PrOpter
1481 2983 1576 3037 hoc
1631 2983 1886 3053 relinquet

286 3090 438 3143 homo
465 3097 663 3158 patrem
685 3101 836 3141 suum
865 3093 911 3139 et
934 3091 1150 3136 matrem
1173 3093 1346 3144 suant,
1365 3089 1409 3133 et
1435 3076 1888 3146 adltterebitﬁttxori

284 3199 436 3250 sure;
466 3193 512 3236 et
541 3189 694 3234 erant
723 3178 829 3232 duo
858 3179 912 3231 in
942 3190 1098 3231 carne
1129 3187 1232 3228 una
1259 3171 1423 3245 (Gen.
1450 3188 1510 3240 tt,
1537 3170 1654 3244 '24).
1686 3173 1750 3224 lit
1778 3171 1878 3225 ite-

1973 1955 2064 2023 ιιιιὶ
2093 1967 2153 2009 ea
2179 1967 2299 2022 quze
2329 1952 2400 2008 ob
2431 1951 2676 2006 laborem
2706 1950 2950 2006 difﬁcilia
3006 1958 3132 2004 Sunt
3185 1956 3277 2002 aut
3320 1945 3577 2017 impossi-

1977 2047 2101 2102 bilia
2128 2053 2412 2118 respuunt,
2440 2055 2531 2102 aut
2560 2043 2779 2117 aggredi
2801 2043 2924 2116 quia
2945 2055 3067 2100 sunt
3094 2043 3262 2099 ardua
3285 2050 3338 2098 et
3356 2052 3572 2112 magna,

1976 2142 2292 2196 timueruut.

2623 2227 2854 2288 CAPUT
2893 2228 2956 2286 ii.

2111 2327 2241 2395 Qua:
2272 2326 2338 2382 sit
2370 2323 2689 2381 snblimioris
2716 2325 2831 2379 vitae
2859 2323 3039 2395 regula
3080 2318 3445 2376 conservanda.

2053 2419 2258 2474 Aeson.
2307 2447 2376 2459 -
2415 2417 2618 2488 Aperta
2647 2427 2726 2473 est
2753 2414 3017 2472 doctrina:
3050 2414 3208 2470 istius
3231 2411 3456 2480 veritas,
3488 2425 3575 2466 sa-

1985 2526 2224 2585 numque
2257 2513 2569 2578 consilium,
2614 2519 2675 2567 ut
2703 2511 2872 2567 Deum
2922 2525 3035 2582 pra:
3055 2507 3266 2566 cunctis
3294 2505 3578 2563 affectibus

1983 2609 2292 2680 diligentes,
2314 2607 2473 2663 etiam
2501 2606 2544 2662 si
2570 2621 2780 2661 summa
2810 2621 2916 2660 non
2949 2606 3212 2676 capimus,
3238 2613 3575 2672 nequaquam

1987 2714 2166 2758 tamen
2194 2702 2280 2758 vel
2315 2709 2338 2741 ο
2373 2699 2742 2758 mediocribus
2772 2700 3101 2757 excedamus
3157 2715 3170 2752 :
3228 2706 3282 2753 et
3321 2695 3364 2751 si
3407 2689 3580 2750 honor

1985 2797 2295 2851 sublimium
2317 2794 2683 2867 splendorque
2707 2811 2813 2850 non
2836 2794 3039 2858 veniat,
3061 2791 3327 2849 sententia
3351 2790 3581 2844 miseros

1987 2899 2192 2946 mterna
2223 2907 2331 2946 non
2363 2889 2602 2944 damnet.
2634 2889 2738 2946 St-d
2769 2903 2898 2945 vere
2924 2886 3065 2944 istttd
3097 2895 3191 2942 aut
3247 2883 3437 2940 inertis
3490 2891 3584 2938 aut

1986 2981 2282 3041 diffidentis
2313 2990 2395 3039 est
2419 2983 2607 3049 animi,
2651 2993 2810 3053 atque
2839 2999 2867 3036 a
2897 2981 2992 3038 Dci
3025 2975 3396 3035 munificentia
3444 2989 3583 3046 pra:-

1989 3081 2205 3152 cipnutn
2263 3079 2339 3134 nil
2391 3078 2684 3150 sperantis,
2722 3089 2944 3146 torpere
2983 3075 3036 3130 in
3067 3070 3276 3144 exiguis
3306 3069 3580 3125 hominem

1992 3176 2076 3230 ctti
2109 3187 2315 3228 summa
2344 3171 2616 3243 proposita
2649 3170 2777 3236 sint,
2807 3178 2860 3224 et
2896 3170 3021 3222 vitae
3052 3165 3187 3220 tanti
3220 3164 3394 3218 facere
3438 3174 3587 3216 com-

288 3294 407 3335 rttm
438 3295 453 3334 :
510 3277 662 3346 Quod
710 3273 850 3329 Deus
885 3273 1062 3344 juntcit
1089 3312 1103 3338 ,
1164 3270 1313 3324 homo
1372 3275 1397 3305 ι
1445 3283 1548 3322 non
1604 3267 1882 3340 disjungttt.
1918 3261 1963 3323 C
1997 3265 2332 3330 moditatem,
2364 3272 2422 3319 ιιι
2451 3262 2905 3318 inarstitnabilium
2931 3258 3250 3314 Strcttlorum
3283 3267 3446 3327 regna
3470 3253 3586 3308 dis-

288 3375 306 3442 (
338 3371 524 3426 Matth.
562 3383 674 3435 sis,
705 3365 797 3438 6).
867 3363 1036 3437 [Inde
1065 3362 1279 3416 habitus
1307 3376 1412 3416 non
1446 3359 1591 3413 luxui
1644 3355 1882 3423 deditus,

286 3466 381 3521 sed
407 3460 620 3534 nittjtri.]
648 3461 716 3515 Et
737 3457 1036 3515 secundum
1068 3455 1394 3526 Aposmlum
1447 3469 1460 3506 :
1504 3452 1742 3505 Omnium
1771 3465 1889 3514 qum

285 3559 338 3611 in
369 3553 588 3610 macello
615 3559 850 3612 veneunt,
880 3565 995 3604 esca
1023 3548 1133 3602 sine
1163 3547 1323 3617 culpa
1343 3555 1415 3600 est
1444 3545 1465 3617 (
1490 3543 1506 3597 .l
1533 3543 1655 3598 Cor.
1677 3557 1728 3608 ς,
1757 3540 1885 3610 25);

287 3652 565 3724 quoniam,
609 3648 749 3702 sicut
780 3645 922 3700 idem
954 3641 1244 3714 Apostolus
1274 3651 1383 3694 att:
1421 3637 1543 3693 Non
1574 3647 1647 3692 est
1677 3652 1890 3708 regnum

292 3745 388 3800 Dei
407 3760 520 3798 esca
548 3749 595 3796 et
625 3749 799 3812 potus,
829 3738 914 3792 sed
935 3736 1144 3810 j-ttslitia
1169 3743 1215 3790 et
1263 3748 1368 3806 prta:
1394 3734 1449 3788 in
1477 3732 1682 3802 Spiritu
1710 3739 1890 3784 sancto

291 3839 485 3910 (Rom.
519 3849 632 3901 xw,
687 3834 801 3903 Π).
850 3831 1161 3887 Perniciosa
1219 3835 1398 3884 tamen
1451 3827 1703 3882 nimietas
1761 3839 1892 3880 usus

289 3932 573 3997 utriusque
604 3933 708 3994 est,
738 3925 970 3980 Domino
997 3923 1077 3978 sic
1119 3931 1387 3978 mouente
1415 3941 1426 3975 :
1477 3921 1653 3974 Videte
1683 3936 1745 3972 ne
1766 3935 1888 3989 gra-

287 4035 468 4081 t'cntur
494 4023 548 4077 in
577 4021 694 4075 vino
724 4031 770 4074 et
801 4019 1019 4088 crapula
1041 4019 1200 4072 corda
1230 4025 1397 4072 uestra
1427 4015 1598 4088 (an.
1627 4029 1744 4079 ut,
1773 4013 1888 4085 54).

289 4118 447 4188 Quod
467 4117 578 4188 jam
609 4125 789 4171 tamen
816 4130 912 4186 per
941 4113 1290 4170 Salomonem
1341 4121 1468 4166 autc
1524 4111 1890 4181 prtedixcrat:

287 4213 387 4272 Cui
415 4227 509 4278 rw,
538 4210 623 4265 cui
661 4209 807 4264 lividi
836 4207 972 4263 oculi
991 4210 1015 4263 .9
1037 4223 1204 4261 nonne
1229 4219 1406 4260 eorum
1443 4205 1530 4272 qui
1559 4217 1888 4258 commorun-

291 4317 376 4361 tur
419 4306 474 4360 in
524 4304 662 4370 vino,
694 4313 741 4356 et
783 4308 1044 4356 sectantur
1097 4299 1183 4353 ubi
1231 4299 1459 4352 Convivia
1499 4297 1630 4367 ﬁunt
1680 4295 1889 4368 (Prov.

290 4415 448 4466 χχιιι,
501 4398 612 4463 29,
665 4411 763 4450 sec.
810 4391 1054 4465 LXX)?
1104 4391 1262 4448 Unde
1310 4391 1608 4461 Apostolus
1639 4386 1895 4445 sumendi

295 4503 514 4565 propter
560 4489 930 4544 inﬁrmitatem
981 4485 1092 4541 viui
1146 4485 1238 4540 dat
1277 4479 1566 4540 Timotheo
1621 4490 1894 4554 prtrcepta

292 4588 312 4660 (
341 4587 358 4641 l
384 4585 517 4640 'l‘t'tn.
550 4601 603 4655 v,
639 4583 715 4656 5),
750 4581 847 4637 sed
879 4579 1099 4635 modici.
1138 4579 1263 4633 litae
1288 4587 1344 4633 et
1375 4578 1484 4632 alio
1511 4577 1631 4631 loco
1661 4576 1855 4632 dicens
1882 4595 1894 4629 :

1993 3361 2236 3427 simulet,
2262 3360 2347 3413 vel
2379 3356 2608 3425 quadam
2641 3354 2784 3424 vulgi
2807 3349 3117 3409 conditione
3146 3349 3434 3419 despectus
3461 3357 3587 3401 sero

1993 3470 2052 3508 se
2111 3453 2292 3524 lugeat
2339 3465 2444 3505 nou
2500 3448 2805 3518 qua-siisse,
2839 3445 2980 3516 quod
3027 3444 3137 3515 jam
3171 3439 3365 3496 mereri
3397 3444 3584 3494 exucta

1992 3546 2176 3601 stt-culi
2206 3541 2624 3599 conversatione
2655 3555 2760 3595 non
2793 3538 2987 3610 possit.
3014 3533 3146 3604 Qum
3175 3531 3334 3588 nobis
3357 3544 3485 3602 ergo
3510 3529 3589 3583 ri-

1996 3637 2154 3693 veodi
2198 3639 2370 3691 torma
2403 3634 2795 3703 sublimiorquc
2824 3633 2889 3686 sit
2923 3629 3059 3684 ratio
3089 3625 3350 3697 propositi
3393 3621 3592 3678 celsio-

1995 3733 2088 3795 ris,
2141 3729 2310 3783 sncris
2364 3742 2469 3781 non
2502 3727 2676 3796 pigeat
2709 3721 3244 3785 docereseuteuti‘ts,
3300 3716 3424 3787 quia
3480 3729 3588 3770 non

1995 3827 2065 3882 ita
2111 3824 2263 3879 labor
2294 3828 2618 3891 aspernatur
2650 3818 2913 3885 inﬁrmos,
2948 3825 3006 3871 ιιι
3053 3814 3199 3869 nulla
3240 3811 3434 3866 dit-tuas
3465 3821 3592 3879 pro-

1997 3919 2296 3974 vocationis
2349 3914 2546 3969 tltlttcia
2592 3913 2931 3975 cultortt-tur,
2982 3909 3107 3963 dtttn
3167 3907 3215 3962 in
3250 3904 3331 3958 bis
3359 3917 3499 3974 qum,
3532 3911 3596 3955 ut

1997 4015 2109 4084 ipse
2139 4010 2350 4075 dixisti,
2394 4008 2543 4063 velut
2575 4001 2938 4076 impttSsibiIia
2970 3999 3355 4072 pratdicautur,
3382 4003 3436 4050 et
3459 4003 3594 4049 tem-

1998 4083 2224 4177 poribus
2252 4101 2278 4139 (ι
2313 4102 2565 4156 meritum
2619 4110 2728 4151 non
2758 4103 2992 4159 tenetur,
3026 4101 3078 4146 et
3111 4098 3232 4144 actu
3263 4085 3434 4142 levius
3483 4083 3594 4139 for-

1995 4209 2146 4255 taSse.
2170 4209 2328 4262 quam
2361 4192 2626 4248 creditur.

2068 4292 2271 4347 Zsccn.
2302 4315 2373 4329 -ι
2401 4290 2636 4357 Angusta
2665 4279 2884 4353 quidem
2915 4287 2962 4333 et
3010 4276 3184 4330 ardua
3225 4273 3308 4327 cia
3352 4278 3449 4337 est,
3481 4282 3596 4342 quae

1973 4369 2141 4442 .ducit
2169 4386 2237 4440 ad
2263 4384 2419 4438 vitam
2473 4378 2709 4454 (Matth.
2742 4389 2839 4442 vn,
2871 4373 2971 4444 it)
2999 4389 3013 4438 ;
3067 4369 3163 4427 sed
3187 4383 3311 4426 cum
3336 4367 3449 4424 sint
3474 4375 3597 4436 pos-

1999 4484 2174 4543 sibilia
2203 4489 2396 4538 coucta
2427 4476 2801 4540 credentibus,
2832 4474 2883 4527 in
2910 4475 3173 4542 quantum
3206 4465 3346 4522 ratio
3393 4472 3597 4518 nostrte

2003 4574 2309 4649 fragilitatis
2358 4570 2620 4638 admittit,
2677 4566 2886 4636 fastigia
2941 4574 3230 4619 munerum
3287 4559 3596 4614 divinorum

299 4655 468 4733 ll’emo
519 4695 602 4732 vos
631 4678 842 4730 seducat
869 4675 889 4747 (
914 4673 1112 4728 Coloss.
1145 4687 1204 4738 ιι,
1257 4670 1400 4742 18);
1446 4670 1632 4724 ebriosi
1682 4685 1898 4740 regnum
1927 4664 1978 4724 D
2004 4673 2106 4729 sub
2133 4671 2230 4726 Dei
2262 4679 2478 4736 semper
2516 4661 2863 4719 invocatibne
2904 4655 3200 4730 quaerenda
3250 4663 3410 4717 sunt;
3463 4663 3602 4722 prte-

297 4774 393 4829 Dei
418 4789 520 4828 non
550 4768 880 4842 possidebunt
902 4768 947 4842 (l
969 4766 1090 4822 Cor.
1120 4781 1198 4832 γι,
1225 4766 1338 4834 i0).
1372 4765 1428 4820 In
1460 4765 1558 4819 bac
1586 4764 1749 4834 igitur
1775 4764 1897 4818 vita:

295 4869 466 4924 forma
497 4872 552 4921 et
578 4861 1019 4921 conversationis
1069 4859 1274 4916 sobria)
1315 4858 1602 4928 disciplina
1646 4871 1802 4912 mens
1831 4857 1898 4912 ad

374 5065 397 5092 ιι
437 5052 621 5109 Codex
653 5050 842 5118 Vind.,
877 5065 980 5106 non
1001 5057 1221 5123 separet.
1255 5047 1391 5123 Quae
1415 5053 1720 5123 sequuntur
1747 5044 1902 5123 uncis

301 5127 532 5191 inclusa,
565 5115 867 5192 supersunt
898 5140 926 5175 e
958 5115 1225 5177 commate
1257 5121 1322 5192 in
1352 5134 1459 5188 quo
1503 5115 1803 5192 Achchtcus
1835 5121 1902 5172 de

301 5216 403 5255 usu
435 5188 583 5253 licito
634 5188 868 5248 vestiunt
901 5200 957 5248 et
991 5208 1240 5246 escarum
1275 5188 1613 5260 disputabat.

376 5271 401 5309 ι’
444 5269 543 5324 ilic
574 5269 726 5322 locus
783 5265 862 5320 sic
917 5264 1220 5331 descriptus
1261 5271 1343 5316 est
1397 5262 1449 5314 iu
1499 5259 1688 5315 codice
1742 5259 1896 5316 Lem.

303 5342 549 5415 splendor
594 5339 812 5415 enimio:
867 5354 968 5415 non
1015 5333 1232 5415 attollit,
1263 5333 1483 5415 exiguos
1533 5331 1761 5415 πιέσω,-
1789 5344 1899 5388 etc.

304 5403 390 5470 liti
394 5429 450 5468 ra
481 5414 534 5466 itt
559 5411 750 5466 eodem
783 5410 970 5463 codice
996 5407 1067 5461 vis
1097 5406 1241 5459 nulla
1285 5403 1572 5457 subtrahat.
1608 5404 1762 5471 Quod
1815 5421 1903 5459 se-

303 5487 488 5554 ιιιιὶιιιι·
516 5482 890 5554 άὶῇὶοἰίιὶαγδιιιιι
918 5488 1005 5554 aut
1033 5475 1395 5546 impossibilia,
1427 5475 1698 5554 displicuit
1721 5475 1902 5554 licite-

303 5546 409 5621 rio,
441 5557 528 5621 qui
553 5546 791 5622 coniecit
839 5551 943 5622 legi
975 5559 1232 5622 oportere
1279 5555 1372 5600 aut
1401 5557 1456 5599 ut
1489 5546 1846 5622 imposstbilt'a
1882 5563 1899 5603 :

307 5617 405 5684 sed
437 5617 552 5680 lucc
589 5617 784 5679 vocula
809 5617 1224 5685 melius'abeSt;
1259 5631 1368 5674 non
1414 5617 1559 5688 enim
1601 5617 1689 5672 hic
1721 5621 1900 5689 agitur

307 5702 376 5756 de
410 5697 695 5768 praeceptis
716 5711 819 5768 ;Aac
850 5711 916 5749 ne
942 5696 1011 5750 de
1038 5691 1290 5768 consiliis
1319 5691 1542 5768 quidem
1572 5692 1896 5768 generatim,

306 5761 499 5827 scd'de
522 5761 686 5824 certis
713 5765 990 5820 dumtaxat
1035 5761 1298 5828 consiliis,
1341 5777 1459 5831 qum
1491 5761 1770 5832 plerisque
1802 5764 1899 5816 lto-

306 5841 551 5897 tuinibus
588 5835 944 5908 impossibilia
1000 5849 1278 5908 essenon
1334 5833 1610 5908 immerito
1662 5833 1892 5898 dixeris,

308 5913 452 5984 quod
486 5911 551 5968 ad
583 5925 645 5966 ea
667 5905 948 5981 sequenda
979 5907 1159 5965 vocati
1189 5921 1294 5964 non
1334 5921 1456 5964 esse
1487 5905 1796 5963 videantur.
1828 5933 1897 5945 —

2006 4766 2162 4836 cipue
2191 4777 2313 4818 cum
2345 4761 2398 4815 in
2428 4764 2619 4814 nostro
2643 4765 2874 4824 corpore
2897 4750 3181 4816 Dominus,
3208 4762 3374 4819 agens
3400 4745 3474 4799 nil
3509 4759 3603 4815 pe-

2013 4857 2160 4912 nitus
2207 4851 2350 4924 quod
2407 4849 2571 4906 homo
2623 4846 2844 4903 elucere
2900 4857 3010 4898 non
3058 4839 3252 4912 possit,
3284 4837 3602 4907 injunxerit,

2016 5041 2185 5112 Magis
2215 5048 2395 5094 tamen
2427 5036 2605 5112 placet
2626 5029 2844 5112 hcherii
2880 5031 3064 5097 lectio,
3100 5029 3376 5112 qum-item
3406 5023 3605 5080 conﬁr-

2014 5100 2192 5171 maittr
2214 5112 2374 5173 intra,
2409 5100 2499 5164 ubi
2551 5106 2775 5178 legitur,
2806 5121 2942 5172 quae,
2976 5115 3031 5160 ut
3053 5112 3164 5172 ipse
3192 5100 3395 5163 dixisti,
3424 5111 3600 5151 vsw'r

2012 5199 2358 5244 lttPOSSIBtLIA
2386 5180 2756 5254 prccdicantur.

2087 5270 2108 5298 ο
2154 5241 2421 5311 ΑςΙιιειίιῖδ
2453 5260 2597 5306 recte
2623 5246 2835 5304 monuit
2865 5247 2967 5319 legi
2995 5255 3250 5319 oportere
3279 5241 3601 5319 excidemus:

2011 5309 2335 5400 inira—,‘qut'a
2383 5341 2485 5378 non
2513 5324 2586 5376 ita
2615 5321 2783 5386 labor,
2815 5309 2949 5384 etcf,
2977 5309 3264 5400 perspicue
3296 5313 3436 5396 male
3463 5328 3475 5374 ;
3507 5309 3603 5364 sed

2012 5384 2144 5458 nihil
2166 5384 2260 5456 est
2284 5401 2335 5451 itt
2365 5411 2498 5451 mss.
2530 5410 2637 5464 quo
2684 5384 2929 5449 errorem
2960 5384 3256 5464 emendare
3291 5384 3599 5464 (iussimus:

2010 5457 2152 5530 forte
2183 5480 2477 5542 asperatur,
2510 5457 2746 5537 inﬁrmos
2776 5477 2855 5532 ut,
2904 5474 3040 5527 etc.,
3076 5459 3170 5515 sed
3206 5457 3425 5512 mallem
3457 5469 3609 5520 asper

2009 5539 2315 5600 dehortatur
2343 5539 2602 5609 inﬁrmos,
2638 5549 2712 5602 ut,
2750 5549 2856 5592 etc.

2081 5597 2259 5669 illic
2285 5597 2447 5667 etiam
2498 5597 2843 5664 librariorum
2893 5600 3238 5674 negligentiae
3287 5597 3602 5674 exemplum

2009 5668 2200 5751 vides;
2258 5684 2438 5739 nullus
2486 5683 2630 5738 enim
2687 5681 2910 5735 idoneus
2951 5668 3142 5730 sensus
3176 5690 3248 5751 ex
3304 5672 3389 5751 bis
3423 5668 3607 5724 verbis

2008 5742 2364 5824 eruipotest.
2418 5751 2531 5811 Non
2574 5753 2884 5824 displiceret
2937 5764 3040 5801 non
3092 5742 3295 5810 teritur,
3349 5745 3466 5824 ltoc_
3502 5751 3606 5821 est,

2009 5812 2303 5895 minuitur;
2331 5827 2428 5887 sed
2459 5812 2975 5894 deittde'legendum
3003 5827 3172 5884 esset,
3203 5825 3249 5870 et
3295 5824 3419 5870 actu
3449 5812 3610 5867 levius

2007 5912 2144 5976 esui
