4060 6344
483 281 619 339 Hii!

1757 275 2083 336 ZACCHAI
2119 272 2510 334 CHRISTIANI

3649 279 3780 336 “5!

479 391 755 463 Apostolis
782 392 974 449 dicens
1006 409 1020 448 :
1054 391 1190 448 Ecce
1233 391 1422 466 reliqui
1453 394 1588 451 robis
1617 396 1913 467 exemptum
1941 395 2080 468 quod
2107 396 2159 458 Α
2183 410 2291 467 que
2319 397 2366 453 si
2398 396 2625 453 honesta
2656 404 2964 464 sectantur,
2991 412 3164 470 neque
3193 413 3224 453 a
3282 396 3409 454 ﬁdei
3437 394 3648 454 unitate
3672 397 3779 454 dis-

481 487 772 559 sequamiui
798 485 984 560 (Joan.
1017 503 1134 552 χιιι,
1162 485 1273 560 15).
1296 487 1353 544 ld
1365 497 1449 545 est
1480 488 1809 546 :Excusatio
1830 493 1899 546 im
1910 491 2080 560 possi-

482 581 712 639 bilitatis
743 583 1001 640 abscedat
1033 601 1043 637 :
1075 598 1136 638 ea
1167 581 1351 641 facere
1399 601 1558 655 posse
1607 602 1702 642 vos
1753 587 1924 643 doceo
1962 602 2083 656 qua:

483 677 602 748 ipse
629 693 735 734 non
769 681 919 736 tenui
949 699 963 735 :
1007 691 1339 750 quapropter
1369 681 1430 736 Si
1455 686 1716 753 perfectus
1738 684 1811 736 vis
1843 699 1953 738 esse
2001 682 2085 753 (ut

483 768 628 826 idem
682 771 988 827 consulenti
1038 772 1228 843 juveni
1281 773 1544 830 Dominus
1567 776 1699 846 ait),
1746 775 1897 842 oade,
1925 775 2085 830 vende

485 863 661 918 omnia
683 863 817 918 bona
843 874 953 931 tua,
978 874 1024 918 et
1055 865 1124 919 da
1145 866 1501 938 pauperibus;
1525 877 1571 922 et
1598 868 1716 923 ueni
1736 910 1750 935 ,
1780 885 1989 939 sequere
2005 883 2086 922 me

488 955 507 1026 (
533 955 726 1012 Matth.
757 973 873 1024 xtx,
922 958 1133 1030 21).Ιά
1163 969 1287 1016 est:
1319 961 1535 1016 Oblitus
1565 977 1938 1034 respuensque
1973 973 2077 1017 ter-

487 1067 642 1119 rena,
675 1053 914 1110 cmlestia
944 1058 1310 1127 concupisce;
1341 1066 1418 1124 et,
1451 1061 1590 1114 sicut
1628 1057 1742 1128 ipse
1765 1057 1985 1129 subjieit
2007 1058 2090 1112 di-

485 1159 646 1212 cens,
682 1145 939 1201 Thesauri
979 1147 1241 1219 spiritalis
1283 1151 1466 1222 opibus
1509 1151 1798 1206 abundabis
1855 1148 2085 1222 (Ibid.).

487 1236 635 1294 Talis
662 1239 809 1295 enim
841 1239 985 1311 apud
1015 1241 1187 1297 Deum
1241 1243 1568 1299 voluntaria!
1622 1245 1960 1316 paupertatis
2007 1252 2091 1298 est

486 1344 673 1397 causa,
707 1341 767 1385 ut
799 1333 1130 1402 temporarie
1161 1334 1319 1404 inops
1348 1333 1546 1399 factus,
1586 1335 1742 1391 dives
1790 1350 2009 1390 maneas
2037 1335 2089 1389 in

483 1432 774 1496 aeternum,
805 1435 860 1482 ct
887 1428 1147 1484 caducam
1178 1429 1367 1486 saeculi
1398 1429 1717 1502 dignitatem
1772 1431 1856 1486 vel
1904 1431 2093 1500 volup-

487 1528 656 1576 tatem
691 1537 788 1592 pro
818 1515 971 1578 illius
1000 1539 1188 1580 amore
1227 1533 1611 1585 contemnens.
1662 1525 1913 1580 caelestes
1956 1524 2094 1580 deli-

485 1615 599 1672 cias
657 1631 1010 1684 possessut‘us
1088 1618 1367 1674 obtineas.
1452 1617 1836 1673 lnexsolubilia
1913 1619 2094 1687 itaque

488 1707 676 1764 mundi
701 1709 864 1765 istius
909 1710 1124 1766 vincula
1177 1708 1501 1781 rumpenda,
1553 1719 1607 1766 et
1647 1709 1896 1780 qutedam
1925 1712 2091 1766 lacul-

494 1808 663 1856 tatum
717 1810 771 1856 et
826 1801 1152 1870 praediorum
1206 1802 1510 1873 abiicienda
1544 1813 1668 1858 sunt
1706 1817 1908 1869 onera;
1940 1812 2000 1858 ut
2026 1804 2091 1857 ad

2184 493 2450 563 sentiunt,
2468 491 2716 548 imitandi
2744 501 2872 548 sunt
2898 493 3077 562 potius
3099 509 3266 565 quam
3303 493 3539 555 vitandi.
3565 494 3708 563 quia,
3729 502 3783 548 ut

2186 587 2450 654 arbitror,
2465 587 2710 658 ejusdem
2742 587 2882 658 apud
2909 587 3078 643 Deum
3107 589 3364 644 criminis
3400 597 3563 658 atque
3591 589 3783 656 peccati

2184 691 2265 735 est
2292 682 2471 735 odisse
2495 682 2688 746 bonos,
2721 680 2879 751 cujus
2908 691 2962 736 et
3004 681 3190 738 noxios
3235 697 3350 735 non
3399 680 3614 746 vitare;
3665 679 3784 735 dum

2187 774 2304 830 ﬁeri
2335 775 2489 830 nullo
2517 783 2676 845 pacto
2700 783 2899 844 potest,
2935 783 2993 830 ut
3021 789 3142 830 esse
3168 775 3350 830 bonus
3378 773 3539 827 malit
3563 771 3656 841 qui
3704 771 3785 827 di-

2188 866 2308 938 ligit
2348 867 2524 923 malos
2554 884 2569 931 ;
2595 866 2685 922 vel
2718 883 2955 930 rursum,
2992 867 3212 924 malitiae
3255 867 3496 922 stimulis
3523 882 3629 920 non
3670 880 3789 937 agao

2189 967 2295 1024 tur,
2342 958 2436 1028 qui
2475 958 2776 1029 quamlibet
2807 958 3066 1012 benitatis
3105 957 3654 1029 speciem'pra’ferat,
3680 954 3788 1013 bsit

2188 1067 2318 1108 vere
2351 1051 2478 1106 illttd
2530 1053 2674 1124 quod
2709 1044 2987 1108 immerito
3017 1053 3070 1108 in
3112 1053 3235 1108 aliis
3265 1061 3612 1109 exsecretur.

2261 1145 2460 1202 Zaccu.
2484 1143 2728 1201 —Justa
2756 1145 3121 1201 mstimatione
3151 1145 3457 1216 perpendis
3488 1144 3788 1215 hujusmodi

2195 1241 2558 1310 pr0p0situm,
2589 1240 2868 1310 vitamque
2898 1249 3172 1296 sectantes
3217 1241 3352 1296 odio
3397 1255 3520 1296 esse
3551 1239 3790 1295 fidelibus

2193 1349 2300 1389 non
2330 1331 2550 1402 debere,
2585 1349 2652 1390 ne
2678 1333 2780 1389 sub
2810 1325 3251 1390 incerto‘mentis
3299 1334 3532 1389 arbitrio
3564 1349 3660 1404 pro
3686 1348 3793 1388 ma-

2193 1428 2261 1482 lis
2287 1427 2553 1482 bonorum
2584 1428 2803 1482 ineatur
2828 1428 3032 1483 offensa
3059 1444 3074 1494 ;
3129 1438 3182 1484 et
3211 1428 3361 1483 sicut
3386 1430 3650 1498 scriptum
3672 1435 3790 1483 est:

2199 1521 2303 1590 Qui
2331 1523 2552 1577 oderunt
2599 1525 2798 1596 justas,
2849 1523 3150 1594 delinquant
3190 1521 3389 1591 (Psal.
3438 1537 3634 1587 xxxm,
3674 1520 3791 1592 2'2).

2207 1614 2294 1670 Va:
2322 1615 2401 1670 bis
2429 1615 2518 1685 qui
2545 1615 2729 1669 dicunt
2758 1616 2951 1669 malum
2982 1614 3170 1669 bonum
3197 1615 3214 1684 (
3251 1613 3388 1668 lsai.
3416 1630 3469 1682 v,
3503 1613 3574 1668 20
3600 1613 3638 1683 ).
3670 1612 3797 1668 Mul-

2201 1707 2365 1778 tiplex
2396 1710 2540 1763 enim
2564 1707 2930 1764 observantiae
2954 1708 3110 1762 istius
3141 1707 3316 1762 forma
3342 1717 3449 1774 est,
3479 1722 3545 1762 ac
3570 1707 3670 1761 sub
3698 1721 3797 1760 uno

2204 1801 2469 1872 propositi
2501 1801 2720 1856 nomine
2750 1800 2967 1855 diversa
2995 1815 3197 1871 genera
3233 1798 3631 1854 monachorum
3661 1796 3798 1852 :‘sed

495 1893 922 1964 Redemptorem
976 1905 1223 1950 nostrum
1258 1895 1539 1966 pervenire
1594 1896 1898 1967 cupientes,
1930 1895 2096 1952 nullis
2130 1874 2172 1934 Β
2203 1893 2327 1949 talis
2356 1893 2596 1948 omnium
2651 1908 2833 1962 eausa,
2881 1894 3096 1963 qualem
3149 1895 3199 1948 in
3249 1892 3469 1948 cunctis
3525 1891 3799 1948 ordinibus

492 1985 821 2043 delictorum
851 1988 1273 2044 necessitatibus
1302 2003 1624 2059 urgeamur:
1653 1988 1850 2058 quibus
1877 1988 2093 2043 tametsi

489 2093 614 2134 cum
648 2080 928 2135 voluntate
957 2081 1094 2152 ,ipsa
1145 2081 1406 2152 peccandi
1458 2081 1758 2136 necessitas
1805 2080 1982 2145 abest,
2033 2080 2097 2135 ti-

496 2173 690 2228 menda
724 2173 1074 2230 nihilominus
1103 2189 1322 2246 semper
1360 2174 1580 2230 occasio
1602 2184 1711 2240 est,
1743 2189 1806 2229 ac
1831 2189 2099 2229 nonnum-

498 2281 661 2338 quam
716 2267 819 2323 snb
864 2266 1106 2324 honestis
1161 2255 1375 2325 actibus
1402 2269 1563 2340 culpa
1606 2269 1956 2340 subrepens;
1990 2278 2016 2306 α
2045 2270 2097 2324 in

493 2361 613 2433 ipso
641 2361 936 2434 Evangelia
965 2365 1197 2420 veritate
1250 2365 1329 2421 sic
1374 2375 1650 2421 testante:
1684 2363 1789 2431 Qui
1820 2381 1922 2418 non
1973 2381 2096 2419 ren-

494 2451 687 2509 diderit
717 2457 892 2510 omnia
921 2473 1039 2528 qum
1061 2457 1290 2527 possidet
1321 2459 1341 2532 (
1365 2457 1496 2512 Luc.
1530 2474 1640 2525 xtv,
1669 2458 1742 2514 55
1765 2460 1806 2528 ),
1840 2468 1888 2512 et
1921 2458 2099 2513 tulerit

497 2561 704 2602 crucem
754 2565 928 2615 suam,
959 2557 1007 2603 et
1065 2561 1271 2606 secutus
1312 2553 1469 2620 fuerit
1495 2569 1594 2620 me,
1630 2567 1732 2606 non
1764 2562 1925 2624 potest
1958 2569 2102 2606 meus

495 2637 783 2711 discipulus
811 2657 920 2695 esse
947 2641 1152 2714 (lbid.,
1185 2644 1299 2714 '27).
1337 2645 1481 2716 Ergo
1528 2645 1841 2702 enitendum
1889 2653 1993 2712 est,
2046 2654 2105 2700 ut

500 2730 646 2788 illius
676 2735 908 2804 primum
957 2735 1231 2806 discipuli,
1265 2746 1388 2807 post
1419 2739 1578 2792 amici
1634 2753 1756 2794 esse
1809 2738 2100 2808 possimus.

497 2823 854 2882 Cessatenim
885 2827 1129 2884 conditio
1153 2829 1457 2893 servitutis,
1489 2831 1533 2886 si
1568 2830 1825 2885 meritum
1857 2830 2106 2901 spiritale

497 2920 778 2988 succedat,
824 2922 944 2992 ipso
999 2923 1217 2980 dicente
1245 2942 1258 2980 :
1290 2925 1353 2980 Si
1377 2926 1603 2994 feceritis
1626 2925 1766 2996 quod
1794 2925 1986 2979 mando
2015 2942 2105 2979 ro-

499 3014 606 3080 bis,
661 3033 774 3070 ecce
827 3018 937 3082 iam
989 3035 1091 3073 non
1146 3019 1320 3073 dicam
1377 3037 1462 3074 ros
1518 3020 1719 3086 serros‘,
1770 3022 1864 3075 sed
1910 3020 2106 3074 amicos

501 3106 702 3181 (Joan.
738 3127 829 3179 xv,
865 3113 932 3168 Μ
952 3111 994 3186 ).
1029 3113 1126 3168 llic
1156 3113 1307 3167 labor
1331 3115 1411 3168 sic
1438 3114 1750 3169 viventibus
1780 3123 1968 3185 gratus
1999 3123 2102 3177 est,

497 3212 554 3260 et
603 3221 699 3273 pro
745 3222 843 3278 spe
885 3207 1202 3274 huiusmodi
1245 3209 1458 3264 cunctis
1501 3209 1712 3264 deliciis
1763 3217 1985 3279 pra‘slat
2027 3209 2110 3264 in—

2202 1985 2321 2042 fore
2346 1987 2511 2053 nosti,
2544 1995 2606 2042 ut
2654 1996 2875 2056 propter
2905 2002 3114 2042 morum
3147 1986 3470 2042 varietatem
3525 1986 3598 2041 sit
3642 1986 3798 2041 etiam

2200 2078 2495 2134 diversitas
2545 2079 2886 2134 voluntatum
2922 2098 2935 2134 :
2969 2079 3114 2134 unde
3144 2079 3414 2150 professio
3460 2078 3799 2149 irrepreben-

2199 2172 2383 2228 sibilis
2411 2181 2464 2226 et
2494 2180 2678 2226 sancta
2708 2181 2793 2228 est
2819 2189 2833 2238 ;
2885 2172 2979 2228 sed
3010 2171 3225 2242 quidam
3257 2171 3364 2226 sub
3393 2171 3558 2240 hujus
3579 2186 3802 2227 conver-

2199 2263 2429 2318 sationis
2462 2264 2734 2320 velamine
2785 2264 2927 2320 odiis
2975 2265 3136 2336 digna
3168 2267 3544 2330 committunt,
3592 2282 3656 2320 ac
3683 2265 3803 2322 licet

2200 2357 2456 2412 dissnnili
2487 2367 2786 2428 arguantur
2817 2360 3353 2430 reatu,generaliter
3382 2370 3567 2416 tamen
3620 2375 3652 2415 a
3680 2375 3801 2430 pro-

2203 2448 2442 2505 fossione
2489 2450 2800 2506 discedunt.
2862 2452 2924 2506 lli
2975 2467 3208 2522 namque
3259 2467 3494 2523 quorum
3545 2453 3689 2508 inter
3717 2452 3802 2508 de-

2205 2546 2416 2600 viantcs
2471 2545 2733 2614 perditior
2757 2546 2972 2601 animus
3000 2556 3106 2609 est,
3161 2547 3499 2617 temporarie
3527 2546 3803 2602 abstinen-

2205 2637 2331 2692 tiam
2389 2648 2444 2692 et
2487 2639 2879 2694 continentiam
2926 2639 3208 2706 simulant,
3240 2647 3298 2695 et
3329 2642 3568 2710 primum
3619 2639 3803 2694 studiis

2205 2728 2429 2786 lubricae
2479 2730 2865 2786 familiaritatis
2922 2732 3190 2802 irrepant,
3245 2742 3546 2803 captasque
3596 2733 3807 2786 mulier-

2205 2825 2358 2880 culas
2388 2826 2542 2878 vanis
2570 2826 2922 2894 opinionibus
2953 2825 3272 2892 illudentes,
3316 2827 3370 2882 in
3403 2841 3565 2882 usum
3601 2827 3807 2882 miserm

2205 2917 2517 2987 cupiditatis
2549 2917 2810 2984 illiciunt;
2837 2917 2964 2972 dum
3012 2928 3104 2973 aut
3145 2918 3732 2984 muneribusinhiaut,
3759 2927 3810 2974 et

2208 3009 2344 3065 fatda
2397 3011 2642 3066 avaritia:
2696 3011 2848 3067 lucra
2898 3014 3254 3081 conquirunt,
3285 3024 3386 3068 aut
3415 3013 3544 3069 dolo
3569 3014 3809 3070 subditas

2209 3106 2455 3171 vincunt,
2485 3116 2540 3161 et
2567 3123 2597 3160 a
2628 3108 2907 3178 t'roposito
2935 3107 3146 3164 devotze
3201 3108 3484 3164 castitatis
3517 3109 3805 3164 abducunt.

2213 3202 2318 3256 Alii
2346 3209 2528 3257 autem
2582 3200 2812 3257 fideliter
2842 3201 3124 3268 iuchoant,
3174 3201 3504 3274 ardentique
3536 3204 3808 3273 proposito

494 3296 664 3370 juria,
690 3301 887 3357 blanda
917 3302 1216 3370 humilitas,
1251 3303 1572 3374 patiensque
1601 3311 1974 3369 contemptus,
2003 3302 2111 3356 vic-
2140 3275 2186 3340 C
2211 3293 2441 3364 justitite
2475 3295 2684 3350 servire
2729 3295 3064 3350 contendunt
3089 3311 3105 3360 ;
3139 3293 3360 3362 ideinde
3410 3295 3812 3350 inconsideran-

501 3410 588 3457 tus
602 3399 848 3467 exiguus,
871 3413 1184 3469 pauperque
1204 3398 1464 3462 vestitus;
1507 3407 1562 3452 et
1585 3396 1636 3450 in
1652 3396 1876 3466 imperia
1890 3395 2113 3465 spiritus

500 3508 667 3550 carne
693 3492 982 3562 depressa,
1011 3493 1230 3565 obliqua
1269 3492 1414 3547 vitiis
1451 3491 1630 3547 studia
1668 3492 1921 3548 discenda
1963 3498 2110 3556 sunt,

499 3583 638 3642 iram
679 3585 919 3650 vincere,
945 3586 1160 3641 invidia
1181 3586 1316 3641 nihil
1341 3585 1566 3650 debere,
1589 3585 1704 3652 ejus
1745 3585 1926 3638 colere
1957 3599 2112 3638 man-

507 3680 878 3747 suetudinem,
903 3681 1271 3750 arrogantiam
1287 3680 1572 3746 detestari,
1593 3693 1850 3749 respuere
1867 3677 2116 3733 humanm

508 3775 703 3847 gloria:
733 3775 1390 3846 vanitatem,et|inguam,
1413 3773 1774 3829 saevissimum
1798 3772 2015 3837 malum,
2049 3772 2118 3826 ab

506 3869 906 3923 obtrectatione
927 3866 1184 3924 cohibere
1210 3887 1224 3932 ;
1258 3869 1415 3923 utsic
1442 3868 1653 3923 exuviis
1666 3867 2118 3922 veterishomittis

506 3959 838 4031 absumptis,
887 3974 991 4014 non
1039 3959 1235 4017 fruStra
1287 3961 1420 4016 illud
1451 3960 1692 4032 Apostoli
1725 3968 2114 4015 recenseatnr:

510 4053 657 4110 Sicut
668 4054 987 4126 portavimus
999 4056 1274 4126 imaginem
1291 4055 1499 4119 terreni,
1509 4065 1767 4124 portemus
1783 4064 1828 4108 et
1844 4055 2118 4126 imaginem

511 4145 726 4202 ewlestis
767 4145 827 4216 (Ι
858 4146 978 4202 Cor.
1013 4164 1100 4213 xv,
1133 4146 1279 4217 30);
1323 4148 1737 4218 imitatoresque
1765 4145 1911 4202 illius
1945 4146 2121 4201 simus

511 4240 558 4312 (l
573 4237 694 4295 Cor.
708 4255 759 4294 tv
774 4239 888 4309 16),
905 4241 1042 4296 sicut
1066 4241 1154 4298 ille
1171 4241 1396 4306 Christi,
1421 4241 1749 4296 ﬂducialiter
1773 4251 2120 4310 usurpantes:

513 4331 713 4386 Nostra
739 4343 909 4388 autem
936 4335 1253 4390 conversatio
1278 4336 1332 4390 in
1356 4334 1495 4389 caelis
1518 4345 1590 4389 est
1627 4332 1888 4407 (Philipp.
1909 4332 2119 4405 111,20).

516 4425 607 4488 Et.
634 4425 770 4481 Pars
791 4437 972 4482 nostra
1004 4425 1260 4483 Dominus
1275 4427 1494 4499 (Thren.
1521 4443 1603 4496 ιιι,
1624 4425 1890 4496 2s).Cum
1924 4427 1976 4482 itt
2007 4427 2125 4482 hcec

513 4537 730 4593 semper
751 4522 942 4578 intenti
968 4538 1066 4579 nec
1092 4527 1208 4579 visu
1241 4524 1529 4594 recipimus
1553 4539 1655 4580 nec
1677 4521 1881 4588 auditu,
1905 4538 2012 4593 quo
2033 4531 2126 4578 aut

517 4613 730 4668 admitti
771 4614 1029 4670 delictum
1052 4625 1147 4672 aut
1176 4616 1570 4673 admittendum
1621 4616 1794 4672 soleat
1813 4616 2058 4688 cogitari.

1164 4709 1394 4767 CAPUT
1447 4709 1534 4765 lll.

526 4799 658 4867 Qut:
681 4800 919 4856 instituta
965 4804 1380 4870 monachorum;
1411 4803 1485 4858 vel
1526 4819 1688 4876 quare
1731 4821 1764 4858 a
1791 4803 1972 4858 multis
2003 4803 2124 4858 odio

1165 4895 1473 4950 habeantur.

597 4987 796 5042 APOLL.
821 5016 893 5027 —
916 4986 1261 5044 Sufﬂcienter
1288 4990 1740 5060 interrogationis
1792 4989 1952 5046 istius
1999 4997 2124 5045 vota

522 5081 775 5150 suppleta
805 5089 952 5145 sunt,
978 5089 1034 5137 et
1055 5082 1126 5137 ita
1159 5097 1303 5137 verre
1335 5082 1687 5153 perfectionis
1710 5083 1906 5138 merita
1936 5092 2130 5153 patue-

528 5183 674 5237 runt,
707 5184 764 5228 ut
793 5173 1011 5245 quidam
1038 5174 1222 5230 animo
1239 5176 1557 5246 experiendi
1584 5175 1764 5232 fervor
1791 5177 2123 5246 obrepscrit,

525 5279 582 5323 et
611 5267 734 5322 vita:
756 5270 1049 5339 praesentis
1098 5283 1252 5322 usum
1284 5286 1312 5322 a
1346 5270 1476 5325 totis
1524 5269 1849 5326 delictorum
1880 5265 2148 5328 occasio-.~

528 5360 689 5415 nibus
714 5361 1181 5431 segregarit.Quae
1211 5377 1354 5416 nunc
1384 5361 1549 5432 igitur
1577 5364 1969 5418 monachorum
1995 5377 2126 5418 con-

528 5451 773 5523 gregatio
801 5454 887 5508 vel
919 5465 1066 5511 secta
1113 5454 1204 5519 sit,
1242 5455 1324 5508 vcl
1354 5468 1518 5526 quam
1576 5455 1646 5510 ob
1695 5472 1913 5511 causam
1957 5456 2123 5512 etiam

529 5557 841 5602 nostrorum
872 5547 1012 5604 odiis
1036 5547 1184 5620 digni
1217 5548 1540 5617 habeantur,
1570 5563 1834 5618 exprome
1859 5568 1871 5604 :
1900 5550 1992 5621 qui
2021 5551 2126 5605 uti-

606 5672 633 5700 ἰ
672 5663 764 5718 Sic
791 5663 960 5720 codex
995 5665 1154 5721 Vind.
1181 5666 1328 5734 prior
1359 5663 1562 5723 editio,
1603 5663 1718 5730 ipso
1748 5667 1800 5716 in
1836 5662 2132 5736 Erangeliis

531 5737 603 5792 sic
626 5746 958 5808 protestante.
1010 5737 1161 5792 Haud
1219 5738 1288 5790 ita
1323 5736 1494 5792 multo
1528 5745 1651 5808 post
1700 5751 1766 5790 ex
1805 5737 1996 5791 eodem
2029 5753 2126 5792 c0-

532 5807 656 5879 dice
687 5809 1006 5879 scripsimus
1025 5809 1140 5879 jam
1189 5825 1289 5862 non
1319 5808 1513 5869 diram,
1559 5807 1650 5858 ubi
1702 5816 1821 5862 erat
1862 5809 1977 5878 jam
2024 5825 2127 5862 non

539 5877 659 5930 diro
685 5893 703 5932 :
730 5884 787 5930 et
809 5878 950 5932 infra
998 5877 1221 5933 Lemov.
1271 5880 1325 5932 in
1357 5879 1575 5947 imperia
1597 5879 1830 5942 spiritus,
1861 5877 1949 5932 ubi
1981 5879 2130 5944 lege-

2222 3389 2331 3443 tius
2351 3399 2565 3458 arrepta
2593 3403 2698 3443 non
2723 3387 3024 3458 perferunt,
3050 3400 3216 3460 atque
3246 3403 3279 3442 a
3306 3389 3501 3459 coeptis
3533 3388 3812 3455 desistunt,

2218 3483 2304 3538 vel
2362 3492 2514 3538 certe
2571 3482 2928 3538 invidentium
2985 3491 3078 3538 aut
3127 3483 3356 3553 aggredi
3401 3483 3815 3538 detrectantium

2219 3575 2667 3645 persuasionibus
2696 3575 3041 3641 molliuntur,
3073 3584 3237 3647 atque
3264 3578 3335 3631 ab
3365 3577 3602 3634 instituti
3646 3579 3815 3648 rigore

2217 3669 2504 3724 discedunt
2539 3686 2553 3734 ;
2589 3679 2699 3724 tum
2732 3669 3137 3726 remissioribus
3165 3669 3460 3725 assuefacti
3517 3671 3570 3724 in
3603 3685 3812 3725 omnem

2221 3763 2535 3817 illecebram
2567 3765 2817 3834 corporis
2847 3762 3098 3830 redeunt,
3132 3779 3196 3817 ac
3249 3765 3480 3834 primam
3513 3764 3672 3819 fidem
3702 3763 3817 3819 irri-

2223 3867 2332 3912 tam
2387 3858 2674 3924 facientes,
2705 3857 3012 3914 communis
3041 3857 3167 3913 vita:
3208 3857 3460 3914 ordinem
3503 3857 3743 3923 laudant,
3766 3866 3819 3911 ut

2221 3961 2403 4008 actum
2437 3952 2698 4022 propositi
2747 3937 2988 4008 durioris
3035 3962 3322 4007 accusent.
3379 3951 3535 4007 Unde
3575 3951 3818 4020 intelligis

2225 4062 2332 4101 non
2364 4047 2432 4100 ab
2463 4046 2548 4098 bis
2578 4061 2881 4116 eorumque
2909 4045 3183 4101 similibus
3230 4047 3603 4116 integritatem
3635 4046 3819 4119 perdu-

2227 4139 2400 4194 rantis
2426 4138 2705 4192 industriae
2739 4137 3236 4207 prtcdamnnndam,
3262 4147 3356 4192 aut
3383 4138 3435 4192 iit
3461 4136 3646 4193 labore
3673 4151 3820 4191 sanc-

2229 4230 2440 4285 tissimo
2480 4229 2786 4284 sublimiter
2811 4231 3307 4284 consunnuantium
3333 4230 3560 4302 gloriam
3581 4245 3820 4285 reveren-

2227 4323 2469 4392 tiamque
2499 4322 2847 4378 minuendam
2869 4338 3046 4392 ;cum,
3075 4325 3212 4380 sicut
3239 4324 3446 4379 dictum
3475 4333 3582 4388 est,
3602 4337 3818 4391 persona

2228 4415 2404 4482 magis
2426 4430 2586 4484 quam
2615 4414 2750 4469 ordo
2766 4414 3075 4483 displiceat,
3109 4415 3354 4484 necjttre
3375 4415 3582 4482 despici
3612 4425 3820 4485 propter

2228 4507 2441 4579 aliquos
2471 4507 2665 4577 possit,
2695 4507 2837 4577 quod
2867 4507 3284 4577 magnanimiter
3314 4506 3818 4562 servaturamultis.

2300 4621 2368 4676 Hi
2412 4631 2593 4676 autem
2634 4637 2764 4677 vere
2797 4620 3019 4676 modum
3048 4619 3421 4692 professionis
3463 4622 3623 4676 istius
3672 4635 3818 4676 exse-

2229 4727 2493 4788 quuntur,
2525 4716 2641 4786 qui,
2686 4725 2747 4770 ut
2787 4716 2898 4785 jam
2933 4714 3140 4769 dictum
3169 4725 3276 4781 est,
3327 4714 3590 4770 abscissis
3618 4714 3820 4785 penitus

2230 4812 2418 4868 saeculi
2452 4810 2712 4878 vinculis,
2747 4810 2800 4865 in
2831 4809 2966 4880 legis
3009 4810 3410 4864 exercitatione
3441 4817 3747 4873 versantur,
3773 4815 3824 4862 et

2229 4905 2494 4976 promissa
2520 4904 2588 4958 ad
2618 4904 2888 4974 integrum
2919 4902 3334 4971 pratstolantes,
3367 4913 3642 4972 prmcepta
3671 4901 3734 4956 ad
3756 4899 3824 4955 in-

2228 5007 2439 5066 tegrum
2482 4997 2714 5066 implere
2744 4997 2994 5051 nituntur
3025 5013 3038 5047 ι
3066 4995 3166 5049 sed
3202 4995 3252 5049 in
3287 4994 3374 5050 his
3399 5009 3619 5065 quoque
3648 4995 3825 5048 obser-

2228 5090 2538 5144 vantiarum
2575 5105 2680 5144 non
2714 5103 2881 5160 parva
2913 5087 3170 5142 distantia
3205 5097 3322 5152 est;
3366 5101 3431 5140 ac
3462 5087 3584 5142 licet
3627 5085 3824 5142 cunctis

2235 5184 2431 5240 mereri
2461 5182 2613 5240 cordi
2638 5184 2709 5236 sit
2736 5182 2967 5251 gloriam
2998 5180 3334 5249 futurorum,
3359 5179 3453 5234 alii
3489 5189 3672 5235 tamen
3693 5193 3825 5234 sum-

2236 5277 2365 5345 mis,
2390 5275 2483 5331 alii
2507 5275 2878 5330 mediocribus
2909 5273 3152 5330 student.

2305 5369 2537 5437 Quidam
2561 5374 2724 5424 etiam
2747 5368 2895 5423 velut
2920 5366 2973 5422 in
2995 5374 3277 5436 postremo
3299 5376 3467 5422 secta:
3491 5367 3652 5422 istius
3669 5368 3825 5437 gradu

2236 5477 2401 5534 parva
2423 5462 2812 5518 observatione
2831 5461 3096 5524 contenti,
3136 5469 3350 5515 tantum
3382 5460 3604 5516 caelibes
3627 5461 3821 5526 vivunt,

2236 5555 2323 5611 vel
2372 5569 2664 5625 numquam
2709 5556 2920 5626 experti
2970 5552 3328 5609 matrimonia
3374 5564 3726 5624 respuentes,
3749 5553 3823 5609 vel

2244 5673 2399 5727 batur
2426 5673 2483 5727 in
2507 5672 2726 5740 imperio
2757 5671 2993 5740 spiritus.

2308 5741 2334 5780 ι’
2366 5743 2454 5800 Sic
2485 5744 2538 5799 iu
2570 5737 2757 5799 codice
2783 5737 2936 5799 Lem.
2970 5743 3022 5798 in
3044 5740 3203 5798 editis
3247 5742 3324 5797 sic
3351 5757 3465 5798 vere
3490 5738 3645 5797 illud.
3669 5737 3802 5794 lnlra

2239 5815 2330 5869 ttbi
2360 5818 2470 5887 [ore
2499 5817 2657 5882 nosti,
2694 5815 2912 5872 mallent
2943 5816 3049 5886 fere
3078 5815 3235 5870 nosti-
