4060 6344
245 349 383 410 “55

1424 341 2056 405 CONSULTATIONUM
2098 343 2225 401 LIB.
2269 342 2359 400 lll.

3404 337 3545 401 1154

240 466 572 523 amissorum
639 463 1027 521 recordatione
1073 461 1416 531 commoniti,
1478 464 1740 531 secunda,
1796 463 1840 517 si
1869 466 1919 525 Α
1950 459 2348 515 immundorum
2375 455 2658 525 spirituum
2688 452 2881 509 victrix
2916 452 3224 508 constantia
3252 466 3400 524 stupe
3422 469 3559 509 con-

243 558 416 627 prima
449 558 712 622 habuere,
749 558 1028 621 devitant;
1059 555 1186 610 dum
1218 556 1451 610 alterum
1483 559 1598 612 lere
1628 572 1733 610 non
1759 571 1851 610 ca-

241 649 497 705 ventibus
530 651 801 719 provenit,
834 658 894 703 ut
936 658 1032 703 aut
1070 647 1215 718 quod
1263 648 1315 703 in
1351 648 1546 718 primis
1593 648 1849 719 perdide-

243 751 392 805 runt,
422 758 530 796 non
562 741 854 796 inveniant
883 741 936 796 in
966 741 1254 807 secundis;
1282 752 1374 795 aut
1397 756 1614 797 rursum
1636 741 1689 796 in
1719 757 1851 796 eon—

248 836 606 907 sequentibus
635 836 930 907 patiamur,
971 835 1116 905 quod
1163 836 1444 892 caruerint
1474 838 1528 892 in
1557 837 1845 892 defunctis.

250 929 338 999 Hi,
370 935 617 1003 inquam,
672 931 837 987 rebus
868 930 1172 989 communis
1215 931 1653 987 conversationis
1686 932 1851 987 inter-

245 1036 396 1094 sunt,
423 1040 479 1080 et
499 1034 707 1083 secreta
743 1044 849 1080 non
879 1035 1143 1096 expetunt
1174 1069 1189 1092 ,
1219 1027 1347 1081 vita:
1374 1025 1536 1095 hujus
1558 1038 1854 1081 consuetu-

245 1117 430 1173 dinem
472 1118 801 1185 retinentes;
837 1130 895 1173 ut
940 1119 1105 1173 etiam
1147 1100 1201 1174 si
1232 1133 1259 1172 a
1293 1116 1508 1173 delictis
1538 1120 1693 1172 vacui
1736 1115 1852 1172 fore

244 1222 500 1283 possunt,
562 1213 843 1269 occasioni
896 1223 1077 1270 tamen
1128 1212 1445 1282 subiaceant
1494 1212 1849 1275 delictorum;

243 1306 371 1361 dum
425 1308 542 1378 lege
574 1310 825 1376 corporis
872 1306 925 1361 in
973 1307 1251 1362 diversum
1289 1305 1540 1360 trahente
1572 1303 1854 1359 difﬁcilius

242 1418 437 1474 magna
469 1404 782 1471 perﬁciunt,
809 1403 901 1472 qui
932 1412 1159 1472 possunt
1187 1401 1326 1456 mala
1353 1400 1547 1456 videre
1574 1400 1849 1454 nolentes.

243 1495 472 1551 Habitu.-
508 1493 591 1548 his
624 1508 724 1548 nec
754 1492 1155 1547 inlionorabilis
1207 1507 1309 1546 nec
1354 1492 1600 1561 abiectus
1644 1501 1757 1555 e51;
1801 1499 1855 1544 ct

244 1597 342 1644 aut
369 1589 514 1644 idem
541 1590 631 1657 qui
656 1588 913 1643 omnibus
935 1586 1090 1642 cibus
1118 1598 1385 1658 potusque
1407 1585 1733 1649 communis,
1764 1593 1857 1637 aut

244 1698 371 1739 raro
394 1683 679 1737 abstinens
706 1682 832 1738 etin
859 1682 1044 1752 paucis
1070 1682 1298 1736 recisus.
1326 1678 1605 1735 Psallendi
1630 1677 1857 1750 perinde

246 1781 438 1851 vigore
489 1794 597 1834 non
648 1776 883 1841 fervent,
944 1776 1217 1846 nullisque
1271 1776 1473 1843 vigiliis
1533 1782 1854 1829 nocturnam

1950 557 2212 628 greditur.
2267 553 2614 610 Conlinuatio
2663 550 2878 605 assidua
2921 548 3224 619 jejunaudi,
3260 558 3558 619 noctesque

1950 648 2260 719 pervigiles,
2294 656 2348 702 et
2381 655 2477 700 aut
2522 644 2641 699 sine
2667 643 2851 698 faleris
2893 644 3061 697 humo
3091 643 3413 713 corpuscula
3463 643 3561 699 de-

1949 744 2174 810 cubant,
2207 750 2301 797 aut
2342 756 2474 796 saxo
2524 738 2552 778 1°
2600 739 2877 810 paulisper
2903 736 3113 807 dejecta
3159 737 3449 805 durantur,
3501 746 3562 794 ut

1951 852 2175 894 somnus
2212 852 2321 893 nOn
2371 836 2455 908 agi
2509 833 2758 890 videatur
2812 832 3071 903 iujuriosa
3128 834 3414 901 brevitate,
3462 832 3560 889 sed

1951 934 2102 1004 pelli.
2154 933 2284 988 llatc
2314 930 2705 987 monachorum
2754 928 3063 997 diversitas,
3116 936 3170 983 ct
3220 928 3345 983 talis
3394 927 3558 998 spiri-

1952 1029 2133 1083 taliter
2160 1026 2465 1097 degentium
2499 1025 2739 1081 ceelcsﬁs
2772 1024 2823 1078 iu
2859 1023 3021 1078 terris
3045 1022 3223 1092 agitur
3252 1021 3561 1093 disciplina.

1954 1121 2060 1176 Pro
2092 1121 2187 1176 Dei
2216 1129 2395 1174 autem
2428 1119 2649 1173 nomine
2680 1117 2858 1171 votiva
2892 1131 3040 1169 mors
3083 1114 3362 1181 omnibus,
3393 1126 3565 1185 atque

1954 1217 2203 1288 Optabilis
2232 1216 2401 1271 sancti
2435 1216 2614 1270 exitus
2643 1229 2859 1284 pompa,
2901 1211 3027 1267 dum
3076 1211 3223 1267 nulla
3256 1212 3307 1267 in
3361 1211 3564 1266 sarculo

1954 1318 2338 1381 compensatur
2351 1308 2568 1379 injuria;
2584 1307 2725 1378 quod
2742 1305 3027 1360 etsublimi
3044 1304 3254 1360 honore
3269 1319 3566 1361 muneran-

1955 1404 2081 1461 dum
2096 1413 2275 1471 est,et
2296 1402 2857 1472 sineullatemporum
2890 1400 3189 1457 mutatione
3217 1414 3561 1456 mansurum.

2578 1494 2806 1552 CAPUT
2835 1495 2924 1550 IV.

2068 1588 2128 1645 Si
2159 1589 2339 1659 ﬁdeles
2367 1589 2610 1643 monachi
2638 1606 2670 1641 a
2702 1587 2801 1643 Dei
2827 1598 3085 1661 praecepto
3113 1588 3222 1642 haec
3251 1595 3455 1662 gerant.

2032 1684 2235 1739 APOLL.
2280 1713 2354 1723 —-
2392 1682 2579 1754 Magna
2613 1691 2697 1737 est
2744 1682 2959 1752 quidem
3016 1681 3200 1736 talium
3254 1680 3569 1749 praedicatio

1961 1773 2244 1843 virtutum,
2287 1782 2344 1829 et
2372 1774 2423 1829 in
2456 1774 2551 1830 Dei
2582 1774 2863 1829 voluntate
2890 1784 2933 1842 ξε
2967 1773 3051 1828 vel
3101 1772 3354 1827 laudibus
3395 1772 3573 1827 famu-

250 1884 517 1942 rumpunt
544 1874 825 1944 quietem;
876 1888 982 1927 non
1012 1869 1326 1942 profusum,
1371 1870 1467 1926 sed
1510 1868 1852 1924 tractabilem
1888 1868 1931 1928 Β
1961 1868 2185 1923 lantium
2218 1868 2453 1923 servitus
2500 1867 2769 1936 gloriosa;
2817 1868 3074 1937 quoniam
3108 1864 3417 1936 huiusmodi
3456 1872 3574 1922 stu-

250 1982 479 2024 ccnsum
511 1966 848 2035 po~ccntium
882 1966 1082 2035 inopiae
1108 1972 1493 2033 suggerentes:
1527 1963 1661 2016 ﬁdes
1681 1960 1857 2015 calida

252 2071 361 2125 est,
390 2078 499 2117 nou
535 2067 716 2114 tamen
756 2059 1005 2123 fervens;
1041 2068 1093 2113 et
1127 2073 1280 2112 mons
1319 2055 1605 2125 religiosa,
1639 2068 1857 2109 nonre-

251 2150 444 2223 ligioui
493 2154 712 2219 penitus
763 2151 1001 2205 addiCta.
1038 2148 1359 2219 Hujusmodi
1396 2157 1575 2202 autem
1624 2161 1859 2202 censue.

254 2245 388 2301 tudo
431 2244 702 2315 potiorum
730 2252 849 2312 est;
897 2245 1029 2299 locis
1056 2244 1289 2314 primum
1337 2240 1730 2297 remotioribus
1760 2239 1861 2294 ha-

256 2340 453 2405 bitant,
484 2339 696 2394 etiamsi
722 2339 799 2393 .iu
857 2338 1084 2392 urbibus
1120 2336 1346 2408 degant.
1393 2335 1685 2405 ipsumque
1729 2348 1866 2389 con-

257 2433 592 2489 versationis
616 2431 866 2486 ordinem
898 2447 1005 2485 non
1032 2428 1537 2501 miideinjactanter
1562 2434 1863 2491 ostentant,

261 2525 358 2584 sed
414 2525 483 2581 ab
534 2523 1008 2579 exhortationibus
1062 2523 1296 2578 aliorum
1338 2521 1476 2577 velle
1523 2520 1867 2592 supprimere

262 2619 469 2692 peceati
503 2620 621 2673 loco
650 2617 877 2673 ducunt.

336 2712 432 2767 His
490 2711 849 2767 conveniendi
898 2727 1045 2766 unus
1101 2710 1358 2766 onmihus
1412 2710 1564 2765 locus
1611 2717 1719 2776 est,
1769 2707 1867 2764 sed

267 2803 472 2875 dispar;
504 2803 791 2869 manendi;
844 2804 1074 2858 vestitus
1135 2802 1384 2869 humilis,
1435 2802 1700 2873 cibusque
1757 2817 1867 2855 non

268 2899 535 2965 blandus;
569 2914 668 2953 nec
717 2898 945 2954 interest
976 2913 1043 2953 ex
1090 2912 1197 2968 quo
1228 2896 1575 2966 potissimum
1608 2896 1753 2962 sitis,
1781 2895 1869 2950 vel

266 3011 429 3067 quam
472 2996 568 3051 vili
616 2995 829 3066 liquore
858 2992 1108 3061 satietur,
1139 2992 1269 3047 dum
1303 2990 1525 3062 potandi
1566 2998 1750 3046 arceat
1776 3004 1869 3045 vo-

268 3089 553 3160 luptatem,
583 3098 637 3143 et
667 3087 773 3143 vim
796 3102 1029 3157 corpore
1056 3087 1395 3142 necessitatis
1421 3085 1696 3142 excludat.
1724 3084 1870 3139 Psal-

265 3182 411 3241 lendi
441 3198 571 3239 vero
598 3182 821 3239 intentis
844 3182 1045 3239 crebra
1078 3192 1204 3237 sunt
1233 3183 1433 3247 studia,
1466 3183 1741 3253 certisque
1774 3180 1871 3235 lio-

1962 1961 2065 2016 diis
2094 1973 2146 2015 et
2182 1960 2481 2030 perniciosa
2508 1961 2631 2014 vitm
2657 1961 2811 2016 istius
2837 1961 3203 2015 blandimenta
3232 1960 3496 2023 vitantur,
3517 1967 3575 2016 et

1964 2054 2214 2125 perennis
2246 2053 2599 2109 beatitudinis
2631 2053 2851 2122 prannia
2895 2054 3316 2124 conquiruntur.
3347 2052 3570 2123 Singula

1965 2159 2145 2204 tamen
2177 2163 2297 2220 quae
2330 2163 2360 2202 a
2391 2147 2647 2203 ﬁdelibus
2676 2149 2961 2211 monachis
2983 2148 3067 2218 agi
3095 2148 3346 2217 superius
3374 2148 3569 2202 memi-

1966 2246 2117 2311 nisti,
2172 2260 2235 2301 εκ
2290 2243 2387 2298 Dei
2436 2244 2710 2299 monentis
2772 2257 2997 2297 manare
3052 2250 3328 2311 praecepto
3375 2241 3566 2298 ordine

1966 2350 2155 2409 empta:
2203 2337 2600 2394 informatiOois
2651 2335 2880 2391 ostende
2924 2352 2937 2388 :
2991 2350 3114 2389 nam
3164 2335 3355 2405 procul
3405 2334 3574 2390 dubio

1965 2434 2174 2489 clarum
2226 2441 2331 2501 est,
2396 2431 2585 2487 incerti
2644 2429 2834 2485 eadem
2884 2443 3009 2484 esse
3040 2429 3325 2492 momenti,
3377 2428 3423 2483 si
3464 2443 3572 2483 non

1968 2525 2087 2597 ejus
2110 2526 2436 2581 auctoritate
2464 2532 2717 2594 suscepta
2747 2530 2899 2589 sunt,
2929 2536 2959 2575 a
2987 2536 3096 2593 quo
3132 2530 3187 2577 et
3230 2519 3574 2578 muneranda

1968 2620 2290 2677 creduntur.

2042 2714 2245 2770 Zaccu.
2278 2743 2350 2755 -—
2378 2713 2643 2783 Specialis
2670 2711 2907 2783 primum
2932 2709 3363 2781 expetendorum
3394 2724 3577 2767 secre-

1972 2820 2149 2865 torqu
2176 2805 2463 2862 monachis
2490 2820 2653 2861 causa
2684 2814 2788 2871 est,
2822 2815 2877 2858 ut
2911 2802 3137 2873 peccati,
3165 2802 3306 2859 sicut
3324 2802 3437 2874 jam
3462 2802 3581 2859 dic-

1971 2914 2084 2960 tum
2116 2914 2220 2969 est,
2263 2903 2423 2958 etiam
2460 2900 2803 2956 occasionem
2856 2898 3123 2965 devitem,
3154 2908 3209 2953 et
3251 2899 3447 2968 quibus
3473 2913 3575 2954 v0-

1970 2998 2147 3054 luntas
2195 2997 2246 3051 in
2276 2996 2552 3067 proposito
2598 3005 2745 3049 recta
2792 3005 2896 3063 est,
2930 3003 3089 3049 actus
3120 2993 3261 3048 alius
3310 3008 3577 3053 essenon

1974 3093 2171 3164 possit;
2229 3091 2391 3147 simul
2446 3090 2683 3160 denique
2735 3097 2792 3143 ut
2842 3088 3042 3144 bellum
3084 3096 3273 3143 contra
3316 3087 3575 3143 saeculum

1973 3187 2302 3257 suscepturi,
2347 3185 2497 3241 nulla
2542 3183 2730 3238 mundi
2770 3182 3090 3255 frangantur
3120 3182 3417 3248 illecebra;
3465 3180 3580 3237 fer-

268 3292 451 3333 rarum
487 3272 694 3330 vicibus
721 3274 975 3330 laudandi
1006 3276 1175 3331 Deum
1196 3274 1416 3331 devotio
1439 3272 1759 3330 distributa:
1784 3274 1871 3344 ju-
1898 3270 1944 3334 C
1978 3297 2109 3337 vens
2141 3282 2283 3336 enim
2331 3282 2382 3335 in
2434 3280 2628 3351 spiritu
2660 3278 2794 3334 fides
2839 3278 3005 3334 rebus
3036 3278 3180 3333 illius
3208 3277 3428 3334 inimica
3471 3286 3575 3348 est,

268 3372 351 3443 gis
375 3369 570 3441 jejouii
603 3385 779 3440 usque
811 3370 877 3424 ad
930 3385 1217 3439 vesperum
1253 3368 1422 3435 labor,
1468 3376 1524 3423 et
1564 3384 1698 3437 opus
1723 3366 1874 3422 diur-

268 3480 399 3520 num
429 3473 588 3533 prout
616 3473 700 3519 est
731 3463 960 3519 scientia
991 3469 1317 3527 exercetur;
1345 3470 1371 3499 ιι
1410 3477 1474 3516 ac
1497 3461 1725 3532 singulis
1751 3476 1875 3531 pro-

272 3558 452 3626 prium
476 3555 617 3625 quod
645 3556 803 3609 alicui
828 3555 1089 3626 suppetit,
1114 3571 1222 3609 non
1245 3565 1363 3620 est;
1397 3564 1454 3609 et
1484 3565 1874 3609 estcmntnune

271 3650 415 3721 quod
470 3648 678 3703 deﬁcit.
730 3647 859 3704 Ideo
907 3650 1125 3703 cunctis
1176 3648 1533 3703 exsecrabilis
1582 3656 1771 3717 torpor
1820 3646 1877 3703 et

270 3743 452 3797 vietus
474 3741 577 3795 nisi
610 3757 677 3797 ex
700 3742 884 3797 labore
912 3757 1019 3797 non
1045 3756 1378 3813 congruens.
1413 3740 1603 3797 Juncia
1649 3740 1877 3811 perinde

272 3835 491 3893 lectulis
538 3846 732 3901 strata,
792 3839 1085 3908 parvisque
1133 3837 1496 3893 velaminibus
1550 3837 1875 3907 permissum

273 3941 469 3982 somno
498 3940 699 3993 corpus
726 3926 1026 3997 obtegitur:
1076 3929 1209 3999 quin
1238 3929 1401 3983 etiam
1444 3928 1780 3999 supplicandi
1825 3930 1876 3984 in

275 4031 442 4079 nocte
471 4029 675 4075 statuta
705 4031 832 4074 sunt
877 4029 1150 4092 tempora,
1183 4030 1431 4091 nouaque
1463 4023 1682 4092 vigiliaa.
1714 4021 1882 4077 Num-

276 4129 442 4186 quam
478 4123 744 4185 praeterea
775 4112 883 4167 diei
916 4112 1181 4169 falluntur
1209 4113 1468 4180 adventu,
1500 4112 1596 4168 sed
1625 4123 1879 4170 strenuos

277 4227 497 4283 semper
536 4211 834 4283 psallentes
862 4225 1074 4266 aurorae
1099 4223 1319 4281 tempus
1368 4211 1687 4280 exsuscitat,
1716 4221 1880 4283 atque

278 4305 589 4363 offerendas
641 4305 750 4360 Deo
787 4304 977 4360 laudes
1029 4304 1253 4359 devotio
1284 4306 1548 4360 matutina
1582 4305 1878 4375 compellit.

280 4415 305 4453 1.
354 4400 418 4455 lli
448 4408 626 4455 autem
658 4400 853 4470 quibus
900 4398 1106 4469 primus
1136 4398 1498 4455 observantiae
1541 4398 1743 4471 gradus
1771 4408 1879 4465 est,

280 4494 387 4551 soli
436 4509 678 4549 eremum
730 4507 794 4548 ac
837 4492 1144 4563 squalentia
1192 4491 1403 4547 deserti
1438 4492 1558 4547 loca
1612 4492 1879 4561 habitant,

281 4589 532 4659 verisque
575 4587 854 4643 vocabulis
885 4586 1184 4657 nuncupati
1212 4586 1884 4657 singularem‘transigunt

1976 3375 2115 3430 sicut
2140 3374 2376 3430 Joannes
2408 3375 2460 3428 in
2491 3372 2734 3443 Epistula
2768 3386 2862 3426 sua
2895 3370 3178 3442 praedicat,
3211 3372 3435 3428 dicens:
3470 3371 3587 3426 No-

1977 3468 2067 3522 lite
2094 3466 2312 3539 diligere
2356 3467 2607 3521 mundum
2659 3482 2822 3537 neque
2858 3481 2918 3519 ea
2956 3480 3071 3536 qua:
3120 3465 3173 3518 in
3205 3464 3402 3518 mundo
3439 3472 3579 3521 sunt.

1980 3560 2040 3616 Si
2088 3561 2202 3632 quis
2234 3558 2474 3614 dilexerit
2505 3558 2778 3625 mundum,
2812 3574 2916 3612 non
2960 3568 3032 3612 est
3062 3556 3291 3611 charitas
3322 3554 3499 3611 Patris
3530 3557 3584 3611 in

1978 3656 2105 3724 illo;
2152 3656 2276 3727 quia
2306 3654 2477 3709 omnia
2507 3670 2622 3724 qua:
2651 3658 2702 3707 in
2734 3653 2930 3707 munda
2971 3661 3113 3720 sunt,
3166 3652 3586 3724 concupiscentia

1980 3752 2172 3817 carnis,
2206 3759 2254 3804 et
2285 3748 2706 3822 concupiscentia
2738 3748 3034 3815 oculorum,
3089 3756 3136 3800 et
3166 3746 3379 3799 ambitio
3407 3744 3588 3800 saeculi

1980 3852 2051 3899 est
2086 3843 2129 3916 (l
2158 3843 2317 3898 Joan.
2347 3860 2407 3912 ll,
2449 3844 2538 3903 15.
2570 3844 2686 3909 16).
2715 3840 2953 3897 Jac-obus
2986 3841 3235 3896 similiter
3265 3859 3278 3894 :
3334 3841 3589 3907 Nescitis,

1981 3938 2192 4009 fratres,
2232 3939 2354 4006 quia
2396 3937 2629 3991 amicitia
2669 3938 2828 4009 hujus
2857 3936 3041 3990 mundi
3081 3937 3292 3989 inimica
3322 3945 3396 3991 cst
3445 3934 3592 4004 Deo;

1982 4041 2029 4087 et
2073 4032 2381 4103 quicumque
2416 4029 2635 4084 voluerit
2664 4029 2866 4083 amicus
2908 4045 3021 4083 esse
3051 4029 3208 4099 hujus
3251 4028 3454 4093 seaculi,
3486 4030 3591 4084 ini-

1982 4128 2146 4181 micus
2179 4124 2275 4179 Dei
2323 4125 2667 4179 constituetur
2695 4120 2836 4193 (Jac.
2886 4137 2962 4189 tv,
2995 4121 3080 4191 4)?
3118 4119 3361 4176 VeSIitus
3407 4130 3588 4177 autem

1984 4217 2370 4285 humilitatem,
2404 4228 2455 4272 et
2481 4216 2667 4288 jugem
2710 4213 3047 4286 jejuniorum
3076 4213 3321 4269 laborem
3353 4214 3468 4270 Deo
3495 4229 3590 4272 ac-

1983 4314 2306 4385 ceptabilem
2353 4312 2469 4368 fore
2517 4310 2684 4366 David
2732 4308 3048 4380 specialiter
3093 4307 3313 4377 indicat,
3359 4308 3586 4365 dicens:

1984 4408 2121 4480 Ego,
2175 4408 2365 4477 inquit,
2423 4423 2538 4461 cum
2578 4405 2709 4459 mihi
2758 4404 2962 4459 molesti
3001 4412 3189 4469 essent,
3222 4402 3476 4459 induebar
3520 4405 3595 4459 ci-

1986 4505 2105 4559 licio
2127 4519 2147 4558 :
2196 4511 2245 4558 et
2290 4503 2342 4555 in
2363 4500 2574 4575 jejunio
2601 4497 2948 4553 humiliabam
2989 4499 3219 4552 animant
3268 4516 3437 4553 meam
3470 4497 3590 4566 (Ps.

1985 4614 2173 4664 xxxrv,
2209 4595 2322 4668 15).
2365 4596 2429 4649 Et
2456 4595 2654 4650 iterum
2686 4609 2699 4646 :
2735 4591 2899 4648 Posui
2928 4593 3285 4646 uestimentum
3314 4610 3483 4648 meum
3520 4594 3596 4648 ci-

283 4684 469 4753 vitam,
520 4694 612 4737 aut
655 4683 859 4738 cavatis
908 4682 960 4737 in
993 4681 1358 4736 habitaculum
1409 4682 1558 4737 saxis
1604 4682 1882 4738 subterra—
1908 4675 1958 4735 D
1986 4690 2168 4745 [icium
2200 4688 2319 4761 (Ρε,
2370 4703 2559 4752 ιχνιιι,
2595 4685 2712 4758 ιε).
2745 4684 2855 4740 Et:
2904 4683 3104 4739 Panem
3147 4701 3314 4739 meum
3358 4700 3475 4739 cum
3523 4685 3597 4740 ci-
3682 4706 3689 4711 ν

286 4776 403 4833 neis
459 4775 732 4846 specubus
787 4791 816 4829 a
870 4776 989 4831 sole
1042 4782 1100 4830 et
1151 4774 1417 4829 imbribus
1478 4782 1881 4844 temperantes,

282 4886 420 4943 pane
460 4871 632 4926 veteri
667 4880 723 4926 et
772 4872 891 4927 sine
928 4872 1172 4927 ciborum
1210 4868 1520 4937 adjectione
1566 4878 1884 4937 vescuntur,

286 4975 565 5021 sumentes
596 4980 785 5032 purum
832 4979 864 5019 e
891 4962 1133 5018 fontibus
1170 4969 1353 5031 potum
1388 4978 1401 5014 :
1436 4960 1661 5016 veSIitus
1692 4960 1887 5016 talibus

287 5068 379 5115 aut
428 5058 678 5127 pellicias
726 5070 821 5113 aut
873 5058 1119 5113 cihcinus
1157 5065 1262 5119 est,
1307 5066 1362 5109 et
1404 5056 1567 5110 totius
1595 5054 1719 5108 vitae
1756 5067 1888 5110 usus

287 5151 341 5206 in
391 5165 563 5222 agone
615 5150 812 5205 mentis
860 5159 915 5205 et
954 5150 1218 5220 corporis.
1262 5148 1379 5204 Jam
1424 5164 1554 5205 vero
1602 5148 1666 5202 ad
1717 5148 1887 5204 Deum

290 5243 646 5299 ireessabiles
690 5259 906 5315 preces,
949 5258 1015 5299 ac
1063 5243 1388 5314 supplicatio
1415 5243 1467 5298 in
1508 5243 1760 5299 sacriﬁcii
1810 5244 1888 5298 vi.

290 5353 410 5394 cem
468 5338 645 5405 cedit;
709 5340 794 5392 vel
852 5338 898 5393 si
944 5337 1163 5407 quando
1205 5337 1275 5393 ab
1329 5336 1572 5393 oratione
1619 5345 1891 5406 cessatur,

293 5430 564 5500 psallendi
614 5432 787 5502 gratia
842 5430 1056 5487 canitur
1111 5430 1226 5484 laus
1274 5430 1478 5499 divina,
1538 5438 1591 5485 et
1645 5431 1897 5485 alacritas

292 5524 490 5577 mentis
533 5524 795 5579 exercitio
844 5522 1113 5593 religiosae
1157 5521 1515 5593 jucunditatis
1557 5522 1893 5577 accenditur.

291 5614 438 5671 luest
469 5627 731 5683 praeterea
764 5617 1056 5671 multilaria
1087 5614 1395 5671 daemonum
1430 5615 1610 5683 turba,
1660 5624 1713 5670 et
1759 5614 1901 5670 dolis

296 5777 337 5819 (ο
368 5763 393 5788 τι
426 5752 515 5807 Sic
547 5752 709 5809 edere
740 5753 1054 5817 maluimus,
1087 5768 1246 5824 quam
1280 5763 1339 5808 ut
1381 5755 1432 5809 in
1466 5751 1630 5823 priori
1660 5752 1902 5809 editione

296 5838 327 5876 a
355 5826 596 5895 singulis.
624 5824 814 5899 __Infra,
867 5826 959 5881 ubi
1002 5829 1324 5899 scripsimus
1369 5843 1571 5896 semper
1600 5826 1900 5899 psallentes,

302 5912 368 5949 ex
400 5898 590 5953 codice
620 5897 784 5954 Vind.
810 5908 967 5955 antea
997 5898 1275 5971 legebatur
1306 5916 1510 5972 semper
1537 5897 1791 5970 fallentis.

1987 4802 2106 4841 nere
2134 4783 2431 4845 miscebam,
2463 4792 2514 4838 et
2542 4791 2720 4852 potum
2748 4796 2921 4835 meum
2945 4796 3061 4834 cum
3090 4780 3216 4849 ﬂetu
3242 4780 3595 4852 temperabant

1991 4878 2109 4949 (Ps.
2144 4894 2217 4940 Cl,
2268 4878 2379 4949 10).
2416 4877 2677 4932 Dominus
2726 4889 2862 4931 vero
2900 4873 3126 4930 Joannis
3179 4873 3420 4929 habitum
3466 4890 3600 4945 prte-

1990 4970 2201 5032 dicans,
2244 4971 2320 5026 ait
2357 4989 2370 5024 :
2407 4969 2543 5037 Quid
2579 4969 2759 5025 existis
2789 4969 2841 5022 in
2871 4969 3130 5023 desertum
3159 4967 3376 5022 videre?
3406 4966 3597 5022 Homi-

1992 5080 2111 5119 nem
2141 5062 2378 5117 mollibus
2407 5061 2724 5116 vestimentis
2764 5058 3042 5114 indutum?
3074 5056 3212 5113 Ecce
3242 5060 3332 5129 qui
3360 5058 3603 5114 mollibus

1996 5157 2284 5210 restiuntur
2304 5156 2355 5208 in
2386 5153 2623 5208 domibus
2653 5168 2834 5224 regum
2865 5160 2985 5206 sunt
3009 5148 3233 5221 (Matth.
3261 5165 3337 5215 χι,
3367 5149 3434 5215 8;
3468 5148 3600 5206 Luc.

2000 5263 2096 5311 vu,
2127 5244 2245 5317 95).
2281 5244 2355 5300 lbi
2406 5244 2616 5300 scilicet
2656 5243 2863 5300 cultum
2896 5242 3015 5298 fore
3057 5243 3305 5298 indicans
3332 5240 3604 5313 habitum,

2004 5338 2093 5394 ubi
2123 5346 2177 5393 et
2208 5352 2363 5393 usum
2396 5336 2449 5390 in
2473 5334 2843 5404 voluptatibus
2872 5332 3236 5390 abundantem
3270 5350 3284 5388 :
3314 5342 3428 5388 erat
3456 5337 3605 5390 enim

1999 5430 2226 5487 vestitus
2267 5428 2409 5484 illius
2439 5428 2509 5485 de
2539 5427 2661 5498 pilis
2690 5429 2907 5493 cameli,
2934 5426 2988 5483 id
3016 5436 3122 5492 est,
3152 5427 3314 5481 etiam
3350 5425 3598 5483 lanarum

2006 5522 2236 5579 mollitie
2262 5521 2478 5576 habitus
2503 5535 2720 5577 carens.
2751 5519 2901 5575 Zona
2934 5517 3157 5590 perinde
3183 5517 3389 5588 pellicia
3417 5518 3606 5590 cinge-

2005 5618 2196 5683 batur;
2245 5623 2300 5671 et
2332 5616 2516 5670 vinum
2550 5630 2612 5671 ac
2657 5615 2889 5671 siceram
2908 5625 3027 5668 non
3060 5612 3276 5681 bibens,
3308 5612 3506 5669 edebat
3533 5612 3615 5669 lo-

2078 5748 2230 5815 1ulla
2280 5747 2482 5821 legitur
2530 5750 2582 5805 in
2628 5748 2819 5804 codice
2849 5746 3036 5813 Vind.;
3068 5746 3121 5802 in
3153 5745 3319 5818 priori
3368 5747 3610 5807 editione

2010 5822 2281 5896 paulisper
2303 5825 2557 5895 projecta.

2017 5892 2532 6024 'vcdllanc‘voeem,
2563 5908 2685 5966 quae
2714 5892 2933 5959 deerat,
2973 5892 3331 5965 ascripsimus
3357 5908 3388 5951 ε
3423 5892 3612 5955 codice

2067 5984 2120 6023 In
2164 6007 2178 6023 .
3070 5988 3081 5998 ’
