4060 6344
512 343 650 401 “35

1765 313 2084 390 zsccuttu
2115 326 2508 391 CHRISTIANI

3669 324 3795 397 ηδε

502 472 692 518 costas
715 469 771 517 et
792 461 899 516 mel
927 460 1172 516 silvestre
1197 475 1209 512 :
1241 455 1500 528 elegantis
1541 451 1940 526 paratiorisque
1965 464 2098 505 con—

2230 468 2602 526 nlormationis
2649 470 2890 526 oraculis
2945 469 3300 542 prafulgerc:
3361 485 3567 542 eosque
3605 471 3656 526 in
3697 487 3798 526 co:-

503 557 628 610 vivii
659 555 844 625 copias
863 569 968 609 non
994 553 1294 624 requirens,
1318 566 1383 606 eo
1407 558 1615 604 tantum
1641 547 1921 607 utebatur,
1954 544 2098 614 quod

503 649 695 703 electzu
722 645 1121 702 conversationi
1152 660 1251 700 nec
1298 641 1523 699 iulerret
1570 640 1860 705 luxuriam,
1894 636 2104 726 necui:

505 750 703 814 Βυενει
729 751 1028 810 sumptum.
1817 725 1822 728 -
1881 723 1922 726 --

579 835 736 893 Unde
784 835 950 891 Helias
991 847 1240 902 magnum
1291 830 1394 885 iter
1423 845 1488 886 ex
1539 827 1630 883 Dei
1674 825 1920 897 iussione
1963 821 2106 880 subi-

503 938 628 986 turo
660 945 799 1000 aqua
841 936 1044 984 tantum
1099 925 1167 981 ab
1214 923 1444 993 Angelo,
1491 933 1548 978 et
1597 921 1718 976 vilis
1750 919 1970 989 ponitur
2013 933 2106 982 pa-

504 1020 611 1079 nis.
667 1019 851 1076 Daniel
900 1033 1029 1073 vero
1060 1024 1120 1071 nt
1168 1015 1561 1071 desideriorum
1609 1022 1635 1050 α
1666 1012 1904 1067 obtineat
1943 1008 2104 1065 ell‘ec-

505 1126 641 1182 tum,
675 1114 882 1186 poculis
927 1113 1159 1182 ciboque
1190 1127 1299 1167 non
1332 1110 1556 1164 fruitur.
1587 1106 1707 1178 Ipse
1733 1105 1970 1174 denique
2000 1103 2105 1157 Do-

505 1210 683 1266 minus
739 1208 791 1262 in
844 1206 1050 1277 ieiunio
1107 1214 1158 1261 et
1219 1203 1526 1260 humilitate
1583 1201 1858 1257 diabolum
1916 1199 2104 1266 vincit,

502 1305 647 1360 sicut
668 1300 962 1372 Apostolus
991 1299 1064 1356 ait
1096 1316 1108 1353 :
1145 1298 1493 1370 Semetipsum
1545 1296 1852 1361 exiuanivit,
1885 1297 2107 1365 fortnam

501 1397 637 1450 servi
682 1395 942 1466 accipiens
983 1391 1244 1464 (Philipp.
1278 1407 1340 1457 ιι,
1372 1391 1452 1461 7),
1502 1399 1556 1444 ut
1602 1406 1694 1444 nos
1725 1401 1774 1443 et
1805 1395 2111 1459 paupertate

500 1489 650 1544 illius
713 1489 894 1542 divites
924 1487 1213 1557 iﬁereutus,
1285 1497 1333 1542 et
1393 1486 1455 1542 ab
1521 1486 1719 1556 injuria
1787 1483 2110 1538 miraremur

505 1581 572 1654 (Il
606 1581 727 1636 Cor.
755 1598 865 1648 vut,
892 1582 970 1650 9).
998 1579 1099 1648 Qui
1133 1588 1464 1634 tamencum
1498 1578 1550 1634 in
1582 1577 1778 1635 eodem
1802 1588 2106 1643 suat-catam

501 1690 569 1732 ex
606 1675 863 1747 gentibus
892 1674 1200 1744 gubernare
1249 1672 1415 1729 vellet
1467 1671 1785 1739 Ecclesium,
1835 1670 2109 1728 absuncn-

503 1770 634 1826 tiam
683 1786 902 1840 quoque
933 1769 1112 1824 verbis
1167 1767 1370 1822 talibus
1407 1767 1763 1837 prmdicavit:
1809 1765 2009 1820 Bonum
2037 1774 2110 1818 est

503 1880 607 1918 non
659 1863 976 1918 manducare
1004 1877 1207 1926 carnes,
1261 1869 1306 1915 ct
1357 1877 1460 1914 non
1510 1859 1678 1914 bibere
1719 1859 1896 1912 vinum
1927 1855 2106 1928 (Rom.

508 1973 626 2021 XIV,
659 1956 779 2025 2|),
820 1958 872 2009 in
903 1973 1005 2026 quo
1035 1966 1107 2009 est
1155 1955 1365 2009 luxuria
1395 1952 1612 2027 (Ephes.
1649 1969 1699 2014 v.
1749 1951 1862 2020 18).
1918 1950 1971 2006 Id
2004 1961 2111 2016 est,

508 2062 567 2106 ut
599 2051 769 2107 Deum
823 2065 977 2105 mens
1023 2049 1303 2104 humiliata
1339 2048 1462 2118 plus
1509 2046 1734 2116 cogitet,
1785 2060 2116 2115 carnemque

506 2145 808 2215 subiectam
868 2159 898 2198 a
952 2144 1080 2200 luxu
1142 2144 1343 2212 pariter
1391 2153 1724 2211 sumptuque
1768 2140 2114 2213 submoveat.

507 2255 615 2311 quo
650 2239 834 2309 utique
861 2247 917 2293 et
947 2237 1247 2308 quaerendo
1287 2251 1637 2304 occupamur,
1673 2247 1724 2290 et
1757 2234 2119 2290 sollicitamur

508 2346 792 2401 exitenso:
825 2346 946 2386 cum
989 2331 1033 2385 si
1065 2332 1115 2385 ιιι
1157 2330 1248 2387 ι)θὶ
1298 2345 1523 2398 regnum
1557 2328 1748 2385 intenti
1782 2328 1960 2398 potius
2001 2326 2120 2384 fuc-

510 2426 705 2490 rimus,
742 2427 793 2480 in
824 2424 1144 2481 exitibendis
1195 2423 1521 2479 necessariis
1563 2423 1831 2477 sententia
1877 2421 1967 2476 illa
2013 2437 2119 2478 non

511 2521 678 2589 desit,
727 2536 831 2592 qua
873 2520 1141 2588 scriptum
1171 2531 1255 2574 est
1293 2535 1306 2572 :
1358 2517 1539 2572 Nolite
1584 2515 1799 2573 solliciti
1844 2531 1952 2570 csse
1994 2514 2122 2585 quid

511 2615 860 2679 manducetis,
883 2623 970 2666 aut
991 2613 1118 2683 quid
1149 2612 1356 2678 bibatis,
1385 2622 1472 2664 aut
1495 2610 1620 2680 quid
1652 2609 1943 2662 vestiamini
1965 2606 2118 2678 (Luc.

512 2725 611 2777 xu,
645 2708 762 2779 22);
807 2709 1054 2779 quoniam
1103 2707 1212 2760 lucc
1241 2716 1420 2777 gentes
1467 2706 1737 2776 requirunt
1783 2702 1976 2774 (Ibid..
2006 2701 2121 2772 50):

515 2804 601 2859 illi
628 2804 840 2859 scilicet
869 2817 1091 2872 quorum
1124 2808 1297 2856 venter
1329 2799 1455 2856 deus
1487 2807 1594 2865 est,
1627 2807 1675 2852 et
1718 2814 1836 2865 spes
1866 2802 2033 2850 omnis
2072 2798 2125 2850 in

517 2896 756 2967 faucibus
788 2893 1050 2967 (Philipp.
1080 2910 1159 2959 ιιι,
1209 2893 1322 2964 l9).
1371 2893 1581 2960 Quibus
1624 2891 1842 2954 edendi,
1882 2889 2124 2945 bibendi-

515 3008 621 3063 que
669 2991 989 3048 animalium
1041 3003 1195 3044 more
1242 2989 1356 3043 sola
1413 3002 1476 3042 ac
1527 2986 1798 3056 praecipua
1849 3001 1979 3040 cura
2020 2993 2124 3039 est.

517 3085 838 3142 Praedictam
870 3094 1051 3140 autem
1086 3085 1166 3140 rei
1217 3082 1472 3137 ﬁduciam
1508 3080 1599 3138 tali
1643 3080 1890 3150 protinus
1921 3078 2126 3135 contir-

519 3181 686 3236 mavit
711 3181 967 3250 esetnplo
1008 3197 1020 3232 :
1053 3180 1284 3250 Aspicite
1311 3177 1546 3232 volat-ilia
1577 3178 1688 3232 caeli
1723 3193 1740 3231 :
1796 3193 1898 3230 non
1947 3184 2121 3241 arant,

520 3290 682 3346 neque
729 3281 927 3336 serunt,
979 3289 1141 3344 neque
1188 3273 1241 3327 in
1293 3272 1482 3326 horrea
1505 3278 1787 3340 congerunt
1824 3287 1836 3321 :
1877 3278 1926 3323 et
1971 3267 2128 3322 Pater

517 3379 679 3424 vester
705 3369 870 3440 pascit
900 3366 1114 3434 (Matth.
1157 3382 1230 3432 vt,
1265 3364 1396 3435 26):
1445 3366 1521 3419 sic
1551 3374 1597 3419 et
1629 3381 1716 3418 vos
1762 3363 1978 3418 modice
2005 3363 2130 3432 ﬁdei

521 3460 717 3531 (Ibid.,
748 3460 843 3529 50)
876 3477 890 3516 :
939 3461 1034 3513 scit
1064 3460 1205 3515 enim
1238 3457 1401 3513 Pater
1428 3467 1590 3514 vester
1617 3458 1739 3528 quia
1775 3455 1856 3511 Itis
1893 3455 2130 3512 omnibus

521 3554 798 3628 indigetis;
836 3554 1009 3622 itaque
1039 3557 1253 3624 quaerite
1281 3551 1507 3621 primunt
1536 3567 1750 3622 regnum
1782 3549 1899 3616 Dei,
1928 3559 1979 3604 et
2018 3549 2130 3604 Iure

523 3648 698 3704 omnia
737 3655 1065 3719 opponentur
1091 3645 1233 3700 vobis
1269 3645 1462 3716 (Ibid.,
1497 3645 1590 3712 52,
1623 3646 1747 3715 '53):
1784 3644 1834 3699 id
1867 3655 1986 3708 est,
2032 3660 2131 3700 nec

528 3741 877 3810 Opinantibus
931 3740 1342 3810 praebebantur.
1379 3737 1533 3794 Unde
1566 3738 1880 3808 Apostolus,
1915 3747 1971 3792 ut
2001 3752 2130 3806 pos-

524 3832 692 3887 sideri
734 3832 921 3888 omnia
950 3833 1140 3902 possit,
1175 3832 1310 3886 nihil
1359 3831 1410 3884 in
1441 3830 1815 3887 sollicitudine
1849 3829 2132 3901 possiden-

525 3927 653 3982 dum
688 3927 950 3993 declarat,
983 3927 1177 3984 dicens
1213 3945 1229 3983 :
1265 3925 1335 3981 Ut
1367 3927 1500 3984 nihil
1543 3927 1806 3992 habentes,
1861 3937 1908 3982 et
1959 3927 2132 3982 onuu'a

527 4023 846 4095 possidentes
897 4020 963 4094 (Il
1011 4022 1133 4078 Cor.
1184 4039 1258 4088 γι.
1333 4023 1442 4094 ID).
1495 4023 1683 4094 Itaque
1729 4023 1988 4092 intelligis
2037 4037 2132 4079 eos

529 4116 844 4187 proprietati
898 4132 1013 4173 sua:
1058 4125 1254 4174 cuncta
1297 4117 1572 4186 subjicere
1617 4119 1709 4188 qui
1759 4126 1954 4173 cuncta
2001 4131 2132 4172 con-

529 4210 875 4281 tempserint,
943 4220 1109 4282 atque
1174 4210 1544 4282 insipientium
1598 4211 1806 4281 judicio
1865 4226 2132 4282 pauperes

529 4303 702 4369 credi,
749 4305 841 4374 qui
873 4316 1000 4360 sunt
1048 4307 1100 4360 in
1155 4305 1252 4362 Dei
1295 4305 1652 4376 promissione
1707 4307 2024 4372 locupletes,
2075 4316 2132 4382 ει

530 4398 861 4468 temporarie
917 4414 1078 4468 parva
1131 4400 1454 4470 deSpiciunt,
1510 4409 1569 4456 ut
1626 4409 1885 4472 perpetua
1937 4417 2129 4472 magna

532 4503 844 4549 mereantur
881 4511 890 4546 :
929 4493 1120 4565 hisque
1165 4495 1217 4550 in
1250 4496 1452 4550 saeculo
1482 4510 1642 4566 egere
1687 4495 1933 4552 contenti
1978 4506 2126 4566 sunt,

2154 3223 2205 3296 C

2205 559 2433 615 lestibus
2464 562 2584 632 plus
2615 563 2812 618 mereri
2833 564 2921 634 qui
2953 563 3019 619 de
3053 564 3288 619 terrenis
3322 580 3483 634 parva
3518 579 3803 635 prtesump-

2205 655 2398 717 serint,
2432 664 2596 726 atque
2627 656 2690 711 ad
2744 655 2846 711 hoc
2897 656 3197 713 monachos
3225 657 3382 712 duris
3426 657 3807 712 observationi-

2206 743 2308 799 bus
2363 747 2589 813 erudiri,
2653 759 2709 803 ut
2777 763 2882 802 non
2942 749 3118 804 solum
3170 748 3330 817 vitia,
3383 749 3478 805 sed
3536 750 3806 805 materiam

2204 849 2488 910 amputent
2536 842 2818 898 vitiorum.
2854 841 3008 899 Unde
3049 859 3193 898 nunc
3250 842 3483 899 evidens
3536 844 3810 899 continen-

2206 935 2295 990 tia!
2362 945 2414 988 et
2471 932 2801 1002 virginitatis
2859 944 3189 1004 prteceptum
3247 935 3445 990 iisdem
3515 934 3810 1005 Scriptura-

2209 1042 2325 1080 rum
2386 1027 2811 1081 auctoritatibus
2869 1028 3077 1098 pande;
3135 1044 3312 1099 quare
3367 1029 3606 1100 denique
3671 1030 3811 1083 ca-li-

2209 1119 2304 1174 bes
2349 1135 2455 1173 non
2493 1119 2670 1173 solum
2703 1120 2924 1176 casibus
2974 1120 3120 1188 lacti,
3153 1121 3251 1176 sed
3299 1137 3329 1176 a
3372 1121 3540 1193 iustis
3585 1138 3814 1177 conven-

2211 1211 2355 1268 tibus
2383 1212 2748 1281 abstinentes,
2784 1224 2934 1269 rccte
2963 1215 3181 1282 quidem
3216 1215 3406 1270 illicita
3431 1215 3810 1283 condemnant,

2209 1307 2304 1361 sed
2355 1306 2706 1362 nihilominus
2780 1307 2926 1363 licita
2975 1318 3068 1364 aut
3121 1318 3496 1380 aspernantur
3549 1319 3642 1363 aut
3704 1324 3812 1365 res-

2211 1412 2412 1472 puunt;
2473 1401 2503 1442 δ
2553 1418 2676 1473 qua:
2731 1401 2776 1455 si
2834 1401 3022 1472 utique
3075 1417 3136 1456 es
3191 1411 3474 1472 pra-cepto
3525 1401 3816 1459 divinitatis

2212 1506 2266 1550 ut
2323 1495 2580 1565 prmdicta
2640 1504 2932 1563 venerunt,
2987 1495 3284 1551 Salubritcr
3333 1495 3682 1567 exiguntur:
3739 1499 3813 1551 sln

2210 1599 2392 1644 autem
2428 1604 2454 1640 a
2489 1588 2699 1645 caelesti
2729 1589 3121 1644 informatione
3166 1589 3419 1658 seiuncta
3471 1600 3633 1654 sunt;
3665 1604 3814 1660 quam

2221 1683 2293 1738 ob
2323 1699 2543 1738 causam
2593 1684 2743 1738 velut
2785 1691 3036 1752 oporteat
3086 1683 3461 1756 imperantur,
3505 1699 3630 1754 qua:
3677 1693 3730 1739 et
3769 1685 3815 1738 in

2217 1780 2611 1834 observatione
2634 1778 2902 1842 difticilia,
2934 1787 2989 1832 et
3022 1779 3072 1832 in
3107 1777 3295 1833 labore
3321 1779 3444 1832 sine
3467 1777 3649 1832 fructu
3669 1775 3820 1832 sunt?

2289 1872 2488 1927 Zaccn.
2524 1902 2594 1912 ——
2650 1871 2779 1925 Adio
2805 1870 3024 1941 quidem
3055 1885 3081 1922 a
3131 1870 3407 1942 principio
3453 1870 3657 1925 dictum
3690 1881 3773 1925 est
3806 1887 3818 1923 :

2219 1967 2342 2021 Non
2387 1975 2461 2022 est
2507 1967 2697 2019 bonum
2742 1981 2852 2019 esse
2897 1965 3064 2019 solum
3117 1963 3275 2036 (Gen.
3333 1981 3392 2032 ll,
3443 1965 3559 2034 18).
3592 1965 3656 2020 Et
3709 1979 3820 2019 mox

2217 2059 2658 2131 procreationum
2692 2061 2966 2113 sententia
2998 2058 3290 2113 subsecuta
3319 2077 3330 2110 :
3363 2056 3593 2114 Crescite
3621 2067 3667 2112 et
3701 2058 3826 2110 ntul-

2218 2156 2555 2222 tipliramini,
2584 2165 2631 2207 et
2657 2151 2849 2224 rrplcte
2876 2161 3066 2205 terram
3089 2150 3245 2223 (Cen.
3291 2169 3332 2218 ι,
3364 2152 3468 2214 28;
3513 2169 3588 2218 Ix,
3621 2151 3697 2222 Ι).
3725 2151 3821 2206 Sed

2219 2249 2356 2302 lactt
2407 2247 2585 2300 eidem
2640 2257 2802 2316 atque
2832 2260 2897 2299 ex
2940 2245 3133 2300 eodem
3193 2245 3396 2300 mulier
3439 2246 3589 2314 prius
3637 2244 3824 2298 solatio

2220 2356 2380 2412 quam
2411 2339 2667 2411 coniugio
2701 2338 2830 2401 fuit,
2865 2339 3042 2394 donec
3075 2354 3101 2391 a
3155 2339 3412 2408 paradiso
3460 2338 3824 2394 inobedientia
3861 2339 3864 2342 ”

2223 2434 2428 2488 iaceret
2472 2445 2749 2499 exmrres,
2802 2448 2936 2502 quos
2971 2433 3108 2486 intra
3163 2432 3475 2502 paradisum
3528 2432 3828 2486 obedientia

2226 2530 2513 2594 tenuisset,
2547 2543 2609 2582 ac
2654 2537 2778 2599 post
2810 2527 2981 2583 beata:
3011 2527 3155 2581 sedis
3191 2543 3508 2589 excessum.
3546 2528 3827 2582 mulierem

2224 2638 2379 2675 suam
2415 2621 2600 2690 pulsus
2633 2631 2979 2691 agnosceret,
3009 2621 3149 2675 libro
3179 2620 3413 2676 Genesis
3439 2621 3544 2676 hoc
3567 2621 3826 2676 docente:

2231 2713 2297 2768 Et
2327 2717 2560 2788 cognovit
2590 2715 2756 2767 Adam
2807 2715 3070 2767 mulierem
3099 2731 3270 2781 suam,
3317 2724 3367 2768 et
3395 2717 3633 2784 concepit
3663 2726 3709 2768 ct
3753 2731 3831 2784 pc-

2231 2808 2362 2875 pcrit
2402 2806 2570 2875 ﬁlium
2620 2805 2776 2878 (Gen.
2833 2822 2909 2872 tv,
2953 2806 3028 2876 I).
3061 2806 3206 2876 Ergo
3259 2805 3538 2860 addictum
3592 2806 3829 2861 laborent

2230 2901 2432 2970 nupti-.e
2465 2908 2888 2970 prmersserunt,
2939 2911 2993 2955 et
3027 2898 3252 2956 tribulos
3301 2899 3603 2971 spinasque
3631 2899 3831 2969 passuri

2231 2994 2461 3062 praevios
2513 2992 2770 3063 adiecere
2820 3002 3150 3058 conventus;
3223 3001 3412 3047 secuta
3475 2993 3528 3045 in
3587 3007 3836 3063 procrea-

2234 3087 2469 3142 tionibus
2501 3087 2680 3150 tasdia,
2725 3095 2782 3141 et
2829 3088 3125 3154 parituram
3169 3085 3314 3141 aliud
3369 3087 3659 3156 praecessit
3705 3087 3836 3140 edic-

2236 3191 2347 3234 tum
2379 3199 2391 3234 :
2423 3181 2490 3235 In
2515 3181 2713 3244 dolore,
2749 3180 2949 3251 inquit,
2981 3191 3026 3235 et
3070 3196 3289 3235 maerore
3316 3181 3491 3251 paries
3521 3179 3664 3251 ﬁlios
3687 3177 3832 3248 (Gen.

2236 3289 2314 3339 tu,
2352 3275 2462 3346 I6).
2517 3275 2665 3343 Quos
2697 3275 2885 3345 utique
2914 3274 2994 3329 sic
3032 3285 3250 3329 ereatos
3293 3274 3524 3338 diversi,
3561 3283 3620 3328 ut
3667 3274 3837 3328 cerni-

2237 3384 2379 3432 mus,
2412 3382 2570 3422 casus
2617 3368 2908 3437 luctusque
2937 3367 3311 3437 subriperent.
3346 3367 3506 3423 Unde
3550 3366 3837 3435 Apostolus

2235 3461 2537 3533 przedicans
2566 3462 2640 3515 ait
2673 3478 2684 3514 :
2723 3461 3134 3516 Tribulationem
3162 3471 3332 3515 tamen
3361 3464 3540 3516 carnis
3589 3461 3838 3515 habebunt

2237 3552 2534 3621 liujusmodi
2587 3552 2628 3623 (l
2677 3552 2803 3609 Cor.
2847 3568 2942 3617 vu,
2993 3553 3110 3621 28).
3167 3554 3282 3608 Non
3328 3561 3512 3609 tamen
3561 3555 3841 3625 coningio-

2236 3661 2355 3700 rum
2390 3645 2801 3702 inhonorabiles
2853 3646 2957 3700 tori
3009 3645 3194 3717 (Hebr.
3241 3661 3358 3711 xm,
3389 3644 3474 3717 4),
3523 3656 3620 3701 aut
3659 3648 3841 3700 imma-

2236 3739 2476 3793 culatum
2531 3738 2712 3794 cubile
2761 3740 2880 3795 sine
2935 3738 3112 3794 fructu
3169 3748 3254 3794 est
3304 3757 3314 3792 :
3375 3755 3579 3810 nempe
3619 3741 3840 3795 soboles

2239 3829 2370 3886 inde
2423 3842 2770 3898 sanetornm;
2820 3842 2875 3887 et
2922 3832 3066 3904 quod
3116 3832 3368 3888 laudatur
3402 3834 3455 3888 in
3507 3833 3839 3906 virginitate,

2238 3924 2470 3995 coniugii
2502 3935 2608 3992 est,
2649 3926 2745 3981 sed
2796 3925 3081 3981 sublimius
3118 3927 3476 3982 continentia
3519 3927 3837 3997 praemium;

2237 4020 2550 4089 celsiorque
2589 4020 2902 4090 virginitas,
2933 4035 3032 4076 nec
3061 4031 3242 4090 potest
3270 4022 3462 4076 timere
3494 4022 3641 4092 quod
3675 4023 3845 4076 minor

2237 4114 2330 4179 sit,
2362 4127 2462 4168 nec
2491 4113 2650 4169 debet
2703 4113 2965 4168 insultare
2995 4115 3120 4184 quia
3151 4116 3326 4185 maior
3357 4125 3445 4171 est
3488 4134 3500 4168 :
3552 4127 3574 4154 ε
3631 4116 3726 4172 sed
3757 4130 3837 4170 ca-

2239 4208 2438 4263 tholica
2511 4209 2892 4279 interpretatio
2947 4209 3207 4264 distincta
3278 4209 3532 4266 honestis
3583 4209 3845 4281 coniugiis

2239 4304 2514 4374 prmeonia
2563 4305 2769 4359 tribuat
2820 4305 3118 4368 castitatis;
3177 4305 3536 4360 continentia:
3595 4307 3839 4360 meritum

2237 4396 2646 4452 abstinentibus
2701 4407 2942 4467 reputet,
2997 4397 3222 4469 integris
3281 4399 3571 4468 prteniium
3627 4398 3845 4469 virgini-

2238 4490 2362 4546 tatis
2403 4492 2663 4546 ascribat.
2713 4490 2825 4545 Hoc
2852 4501 2937 4546 est
2979 4504 3090 4544 non
3143 4490 3413 4546 damnare
3442 4490 3590 4561 quod
3651 4491 3844 4545 bonum

529 4602 649 4654 qua:
696 4586 766 4642 ab
813 4586 937 4641 aliis
964 4601 1088 4642 cum
1133 4587 1454 4644 discrimine
1488 4589 1794 4646 honestatis
1824 4600 1879 4646 et
1910 4591 2032 4647 vitae
2061 4590 2129 4647 ad
2163 4601 2208 4662 ι)
2235 4599 2338 4651 est,
2385 4585 2483 4641 sed
2524 4586 2756 4642 suadere
2794 4586 2937 4655 quod
2971 4585 3196 4650 melius;
3227 4585 3376 4652 unde
3408 4586 3544 4640 illud
3581 4588 3634 4640 in
3663 4586 3845 4654 Scrip-

534 4676 638 4734 hoc
685 4694 782 4749 per
828 4694 990 4734 omne
1036 4696 1212 4736 aevum
1253 4691 1528 4739 contracta
1575 4685 1884 4754 pariuntur,
1935 4695 1995 4740 ut
2037 4695 2133 4740 aut

531 4784 659 4824 mox
715 4771 768 4826 in
822 4773 1030 4828 saeculo
1088 4772 1300 4831 hisdem
1355 4776 1662 4835 viventibus
1717 4788 1982 4847 pereant,
2040 4786 2134 4833 aut

531 4864 858 4936 quandoque
897 4866 966 4922 de
1006 4867 1211 4924 suacqu
1255 4870 1560 4928 recessuris
1600 4873 1842 4942 peritura
1871 4887 1995 4929 cum
2038 4888 2135 4929 ste-

538 4956 663 5016 culo
692 4958 1096 5029 relinquantur.

1173 5053 1402 5112 CAPUT
1436 5056 1504 5112 V.

538 5142 624 5202 Ea:
667 5145 854 5215 quibus
886 5144 1178 5218 Scripturis
1207 5149 1525 5206 continentia
1574 5151 1653 5207 vel
1681 5151 1953 5223 virginitas
2003 5169 2138 5221 pra:-

605 5237 868 5302 dicentur;
902 5239 976 5292 vel
1005 5241 1049 5292 si
1077 5250 1393 5312 praceptum
1428 5253 1506 5297 est
1552 5243 1886 5318 utjconjugia
1918 5262 2012 5314 pro
2040 5243 2138 5300 Dei

608 5349 784 5390 auter:
796 5342 1123 5403 separentur.

606 5428 809 5481 ApoLL.
843 5456 913 5468 —
959 5423 1124 5483 Clare
1152 5427 1330 5498 patuit
1367 5440 1741 5503 emitemptnm
1787 5433 1973 5490 mundi
2011 5449 2134 5490 cum

533 5515 847 5576 humilitate
891 5522 1122 5577 vestitus
1149 5520 1608 5596 continentiaque
1631 5529 1935 5600 proposito,
1965 5545 2139 5588 sacra:

615 5679 852 5754 “Statim
902 5680 953 5736 in
994 5682 1160 5747 priori
1191 5681 1432 5739 editione
1487 5686 1815 5754 sequebatur
1865 5705 1970 5745 vox
2014 5679 2147 5747 desi-

535 5749 822 5830 deriorum.
853 5767 1014 5830 quam
1043 5755 1409 5830 exim_mi_mus
1460 5765 1518 5830 ut
1557 5749 1826 5830 inutilem.
1863 5761 2028 5830 Infra,
2088 5766 2143 5819 in

535 5821 728 5876 codice
756 5822 944 5887 Vind.,
979 5824 1128 5878 vellet
1159 5825 1475 5891 Ecclesium,
1504 5828 1555 5881 in
1582 5829 1747 5886 editis
1777 5833 1915 5888 velit.

608 5891 633 5928 ι’
659 5891 750 5948 Sic
778 5893 948 5951 codex
987 5895 1168 5961 Viuit;
1201 5900 1349 5967 prior
1377 5899 1572 5968 editio,
1609 5901 1654 5955 si
1683 5903 1872 5972 itaque.

2237 4683 2372 4736 turis
2398 4683 2626 4737 evidens
2657 4681 3012 4738 continentia:
3035 4681 3428 4736 documentum
3457 4693 3540 4736 est
3573 4698 3586 4734 :
3625 4681 3842 4744 Sciebat,

2237 4777 2436 4844 inquit,
2489 4775 2751 4830 Dominus
2793 4775 3045 4845 quoniam
3096 4777 3394 4830 minoratus
3428 4788 3506 4830 est
3560 4773 3766 4841 Israel,
3807 4782 3850 4826 rt

2238 4886 2341 4924 non
2382 4880 2456 4924 est
2477 4873 2595 4942 jam
2623 4870 2900 4924 derelictus
2939 4876 3128 4942 prater
3171 4871 3514 4924 continentes.
3551 4868 3716 4938 Quod
3757 4867 3850 4923 Sa-

2240 4965 2423 5018 lomon
2457 4964 2732 5032 inSpiritu
2761 4961 3070 5033 praevidens
3099 4962 3206 5016 ait:
3239 4961 3468 5030 Tempus
3493 4959 3846 5038 amplexandi,

2243 5066 2291 5111 et
2321 5068 2523 5128 tempus
2554 5059 2722 5131 longe
2751 5058 2865 5128 ﬁeri
2893 5057 2958 5112 ab
2987 5057 3234 5126 amplexu
3267 5055 3444 5128 (Eccl.
3492 5073 3572 5124 ιιι,
3609 5057 3688 5126 5).
3721 5055 3848 5124 Qui:

2246 5153 2504 5222 praecepti
2537 5154 2742 5208 veteris
2770 5161 2876 5222 est,
2929 5161 2987 5205 ut
3037 5160 3188 5205 terra
3237 5149 3728 5219 procreationibus
3757 5151 3854 5203 im-

2247 5246 2492 5314 pleatur;
2522 5247 2650 5300 novi
2679 5254 2880 5311 autem,
2912 5253 2969 5300 ut
2992 5242 3338 5300 continentia
3366 5251 3534 5314 atque
3565 5243 3851 5313 virginitas

2240 5337 2469 5409 impleat
2527 5341 2751 5396 etelum.
2819 5338 2972 5395 Unde
3037 5353 3140 5408 per
3204 5337 3536 5394 Zachariam
3593 5337 3853 5393 Dominus

2239 5433 2350 5488 ait:
2386 5435 2572 5490 Sancti
2602 5436 2805 5507 lapides
2846 5435 3124 5489 volvuntur
3154 5451 3314 5506 super
3359 5443 3577 5497 terram,
3629 5436 3683 5487 in
3707 5435 3856 5506 juve-

2243 5525 2394 5580 nibus
2425 5529 2678 5597 triticum,
2711 5529 2888 5582 vinum
2918 5541 3074 5581 suave
3104 5527 3248 5582 olens
3280 5527 3332 5580 in
3363 5527 3652 5598 virginibus
3671 5522 3852 5598 (Zaclt.

2327 5698 2348 5726 ο
2380 5689 2455 5745 lta
2482 5692 2644 5747 edere
2675 5692 2849 5752 libuit.
2883 5706 3002 5746 cum
3037 5699 3201 5747 antea
3223 5689 3433 5745 editum
3466 5698 3637 5758 esset,
3670 5690 3760 5746 sed
3780 5705 3854 5742 ca<

2251 5757 2446 5834 tholica
2498 5764 2936 5834 interpre’ationc.
2971 5761 3136 5834 Inita,
3173 5761 3262 5819 ubi
3317 5757 3724 5834 minoratuscst
3778 5761 3853 5815 Is.

2251 5833 2381 5898 rarl,
2416 5837 2469 5889 in
2499 5832 2687 5892 cadiae
2712 5837 2865 5893 Lem.
2893 5832 3142 5902 habetur,
3176 5847 3389 5890 voratus
3416 5845 3488 5890 cst
3519 5832 3715 5890 Israel.
