4060 6344
233 334 369 405 tisi

1416 327 2045 405 CONSULTATIONUM
2083 342 2217 404 LIB.
2259 331 2350 402 tu.

3397 347 3538 408 H58

230 485 305 532 ix,
341 466 456 534 16).
511 466 571 520 In
626 464 926 535 Evangelio
974 463 1214 534 denique
1271 463 1574 534 spadonum
1618 462 1832 519 diversa
1861 470 1907 526 Α
1938 462 2156 528 raritas,
2183 472 2236 516 et
2260 460 2502 516 divinam
2536 459 3052 531 majestatetuseriis
3077 458 3256 528 potius
3286 461 3536 519 laudibus

227 575 426 630 genera
477 569 882 616 memorantur:
931 558 1031 614 sed
1066 558 1174 614 illis
1218 558 1479 628 specialis
1507 558 1660 627 regni
1704 572 1831 626 pos-

227 655 402 710 SCaSiO
427 652 743 723 deputatur,
776 653 865 724 qui
897 667 958 708 se
986 652 1104 720 ejus
1131 667 1296 708 causa
1325 661 1380 706 et
1409 667 1594 706 amore
1627 660 1832 706 castra-

227 750 442 813 verint;
478 748 533 803 id
565 757 670 816 est,
707 764 816 803 non
847 763 984 819 quos
1031 746 1487 816 impossibilitatis
1531 745 1830 801 necessitas

225 842 391 911 cogit,
453 841 548 897 sed
609 857 746 912 quos
793 841 1045 897 voluntas
1100 839 1267 896 efﬁcit
1318 840 1684 895 continentes.
1739 837 1832 895 Sic

225 935 370 992 enim
405 934 668 1003 scriptum
700 942 804 996 est.
842 933 1069 988 Domino
1098 933 1414 1001 dieputaute
1452 949 1466 984 :
1523 931 1662 987 Sunt
1710 948 1832 999 spa-

224 1027 382 1082 dones
403 1028 494 1098 qui
522 1026 586 1080 ab
625 1025 918 1081 hominibus
949 1028 1112 1094 ﬁunt;
1144 1034 1189 1080 et
1217 1035 1337 1079 sunt
1365 1023 1625 1095 spadones
1650 1023 1740 1094 qui
1767 1024 1830 1076 ab

222 1132 372 1176 utero
422 1121 605 1175 matris
635 1136 744 1174 suae
770 1121 844 1173 ita
875 1121 984 1174 nati
1013 1129 1168 1185 sunt;
1198 1128 1245 1172 et
1273 1129 1394 1171 sunt
1443 1117 1698 1188 tpadones
1744 1116 1834 1186 qui

221 1231 276 1269 se
302 1222 660 1269 castrauerunt
692 1222 898 1284 propter
925 1229 1138 1284 regnum
1182 1211 1431 1266 caelorum
1461 1209 1678 1282 (Matth.
1716 1226 1827 1276 six,

224 1304 337 1379 19.).
375 1307 449 1362 De
479 1307 677 1376 quibus
709 1322 805 1366 per
831 1306 1026 1362 Isaiam
1057 1305 1256 1361 dicitur
1288 1322 1300 1358 :
1349 1302 1495 1358 Dabo
1523 1301 1630 1359 illis
1660 1304 1833 1357 locum

218 1401 488 1454 meliorem
518 1399 642 1466 [iliis
672 1408 719 1452 et
749 1397 959 1468 ﬁliabus
989 1397 1128 1467 (Isa.
1160 1414 1268 1464 LVI,
1302 1399 1382 1466 5).

292 1496 471 1559 Quam
527 1502 712 1549 tamen
768 1494 906 1550 adeo
957 1493 1113 1549 ardui
1164 1509 1228 1549 ac
1257 1491 1593 1549 sublimioris
1624 1491 1830 1562 prtemii

218 1603 345 1645 esse
370 1587 650 1656 professus
673 1596 780 1652 est,
816 1601 875 1644 ut
907 1589 1218 1645 dicentibus
1246 1588 1482 1659 quodam
1509 1589 1632 1643 loco
1654 1586 1832 1656 Apos-

216 1683 386 1738 tolis:
423 1681 484 1738 Si
505 1682 582 1737 sic
612 1692 688 1738 est
710 1681 914 1736 homini
937 1700 1095 1738 causa
1142 1699 1260 1735 cum
1302 1682 1537 1748 muliere,
1571 1697 1692 1751 ergo
1724 1696 1828 1734 non

216 1775 422 1847 erpedit
451 1774 664 1839 nubere,
702 1775 798 1830 ille
831 1774 1178 1843 reaponderit
1213 1791 1226 1827 :
1263 1773 1364 1840 Qui
1406 1782 1570 1842 potest
1618 1788 1825 1842 capere,

1933 568 2092 625 quam
2124 552 2317 608 facetis
2357 553 2549 608 deceat
2573 552 2848 608 honorari.

2003 645 2201 701 Zscca.
2235 674 2304 686 -ο
2329 643 2572 700 lntentos
2599 643 2816 714 quidem
2849 642 3080 697 orationi
3114 659 3180 698 ac
3205 658 3305 713 per
3351 647 3536 701 omnia

1931 742 2106 794 serios
2137 738 2319 794 oll‘erri
2352 753 2450 794 nos
2469 739 2559 794 Dei
2584 737 2970 809 conspectibus
2995 737 3075 792 fas
3097 747 3198 804 est,
3225 748 3278 794 et
3303 755 3536 810 prospe-

1933 850 2054 888 rum
2083 842 2307 889 actuum
2348 833 2592 904 regimen
2635 833 2900 904 subjectis
2928 833 3181 888 sensibus
3213 834 3534 904 postulare;

1933 928 2029 985 sed
2054 945 2281 984 necesse
2311 937 2396 984 est
2427 939 2482 982 ut
2506 932 2657 984 ocius
2691 929 2945 999 impetret
2985 928 3074 998 qui
3109 927 3309 997 stt-pius
3340 929 3540 999 depre—

1931 1033 2111 1089 catur,
2139 1024 2369 1079 Domino
2395 1025 2448 1079 in
2480 1023 2785 1095 EVangeliis
2809 1023 3160 1092 depromeute
3189 1039 3202 1076 :
3235 1024 3396 1078 Amen
3420 1025 3538 1080 dico

1932 1116 2093 1182 vobis,
2117 1117 2161 1170 si
2185 1132 2286 1170 non
2305 1115 2449 1171 dabit
2477 1126 2688 1188 prapter
2714 1115 3021 1182 amicitiam,
3045 1115 3188 1168 dabit
3208 1126 3420 1188 propter
3447 1117 3537 1169 int-

1933 1213 2304 1280 portunitatem
2329 1210 2345 1282 (
2372 1210 2499 1266 Luc.
2533 1227 2604 1275 ιιι,
2639 1211 2672 1266 8
2701 1210 2757 1283 );
2806 1209 2857 1265 id
2884 1220 2990 1276 est,
3039 1211 3085 1266 si
3121 1225 3310 1280 parum
3361 1218 3540 1279 potest

1933 1305 2186 1360 obtinere
2216 1320 2313 1376 per
2345 1306 2624 1368 meritum,
2658 1304 2886 1375 rogandi
2922 1303 3229 1374 frequentia
3274 1304 3536 1373 praevale—

1933 1397 2030 1451 bit.
2067 1397 2221 1454 Unde
2247 1402 2448 1452 iterum
2486 1415 2497 1449 :
2529 1396 2691 1452 Orate
2737 1400 2848 1452 sine
2889 1397 3285 1463 intermissione,
3308 1406 3360 1450 ut
3391 1395 3537 1466 digni

1931 1488 2227 1545 habeamini
2255 1489 2479 1562 effugere
2508 1494 2644 1546 mala
2693 1508 2808 1563 quae
2848 1502 3222 1559 superrentura
3251 1501 3366 1544 sunt
3396 1491 3536 1544 vobis

1933 1585 2087 1653 (Luc.
2118 1602 2228 1652 xxi,
2259 1586 2373 1657 56).
2409 1587 2511 1643 Per
2542 1588 2898 1643 Salomoncm
2928 1603 3058 1642 vero
3090 1584 3327 1657 Spiritus
3357 1585 3488 1640 dicit
3520 1605 3530 1640 :

1936 1676 2016 1732 Ne
2042 1680 2339 1750 imper/iuris
2371 1697 2522 1734 orare
2551 1697 2754 1750 semper
2779 1681 2796 1752 (
2820 1681 2982 1735 Eccli.
3017 1696 3172 1745 xutt,
3204 1679 3317 1752 ιὲ2).
3364 1684 3538 1751 Apos-

1933 1774 2076 1827 tolus
2131 1775 2360 1844 perinde
2404 1793 2416 1828 :
2469 1774 2688 1830 Orantes
2744 1774 3115 1830 incessabiliter
3170 1775 3366 1846 gratias
3423 1773 3534 1829 Deo

216 1869 390 1940 capiat
422 1866 640 1938 (Manli.
673 1884 788 1936 xu,
821 1868 932 1939 10).
963 1867 1080 1924 Nan
1101 1883 1235 1938 ergo
1261 1877 1594 1937 praeceptum
1609 1867 1674 1921 de
1690 1881 1822 1922 con-
1854 1862 1900 1922 Β
1927 1865 2060 1935 agite
2089 1881 2107 1918 :
2129 1868 2240 1921 hwc
2266 1871 2402 1921 enim
2430 1877 2504 1921 est
2539 1868 2775 1923 voluntas
2814 1871 2926 1940 ejus
2949 1868 2994 1938 (ι
3028 1867 3203 1923 Thess.
3240 1886 3294 1934 ν,
3325 1869 3442 1940 28).
3475 1867 3530 1922 In

215 1962 541 2030 tinentibus,
566 1965 662 2019 sed
691 1965 877 2020 suasio
906 1973 1028 2028 est;
1065 1979 1163 2017 nec
1190 1961 1487 2032 injungitur
1515 1960 1820 2029 virginitas,

216 2066 273 2111 ut
300 2057 374 2112 sit
407 2057 778 2122 necessitatis,
836 2055 958 2120 sed,
1007 2069 1064 2110 ut
1105 2055 1405 2110 voluntatis
1451 2054 1623 2124 possit
1669 2067 1820 2119 esse,

214 2149 494 2215 laudatur,
523 2150 789 2219 Apostolo
814 2160 1150 2220 protestante
1181 2168 1194 2203 :
1220 2147 1299 2204 De
1322 2151 1605 2220 virginibus
1645 2157 1822 2202 autem

213 2253 532 2314 prteceptum
556 2243 765 2298 Domini
793 2260 895 2298 non
923 2243 1084 2298 habeo
1115 2259 1131 2295 :
1159 2243 1248 2298 sed
1280 2242 1557 2296 consilium
1579 2241 1668 2307 do,
1695 2249 1824 2293 tam-

211 2354 370 2408 quam
391 2347 438 2392 et
462 2339 571 2409 ipse
590 2338 862 2391 scientiam
903 2335 1001 2392 Dei
1033 2335 1246 2390 habens.
1279 2332 1538 2388 Existimo
1567 2348 1691 2404 ergo
1724 2333 1822 2386 hoc

211 2432 402 2486 bonum
443 2446 555 2486 esse
608 2442 816 2500 prapter
861 2432 1136 2484 instantem
1162 2429 1542 2491 necessitatem,
1570 2426 1820 2496 quoniam

212 2525 407 2580 bonum
433 2535 509 2580 est
532 2524 731 2580 homini
755 2527 826 2580 sic
856 2541 964 2580 esse
993 2523 1033 2595 (Ι
1061 2522 1180 2577 Cor.
1219 2520 1418 2587 vn,25.
1440 2520 1558 2590 2.6).
1583 2517 1822 2573 Joannes

212 2633 346 2673 Vero
376 2619 430 2673 in
461 2618 792 2690 Apocalypsi
814 2634 914 2672 eos
939 2626 1148 2672 tantum
1195 2616 1330 2686 Agni
1375 2611 1618 2683 vestigiis
1651 2610 1822 2666 inhae-

213 2728 338 2768 rere
363 2712 693 2782 praescribit,
724 2713 813 2780 qui
837 2709 1195 2767 contaminati
1223 2709 1517 2764 mulierum
1540 2706 1820 2763 conventi-

212 2805 316 2862 bus
368 2820 478 2861 non
535 2807 779 2874 fuerunt,
825 2805 1015 2862 dicens
1065 2820 1079 2858 :
1132 2805 1203 2857 Hi
1245 2813 1368 2858 sunt
1409 2801 1498 2868 qui
1532 2809 1821 2870 sequuntur

213 2900 424 2973 Agnum
447 2915 768 2971 quocumque
789 2899 962 2964 vadit;
989 2896 1044 2951 hi
1069 2905 1188 2951 sunt
1218 2898 1308 2967 qui
1338 2911 1391 2950 se
1421 2911 1538 2948 cum
1585 2892 1821 2946 mulieri-

213 2993 307 3048 bus
329 3011 432 3048 non
455 2994 918 3060 coinquinaverunt
943 3009 961 3057 ,°
1011 2992 1232 3062 virgines
1261 2991 1399 3044 enim
1426 2995 1822 3060 permanserunt

213 3087 421 3160 (Apoc.
471 3103 584 3155 xrv,
613 3089 647 3143 4
681 3089 722 3158 ).
771 3085 1151 3142 Prael‘eruntur
1193 3086 1376 3154 itaque
1415 3081 1823 3138 rationabiliter

213 3180 466 3246 meliora,
525 3179 618 3236 sed
664 3189 846 3234 tamen
896 3193 1016 3247 qua:
1043 3177 1335 3232 humiliora
1365 3185 1510 3241 sunt,
1544 3175 1683 3230 mala
1710 3190 1818 3228 non

1926 1958 2024 2013 illo
2049 1969 2232 2016 autem
2261 1961 2329 2017 de
2356 1963 2589 2017 canticis
2612 1965 2785 2018 sancti
2837 1965 3100 2019 carminis
3157 1973 3306 2018 textu
3362 1972 3534 2017 totum

1924 2052 2156 2121 serium,
2189 2062 2474 2123 totumque
2525 2054 2844 2108 VCthI‘.tbii8
2875 2065 2994 2118 est;
3031 2053 3281 2124 adeoque
3330 2054 3535 2108 sant-tis

1925 2143 2158 2199 cultibus
2177 2142 2425 2214 dignum,
2461 2155 2518 2200 ut
2548 2161 2613 2200 eo
2644 2159 2862 2216 semper
2889 2145 3248 2200 autlaudctur
3274 2145 3535 2200 divinitas

1924 2249 2018 2293 aut
2059 2250 2275 2294 oretur.
2310 2239 2420 2293 lloc
2446 2241 2593 2296 enim
2647 2240 2758 2295 illic
2793 2240 3126 2311 indulgentia
3160 2239 3340 2294 divina
3373 2254 3532 2310 pros-

1926 2331 2093 2398 pexit,
2129 2344 2252 2385 cum
2304 2331 2606 2388 inﬁrmitati
2659 2342 2860 2387 nostra:
2889 2334 3249 2403 abusiouique
3281 2333 3539 2388 consule—

1927 2435 2032 2489 ret,
2069 2436 2124 2479 ut
2158 2425 2406 2482 tristibus
2459 2428 2634 2491 mitia,
2693 2429 2904 2484 severis
2947 2428 3148 2484 blanda
3194 2429 3536 2506 permiscens

1925 2518 2076 2574 abire
2103 2533 2205 2574 nos
2228 2535 2447 2590 quoquo
2479 2521 2644 2577 modo
2667 2537 2695 2575 a
2726 2521 2810 2578 sui
2842 2523 3228 2578 recordatione
3250 2537 3358 2578 non
3385 2522 3533 2578 sine-

1926 2618 2032 2678 ret,
2066 2627 2189 2668 cum
2216 2613 2335 2683 ejus
2370 2614 2635 2669 benelicia
2668 2629 2780 2669 non
2824 2616 3003 2670 solum
3035 2616 3206 2686 loqui,
3237 2617 3333 2672 sed
3360 2626 3530 2688 etca-

1925 2722 2059 2762 nere
2105 2705 2428 2774 delectaret,
2471 2707 2654 2779 Moyse
2683 2708 2921 2777 primum
2977 2718 3099 2777 post
3149 2706 3319 2762 Rubri
3361 2707 3532 2762 matis

1927 2798 2240 2867 transitum,
2275 2801 2355 2855 sic
2380 2799 2610 2856 docente
2645 2817 2656 2850 :
2702 2799 2976 2855 Cantemus
3020 2798 3269 2868 Domino,
3310 2802 3534 2873 gloriose

1925 2893 2064 2947 enim
2089 2891 2466 2962 honori/icatus
2492 2904 2565 2947 est
2596 2894 2613 2966 (
2639 2893 2810 2950 Exod.
2847 2911 2944 2962 xv,
2979 2895 3050 2967 1).
3099 2895 3269 2950 David
3301 2896 3529 2965 perinde

1925 2999 2024 3054 pro
2054 2984 2322 3040 bonorum
2361 2986 2722 3041 retributione
2755 2987 2882 3058 quid
2915 2987 3030 3042 Deo
3063 2989 3406 3058 potissimum
3444 2988 3530 3041 of-

1926 3077 2098 3134 ferret
2117 3078 2362 3150 eligvnti,
2387 3079 2643 3134 cantandi
2664 3079 3043 3150 psallendique
3065 3080 3349 3136 amoenitas
3362 3081 3526 3147 Sedit;

1925 3172 2003 3226 ait
2023 3173 2168 3228 enim
2199 3191 2211 3226 :
2240 3171 2471 3228 Cantabo
2498 3172 2725 3228 Domino
2748 3175 2836 3245 qui
2859 3174 2989 3228 bona
3014 3175 3194 3229 tribuit
3242 3175 3369 3229 mihi
3391 3182 3407 3246 (
3431 3175 3528 3232 Ps.

212 3282 378 3336 sunt;
407 3285 510 3326 nec
537 3271 759 3342 aliquod
802 3273 853 3325 in
881 3269 1085 3340 nuptiis
1117 3268 1368 3338 signatur
1384 3267 1650 3323 delictum
1682 3283 1696 3333 ;
1725 3265 1822 3321 sed
1850 3261 1896 3323 C
1933 3267 2122 3340 xu,6).
2155 3268 2223 3324 Et
2257 3287 2270 3325 :
2297 3267 2531 3324 Psallam
2558 3270 2756 3324 nomini
2783 3279 2892 3339 tuo,
2925 3269 3191 3324 Altissinte
3214 3269 3332 3340 (Ps.
3351 3286 3426 3338 rx,
3449 3269 3529 3341 5).

213 3375 273 3421 ιιι
307 3365 467 3434 paulo
497 3375 624 3422 ante
651 3374 926 3436 cognosti,
963 3371 1190 3435 promer
1219 3361 1609 3417 instantisliuis
1628 3375 1820 3414 licens-

211 3460 460 3521 sitatem,
492 3475 562 3515 ne
590 3459 888 3514 secundum
944 3457 1321 3527 Evangelium,
1361 3453 1454 3510 Va:
1499 3455 1814 3527 pragnanti—

212 3553 310 3608 bus
331 3553 740 3607 etnutricntibus
762 3553 834 3608 sit
865 3551 1016 3622 (Luc.
1047 3567 1164 3615 XXI,
1188 3550 1306 3619 2’»),
1338 3550 1680 3606 continentia
1702 3565 1817 3618 per-

211 3649 498 3713 Suadetur,
532 3645 697 3699 simul
726 3655 781 3699 ut
813 3645 1078 3700 districta:
1135 3643 1491 3700 satisfactioni
1521 3643 1818 3710 aliquando

211 3737 536 3802 sintdediti,
563 3736 654 3807 qui
687 3737 954 3808 conjttgiis
981 3747 1338 3802 vacaverunt;
1371 3753 1436 3792 ac
1471 3743 1816 3806 peccatorum

213 3847 383 3888 onera
430 3831 788 3887 recordantes
829 3832 1045 3887 restitui
1097 3832 1211 3887 Deo
1257 3831 1465 3887 arctius
1514 3832 1815 3899 enitantur,

212 3922 343 3978 dum
373 3932 522 3976 recte
551 3921 716 3976 etiam
744 3938 773 3977 a
806 3923 971 3979 licitis
1000 3923 1297 3991 abstinent,
1330 3923 1428 3992 qui
1449 3922 1638 3978 illicita
1663 3937 1818 3978 com-

214 4021 505 4076 miserunt.
1195 4080 1200 4084 ι

820 4111 1052 4170 CAPUT
1113 4113 1198 4170 Vl.

217 4211 348 4276 ριιω
365 4207 682 4262 consuetudo
710 4207 969 4280 psallendi
993 4207 1280 4279 orandique
1313 4209 1400 4275 sit,
1432 4208 1513 4263 vel
1535 4206 1676 4262 unde
1705 4223 1818 4263 mo-

572 4302 752 4357 nachis
776 4301 888 4358 haec
914 4314 1168 4376 praecepta
1188 4313 1451 4358 uerterunt.

288 4399 492 4453 Αροιι.
522 4423 592 4436 --
615 4396 683 4452 Ει
723 4413 826 4468 ego
872 4397 1110 4452 sciebam
1175 4396 1504 4468 virginitatis
1530 4398 1820 4454 continen-

216 4491 416 4560 timque
448 4490 788 4560 propositum
815 4490 993 4546 meriti
1028 4505 1154 4546 esse
1210 4489 1484 4559 sublimis,
1546 4490 1819 4560 principue

215 4600 339 4640 cum
372 4585 470 4639 Dei
493 4587 823 4640 reverentiae
863 4583 1100 4639 dedicati
1150 4585 1444 4639 humanam
1488 4595 1818 4640 consecrent

1927 3362 1996 3418 Et
2025 3363 2222 3418 iterum
2252 3381 2263 3416 :
2291 3361 2540 3418 Exaltare
2568 3361 2796 3418 Domine
2821 3363 2876 3417 in
2904 3364 3087 3417 uirtute
3125 3375 3248 3430 tua;
3295 3365 3530 3418 cantabi-

1924 3472 2038 3510 mus
2066 3464 2113 3510 et
2139 3454 2424 3526 psallemus
2447 3456 2656 3510 virtutes
2681 3467 2797 3510 tuas
2829 3455 2949 3527 (Ps.
2977 3472 3068 3521 xx,
3107 3455 3233 3528 10
3263 3456 3367 3512 Per
3401 3457 3529 3514 Hie-

1923 3550 2151 3605 remiam
2186 3564 2316 3606 vero
2348 3550 2660 3618 bujusmodi
2686 3549 2884 3604 studiis
2909 3549 3128 3606 deditos
3163 3551 3533 3623 multiplican-

1923 3643 2024 3698 dos
2057 3644 2112 3700 in
2158 3643 2334 3715 gloria
2364 3645 2510 3699 Deus
2537 3645 2705 3700 dicit:
2734 3643 2928 3714 Erunt,
2978 3647 3173 3718 inquit,
3203 3664 3266 3702 ea:
3289 3648 3369 3702 his
3411 3664 3532 3702 can-

1925 3745 2094 3792 tantes
2133 3753 2230 3791 uox
2273 3735 2636 3804 laudantium;
2666 3750 2710 3793 et
2743 3739 3099 3812 multiplicabo
3144 3757 3259 3810 eos,
3313 3749 3363 3795 et
3416 3757 3520 3796 non

1923 3831 2316 3885 minorabantur
2345 3830 2597 3902 (Baruch.
2628 3848 2687 3900 ιι,
2721 3832 2811 3899 32,
2837 3833 2952 3905 3i).

1996 3924 2136 3979 Tres
2155 3933 2336 3980 autem
2367 3926 2522 3995 pueri
2556 3925 2609 3980 in
2638 3927 2856 3982 camino
2888 3928 3030 3998 ignis
3053 3927 3238 3983 intacti
3270 3929 3532 3986 salvatio-

1925 4020 2011 4076 nis
2040 4021 2213 4076 vicem
2237 4021 2290 4074 in
2316 4020 2532 4075 cantico
2561 4019 2742 4075 laudis
2766 4021 3094 4088 rependunt.
3150 4022 3364 4093 llymno
3405 4038 3529 4078 cum

1922 4113 2201 4184 Apostolis
2227 4113 2398 4177 dicto,
2421 4112 2690 4167 Dominus
2713 4112 2889 4183 pergit
2917 4112 2982 4167 ad
3014 4121 3295 4181 montem;
3323 4123 3382 4169 ut
3403 4129 3533 4170 san-

1923 4217 2030 4264 ctae
2065 4205 2421 4263 festivitatisb
2446 4206 2670 4262 libertas
2701 4206 2770 4260 ab
2799 4206 2894 4261 illo
2916 4216 3310 4262 consummata:
3336 4217 3527 4264 aucto~

1926 4301 2104 4357 ritatis
2133 4299 2365 4368 haberet
2392 4299 2725 4370 exemplum,
2761 4299 2972 4371 quinos
3016 4299 3069 4354 in
3117 4301 3373 4356 omnibus
3426 4301 3530 4358 im-

1925 4396 2156 4452 buisset.
2179 4394 2336 4462 Quod
2367 4404 2548 4452 tamen
2581 4393 2749 4450 certis
2778 4394 2884 4451 diei
2912 4397 3202 4467 noctisque
3227 4396 3382 4452 horis
3405 4412 3529 4455 esse

1927 4493 1951 4522 ο
1983 4489 2394 4554 celebrandum,
2431 4487 2602 4543 David
2661 4489 2766 4544 sub
2814 4488 3083 4545 relatione
3134 4491 3339 4561 proprii
3381 4500 3536 4547 actus

1926 4585 2184 4655 instituit,
2217 4584 2408 4640 dicens
2439 4602 2452 4638 :
2479 4581 2613 4656 Ego,
2650 4582 2846 4651 inquit,
2873 4582 3108 4638 clamabo
3135 4601 3362 4657 vespere,
3383 4603 3533 4643 mane

217 4681 552 4735 voluntatem
585 4697 598 4734 :
641 4679 770 4734 dum
821 4689 876 4733 et
922 4679 1280 4734 veneratione
1330 4679 1605 4734 communi
1653 4678 1814 4748 digna
1845 4685 1899 4748 ι)
1923 4688 1972 4733 et
2019 4677 2236 4732 meridie
2272 4674 2407 4748 (Ps.
2454 4690 2563 4740 LIV,
2612 4675 2678 4730 18
2707 4674 2748 4744 ).
2780 4675 2849 4730 Et
2869 4674 3062 4732 iterum
3090 4696 3102 4731 :
3135 4677 3338 4750 Septies
3366 4678 3418 4732 in
3449 4679 3534 4735 die

215 4773 543 4842 suscipiunt,
569 4781 623 4827 et
659 4771 824 4826 vitam
854 4770 1121 4839 angelicae
1151 4771 1436 4840 dignitatis
1462 4771 1542 4825 vel
1585 4785 1818 4827 conver-

215 4868 447 4922 sationis
485 4867 784 4921 imitantur.
816 4864 923 4922 Sed
948 4867 1073 4936 quia
1106 4865 1398 4936 imperium
1433 4863 1488 4918 in
1516 4864 1616 4918 bac
1632 4872 1816 4934 parte,

215 4977 329 5016 non
373 4961 662 5015 consilium
693 4959 946 5027 credidi;
979 4961 1365 5016 auctoritatem
1405 4975 1473 5014 ex
1515 4958 1818 5026 Scripturis

214 5054 458 5124 oportuit
487 5053 625 5107 dari.
662 5053 819 5108 Nunc
845 5065 1024 5111 autem
1065 5069 1184 5123 quae
1213 5053 1407 5109 orandi
1440 5051 1819 5124 psallendique

215 5147 557 5203 consuetudo
591 5157 695 5200 tatn
724 5147 917 5203 crebra
943 5147 1036 5212 sit,
1060 5160 1149 5202 aut
1176 5147 1194 5166 ‘
1228 5147 1370 5204 unde
1405 5147 1471 5200 ad
1505 5143 1815 5201 monachos

215 5241 404 5296 talium
427 5240 800 5294 doctrinarum
824 5239 1002 5294 studia
1029 5239 1379 5306 delituerint,
1403 5240 1646 5295 breviter
1677 5254 1815 5308 pan-

213 5335 286 5391 de
319 5352 330 5387 :
363 5334 615 5403 quamvis
645 5333 793 5387 enim
822 5333 1030 5403 grande
1067 5332 1136 5386 sit
1184 5333 1236 5387 in
1262 5332 1483 5388 assidua
1534 5332 1816 5402 supplica-

215 5431 364 5484 tione
397 5437 755 5492 momentum,
807 5426 1062 5481 cantandi
1090 5437 1267 5480 tamen
1299 5425 1544 5479 studium
1602 5426 1818 5482 videtur

214 5526 493 5590 otiosum;
523 5537 647 5578 cum
676 5531 730 5577 et
752 5521 1012 5577 attentior
1039 5520 1090 5575 in
1143 5521 1257 5592 ipsa
1285 5519 1689 5592 supplicatione
1742 5521 1816 5576 sit

214 5708 226 5727 '
289 5714 316 5743 ι
354 5705 450 5760 Sic
473 5718 614 5756 unus
636 5701 808 5757 codex
837 5717 999 5770 quem
1039 5700 1250 5756 viderat
1299 5700 1590 5765 Acberius,
1633 5701 1724 5769 qui
1759 5699 1813 5754 id

216 5786 396 5834 tamen
448 5775 612 5830 cdere
663 5774 858 5827 maluit
889 5773 1034 5842 quod
1065 5773 1120 5827 in
1147 5775 1256 5827 alio
1285 5774 1472 5828 codice
1531 5781 1815 5842 repererat

215 5850 353 5903 unde
379 5863 413 5900 α
441 5845 732 5900 monachis.
767 5843 929 5912 Infra,
989 5845 1078 5898 ubi
1135 5861 1436 5916 prosperum
1488 5854 1721 5909 actuum,
1758 5845 1810 5898 in

215 5921 406 5978 codice
428 5917 647 5975 Lemov.
676 5917 873 5989 legitur
913 5930 1222 5990 prosperum
1249 5932 1308 5972 ac
1338 5917 1525 5974 uiuum.

1924 4771 2136 4824 laudem
2162 4769 2273 4824 dixi
2304 4767 2396 4822 tibi
2421 4765 2538 4839 (Ps.
2569 4781 2754 4832 cxvtn,
2792 4767 2937 4838 164).
2975 4769 3039 4824 Ει
3068 4771 3258 4825 tertio:
3285 4769 3536 4828 Clamabo

1923 4879 2014 4935 per
2038 4862 2195 4928 diem,
2225 4877 2318 4914 nec
2371 4859 2616 4915 exaudies
2649 4875 2668 4913 :
2693 4869 2741 4914 et
2782 4871 2949 4931 nocte,
2975 4871 3024 4916 et
3055 4880 3156 4918 non
3185 4864 3253 4917 ad
3283 4865 3536 4931 insipien-

1925 4959 2048 5012 tiam
2079 4955 2207 5012 mihi
2230 4956 2350 5031 (Ps.
2383 4971 2496 5023 xxi,
2525 4955 2604 5027 5).
2666 4957 2958 5015 Exsultare
2990 4975 3124 5032 ergo
3161 4962 3250 5019 Dei
3278 4962 3534 5020 laudibus

1924 5068 2026 5107 nec
2052 5067 2236 5122 regem
2279 5050 2493 5122 puduit,
2522 5067 2623 5105 nec
2644 5051 2993 5126 prophetam,
3052 5055 3302 5127 adeoque
3352 5059 3406 5113 in
3449 5059 3535 5116 his

1925 5145 2040 5201 Deo
2063 5161 2160 5200 nos
2194 5146 2413 5216 placere
2444 5144 2764 5215 perdocuit;
2817 5159 2875 5203 ut
2925 5164 3049 5204 cum
3081 5151 3187 5206 sibi
3237 5163 3535 5211 nocturnas

1923 5237 2252 5309 spiritalium
2300 5237 2641 5293 canticorum
2696 5239 2905 5311 vigilias
2929 5241 3044 5298 fore
3072 5253 3426 5312 menstrui-et,
3452 5245 3541 5302 of-

1924 5330 2038 5385 ﬁcii
2067 5329 2246 5401 ipsius
2274 5339 2324 5384 et
2351 5338 2570 5399 tempus
2597 5330 2775 5385 edicat
2808 5347 2822 5386 ;
2850 5332 3029 5387 Media
3083 5343 3231 5389 nocte
3265 5336 3535 5408 surgebam

1922 5425 1992 5477 ad
2015 5423 2367 5493 conﬁtendum
2393 5424 2589 5476 nomini
2615 5436 2724 5489 tuo,
2755 5422 3019 5496 Domine(
3051 5425 3144 5480 Ps.
3174 5443 3359 5493 cxvttt,
3395 5430 3463 5486 62
3494 5432 3534 5504 ).

1926 5518 2148 5573 Hisdem
2171 5534 2231 5573 se
2257 5516 2408 5572 horis
2437 5517 2668 5574 fortasse
2699 5533 2760 5574 se
2789 5530 3078 5574 venturum
3130 5521 3184 5578 in
3233 5521 3534 5595 Evangelio

1998 5700 2026 5736 δ
2065 5697 2161 5755 Sic
2212 5698 2460 5768 proiecto
2504 5698 2730 5769 scripsit
2781 5697 3108 5769 Zaccltaeus;
3167 5720 3269 5760 nec
3315 5705 3536 5766 dubium

1924 5772 2054 5854 quin
2077 5772 2242 5828 lectio
2270 5772 2475 5842 prioris
2533 5771 2809 5837 editionis,
2855 5768 3070 5827 libertas
3098 5775 3166 5828 ad
3196 5776 3312 5844 illa,
3343 5779 3538 5837 vitiasa

1926 5856 2026 5954 ⁸ης,
2068 5915 2232 5974 Faue
2255 5912 2503 5974 addenda
2523 5929 2630 5972 vox
2657 5911 2826 5971 Deum
2853 5922 2948 5973 aut
2973 5911 3284 5980 Dominum.
