4060 6344
540 351 680 410 “59

1831 349 2148 411 ZACCHIEI
2187 349 2580 412 CHRISTIANI

3721 359 3840 420 i160

544 453 824 520 Salvator--
853 461 1108 528 astruxit,
1155 468 1268 518 tum
1300 461 1661 535 primogenita
1693 463 1916 538 Egypti
1943 467 2150 536 Angela
2179 468 2231 530 Α
2258 476 2560 539 temporum
2594 467 2940 541 iniquitatem
2973 469 3284 540 increpans,
3320 469 3646 542 aitzErunt,
3666 472 3839 546 inquit,

537 558 814 631 affligente
845 573 1105 628 percussa
1127 566 1285 624 sunt;
1311 565 1366 612 et
1389 558 1533 628 quod
1573 574 1604 613 a
1632 558 1851 615 Christo
1877 561 1948 615 de
1981 561 2140 630 hujus

537 653 722 709 mundi
751 653 1062 724 potentibus
1095 654 1147 707 in
1175 654 1278 707 ﬁne
1303 652 1608 709 faciendum
1640 663 1746 723 est,
1782 655 1954 727 plaga:
1997 656 2139 710 illius

538 747 983 816 prmliguraticne
1037 745 1304 815 signatum
1345 756 1451 800 est.
1486 746 1683 801 Paulus
1722 747 1964 818 denique
2015 763 2139 804 cum

535 841 642 898 Sila
666 839 758 894 tali
793 838 1149 896 meditatione
1184 839 1478 909 perfuncti,
1510 855 1540 896 a
1570 842 1768 896 vinctis
1790 843 2010 898 caeteris
2039 859 2140 898 au-

535 934 828 991 diebantur
856 935 905 988 in
934 949 1180 998 Carcere,
1206 947 1415 1004 eosque
1433 933 1502 989 ab
1534 934 1635 990 hac
1666 935 2016 992 solemnitate
2043 951 2144 992 nec

537 1042 697 1099 pinna
726 1026 1083 1096 compescuit.
1138 1025 1297 1082 Unde
1329 1025 1568 1082 advertis
1612 1027 1883 1099 psallendi
1917 1028 2142 1083 orandi-

536 1135 642 1188 que
662 1120 1020 1190 frequentiam
1040 1117 1202 1188 jnstis
1236 1127 1263 1155 λ
1287 1130 1604 1174 sanctorum
1647 1119 1843 1175 ciliciis
1874 1120 2143 1175 celebrari

535 1212 812 1283 ﬁnemque
867 1226 1216 1268 communem
1274 1212 1382 1279 vel,
1417 1212 1462 1267 si
1493 1213 1806 1282 advenerit,
1861 1215 2142 1284 proprium

535 1304 636 1360 sub
667 1305 758 1358 tali
799 1312 924 1358 actu
971 1313 1298 1373 exspectare
1327 1318 1578 1374 secnros,
1614 1303 1739 1358 dum
1775 1305 1827 1359 in
1859 1304 1960 1359 hac
1993 1319 2146 1359 meu-

536 1399 668 1454 tium
702 1398 1072 1455 oblectatione
1099 1406 1156 1452 et
1186 1396 1310 1453 ﬁdei
1342 1398 1518 1452 honor
1547 1405 1604 1453 et
1643 1397 1900 1452 alacritas
1947 1397 2148 1452 crescit

535 1492 879 1558 animorum;
907 1490 1156 1562 interque
1196 1489 1384 1546 saeculi
1416 1505 1481 1544 ac
1526 1489 1790 1562 professa:
1815 1489 2151 1561 inquietudi-

537 1585 623 1641 nis
646 1599 806 1642 curas
834 1584 958 1640 lecta
986 1585 1156 1656 exigit
1178 1583 1376 1654 gratia,
1411 1583 1558 1655 quod
1599 1585 1850 1641 obtinere
1878 1600 1984 1641 non
2011 1600 2150 1657 prac-

536 1679 684 1736 valet
713 1678 929 1735 tristior
963 1679 1284 1749 disciplina.

1149 1772 1379 1830 CAPUT
1418 1772 1527 1829 Vli.

2245 560 2299 614 in
2331 560 2619 614 novissimis
2647 560 2826 615 diebus
2857 570 3090 632 tempora
3141 563 3476 634 periculosa;
3527 562 3758 620 homines
3784 583 3830 620 se

2251 653 2393 721 ipsos
2423 662 2678 724 amantes,
2737 653 3058 725 blasphemi,
3115 656 3344 727 superbi,
3402 659 3702 728 parentibus
3751 676 3844 713 non

2242 745 2558 814 obedientes,
2590 748 2857 815 insensati,
2888 749 3236 819 incompositi,
3290 750 3404 804 sine
3431 749 3728 819 aﬂ'ectione,
3751 753 3849 810 sine

2244 840 2598 892 misericordia
2627 840 2693 912 (ll
2721 840 2856 894 Tim.
2889 857 2968 909 ιιι,
2998 841 3054 907 2,
3086 841 3143 912 5)
3173 860 3186 895 :
3214 842 3306 914 qui
3336 858 3454 895 cum
3476 844 3738 916 justitiam
3766 844 3848 901 Dei

2247 930 2428 1000 (Rom.
2462 947 2501 998 t,
2531 932 2648 1002 3'2),
2679 933 2729 988 id
2758 942 2866 1001 est,
2892 935 3129 990 futui-um
3157 935 3455 1004 judicium;
3512 938 3724 1003 scirent,
3758 955 3847 995 non

2246 1024 2654 1092 intellexerunt;
2703 1028 2950 1097 quoniam
3005 1029 3096 1099 qui
3153 1029 3278 1083 (alia
3333 1039 3524 1103 agunt,
3571 1031 3716 1105 digni
3741 1042 3849 1089 sunt

2248 1128 2431 1171 morte.

2320 1210 2524 1266 Horum
2556 1211 2718 1282 igitur
2746 1215 2944 1270 merito
2972 1217 3277 1280 {venturum
3304 1217 3706 1275 Antichristum
3731 1219 3848 1276 ﬁdes

2245 1315 2394 1362 certa
2420 1316 2523 1373 est,
2561 1307 2728 1362 immo
2757 1307 3030 1364 diabolum
3077 1310 3177 1365 sub
3221 1325 3460 1382 persona
3494 1312 3734 1368 hominis
3761 1328 3847 1369 sse-

2249 1399 2484 1454 viturum
2515 1417 2528 1465 ;
2561 1400 2657 1455 sed
2687 1401 3046 1472 gentilitatem
3076 1403 3467 1474 detestabitur,
3503 1408 3848 1463 ctcircumci—

2249 1493 2462 1548 sionem
2491 1493 2758 1548 suadebit.
2787 1494 2896 1550 Nec
2924 1497 3069 1552 enim
3124 1497 3284 1553 aliter
3327 1498 3422 1553 Dei
3455 1509 3478 1537 ο
3507 1497 3689 1554 Filius
3716 1499 3847 1555 credi

2252 1593 2457 1654 posset,
2491 1585 2595 1639 nisi
2629 1600 2659 1640 a
2687 1600 2746 1642 se
2777 1587 2913 1658 legis
2942 1590 3146 1644 veteris
3197 1591 3611 1659 reparationem
3644 1590 3849 1647 exhibi-

2255 1685 2361 1730 tam
2393 1677 2746 1744 mentiretur;
2777 1693 2842 1732 ac
2873 1680 3104 1747 primum
3134 1680 3359 1736 .ludacos
3382 1681 3530 1737 idem
3559 1682 3728 1738 totius
3745 1699 3851 1754 per-

2251 1768 2394 1824 ﬁdia:
2413 1779 2577 1839 caput
2604 1785 2668 1826 ac
2700 1770 2929 1827 fallacia:
2951 1772 3055 1828 sibi
3085 1774 3300 1828 subdet.
3321 1773 3610 1830 Christum
3635 1775 3778 1832 enim
3803 1787 3845 1834 et

539 1865 601 1925 Si
631 1868 983 1924 Antichristus
1009 1868 1196 1933 veniet,
1223 1878 1314 1921 aut
1344 1884 1446 1940 quo
1477 1867 1700 1922 mundus
1724 1868 1831 1938 ﬁne
1845 1868 2143 1922 claudatur.
2181 1876 2224 1936 Β
2254 1875 2537 1920 venturum
2567 1866 2768 1933 sciunt,
2799 1878 2854 1922 et
2884 1868 3274 1936 sempiternum
3313 1869 3558 1940 judicent
3590 1870 3847 1926 conﬁten-

606 1964 807 2019 APOLL.
837 1991 910 2005 —-
939 1959 1134 2018 Beneb
1182 1961 1670 2016 consummationis
1718 1962 1770 2016 ln
1823 1960 2142 2016 narratione

535 2066 850 2111 sanctOrum
877 2069 1095 2111 aetuum
1117 2053 1353 2110 adducta
1385 2054 1625 2125 cognitio
1649 2061 1736 2108 est
1760 2070 1775 2120 ;
1799 2055 2142 2126 atqueiuter-

532 2148 793 2203 minatum
822 2148 1031 2216 srcculi,
1068 2158 1127 2202 ut
1159 2148 1498 2218 perhibetur,
1549 2147 1711 2203 ﬁnem
1756 2163 1866 2218 quo
1910 2147 2142 2203 liberius

532 2243 940 2314 inquireremus
963 2243 1204 2297 oblatum
1243 2251 1346 2298 est.
1401 2241 1557 2310 Quali
1601 2256 1734 2312 ergo
1788 2243 2140 2312 praesentium

535 2337 684 2391 exitu
709 2351 916 2400 rerum,
949 2335 1040 2390 vel
1069 2351 1232 2408 quem
1257 2335 1311 2390 in
1337 2336 1558 2389 modum
1586 2345 1890 2389 memorata
1941 2335 2143 2391 libellis

539 2427 978 2500 praecedentibus
1009 2437 1257 2500 tempora
1300 2429 1734 2484 concludentur?
1759 2428 1914 2486 Unde
1945 2439 2146 2499 priete-

536 2537 631 2577 rea
655 2530 763 2576 tam
794 2523 1141 2579 conﬁdentes
1184 2522 1429 2594 gentium
1478 2521 1661 2589 minae,
1691 2536 1755 2577 ac
1787 2521 2140 2592 profanorum

533 2617 768 2687 superba
801 2628 929 2672 sunt
968 2615 1184 2687 jurgia?
1233 2615 1424 2670 Eritne
1454 2613 1653 2685 aliquis
1701 2629 1872 2670 sacrze
1899 2615 2144 2685 appella-

537 2712 699 2767 tionis
757 2722 1093 2782 assumptor,
1127 2720 1220 2765 aut
1262 2711 1548 2780 quisquam
1578 2711 1886 2764 mortalium
1919 2711 2142 2764 mentiri

543 2815 605 2860 se
629 2803 724 2858 Dei
754 2804 920 2857 ﬁlium
946 2803 1144 2874 poterit
1172 2802 1421 2858 audere?
1455 2801 1580 2856 Mihi
1634 2803 1780 2857 enim
1837 2802 2142 2860 verisimile

549 2911 658 2953 non
683 2896 917 2964 videtur,
951 2906 1007 2950 ut
1027 2893 1310 2950 diabolica:
1333 2894 1536 2950 fraudis
1560 2893 1803 2966 reliquiae
1824 2897 1914 2949 vix
1950 2894 2140 2952 admo-

536 2991 667 3048 dum
699 2991 752 3046 in
783 2991 1130 3063 paucissimis
1158 2989 1484 3057 residentes,
1516 2990 1568 3045 in
1600 2990 1775 3062 legem
1801 2975 2011 3046 iterum
2041 3006 2135 3046 ca-

530 3085 787 3142 tholicam
812 3084 1234 3152 convalescant;
1269 3094 1322 3138 et
1355 3083 1657 3155 quamlibet
1686 3085 1934 3140 terminis
1960 3094 2141 3140 careat

534 3178 721 3234 divina
753 3179 1018 3247 potentia,
1047 3179 1100 3232 in
1131 3177 1236 3233 hoc
1265 3193 1438 3248 usque
1486 3176 1696 3248 antiqui
1737 3179 2014 3248 serpentis
2047 3179 2130 3234 in-

2255 1966 2371 2023 tur;
2391 1957 2488 2014 sed
2514 1969 2572 2013 ut
2601 1960 2939 2015 atrocitatem
2965 1961 3107 2016 illati
3131 1977 3159 2016 a
3187 1977 3248 2016 se
3288 1962 3549 2018 facinoris
3577 1975 3848 2032 excusent,

2255 2049 2308 2105 in
2339 2067 2573 2120 corpore
2597 2050 2742 2123 quod
2773 2052 3167 2110 interfecerunt
3194 2058 3412 2112 venisse
3450 2074 3562 2112 non
3611 2057 3848 2114 credunt.

2247 2145 2534 2201 llmreticis
2552 2161 2684 2203 vero
2725 2149 3023 2220 praedictus
3051 2152 3340 2207 simulator
3359 2152 3529 2208 Deum
3553 2169 3616 2210 se
3644 2155 3849 2225 quidem

2250 2241 2345 2296 sed
2379 2241 2648 2297 minorem
2682 2253 2894 2299 asseret
2921 2245 3100 2312 Patre,
3126 2256 3179 2299 ut
3209 2261 3398 2301 eorum
3458 2247 3705 2318 denique
3754 2249 3845 2303 im-

2247 2335 2502 2404 pietatem
2555 2335 2850 2406 perditioni
2903 2353 3016 2393 sua:
3053 2349 3408 2410 suscepturus
3436 2340 3758 2410 admisceat,
3785 2351 3834 2397 et

2247 2429 2299 2481 in
2331 2429 2576 2496 utrisque
2601 2429 2687 2482 illa
2721 2443 2789 2485 ex
2815 2430 3123 2501 Evangeliis
3152 2433 3423 2488 sententia
3459 2434 3801 2503 compleatur
3829 2452 3843 2488 :

2245 2517 2491 2588 Credeut,
2528 2520 2723 2591 inquit,
2757 2522 3043 2593 iniquitati,
3072 2525 3160 2595 qui
3209 2527 3410 2580 ueritati
3435 2529 3653 2583 credere
3684 2529 3852 2583 noiue-

2245 2622 2366 2667 runt
2388 2613 2567 2685 (Rom.
2601 2629 2660 2681 ιι,
2692 2611 2768 2686 8).
2801 2615 2937 2670 Tum
2970 2617 3226 2687 gentiles,
3256 2620 3406 2674 velut
3437 2633 3606 2675 sensu
3628 2623 3852 2676 rationa-

2243 2705 2334 2760 bili
2363 2707 2604 2762 carentia
2627 2723 2844 2778 pecora,
2867 2710 3275 2780 phantasiarum
3314 2711 3693 2770 admiratione
3722 2729 3839 2784 cap-

2245 2809 2397 2855 turus
2445 2811 2550 2866 est,
2599 2811 2657 2856 ut
2705 2803 3012 2874 iltaqueatis
3069 2817 3356 2860 nationum
3417 2823 3558 2876 pene
3613 2808 3846 2863 omnium

2248 2893 2489 2963 populis,
2513 2895 2677 2950 etiam
2705 2896 2886 2966 electi,
2914 2897 2958 2951 si
2988 2896 3107 2952 ﬁeri
3135 2900 3326 2968 possit,
3364 2898 3512 2954 dolis
3544 2901 3746 2957 talibus
3772 2917 3849 2958 se-

2243 2984 2514 3040 ducantur
2541 3003 2556 3043 ;
2587 2995 2644 3042 et
2677 2986 2836 3057 hujus
2866 2988 2991 3042 mali
3021 2993 3409 3048 auctoritatem
3431 2990 3642 3048 efﬁciet
3683 2993 3852 3048 multi-

2246 3079 2393 3133 tudo.
2427 3077 2557 3135 lude
2587 3095 2831 3136 errorem
2887 3082 3014 3135 mali
3065 3083 3265 3138 veteris
3311 3085 3775 3154 subintroducct;
3804 3095 3853 3142 et

2243 3172 2334 3242 qui
2396 3172 2631 3242 primum
2677 3171 2950 3228 idolorum
3000 3174 3227 3243 vestigia
3269 3178 3643 3232 convulsurus
3668 3189 3772 3245 est,
3800 3177 3851 3233 in

527 3272 671 3344 jnria
697 3270 1004 3338 differatur,
1047 3281 1106 3327 ut
1131 3273 1401 3327 exstincta
1435 3278 1518 3325 tot
1539 3271 1758 3326 szecnlis
1789 3271 1931 3325 bella
1966 3273 2128 3342 perli-
2165 3279 2209 3341 ς
2244 3264 2379 3320 lueis
2433 3265 2640 3320 Sanctis
2697 3265 2826 3335 poni
2875 3265 2978 3321 sibi
3027 3274 3235 3322 statuas
3291 3269 3628 3339 imperabit;
3660 3287 3853 3342 easque

523 3364 629 3422 diae
673 3366 920 3422 funestus
949 3366 1198 3433 reducat,
1234 3380 1440 3436 perque
1472 3365 1654 3419 omnia
1689 3374 1963 3420 terrarum
2012 3366 2131 3421 loca

529 3457 797 3515 Ecclesia:
823 3459 1062 3515 cultibus
1090 3471 1301 3514 stratus
1342 3457 1566 3528 impium
1601 3472 1793 3513 rursus
1825 3457 2018 3514 cﬁ'erat
2049 3475 2142 3515 ca-

531 3565 652 3625 put,
685 3555 776 3625 qui
808 3553 881 3609 ita
911 3553 1244 3608 veneranda:
1295 3552 1601 3622 majestatis
1647 3551 1995 3608 invocatione
2025 3562 2142 3608 tor-

529 3657 750 3718 quetur,
787 3645 970 3717 utjatn
997 3646 1150 3700 adire
1203 3646 1368 3699 etiam
1415 3645 1662 3714 ipsorum
1713 3646 2140 3700 crituinosiirum

527 3741 815 3797 volutabra
841 3739 930 3794 vix
963 3740 1184 3808 audeat,
1217 3739 1347 3794 dum
1378 3739 1612 3794 occultis
1649 3739 1854 3810 ignium
1909 3755 2136 3796 suorum

525 3835 770 3892 cladibus
793 3842 969 3890 tortus
992 3843 1162 3888 totum
1194 3833 1433 3905 undique
1455 3835 1857 3902 contremiscit,
1879 3835 2143 3907 quidquid

529 3944 593 3986 ex
628 3927 847 3984 nomine
886 3926 1175 3984 catholicae
1229 3927 1516 3999 religionis
1557 3928 1814 3985 audierit.

599 4022 800 4080 Zaccn.
824 4052 896 4064 —
927 4022 1082 4080 Szeva
1107 4024 1158 4076 in
1191 4021 1512 4077 memoriam
1547 4020 1718 4092 redigi
1743 4021 1993 4092 cupis,et
2019 4023 2138 4079 ine-

528 4116 841 4174 lnctabilem
875 4115 1097 4171 humani
1117 4117 1334 4186 generis
1361 4115 1719 4170 obtritionem
1747 4129 2138 4183 supremorum

528 4211 850 4268 narratione
881 4209 1152 4280 proferri;
1180 4223 1302 4280 qua:
1335 4217 1442 4262 tam
1490 4205 1656 4262 flebili
1715 4211 2140 4278 exaggeratione

525 4303 752 4362 dicenda
776 4313 924 4372 sunt,
951 4309 1033 4371 ut,
1061 4303 1206 4357 sicut
1226 4302 1489 4370 scriptum
1520 4310 1626 4367 est,
1659 4297 1770 4353 Nec
1797 4299 1989 4370 fuerint
2019 4317 2137 4354 um-

524 4418 681 4475 quam
704 4416 796 4455 nec
825 4400 1007 4471 futura
1036 4397 1140 4452 sint
1161 4394 1292 4450 talia
1315 4393 1477 4464 (Dan.
1511 4409 1607 4460 xu,
1635 4393 1712 4465 1).
1742 4393 1852 4449 Sed
1881 4394 1996 4449 haec
2018 4393 2137 4450 ﬁeri

525 4495 776 4551 humana:
806 4492 930 4548 ﬁdei
978 4488 1243 4556 defectio,
1289 4498 1346 4543 et
1393 4495 1744 4558 peccatorum
1795 4487 2136 4542 immensitas

525 4591 985 4650 maturabitznec
1013 4584 1407 4656 suntqnasiex
1427 4583 1608 4654 aliqua
1660 4581 1988 4638 necessitate
2036 4583 2134 4638 de-

2248 3359 2463 3413 adm-ari
2495 3359 2755 3415 atrociter
2779 3375 3001 3430 cogens,
3029 3361 3172 3432 quod
3199 3377 3260 3418 se
3289 3363 3477 3419 odisse
3506 3366 3854 3424 simulaverat

2248 3451 2522 3507 subtiliter
2549 3466 2804 3523 reparare
2847 3452 3073 3508 nitetur.
3121 3455 3278 3524 Nam,
3309 3458 3458 3512 sicut
3482 3458 3621 3528 dixi,
3655 3462 3722 3516 ad
3765 3461 3854 3516 hu-

2244 3543 2486 3612 jus-modi
2513 3546 2723 3601 facinus
2743 3547 2958 3618 ignaros
2979 3549 3172 3618 signis,
3191 3552 3434 3620 praemiis
3457 3554 3847 3620 inconstantes,

2247 3648 2466 3692 sanctos
2496 3639 2778 3709 suppliciis
2805 3641 3110 3696 coarctabit
3137 3641 3390 3699 infausta:
3434 3647 3850 3704 abominationis

2255 3729 2520 3799 imagines
2549 3732 2840 3804 vultusque
2883 3734 3183 3790 mortiﬁcos
3238 3738 3475 3808 supplici
3535 3740 3851 3798 adoratione

2244 3823 2492 3878 venerari
2517 3838 2533 3889 ;
2559 3838 2824 3894 nusquam
2855 3841 3044 3881 secura
3075 3826 3402 3883 cedentibus
3423 3827 3578 3901 fuga,
3608 3833 3851 3904 nullaque

2245 3927 2303 3972 ut
2326 3917 2470 3973 celet
2507 3917 2563 3972 in
2612 3917 2816 3974 abditis
2845 3919 3077 3988 latebra,
3119 3934 3242 3975 cum
3274 3931 3329 3976 et
3357 3935 3389 3976 a
3421 3924 3698 3993 proximis
3739 3941 3852 3996 pro-

2245 4011 2444 4068 dantur
2467 4012 2721 4078 latentes,
2774 4021 2830 4067 et
2883 4011 3152 4083 fugientes
3197 4013 3376 4070 inedia
3426 4028 3843 4074 consumantur.

2243 4108 2326 4160 Ait
2360 4108 2507 4160 enim
2542 4107 2594 4161 in
2625 4106 2919 4178 Evangelia
2948 4107 3214 4162 Dominus
3239 4124 3364 4164 cum
3394 4108 3466 4166 de
3497 4112 3661 4168 malis
3708 4112 3847 4168 illius

2241 4201 2595 4272 loqueretur:
2624 4199 2696 4254 Et
2723 4201 2915 4266 tradet,
2940 4201 3134 4273 inquit,
3186 4201 3341 4257 homo
3373 4205 3678 4274 proximum
3706 4221 3847 4262 suum

2243 4295 2458 4370 (Matth.
2492 4312 2639 4359 xxiv,
2675 4295 2787 4367 l0).
2816 4296 3000 4365 Inopia
3014 4311 3146 4352 vero
3169 4297 3359 4354 ﬁdeles
3381 4302 3693 4369 necandos,
3712 4303 3848 4373 Apo-

2239 4390 2478 4462 calypsis
2506 4389 2588 4445 sic
2617 4389 2894 4445 declarat:
2917 4386 3102 4444 Faciet
3128 4406 3305 4446 onmes
3334 4393 3562 4463 pusillos
3578 4405 3628 4449 et
3641 4411 3844 4467 magnos

2239 4485 2422 4538 divites
2451 4493 2500 4538 et
2527 4499 2805 4554 pauperes,
2839 4483 3023 4537 liberos
3047 4492 3093 4537 et
3121 4500 3316 4552 servos,
3341 4482 3367 4521 ἀ
3389 4497 3446 4540 ut
3477 4489 3605 4542 dent
3634 4489 3735 4560 ipsi
3754 4489 3844 4544 sibi

2238 4578 2562 4632 characteres
2589 4578 2645 4631 in
2677 4593 2836 4631 manu
2865 4593 2963 4630 sua
2993 4577 3232 4643 dextera,
3263 4579 3345 4632 uel
3360 4580 3413 4632 in
3434 4581 3844 4652 frontibussuis;

521 4699 696 4750 creta,
723 4685 820 4742 sed
849 4700 912 4740 ex
943 4681 1289 4754 przescientia
1339 4690 1466 4734 sunt
1511 4677 1791 4749 prtcdicta,
1849 4676 2133 4748 Scriptura
2162 4682 2216 4744 1)
2242 4687 2293 4726 u'
2326 4689 2473 4727 nemo
2503 4673 2666 4742 possit
2696 4688 2861 4727 emere
2887 4679 2977 4726 aut
3006 4669 3248 4738 uendere,
3279 4673 3384 4726 nisi
3411 4675 3506 4744 qui
3530 4675 3844 4731 habeatclta-

527 4781 599 4838 de
628 4777 968 4838 Amorrhaais
999 4774 1263 4846 prodeunte
1297 4790 1309 4827 :
1358 4772 1632 4838 Nondum,
1684 4772 1878 4840 inquit,
1927 4772 2137 4844 impleta

527 4881 650 4928 sunt
672 4883 881 4940 peccata
909 4866 1333 4923 Amorrhazorum
1355 4863 1511 4940 (Gen.
1546 4881 1641 4931 xv,
1666 4865 1781 4933 16).
1818 4865 2010 4921 Daniel
2046 4880 2138 4935 pe-

529 4966 686 5035 rinde
741 4965 869 5036 quia
900 4945 1224 5018 delictorum
1250 4959 1497 5031 expletio
1526 4960 1596 5014 sit
1626 4959 1828 5024 futura,
1881 4975 2138 5016 consum-

530 5061 826 5118 mationem
892 5057 1088 5111 astruit
1119 5063 1456 5111 secuturam.
1501 5052 1656 5110 Unde
1681 5063 1736 5109 et
1761 5055 2026 5111 Dominus
2077 5056 2130 5113 in

528 5152 823 5225 Evangelio
851 5150 921 5205 de
943 5148 1210 5203 abusione
1233 5149 1452 5202 humani
1495 5148 1712 5217 generis
1759 5163 2124 5219 conquerens,

537 5249 646 5304 ait:
671 5244 803 5302 Cum
831 5243 1030 5299 venerit
1056 5238 1106 5295 F
1108 5241 1232 5296 ilius
1259 5240 1508 5306 hominis,
1529 5252 1682 5314 putas
1709 5243 1930 5297 inveniet
1973 5243 2133 5313 ﬁdem

527 5355 682 5410 super
710 5347 902 5392 terram
925 5333 1081 5408 (Luc.
1116 5346 1270 5402 xvm,
1303 5329 1402 5403 8)?
1431 5330 1726 5403 Apostolus
1742 5334 1905 5388 etiam
1936 5333 2132 5389 horum

598 5550 619 5572 ⁸
660 5552 924 5609 Acherius
947 5555 1134 5606 monet
1158 5563 1230 5620 se
1249 5548 1300 5603 in
1327 5545 1519 5604 codice
1544 5550 1817 5620 reperisse
1846 5563 2121 5608 cantorum

524 5623 701 5693 ofﬁciis
725 5641 744 5679 :
777 5626 902 5680 item
926 5619 1254 5678 substantiali
1283 5629 1427 5686 actu,
1463 5621 1553 5674 ubi
1582 5619 1648 5677 ex
1676 5623 1800 5679 aliis
1841 5626 2123 5681 codicibus

526 5693 696 5749 edidit
717 5698 810 5750 sub
837 5694 932 5748 tali
975 5705 1114 5748 actu.

598 5763 626 5802 δ
665 5766 808 5840 Quin
836 5767 909 5840 ita
939 5764 1225 5840 legendum
1255 5765 1326 5823 sit
1356 5764 1560 5821 nemini
1611 5765 1837 5840 dubium
1880 5783 2003 5826 esse
2023 5783 2125 5840 po-

520 5842 631 5891 test
655 5853 677 5904 :r
702 5835 849 5904 prius
886 5835 1168 5904 legebatur
1195 5838 1250 5890 in
1281 5839 1740 5893 consummationis
1800 5856 1944 5894 narr.

602 5916 626 5944 θ
666 5903 722 5961 In
751 5903 1148 5977 editis,’possit,
1181 5908 1347 5966 male.
1397 5907 1564 5978 Infra,
1591 5910 1681 5968 ubi
1709 5909 1879 5968 Deum
1906 5929 1961 5968 se
2005 5911 2120 5983 qui-

2237 4775 2486 4820 racterem
2514 4765 2591 4820 vel
2643 4781 2826 4819 nomen
2870 4764 3040 4820 bestia:
3069 4764 3255 4836 (Apoc.
3288 4781 3385 4832 xn,
3425 4767 3511 4834 t6,
3542 4769 3656 4842 i7).
3681 4770 3843 4839 Quem

2243 4861 2427 4916 Daniel
2460 4860 2542 4914 liis
2563 4859 2908 4915 sermonibus
2939 4861 3177 4915 futurum
3238 4861 3499 4929 praedixit
3533 4881 3547 4917 :
3595 4863 3846 4936 Exsurget

2238 4972 2330 5009 rea:
2358 4953 2620 5022 improbus
2649 4955 2804 5026 facie,
2835 4954 3126 5026 intelligens
3154 4957 3566 5027 propositionem
3589 4969 3676 5024 ;et
3702 4961 3846 5030 [ortis

2239 5050 2401 5103 virtus
2423 5050 2567 5119 ejus;
2593 5047 2853 5102 mirabilia
2881 5058 3171 5120 corrumpet
3199 5057 3248 5101 et
3277 5050 3491 5121 diriget,
3525 5063 3574 5107 et
3608 5054 3846 5108 extermi-

2209 5143 2377 5198 -nabit
2407 5147 2590 5215 fortes,
2620 5153 2670 5197 et
2700 5142 2949 5212 populum
2978 5153 3212 5196 sanctum
3246 5157 3264 5195 :
3295 5143 3451 5199 dotus
3480 5147 3535 5200 in
3567 5150 3846 5220 nurnuejus

2237 5249 2285 5294 et
2315 5241 2368 5293 in
2397 5238 2554 5293 corde
2574 5254 2668 5292 suo
2693 5237 3134 5309 magni/imbitur,
3166 5245 3213 5290 et
3243 5237 3577 5294 abundantia
3604 5259 3843 5297 corrum-

2243 5342 2323 5403 pet
2348 5332 2539 5386 multos
2561 5339 2608 5387 et
2625 5331 2695 5386 ad
2722 5330 2988 5386 interitum
3017 5329 3300 5385 multorum
3327 5333 3508 5390 stabit.
3534 5335 3604 5390 Et
3627 5336 3842 5393 iterum:

2231 5553 2369 5617 dem,
2407 5551 2689 5622 legebatur
2720 5549 2885 5606 Deum
2913 5565 3022 5623 esse
3043 5548 3271 5621 quidem:
3303 5560 3358 5608 et
3392 5555 3710 5623 perditionis
3739 5571 3845 5614 sui:

2231 5625 2328 5696 ubi
2345 5625 2616 5679 edidimus
2646 5622 2926 5696 perditioni
2952 5637 3078 5696 sure.

2305 5694 2333 5732 (ί
2375 5697 2430 5750 In
2461 5693 2655 5752 codice
2691 5695 2876 5759 Viud.,
2905 5702 2963 5747 ut
3007 5693 3090 5747 det
3129 5696 3488 5767 unusquisque
3533 5700 3656 5756 sibi.
3689 5700 3841 5758 Haud

2235 5769 2396 5836 longe
2422 5783 2643 5841 quem...
2678 5769 2933 5841 futurum,
2961 5767 3038 5841 sic
3067 5767 3241 5841 codex
3271 5765 3453 5841 nam
3489 5773 3646 5841 prior
3673 5774 3839 5830 editio

2235 5837 2484 5911 quam....
2530 5837 2782 5909 futuram.
2814 5837 2958 5911 Infra
2983 5837 3034 5911 i_n
3060 5837 3250 5893 codice
3291 5837 3565 5909 Vind.,'et
3589 5845 3842 5900 mirabilis

2228 5909 2519 5982 corrumpet
2547 5911 2764 5976 multos,
2814 5917 2862 5964 et
2905 5909 3110 5980 diriget.
