4060 6344
246 292 373 351 “6|

1474 292 2105 356 CONSIILTATIONUM
2142 299 2273 356 LIB.
2313 301 2404 358 III.

3401 308 3426 364 1
3440 309 3540 366 1'62

244 410 539 466 Extolletur
560 425 651 466 rex
678 411 926 468 adversus
971 427 1175 468 omnem
1228 414 1433 486 fortem,
1466 423 1514 468 et
1538 413 1844 484 magniﬁca—
1868 407 1925 470 A
1948 426 2059 477 xxi,
2085 413 2173 479 10,
2212 411 2594 483 ll).Percnrre
2624 427 2766 467 nunc
2791 412 3190 488 singula,atque
3210 430 3276 473 ex
3306 415 3390 475 his
3417 434 3539 492 quas

246 500 385 557 bitur
412 520 568 575 super
615 520 816 560 omnem
860 506 1013 561 deum
1047 525 1059 561 :
1091 515 1138 561 et
1163 507 1395 577 loquetur
1421 506 1659 580 superba,
1690 515 1737 562 et
1767 506 1845 560 di-

244 594 376 666 riget
429 596 770 669 quoadusque
826 598 1129 671 perﬁciatur
1162 602 1243 653 ira
1273 615 1292 653 :
1322 600 1375 653 in
1407 600 1848 655 consummatione

247 696 275 729 λ
302 691 441 744 enim
468 692 577 760 ﬁet,
607 702 655 747 et
679 709 881 749 omnem
905 696 1057 750 deum
1086 704 1291 768 patrum
1322 712 1534 751 suorum
1562 713 1666 751 non
1695 695 1847 751 intel-

244 783 369 856 liget
399 803 412 841 :
445 793 493 840 et
520 786 573 842 in
598 788 931 860 cupiditatem
975 792 1252 847 mulierum
1279 808 1384 846 non
1412 792 1502 846 ibit
1553 792 1573 866 (
1598 791 1735 847 Dan.
1769 807 1844 861 xu,

244 877 338 948 se,
367 877 485 952 57).

315 971 505 1042 Itaque
530 973 788 1046 intelligis
810 977 1131 1033 exsecrandi
1181 978 1445 1049 temporis
1505 993 1689 1049 regem
1736 991 1849 1048 prie

246 1064 500 1122 omnibus
545 1068 953 1136 :estimandum,
1008 1069 1235 1140 quieos
1286 1085 1424 1140 quos
1476 1070 1734 1126 violentia
1785 1083 1851 1125 ac

244 1154 437 1213 fraude
465 1158 769 1231 nequiverit
797 1176 1177 1232 corrumpere,
1211 1162 1415 1219 nitetur
1445 1162 1701 1218 illecebra
1732 1177 1851 1217 car-

246 1262 401 1320 pere,
433 1267 533 1307 ncc
555 1252 607 1307 in
633 1251 764 1309 deos
799 1265 1005 1324 patrum
1036 1270 1284 1323 suorum,
1332 1257 1383 1311 id
1414 1264 1500 1311 est
1538 1257 1846 1327 gentilium,

246 1340 580 1414 intelligens,
637 1345 863 1401 feralem
898 1346 953 1402 in
985 1364 1221 1417 corpore
1265 1358 1523 1404 enervato
1569 1347 1723 1418 quasi
1755 1363 1852 1417 pu-

247 1451 341 1492 rus
370 1438 668 1508 prmferens
696 1441 1028 1509 castitatem,
1079 1451 1328 1497 sanctum
1368 1443 1658 1513 pupulum,
1691 1440 1741 1496 id
1771 1449 1858 1515 est

248 1531 606 1587 christianum
633 1532 840 1589 crudeli
862 1533 1240 1591 internecione
1280 1534 1536 1589 vastabit.
1565 1533 1672 1591 Sed
1713 1535 1855 1589 hunc

249 1624 443 1678 mundi
472 1624 678 1680 luctum
733 1626 1256 1698 tribulationcmque
1293 1627 1562 1697 justorum
1601 1626 1698 1682 irae
1744 1641 1855 1681 co:-

251 1714 402 1772 Iestis
431 1716 684 1787 stigmata
714 1717 1142 1789 subsequentur,
1176 1728 1232 1774 et
1275 1734 1457 1775 rerum
1488 1719 1729 1775 omnium
1786 1718 1852 1773 fi—

1947 514 2203 575 gerentur
2229 513 2322 559 ant
2348 512 2499 574 gesta
2530 511 2656 559 sunt
2684 503 2810 575 quid
2838 505 3075 576 supersit
3104 507 3344 580 intellige
3369 526 3382 564 :
3406 525 3537 581 pro-

1949 598 2087 655 fecto
2100 597 2154 654 id
2172 606 2378 654 tantum
2396 596 2424 636 δ
2440 597 2630 654 deesse
2650 598 3115 671 perspicies,quod
3131 602 3439 658 novissimis
3450 614 3545 659 aut

1944 689 2055 763 jam
2083 690 2286 746 ascribi
2314 691 2488 761 possit
2518 700 2613 746 aut
2633 690 2811 763 jungi.
2845 690 2978 757 Quis
3003 692 3147 749 enim
3190 703 3352 751 natus
3384 698 3542 767 quie-

1949 792 2059 840 tem
2102 784 2291 855 patrire
2331 784 2622 857 possidens
2650 784 2815 840 vivit?
2846 784 2979 854 Quis
3006 787 3151 843 intra
3181 790 3425 859 genitale
3449 806 3542 846 so—

1952 876 2062 932 lum
2094 877 2329 949 populus
2367 878 2543 934 labori
2575 877 2870 936 exhibetur
2900 891 3150 949 assueto,
3183 892 3280 938 aut
3303 884 3372 938 ab
3399 884 3541 942 infeo

1950 971 2123 1026 rendo
2162 971 2622 1042 suscipiendoque
2647 970 2987 1038 discrimine,
3014 973 3103 1029 vel
3132 976 3371 1044 propriae
3397 975 3538 1033 salu-

1953 1066 2023 1116 tis
2066 1063 2265 1119 intuitu
2287 1106 2302 1132 ,
2342 1064 2430 1120 vel
2477 1063 2781 1120 domestico
2812 1064 3080 1123 retinetur
3112 1065 3349 1123 affectu?
3380 1069 3543 1126 Ardet

1952 1154 2193 1212 bellandi
2254 1157 2451 1227 impius
2494 1159 2668 1228 furor,
2703 1169 2972 1231 atroxque
3003 1160 3217 1215 insania
3251 1161 3419 1218 artnis
3451 1162 3540 1219 de-

1954 1248 2184 1304 lectatur
2212 1260 2267 1305 et
2293 1263 2481 1321 rapto:
2516 1253 2642 1310 hinc
2668 1254 2854 1311 fauces
2878 1255 3095 1312 hiantes
3126 1258 3367 1313 avaritiae
3390 1273 3552 1314 cruor

1955 1341 2164 1411 pascit,
2201 1352 2256 1398 et
2286 1358 2409 1399 cum
2442 1360 2582 1413 pene
2612 1347 2831 1417 injectis
2877 1350 3147 1405 mortibus
3186 1361 3377 1406 cuncta
3421 1367 3546 1407 suc-

1954 1433 2225 1504 cenderit,
2278 1436 2542 1506 reliquias
2592 1445 2775 1495 tamen
2830 1440 3027 1496 sitiens
3071 1453 3167 1496 aut
3215 1444 3410 1498 sternit
3458 1453 3554 1500 aut

1954 1528 2172 1598 Spoliat.
2202 1528 2321 1584 Non
2353 1530 2579 1588 dilectio
2623 1534 2900 1601 proximos
2922 1575 2936 1601 ,
2974 1551 3082 1592 non
3110 1536 3321 1605 justitia
3364 1547 3551 1594 servat

1956 1627 2286 1677 extraneos:
2318 1638 2544 1694 gemens
2568 1627 2777 1683 interea
2810 1629 2988 1697 pietas
3017 1631 3265 1696 exsulat,
3298 1641 3460 1702 atque
3477 1631 3547 1685 ab

1959 1714 2212 1771 humanis
2238 1719 2513 1774 mentibus
2540 1720 2691 1789 pulsa
2714 1763 2729 1786 ,
2759 1722 2989 1793 vestigia
3022 1739 3147 1792 qua:
3170 1724 3376 1793 pridem
3422 1728 3548 1782 reli-

249 1822 399 1873 nem,
428 1810 745 1879 priusquam
774 1803 985 1864 Domini
1016 1810 1134 1865 dies
1164 1826 1393 1882 magnus
1420 1811 1694 1879 adveniat,
1743 1826 1856 1865 ma-
1883 1807 1934 1869 B
1960 1816 2148 1877 querat
2168 1849 2183 1873 ν
2215 1807 2432 1865 “ferre
2462 1811 2837 1881 compcllilur-
2873 1812 3076 1882 Regius
3118 1816 3342 1885 insuper
3384 1832 3551 1887 regna

251 1900 431 1958 lorum
462 1901 815 1957 ineﬂ‘abilium
847 1901 1008 1957 dolor
1030 1904 1323 1973 praecedet,
1374 1903 1501 1957 dum
1553 1910 1680 1958 ante
1727 1902 1858 1958 ulti-

250 2009 398 2051 mam
430 1996 615 2051 mundi
658 1996 984 2051 solutionem
1046 1997 1266 2052 humani
1320 1999 1540 2068 generis
1587 1998 1853 2068 reliquiis,

251 2090 426 2145 autin
454 2090 753 2161 sacrilegiis
780 2099 1041 2161 perpetuo
1100 2092 1436 2161 pereundum
1488 2092 1580 2155 sit,
1641 2100 1738 2147 aut
1787 2091 1858 2147 ob

247 2186 534 2258 sacrilegia
568 2187 621 2242 in
654 2188 861 2243 saeculo
892 2203 1003 2243 non
1034 2189 1352 2247 vivendum.

836 2280 1064 2339 CAPUT
1118 2283 1259 2339 VIII.

347 2372 570 2440 Quando
604 2373 792 2439 veniet,
826 2373 905 2428 vel
924 2391 1040 2444 qua:
1064 2374 1420 2447 longinquitas
1451 2377 1596 2446 regni
1628 2380 1763 2448 ejus.

323 2465 528 2520 Apum.
553 2494 625 2505 —
654 2464 920 2520 Futurum
968 2481 1100 2523 vere
1134 2466 1538 2523 Antichristum
1562 2510 1576 2533 ,
1599 2478 1764 2539 atque
1804 2469 1857 2523 in

249 2557 403 2613 orbis
432 2556 707 2613 excidium
739 2558 1028 2629 legemque
1059 2558 1392 2616 catholicam
1425 2561 1741 2617 saeviturum
1774 2561 1861 2617 ni-

250 2646 367 2705 mis
409 2650 696 2720 perspicue
738 2650 998 2722 clareque
1042 2651 1321 2719 docuisti;
1369 2654 1468 2708 sed
1501 2653 1721 2725 quando
1765 2654 1863 2710 ad-

247 2751 562 2808 venturos,
620 2752 827 2813 quanto
866 2753 1117 2813 tempore
1163 2745 1236 2799 sit
1285 2745 1541 2813 futurus,
1594 2747 1864 2817 expositio

252 2843 432 2907 empta
473 2852 579 2891 non
612 2838 910 2908 contingit:
944 2837 1134 2893 sedula
1167 2839 1354 2910 itaque
1393 2850 1576 2896 mente
1609 2855 1864 2911 percurre

254 2946 382 3004 qua:
403 2943 724 3004 regnantem
749 2933 1013 2989 clausura
1039 2935 1151 2989 sint
1180 2942 1449 3005 tempora,
1473 2950 1601 3006 qua:
1624 2949 1865 3005 praecur-

252 3034 381 3082 rant
412 3026 615 3081 indicia
650 3028 998 3092 venientem;
1028 3028 1286 3098 quoniam
1324 3029 1369 3083 si
1403 3029 1457 3082 in
1503 3037 1655 3084 tanta
1682 3031 1868 3101 signo-

254 3134 403 3183 rum,
433 3119 696 3189 regnique
729 3120 938 3175 virtute
964 3120 1233 3187 spiritalis
1263 3120 1523 3191 nequitia:
1544 3123 1749 3178 exserit
1772 3138 1867 3179 vo-

1960 1898 2262 1969 c0nlligunt
2288 1943 2303 1965 ,
2347 1912 2399 1957 et
2440 1901 2861 1973 insuSpicabiles
2893 1907 3127 1978 sceptris
3155 1907 3425 1978 iustarum
3464 1924 3554 1965 sc-

1960 1992 2110 2047 dium
2140 1993 2415 2064 Augustos
2446 1995 2751 2065 depellunt.
2775 1996 2931 2053 Adde
2964 2000 3334 2067 prodigiorum
3367 2000 3555 2057 ineffa-

1962 2082 2099 2139 biles
2126 2086 2334 2153 minas,
2366 2096 2421 2141 et
2454 2095 2613 2142 terra:
2644 2087 3016 2144 creberrimos
3044 2100 3259 2157 motus,
3290 2092 3557 2161 pluraque

1961 2183 2103 2238 coelo
2154 2183 2309 2255 signa
2365 2184 2603 2240 fulsisse.
2653 2184 2795 2253 Quid
2836 2185 3036 2242 inedia:
3079 2188 3326 2243 funestos
3381 2192 3560 2245 exitus

1962 2275 2175 2346 loquar,
2205 2284 2263 2331 et
2289 2275 2529 2331 infandis
2569 2277 2938 2332 humanorum
2969 2295 3259 2350 corporum
3291 2281 3429 2337 cibis
3463 2284 3562 2338 im-

1962 2371 2143 2440 pletas
2170 2369 2540 2425 deficientium
2572 2369 2902 2427 aviditatcs?
2919 2372 3121 2427 Horret
3141 2373 3358 2429 animus
3377 2374 3565 2431 dicere

1962 2463 2274 2534 parricidiis
2305 2464 2500 2521 famem
2526 2475 2759 2535 pastam,
2788 2475 2844 2521 et
2871 2467 3130 2537 reliquias
3161 2482 3455 2537 curpormn
3481 2471 3565 2526 «Ii-

1962 2554 2255 2622 lectorum,
2288 2564 2346 2610 ut
2366 2557 2565 2612 saevius
2584 2572 2749 2629 quam
2770 2558 3021 2614 vixerant
3043 2559 3355 2629 interirent,
3384 2563 3562 2620 visce-

1963 2647 2115 2703 ribus
2145 2662 2369 2703 suorum
2401 2649 2666 2719 sepultas.

2037 2740 2296 2811 Estima,
2345 2757 2551 2813 quzeso,
2596 2754 2775 2800 utrum
2825 2743 2931 2799 hoc
2978 2744 3124 2800 ferre
3170 2743 3263 2801 diu
3296 2748 3558 2803 saeculum

1965 2835 2156 2906 possit,
2177 2835 2322 2905 quod
2344 2836 2522 2906 eloqui
2551 2839 2820 2893 humanus
2841 2852 3021 2894 sermo
3036 2840 3122 2893 vix
3137 2839 3320 2895 audet.
3336 2838 3561 2897 Utrum-

1966 2944 2034 2984 ne
2061 2928 2178 2984 htec
2198 2928 2417 2985 diabolo
2444 2931 2648 2985 otiante
2681 2931 2760 2986 sic
2784 2932 3036 2997 saeviant;
3060 2947 3182 3002 qua:
3204 2933 3329 2988 licet
3359 2936 3558 2990 merito

1966 3021 2172 3076 nostris
2196 3020 2304 3076 sint
2332 3021 2636 3091 reputanda
2674 3026 2934 3093 peccatis,
2963 3024 3108 3079 illius
3139 3035 3317 3079 tamen
3354 3036 3375 3065 ο
3397 3042 3565 3098 opere

1969 3122 2113 3170 tecto
2146 3116 2610 3187 peraguntur;qui
2643 3130 2827 3170 coram
2857 3117 3117 3172 continuo
3148 3132 3567 3188 congressurus,

255 3208 555 3277 luntatem,
590 3211 760 3266 nullis
788 3219 979 3267 contra
1003 3220 1095 3266 aut
1138 3211 1502 3269 destruendus
1523 3214 1720 3281 rebus,
1768 3224 1864 3272 aut
1888 3193 1934 3257 (ἶ
1969 3211 2039 3263 ita
2072 3224 2456 3278 supremorum
2492 3217 2717 3280 urgetur
2741 3208 3031 3278 angustiis,
3064 3219 3125 3264 ut
3165 3211 3307 3280 quod
3334 3212 3567 3282 implen-

257 3302 564 3374 signantius
598 3302 1001 3375 divulgandus;
1043 3304 1428 3375 dignoscendae
1456 3348 1471 3374 ,
1510 3318 1567 3361 ut
1594 3308 1858 3375 arbitror,

260 3395 520 3451 falsitatis
550 3411 652 3452 nec
682 3396 822 3466 ipsis
846 3397 1004 3466 copia
1035 3396 1287 3454 ﬁdelibus
1315 3400 1451 3468 erit,
1479 3400 1740 3481 nullague
1762 3399 1865 3455 du-

260 3486 380 3543 bios
430 3488 801 3544 remediorum
852 3502 1054 3559 genera
1101 3491 1427 3557 salvabunt;
1469 3492 1513 3545 si
1561 3492 1866 3562 compulsio

261 3583 765 3652 transgressionum
795 3582 1088 3639 atrocitate
1117 3595 1169 3638 et
1205 3586 1512 3656 pbantasiis
1546 3587 1701 3658 plena
1735 3629 1750 3654 ,
1795 3587 1867 3643 sit

263 3676 501 3731 obscura
543 3675 794 3731 notione.
842 3674 995 3732 Unde
1039 3675 1180 3733 hanc
1219 3694 1436 3749 queque
1483 3681 1865 3753 ambiguorum

261 3779 477 3839 partem
505 3768 708 3823 divinae
746 3768 1093 3824 auctoritatis
1132 3770 1375 3828 editione
1407 3772 1722 3844 distingue;
1761 3782 1862 3843 ut,

264 3863 471 3919 evulsis
503 3862 767 3916 radicitus
796 3860 1106 3932 fraudibus,
1138 3874 1195 3919 et
1222 3866 1564 3922 instruantur
1591 3866 1781 3933 dubii,
1814 3874 1871 3923 et

264 3955 658 4012 conﬁrmentur
689 3952 915 4020 infirmi,
948 3955 1079 4010 dum
1107 3966 1165 4012 et
1192 3958 1414 4015 falsoris
1455 3961 1758 4031 prodentur
1787 3963 1870 4018 in-

266 4047 445 4114 sidias,
478 4057 534 4103 et
560 4046 836 4102 brevitate
859 4048 1123 4117 temporis
1147 4048 1292 4106 forte
1320 4053 1713 4126 constringitur
1735 4055 1873 4110 insa-

262 4141 354 4198 nia
384 4139 745 4197 bacchatoris.

339 4235 544 4291 Zaccu.
572 4265 644 4276 —
670 4235 954 4294 Manifeste
984 4234 1205 4306 quidem
1231 4236 1611 4294 Antichristus
1647 4239 1870 4308 veniet,

271 4329 367 4387 sed
404 4330 693 4388 confestim
730 4344 1019 4389 secuturus
1054 4339 1141 4387 est
1170 4331 1451 4399 Christus;
1485 4340 1541 4388 et
1574 4334 1703 4389 licet
1728 4333 1872 4390 diem

271 4423 359 4478 vel
394 4422 583 4478 horam
629 4423 892 4480 adventus
934 4424 1050 4490 sui,
1098 4431 1157 4477 ut
1202 4424 1320 4494 ipse
1356 4425 1435 4478 ait
1465 4422 1683 4495 (Matth.
1712 4441 1870 4492 xxrv,

273 4516 380 4588 56)
407 4559 422 4583 ,
453 4534 552 4575 nec
576 4519 756 4590 angeli
774 4519 987 4583 sciant;
1011 4516 1159 4589 quod
1180 4520 1379 4573 secreti
1404 4519 1567 4574 istius
1595 4521 1874 4577 notionem

1965 3300 2093 3357 dum
2120 3302 2417 3372 Evangelia
2453 3301 2848 3371 pr:cdixerunt,
2878 3316 3042 3371 agere
3070 3302 3220 3358 orbis
3248 3302 3564 3361 desertione

1962 3395 2072 3464 jam
2086 3397 2322 3466 eruperit
2346 3413 2358 3448 :
2385 3395 2500 3450 haec
2524 3396 2670 3452 enim
2693 3394 2780 3450 his
2803 3411 2924 3465 qua:
2936 3411 3079 3451 nunc
3093 3409 3391 3453 memorata
3418 3411 3566 3467 sunt,

1967 3488 2235 3544 Dominus
2276 3487 2480 3557 adjecit
2512 3504 2525 3541 :
2573 3486 2704 3542 Cum
2742 3488 2975 3543 videritis
3004 3488 3445 3546 abominationem
3476 3493 3568 3547 de-

1967 3580 2236 3635 solationis
2280 3590 2422 3635 stare
2459 3580 2513 3633 in
2541 3580 2654 3633 loco
2700 3588 2879 3634 saneto
2920 3596 2941 3634 :
2994 3582 3085 3652 qui
3131 3580 3256 3653 legit
3309 3583 3566 3656 intelligat

1970 3673 2189 3746 (Matth.
2219 3690 2366 3739 xxw,
2402 3674 2491 3745 15)
2526 3680 2539 3726 ὲ
2575 3674 2629 3728 id
2653 3682 2757 3740 est,
2787 3689 2908 3729 cum
2932 3676 3024 3729 lict
3053 3676 3298 3732 omnium
3329 3679 3570 3734 solitudo

1970 3773 2278 3834 terrarum,
2312 3765 2599 3837 sacrisque
2627 3767 2892 3823 altaribus
2922 3768 3347 3824 exsecrabilium
3382 3771 3572 3843 imagi-

1972 3876 2100 3915 num
2146 3860 2481 3916 abominatio
2523 3871 2893 3930 prmponetnr,
2942 3872 2989 3915 et
3038 3863 3372 3934 praedicatum
3418 3867 3574 3937 fuerit
3636 3848 3642 3861 ’

1971 3952 2068 4007 hoc
2097 3951 2424 4026 evangelium
2448 3953 2502 4006 in
2525 3961 2634 4007 toto
2650 3954 2796 4019 orbe,
2814 3963 2935 4008 tunc
2960 3955 3057 4008 erit
3082 3955 3204 4023 ﬁnis
3222 3954 3387 4025 (Ibid.
3411 3998 3426 4024 ,
3453 3958 3566 4029 M).

1972 4045 2107 4115 Qua:
2156 4061 2306 4101 nunc
2344 4045 2509 4116 igitur
2538 4046 2721 4114 portio
2746 4046 3122 4116 habitatioque
3152 4056 3421 4102 terrarum
3453 4058 3539 4104 est
3560 4092 3573 4111 ,

1973 4154 2094 4210 qua:
2134 4153 2337 4194 nomen
2368 4148 2577 4192 nostra:
2606 4137 2888 4207 religionis
2935 4138 3148 4209 ignoret
3184 4182 3197 4206 ,
3256 4140 3423 4194 immo
3453 4156 3575 4211 qua:

1976 4231 2139 4287 nobis
2161 4246 2227 4287 ex
2249 4245 2311 4288 se
2338 4229 2681 4287 credentium
2705 4231 2948 4286 membra
2979 4246 3088 4288 non
3120 4232 3377 4288 miserit?
3412 4233 3566 4291 Unde

1976 4323 2253 4396 Evangelii
2298 4323 2618 4393 praedicatio
2649 4322 3045 4394 propemodum
3088 4324 3201 4394 jam
3230 4325 3455 4395 impleta
3488 4328 3570 4382 in-

1976 4417 2245 4491 telligitur
2272 4436 2284 4472 :
2320 4420 2373 4473 in
2407 4417 2583 4474 Helias
2616 4427 2795 4475 tamen
2818 4419 2910 4489 qui
2938 4416 2964 4455 ἀ
2996 4434 3144 4475 nunc
3170 4431 3431 4476 venturus
3449 4432 3565 4490 est,

1979 4532 2238 4575 sermone
2282 4517 2680 4585 complebitnr;
2733 4518 2906 4574 tribus
2936 4518 3081 4573 enim
3127 4526 3182 4573 et
3225 4520 3371 4574 senis
3414 4521 3572 4574 annis

276 4612 332 4667 in
361 4626 512 4667 suam
565 4613 724 4669 Pater
754 4613 1032 4683 redegerit
1062 4619 1428 4683 potestatem;
1464 4612 1734 4668 evidentia
1787 4622 1871 4669 ta-
1903 4592 1956 4653 D
1986 4612 2221 4682 primum
2270 4609 2671 4667 Antichristum
2696 4654 2709 4677 ,
2766 4610 2969 4667 deinde
3033 4610 3315 4666 Christum
3385 4612 3581 4667 adesse

274 4720 400 4761 men
429 4706 623 4760 eodem
653 4721 777 4761 mox
800 4705 1039 4761 docente
1063 4706 1216 4776 signa
1244 4704 1531 4777 praemissa
1557 4712 1706 4772 sunt,
1748 4706 1874 4776 qui-

275 4799 384 4855 bus
432 4813 701 4869 perpensa
751 4798 1008 4868 praesenti
1059 4799 1322 4868 temporis
1367 4797 1630 4868 qualitate
1685 4797 1877 4853 adesse

278 4894 565 4949 confestim
592 4909 844 4964 suprema
870 4894 1264 4963 dignoscimus.
1299 4892 1389 4949 Sic
1421 4895 1566 4949 enim
1596 4893 1669 4948 ait
1703 4909 1716 4946 :
1749 4891 1879 4947 Cum

277 4988 506 5042 videritis
538 4989 688 5059 signa
722 4988 775 5041 in
801 4987 940 5042 caelis
962 5031 977 5052 ,
1020 4997 1066 5042 et
1097 4988 1339 5063 prodigia
1364 4988 1419 5041 in
1458 4988 1641 5052 terris,
1676 4997 1880 5058 gentem

279 5098 436 5152 super
447 5086 666 5152 gentem,
690 5099 905 5154 regnum
926 5100 1078 5155 super
1097 5100 1333 5158 regnum,
1357 5084 1542 5161 prazlia
1555 5084 1881 5150 etapiniones

282 5176 604 5249 prwliorum.
630 5178 817 5249 [ament
836 5186 882 5231 cl
916 5187 1068 5232 terra:
1089 5189 1255 5233 motus
1286 5195 1378 5250 per
1408 5178 1556 5246 loca;
1582 5186 1708 5233 tunc
1738 5186 1884 5233 erunt

283 5270 437 5324 initia
483 5269 755 5333 dolorum,
784 5269 875 5324 sed
918 5268 1150 5325 nondum
1181 5271 1302 5340 ﬁnis
1333 5269 1520 5342 (Ibid.,
1557 5270 1611 5339 6,
1648 5272 1709 5336 8;
1750 5270 1879 5328 Luc.

358 5419 385 5448 λ
416 5408 600 5465 Codex
651 5408 842 5475 Vind,
901 5410 1039 5464 enim
1069 5409 1248 5478 ﬁnem,
1283 5418 1328 5462 et
1352 5408 1405 5461 in
1436 5424 1657 5463 omnem.
1716 5410 1882 5479 Infra,

286 5483 436 5551 quasi
491 5497 651 5553 purus
680 5480 1080 5553 prazferensﬁn
1110 5479 1292 5546 editis,
1353 5483 1638 5551 praeferret,
1697 5486 1889 5551 procul

288 5553 457 5607 dubio
510 5552 674 5608 male.

360 5623 389 5662 ι’
419 5623 588 5677 Immo
619 5623 802 5676 adesse
827 5664 841 5688 ,
876 5621 963 5678 vel
1012 5639 1140 5677 esse.
1180 5622 1337 5677 llaud
1378 5621 1539 5690 longe
1572 5622 1663 5677 ubi
1695 5623 1893 5690 legitur

292 5704 478 5748 cuncta
530 5694 816 5748 succederit
844 5736 858 5759 ,
892 5695 1065 5749 codex
1096 5693 1155 5749 S.
1202 5694 1337 5747 Arn.
1381 5693 1547 5749 habet
1585 5693 1887 5752 succiderit.

292 5764 486 5821 Statim
517 5780 548 5821 e
569 5763 728 5837 codd.
768 5764 893 5820 Vin.
927 5772 986 5820 et
1018 5764 1174 5837 Lem.
1213 5765 1538 5836 scripsimus
1565 5782 1772 5837 gemens
1802 5770 1892 5822 in—

294 5844 458 5903 terea,
506 5852 630 5894 cum
674 5836 725 5891 in
777 5836 956 5904 priore
1000 5836 1245 5893 editione
1276 5836 1797 5910 legeretur’gemens
1835 5840 1891 5893 in

730 5931 1007 5990 ΡΑτιιοι..
1059 5929 1207 5991 XX.

1988 4718 2012 4746 ο
2039 4708 2291 4778 praedixit
2326 4724 2340 4761 :
2373 4706 2465 4777 qui
2496 4706 2798 4777 quamlibet
2829 4705 2946 4776 pari
2977 4713 3225 4776 tempore
3255 4715 3583 4775 regnaturus

1983 4816 2083 4872 per
2110 4800 2478 4873 Apocalypsin
2518 4799 2857 4870 designetur,
2886 4799 3216 4855 breviandos
3244 4808 3424 4855 tamen
3458 4803 3581 4870 ejus

1983 4893 2101 4949 dies
2134 4895 2185 4948 in
2220 4892 2512 4963 Evangelia
2543 4892 2793 4948 Salvator
2815 4892 3088 4956 insinuat,
3124 4907 3192 4948 ne
3221 4894 3584 4950 intolerabili-

1984 4985 2088 5041 bus
2128 4987 2286 5042 malis
2316 5002 2412 5055 per
2440 4984 2854 5040 diuturnitatem
2884 4999 3014 5041 caro
3043 4984 3187 5040 victa
3215 4985 3536 5041 succumbat
3566 5003 3578 5038 :

1988 5082 2066 5137 sic
2097 5081 2244 5136 enim
2273 5079 2352 5134 ait
2396 5097 2409 5132 :
2467 5078 2535 5133 Et
2564 5080 2665 5133 nisi
2694 5079 2911 5132 breviati
2935 5081 3155 5149 fuissent
3183 5079 3290 5133 dies
3314 5076 3395 5131 illi
3418 5119 3430 5142 ,
3479 5095 3579 5133 non

1987 5182 2112 5228 esset
2143 5171 2289 5227 salva
2316 5172 2483 5226 omnis
2511 5186 2631 5225 caro
2674 5168 2865 5243 (Ibid.,
2893 5170 3007 5241 22).
3055 5171 3170 5227 Non
3197 5169 3340 5239 quod
3370 5169 3579 5225 dierum

1985 5280 2049 5322 ac
2079 5267 2318 5322 noctium
2344 5264 2451 5320 fixa
2473 5263 2541 5320 ab
2573 5264 2730 5320 initio
2752 5263 3073 5321 constitutio
3091 5262 3166 5318 sit
3182 5262 3461 5329 mutanda,
3494 5274 3587 5318 aut

1993 5421 2152 5480 terra,
2188 5412 2340 5467 nullo
2365 5424 2553 5466 sensu.
2742 5458 2747 5463 .

2067 5496 2090 5523 ο
2116 5477 2207 5541 Sic
2236 5483 2410 5538 codex
2438 5480 2623 5544 Vind.;
2658 5480 2809 5549 prior
2832 5478 3003 5534 editio
3033 5491 3186 5544 apere
3215 5482 3372 5540 tecta,
3401 5477 3543 5531 male
3571 5495 3583 5529 :

1993 5571 2096 5612 nec
2127 5554 2322 5611 melius
2342 5551 2515 5609 codex
2546 5552 2602 5608 S.
2633 5556 2793 5613 Arn..
2824 5565 2975 5622 opere
3000 5557 3188 5615 coepta.

2066 5625 2093 5666 ἀ
2119 5626 2349 5682 Videtur
2377 5623 2695 5694 legendum,
2727 5632 2866 5677 tunc.

2071 5697 2367 5772 eglnreditis
2393 5688 2636 5772 praedicet
2660 5688 2690 5772 1'
2723 5694 2814 5765 qui
2859 5690 3088 5772 qualibet
3117 5688 3413 5772 {.in‘Vind.
3455 5705 3589 5761 prte-

1998 5770 2129 5827 dixit
2150 5787 2166 5825 :
2187 5771 2238 5826 in
2261 5760 2455 5826 eodem
2487 5777 2543 5824 et
2574 5769 2627 5823 in
2660 5760 2815 5822 Lem.
2844 5760 2933 5834 qui
2961 5760 3261 5833 quamlibet.

3072 5914 3151 5974 37
