4060 6344
510 322 647 381 1163

1255 316 1574 375 ΖΑΟΟΗΑΞΙ
1610 314 2007 373 CHRISTIANI
2052 298 2681 373 CONSULTATIONUM
2725 312 2859 371 un.
2894 310 2979 367 ιιι.

3674 312 3801 369 1161

508 433 837 491 currentium
883 438 1190 499 temporum
1230 429 1378 483 horis
1420 430 1588 498 spatia
1630 426 1960 493 recidenda;
2010 426 2104 481 sed
2136 416 2183 491 Ᾰ
2211 437 2347 481 terra
2376 426 2640 494 ipsorum,
2670 434 2717 478 et
2748 424 2937 495 faciam
2964 414 3100 488 hac,
3143 420 3269 476 dicit
3296 410 3552 476 Dominus
3582 421 3800 493 (Ezech.

515 530 654 582 sicut
682 541 775 597 per
797 516 1007 579 Natltan
1030 522 1350 579 denuntiata
1385 521 1568 590 populi
1598 521 1779 576 caedes
1802 534 1899 589 pro
1935 518 2110 573 tribus

516 620 711 674 diebus
761 626 873 671 tres
914 625 1124 670 tantum
1172 614 1337 667 horas
1369 613 1555 667 divina
1592 613 1947 667 miseratione
1989 624 2113 679 pro-

518 712 755 772 meruit;
808 709 878 763 ita
925 708 1241 762 exsecrandi
1274 705 1539 775 temporis
1582 720 1811 776 regnum
1848 719 1955 758 non
1988 717 2107 773 spa-

520 806 595 859 tio
616 803 889 858 credimus
919 800 1269 855 minuendum
1298 816 1443 865 esse,
1475 800 1568 855 sed
1601 812 1871 863 numero;
1905 814 2003 853 nec
2035 796 2117 851 di-

524 898 668 951 vinae
705 895 1030 949 ordinationi
1064 894 1284 947 modum
1320 937 1333 960 ,
1368 892 1466 948 sed
1493 891 1985 962 lurentisimpcriis
2018 890 2118 944 im-

526 988 832 1059 ponendum
860 1003 873 1052 ;
898 998 955 1041 ut
983 987 1035 1040 in
1064 984 1467 1040 resnrrectione
1488 992 1614 1056 poSt
1641 984 1773 1039 tanti
1804 980 2122 1039 certaminis

528 1095 785 1150 pugnam,
814 1086 868 1133 et
895 1077 1114 1132 devOtio
1146 1077 1415 1143 ﬁdelium,
1463 1084 1518 1132 et
1564 1076 1795 1147 perﬁdia
1821 1092 1927 1131 non
1958 1074 2125 1130 lateat

529 1172 857 1238 impiorum;
886 1170 1014 1225 dum
1066 1182 1117 1223 et
1159 1171 1370 1239 antiqui
1404 1169 1576 1223 bostis
1619 1171 1799 1225 brevis
1821 1169 2124 1225 dominatio

531 1263 772 1334 pellitur,
822 1274 876 1317 et
929 1263 1019 1315 Dei
1061 1262 1413 1316 advenientis
1457 1264 1769 1317 reverentia
1816 1270 2124 1317 sanctorum

529 1354 965 1411 confessionibus
997 1353 1313 1409 honoratur.

1133 1447 1363 1503 CAPUT
1410 1446 1501 1502 ιχ.

682 1542 879 1608 Quibus
903 1541 1189 1611 Scripturis
1219 1542 1286 1594 sit
1324 1541 1625 1595 resurrectio
1652 1542 1982 1609 repromissa.

608 1637 884 1691 ArOLL.-—
904 1637 1177 1702 Quantum
1206 1636 1445 1699 videtur,
1465 1645 1520 1690 et
1548 1646 1735 1705 patere
1768 1635 2130 1690 sollicitarum

536 1730 806 1784 utentibus
840 1729 1005 1783 credo
1029 1768 1044 1795 ,
1090 1729 1359 1798 ambigua)
1389 1727 1795 1798 prmdicationis
1827 1728 2136 1781 oliscuritas

2213 533 2419 583 xxxvn,
2452 514 2629 586 111).

2285 602 2441 665 Unde
2464 607 2713 665 Salvator
2737 604 3047 664 Sadducmis
3074 607 3544 663 resurrectionem
3576 626 3680 665 non
3705 627 3808 665 ere-

2214 701 2468 757 dentibus
2492 702 2592 753 ait:
2626 702 2893 769 Quomodo
2918 701 3135 771 legistis,
3166 698 3308 755 Deus
3334 700 3596 755 Abraham
3614 714 3661 758 et
3686 703 3811 761 Deus

2219 792 2376 849 Isaac
2399 802 2443 847 et
2471 790 2611 846 Deus
2629 789 2827 846 Iacob?
2861 788 2979 845 Non
2999 798 3071 846 est
3100 792 3280 863 utique
3307 782 3448 845 Deus
3476 805 3811 859 mortuorum,

2220 888 2309 943 sed
2339 890 2564 940 rivorum
2598 884 2752 957 (Luc.
2784 902 2874 951 xx,
2910 886 3021 954 58).
3052 886 3348 953 Apostolus
3379 896 3565 941 autem
3590 888 3691 941 sub
3719 890 3819 943 ele-

2219 988 2527 1037 mentorum
2558 980 2985 1050 comparatione,
3018 978 3340 1034 meritorum
3365 998 3586 1052 quoque
3620 981 3817 1037 distan-

2224 1076 2349 1130 tlam
2370 1062 2903 1145 praedicavil,tlicetts
2930 1070 3071 1129 :Alia
3094 1072 3310 1128 claritas
3324 1074 3469 1133 solis.
3490 1084 3536 1129 et
3556 1076 3660 1129 alia
3678 1078 3823 1130 clari-

2227 1174 2304 1221 tas
2331 1170 2487 1223 luntc.
2519 1176 2564 1221 et
2588 1168 2693 1220 alia
2724 1168 2933 1221 claritas
2958 1167 3263 1234 stellarum;
3294 1167 3450 1222 stella
3472 1168 3609 1222 enim
3629 1187 3659 1221 α
3686 1171 3823 1223 stella

2226 1257 2400 1326 cli/fert
2428 1259 2479 1311 in
2503 1257 2738 1313 claritate
2769 1276 2785 1311 .'
2828 1260 2897 1313 sic
2938 1258 3033 1314 erit
3075 1269 3121 1313 et
3158 1263 3472 1315 resurrectio
3514 1273 3825 1317 mortuorum

2231 1351 2277 1422 (Ι
2299 1350 2418 1406 Cor.
2447 1368 2531 1417 xv,
2550 1349 2771 1422 41,42).
2798 1351 3035 1407 Joannes
3059 1368 3183 1406 vero
3211 1353 3379 1407 etiam
3407 1370 3504 1409 eos
3528 1371 3663 1421 quos
3688 1372 3825 1411 mare

2232 1441 2486 1497 ﬂuctibus
2512 1446 2664 1514 tegit,
2695 1442 2892 1498 astruit
2922 1442 3326 1509 reformandos,
3356 1446 3579 1501 dicens:
3606 1445 3672 1500 Et
3701 1466 3830 1503 mare

2233 1535 2409 1589 reddet
2437 1545 2668 1589 martuos
2683 1552 2802 1590 suos
2825 1536 3011 1605 (Apoc.
3049 1553 3139 1601 xx,
3174 1536 3290 1609 15).
3317 1536 3475 1594 Tunc
3506 1536 3638 1593 illud
3673 1541 3829 1594 David

2234 1629 2481 1682 canentis
2515 1629 2831 1698 lmplebitur
2866 1647 2878 1684 :
2923 1628 3060 1682 Deus
3091 1631 3363 1701 manifeste
3418 1636 3582 1685 veniet
3609 1673 3623 1697 ,
3666 1642 3712 1686 et
3738 1650 3830 1687 non

2238 1720 2403 1774 silebit
2436 1736 2451 1773 :
2484 1722 2618 1794 ignis
2660 1722 2711 1776 in
2742 1732 3017 1793 canspectu
3050 1725 3159 1793 ejus
3187 1724 3433 1790 ardebit,
3465 1736 3511 1779 et
3548 1724 3601 1779 in
3628 1728 3831 1780 circuitu

532 1819 782 1874 absoluta
830 1829 954 1882 est.
1008 1829 1063 1873 et
1092 1828 1202 1873 tota
1243 1819 1294 1873 in
1329 1821 1546 1890 planum
1595 1821 1832 1888 supremi
1874 1822 2133 1888 letttpnris
2166 1810 2212 1880 Β
2238 1816 2345 1882 ejus
2370 1823 2644 1874 tempestas
2668 1813 2838 1867 valida
2862 1812 3033 1885 (Psul.
3060 1831 3203 1879 κω.
3231 1814 3311 1885 3).
3338 1813 3497 1871 Unde
3524 1816 3575 1870 in
3608 1818 3831 1887 Epistola

534 1910 703 1966 missa
745 1912 1013 1980 cognitio;
1068 1912 1339 1981 praecipue
1383 1924 1507 1965 cum
1546 1914 1967 1982 astipulantilms
2016 1926 2133 1981 qtae

536 2012 771 2072 aguntur
802 2004 1013 2059 dierum
1048 2006 1204 2059 malis
1234 2004 1381 2058 clara
1411 2007 1480 2058 sit
1511 2007 1652 2059 ratio
1682 2046 1695 2069 ,
1732 2020 1831 2059 nec
1871 2004 2015 2059 aliud
2044 2020 2135 2060 su—

536 2110 757 2165 peresse
785 2096 976 2150 merito
1002 2096 1293 2161 credatur,
1328 2112 1487 2166 quam
1518 2106 1575 2150 nt
1604 2097 1976 2151 annuntiaturi
2011 2111 2139 2165 pro.

541 2186 716 2254 pltetce
765 2188 1055 2255 prresentia
1084 2187 1518 2242 demonstretur.
1568 2188 1723 2243 Nunc
1787 2202 1920 2243 vero
1972 2202 2134 2241 unum

536 2282 641 2335 hoc
663 2282 1055 2336 consummatis
1084 2281 1600 2352 interrogationibus
1625 2292 1843 2352 przesta,
1867 2289 1927 2335 ttt
1949 2297 2133 2336 resur-

538 2373 844 2428 rectionem
876 2390 943 2428 ex
976 2375 1073 2430 Dei
1104 2375 1471 2443 possibilitate
1499 2375 1609 2446 jam
1643 2374 1907 2430 creditam
1940 2373 2138 2428 dot-eas

539 2478 591 2520 et
640 2468 999 2535 promissam;
1054 2484 1123 2524 ne
1163 2480 1327 2523 tanta:
1367 2469 1751 2523 admiratiOnis
1810 2466 2139 2539 magnitudi-

538 2576 662 2615 nem
694 2560 814 2616 sine
841 2563 1168 2617 auctoritate
1199 2564 1505 2618 coelestium
1540 2573 1868 2617 statntnrum
1903 2561 2138 2616 assertio

537 2653 680 2707 nuda
710 2654 1035 2724 contigerit;
1073 2656 1167 2709 sed
1189 2656 1391 2711 libellis
1419 2656 1694 2726 prioribus
1723 2656 1966 2710 intimata
2004 2671 2139 2725 pta:-

535 2745 708 2800 sentis
738 2744 1049 2801 eruditione
1081 2747 1399 2813 ﬁrmentur,
1442 2748 1701 2819 gaudium
1740 2749 1978 2802 allatum
2017 2752 2137 2802 ere-

535 2838 829 2902 dentibus,
872 2838 1302 2909 disputationem
1345 2841 1523 2895 dubiis
1565 2842 1846 2908 ablatura,
1909 2843 2036 2895 dum
2083 2844 2140 2896 et

536 2932 850 3000 possibilem
880 2948 945 2987 ex
979 2932 1075 2988 Dei
1109 2939 1354 3002 potentia
1388 2934 1719 3001 fatebuntur,
1750 2944 1801 2989 ct
1832 2933 2136 2990 faciendam

534 3042 600 3081 ex
630 3028 749 3095 ejus
778 3027 1145 3094 promissione
1174 3038 1531 3097 cognosrent.

454 3104 459 3107 ’
609 3120 1021 3175 lacum—Tam
1056 3122 1211 3190 plena
1250 3130 1335 3176 est
1373 3122 1577 3176 divina:
1617 3122 1989 3176 miserationis
2012 3134 2136 3193 erga

2237 1922 2331 1959 sua
2367 1906 2562 1961 Petrus
2596 1923 2607 1959 :
2641 1906 2833 1971 Quales
2863 1924 2977 1975 nos,
3012 1910 3210 1979 inquit,
3242 1920 3445 1978 oportet
3474 1929 3606 1976 esse,
3635 1916 3830 1978 fratres.

2234 1999 2289 2053 in
2346 1998 2428 2052 die
2472 1999 2587 2066 illa,
2622 2015 2736 2053 cum
2759 2000 2870 2053 caeli
2900 2016 3089 2073 magno
3138 2002 3329 2073 impetu
3369 2013 3761 2071 transcurrent,
3793 2014 3836 2059 et

2236 2092 2486 2147 elementa
2508 2094 2692 2147 ardore
2717 2093 2974 2148 solventur
3005 2093 3068 2165 (ll
3101 2090 3247 2151 Petr.
3280 2111 3337 2151 tu
3357 2139 3369 2161 ,
3406 2094 3504 2166 6)?
3530 2097 3683 2153 Tunc
3717 2098 3836 2153 illud

2238 2186 2420 2240 sancti
2447 2186 2695 2255 Apostoli
2729 2185 2952 2242 vocibus
2985 2186 3342 2257 deprometnr
3378 2207 3389 2240 :
3423 2188 3525 2243 Ubi
3554 2202 3650 2257 est,
3686 2208 3833 2257 mors,

2238 2278 2447 2331 aculeus
2479 2281 2640 2332 ‘tuus?
2687 2278 2932 2349 absorpta
2984 2290 3055 2333 est
3098 2293 3233 2334 mors
3274 2282 3327 2333 in
3367 2285 3590 2336 victoria
3641 2294 3728 2335 tua
3776 2283 3835 2351 (ll

2240 2368 2359 2422 Cor.
2409 2380 2497 2433 xv,
2552 2369 2663 2441 55).
2712 2372 2774 2425 Et
2826 2375 2916 2442 qui
2979 2372 3123 2427 nunc
3163 2375 3493 2445 lact-ymosis
3548 2377 3837 2431 seminibus

2234 2462 2462 2531 justitize
2492 2464 2604 2518 vias
2634 2465 2882 2533 implent,
2910 2464 3163 2536 pretiosae
3192 2468 3388 2521 mortis
3413 2470 3728 2539 manipulos
3757 2486 3833 2524 re-

2239 2554 2512 2619 ferentes,
2556 2556 2874 2612 Sublimium
2916 2574 3247 2614 coronarum
3293 2562 3507 2616 honore
3542 2558 3832 2631 fulgebunt.

2244 2650 2318 2705 De
2340 2652 2535 2717 quibus
2558 2654 2820 2722 scriptum
2856 2660 2972 2708 est:
3010 2651 3359 2709 Easultabunt
3382 2657 3553 2710 sancti
3576 2658 3627 2709 in
3659 2658 3833 2728 g/Oria,

2240 2744 2552 2797 [tutabantur
2581 2745 2633 2797 in
2665 2744 2916 2798 cubilibus
2954 2747 3060 2799 suis
3090 2742 3264 2819 (Psal.
3294 2760 3460 2802 chtx
3492 2790 3505 2814 ,
3542 2748 3623 2817 5).
3654 2742 3720 2801 Ει
3750 2751 3834 2801 ile-

2241 2842 2360 2892 rum
2397 2856 2409 2893 :
2438 2837 2786 2893 Exsultabunt
2811 2850 2863 2894 ut
2904 2840 3051 2894 vituli
3078 2848 3101 2877 τι
3134 2859 3196 2894 ex
3230 2841 3452 2896 rinculis
3482 2840 3644 2896 soluti
3686 2845 3702 2911 (
3733 2836 3833 2895 Ma-

2241 2929 2379 2984 lach.
2416 2946 2489 2998 ιν,
2523 2928 2601 3001 2).
2634 2931 2701 2985 Et
2732 2933 2865 2986 sicut
2893 2926 3131 2987 scintilla:
3168 2936 3302 2987 inter
3332 2934 3622 2989 arundines
3649 2935 3835 2988 discur-

2238 3031 2371 3074 rent.
2430 3020 2695 3094 (Snp.m,
2745 3022 2822 3093 7).
2876 3020 2937 3077 lli
2982 3032 3180 3078 statuta
3230 3028 3475 3081 rcefestts
3509 3028 3690 3081 throni
3721 3020 3835 3082 sede

2244 3118 2456 3171 Domini
2487 3116 2862 3173 imitabantur
2893 3116 3144 3173 affatibus
3182 3138 3192 3172 :
3236 3119 3441 3188 Venite,
3465 3116 3715 3176 benedicti
3744 3120 3836 3174 Pa-

540 3215 792 3269 homines
820 3214 1144 3280 liberalitas,
1172 3225 1229 3268 ut
1255 3228 1316 3267 ea
1351 3230 1471 3285 qua!
1501 3216 1767 3285 fragilitas
1808 3222 2026 3269 terrena
2048 3217 2132 3268 vix
2164 3208 2206 3270 Ι]
2241 3212 2334 3265 tris
2363 3212 2501 3275 mei;
2532 3212 2750 3281 accipite
2780 3226 2993 3283 regnum
3023 3216 3160 3282 quod
3190 3211 3327 3267 robis
3359 3225 3605 3284 paratum
3635 3226 3708 3269 est
3733 3225 3838 3269 ante

534 3309 741 3371 credit,
778 3310 1010 3377 probare
1045 3310 1282 3364 voluerit
1313 3321 1605 3380 antequam
1634 3310 1843 3375 facere,
1895 3326 1958 3364 ac
1990 3310 2140 3378 prius

538 3402 683 3455 veris
723 3404 1055 3455 conﬁrmare
1106 3402 1429 3466 credentes,
1487 3418 1645 3473 quam
1691 3400 1922 3472 probare
1961 3402 2139 3455 dubiis

536 3495 843 3550 credituros
877 3513 891 3548 :
925 3510 1053 3549 nam
1094 3511 1215 3550 cum
1262 3496 1402 3549 banc
1429 3497 1668 3550 muneris
1702 3496 1783 3549 sui
1821 3500 2032 3567 partem
2061 3502 2144 3549 to-

540 3589 608 3641 tis
650 3586 947 3641 admodum
975 3588 1372 3656 Scripturartnn
1416 3588 1787 3643 voluminibus
1844 3586 2137 3654 indiderit,

543 3678 770 3746 speciali
802 3693 897 3746 per
932 3679 1277 3734 Ezechielem
1319 3681 1643 3735 monstravit
1672 3682 1895 3743 etlertn,
1934 3680 2143 3734 (acilius

546 3769 801 3823 homines
836 3772 1085 3824 suscitari
1126 3782 1150 3821 a
1185 3786 1243 3825 se
1280 3784 1440 3839 posse
1475 3789 1633 3842 quam
1666 3774 1791 3827 facti
1829 3784 1949 3827 sunt
1979 3817 1991 3839 ,
2032 3773 2143 3827 fru-

551 3869 777 3929 straque
815 3863 966 3927 quasi
1001 3862 1243 3931 perditos
1275 3864 1361 3917 hic
1390 3866 1563 3935 lugeri
1594 3908 1607 3930 ,
1644 3880 1783 3934 quos
1815 3881 1918 3919 non
1951 3867 2023 3920 sit
2046 3867 2144 3921 int-

547 3952 884 4022 possibilitas
915 3955 1019 4009 ulla
1044 3958 1277 4012 restitui.
1316 3957 1403 4011 Ait
1436 3958 1583 4013 enim
1636 3976 1653 4011 :‘
1692 3957 1755 4011 Et
1781 3961 1900 4013 tulit
1930 3969 2007 4012 tne
2038 3959 2147 4027 spi-

548 4047 682 4099 ritus
715 4045 925 4100 Domini
950 4064 966 4100 :
997 4058 1046 4101 et
1075 4066 1190 4103 ecce
1212 4051 1369 4121 facies
1391 4053 1582 4121 campi,
1607 4060 1659 4107 et
1688 4053 1795 4105 lure
1818 4056 1927 4105 erat
1949 4053 2145 4107 ossibus

551 4128 741 4206 plenaf
781 4138 846 4192 Et
886 4141 1236 4196 circumduxit
1266 4160 1343 4198 me
1370 4146 1423 4197 in
1463 4161 1646 4215 gyrum
1688 4144 1905 4209 eorum;
1950 4157 1994 4197 et
2036 4160 2149 4199 ecce

547 4232 699 4284 arida
730 4232 901 4286 nimis.
935 4233 1001 4287 Et
1032 4240 1105 4288 ait
1127 4236 1196 4288 ad
1227 4253 1303 4290 me
1326 4255 1345 4292 :
1370 4236 1478 4292 Fili
1505 4237 1751 4306 hominis,
1778 4242 1823 4292 si
1844 4241 2152 4295 viventossa

547 4326 686 4380 ista?
712 4325 782 4380 Et
811 4329 940 4395 dixi,
970 4343 1023 4384 tu
1050 4333 1171 4397 scis,
1200 4331 1439 4390 Domine.
1476 4334 1545 4389 Et
1569 4336 1642 4388 ait
1666 4337 1735 4388 ad
1758 4352 1838 4389 me
1869 4353 1885 4388 :
1920 4332 2152 4408 Prophe-

549 4420 652 4473 tiza
698 4438 855 4490 super
883 4441 963 4493 ea,
1008 4434 1057 4478 et
1088 4428 1169 4479 dic
1194 4446 1213 4481 :
1246 4426 1380 4480 Ossa
1410 4429 1580 4494 arida,
1605 4429 1785 4481 audite
1816 4428 2019 4481 verbum
2052 4426 2153 4481 00·

556 4512 702 4565 mini.
739 4512 867 4569 Herc
901 4516 1025 4569 dicit
1057 4516 1314 4573 Dominus
1340 4535 1355 4571 :
1384 4519 1517 4573 Ecce
1540 4534 1632 4590 ego
1654 4521 1860 4574 adduco
1889 4536 2046 4589 super
2066 4537 2153 4575 ros

2244 3305 2667 3358 constitutionem
2702 3304 2879 3358 tnundi
2920 3294 3153 3377 (Matth.
3181 3323 3314 3374 xxv,
3351 3308 3420 3362 54
3448 3306 3487 3378 ).
3531 3307 3627 3363 Illa
3659 3312 3838 3380 impios

2243 3398 2514 3451 sententia
2548 3408 2911 3468 persequente
2946 3415 2958 3452 :
2996 3394 3157 3451 Tacui
3183 3445 3195 3467 ,
3231 3401 3491 3470 numquid
3540 3399 3738 3473 semper
3766 3414 3837 3457 ta-

2244 3494 2367 3545 cebo
2391 3489 2524 3560 (Isa.
2555 3502 2684 3559 χιιι,
2722 3490 2851 3563 14)Ὶ
2885 3492 2936 3547 ld
2964 3502 3070 3558 est,
3099 3494 3208 3561 jam
3236 3510 3344 3549 non
3374 3495 3631 3552 subditus
3658 3506 3714 3551 ut
3735 3512 3841 3552 cru.

2243 3586 2383 3656 ciligi
2409 3601 2435 3639 a
2472 3588 2797 3657 negantibus
2826 3589 3057 3659 possim,
3088 3589 3179 3643 sed
3212 3600 3446 3658 paterna
3482 3609 3647 3663 quam
3678 3598 3840 3648 cerni-

2245 3681 2313 3732 tis
2342 3681 2623 3748 majestate
2642 3681 2922 3747 subnixus,
2949 3684 3036 3751 qui
3060 3698 3126 3736 ex
3147 3682 3466 3739 inlirtnitate
3495 3687 3683 3740 Cill‘lli‘,
3709 3704 3840 3741 tuor-

2247 3779 2371 3823 tuns
2408 3768 2651 3837 fueram,
2689 3772 2813 3825 vivo
2841 3784 2906 3827 es
2946 3772 3146 3827 virtute
3182 3771 3315 3840 Dei,
3364 3770 3626 3847 solioque
3664 3777 3839 3833 aiterni

2240 3861 2436 3931 judicis
2463 3864 2785 3931 priesidens,
2826 3876 2933 3918 non
2963 3863 3068 3918 alia
3094 3880 3255 3933 quam
3285 3858 3338 3919 in
3375 3858 3694 3937 Evangeliis
3720 3886 3838 3938 prie-

2247 3955 2490 4009 dixeram
2522 3957 2772 4012 in‘imic05
2804 3970 2957 4011 meos
2998 3952 3317 4013 deﬁnitione
3348 3962 3663 4014 condemno
3693 3980 3704 4014 :
3747 3963 3836 4024 Ite,

2250 4048 2531 4115 Maledicti,
2565 4052 2617 4102 in
2646 4051 2817 4124 ignem
2843 4056 3091 4104 a’ternum
3112 4093 3124 4116 ,
3156 4068 3307 4120 quem
3341 4052 3661 4126 pru’pararit
3695 4046 3840 4107 Pater

2251 4162 2393 4199 meus
2425 4144 2634 4199 diabolo
2662 4156 2707 4198 et
2734 4146 2933 4216 angelis
2965 4148 3079 4216 ejus
3121 4145 3358 4214 (Matth.
3394 4164 3504 4201 xxv
3532 4192 3545 4213 ,
3588 4148 3651 4205 41
3688 4149 3737 4222 ),
3768 4149 3843 4201 ubi

2250 4240 2496 4309 estﬂetus
2528 4247 2578 4291 et
2601 4236 2795 4292 stridor
2822 4240 3057 4293 dentium
3088 4226 3307 4308 (Matth.
3341 4256 3459 4309 vin,
3490 4229 3607 4311 15).

2325 4329 2447 4385 Hec
2477 4340 2608 4384 sunt
2632 4344 2752 4401 qurc
2789 4334 2999 4387 moneri
3036 4332 3221 4385 nostra
3253 4344 3391 4388 voce
3423 4344 3474 4388 te
3502 4330 3667 4389 lieeat
3696 4355 3706 4388 :
3742 4335 3842 4389 luec

2254 4425 2453 4479 memis
2480 4435 2533 4478 et
2561 4426 2810 4493 rerporis
2844 4424 3034 4480 labore
3059 4424 3317 4494 fugienda
3347 4437 3501 4491 sunt,
3529 4437 3583 4483 et
3617 4428 3707 4481 illa
3739 4445 3843 4498 qum

2253 4516 2442 4570 electis
2498 4522 2757 4585 parantur
2806 4515 3075 4583 adeunda,
3119 4526 3353 4585 quorum
3417 4520 3840 4589 magnitudinem

556 4613 733 4652 nervos
760 4610 808 4653 et
838 4602 1055 4667 viscera,
1083 4615 1131 4657 et
1161 4604 1393 4674 obtegam
1442 4621 1527 4659 vos
1556 4616 1671 4659 cute
1694 4648 1707 4671 ,
1742 4617 1791 4661 σε
1834 4607 1968 4661 dabo
1996 4608 2149 4676 spiri-
2181 4604 2231 4670 Β
2256 4607 2592 4678 formamque
2631 4618 2736 4661 non
2771 4610 2989 4677 qmcras‘
3025 4626 3037 4661 ε
3067 4608 3170 4662 erit
3196 4608 3340 4663 enim
3377 4627 3389 4662 :
3429 4604 3585 4677 Quod
3618 4630 3708 4664 nec
3736 4629 3843 4665 ocu-

536 4700 667 4767 gtum
694 4692 860 4757 vobis,
890 4707 935 4746 et
971 4696 1164 4749 vinetis.
1202 4697 1268 4749 Et
1296 4715 1413 4753 ecce
1441 4717 1505 4753 os
1525 4703 1593 4753 ad
1624 4718 1679 4754 os
1703 4704 2030 4757 conveniebat
2058 4746 2072 4769 ,
2104 4715 2151 4757 et

557 4798 709 4852 super
730 4800 790 4835 ea
811 4787 974 4853 nervi,
1008 4796 1057 4839 et
1082 4788 1277 4843 viscera
1302 4792 1666 4859 nascebantur,
1698 4803 1744 4846 et
1773 4796 1906 4846 cutis
1934 4797 2153 4867 desuper

559 4876 835 4941 ascendit;
884 4885 931 4930 et
962 4880 1239 4948 jacuerunt
1289 4884 1397 4936 sine
1441 4885 1647 4956 spiritu.
1698 4884 1765 4937 Et
1810 4890 1882 4939 ait
1923 4888 1990 4939 ad
2036 4904 2152 4941 me:

561 4966 894 5035 Pmphetiza,
920 4971 997 5036 ﬁli
1020 4972 1261 5039 hominis,
1286 4975 1511 5044 spiritui.
1543 4988 1591 5029 et
1612 4976 1696 5030 dic
1717 4993 1733 5030 :
1754 4978 1869 5031 Hoc
1894 4978 2019 5032 dicit
2044 4978 2153 5034 Do—

566 5064 737 5115 minus
772 5064 985 5131 spiritui
1011 5081 1026 5116 :
1057 5064 1097 5117 A
1130 5077 1355 5136 quatuor
1376 5072 1586 5140 angulis
1615 5073 1879 5140 ιάδίἱηυθηὲτ
1914 5074 2149 5144 spiritus,

557 5164 603 5207 et
628 5155 844 5226 iusufﬂa
865 5156 1062 5211 ossibus
1086 5159 1200 5210 istis
1230 5169 1276 5212 et
1298 5163 1478 5214 vivent.
1516 5162 1584 5216 Et
1607 5169 1803 5233 factum
1834 5177 1913 5218 est
1932 5182 1948 5217 :
1975 5177 2022 5219 et
2054 5176 2153 5220 ste-

560 5257 730 5300 terunt
762 5250 974 5315 pedibus
994 5252 1444 5325 suiscong'regatio
1477 5257 1629 5309 nim-'3
1661 5260 1842 5311 multa.
1884 5259 1947 5311 Et
1975 5262 2049 5313 ait
2081 5262 2151 5315 ad

556 5355 634 5392 me
665 5358 680 5393 :
705 5340 809 5394 Fili
836 5342 1055 5397 hominis
1082 5386 1097 5408 ,
1135 5360 1252 5395 assa
1274 5343 1381 5397 hau:
1411 5346 1592 5401 domus
1629 5349 1792 5402 Israel
1819 5360 1910 5403 est.
1950 5353 2052 5416 Qui
2078 5354 2153 5406 di-

549 5442 704 5484 cunt:
741 5431 882 5488 Vana
928 5445 1002 5487 est
1049 5453 1164 5504 spes
1216 5447 1392 5488 nostra
1449 5439 1640 5503 nimis;
1688 5442 2024 5497 interivimus.
2078 5442 2146 5499 Et

548 5522 708 5575 scient
731 5526 866 5594 quod
896 5544 988 5597 ego
1006 5545 1119 5581 sunt
1152 5527 1429 5595 Dominus,
1463 5546 1579 5583 cum
1607 5533 1827 5585 educant
1851 5544 1936 5588 eas
1967 5537 2029 5589 de
2064 5555 2143 5591 se-

546 5610 820 5680 pulcrisiet
857 5618 1123 5686 uiviﬁcabo
1144 5620 1395 5697 pppttlttm
1428 5635 1625 5683 meum,
1656 5631 1702 5675 et
1730 5628 1919 5692 ponam
1945 5626 2062 5681 illos
2086 5631 2139 5681 iu

616 5774 637 5798 ⁸
669 5778 759 5833 Sic
780 5777 833 5834 in
866 5778 1055 5837 codice
1079 5780 1271 5848 Viud.;
1319 5783 1371 5837 in
1406 5783 1597 5847 editis,
1632 5800 1695 5837 ex
1724 5785 1935 5841 vinculis
1966 5788 2229 5848 dissoluti.

2254 4700 2334 4751 lus
2365 4699 2514 4763 vidit,
2540 4714 2633 4752 nec
2657 4700 2801 4752 auris
2828 4698 3033 4754 auth
3056 4741 3069 4763 ,
3103 4708 3194 4753 nec
3222 4700 3274 4753 in
3306 4718 3395 4754 cor
3420 4700 3651 4756 hominis
3684 4721 3841 4757 ascen-

2254 4794 2337 4848 dit
2376 4792 2429 4866 (l
2452 4791 2572 4848 Cor.
2598 4809 2671 4861 tt,
2702 4794 2784 4863 9).
2817 4793 2923 4851 Sed
2957 4794 3002 4850 si
3041 4795 3459 4851 inaestimabiles
3498 4797 3840 4865 quarumdam

2254 4887 2535 4957 regionum
2574 4890 2927 4943 anzmaitates
2952 4931 2964 4951 ,
3011 4886 3326 4955 odorcsque
3367 4889 3459 4941 vix
3490 4889 3731 4944 creditos
3760 4896 3841 4942 aut

2255 4982 2527 5047 audimus,
2562 4992 2651 5035 aut
2680 4983 2986 5047 cernimus;
3011 4981 3054 5035 si
3078 4979 3411 5050 quibusdam
3440 4984 3701 5052 gentibus
3726 4998 3841 5036 auro

2256 5076 2461 5129 turbidi
2495 5076 2667 5129 ﬂuunt
2701 5090 2926 5137 amnes,
2962 5087 3017 5127 et
3042 5087 3254 5143 gemma
3293 5088 3399 5143 pro
3431 5074 3615 5143 lapide
3647 5088 3766 5137 est;
3803 5076 3839 5129 si

2259 5169 2459 5235 passim
2491 5167 2811 5221 cinnamum
2834 5177 2887 5221 et
2910 5170 3184 5220 amomum
3216 5167 3468 5221 nascitur
3489 5170 3672 5237 vulgo;
3707 5169 3747 5220 si
3769 5167 3842 5219 de

2258 5262 2419 5331 niqtte
2447 5260 2635 5315 mollia
2654 5256 3030 5317 rediilentibn’s
3053 5262 3229 5326 tliurn,
3248 5273 3302 5315 et
3326 5260 3569 5331 preti'tisa
3597 5263 3840 5318 balstmis

2248 5355 2389 5424 ligna
2426 5367 2678 5410 l'Ol‘.tllllll'
2705 5375 2718 5421 ;
2750 5360 2791 5409 si
2834 5358 2990 5411 nobis
3018 5356 3185 5409 etiam
3212 5356 3317 5409 sub
3344 5359 3701 5427 corruptibili
3732 5373 3843 5414 aere

2252 5445 2365 5499 lilia
2394 5448 2535 5513 pieta
2563 5450 2642 5502 sic
2671 5450 2943 5512 candent,
2971 5462 3073 5502 nec
3093 5448 3175 5501 sui
3213 5446 3589 5505 imitationem
3609 5453 3842 5521 quolibet

2253 5537 2436 5590 habitu
2476 5548 2568 5592 aut
2597 5540 2769 5593 odore
2813 5540 3131 5607 permittunt
3165 5556 3178 5592 :
3224 5540 3357 5609 quid
3398 5542 3730 5597 mt‘et‘narum
3772 5532 3841 5597 di-

2252 5630 2506 5685 visiar‘um
2556 5632 2820 5685 habitura:
2855 5634 2963 5686 sint
3005 5629 3226 5701 gratiae,
3264 5633 3395 5702 quid
3443 5634 3705 5705 splendor
3733 5652 3838 5692 ca:-
