4060 6344
514 299 650 355 1167
1839 295 2118 354 EVAGRll
2157 293 2460 353 MONAClll
3685 294 3810 353 “68

503 428 594 468 me
621 411 918 482 patientem
946 411 1272 478 auditorem,
1295 411 1341 467 si
1384 411 1545 466 modo
1585 412 2114 483 interrogationibus
2141 420 2194 474 Α
2221 431 2418 468 onmem
2448 415 2804 486 prudentiam,
2833 423 2879 466 et
2907 413 3048 467 dedit
3065 413 3228 467 Jacob
3250 429 3417 485 puero
3439 428 3555 475 suo,
3589 417 3634 465 et
3660 410 3812 466 Israel

506 505 669 570 meis,
702 521 806 559 non
838 504 1127 560 lenociniis
1153 520 1460 560 sermonum
1491 514 1582 559 aut
1605 506 1964 575 argumentis,
2014 505 2112 560 sed
2214 508 2401 561 dilecto
2429 524 2544 560 suo.
2579 505 2706 559 Post
2735 505 2849 560 htec
2877 505 2929 558 in
2960 507 3109 559 terris
3137 508 3275 559 risus
3307 515 3408 569 est,
3437 514 3484 556 et
3521 520 3636 556 cum
3666 503 3815 556 Itami—

506 600 645 670 legis
671 600 955 670 praesentia
985 602 1310 670 comprobes
1338 601 1648 654 veritatem.
1681 600 1834 668 Quod
1865 600 1911 655 si
1947 610 2001 654 tu
2025 616 2111 655 me
2214 601 2363 654 nibus
2402 611 2730 654 conversatus
2778 609 2852 652 est
2904 596 3154 669 (Βανιιειι.
3203 614 3280 663 ιιι,
3324 595 3542 666 56-58).
3597 596 3724 650 Item
3770 596 3815 650 iu

507 694 672 749 hodie
692 695 914 760 viceris,
944 695 1102 749 l'acito
1123 691 1517 762 Christianum;
1549 705 1641 749 aut
1665 711 1766 766 ego
1790 712 1912 750 cum
1941 705 1990 750 te
2022 710 2112 750 su-
2215 694 2424 762 psalmo
2451 693 2876 764 quadragesimo
2903 693 3094 762 quinto
3126 691 3257 748 dicit
3294 711 3305 745 :
3352 690 3546 744 Vacate
3574 699 3620 744 et
3647 690 3816 757 videte,

503 801 796 858 peravero,
829 787 1020 842 iaciam
1054 797 1079 823 λ
1107 786 1426 843 Nazaraaum
1457 788 1727 844 Judmum.
2211 789 2460 858 quoniam
2484 805 2576 859 ego
2601 805 2716 841 sum
2739 787 2881 841 Deus
2912 803 2927 837 :
2961 787 3224 842 exaltabor
3250 786 3306 839 in
3331 783 3590 857 gentibus,
3615 792 3662 835 et
3689 782 3822 837 exal-

579 890 937 946 TanopatLus.
963 919 1034 929 —
1061 888 1178 944 Non
1209 889 1478 958 glorietur
1503 889 1792 961 giberosus
1823 897 1882 943 ut
1907 897 2108 943 rectus.
2213 882 2359 934 labor
2399 883 2450 935 in
2482 891 2615 936 terra
2641 882 2818 953 (Psal.
2863 897 2988 945 XLV,
3023 883 3127 949 11).
3162 882 3229 935 Ει
3272 881 3326 934 in
3360 879 3574 945 psalmo
3605 891 3818 946 sexage-

580 989 773 1046 Sntort.
797 1019 869 1030 —
895 990 1066 1058 Quem
1092 989 1266 1044 colis?
2213 975 2355 1029 simo
2381 975 2616 1045 septimo
2649 992 2660 1027 :
2689 974 2912 1028 Cantate
2940 971 3184 1036 Domino,
3216 970 3434 1042 psallite
3476 969 3672 1024 nomini
3694 971 3818 1040 ejus,

2212 1068 2309 1121 iter
2336 1068 2493 1137 facile
2513 1070 2560 1121 ei
2579 1068 2666 1138 qui
2693 1068 2931 1120 ascendit
2953 1083 3108 1136 super
3131 1081 3375 1119 occasum
3406 1079 3424 1118 :
3454 1062 3713 1117 Dominus
3734 1080 3820 1114 no-

2215 1177 2328 1214 men
2376 1161 2457 1214 illi
2499 1159 2672 1231 (Psal.
2704 1175 2871 1222 van,
2911 1160 2990 1229 5).
3025 1159 3266 1229 Longum
3322 1168 3430 1221 est,
3481 1166 3538 1209 ut
3583 1153 3821 1224 exempla

2216 1267 2512 1323 persequar
2543 1254 2696 1322 plura
2748 1269 2762 1306 :
2813 1251 2896 1307 his
2936 1251 3120 1322 paucis
3157 1255 3368 1306 veritas
3413 1251 3817 1318 comprobatur.

2287 1347 2402 1401 Sui.
2433 1377 2503 1386 —
2523 1345 2690 1402 Recte
2711 1345 2932 1418 quidem
2957 1345 3022 1400 ad
3053 1345 3303 1400 colentes
3329 1343 3647 1398 testimonia
3679 1340 3821 1395 ιιιιίιο

2215 1442 2408 1510 Spiritu
2437 1442 2683 1506 fatentes,
2709 1443 2794 1497 ori
2822 1450 2914 1496 tuo
2935 1441 3387 1504 consentientes;
3413 1437 3513 1493 sed
3547 1436 3679 1492 illud
3707 1437 3820 1492 volo

2214 1534 2529 1602 edisseras,
2586 1535 2761 1590 sicubi
2835 1534 2887 1588 in
2937 1535 3059 1590 loco
3113 1535 3259 1590 Deus
3322 1549 3422 1602 per
3471 1532 3818 1601 semetipsum

2213 1627 2490 1683 Christum
2521 1629 2688 1683 Deum
2731 1629 3017 1683 constituit
3059 1645 3072 1682 :
3117 1637 3245 1683 tunc
3294 1625 3518 1682 demum
3557 1625 3819 1682 Christum

2218 1721 2389 1778 Deum
2422 1732 2475 1778 et
2510 1723 2603 1778 Dei
2636 1722 2843 1777 Filium
2876 1725 3146 1793 cogitabo.

2291 1826 2392 1880 Τιι.
2412 1857 2484 1866 -
2507 1825 2794 1880 lncredule
2823 1825 3034 1891 Judaze,
3071 1825 3180 1894 jam
3212 1833 3270 1880 et
3294 1825 3367 1880 de
3395 1824 3684 1895 pr0pbetis
3713 1824 3818 1878 dis-

2220 1919 2408 1986 putas?
2449 1921 2636 1988 accipe
2665 1928 2848 1972 tamen
2887 1917 3418 1989 interrogationibus
3462 1917 3573 1971 tuis
3605 1932 3822 1988 respon-

2219 2027 2358 2067 sum.
2390 2013 2531 2066 Deus
2561 2012 2626 2065 ad
2660 2013 2900 2083 Moysem
2935 2012 3176 2080 loquitur
3207 2012 3399 2066 dicens
3432 2030 3445 2064 :
3481 2011 3615 2065 Ecce
3640 2011 3754 2064 dedi
3782 2021 3823 2063 te

2218 2105 2368 2157 deum
2413 2103 2734 2168 Pharaonis,
2782 2113 2830 2158 et
2881 2107 3040 2174 frater
3085 2114 3202 2158 tuus
3243 2106 3424 2156 Aaron
3455 2105 3552 2158 erit
3581 2101 3822 2172 prOpheIa

2219 2207 2336 2251 tuus
2380 2197 2579 2266 (Exod.
2613 2212 2706 2263 vn,
2742 2195 2820 2265 l).
2856 2195 3097 2251 Pracvide
3141 2211 3287 2250 nunc
3335 2196 3612 2267 Moysem,
3646 2205 3819 2266 typum

2217 2287 2440 2353 Christi,
2477 2289 2643 2343 fuisse
2671 2288 2919 2358 gentium
2952 2287 3357 2342 incredibilium
3387 2288 3574 2342 deum.
3619 2289 3822 2353 Quanto

2219 2386 2389 2454 magis
2433 2385 2686 2438 Christus
2735 2383 3079 2438 credentium
3128 2393 3214 2438 est
3261 2383 3440 2436 Deus!
3495 2382 3651 2436 Sicut
3689 2385 3822 2436 enim

2220 2477 2432 2548 Moyses
2462 2477 2716 2546 populum
2767 2475 2836 2532 de
2883 2475 3144 2547 Egypto,
3184 2474 3481 2531 durissima
3532 2473 3822 2530 Pharaonis

2220 2573 2515 2635 servitute;
2547 2572 2626 2625 sic
2653 2570 2978 2625 etChristus
3007 2569 3300 2626 credentes
3323 2568 3392 2625 de
3414 2568 3623 2624 diaboli
3649 2579 3820 2639 potes-

2221 2673 2330 2720 tate
2365 2664 2631 2720 liberavit.

2291 2772 2410 2827 Sui.
2435 2803 2505 2811 —
2531 2770 2588 2826 Si
2641 2785 2770 2841 ergo
2797 2770 3047 2826 Christus
3078 2769 3219 2825 Deus
3247 2777 3336 2824 est
3382 2776 3440 2824 et
3488 2767 3590 2823 Dei
3638 2768 3820 2835 Filius,

2219 2865 2491 2936 quomodo
2522 2879 2652 2934 ergo
2681 2865 2731 2917 in
2760 2864 2964 2919 Genesi
3010 2866 3278 2930 scriptum
3308 2871 3393 2918 est
3427 2878 3440 2915 :
3479 2860 3546 2915 In
3575 2861 3822 2934 principio

2219 2958 2336 3028 fecit
2387 2955 2526 3011 Deus
2574 2956 2755 3010 malum
2810 2966 2858 3011 et
2890 2966 3079 3010 terram
3130 2954 3288 3022 (Gen.
3337 2967 3376 3021 t,
3426 2955 3547 3023 l.)?
3579 2954 3823 3010 Potuerat

2208 3050 2418 3119 dixisse
2450 3070 2461 3102 :
2487 3051 2542 3104 ln
2569 3051 2836 3120 principio
2868 3050 2996 3106 fecit
3023 3049 3186 3104 Pater
3215 3058 3272 3104 et
3299 3049 3397 3104 Dei
3433 3047 3609 3104 Filius
3636 3050 3819 3106 ccelum

2220 3152 2274 3198 et
2303 3151 2530 3198 terrain.

575 1092 677 1148 Τιι.
710 1123 779 1132 -
801 1093 947 1149 Sane
971 1092 1018 1146 si
1048 1091 1309 1158 dicimus,
1343 1102 1398 1148 et
1427 1093 1692 1148 audenter
1721 1093 2036 1162 probamus.

573 1191 696 1247 Stu.
720 1221 795 1232 —
818 1192 971 1248 Sacri
1005 1192 1412 1262 venerandique
1449 1195 1855 1248 Deuteronomii
1889 1209 1990 1247 vox
2019 1209 2108 1248 re-

497 1284 712 1340 sultans
742 1283 874 1339 dicit
905 1301 918 1337 :
961 1283 1137 1338 Videte
1176 1284 1315 1355 quod
1347 1301 1441 1357 ego
1471 1302 1608 1350 sum,
1639 1295 1690 1339 et
1720 1302 1823 1340 non
1865 1295 1938 1339 est
1978 1286 2113 1340 alius

499 1387 692 1448 praeter
715 1394 794 1430 me
815 1375 955 1431 Deus
979 1376 1158 1450 (Deut.
1176 1394 1349 1440 χχχιι,
1377 1377 1490 1448 59).
1514 1377 1582 1432 Et
1608 1379 1794 1433 Esaias
1817 1379 1950 1433 dicit
1968 1397 1980 1433 :
1998 1377 2112 1452 Ego

498 1473 700 1540 primus
721 1480 768 1525 et
800 1488 892 1543 ego
923 1472 1248 1538 novissimus,
1296 1481 1343 1526 et
1375 1480 1558 1541 praeter
1605 1489 1683 1527 me
1721 1490 1823 1526 non
1861 1483 1935 1526 est
1970 1471 2112 1526 Deus

502 1564 660 1635 (lsai.
700 1580 850 1627 κων,
886 1563 963 1635 6).

572 1666 674 1721 Τιι.
695 1697 764 1707 -
784 1665 1160 1721 Sacratissima
1191 1666 1395 1722 Christi
1417 1681 1520 1720 vox
1549 1675 1653 1732 est,
1684 1682 1845 1736 quam
1874 1667 1918 1722 si
1943 1676 1997 1721 tu
2020 1683 2111 1720 vo-

495 1760 664 1816 lueris
716 1775 1074 1830 cognoscere,
1127 1768 1345 1829 Oportet
1395 1769 1446 1813 te
1501 1760 1732 1828 primum
1780 1759 2024 1822 credere,
2059 1769 2113 1814 et

495 1862 624 1908 tunc
652 1853 873 1907 demum
916 1852 1123 1922 puteris
1153 1852 1481 1922 intelligere.
1522 1851 1716 1906 Esaias
1747 1855 1889 1906 enim
1925 1852 2113 1906 redar-

497 1948 614 2017 guit
644 1956 695 2002 te
723 1947 914 2002 dicens
940 1965 952 1999 :
984 1945 1106 2000 Nisi
1135 1948 1482 2015 credideritis,
1508 1966 1609 2002 non
1633 1948 1929 2021 intelligetis
1954 1947 2108 2020 (Isai.

497 2056 596 2103 vn,
633 2039 686 2103 9,
719 2057 822 2094 sec.
852 2039 1040 2110 LXX).
1074 2039 1456 2095 Indubitanter
1506 2041 1671 2111 igitur
1719 2041 1886 2095 Deum
1937 2043 2113 2096 omni-

494 2143 778 2204 potentem
835 2135 1165 2189 invisibilem
1220 2135 1488 2202 novimus,
1520 2144 1574 2189 ct
1601 2135 1826 2201 scimus,
1875 2145 1931 2190 et
1976 2135 2112 2190 coli-

495 2244 620 2284 mus
651 2247 663 2282 :
689 2229 948 2298 deinceps
985 2226 1262 2284 Christum
1297 2229 1464 2284 Deum
1495 2239 1551 2283 et
1584 2229 1673 2283 Dei
1711 2227 1906 2282 Filium
1949 2228 2116 2299 proli-

493 2329 698 2378 temur.
729 2321 886 2389 Quod
912 2331 1094 2376 auth
1129 2321 1264 2376 dicit
1290 2341 1300 2374 :
1329 2321 1442 2395 Ego
1469 2323 1671 2393 primus
1699 2332 1749 2374 et
1775 2340 1868 2392 ego
1897 2323 2113 2377 novissi—

495 2431 630 2482 mus,
663 2416 804 2470 duos
833 2413 1099 2469 adventus
1129 2415 1334 2469 Christi
1364 2416 1662 2485 signiﬁcat.

566 2515 686 2571 Snt.
715 2547 784 2556 —
815 2515 954 2584 Quid
1003 2514 1134 2571 illud
1183 2516 1330 2586 quod
1372 2517 1450 2571 ait
1481 2535 1494 2572 :
1524 2513 1728 2572 Precter
1766 2533 1846 2570 me
1893 2535 1994 2571 non
2040 2529 2112 2573 est

503 2608 686 2664 Deus?

571 2709 672 2765 Τιι.
705 2741 776 2749 ——
801 2709 1052 2764 Christus
1102 2709 1246 2765 Deus
1294 2719 1350 2765 et
1403 2710 1500 2766 Dei
1548 2711 1716 2766 Filius
1746 2713 1814 2768 de
1854 2728 1913 2768 se
1949 2713 2110 2779 dixit,

493 2803 622 2872 quia
671 2801 1009 2871 prtevidebat
1059 2803 1467 2857 Antichristum
1513 2813 1826 2858 venturum.
1882 2805 1959 2860 De
2005 2820 2113 2874 quo

496 2893 793 2949 Zacharias
825 2893 1092 2964 propheta
1124 2894 1256 2947 dicit
1287 2911 1299 2948 :
1336 2893 1472 2949 Ecce
1492 2898 1752 2950 suscitabo
1781 2907 2038 2964 pastorem
2059 2897 2115 2950 in

498 2997 657 3050 terra,
691 2995 739 3040 et
768 2986 905 3055 quod
948 2985 1156 3053 deﬁciet
1187 3003 1291 3038 non
1321 2987 1576 3052 visitabit,
1624 2997 1673 3041 et
1714 2989 1972 3059 dispersos
2010 3004 2114 3041 non

493 3081 742 3150 requiret,
777 3089 822 3132 et
862 3078 1272 3133 contribulatum
1319 3097 1423 3133 non
1465 3079 1681 3135 salvabit
1707 3124 1720 3147 ,
1765 3092 1809 3134 et
1856 3083 2114 3154 integrum

495 3191 603 3228 non
631 3175 1023 3241 consummabit,
1059 3183 1105 3227 et
1146 3191 1324 3228 carnes
1374 3176 1660 3229 electorum
1700 3177 1944 3242 comedet,
1971 3175 1998 3213 ι)
2029 3193 2109 3230 eoo
2137 3205 2184 3268 Ο
2220 3175 2508 3268 “:”""'_

496 3285 615 3320 rum
644 3276 848 3321 evertet.
882 3265 1103 3321 Gladius
1134 3284 1290 3334 super
1323 3267 1594 3320 brae/tium
1625 3270 1785 3340 ipsius
1815 3280 1914 3334 est,
1947 3279 1991 3323 et
2020 3287 2112 3322 su-
2138 3245 2184 3268 υ
2292 3248 2480 3302 1""—
2504 3247 2686 3313 Erras,
2716 3245 2922 3340 Judmcv
2952 3261 3049 3302 "ec
3076 3261 3331 3340 “mfl‘mm
3360 3245 3613 3340 invfnies
3637 3247 3820 3340 Ver“?

501 3374 594 3430 per
624 3361 835 3413 oculum
864 3361 1104 3412 dextrum
1136 3359 1300 3430 ipsius
1348 3359 1570 3428 are/iens
1620 3337 1830 3429 are/iet,
1861 3370 1905 3414 et
1936 3361 2116 3414 oculus
2219 3349 2351 3405 tem,
2385 3341 2487 3395 ηίδί
2518 3341 2768 3394 velimus
2801 3339 3073 3407 il'leuigas
3104 3338 3396 3408 οτίείηεῐηο
3444 3337 3580 3394 Nam
3624 3339 3668 3394 εί
3699 3338 3821 3394 νείίε

498 3455 663 3525 ipsius
691 3453 1035 3508 obctecabitur
1065 3454 1241 3507 dexter
1293 3451 1516 3521 (Zacch.
1567 3469 1672 3517 xu,
1709 3453 1794 3523 16)
1831 3471 1842 3506 :
1891 3453 2113 3524 proinde

2226 3434 2466 3498 credere,
2499 3431 2706 3501 poteris
2735 3431 2864 3487 etin
2895 3430 3159 3500 principio
3189 3430 3309 3500 ejus
3331 3431 3580 3486 invenire
3606 3433 3730 3502 quis
3749 3439 3825 3485 est

503 3521 760 3601 Christus
785 3545 918 3599 dicit
951 3563 962 3596 :
998 3543 1112 3617 Ego
1142 3545 1341 3612 primus
1362 3553 1408 3598 et
1439 3561 1533 3615 ego
1561 3521 1905 3600 novissimus,-
2219 3526 2471 3581 Christus
2497 3526 2590 3580 Dei
2619 3524 2788 3579 Filius
2834 3543 2848 3579 :
2888 3524 2967 3578 sic
2994 3525 3138 3578 enim
3169 3523 3244 3576 ait
3274 3542 3288 3578 :
3321 3521 3347 3559 ά
3378 3521 3529 3578 Fecit
3568 3522 3708 3577 Deus
3732 3539 3821 3577 cae-

2221 3620 2330 3671 lum
2361 3627 2407 3671 et
2449 3627 2662 3684 terram,
2697 3615 2801 3672 hoc
2842 3625 2925 3672 est
2958 3616 3010 3670 in
3041 3615 3242 3669 Christi
3274 3615 3527 3682 arbitrio,
3561 3624 3619 3671 et
3643 3615 3708 3670 ad
3739 3629 3822 3668 vo-

2222 3713 2486 3767 luntatem
2511 3712 2650 3781 ejus,
2675 3720 2730 3766 et
2751 3710 2819 3766 ad
2842 3711 2994 3780 cujus
3017 3709 3318 3780 imaginem
3339 3709 3625 3765 hominem
3645 3709 3822 3780 digna-

2221 3811 2311 3858 tus
2355 3812 2441 3858 est
2471 3802 2688 3867 facere;
2737 3801 2872 3856 dicit
2901 3803 3046 3856 enim
3078 3797 3402 3854 :Faciamus
3459 3801 3716 3856 hominem
3759 3798 3821 3853 ad

2224 3899 2499 3969 imaginem
2529 3907 2574 3949 et
2601 3897 2992 3950 similitudimm
3020 3893 3120 3948 Dei
3145 3910 3162 3947 :
3192 3895 3487 3950 masculum
3516 3904 3562 3950 et
3589 3895 3822 3966 feminam

2233 3991 2352 4061 fecit
2387 4008 2471 4044 eos
2499 3987 2653 4062 (Gen.
2688 4006 2726 4058 1,
2758 3989 2852 4056 26,
2881 3990 2996 4060 27).

2296 4094 2414 4150 Snt.
2443 4123 2514 4134 —
2542 4093 2725 4149 Potuit
2753 4093 2857 4149 hoc
2883 4104 2938 4150 et
2968 4093 3033 4149 ad
3057 4095 3292 4164 angelos
3321 4093 3552 4151 dixisse.

577 3653 700 3706 δικ.
727 3681 797 3690 --
825 3649 968 3718 Ergo
998 3656 1058 3702 tu
1082 3648 1220 3703 duos
1249 3647 1416 3703 facis?

580 3761 682 3814 Τιι.
711 3787 782 3798 -—-
810 3759 954 3814 Deus
982 3773 1121 3812 unus
1145 3767 1258 3825 est,
1301 3772 1368 3812 ex
1413 3773 1520 3827 quo
1542 3756 1814 3825 Christus,
1843 3769 1898 3815 et
1928 3762 1980 3815 in
2011 3777 2118 3831 quo

505 3855 654 3909 Deus
687 3869 702 3908 :
733 3851 873 3907 sicut
906 3862 927 3888 ο
959 3851 1196 3906 Abrahae
1224 3849 1295 3906 ad
1330 3850 1509 3906 ilicem
1543 3852 1796 3907 Mambrae
1826 3862 1936 3910 tres
1959 3855 2115 3924 vidit,

505 3944 704 4014 quibus
729 3956 1048 4007 occurrens,
1086 3957 1254 3997 unum
1291 3942 1554 3997 salutavit
1600 3943 1790 4000 dicens
1825 3962 1838 3999 :
1871 3945 2115 4015 Domine,

499 4039 548 4092 si
594 4037 762 4092 inveni
802 4037 1026 4108 gratiam
1066 4045 1187 4089 ante
1220 4045 1287 4104 te,
1341 4037 1519 4105 accipe
1561 4053 1769 4108 aquam,
1802 4047 1850 4092 et
1889 4039 2122 4094 laventur

490 4129 667 4198 'petles
692 4128 868 4190 vestri,
901 4137 947 4181 et
978 4128 1231 4198 refrigera
1267 4136 1314 4181 te
1339 4128 1433 4182 sub
1479 4130 1714 4184 arborem
1760 4132 1916 4186 istam
1965 4133 2117 4204 (Gen.

508 4197 659 4288 svnt,
692 4219 780 4291 4);
811 4219 958 4290 quod
986 4197 1201 4275 scilicet
1221 4220 1496 4276 Abraham
1526 4221 1749 4278 videbat
1776 4197 2122 4295 prtesentiam
2240 4290 2269 4295 _
2302 4198 2696 4295 Tn":E_"“s’
2721 4197 2926 4254 ’κάπ’
2955 4197 3065 4254 C“
3097 4216 3338 4295 ""tftuam
3358 4197 3820 4295 Αηαείρνκηιέίίτάτ

511 4290 837 4380 divinitatis,
879 4313 1026 4384 quod
1075 4313 1239 4369 arbor
1283 4315 1466 4370 crucis
1507 4313 1713 4372 Christi
1759 4290 1968 4390 tegmen
1998 4336 2113 4378 cre-

2229 4290 2371 4348 Deus
2399 4310 2417 4347 :
2449 4291 2624 4346 Filius
2652 4309 2792 4346 meus
2823 4310 2876 4348 es
2926 4302 2981 4346 tu
3010 4309 3027 4346 :
3055 4309 3148 4364 ego
3179 4294 3333 4348 hodie
3377 4293 3535 4364 genui
3565 4302 3614 4347 te
3639 4291 3819 4366 (Hebr.

514 4409 766 4465 dentibus
815 4407 1089 4479 refrigerii
1141 4417 1450 4478 praestaret,
1499 4409 1569 4465 de
1613 4427 1722 4482 quo
1765 4385 2029 4485 propheta
2072 4417 2123 4471 in
2230 4385 2395 4485 ἥδη
2429 4387 2489 4440 Et
2522 4401 2716 4485 {ursus
2757 4386 2814 4441 in
2845 4386 3060 4485 psaljno
3091 4387 3229 4440 die"
3255 4386 3604 4485 ἶνίηάρωη
3646 4401 3821 4485 Ρωξίξξπ

518 4504 727 4573 psalmo
775 4521 791 4557 :
836 4475 979 4557 Deus
1019 4475 1157 4556 stetit
1186 4504 1240 4556 in
1269 4521 1535 4579 synagoga
1573 4475 1808 4578 deorum,
1857 4475 1909 4564 in
1957 4513 2127 4567 medio
2228 4478 2681 4579 ἱῃωηηθπειδαηῖ
2711 4495 2818 4579 Pr?
2853 4480 3060 4579 κῆρυξ
3085 4487 3236 4533 terra:
3259 4477 3382 4579 (β’
3417 4494 3684 4579 ιχδξἮΨ
3713 4475 3819 4546 es)‘

514 4571 688 4650 autem
729 4596 852 4648 deos
893 4594 1154 4666 dijudicat
1201 4571 1376 4664 (Psal.
1401 4571 1612 4665 ⁷ιλιιςι,
1668 4601 1746 4670 1).
1797 4571 2006 4674 ὐιίίιιιθ
2060 4604 2129 4660 de
2157 4607 2207 4668 D
2232 4573 2454 4674 fméelis
2485 4584 2668 4628 amem
2711 4573 2886 4643 iube"
2920 4571 3197 4674 chriswn}
3240 4571 3598 4674 ad9rem'_E_"
3637 4573 3820 4626 "erum

514 4687 738 4743 Christo
761 4687 916 4754 dicit,
945 4665 1037 4756 qui
1074 4688 1128 4740 in
1149 4703 1420 4758 synagoga
1444 4689 1673 4746 deorum
1699 4665 2122 4760 δοουί,”ρινίτ,
2157 4665 2189 4668 ⁷
2234 4668 2286 4723 in
2319 4668 2604 4724 Canticum
2641 4668 3053 4724 Deuteronomii
3084 4667 3220 4722 dicit
3253 4665 3601 4760 :“Ltetam‘ini,
3637 4673 3816 4739 gentes,

517 4787 663 4834 tutes
695 4778 826 4834 fecit
857 4796 869 4830 :
903 4755 1134 4847 proinde
1162 4755 1216 4834 in
1241 4755 1454 4849 psalmo
1481 4755 1900 4853 quadragesimo
1926 4798 2113 4856 quarto

2230 4779 2344 4816 cum
2365 4779 2446 4825 eo,
2469 4772 2515 4816 et
2539 4761 2756 4816 adorent
2784 4778 2901 4814 eum
2927 4777 3102 4816 ontnes
3131 4757 3302 4831 angeli
3324 4755 3425 4811 Dei
3452 4757 3635 4829 (Deut.
3663 4771 3816 4819 xxxtt,

515 4869 654 4924 dicit
685 4887 698 4922 :
733 4867 972 4922 Thronus
1013 4878 1163 4935 tuus,
1214 4869 1374 4936 Deus,
1424 4873 1476 4925 in
1503 4850 1716 4928 iswcula
1761 4850 2067 4932 surculorum
2101 4896 2118 4931 ,ο
2229 4853 2318 4918 δδν
2356 4869 2459 4907 ⁸⁸⁸·
2487 4850 2678 4924 Lxx)°

514 4963 661 5031 virga
703 4962 978 5030 tequilatis,
1008 4961 1150 5033 virga
1178 4963 1324 5034 regni
1352 4964 1428 5016 tui
1462 4979 1481 5017 :
1511 4964 1741 5020 dilexisti
1779 4970 2042 5038 justitiam
2072 4981 2119 5024 et
2299 4957 2418 5011 S‘M-
2447 4986 2518 4997 ·-·
2547 4956 2719 5012 Ρΐοὶκὶ
2752 4955 2886 5037 milli
2913 4953 3186 5010 ChriSltlm
3216 4967 3337 5009 esse
3369 4953 3698 5024 principem.

518 5053 674 5105 odisti
694 5051 1039 5121 iniquitatem,
1064 5063 1339 5122 propterea
1356 5054 1611 5110 benedixit
1635 5066 1683 5110 te
1708 5056 1845 5113 Deus
1868 5069 1984 5115 tuus
2006 5062 2118 5116 oleo
2306 5060 2405 5114 Τιι.
2438 5090 2509 5099 --
2534 5061 2654 5114 .lam
2687 5058 2822 5112 dixi.
2851 5058 3049 5127 Accipe
3072 5073 3216 5111 nunc
3235 5057 3400 5112 aliam
3427 5057 3816 5127 probationem.

519 5147 711 5201 latitia:
735 5161 841 5215 pra:
868 5146 1208 5216 participibus
1232 5147 1333 5200 tuis
1362 5146 1538 5216 (Psal.
1562 5167 1703 5215 mv,
1726 5154 1802 5222 7).
1828 5154 1958 5221 Quis
1983 5155 2124 5210 Deus
2233 5155 2277 5208 si
2329 5151 2571 5223 potueris
2602 5151 2685 5206 vel
2717 5152 2795 5206 sic
2830 5151 3078 5206 credere.
3106 5149 3240 5205 Nam
3291 5167 3417 5206 cum
3477 5154 3638 5207 Jesus
3687 5151 3819 5205 [ilius

515 5247 740 5310 propter
765 5252 924 5307 quem
965 5237 1132 5292 Deum
1164 5238 1327 5305 dixit,
1355 5238 1582 5296 .ludaee?
1622 5242 1819 5313 Utique
1847 5246 1988 5301 Deus
2019 5246 2122 5300 Pa-
2238 5245 2385 5300 Nare
2435 5252 2606 5299 staret
2637 5254 2786 5298 trans
2815 5243 3132 5308 .lordanem,
3167 5243 3349 5298 virum
3379 5244 3516 5299 vidit
3553 5254 3816 5306 stantem;

518 5343 601 5388 ter
628 5331 908 5387 Christum
950 5331 1045 5385 Dei
1077 5331 1298 5397 Filium,
1334 5349 1433 5402 pro
1472 5351 1582 5405 quo
1611 5347 1664 5390 et
1693 5337 1761 5391 de
1791 5355 1900 5406 quo
1931 5355 2120 5410 recep-
2233 5347 2291 5393 et
2317 5337 2530 5407 gladius
2562 5349 2793 5407 utraque
2823 5346 2973 5406 parte
3005 5344 3192 5390 acutus
3226 5337 3281 5391 in
3315 5353 3479 5392 manu
3513 5337 3652 5407 ejus.
3687 5336 3822 5391 Dixit

512 5425 755 5480 tissimus
794 5423 1177 5493 prophetarum
1209 5424 1480 5480 .leremias
1518 5427 1651 5483 dicit
1681 5447 1693 5482 :
1738 5429 1838 5483 Hic
1881 5429 2042 5497 Deus,
2072 5442 2120 5485 et
2236 5430 2317 5484 illi
2348 5429 2512 5484 Jesus
2547 5448 2559 5483 :
2597 5429 2792 5483 Noster
2819 5444 2890 5496 es,
2919 5445 2984 5480 an
3031 5428 3496 5484 adversariorum?
3522 5427 3638 5501 Ego
3688 5427 3821 5498 prin-

514 5537 619 5573 non
645 5527 718 5573 est
758 5519 916 5586 alius,
944 5535 1036 5572 nec
1061 5521 1406 5575 testintabitur
1434 5522 1625 5591 absque
1650 5523 1742 5576 illo
1768 5541 1781 5576 :
1813 5525 1901 5594 qui
1929 5526 2119 5579 invenit
2226 5543 2344 5596 ceps
2373 5525 2572 5579 militia:
2597 5523 2884 5595 majestatis
2911 5523 3123 5576 Domini
3147 5521 3290 5595 (10s.
3318 5539 3373 5590 v,
3405 5522 3518 5594 M).

517 5739 523 5745 -
589 5716 614 5779 ξι
639 5704 948 5779 [ﬁgendum
976 5705 1211 5779 videtur,
1240 5724 1306 5761 ea:
1330 5705 1588 5779 Nazarene
1617 5705 1880 5763 Judaeum.
2300 5724 2322 5750 θ
2356 5713 2540 5779 Forte,
2572 5715 2852 5768 Abraham.

589 5775 616 5811 ι’
643 5777 803 5858 Deest
831 5777 1048 5858 aliquod
1077 5777 1412 5858 verb‘uni.‘lii
1444 5777 1661 5846 vulgata
1701 5779 1940 5838 editione
1980 5782 2113 5853 legi-
2297 5783 2322 5819 ά
2347 5785 2488 5856 Lege
2525 5775 2588 5840 In
2621 5786 2874 5858 principio
2901 5785 3043 5854 fecit,
3063 5794 3176 5839 etc.

518 5854 622 5914 tur,
654 5856 701 5901 et
725 5849 952 5918 ungulas
979 5864 1154 5902 eorum
1179 5849 1441 5901 dissolvet.
