4060 6344
266 366 404 425 H69

619 366 1063 426 ALTERCATIO
1102 367 1312 424 INTER
1352 325 1804 425 'I‘IIEOPIIILUM
1843 367 2313 427 CHRISTIANUM
2356 368 2442 425 ET
2485 368 2793 426 SIMONEM
2831 369 3156 429 JUDEUM.

3425 374 3566 431 “70

332 487 452 545 Sus.
478 519 549 529 ——
578 488 646 543 Et
676 488 778 544 hoc
810 488 939 543 volo
972 487 1104 543 mihi
1144 486 1441 558 edisseras,
1466 486 1745 557 quomodo
1778 496 1863 543 est
1890 490 1944 550 Α
1968 485 2144 553 cretes,
2173 486 2388 541 aderam
2413 503 2530 540 cum
2556 480 2868 555 illo;etcum
2895 499 3180 545 secerneret
3204 491 3376 547 sedem
3395 509 3568 561 suam,

262 580 433 637 Filius
462 580 755 648 Christus;
811 596 933 636 nam
957 588 1013 636 et
1037 595 1231 636 omnes
1262 582 1440 635 sancti
1475 580 1573 635 ﬁlii
1602 580 1703 637 Dei
1730 580 1861 636 dicti

258 684 390 731 sunt
422 694 433 729 :
464 674 699 747 proinde
722 673 864 730 sicut
896 674 1032 729 mihi
1078 673 1324 745 probasti
1360 673 1659 745 principem
1706 673 1861 728 illum

259 783 415 835 esse,
451 768 621 838 proba
653 782 797 823 nunc
842 767 940 824 Dei
968 766 1168 822 Filium
1199 766 1357 821 illum
1391 782 1457 822 ex
1486 766 1601 822 Deo
1646 774 1859 821 natum.

257 861 448 933 Longe
470 861 618 917 enim
643 869 854 917 remota
883 869 968 917 est
991 860 1255 916 Divinitas
1272 876 1299 914 a
1319 860 1554 916 coitibus
1576 858 1856 926 humanis,

257 973 361 1013 nec
395 957 664 1013 miscetur
692 956 993 1027 amplexui.

324 1049 427 1106 Tn.
456 1049 825 1121 -—Loqueris
872 1049 1030 1121 quasi
1084 1048 1329 1105 Judmus.
1380 1048 1554 1116 Nam,
1601 1047 1857 1104 Christus

256 1143 423 1208 Deus,
460 1143 607 1199 Deus
650 1142 845 1211 Filius,
874 1144 1294 1214 primogenitns,
1328 1142 1495 1198 verbo
1527 1141 1729 1210 editus,
1760 1157 1858 1199 ore

261 1239 534 1311 prolatus.
558 1237 713 1295 Sicut
740 1237 885 1294 enim
913 1238 1059 1295 Deus
1085 1253 1206 1293 cum
1253 1238 1532 1294 hominem
1568 1239 1619 1292 in
1645 1237 1854 1309 princi-

252 1332 344 1403 pio
386 1347 418 1387 e
450 1332 583 1387 Iimo
626 1341 789 1387 teme
836 1330 1061 1399 fecerat,
1088 1330 1273 1386 ﬂatum
1316 1345 1476 1386 suum
1509 1329 1563 1385 in
1597 1329 1853 1385 eumdem

251 1425 582 1497 spiraverat,
616 1434 675 1481 et
701 1425 875 1480 lactus
905 1432 990 1481 est
1029 1424 1196 1480 homo
1252 1424 1306 1478 in
1359 1424 1596 1478 animam
1639 1423 1852 1490 vivam;

250 1521 388 1576 etita
402 1519 647 1576 Verbum
669 1533 856 1585 suum,
873 1519 978 1574 hoc
999 1516 1380 1574 estChristum
1406 1533 1473 1573 ex
1499 1525 1657 1572 utero
1674 1516 1855 1572 cordis

251 1614 335 1670 sui
367 1613 591 1686 genuit;
619 1614 763 1669 sicut
793 1615 846 1668 in
872 1612 1115 1668 Basilion
1145 1612 1290 1668 libro
1316 1612 1560 1668 secundo
1582 1609 1718 1666 dicit
1744 1627 1756 1665 :
1784 1608 1855 1664 Et

253 1707 351 1779 fuit
398 1708 608 1762 verbum
656 1706 865 1762 Domini
899 1707 968 1761 ad
1017 1706 1232 1762 Nathan
1280 1706 1583 1779 praphetam
1629 1705 1854 1760 dicens:

262 1798 403 1854 Vade
430 1809 481 1855 et
505 1801 590 1855 die
616 1815 764 1855 servo
794 1816 906 1855 meo
937 1799 1110 1854 David
1135 1816 1154 1855 :
1183 1816 1290 1854 non
1319 1811 1373 1853 tu
1408 1798 1695 1864 wdiﬁcabis
1732 1798 1860 1852 mihi

1961 580 2170 653 quando
2201 581 2359 651 fortia
2384 580 2607 651 faciebat
2650 581 2995 649 fundamenta
3041 591 3213 650 terrae,
3238 601 3380 640 eram
3407 586 3567 642 simul

1962 690 2076 729 cum
2120 673 2214 728 illo
2245 674 2549 741 disponens.
2593 671 2707 745 Ego
2735 689 2877 729 eram
2906 676 2988 728 cui
3013 672 3367 749 adgaudebat,
3392 679 3569 750 quoti-

1962 766 2046 821 die
2075 776 2247 820 aulem
2284 764 2500 820 lwtabar
2528 766 2583 819 in
2615 766 2803 838 faciem
2847 768 2980 838 ejus,
3016 784 3134 823 cum
3164 770 3427 826 lwtaretur
3456 773 3571 828 orbi

1958 859 2183 929 perfecto
2214 853 2399 927 (Prov.
2428 873 2546 923 vrn,
2573 856 2666 924 22,
2695 856 2787 924 50,
2803 873 2910 912 sec.
2937 856 3130 930 LXX).

2030 949 2147 1005 δικ.
2176 977 2246 989 --
2274 949 2464 1005 Potest
2492 948 2598 1004 hoc
2638 962 2738 1019 pro
2776 950 3045 1020 sapientia
3078 949 3310 1009 dixisse.

2032 1041 2210 1098 Tu.-—
2240 1042 2652 1110 Erras,.Iud:ee,
2670 1041 2914 1097 etveluti
2936 1043 3186 1099 velamen
3202 1040 3389 1116 [Forte
3414 1048 3566 1104 vela-

1959 1136 2132 1209 mine]
2168 1136 2492 1208 ignorantiac
2544 1151 2742 1191 sensus
2774 1146 2897 1192 tuus
2944 1149 3233 1194 contectus
3284 1151 3393 1196 est.
3443 1142 3565 1199 Non

1957 1231 2234 1287 immerito
2277 1233 2658 1289 sanctissimus
2716 1222 2936 1306 Moyses
2987 1235 3278 1292 velaminis
3323 1238 3565 1310 tegmine

1956 1324 2153 1382 faciem
2182 1327 2418 1396 velabat,
2444 1326 2591 1398 quod
2613 1328 2867 1383 velamen
2890 1329 3057 1384 corda
3075 1339 3259 1385 vestra
3278 1329 3557 1385 contexit.

1957 1422 2173 1478 Accede
2203 1422 2434 1492 proinde
2461 1422 2529 1477 ad
2563 1422 2856 1478 Dominum
2897 1433 2955 1478 et
2984 1424 3081 1479 Dei
3114 1423 3338 1493 Filium,
3369 1434 3425 1479 et
3467 1438 3564 1479 au-

1957 1513 2164 1570 feretur
2190 1514 2259 1569 de
2287 1515 2545 1571 sensibus
2567 1516 2676 1571 tuis
2701 1525 2919 1586 tegmen
2956 1517 3300 1588 ignorantiae.
3331 1517 3563 1589 Sapien-

1959 1608 2048 1663 tia:
2070 1607 2273 1661 dictum
2296 1606 2879 1678 existimas,ignorans
2908 1609 3167 1678 quoniam
3191 1608 3561 1678 Christusipse

1957 1708 2032 1755 est
2077 1700 2175 1753 Dei
2224 1700 2387 1754 virtus
2436 1710 2484 1753 et
2532 1697 2631 1754 Dei
2678 1700 2937 1771 sapientia
2966 1701 3012 1771 (I
3042 1698 3166 1755 Cor.
3192 1717 3233 1766 I,
3263 1699 3377 1772 24).
3406 1699 3562 1757 Adeo

1962 1806 2119 1862 reges
2150 1793 2316 1846 vestri
2364 1792 2457 1860 qui
2508 1806 2604 1860 per
2651 1793 3058 1847 successionem
3091 1792 3417 1862 regnabant.
3449 1807 3563 1848 non

254 1895 462 1948 domum
503 1893 572 1948 ad
602 1893 981 1959 habitandum;
1008 1894 1101 1947 sed
1140 1909 1256 1947 cum
1289 1890 1488 1962 impleti
1519 1895 1711 1962 fuerint
1740 1890 1851 1945 dies
1880 1886 1929 1946 B
1957 1873 2215 1956 poterant
2249 1885 2570 1954 sapientiam
2614 1894 2670 1940 et
2715 1886 2975 1941 virtutem
3008 1887 3277 1957 accipere,
3312 1887 3417 1941 nisi
3457 1902 3559 1957 per

253 1990 351 2056 tui,
374 1987 635 2044 suscitabo
661 2005 830 2043 semen
859 1999 1004 2044 tuum
1034 1998 1151 2057 post
1193 1997 1241 2041 te
1272 1986 1393 2042 :hic
1432 1986 1713 2057 ludiﬁcabit
1756 1986 1851 2041 do-

253 2098 391 2137 mum
422 2082 621 2136 nomini
665 2098 801 2147 meo,
831 2091 880 2136 et
908 2081 1105 2152 erigam
1144 2082 1386 2135 thronum
1431 2082 1543 2151 ejus
1600 2097 1759 2152 usque
1798 2082 1852 2135 in

252 2178 443 2232 saecula
473 2193 490 2227 :
522 2185 569 2231 et
596 2193 691 2249 ego
729 2193 816 2232 ero
847 2177 929 2230 illi
971 2177 1026 2230 in
1058 2186 1279 2244 patrem,
1322 2181 1368 2229 et
1390 2176 1499 2248 ipse
1521 2175 1620 2228 erit
1644 2175 1772 2229 mihi
1798 2175 1855 2229 in

254 2272 443 2343 ﬁlium,
474 2280 526 2325 et
553 2270 712 2341 ﬁdem
756 2278 1101 2342 consequetur
1146 2278 1195 2325 et
1236 2269 1423 2324 domus
1455 2272 1567 2342 ejus
1610 2268 1679 2341 (ΙΙ
1718 2269 1850 2340 Reg.

255 2366 424 2434 vn,4,
448 2365 501 2428 5,
532 2364 621 2429 12,
650 2365 739 2432 15,
761 2364 876 2431 I6).
909 2363 976 2418 Et
1016 2364 1070 2418 in
1116 2362 1329 2430 psalmo
1378 2378 1415 2417 ιι
1449 2362 1585 2417 dicit
1617 2380 1632 2415 ι
1682 2361 1857 2429 Quare

255 2460 578 2530 fremuerunt
602 2468 801 2531 gentes,
833 2466 879 2511 et
910 2457 1099 2529 populi
1128 2456 1364 2511 meditati
1388 2464 1509 2511 sunt
1542 2453 1854 2525 inania(Ps.
1898 2484 1903 2491 ο

254 2568 314 2620 ιι,
344 2552 436 2624 I)?
464 2552 599 2608 Item
630 2553 682 2608 in
716 2552 928 2623 psalmo
959 2551 1383 2623 quadragesimo
1408 2559 1605 2621 quarto
1634 2566 1652 2604 :
1682 2547 1853 2603 Eruc-

255 2648 380 2703 tavit
419 2662 509 2701 cor
555 2663 722 2700 meum
766 2645 976 2700 verbum
1011 2647 1198 2699 bonum
1229 2661 1248 2698 :
1279 2644 1397 2698 dico
1427 2660 1520 2714 ego
1551 2658 1711 2710 opera
1742 2657 1856 2695 utea

252 2741 365 2813 regi
396 2738 516 2807 (Ps.
541 2755 688 2806 xuv,
715 2738 798 2811 ‘2).
818 2737 990 2794 Isaias
1014 2738 1149 2794 dicit
1180 2756 1192 2792 :
1224 2736 1624 2793 Consummatas
1649 2734 1855 2806 quidem

256 2842 306 2887 et
334 2832 656 2887 abbreviatas
686 2848 768 2887 res
797 2832 1011 2899 audivi;
1039 2831 1288 2901 quoniam
1320 2829 1544 2884 Verbum
1572 2829 1857 2882 breviatum

258 2926 385 2999 facit
413 2924 554 2981 Deus
602 2927 657 2979 in
710 2926 851 2980 omni
883 2934 1021 2979 terra
1058 2923 1196 2996 (Isa.
1231 2939 1287 2991 κ,
1318 2922 1435 2994 22).
1472 2923 1570 2978 Hic
1601 2931 1689 2977 est
1718 2921 1852 2976 Ver-

258 3018 386 3073 bum
428 3018 521 3089 qui
544 3019 778 3074 verbera
818 3029 1012 3073 nostra
1036 3017 1279 3085 sanavit,
1319 3015 1388 3071 de
1413 3030 1521 3086 quo
1555 3015 1607 3069 in
1640 3013 1855 3085 psalmo

256 3111 561 3168 centesimo
587 3113 779 3182 quinto
798 3110 930 3167 dicit
957 3130 969 3165 :
998 3110 1143 3166 Misit
1177 3109 1404 3164 Verbum
1434 3124 1605 3173 suum,
1635 3118 1682 3161 et
1702 3124 1859 3161 sana—

258 3206 329 3260 vit
349 3222 435 3259 eos
461 3203 580 3277 (Ps.
604 3220 705 3273 cv,
738 3205 857 3275 20).
900 3204 1037 3260 Item
1090 3203 1141 3257 in
1191 3203 1304 3256 alio
1345 3201 1556 3271 psalmo
1610 3201 1857 3256 testimo-

260 3298 409 3354 nium
443 3298 697 3369 perhibet
728 3298 994 3370 propheta
1026 3297 1216 3352 dicens
1249 3294 1393 3365 quod
1424 3296 1623 3351 coelum
1650 3293 1719 3349 de
1748 3309 1856 3365 quo
1883 3278 1927 3341 Ο

261 3407 423 3462 supra
443 3391 698 3457 diximus,
714 3388 955 3456 Christo,
980 3400 1034 3445 et
1066 3391 1117 3443 in
1140 3386 1362 3443 Christo
1389 3388 1479 3457 qui
1509 3397 1595 3443 est
1616 3386 1855 3443 Verbum

263 3484 384 3549 Dei,
414 3484 609 3539 fecerit
643 3503 655 3538 :
692 3482 860 3539 Verbo
889 3481 1105 3536 Domini
1135 3480 1250 3536 creti
1271 3480 1467 3550 ﬁrmati
1492 3492 1634 3549 sunt,
1660 3491 1708 3537 et
1733 3482 1859 3553 Spi-

259 3579 363 3633 ritu
385 3580 493 3633 oris
513 3582 627 3653 ejus
656 3579 824 3633 omnis
863 3577 1029 3631 virtus
1071 3590 1247 3630 eorum
1270 3572 1389 3644 (Ps.
1437 3589 1614 3641 χχχιι,
1644 3575 1726 3644 6).
1760 3575 1859 3630 IIic

261 3680 345 3728 est
382 3672 612 3728 Verbum
644 3670 738 3742 qui
767 3668 1031 3725 velociter
1052 3667 1313 3724 mundum
1338 3669 1634 3737 percurrit,
1663 3680 1717 3724 et
1744 3667 1861 3722 ani-

262 3783 380 3824 mas
410 3768 713 3823 errantium
758 3781 858 3839 per
888 3766 1062 3835 legem
1101 3779 1301 3820 novam
1330 3763 1396 3818 ad
1429 3762 1602 3818 Deum
1630 3779 1864 3819 conver-

265 3862 329 3916 tit
371 3878 386 3915 :
438 3862 505 3916 de
554 3875 661 3931 quo
710 3862 763 3915 in
816 3859 1028 3929 psalmo
1084 3858 1390 3914 centesimo
1440 3856 1862 3928 quadragesimo

262 3963 452 4008 sexto:
480 3951 582 4017 Qui
603 3951 790 4007 emittit
817 3950 1042 4005 Verbum
1072 3966 1224 4004 suum
1246 3962 1415 4014 terrm,
1442 3948 1686 4003 velociter
1699 3950 1861 4003 currit

263 4062 431 4101 sermo
459 4048 571 4119 ejus
619 4043 739 4115 (Ps.
788 4058 990 4108 CXLVII,
1027 4042 1144 4111 15).
1191 4044 1254 4097 Ει
1303 4042 1472 4097 Isaias
1520 4040 1654 4096 dicit
1687 4058 1698 4095 :
1728 4039 1864 4095 Ecce

278 4138 498 4194 Verbum
526 4136 734 4192 Domini
757 4135 954 4205 factum
980 4145 1054 4189 est
1090 4134 1200 4190 illis
1230 4136 1284 4188 in
1310 4134 1662 4199 maledictum,
1692 4142 1739 4188 et
1770 4150 1865 4188 no-

267 4234 472 4288 luerunt
500 4231 657 4287 illud.
685 4239 710 4268 ³
736 4230 871 4286 Nam
913 4228 1242 4298 prophetam
1297 4234 1547 4283 nostrum
1597 4226 1863 4282 Joannem

267 4325 585 4398 prOphetico
606 4339 703 4380 ore
729 4324 1054 4379 clamantem
1079 4339 1092 4376 :
1114 4319 1182 4374 In
1206 4320 1464 4390 principio
1480 4328 1587 4373 erat
1618 4317 1860 4387 Verbum,

269 4431 315 4475 et
349 4421 485 4475 Deus
514 4431 624 4475 erat
664 4418 905 4483 Verbum,
928 4426 976 4472 et
1034 4415 1260 4470 Verbum
1315 4425 1425 4468 erat
1473 4412 1618 4484 apud
1674 4413 1860 4469 Deum.

272 4515 391 4571 Hoc
416 4526 525 4571 erat
564 4517 617 4570 in
646 4515 905 4587 principio
946 4510 1092 4579 apud
1124 4510 1307 4565 Deum.
1344 4509 1535 4565 Omnia
1578 4524 1668 4577 per
1695 4509 1867 4580 ipsum

276 4609 414 4680 facta
442 4617 587 4677 sunt,
618 4615 665 4661 et
689 4608 799 4661 sine
822 4608 935 4677 ipso
964 4609 1160 4674 factum
1185 4611 1263 4657 est
1289 4600 1421 4656 nihil
1437 4599 1619 4673 (Joan.
1641 4616 1677 4664 ι,
1710 4602 1763 4664 I,
1782 4602 1864 4670 5).

1954 1976 2278 2032 vocabulum
2312 1977 2551 2032 nominis
2574 1978 2801 2033 Christi.
2833 1978 3005 2049 Hujus
3038 1979 3121 2035 rei
3147 1988 3432 2036 auctorem
3457 1980 3562 2036 Da-

1955 2068 2152 2124 nielem
2191 2068 2334 2124 dabo
2366 2070 2641 2126 dicentem
2674 2087 2688 2124 :
2717 2069 3026 2142 Signabitur
3073 2074 3213 2128 visus
3253 2084 3300 2128 et
3333 2074 3562 2146 prophe-

1954 2165 2047 2217 tia.
2104 2162 2312 2217 Orietur
2362 2165 2566 2235 iustitia
2608 2166 3026 2235 sempiterna,et
3069 2175 3290 2237 ungetur
3337 2167 3566 2224 Sanctus

1955 2265 2253 2310 sanctorum
2281 2273 2299 2311 .'
2327 2266 2373 2311 et
2398 2258 2554 2325 scies,
2587 2269 2635 2311 et
2663 2256 2920 2329 intelliges
2944 2259 3010 2313 ab
3035 2259 3178 2314 exitu
3215 2264 3472 2316 sermonis
3510 2263 3566 2317 in

1957 2350 2348 2417 respondendo;
2372 2359 2420 2404 et
2440 2351 2712 2420 aediﬁcabo
2744 2350 3079 2406 Hierusalem
3100 2368 3259 2424 usque
3285 2355 3355 2408 ad
3380 2351 3566 2411 Chris-

1960 2451 2069 2495 tum
2113 2440 2425 2497 christorum
2467 2452 2513 2497 et
2558 2442 2752 2514 Regem
2796 2459 2973 2516 regum
3027 2453 3357 2502 vestrorum:
3388 2450 3566 2503 unctio

1960 2535 2220 2592 Samarite
2265 2536 2465 2607 deﬁciet
2516 2553 2675 2592 cornu
2727 2536 2861 2592 illud
2891 2536 3056 2609 (Dan.
3098 2539 3315 2613 ψει).
3351 2541 3564 2602 Deinde

1957 2647 2114 2704 reges
2145 2632 2314 2689 vestri
2346 2634 2710 2705 ungebantur,
2743 2645 2799 2690 et
2829 2651 3023 2693 omnes
3069 2639 3352 2709 prophetae
3395 2642 3569 2698 silue-

1956 2736 2104 2795 runt,
2140 2729 2267 2797 quia
2313 2728 2382 2783 de
2428 2744 2539 2800 quo
2589 2728 2958 2799 loquebantur
3006 2733 3179 2801 venit,
3213 2734 3357 2789 sicut
3396 2734 3566 2791 Isaias

1958 2825 2032 2877 ait
2060 2840 2074 2877 :
2118 2821 2232 2894 Ego
2262 2839 2380 2878 sum
2408 2824 2499 2895 qui
2525 2825 2793 2895 loquebar,
2827 2836 2875 2879 et
2909 2827 3026 2880 veni
3060 2834 3119 2880 ut
3157 2827 3566 2900 euangelizarent

1955 2915 2093 2970 vobis
2126 2917 2143 2985 (
2175 2916 2287 2969 lsa.
2324 2932 2421 2982 LII,
2452 2915 2487 2971 6
2518 2916 2559 2987 ).
2615 2917 2876 2982 Proinde,
2926 2929 2984 2973 ut
3032 2918 3301 2986 diximus,
3332 2920 3451 2991 ipse
3480 2931 3568 2977 est

1956 3010 2209 3067 Christus
2253 3009 2611 3077 christorum,
2649 3011 2909 3067 Dominus
2948 3012 3322 3068 dominorum.
3365 3017 3570 3070 Aucto-

1960 3117 2073 3157 rem
2098 3101 2484 3173 Esaiam§dabo
2505 3102 2779 3158 dicentem
2810 3120 2823 3155 :
2849 3101 2941 3158 Sic
2969 3104 3096 3158 dicit
3120 3103 3570 3161 DominusChris-

1960 3208 2012 3253 to
2038 3214 2149 3252 meo
2177 3196 2403 3251 Domino
2445 3198 2527 3250 cui
2569 3198 2732 3251 tenuit
2758 3197 3020 3265 dextram,
3054 3206 3111 3251 ut
3139 3198 3424 3252 exaudiant
3448 3215 3567 3253 eum

1960 3299 2136 3368 gentes
2164 3308 2183 3347 :
2210 3291 2573 3359 fortitudinem
2605 3307 2786 3361 regum
2813 3291 3159 3363 disrumpam,
3191 3292 3425 3360 aperiam
3451 3299 3572 3346 ante

1959 3403 2072 3442 eum
2103 3393 2301 3458 portas,
2334 3395 2380 3439 et
2408 3385 2637 3440 civitates
2668 3400 2775 3437 non
2818 3383 3145 3439 claudentur.
3181 3382 3372 3438 Portas
3407 3400 3569 3440 cereas

1960 3480 2210 3552 aperiam,
2235 3487 2284 3533 et
2304 3489 2467 3533 vectes
2493 3482 2696 3551 ferreos
2725 3477 3077 3548 confringant,
3106 3486 3155 3531 et
3178 3477 3308 3532 dabo
3336 3477 3428 3533 tibi
3452 3476 3568 3532 the-

1960 3589 2144 3627 sauros
2197 3572 2523 3626 absconditos
2581 3569 2717 3643 (lsa.
2761 3584 2885 3635 xcv,
2918 3570 2995 3640 1).
3052 3569 3154 3625 Cui
3208 3586 3339 3641 ergo
3394 3570 3571 3626 tenuit

1962 3652 2212 3721 dextram
2244 3664 2425 3729 Pater,
2466 3664 2567 3719 nisi
2595 3661 2817 3718 Christo
2841 3659 3004 3730 Filio,
3031 3676 3194 3733 quem
3216 3677 3411 3718 omnes
3436 3677 3573 3734 gen-

1965 3771 2045 3816 tes
2077 3758 2465 3822 exaudierunt,
2497 3759 2641 3812 sicut
2673 3757 2726 3811 in
2769 3756 2989 3812 Psalmo
3028 3756 3163 3815 dicit
3201 3777 3214 3813 :
3251 3756 3330 3812 Tu
3367 3774 3571 3814 mecum

1962 3870 2163 3922 semper
2219 3852 2425 3907 tenuisti
2472 3868 2688 3907 manum
2738 3850 2977 3904 dextram
3037 3866 3203 3905 meam
3227 3848 3347 3923 (Ps.
3397 3866 3568 3921 LXXII,

1963 3948 2230 4018 24)?Aut
2268 3962 2393 4016 quae
2419 3948 2615 4001 civitas
2656 3945 2736 3999 illi
2778 3944 2964 3998 clausa
2999 3944 3123 3999 est?
3147 3945 3215 4000 Et
3254 3945 3343 4000 cui
3373 3961 3572 4002 omnes

1966 4052 2143 4115 portae
2170 4056 2329 4096 aerea:
2360 4039 2590 4109 patent?
2632 4039 2740 4092 Aut
2770 4038 3034 4105 numquid
3086 4046 3141 4093 et
3169 4037 3240 4092 de
3286 4037 3574 4093 nativitate

1967 4135 2086 4206 ejus
2116 4132 2339 4188 audebit
2366 4129 2689 4202 dieputare?
2715 4143 2837 4182 cum
2861 4126 3004 4182 idem
3023 4130 3323 4198 propheta:
3346 4125 3572 4182 Factum

1969 4226 2177 4282 verbum
2208 4225 2446 4293 Domini,
2477 4223 2676 4295 inquit,
2702 4222 2771 4275 ad
2799 4221 2973 4275 Achaz
3004 4239 3023 4277 .'
3058 4221 3181 4276 Pete
3226 4222 3319 4277 tibi
3360 4223 3572 4295 signum

1968 4336 2001 4373 a
2046 4319 2268 4376 Domino
2297 4318 2406 4373 Deo
2437 4327 2526 4372 tuo
2565 4318 2620 4370 in
2660 4314 2984 4383 profundum
3009 4313 3224 4383 inferni,
3257 4314 3363 4369 sive
3391 4315 3446 4368 in
3473 4330 3570 4369 ea:-

1969 4412 2159 4467 celsum
2213 4430 2398 4484 supra.
2453 4411 2518 4464 Et
2550 4410 2685 4463 dixit
2717 4407 2895 4461 Achaz
2926 4423 2946 4461 :
2981 4404 3100 4461 Non
3151 4418 3341 4480 petam,
3376 4416 3423 4461 et
3464 4425 3575 4462 non

1973 4507 2178 4563 tentabo
2211 4507 2511 4561 Dominum.
2545 4503 2612 4557 Et
2643 4503 2714 4556 ait
2742 4502 2966 4557 :Audite
2992 4502 3355 4565 nunc,domus
3375 4499 3574 4560 David:

1975 4599 2099 4655 Non
2127 4598 2379 4670 pusillum
2409 4598 2549 4652 vobis
2580 4603 2839 4649 certamen
2866 4594 2961 4647 erit
2992 4611 3108 4647 cum
3148 4592 3445 4649 hominibus
3469 4612 3489 4661 ;
3519 4604 3569 4649 et

273 4705 338 4759 Et
366 4719 557 4759 rursus
605 4702 774 4757 Filius
825 4699 941 4769 pari
996 4711 1201 4770 genere
1250 4695 1627 4751 testimonium
1689 4691 1868 4749 reddit
1895 4682 1949 4742 D
1973 4694 2187 4748 ideovos
2213 4690 2527 4766 praestabitis
2552 4697 2810 4744 certamen
2833 4703 2951 4740 cum
2980 4686 3298 4754 hominibus,
3321 4688 3571 4759 quoniam

271 4798 418 4855 Patri
448 4809 502 4853 et
534 4795 837 4853 nativitatis
869 4807 982 4848 suae
1012 4790 1239 4846 exordia
1268 4797 1522 4856 testatur,
1550 4788 1741 4842 dicens
1773 4802 1868 4856 per

272 4895 620 4949 Salomonem
655 4908 668 4944 :
702 4889 815 4964 Ego
846 4904 913 4943 ea:
943 4900 1031 4941 ore
1065 4884 1325 4939 Altissimi
1365 4883 1567 4954 prodivi
1610 4883 1872 4954 primoge-

276 4989 415 5041 nitus
436 4995 555 5040 ante
580 5001 781 5039 onmem
804 4972 1117 5037 creaturam.
1150 4978 1268 5050 Ego
1299 4979 1351 5032 in
1376 4973 1519 5031 cwlis
1544 4975 1642 5046 feci
1672 4983 1729 5027 ut
1766 4975 1873 5028 ori-

274 5088 417 5134 retur
455 5077 628 5132 lumen
668 5076 991 5145 indeﬁciens.
1025 5072 1141 5144 Ego
1170 5074 1225 5127 in
1253 5071 1523 5126 altissimis
1554 5066 1805 5134 habitavi,
1828 5077 1877 5122 et

276 5174 492 5227 thronus
534 5185 675 5223 meus
728 5168 780 5221 in
834 5167 1074 5220 columna
1118 5165 1269 5219 nubis
1307 5162 1496 5235 (Eccli.
1536 5177 1682 5228 xxrv,
1726 5159 1870 5230 5-7).

280 5264 448 5321 Vides
495 5278 626 5335 ergo
677 5261 1004 5317 exeuntibus
1035 5261 1280 5330 patrihus
1335 5259 1441 5313 tuis
1486 5258 1554 5314 de
1603 5256 1872 5329 IEgypto,

278 5363 404 5432 quia
443 5360 699 5416 Christus
729 5369 851 5412 erat
892 5356 985 5427 qui
1027 5356 1078 5410 in
1109 5356 1370 5410 columna
1408 5355 1564 5410 nubis
1597 5353 1879 5424 prtecede-

278 5454 373 5508 bat
397 5469 510 5509 eos.
546 5452 680 5507 Item
713 5451 826 5506 illic
867 5451 919 5505 in
949 5449 1263 5522 Proverbiis
1293 5448 1540 5517 ejusdem
1577 5466 1589 5500 :
1625 5447 1880 5501 Dominus

284 5546 519 5602 condidit
561 5562 642 5602 me
670 5547 725 5600 in
770 5544 920 5597 initio
950 5543 1150 5595 viarum
1180 5557 1417 5607 suarum,
1446 5540 1500 5594 in
1540 5540 1798 5612 principio
1826 5540 1880 5592 in

286 5656 446 5710 opera
484 5655 577 5694 sua
610 5654 627 5693 :
675 5647 955 5706 antequam
1005 5644 1199 5688 terram
1228 5634 1439 5702 faceret,
1480 5640 1529 5686 et
1557 5642 1676 5686 ante
1706 5647 1880 5686 omnes

292 5731 449 5787 colles
478 5731 651 5805 genuit
680 5747 778 5785 me.
812 5727 943 5785 Cum
965 5734 1197 5798 patraret
1224 5725 1353 5800 [leg.
1376 5738 1604 5801 pararet,
1625 5723 1883 5797 ἑτοίμαζε]

1975 4787 2229 4841 Dominus
2251 4784 2393 4839 Deus
2406 4784 2547 4839 dabit
2561 4783 2701 4837 vobis
2713 4781 2942 4851 signum:
2969 4779 3099 4835 Ecce
3121 4779 3281 4853 Virgo
3293 4781 3573 4852 concipiet,

1973 4890 2024 4935 et
2052 4881 2216 4950 pariet
2251 4877 2470 4946 Filium,
2502 4885 2550 4930 et
2574 4875 3042 4930 vocabiturnomen
3072 4877 3184 4948 ejus
3213 4872 3528 4929 Emmanuel
3551 4892 3576 4941 ;

1974 4976 2118 5043 quod
2144 4970 2558 5037 interpretatur,
2596 4965 2885 5020 Nobiscum
2909 4965 3047 5021 Deus
3062 4964 3199 5040 (Isa.
3230 4983 3324 5033 vn,
3352 4964 3575 5038 IO-M).

2049 5067 2166 5121 Sus.
2197 5094 2269 5105 —
2312 5064 2423 5135 Ego
2483 5059 2766 5133 prophetis
2813 5060 3005 5115 credo.
3052 5060 3327 5117 Praeterea
3381 5058 3577 5115 Isaiam

1978 5159 2414 5230 receptissimum
2446 5156 2696 5225 accipio;
2726 5154 2821 5210 sed
2850 5156 3014 5210 aliam
3059 5156 3332 5227 virginem
3371 5152 3581 5211 dixisse

1982 5254 2244 5310 arbitror.
2275 5249 2409 5307 Cum
2452 5251 2600 5305 enim
2655 5247 3045 5305 Salmanassar
3084 5263 3181 5304 rex
3232 5246 3587 5319 Assyriorum

1985 5346 2180 5402 ducem
2230 5358 2390 5398 suum
2443 5340 2680 5397 misisset
2734 5340 2802 5396 ad
2862 5340 3201 5395 Hierusalem
3250 5338 3587 5409 exprobrare

1990 5439 2163 5494 Deum
2184 5438 2403 5503 vivum;
2433 5446 2561 5491 tunc
2596 5436 2761 5491 Isaias
2795 5433 3149 5505 prophetavit
3180 5432 3445 5487 adversus
3463 5431 3587 5488 Sal-

1989 5544 2271 5587 manassar
2300 5544 2486 5599 regem
2518 5528 2708 5583 dicens
2742 5545 2756 5581 :
2791 5526 2998 5600 Sprevit
3027 5533 3099 5593 te,
3129 5524 3467 5579 subsannavit
3514 5533 3587 5592 te,

1988 5626 2130 5697 virgo
2168 5624 2281 5695 ﬁlia
2307 5623 2455 5680 Sion.
2486 5622 2654 5694 Caput
2686 5638 2837 5677 suum
2872 5629 3035 5674 movet
3066 5620 3345 5674 adversum
3372 5626 3442 5685 te,
3467 5618 3585 5688 ﬁlia

1990 5720 2327 5776 Hierusalem
2349 5716 2485 5791 (Isa.
2514 5732 2724 5783 xxxvii,
2750 5713 2868 5785 Ἠ).
2900 5712 3127 5781 Quando
3156 5723 3211 5767 et
3239 5710 3470 5783 angelus
3518 5710 3589 5767 de

380 5857 407 5886 ⁸
437 5848 535 5904 Hic
572 5844 774 5916 aliquid
827 5842 1040 5916 videtur
1086 5842 1296 5900 deesse.
1325 5842 1515 5912 Forte,
1546 5840 1674 5897 Non
1710 5838 1863 5897 velles
1884 5837 2189 5913 prophetam
2231 5843 2461 5890 nostrum
2503 5831 2758 5888 Joannem
2787 5830 2951 5901 :quia
2977 5828 3153 5887 Judaei
3179 5843 3287 5886 non
3319 5826 3592 5897 recipiunt

328 5921 413 5975 ovi
443 5919 486 5974 'I‘
514 5914 800 5975 estanienti
840 5914 1171 5985 Scriptores.
