4060 6344
170 388 173 393 ί
250 310 389 373 ma

610 304 1051 367 ALTERCATIO
1088 305 1299 366 INTER
1335 303 1795 379 THEOPHILUM
1831 300 2306 379 CHRISTMNUM
2349 302 2438 362 ET
2477 304 2791 366 SIMONEM
2828 305 3148 367 JUDEUM.

3403 307 3569 392 uti,

249 423 486 499 (Ediﬁca
518 423 642 493 mihi
671 424 838 478 altare
866 422 930 477 de
976 423 1377 493 lapidibus‘non
1422 422 1761 492 circumcisis,
1796 430 1843 481 et
1874 434 1925 507 Α
2022 419 2395 491 Tﬂ.-—Omnis
2413 424 2858 497 concupiscentia
2892 434 2945 483 et
2979 425 3155 491 libido
3172 425 3337 495 corde
3366 428 3551 495 conci-

250 521 447 589 ferrum
478 533 582 570 non
627 516 828 589 injicies
860 516 911 569 in
959 516 1031 570 eis
1059 513 1254 584 (Exod.
1284 532 1376 582 xx,
1400 513 1492 586 25)
1520 532 1537 567 ι
1566 513 1707 588 quod
1742 512 1851 567 sci-

248 608 378 665 licet
429 609 728 664 adveniens
775 607 1067 677 Christus,
1115 606 1421 664 Ecclesiam
1482 605 1851 675 trdilicaturus

252 714 367 759 erat
403 702 472 758 de
500 703 704 777 populo
727 701 1135 758 incircumciso.

321 795 696 850 Sm.—Proba
734 794 870 849 mihi
913 793 1191 849 Christum
1234 794 1509 855 neminem
1559 772 1849 848 circumci-

180 892 183 893 ⁷
254 890 421 946 disse.

320 982 703 1049 Tn.—Crede,
728 991 783 1038 et
832 982 948 1053 ipse
983 981 1079 1036 tibi
1113 980 1405 1054 probabis:
1452 995 1573 1037 cum
1621 978 1855 1049 caperis

250 1074 656 1148 plenitudinem
690 1075 1115 1146 Evangeliornm
1155 1074 1436 1128 revolvere
1465 1118 1479 1140 ,
1510 1072 1581 1128 ibi
1608 1071 1855 1126 invenies

252 1170 568 1241 Matthaeum
620 1168 935 1243 apostolum
986 1168 1373 1241 publicanum,
1426 1178 1474 1222 et
1534 1165 1855 1241 Zaccbzeum

250 1262 556 1334 principem
615 1261 1026 1336 publicanorum
1053 1305 1065 1325 ,
1105 1271 1159 1315 et
1191 1261 1391 1315 multos
1420 1259 1665 1317 invenies
1712 1268 1737 1294 λ
1768 1259 1853 1325 in~

251 1352 614 1419 circumcisus
638 1396 651 1418 ,
688 1352 781 1421 qui
812 1366 936 1405 cum
970 1350 1173 1407 Judaeis
1220 1350 1598 1406 crediderunt.
1640 1348 1776 1403 Nam
1810 1348 1856 1405 si

253 1445 440 1501 saeculi
500 1444 770 1500 sacrificia
798 1485 812 1509 ,
849 1444 1043 1499 hostiae
1096 1452 1383 1511 taurorum
1430 1452 1486 1498 et
1534 1443 1767 1513 arietum
1800 1451 1855 1496 et

250 1552 519 1609 agnorum
554 1537 708 1608 jussa
742 1536 1167 1591 immolabantur
1190 1580 1205 1604 ,
1241 1544 1297 1590 et
1320 1535 1595 1607 prohibita
1640 1534 1853 1593 sublata

253 1638 420 1694 sunt,
452 1639 506 1685 et
538 1629 771 1700 populus
804 1629 1012 1693 minor,
1048 1627 1101 1711 id
1134 1638 1216 1711 est
1240 1638 1429 1683 noster
1453 1669 1468 1696 ,
1501 1626 1696 1697 majori
1719 1641 1857 1697 prte-

251 1725 431 1791 latus,
466 1731 522 1779 ct
550 1722 960 1780 Testamentum
996 1706 1194 1776 novum
1243 1722 1413 1777 veteri
1446 1722 1802 1795 prmpositum
1836 1737 1851 1787 ;

1958 514 2104 583 pitur
2153 514 2426 591 :praiude
2472 516 2826 577 circumcisio
2878 518 3011 575 novi
3058 518 3393 587 Testamcuti
3423 517 3548 587 talis

1956 616 2067 674 est,
2113 623 2275 681 quam
2320 608 2465 661 Deus
2495 620 2550 671 et
2601 610 2854 673 Christus
2897 610 3071 667 Filius
3120 611 3241 681 eius
3286 610 3550 679 ostendit.

1954 696 2433 765 Circumvcidamus
2485 700 2765 759 libidinem
2799 744 2812 765 .
2849 702 3135 771 avaritiam
3161 744 3177 769 ,
3238 702 3509 769 malitiam
3536 745 3552 771 ,

1954 792 2314 862 cupiditatem
2350 834 2364 861 ,
2423 792 2606 857 furta,
2670 793 2890 853 fraudes
2926 837 2947 869 ,_
3006 794 3442 860 fornicationes;
3502 802 3557 849 et

1955 898 2121 942 omne
2150 885 2297 958 quod
2323 886 2417 941 tibi
2442 884 2559 945 fieri
2586 902 2699 957 non
2728 870 2853 957 vis,
2890 887 3001 947 alio
3031 902 3137 946 non
3172 887 3392 947 ieceris.
3426 885 3556 951 Haec

1955 979 2413 1041 estcircumcisio
2460 979 2900 1038 Christianorum
2934 1022 2951 1049 ,
2984 993 3221 1053 quamet
3244 980 3403 1051 primi
3430 995 3557 1037 san-

1954 1082 2169 1133 ctorum
2202 1073 2543 1139 habuerunt,
2571 1075 2780 1143 scilicet
2812 1075 3001 1133 Enocb
3022 1117 3038 1142 ,
3069 1074 3205 1141 Noe,
3224 1074 3329 1131 Job
3352 1082 3407 1129 et
3426 1074 3560 1131 Mel-

1956 1165 2291 1241 chisedech;
2339 1167 2428 1237 qui
2481 1181 2593 1221 non
2625 1167 2812 1225 carnis
2842 1211 2856 1235 ,
2909 1167 3007 1235 sed
3057 1167 3241 1225 cordis
3274 1166 3555 1233 circumci-

1957 1259 2170 1315 sionem
2204 1259 2533 1315 habuerunt.
2569 1260 2831 1337 Potuerat
2869 1259 3014 1325 Deus
3038 1259 3209 1321 Adam
3245 1268 3266 1297 ε
3313 1257 3551 1327 circurn-

1957 1348 2129 1407 cisum
2174 1351 2433 1406 formare.

2034 1443 2492 1515 Siu.-—Exaestuo
2531 1442 2841 1505 vehementi
2872 1444 3209 1515 cogitatione
3236 1488 3249 1513 ,
3282 1439 3557 1509 Christum

1961 1546 2067 1593 tam
2100 1535 2450 1605 maledictam
2480 1545 2534 1590 et
2582 1534 2940 1593 ludibriosam
2969 1534 3300 1595 sustinuisse
3351 1533 3558 1602 passio-

1960 1642 2126 1681 nem:
2161 1627 2206 1687 si
2241 1636 2421 1683 tamen
2475 1641 2603 1691 vera
2652 1637 2781 1683 sunt
2828 1643 2948 1699 qua:
3001 1626 3209 1693 dicitis,
3256 1640 3285 1679 a
3318 1624 3561 1703 patribus

1961 1721 2142 1777 crucis
2165 1718 2192 1765 ά
2216 1719 2519 1789 patibulum
2542 1735 2669 1776 eum
2696 1734 2819 1777 esse
2843 1708 3125 1779 Sufﬁxum.
3152 1718 3365 1775 Scimus
3389 1717 3563 1793 Amat)

254 1817 328 1872 ita
362 1826 416 1871 et
446 1815 924 1871 circumcisionem
952 1814 1062 1885 jam
1099 1828 1204 1868 non
1258 1804 1485 1881 carnis,
1530 1813 1624 1867 sed
1675 1812 1858 1869 cordis
1892 1825 1936 1885 Β
1966 1813 2321 1887 maledictum
2346 1830 2373 1881 a
2404 1812 2649 1883 patribus
2696 1813 2900 1873 nostris
2948 1828 3046 1889 pro
3074 1814 3271 1873 merito
3307 1827 3409 1885 suo,
3439 1826 3563 1871 esse

252 1909 543 1964 celebrare
578 1909 860 1979 prmcepit.
896 1907 1037 1963 Dicit
1072 1908 1214 1962 Deus
1239 1907 1303 1960 ad
1334 1906 1638 1962 Rebeccam
1672 1907 1723 1960 in
1756 1905 1861 1963 Ge—

254 2003 369 2059 nesi
398 2021 411 2058 :
458 2002 590 2056 Duw
620 2011 793 2072 gentes
814 2002 867 2054 in
907 2010 1053 2054 utero
1087 2008 1177 2054 tuo
1199 2007 1319 2054 sunt
1350 2042 1363 2067 ,
1396 2010 1445 2053 et
1473 1999 1579 2054 duo
1598 1999 1775 2072 populi
1801 2000 1862 2069 de

265 2109 441 2154 ventre
482 2108 569 2150 tuo
599 2096 923 2160 dividentur,
958 2105 1005 2147 ct
1038 2093 1261 2165 populus
1290 2095 1537 2165 pupulum
1564 2086 1855 2165 superabit,

254 2203 299 2247 et
332 2195 502 2264 major
535 2191 720 2244 serviet
774 2190 965 2243 minori
996 2186 1152 2257 (Gen.
1193 2204 1298 2240 xxv
1326 2232 1339 2255 ,
1374 2185 1489 2259 23).
1533 2186 1599 2240 Ει
1632 2187 1681 2239 in
1719 2185 1860 2245 Den-

254 2286 571 2344 teronomio
592 2285 725 2339 dicit
754 2301 765 2337 :
827 2283 987 2336 Erilis
1042 2292 1219 2354 gentes
1250 2283 1301 2334 in
1331 2289 1527 2353 caput,
1561 2277 1862 2353 incredulus

255 2391 431 2435 autem
461 2377 686 2451 pOpulus
705 2378 754 2429 in
785 2378 955 2429 cauda
988 2375 1170 2446 (Deut.
1210 2362 1414 2439 xxvm;
1450 2371 1565 2446 44).
1602 2372 1668 2447 Et
1692 2371 1862 2437 Jacob

258 2473 599 2531 benedicens
625 2470 887 2539 Ephraim
914 2480 967 2525 et
998 2468 1271 2543 lllanasse,
1307 2469 1598 2535 immutans
1643 2481 1863 2541 manus,

255 2568 510 2623 dextram
542 2564 739 2623 minori
770 2578 1154 2635 superponens
1178 2604 1191 2629 ,
1228 2542 1663 2617 immutationem
1710 2542 1862 2619 crea4

259 2672 394 2717 tune
422 2660 856 2719 demonstrabat.
896 2658 999 2712 Pro
1022 2656 1377 2713 Testamento
1407 2665 1585 2711 autem
1622 2656 1859 2719 novissi-

257 2770 349 2809 mo
395 2756 474 2809 sic
505 2753 638 2809 dicit
680 2753 887 2808 Isaias:
948 2750 1081 2805 Ecce
1133 2752 1274 2821 facio
1333 2767 1461 2804 nova
1498 2794 1510 2816 ,
1565 2765 1679 2821 qua:
1726 2764 1861 2804 nunc

259 2850 529 2917 orientur,
583 2856 627 2901 et
679 2862 871 2917 ponam
917 2846 966 2909 in
1001 2844 1202 2899 deserto
1231 2836 1455 2913 ﬂumina
1511 2841 1647 2914 (Isa.
1706 2843 1863 2914 aut!)

261 2945 396 3014 l9),
440 2944 544 3013 hoc
593 2952 680 2999 est
732 2945 782 2995 in
839 2939 1080 3015 Ecclesia
1114 2938 1435 3013 Evangelia.
1488 2938 1553 2992 Et
1596 2938 1861 3015 Jercmipas

259 3036 431 3091 dicit:
467 3035 603 3090 Ecce
630 3036 737 3105 dies
770 3034 1020 3101 veniunt,
1057 3030 1185 3083 dicit
1217 3029 1518 3101 Dominus;
1550 3040 1593 3083 et
1621 3012 1863 3093 censum}

262 3129 410 3181 mabo
458 3127 673 3180 domum
718 3123 891 3179 Israel
921 3131 965 3176 et
1014 3124 1225 3176 domum
1257 3121 1444 3187 Juda,
1500 3112 1865 3193 testamentum

260 3237 493 3286 novum;
522 3238 625 3274 non
657 3219 762 3277 tale
789 3226 1153 3271 testamentum
1183 3214 1322 3285 quod
1359 3214 1593 3284 disposui
1624 3214 1863 3295 patribus

258 3315 472 3377 vestris,
506 3315 559 3367 in
586 3312 669 3366 die
698 3329 799 3384 qua
830 3310 989 3365 eduxi
1014 3325 1100 3365 eos
1129 3308 1192 3360 de
1224 3317 1361 3362 terra
1393 3306 1616 3385 {Egypti
1644 3305 1856 3379 (Jercm.

261 3426 319 3465 x1
342 3452 357 3477 ,
391 3411 469 3479 7).
499 3408 635 3463 Audi
670 3422 813 3461 nunc
845 3407 911 3460 de
944 3402 1368 3459 circumcisione
1402 3403 1678 3477 legislator
1710 3401 1860 3471 Moy-

262 3518 350 3559 ses
377 3503 505 3573 quid
540 3502 710 3556 dicit:
747 3499 813 3553 In
847 3497 1141 3557 novissimis
1181 3497 1363 3561 diebus
1392 3496 1725 3548 circumcidet
1759 3492 1862 3547 Do-

261 3598 433 3651 minus
464 3613 553 3649 cor
596 3607 741 3650 tuum
794 3604 838 3646 et
868 3609 957 3645 cor
998 3591 1208 3644 seminis
1238 3598 1304 3642 ad
1357 3588 1641 3641 Dominum
1697 3585 1865 3639 Deum

263 3697 409 3742 tuum
456 3687 525 3740 ad
576 3686 886 3739 mandatum
940 3682 1121 3755 (Deut.
1166 3696 1267 3734 xxx
1299 3722 1311 3743 ,
1342 3680 1421 3748 '6).
1479 3678 1547 3733 Et
1595 3678 1866 3733 Jeremias

262 3784 370 3837 ait:
411 3780 527 3835 Viri
555 3778 733 3853 Iuda,
766 3788 813 3831 et
837 3779 924 3847 qui
956 3773 1594 3843 habitatisHierusalem,
1629 3780 1868 3831 renovate

262 3876 401 3929 vobis
430 3878 611 3926 novate
636 3915 649 3939 ,
682 3881 732 3935 et
751 3869 909 3925 nolite
951 3886 1119 3923 serere
1148 3884 1303 3941 super
1345 3869 1543 3937 spinas.
1579 3863 1867 3920 Circumci-

264 3968 451 4022 dimini
502 3964 614 4020 Deo
658 3975 850 4030 vestro,
881 3975 927 4017 et
973 3964 1330 4023 circumcidite
1390 3962 1648 4039 pra‘putia
1697 3960 1867 4013 cordis

265 4061 452 4126 vestri,
484 4075 547 4113 ne
569 4066 725 4113 exeat
749 4058 827 4109 ira
853 4064 899 4109 ct
923 4065 1140 4120 exurat,
1171 4066 1215 4109 et
1240 4072 1342 4107 non
1372 4056 1547 4125 sitqui
1574 4054 1869 4127 exstinguat

271 4155 494 4223 (Jerem.
530 4170 614 4218 ιν,
652 4154 717 4220 5,
753 4152 833 4221 li).
870 4151 937 4205 Et
983 4151 1047 4203 ad
1099 4148 1285 4207 Jcsunt
1337 4146 1483 4202 Nave
1510 4148 1643 4202 dicit
1678 4148 1818 4201 Deus
1852 4164 1865 4201 :

271 4247 382 4303 Fac
412 4248 503 4299 tibi
530 4246 735 4318 gladios
774 4246 1002 4317 petrinos
1046 4242 1201 4295 nimis
1240 4251 1419 4295 acutos
1444 4284 1457 4306 ,
1490 4250 1536 4293 et
1557 4239 1870 4311 circumcide

269 4339 497 4393 secundo
528 4336 666 4406 ﬁlio:
696 4333 865 4390 Israel
890 4332 1030 4404 (Ias.
1063 4349 1113 4392 v.
1138 4332 1219 4405 2).
1254 4332 1527 4403 Numquid
1559 4330 1731 4386 tuncb
1761 4332 1869 4387 fer-

269 4448 391 4488 rum
418 4431 651 4487 deerat?
683 4430 792 4487 Sed
822 4431 965 4484 Deus
985 4428 1051 4483 ad
1080 4428 1371 4482 Dominum
1406 4436 1650 4480 nostrum
1678 4425 1866 4482 Jesum

270 4522 547 4579 Christum
582 4523 907 4594 loquebatur
930 4563 944 4587 ,
975 4520 1118 4591 quod
1155 4534 1247 4595 per
1279 4518 1555 4589 apostolos
1594 4532 1725 4571 suos
1754 4516 1867 4585 Spi-

1968 1922 2298 1977 snspensum
2330 1948 2345 1971 ,
2377 1906 2469 1976 qui
2494 1920 2668 1979 genus
2700 1915 2947 1977 nostrum
3002 1905 3231 1981 petierat
3281 1905 3333 1959 in
3380 1904 3562 1975 perdi-

1970 1998 2207 2073 tionem,
2239 1999 2288 2075 in
2322 1998 2476 2068 cujus
2499 2008 2675 2055 morte
2700 2010 2918 2073 peracta
2944 2000 3196 2073 revoluto
3230 1999 3417 2071 (anno)
3440 2014 3564 2072 Bra-

1970 2094 2207 2150 tulamur
2240 2133 2253 2159 ,
2287 2092 2556 2155 solemnia
2582 2101 2833 2157 votorum
2866 2093 3002 2163 festa
3023 2092 3392 2157 celebramus,
3417 2091 3563 2163 quod

1966 2201 1995 2240 a
2028 2185 2284 2256 patribus
2312 2183 2567 2261 traditum
2595 2182 2907 2252 accepimus
2934 2202 2947 2247 ;
2979 2195 3033 2238 et
3059 2183 3355 2243 Abessalon
3381 2183 3475 2257 qui
3494 2181 3566 2257 ad

1967 2278 2183 2335 caedem
2216 2275 2487 2349 patricida‘
2514 2276 2616 2351 fuit
2658 2274 2980 2355 pependisse
3006 2276 3056 2329 in
3090 2275 3287 2351 arbore,
3313 2275 3564 2353 legimus.

1964 2366 2215 2422 Christus
2247 2379 2433 2423 autem
2464 2369 2511 2433 si
2546 2367 2851 2437 patibulum
2876 2366 3067 2437 mortis
3100 2367 3258 2434 hujus
3281 2367 3565 2443 sttStinuit,

1966 2470 2023 2517 et
2056 2464 2107 2516 in
2130 2476 2294 2517 cruce
2318 2462 2609 2539 pependit;
2641 2475 2740 2525 cur
2766 2475 2873 2515 non
2916 2459 3019 2527 huc
3051 2461 3230 2535 ipsum
3262 2474 3293 2517 a
3319 2459 3569 2529 patribus,

1968 2556 2169 2609 nostris
2213 2554 2523 2629 accepimus
2550 2596 2567 2614 .
2628 2568 2727 2606 nec
2772 2567 2987 2623 passum
3024 2552 3077 2605 in
3123 2550 3425 2633 Scripturis
3468 2570 3565 2623 no-

1968 2650 2095 2704 stris
2127 2649 2459 2716 invenimus,
2484 2657 2538 2701 ut
2564 2648 2704 2715 sicut
2728 2647 3007 2709 inimicum
3029 2646 3172 2714 genti
3206 2655 3407 2717 nosufm
3427 2659 3561 2717 gau:

1968 2741 2225 2796 deremus
2255 2738 2556 2813 allectum?
2588 2739 2928 2813 Erubescere
2962 2737 3166 2813 puteris
3191 2779 3205 2803 ,
3237 2720 3561 2807 Theophile,

1967 2835 2015 2890 si
2042 2835 2145 2890 hoc
2193 2836 2397 2907 dictum
2449 2833 2677 2905 minime
2733 2830 3199 2903 comprobaveris.
3253 2829 3385 2903 Nam
3431 2832 3568 2893 scri-

1968 2937 2117 3003 ptum
2143 2939 2224 2982 est
2282 2927 2335 2980 in
2394 2926 2871 2993 Deuteronomio:
2926 2922 3238 2997 Maledictus
3289 2924 3440 2983 homo
3476 2925 3567 3005 qui

1965 3021 2148 3091 pendet
2172 3020 2225 3071 in
2254 3020 2395 3092 ligno
2430 3018 2607 3092 (Deut.
2640 3035 2726 3072 χχι
2749 3062 2761 3083 ,
2794 3016 2910 3095 25).

2040 3112 2460 3189 Ta.—Primum
2484 3111 2640 3183 hujus
2662 3112 2795 3183 dicti
2830 3112 3016 3185 accipe
3040 3109 3329 3177 rationem.
3360 3107 3562 3185 Recole

1974 3206 2229 3279 superius
2276 3204 2687 3259 Deuteronomii
2740 3204 3072 3273 lectionem,
3122 3201 3193 3277 de
3237 3199 3432 3273 quibus
3485 3198 3568 3263 di—

1972 3308 2117 3355 ctum
2146 3308 2229 3355 est
2260 3314 2273 3352 :
2306 3298 2397 3352 Sic
2418 3298 2555 3349 enim
2579 3296 2651 3365 ait
2677 3293 2883 3366 Moyses
2908 3310 2926 3347 :
2955 3293 3014 3347 Si
3035 3280 3150 3364 quis
3179 3291 3487 3367 peccaverit,
3516 3290 3575 3363 in

1958 3392 2228 3464 judicium
2268 3392 2446 3463 mortis
2474 3389 2724 3459 puniatur
2773 3370 3009 3454 exemplo
3043 3402 3061 3439 :
3093 3384 3418 3457 suspendetis
3448 3399 3571 3451 eum),

1976 3489 2026 3540 in
2056 3486 2196 3556 ligno
2222 3500 2241 3549 ;
2272 3492 2316 3537 et
2345 3483 2511 3538 omnis
2533 3483 2620 3553 qui
2646 3480 2836 3553 pendet
2864 3479 2918 3532 in
2950 3480 3087 3555 ligno
3106 3519 3121 3547 ,
3150 3478 3452 3551 maledictus
3476 3477 3575 3549 erit

1973 3580 2140 3653 (Ibid.
2166 3623 2180 3647 ,
2214 3578 2329 3650 Ἡ).
2375 3577 2483 3633 Sed
2530 3576 2631 3629 hoc
2673 3576 2739 3629 de
2770 3583 3058 3653 peccatore
3087 3572 3263 3645 dicit,
3297 3572 3387 3642 qui
3428 3586 3573 3647 mox;

1984 3677 2092 3730 tale
2125 3686 2411 3745 peccatum
2442 3672 2585 3726 fecit.
2638 3670 2887 3747 Christus
2927 3677 3106 3741 autem
3152 3675 3430 3757 peccatum
3464 3679 3579 3735 non

1978 3771 2145 3840 fecit,
2203 3770 2345 3824 sicut
2401 3784 2597 3822 omnes
2631 3765 2908 3838 propheta;
2968 3772 3280 3831 testantur;
3322 3761 3417 3819 sed
3460 3758 3579 3839 pati

1978 3882 2203 3922 necesse
2233 3864 2419 3919 habuit
2444 3908 2457 3932 ,
2486 3873 2542 3916 ut
2567 3861 2849 3932 Scriptura
2884 3859 3232 3935 impleretur.
3264 3857 3408 3921 Dicit
3428 3856 3576 3926 enim,

1975 3961 2141 4016 ISaias
2166 3979 2176 4012 :
2213 3958 2314 4024 Qui
2337 3968 2599 4027 peccatum
2629 3972 2731 4007 non
2760 3956 2903 4023 fecit,
2936 3968 3027 4006 uec
3056 3954 3295 4015 inventus
3323 3959 3396 4009 est
3426 3945 3583 4017 dolus.

1972 4057 2023 4107 in
2058 4068 2145 4105 ore
2189 4053 2347 4125 ejus;
2388 4049 2477 4102 sed
2523 4046 2778 4099 Dominus
2811 4044 3024 4096 tradidit
3076 4058 3191 4105 eum
3220 4056 3313 4125 pro
3353 4039 3579 4113 peccatis

1976 4146 2166 4200 nostris
2197 4132 2332 4215 (Isa.
2366 4156 2491 4206 Llll,
2527 4140 2609 4213 9).
2654 4137 2786 4192 Nam
2836 4136 2966 4190 alibi
2998 4134 3316 4207 prophetam
3367 4132 3581 4209 dixisse

1978 4236 2325 4292 ostendimus
2352 4252 2363 4287 :
2400 4231 2535 4285 Ecce
2564 4232 2773 4284 verbum
2801 4227 3012 4297 Domini
3046 4230 3245 4297 factum
3275 4232 3347 4277 est
3381 4223 3488 4276 illis
3516 4224 3570 4285 in

1978 4328 2319 4384 maledictum
2348 4370 2362 4394 ,
2407 4337 2456 4381 et
2508 4324 2787 4380 noluerunt
2818 4321 2971 4375 illud.
3023 4320 3095 4393 Et
3143 4319 3340 4387 iterum
3399 4315 3573 4371 dicit:

1980 4425 2129 4479 Inter
2180 4422 2461 4475 maledicos
2503 4428 2776 4485 reputatus
2821 4425 2894 4469 est
2945 4412 3109 4487 (Ibid.
3138 4456 3151 4478 ,
3184 4412 3296 4483 1‘2).
3330 4410 3473 4467 Audi
3525 4419 3583 4491 et

1977 4520 2268 4575 Jeremiam
2303 4522 2354 4574 in
2387 4516 2802 4577 Lamentatione
2829 4514 3106 4591 dicentem
3142 4530 3155 4565 :
3205 4511 3436 4585 Spiritus
3466 4508 3577 4579 vute

270 4620 511 4687 ritaliter
559 4618 728 4672 corda
766 4598 1168 4671 circumciderit
1191 4632 1207 4691 ;‘
1261 4614 1397 4669 adeo
1452 4613 1555 4687 [An
1608 4632 1638 4668 a
1692 4610 1871 4682 0470?]
1903 4636 1954 4700 Π
1979 4628 2058 4671 tus
2083 4616 2285 4680 nostri,
2315 4614 2553 4689 ChriStus
2586 4611 2842 4689 Dominus
2871 4606 3271 4687 comprehensus
3310 4613 3381 4667 est
3409 4604 3462 4658 in
3489 4604 3575 4670 ia:

273 4713 555 4782 apmtolus
612 4720 799 4767 noster
828 4710 1017 4766 Simon
1074 4710 1254 4765 dictus
1286 4752 1300 4773 ,
1343 4718 1399 4767 et
1443 4716 1631 4780 postea
1680 4708 1874 4762 Petrus

276 4822 474 4862 nomen
527 4808 762 4874 accepit.

349 4899 855 4955 Sim—Manifesta
909 4908 1033 4952 sunt
1085 4914 1207 4968 qua:
1245 4897 1373 4951 mihi
1428 4893 1765 4949 Ostendisti:
1820 4904 1877 4949 et

275 4992 615 5047 circumcisio
645 4991 824 5046 cordis
846 5007 969 5062 qua:
1000 5007 1122 5045 csse
1157 5000 1335 5060 potest
1364 5030 1378 5055 ,
1414 4996 1468 5041 et
1492 4987 1635 5058 quod
1665 5002 1877 5057 praepu-

279 5085 411 5139 tium
441 5085 510 5140 de
550 5083 717 5138 corde
744 5082 1247 5138 circumcidendum
1283 5091 1368 5136 est
1396 5083 1419 5135 ?
1476 5107 1485 5114 ~

360 5296 382 5322 η
429 5284 717 5357 Existimat
773 5281 860 5357 hic
899 5280 1169 5357 Evagrins
1211 5281 1522 5357 Matthtenm
1575 5284 1886 5357 apostolum

287 5357 469 5411 fuisse
511 5352 954 5409 incircumcisum
984 5398 996 5419 ,
1035 5351 1136 5405 hoc
1168 5362 1252 5406 est
1282 5352 1538 5422 gentilcm
1567 5396 1580 5417 ,
1616 5351 1741 5408 ‘non
1794 5353 1890 5408 Ju-

288 5430 490 5483 daeum.
526 5426 638 5495 Ipsi
672 5424 959 5494 praeiverat
984 5422 1359 5479 Tertullianus
1399 5425 1492 5479 lib.
1527 5426 1599 5478 de
1629 5426 1897 5481 Pudicitia

290 5515 413 5568 cap.
444 5499 499 5563 9,
533 5497 692 5567 cujus
738 5497 1050 5568 Opinionem
1084 5495 1311 5549 miratur
1340 5510 1405 5568 ac
1453 5498 1663 5568 erudite
1701 5499 1901 5553 refutat

293 5556 372 5627 5..
414 5556 1239 5638 l'lit'zl'odymusjadDamasum~
1267 5556 1512 5621 sermons
1561 5567 1645 5621 his
1671 5568 1852 5631 verbis
1885 5585 1897 5622 :

301 5642 462 5715 Quasi
509 5637 705 5693 vero'et
759 5637 1037 5715 illauhtvus
1070 5654 1281 5715 nonem
1319 5639 1706 5693 circumcisione
1750 5641 1904 5715 fuerit

302 5708 645 5785 publicanus,
680 5719 727 5785 et
756 5708 844 5763 ille
865 5712 954 5780 qui
976 5708 1385 5785 cunil’harismo
1427 5713 1476 5777 in
1513 5712 1700 5782 templo
1746 5708 1904 5785 bruus

308 5774 485 5837 oculos
523 5784 601 5855 ad
630 5781 816 5855 caelum
860 5774 963 5834 non
1002 5782 1224 5834 audebat
1256 5774 1707 5855 erigere,gnouvra:
1738 5774 1907 5855 Israel

315 5856 470 5924 fuerit
510 5852 941 5923 publicanus.....
977 5864 1068 5906 aut
1098 5852 1627 5923 cuiquan'rrcdibilc
1650 5854 1808 5923 posiit
1836 5855 1910 5905 vi-

1978 4711 2183 4763 teritum
2219 4692 2387 4779 gentis
2420 4716 2651 4772 nostrw;
2685 4707 2777 4779 sub
2811 4708 2961 4777 cuius
2991 4703 3173 4777 umbra
3201 4699 3414 4773 vivimus
3439 4697 3571 4753 inter

1972 4812 2152 4869 gentes
2181 4799 2397 4870 (Thren.
2431 4816 2514 4867 tv,
2546 4798 2661 4868 20,).
2698 4796 2910 4855 Scimus
2952 4804 3134 4865 autem
3165 4791 3568 4869 sanctissimtun

1983 4895 2152 4950 David
2185 4895 2403 4964 plenum
2437 4895 2593 4948 annis
2626 4893 2677 4967 in
2705 4906 2835 4963 pace
2866 4890 3138 4961 quievisse
3159 4929 3173 4952 ,
3212 4901 3314 4959 nec
3338 4885 3585 4961 aliquam

1982 4988 2299 5057 passionem
2329 4987 2527 5040 mortis
2555 4994 2647 5038 aut
2677 4984 2861 5059 crucis
2895 4979 3249 5055 sustinuisse.
3284 4977 3423 5045 Audi
3455 4989 3583 5051 ergo

1986 5082 2039 5136 in
2073 5081 2281 5151 psalmo
2312 5081 2573 5141 vicesimo
2605 5079 2780 5159 primo
2812 5076 3087 5155 dicentem
3115 5074 3397 5137 Christum
3425 5087 3437 5124 :
3472 5066 3582 5123 Fo-

1997 5286 2109 5341 deri
2137 5286 2402 5349 ethnicum
2431 5286 2678 5357 templum
2710 5285 3025 5357 ingressum,
3056 5291 3149 5339 aut
3173 5280 3457 5353 Dominum.
3472 5294 3589 5339 cunt

1997 5360 2214 5412 ethnicis
2261 5358 2501 5411 [rubuisse
2531 5357 2837 5412 convivium.

2072 5429 2098 5467 ι’
2142 5431 2341 5484 Eadem
2376 5429 2492 5485 fere
2518 5431 2673 5483 habet
2699 5428 3010 5484 Laclantius
3031 5426 3124 5479 lib.
3154 5441 3204 5479 tv
3228 5423 3404 5479 lnstit.
3426 5423 3591 5476 divin.

2008 5517 2129 5575 cap.
2153 5503 2275 5575 ﬁt.
2298 5516 2457 5571 quem
2487 5501 2641 5575 sequi
2665 5501 2881 5575 videtur.
2921 5498 3415 5575 EV'ﬂglt-ldiSlKEif-el‘.

2086 5566 2113 5611 δ’
2152 5566 2228 5639 Ita
2256 5566 2721 5631 Laclantius—ioco
2743 5573 2942 5633 citato:
2980 5568 3039 5628 Si
3088 5567 3231 5622 Deus
3254 5566 3437 5639 vellet,
3470 5566 3545 5618 sic
3573 5580 3611 5627 α

2012 5646 2280 5770 prticipio
2322 5649 2597 5715 fortnasset
2653 5646 2913 5701 hominem
2948 5679 2959 5697 .
3025 5647 3081 5693 ut
3138 5638 3449 5705 pxttputium
3507 5651 3615 5695 nou.

2012 5726 2073 5770 ha
2115 5728 2234 5770 (ἴθι.

2011 5726 2234 5772 haberet.

2090 5787 2111 5824 ³
2156 5787 2465 5858 chendnm
2500 5786 2753 5858 patibulo.
