4060 6344
491 301 632 361 1175

1816 291 2099 351 ΕνΑριιιι
2139 290 2448 348 MONAClll

3649 284 3788 343 1176

491 418 677 472 derunt
705 432 892 471 manus
942 431 1084 471 meas
1129 424 1176 469 et
1226 413 1380 485 pedes
1432 426 1599 478 meos,
1628 408 2085 465 dinumerarerunt
2113 409 2166 470 Α
2193 416 2303 461 tum
2337 420 2441 460 non
2473 418 2596 461 esse
2617 446 2633 471 ,
2666 418 2791 461 cum
2819 401 2845 440 ἀ
2873 403 3093 475 quando
3124 402 3510 473 protoplastus
3536 400 3703 458 Adam
3729 402 3785 460 in

493 510 668 565 omnia
696 525 816 565 ossa
855 524 990 562 mea.
1014 506 1130 582 Ipsi
1155 521 1273 561 vero
1295 504 1757 559 consideraverunt
1784 512 1829 557 et
1848 502 2085 557 viderunt

490 620 573 657 me
596 620 615 659 :
646 602 933 658 diviserunt
983 601 1082 656 sibi
1128 599 1427 655 vestimenta
1454 613 1591 665 mea,
1629 604 1677 651 et
1720 612 1876 667 super
1899 605 2087 650 vestem

492 713 657 753 meam
680 700 928 752 miserunt
952 703 1161 750 sortem.
1186 693 1266 748 Tu
1288 702 1458 748 autem
1493 736 1508 761 ,
1552 691 1775 746 Domine
1798 735 1811 759 ,
1848 706 1910 746 ne
1935 688 2085 745 elon-

495 791 702 861 gaveris
726 788 986 843 auxilium
1024 798 1206 853 tuum,
1266 785 1335 839 ad
1365 784 1715 856 defensionem
1757 799 1919 838 meam
1961 797 2088 836 con-

492 881 636 951 spice
656 878 776 952 (Ps.
805 895 917 947 xxi,
944 876 1167 947 17—20):
1195 885 1252 932 et
1279 883 1478 931 caetera
1505 890 1626 947 quze
1650 874 1825 930 tribus
1848 889 2085 945 sequen-

493 973 640 1029 tibus
668 972 917 1028 versibus
955 971 1231 1026 dicuntur.
1260 968 1395 1024 Item
1443 983 1538 1038 per
1564 965 1790 1023 Isaiam:
1841 964 2091 1038 Expandl

495 1084 680 1122 manus
708 1081 847 1121 meas
876 1064 946 1119 ad
967 1066 1164 1135 plebem
1194 1080 1298 1119 non
1328 1062 1616 1118 credentem
1647 1070 1692 1116 et
1722 1060 2088 1115 contradicen-

495 1172 634 1226 tem,
689 1162 781 1233 qui
832 1160 1059 1214 ambulat
1098 1159 1209 1213 vias
1238 1174 1343 1212 non
1372 1156 1561 1222 bonas,
1591 1157 1679 1211 sed
1720 1164 1833 1228 post
1880 1163 2093 1224 peccata

495 1271 591 1308 sua
624 1251 760 1324 (Isa.
797 1268 894 1320 ιν,
921 1250 1004 1321 2).
1036 1249 1174 1305 Item
1204 1248 1348 1321 apud
1368 1247 1699 1304 Jeremiam:
1742 1246 1935 1313 Venite,
1972 1246 2093 1301 mit-

496 1358 666 1403 tamus
690 1346 891 1421 lignum
944 1344 998 1401 in
1046 1362 1233 1417 panem
1257 1348 1405 1417 ejus,
1438 1353 1485 1398 et
1511 1343 1788 1397 eradamus
1840 1342 1903 1396 de
1951 1351 2092 1395 terra

496 1442 656 1495 vitam
684 1444 797 1514 ejus
843 1437 1060 1512 (Jerem.
1097 1453 1187 1503 χι,
1220 1436 1331 1509 19).
1382 1436 1514 1491 Item
1545 1434 1599 1490 in
1632 1434 2090 1490 Deuteronomio:

500 1534 566 1590 Et
577 1535 673 1588 erit
694 1534 922 1605 pendens
945 1532 1050 1586 vita
1078 1541 1165 1585 tua
1190 1539 1311 1584 ante
1335 1528 1510 1582 oculos
1540 1537 1655 1581 tuos
1671 1571 1686 1595 ,
1721 1536 1767 1581 et
1791 1526 1991 1580 timebis
2012 1525 2095 1580 die

500 1643 562 1681 ac
591 1637 772 1693 noc‘e,
804 1635 854 1679 et
896 1641 999 1679 non
1031 1623 1209 1678 credes
1232 1624 1350 1678 vita:
1390 1631 1495 1675 tuae
1522 1619 1702 1692 (Deut.
1737 1633 1909 1674 xxvnt
1931 1660 1945 1683 ,
1978 1617 2091 1689 66).

498 1718 636 1776 Item
686 1720 737 1773 in
785 1717 997 1789 psalmo
1043 1715 1350 1773 centesimo
1376 1715 1827 1785 quadragesimo:
1857 1713 2096 1768 Elevatio

2191 499 2627 572 transgressione
2656 512 2758 554 sua
2807 496 2940 554 folia
2989 507 3013 536 ε
3047 497 3179 554 ﬁcus
3210 496 3459 553 contexit
3493 494 3740 567 pudenda
3764 536 3783 566 ,

2188 594 2329 667 quod
2364 593 2465 650 fuit
2493 592 2711 665 prurigo
2743 604 2795 647 et
2827 593 3138 649 amaritudo
3169 593 3383 664 peccati
3410 594 3434 646 ?

2261 686 2616 757 'l‘u.—Supra
2640 694 2820 741 cutem
2870 687 3028 742 istam
3061 686 3319 758 intelligis
3340 729 3354 753 ,
3391 683 3615 741 Iudaee:
3664 699 3785 741 nam

2189 780 2444 834 arborem
2477 778 2609 834 ﬁcus
2636 787 2694 834 et
2723 776 2742 817 ί
2777 776 3033 834 foliarum
3065 789 3283 851 tegmen
3321 778 3531 834 veteris
3557 777 3788 835 hominis

2190 872 2417 944 ﬁguram
2448 874 2786 944 intelligitur.
2821 873 2957 929 Nam
2987 874 3031 929 si
3059 874 3231 930 velles
3282 873 3594 944 spiritalem
3624 873 3792 929 homi-

2194 982 2316 1021 nem
2340 965 2717 1036 considerare,
2751 966 2856 1021 hoc
2885 977 2973 1022 cst
3004 967 3348 1033 interiorem,
3378 982 3604 1039 pomum
3636 966 3703 1023 de
3730 967 3792 1023 ﬁ-

2192 1057 2402 1114 culneis
2437 1057 2504 1113 ad
2534 1059 2774 1131 Moysen:
2808 1059 2879 1116 de
2908 1070 3051 1115 terra
3084 1060 3540 1132 repromissionis
3570 1060 3793 1119 allatum

2195 1152 2438 1207 invenies
2482 1152 2812 1223 Spiritaliter
2839 1195 2853 1219 ,
2883 1154 3025 1210 sicut
3052 1154 3309 1210 Ezechiae
3336 1157 3453 1226 regi
3476 1153 3636 1210 Iudae
3675 1164 3795 1225 post

2193 1253 2544 1317 augmentum
2579 1248 2708 1300 vita:
2747 1261 2895 1313 suae,
2928 1262 3107 1303 massa
3154 1247 3243 1302 ﬁci
3278 1247 3331 1302 in
3360 1248 3652 1303 sanitatem
3678 1262 3794 1303 car-

2196 1340 2282 1394 nis
2309 1355 2423 1407 sua:
2454 1340 2753 1410 accepisse.
2783 1341 3099 1413 Adjungens
3135 1353 3191 1397 et
3221 1342 3412 1398 dicens
3440 1359 3454 1395 :
3487 1342 3681 1414 Accipe
3706 1342 3795 1397 tibi

2195 1450 2418 1488 massam
2448 1435 2577 1504 ficus
2605 1446 2752 1490 terra:
2788 1446 2837 1491 et
2882 1437 3280 1510 catoplasmare,
3310 1446 3361 1491 et
3389 1436 3662 1492 sanaberis
3705 1437 3794 1510 (IV

2197 1524 2327 1599 Reg.
2377 1544 2486 1594 xx,
2540 1526 2641 1601 7):
2701 1540 2760 1585 ut
2788 1530 3003 1586 scilicet
3030 1530 3325 1586 eonfractis
3375 1531 3792 1602 impietatibus,

2195 1618 2438 1676 libidinis
2489 1622 2783 1678 sanitatem
2816 1623 3071 1693 recipias.
3129 1624 3493 1679 Revertamnr
3544 1639 3692 1680 nunc
3730 1625 3797 1682 ad

2199 1714 2558 1769 humilitatem
2591 1713 2794 1771 Christi
2825 1726 2879 1770 et
2927 1714 3196 1772 adventus
3227 1716 3348 1787 ejus
3371 1760 3387 1784 ,
3426 1715 3498 1772 de
3523 1731 3635 1788 quo
3676 1730 3798 1788 age-

499 1829 746 1867 manuum
765 1828 1014 1879 mearum,
1033 1810 1350 1880 sacri/icium
1368 1810 1713 1880 uespertinum
1730 1806 1847 1881 (Ps.
1868 1822 1991 1874 CXL,
2010 1807 2092 1879 2).
2125 1800 2173 1861 B
2203 1805 2397 1863 bamus
2420 1846 2437 1874 ,
2466 1806 2657 1863 audies
2685 1807 2877 1863 Isaiam
2904 1807 3176 1865 dicentem
3209 1828 3221 1863 :
3254 1808 3481 1864 Domine
3505 1853 3519 1879 ,
3553 1811 3671 1882 quis
3695 1826 3799 1866 cre-

499 1905 633 1963 ltem
680 1904 821 1974 apud
864 1903 1181 1959 Zachariam
1225 1900 1339 1957 :Et
1393 1900 1723 1957 intuebantur
1775 1916 1885 1969 me,
1944 1915 2095 1972 quem

496 1995 869 2064 transﬁxerunt
890 1993 1077 2067 (Zach.
1108 2009 1204 2059 xu,
1223 1990 1333 2065 I0).
1365 1990 1497 2048 Item
1530 1992 1582 2047 in
1602 1992 1816 2063 psalmo
1838 2005 2095 2047 uxxvtt:

495 2089 805 2145 Exclamavi
851 2089 922 2143 ad
948 2098 1025 2155 te,
1076 2086 1334 2153 Domine,
1364 2096 1472 2142 tota
1512 2087 1597 2141 die
1622 2128 1637 2154 ,
1666 2086 1901 2159 expiandi
1940 2086 2011 2139 ad
2052 2094 2100 2141 te

496 2198 682 2239 manus
729 2198 865 2237 meas
911 2180 1029 2251 (Ps.
1083 2196 1330 2246 uxxvu,
1364 2179 1478 2251 10).
1526 2178 1659 2236 Item
1690 2181 1745 2235 in
1786 2178 2040 2235 Numeris
2083 2198 2095 2234 :

499 2287 524 2315 ι
550 2277 714 2346 Quasi
736 2276 891 2331 homo
915 2272 1057 2330 Deus
1079 2275 1439 2348 suspenditur,
1470 2289 1633 2345 neque
1670 2273 1801 2329 sicut
1832 2273 1973 2340 ﬁlius
1998 2272 2097 2328 ho-

499 2372 655 2425 minis
700 2372 869 2426 minas
900 2371 1116 2443 patitur.
1161 2369 1231 2425 Et
1272 2370 1325 2424 in
1369 2368 1613 2425 Canticis
1655 2369 2000 2425 canticorum
2030 2384 2101 2425 ex

494 2482 725 2540 persona
771 2467 1031 2523 Ecclesia:
1061 2466 1229 2523 dicit:
1260 2463 1450 2521 Frater
1482 2481 1625 2520 meus
1650 2465 1905 2520 candidus
1943 2475 1989 2519 et
2011 2481 2100 2518 ru-

498 2561 748 2615 bicundus
764 2604 779 2627 ,
800 2560 980 2616 lancea
1000 2569 1339 2633 compunctus
1363 2575 1395 2612 a
1417 2557 1667 2613 militibus
1687 2557 1865 2630 (Cant.
1895 2573 1946 2624 v,
1984 2557 2099 2629 10).

500 2659 531 2699 δ
551 2654 682 2723 Quae
712 2655 917 2711 candor
944 2655 1075 2726 quid
1096 2654 1240 2711 aliud
1258 2668 1421 2725 quam
1455 2653 1613 2709 ﬁdem
1647 2653 1828 2724 populi
1876 2650 2103 2708 demon-

507 2744 879 2801 stratlkubor
903 2748 1049 2802 enim
1083 2748 1389 2816 passionem
1412 2744 1699 2818 signiﬁcat.
1731 2744 1788 2800 In
1819 2744 1921 2800 hoc
1951 2745 2101 2800 enim

512 2841 689 2909 primo
727 2840 967 2896 adventu
996 2856 1097 2897 suo
1122 2850 1181 2896 ut
1203 2856 1420 2897 omnem
1452 2839 1817 2896 humilitatem
1843 2850 1899 2897 et
1922 2839 2106 2897 defor-

503 2933 750 2989 mitatem
780 2947 952 3003 usque
975 2932 1044 2989 ad
1070 2942 1304 2989 mortem
1337 2934 1678 3002 sustineret,
1712 2932 1839 2988 audi
1867 2933 2105 3003 denique

500 3026 555 3081 in
586 3026 799 3095 psalmo
848 3025 1119 3097 vigesimo
1156 3027 1335 3097 primo
1378 3025 1510 3098 quid
1548 3025 1696 3082 dicat
1726 3044 1737 3080 :
1772 3024 1887 3096 Ego
1933 3035 2104 3081 autem

500 3137 615 3176 sum
640 3122 826 3176 vermis
848 3130 894 3176 et
926 3139 1028 3176 non
1054 3120 1237 3189 homo,
1270 3121 1609 3194 opprobrium
1632 3121 1906 3175 hominum
1936 3129 1988 3174 et
2011 3120 2103 3174 ab-

2204 1896 2337 1951 didit
2365 1898 2575 1953 auditui
2605 1907 2780 1953 nostro
2799 1941 2813 1965 ,
2844 1910 2890 1953 et
2933 1900 3204 1955 brachium
3234 1899 3450 1955 Domini
3482 1903 3569 1956 cui
3607 1903 3801 1957 revela-

2203 1998 2310 2052 tum
2352 1992 2473 2047 est?
2523 1990 2960 2048 Annuntiavimus
3005 1996 3073 2050 de
3108 2010 3169 2049 eo
3194 2034 3211 2061 ,
3255 1994 3392 2049 sicut
3436 1994 3619 2066 infans
3650 2011 3671 2050 :
3701 2011 3804 2050 non

2202 2085 2398 2156 species
2422 2085 2468 2139 ei
2493 2126 2508 2151 ,
2540 2101 2703 2154 neque
2749 2087 2944 2152 decor;
2986 2097 3033 2141 et
3059 2088 3284 2142 vidimus
3318 2104 3438 2142 eum
3458 2128 3474 2154 ,
3506 2098 3555 2144 et
3578 2104 3683 2143 non
3709 2088 3803 2143 Ita-

2203 2178 2350 2233 bebat
2374 2178 2597 2248 speciem
2622 2196 2787 2251 neque
2809 2179 3049 2236 decorem
3073 2197 3092 2236 :
3119 2179 3276 2236 homo
3308 2182 3363 2235 in
3393 2180 3553 2252 plaga
3585 2183 3803 2251 positus,

2201 2281 2250 2327 et
2273 2272 2366 2344 qui
2412 2276 2510 2328 scit
2551 2274 2888 2342 inﬁrmitates
2927 2277 3225 2344 sustinere;
3254 2277 3378 2348 quia
3424 2276 3705 2332 adversata
3733 2284 3804 2332 est

2204 2364 2365 2437 facies
2395 2367 2509 2438 ejus
2534 2407 2551 2434 ,
2585 2365 2880 2436 depretiata
2905 2377 2980 2423 est
3003 2410 3018 2435 ,
3053 2384 3146 2423 nec
3182 2378 3511 2441 computata.
3548 2368 3655 2423 Hic
3684 2387 3803 2443 pec-

2201 2465 2319 2510 cata
2374 2465 2553 2512 nostra
2603 2459 2828 2527 portavit
2856 2500 2871 2526 ,
2900 2469 2946 2513 et
2979 2476 3072 2529 pro
3103 2461 3250 2515 nobis
3290 2462 3347 2515 in
3391 2461 3671 2517 doloribus
3702 2472 3797 2519 est.

2207 2548 2356 2605 Sicut
2402 2551 2511 2605 ovis
2537 2550 2606 2604 ad
2637 2552 2951 2606 occisionem
2999 2554 3188 2607 ductus
3211 2562 3330 2621 est;
3361 2563 3409 2608 et
3460 2555 3596 2610 sicut
3642 2572 3804 2629 agnus

2206 2659 2381 2697 coram
2422 2645 2664 2699 tondente
2710 2661 2795 2713 se,
2825 2646 2902 2700 sic
2931 2661 3032 2700 non
3063 2645 3271 2716 aperuit
3300 2664 3358 2701 os
3384 2663 3539 2701 suum
3563 2665 3584 2702 :
3611 2649 3667 2703 in
3708 2652 3803 2704 ltu-

2204 2735 2423 2792 militate
2440 2737 2706 2809 judicium
2748 2742 2861 2813 ejus
2900 2739 3162 2793 sublatum
3194 2749 3292 2794 est.
3330 2738 3683 2797 Nativitatem
3719 2760 3808 2797 au-

2206 2837 2307 2884 tem
2327 2832 2442 2902 ejus
2462 2831 2579 2903 quis
2598 2832 2901 2887 enarrabit?
2923 2833 3048 2904 quia
3079 2832 3290 2888 tolletur
3315 2850 3349 2887 a
3380 2843 3520 2889 terra
3539 2834 3645 2889 vita
3666 2838 3805 2907 ejus:

2206 2942 2239 2978 a
2268 2925 2508 2999 malignis
2534 2923 2698 2997 plebis
2717 2942 2842 2981 mete
2865 2926 3128 2981 adductus
3155 2935 3229 2981 est
3246 2928 3300 2981 in
3329 2936 3549 2981 mortem
3571 2945 3592 2995 ;
3621 2938 3671 2982 et
3686 2928 3804 2983 dedi

2208 3019 2389 3074 divites
2412 3036 2507 3090 pro
2526 3028 2690 3074 morte
2729 3022 2845 3093 ejus
2870 3061 2885 3086 ,
2915 3020 3039 3090 quia
3076 3031 3349 3089 peccatum
3391 3037 3497 3075 non
3530 3022 3691 3092 fecit,
3723 3038 3809 3077 nec

2206 3115 2358 3170 dolus
2409 3116 2645 3170 inventus
2691 3114 2747 3168 in
2777 3130 2864 3168 ore
2891 3116 3007 3186 ejus
3036 3131 3055 3170 :
3098 3116 3188 3170 sed
3223 3114 3484 3169 Dominus
3513 3115 3680 3170 voluit
3707 3124 3808 3169 tra-

484 3215 647 3288 jectio
668 3214 851 3286 plebis.
882 3211 1073 3268 Omnes
1100 3212 1329 3267 uidentes
1360 3228 1439 3266 me
1480 3212 1771 3271 deriserunt
1798 3217 1879 3265 me‘
1900 3255 1915 3279 ,
1944 3211 2103 3265 locuti
2131 3199 2178 3264 C
2208 3209 2327 3263 dere
2349 3224 2465 3263 eum
2504 3226 2597 3280 pro
2630 3209 2851 3280 peccatis
2883 3211 3077 3264 nostris
3098 3249 3113 3275 ,
3146 3219 3194 3264 et
3226 3212 3363 3265 inter
3398 3211 3608 3282 iniquos
3652 3228 3807 3283 repu-

497 3314 619 3360 sunt
649 3306 801 3360 labiis
842 3314 890 3359 et
917 3315 1182 3360 moverunt
1211 3313 1387 3377 caput.
1439 3302 1578 3361 Item
1609 3303 1721 3360 illic
1754 3323 1767 3359 :
1799 3304 1951 3360 Aruit
1972 3313 2104 3360 tam-

498 3414 651 3470 quam
683 3405 812 3453 testa
837 3398 998 3451 virtus
1025 3413 1165 3463 mea,
1198 3408 1245 3451 et
1270 3397 1447 3470 lingua
1473 3410 1587 3452 mea
1613 3397 1836 3453 adhaesit
1861 3398 2105 3468 faucibus

500 3493 659 3558 meis,
696 3500 743 3545 et
765 3492 822 3545 in
849 3490 1105 3558 pulverem
1124 3491 1303 3545 mortis
1324 3489 1607 3545 deduxisti.
1633 3488 1751 3563 (Ps.
1784 3505 1918 3557 XXI,
1944 3491 1974 3544 7
1996 3532 2011 3555 ,
2044 3488 2101 3555 8,

500 3581 615 3654 16).
647 3579 786 3638 Item
816 3582 928 3638 illic
959 3599 973 3635 :
1012 3580 1236 3637 Placebo
1260 3580 1481 3637 Domino
1502 3600 1659 3653 super
1691 3583 1909 3637 uitulum
1931 3584 2103 3637 novel-

496 3678 636 3743 lum,
666 3692 865 3731 cornua
894 3680 1258 3748 producentem
1283 3684 1330 3729 et
1358 3675 1581 3746 ungulas
1603 3674 1727 3748 (Ps.
1755 3691 1925 3730 vam
1944 3716 1959 3741 ,
1982 3675 2098 3748 52).

499 3769 643 3835 Quid
665 3767 837 3835 dicis,
877 3768 1101 3823 Iudaee?
1140 3768 1401 3838 numquid
1447 3766 1618 3823 David
1647 3776 1915 3823 cornutas
1938 3768 2103 3824 erat?

498 3862 614 3935 Age
663 3877 808 3918 nunc
839 3904 855 3929 ,
888 3862 1140 3933 intellige
1180 3877 1460 3918 racemum
1531 3862 1681 3919 illum
1734 3863 1789 3919 in
1850 3862 2105 3921 Numeris

500 3954 692 4029 (Num.
730 3970 854 4024 XIII,
895 3955 987 4027 24)
1011 3997 1026 4022 ,
1059 3971 1222 4026 quem
1256 3956 1311 4012 in
1345 3966 1488 4012 terra
1520 3957 1967 4026 repromissionis
1996 3957 2103 4014 duo

500 4057 789 4104 vectantes
849 4048 1259 4118 reportabant:
1320 4048 1467 4121 quod
1533 4049 1719 4122 utique
1774 4049 1946 4122 ﬁgura
2006 4051 2107 4109 fuit

498 4142 706 4200 Christi
755 4144 1044 4215 pendentis
1075 4143 1129 4200 in
1168 4146 1338 4217 ligno.
1387 4145 1699 4203 Adveniens
1728 4147 1797 4203 de
1837 4156 1982 4203 terra
2017 4163 2103 4204 re-

504 4239 907 4308 promissionis,
941 4237 996 4294 id
1026 4238 1205 4294 estde
1254 4238 1448 4309 Maria,
1501 4256 1622 4311 quae
1664 4256 1731 4296 ex
1759 4256 1962 4312 genere
1995 4250 2113 4297 ter-

499 4348 636 4388 reno
664 4331 787 4388 fuit.
819 4330 1222 4388 Subvectantes
1249 4340 1433 4388 autem
1466 4343 1488 4371 ε
1522 4332 1891 4405 phalanguam
1918 4376 1932 4401 ,
1964 4334 2102 4390 duo-

501 4439 622 4481 rum
679 4425 1006 4494 populorum
1039 4423 1267 4494 ﬁguram
1301 4423 1667 4481 ostendebant
1697 4448 1709 4481 ;
1756 4442 1925 4481 unum
1957 4429 2099 4499 prio-

499 4532 649 4582 rem,
679 4513 893 4571 scilicet
940 4524 1184 4572 vestrum
1237 4524 1390 4587 terga
1422 4532 1644 4573 versum
1691 4517 1918 4574 Christo
1969 4520 2104 4575 dan-

2208 3315 2344 3361 tatus
2374 3316 2448 3360 est
2480 3304 2616 3377 (lsa.
2647 3320 2771 3373 LIII,
2806 3304 2834 3360 1
2864 3345 2879 3369 ,
2909 3321 3015 3360 sec.
3048 3303 3241 3376 LXX).
3276 3304 3410 3362 Item
3458 3306 3580 3365 illic
3607 3307 3679 3363 de
3708 3307 3806 3362 bu-

2208 3400 2441 3455 militate
2472 3399 2628 3470 primi
2682 3398 2953 3453 adventus
2982 3397 3101 3468 ejus
3139 3406 3377 3454 testatur
3401 3398 3627 3455 dicens:
3653 3397 3813 3455 Posui

2207 3491 2420 3546 dorsum
2467 3508 2637 3546 meum
2680 3492 2750 3546 ad
2796 3491 3033 3566 ﬂagella,
3064 3491 3310 3546 maxillas
3354 3502 3534 3546 autem
3580 3508 3718 3547 meas
3743 3491 3809 3546 ad

2208 3587 2442 3657 palmas,
2498 3587 2686 3659 faciem
2715 3603 2881 3641 meam
2931 3602 3032 3640 non
3080 3587 3244 3641 averti
3289 3602 3322 3641 a
3371 3586 3609 3657 fieditate
3635 3597 3812 3658 sputo-

2205 3699 2322 3736 rum
2350 3698 2368 3734 :
2398 3691 2446 3736 et
2474 3681 2573 3751 fuit
2616 3680 2873 3735 Dominus
2903 3681 3118 3754 adjutor
3165 3698 3306 3735 meus
3360 3680 3500 3755 (lsa.
3534 3698 3569 3737 ι.
3590 3725 3605 3749 ,
3639 3682 3703 3750 6,
3735 3684 3806 3755 7).

2209 3773 2276 3830 Et
2314 3771 2586 3830 Jeremias
2632 3772 2803 3829 dicit:
2837 3771 2952 3846 Ego
2978 3775 3112 3828 sicut
3157 3776 3266 3829 ovis
3294 3774 3364 3829 ad
3418 3776 3687 3831 victimam
3714 3777 3805 3830 du.

2207 3877 2348 3935 ctus,
2381 3875 2428 3921 et
2470 3867 2758 3922 nesciebam
2785 3866 3003 3941 (Jerem.
3041 3884 3126 3934 χι,
3165 3869 3278 3938 19).
3335 3868 3411 3924 De
3461 3883 3575 3941 quo
3595 3868 3810 3941 quidem

2208 3975 2349 4032 agno
2386 3962 2442 4015 in
2475 3960 2769 4031 imaginem
2821 3959 3028 4016 Christi
3078 3961 3293 4034 Moyses
3322 3961 3467 4032 apud
3520 3962 3811 4034 AEgyptum

2209 4054 2411 4125 pascha
2451 4054 2750 4109 celebravit
2777 4055 2832 4109 in
2864 4054 3243 4111 liberationem
3268 4055 3501 4127 p0puli:
3535 4070 3641 4113 nec
3658 4056 3809 4115 aliter

2207 4156 2422 4219 poterat
2453 4148 2685 4217 populus
2717 4147 2812 4202 Dei
2853 4147 2923 4202 de
2953 4147 3119 4203 domo
3140 4146 3425 4204 servitutis
3448 4157 3507 4205 et
3545 4148 3621 4206 de
3654 4164 3808 4222 prcs-

2207 4256 2332 4298 sura
2359 4241 2662 4297 Pharaonis
2692 4241 2914 4298 liberari
2944 4283 2956 4307 ,
2991 4241 3097 4298 nisi
3127 4257 3305 4313 agnus
3333 4242 3688 4301 occideretur
3712 4285 3728 4311 ,
3754 4253 3806 4301 et

2209 4337 2411 4408 pascha
2465 4336 2883 4402 celebraretur,
2914 4344 2971 4390 et
3016 4334 3085 4390 de
3136 4336 3406 4405 sanguine
3453 4336 3578 4405 ejus
3625 4337 3805 4393 limina

2207 4428 2402 4484 domus
2445 4429 2834 4497 signarenlur,
2867 4435 2926 4481 ut
2961 4442 3085 4482 cum
3119 4427 3337 4483 venerit
3365 4429 3602 4499 angelus
3632 4439 3806 4486 vasta-

2208 4528 2323 4586 tor,
2354 4518 2468 4575 viso
2491 4529 2515 4567 ε
2546 4502 2686 4589 agno
2734 4517 3009 4590 sanguinis
3037 4518 3095 4574 in
3152 4518 3406 4575 domibus
3447 4521 3806 4579 salvarentur.

500 4620 609 4664 tem
633 4625 649 4675 ;
681 4607 851 4663 alium
879 4622 1010 4663 vero
1050 4608 1415 4679 posteriorem
1437 4651 1452 4677 ,
1485 4624 1763 4667 racemum
1797 4612 2095 4683 reSpicien-
2131 4597 2187 4658 Ῑ)
2210 4612 2365 4682 Quod
2384 4623 2787 4668 sacramentum
2810 4620 2937 4668 ante
2955 4612 3273 4684 praedictum
3295 4613 3595 4671 adventum
3609 4613 3806 4673 Christi

499 4710 635 4770 tem,
663 4702 878 4758 scilicet
902 4713 1091 4759 noster
1112 4703 1345 4773 populus
1371 4704 1713 4776 intelligitur.

570 4792 909 4860 Sun—Quid
943 4794 1011 4850 de
1051 4795 1423 4865 malagranata
1457 4796 1707 4854 dicturus
1735 4813 1796 4856 es
1825 4844 1840 4869 ,
1880 4817 2000 4873 quae
2032 4803 2099 4858 ad

498 4884 745 4959 Moysem
773 4886 939 4941 allata
968 4894 1240 4942 suntcum
1271 4888 1468 4945 eodem
1499 4891 1775 4946 racemo?

571 4977 1093 5035 Tu.—Rectissime
1149 4980 1520 5052 malagranata
1576 4997 1852 5039 racemum
1910 4998 2100 5041 secuta

500 5084 653 5131 sunt.
681 5072 881 5145 Figura
922 5071 1136 5128 scilicet
1157 5073 1416 5131 Ecclesiae
1447 5075 1550 5130 fuit
1573 5116 1588 5144 ,
1622 5075 1830 5134 habens
1860 5078 2004 5135 intra
2039 5095 2101 5137 se

498 5168 760 5239 populum
793 5166 996 5222 rubore
1036 5166 1317 5237 sanguinis
1354 5167 1557 5225 Christi
1589 5172 1884 5227 censitum.

569 5259 910 5329 Sun—Quid
951 5260 1022 5316 de
1069 5260 1320 5316 ﬁculneis
1366 5262 1613 5320 dicturus
1640 5278 1701 5321 es
1726 5307 1742 5331 ,
1784 5266 1873 5322 vel
1902 5267 2101 5339 quibus

493 5357 864 5429 argumentis,
897 5355 1224 5413 tractatibus
1251 5356 1362 5413 tuis
1394 5357 1652 5429 probabis
1695 5358 1859 5415 ﬁcum
1903 5376 2100 5432 pecca-

572 5485 600 5514 ιι
641 5474 786 5548 Lege
817 5471 960 5548 _No_n
985 5474 1135 5542 quasi
1165 5474 1351 5548 homo,
1387 5484 1446 5530 ut
1488 5476 1641 5548 apud
1688 5477 2040 5535 Lactantium
2071 5521 2089 5548 ,

492 5548 591 5606 lib.
623 5563 675 5602 tv
694 5543 1106 5617 Institutionum
1129 5587 1144 5610 ,
1173 5560 1295 5617 cap.
1323 5547 1416 5611 18,
1447 5543 1551 5600 ubi
1577 5548 1721 5604 hunc
1748 5548 1935 5605 locum
1959 5543 2095 5609 citai

493 5621 657 5675 etiam
697 5632 765 5672 ex
807 5614 1089 5685 Numeris,
1127 5614 1347 5673 tametsi
1371 5617 1516 5673 hunc
1541 5618 1723 5675 locum
1745 5620 1799 5676 in
1824 5620 2093 5681 Numero-

498 5707 616 5746 rum
640 5689 780 5744 libro
805 5687 1050 5757 reperire
1081 5690 1442 5758 nequiverim.

570 5761 598 5800 ιι
636 5760 782 5830 Lege
795 5762 903 5828 qui.

573 5842 596 5870 ο
636 5830 909 5899 Phalanga
943 5843 1041 5885 seu
1079 5830 1314 5903 Palanga
1364 5842 1455 5889 ant
1488 5833 1742 5907 Palangac
1774 5848 1907 5895 sunt
1957 5849 2098 5897 tere-

2210 4709 2495 4779 impletum
2534 4716 2639 4764 est.
2673 4707 2781 4762 Pro
2810 4708 2912 4762 hoc
2939 4707 3086 4762 enim
3117 4708 3172 4762 in
3215 4708 3395 4777 primo
3427 4710 3671 4768 adventu
3713 4728 3806 4769 suo

2208 4805 2424 4859 occisus
2443 4813 2527 4858 est
2549 4846 2565 4872 ,
2590 4812 2647 4857 ut
2674 4816 2776 4857 nos
2803 4801 3065 4858 liberaret
3085 4802 3155 4858 de
3209 4803 3418 4861 diaboli
3448 4814 3727 4877 potestate
3755 4819 3806 4864 et

2210 4895 2279 4952 de
2313 4895 2584 4951 idolorum
2613 4896 2854 4950 cultura.
2879 4895 3182 4951 Anniculus
3230 4906 3415 4953 autem
3459 4900 3642 4956 dictus
3674 4910 3760 4958 est
3784 4941 3803 4970 ,

2206 4995 2331 5067 quia
2365 5001 2722 5063 posteaquam
2767 4989 2969 5045 tinctus
3020 4999 3105 5045 est
3142 4990 3198 5044 in
3228 4988 3474 5049 Iordane
3499 5037 3515 5062 ,
3548 4990 3579 5031 ξι
3609 5010 3803 5051 annum

2202 5084 2559 5159 prmdicavit,
2608 5094 2665 5138 et
2715 5083 2794 5139 sic
2839 5098 3031 5154 passus
3079 5094 3204 5139 est:
3257 5094 3317 5140 et
3360 5086 3635 5158 sanguine
3689 5088 3801 5157 ejus

2198 5181 2383 5237 fronte
2428 5179 2628 5250 signati
2669 5192 2964 5235 censemur
2991 5220 3007 5245 ,
3040 5188 3099 5231 ut
3133 5178 3189 5232 in
3236 5178 3482 5234 secundo
3521 5180 3757 5237 adventu
3781 5222 3797 5248 ,

2201 5291 2323 5333 cum
2348 5274 2563 5332 venerit
2594 5273 2832 5329 vastatio
2860 5272 3052 5328 mundi
3077 5272 3235 5328 istius
3259 5312 3275 5337 ,
3308 5272 3447 5329 salvi
3475 5288 3600 5330 esse
3631 5275 3803 5345 possi-

2202 5381 2347 5423 mus.
2389 5365 2562 5437 Hujus
2606 5366 2686 5422 rei
2739 5374 3018 5421 auctorem
3079 5363 3429 5421 Ezechielem
3480 5369 3799 5440 prophetam

2198 5491 2315 5548 tes,
2388 5483 2549 5540 uibus
2580 5483 2748 5551 baiuli
2778 5481 3027 5540 ferendis
3065 5483 3338 5541 oneribus
3372 5497 3625 5546 utuntur.

2269 5551 2296 5592 ά
2338 5499 2453 5611 θοι
2478 5555 2693 5611 quando
2725 5566 2811 5611 est
2840 5553 3139 5611 superﬂua.

2269 5551 2296 5592 ά
2338 5551 2453 5628 Yox
2478 5555 2693 5628 quando
2725 5566 2811 5613 est
2840 5553 3139 5627 superﬂua.

2274 5637 2296 5698 εἷ
2338 5626 2499 5698 Lege
2511 5627 2676 5698 foliis.

2275 5695 2296 5734 ί
2337 5695 2484 5770 Lege
2512 5695 2788 5769 foliorum.

2276 5778 2301 5843 ξ
2340 5769 2658 5843 [tegendum
2687 5771 2810 5843 agni
2848 5772 3122 5843 sanguine.

2275 5837 2301 5876 ιι
2340 5837 2603 5898 Eaindem
2656 5837 2968 5911 Opinionem
3021 5842 3193 5900 secuti
3235 5857 3367 5903 sunt
3401 5845 3544 5905 inter
3571 5849 3798 5911 Latinos
