4060 6344
276 340 412 400 1177

631 340 1071 402 ALTERCATIO
1110 341 1321 400 INTER
1360 342 1808 400 'I‘IIEOPHILUM

1954 341 2318 400 aususnon
2360 341 2446 399 ET
2482 339 2790 417 Sinonem
2827 337 3156 399 ιυωΕυιι.

3414 333 3556 394 1178

267 460 408 517 dabo
430 503 446 529 ,
479 461 571 532 qui
594 471 649 517 et
674 462 791 533 ipso
820 461 957 518 duos
1005 462 1277 518 adventus
1321 460 1525 517 Christi
1576 458 1851 532 signiﬁcat
1875 462 1930 522 Α
1951 461 2007 516 in
2029 461 2111 514 die
2134 458 2738 533 tertia(Exod.xrx,21).
2758 457 2825 513 Et
2850 455 3038 512 Isaias:
3064 454 3220 509 Nunc
3245 468 3548 525 exsurgam,

269 553 460 609 dicens
487 570 500 607 :
534 552 724 609 Transi
748 570 840 626 per
856 554 1076 608 mediam
1106 552 1437 608 Hierusalem
1462 596 1476 620 ,
1497 563 1546 607 et
1570 554 1636 606 da
1652 552 1860 625 signum

268 648 322 701 in
348 648 606 719 frontibus
648 650 875 702 virorum
903 649 1186 703 dolentium
1222 657 1272 701 et
1316 650 1628 717 gementium
1658 647 1721 701 ab
1749 647 1858 701 ini-

264 743 465 812 quitate
487 756 601 810 qua:
631 742 690 812 ﬁt
718 743 771 795 in
800 753 934 796 terra
989 741 1203 812 (Ezeclt.
1254 758 1342 808 ις,
1382 741 1463 813 4).
1518 742 1586 795 Et
1636 755 1856 796 rursum

264 834 565 890 secundum
596 835 887 891 adventum
918 835 1188 907 signiﬁcat
1224 836 1582 891 vastationem
1633 850 1740 889 non
1785 834 1860 889 si-

261 941 553 1001 gnatorum
601 932 789 990 dicens
813 950 828 987 :
856 930 939 987 Ite
966 934 1021 986 in
1043 933 1301 986 civitatem
1331 974 1344 997 ,
1376 943 1425 986 et
1459 932 1620 986 nolite
1645 947 1859 1002 parcere

259 1026 406 1092 seni,
453 1042 617 1099 neque
652 1028 869 1101 juveni,
902 1036 950 1081 et
980 1026 1285 1090 mulieribus
1316 1071 1331 1094 ,
1367 1036 1416 1080 et
1447 1026 1679 1097 parvulis
1708 1070 1724 1095 ,
1764 1041 1857 1079 no-

261 1120 353 1175 lite
380 1137 589 1193 parcere
618 1123 817 1193 gladio.
852 1120 1026 1191 Super
1051 1138 1178 1193 quos
1206 1129 1380 1175 autem
1418 1122 1628 1192 signum
1655 1122 1859 1175 invene-

257 1215 374 1270 ritis
400 1259 412 1282 ,
459 1232 552 1271 nec
585 1218 888 1289 tetigeritis,
946 1225 993 1271 et
1039 1217 1236 1272 sanctis
1266 1218 1393 1271 meis
1442 1217 1605 1271 nolite
1649 1232 1858 1287 parcere

258 1306 423 1379 (Ibid.
459 1311 523 1379 5,
555 1309 636 1383 6).
683 1311 798 1367 Hoc
838 1313 1054 1383 signum
1082 1310 1234 1367 Raab
1258 1311 1520 1366 meretrix
1552 1327 1672 1381 quae
1704 1310 1757 1364 in
1791 1311 1856 1364 Ii-

254 1417 387 1473 gura
414 1402 675 1459 Ecclesia:
705 1403 806 1459 luit
826 1448 840 1471 ,
872 1420 1095 1462 coccum
1123 1416 1175 1460 et
1197 1415 1224 1443 ιι
1253 1415 1500 1476 spartum
1528 1405 1581 1459 in
1616 1403 1854 1460 fenestra

259 1497 550 1567 pependit,
582 1508 641 1554 ut
680 1514 803 1555 cum
853 1499 1038 1557 Jesum
1074 1500 1222 1556 Nave
1257 1502 1471 1556 veniret
1497 1499 1719 1555 Hierico
1761 1500 1856 1555 de-

257 1587 466 1647 bellare
487 1631 503 1658 ,
532 1590 649 1646 viso
695 1590 854 1663 signo
886 1593 1183 1661 coccineo,
1219 1593 1368 1649 Raab
1394 1602 1452 1648 et
1480 1593 1571 1664 qui
1604 1593 1658 1647 iu
1692 1592 1856 1648 domo

254 1681 372 1752 ejus
414 1693 599 1740 essent
625 1728 640 1751 ,
673 1685 1035 1741 salvarentur.
1070 1685 1147 1741 Ita
1175 1697 1229 1741 et
1262 1687 1317 1740 in
1348 1686 1581 1741 adventu
1610 1684 1852 1753 Christi,

253 1789 376 1830 cum
427 1776 614 1832 venire
641 1778 877 1848 coeperit
905 1777 1157 1833 Christus
1188 1778 1361 1832 Filius
1419 1778 1515 1833 Dei
1548 1778 1849 1834 secundum

1960 555 2086 610 dicit
2098 556 2369 626 Dominus,
2390 572 2523 609 nunc
2537 552 2884 625 clariﬁcabor,
2898 566 3031 605 nunc
3047 548 3230 604 videtis
3249 590 3263 615 ,
3281 563 3421 603 nunc
3433 563 3555 603 eru-

1961 650 2183 705 bescitis:
2197 666 2333 704 vana
2345 651 2439 705 erit
2454 648 2675 722 formido
2688 646 2795 722 spei
2805 654 2982 700 restria
2995 643 3159 718 :ignis
3171 658 3260 696 vos
3274 647 3556 696 consumet.

1960 743 2028 798 Et
2056 742 2124 799 de
2153 751 2328 798 morte
2384 720 2590 812 ipsius:
2649 720 2861 794 Occidet
2887 736 2967 792 sol
3014 733 3230 789 meridie
3270 742 3319 786 et
3357 732 3562 787 obtene-

1961 838 2191 892 brabitur
2234 838 2342 893 dies
2372 838 2502 891 lucis
2523 878 2537 904 ,
2570 843 2617 890 et
2648 843 2942 889 convertam
2968 831 3079 885 dies
3107 830 3263 901 festos
3289 836 3477 883 vestros
3501 826 3559 881 in

1961 931 2151 986 luctum
2181 931 2360 1002 (Amos
2385 945 2497 994 vin,
2522 927 2600 1000 9).
2626 927 2693 983 Et
2716 924 2985 983 Jeremias
3002 922 3162 978 dicit:
3192 919 3416 985 Occidit,
3436 933 3555 971 cum

1959 1024 2130 1080 adhuc
2168 1023 2281 1078 dies
2314 1031 2438 1078 esset
2470 1020 2686 1094 (Jerem.
2724 1036 2814 1087 xv,
2845 1016 2924 1091 9).
2955 1014 3111 1084 Quod
3145 1021 3329 1069 autem
3364 1012 3419 1067 in
3444 1024 3558 1067 cm-

1958 1120 2043 1176 los
2087 1118 2336 1175 ascendit
2359 1161 2374 1183 ,
2410 1125 2643 1174 testatur
2677 1112 2850 1169 David
2882 1113 2936 1168 in
2969 1111 3183 1182 psalmo
3211 1123 3338 1164 m1
3366 1125 3380 1163 :
3413 1107 3549 1174 Iter,

1959 1214 2174 1284 inquit,
2208 1213 2365 1284 facite
2394 1211 2439 1264 ei
2468 1210 2555 1280 qui
2584 1207 2815 1263 ascendit
2863 1221 3018 1277 super
3064 1216 3347 1267 occasum,
3380 1197 3561 1253 Domi-

1959 1330 2056 1367 nus
2079 1327 2259 1366 nomen
2287 1309 2367 1364 illi
2392 1307 2510 1379 (Ps.
2546 1320 2695 1371 LXVI,
2729 1305 2808 1375 5).
2839 1302 2971 1358 Item
2994 1300 3050 1356 in
3090 1313 3251 1354 xcvr:
3302 1291 3553 1350 Ascendit

1959 1404 2099 1459 Deus
2121 1405 2175 1458 in
2200 1402 2546 1477 jubilatione,
2592 1397 2849 1451 Dominus
2878 1396 2930 1449 in
2960 1409 3079 1448 voce
3103 1390 3239 1446 tubae
3269 1386 3437 1458 (Ibid.
3471 1382 3555 1456 6).

1959 1498 2089 1553 Item
2124 1497 2178 1551 in
2228 1510 2395 1550 xvm:
2445 1492 2487 1546 Α
2516 1508 2717 1546 summo
2746 1488 2871 1545 εωιο
2912 1486 3138 1561 egressio
3163 1486 3310 1555 ejus,
3363 1495 3455 1534 nec
3484 1483 3559 1532 est

1957 1594 2044 1663 qui
2078 1609 2133 1646 se
2168 1589 2434 1644 abscondit
2476 1604 2507 1640 a
2551 1586 2726 1641 calore
2769 1584 2883 1654 ejus
2916 1578 3037 1653 (Ps.
3077 1591 3213 1633 xvm
3242 1619 3256 1643 ,
3287 1572 3366 1645 7).
3418 1570 3556 1663 Item

1957 1662 2012 1740 in
2066 1699 2213 1749 xxxv,
2262 1680 2598 1737 ascendente
2643 1675 2869 1732 Christo
2916 1674 2970 1727 in
3005 1662 3557 1738 cosiis:janitoribus

1957 1778 2182 1847 Angelis
2210 1777 2413 1831 dictum
2439 1783 2523 1829 est
2550 1789 2562 1828 :
2598 1770 2784 1826 Tollite
2810 1775 3008 1841 portas,
3040 1763 3551 1837 principes,vestras,

251 1869 512 1926 saeculum
548 1872 708 1926 istum
730 1887 798 1928 ex
827 1873 956 1943 igne
985 1887 1231 1928 cremare
1257 1915 1272 1940 ,
1305 1872 1567 1929 Ecclesia:
1594 1880 1648 1929 et
1677 1872 1771 1942 qui
1792 1875 1843 1926 in
1878 1864 1926 1925 B
1951 1882 1999 1927 et
2044 1869 2318 1926 elevamini
2362 1876 2527 1938 porta:
2555 1863 2863 1929 azternales,
2890 1868 2940 1914 et
2966 1856 3197 1913 introibit
3242 1868 3335 1909 rex
3370 1848 3556 1943 gloria:

251 1979 314 2020 ea
340 1961 523 2020 fronte
552 1963 748 2035 signati
790 1963 997 2021 fuerint
1028 2011 1041 2035 ,
1082 1966 1465 2021 salvabuntur.
1501 1964 1594 2020 Sic
1625 1975 1681 2021 et
1710 1964 1853 2020 Osee

248 2054 465 2127 (Oseet,
495 2056 553 2128 9.)
576 2057 667 2128 qui
698 2067 882 2130 typum
922 2057 1123 2114 Christi
1161 2060 1335 2114 tenuit
1361 2104 1375 2128 ,
1413 2059 1570 2130 jubet
1598 2060 1852 2129 accipere

246 2165 479 2205 uxorem
510 2150 859 2207 I'ornicariam
886 2193 900 2218 ,
932 2151 1037 2208 hoc
1086 2162 1171 2209 est
1211 2152 1512 2208 Ecclesiam
1539 2197 1553 2222 ,
1589 2168 1752 2224 quam
1782 2153 1852 2207 de

248 2242 616 2300 fornicatione
672 2244 945 2301 idolorum
994 2246 1247 2302 Christus
1303 2248 1556 2320 accepit,
1591 2247 1717 2319 quia
1748 2247 1852 2302 ini-

175 2408 180 2413 .
250 2337 383 2393 tium
418 2337 800 2394 fornicationis
825 2348 908 2395 est
941 2338 1214 2394 idolorum
1244 2342 1501 2396 servitus.

320 2433 664 2504 Sua—Ergo
700 2433 948 2491 Ecclesia
980 2433 1275 2490 loruicaria
1306 2436 1435 2490 est?

317 2526 639 2597 Tu.—Quid
694 2530 838 2583 enim
899 2530 1291 2600 interpretatur
1356 2529 1691 2596 fornicaria,
1744 2529 1848 2585 nisi

245 2623 499 2678 omnibus
522 2624 867 2680 venientibus
886 2625 953 2680 ad
983 2640 1042 2680 se
1068 2634 1340 2697 quaestum
1372 2623 1495 2680 ﬁdei
1521 2625 1653 2679 nulli
1680 2623 1847 2680 dene-

244 2716 419 2786 gare?
474 2716 779 2785 Repudiata
825 2719 973 2774 enim
1028 2718 1348 2791 Synagoga,
1389 2724 1687 2791 assumpsit
1741 2720 1844 2776 sibi

245 2807 495 2864 Christus
528 2809 852 2867 Eeclesiam.
912 2811 1057 2866 Audi
1108 2813 1256 2867 enim
1307 2812 1607 2869 Jeremiam
1658 2812 1847 2868 dicen—

245 2913 394 2957 tem:
435 2901 623 2957 Dimisi
672 2913 892 2958 matrem
945 2913 1196 2968 vestram,
1232 2914 1278 2958 et
1310 2905 1430 2960 dedi
1483 2906 1564 2960 illi
1612 2905 1846 2961 libellum

242 2995 483 3064 repudii,
514 2996 651 3067 quod
700 2996 821 3050 dedi
874 2999 1026 3051 matri
1078 3008 1290 3065 vestrm,
1338 3001 1461 3066 quia
1506 2999 1681 3055 dimisi
1731 3017 1846 3055 eam

246 3087 463 3162 (Jerem.
496 3106 575 3156 ut,
609 3091 691 3163 8).
748 3092 812 3146 Et
849 3092 985 3147 alius
1014 3092 1281 3163 propheta
1315 3094 1482 3149 dicit:
1518 3093 1845 3150 Judicamini

241 3184 311 3237 ad
356 3194 569 3238 matrem
600 3195 817 3240 vestram
837 3228 851 3251 ,
888 3187 1011 3258 quia
1059 3202 1161 3239 non
1207 3204 1323 3241 sum
1346 3188 1422 3240 vir
1454 3186 1611 3261 (Osee
1642 3204 1679 3243 tt
1709 3229 1723 3254 ,
1756 3186 1838 3258 ‘2).

240 3278 341 3336 Hic
377 3290 462 3336 est
487 3280 653 3336 etiam
692 3281 784 3337 Dei
813 3282 990 3337 virtus
1021 3280 1270 3336 Christus
1296 3323 1309 3343 .
1340 3281 1408 3337 de
1439 3258 1545 3353 quo
1577 3282 1835 3338 Salomon
1870 3258 1917 3323 (ἶ
1950 3272 2016 3328 15
2044 3314 2060 3338 ν
2095 3269 2210 3339 Ml-

242 3372 294 3427 in
326 3388 559 3442 persona
586 3372 899 3429 Iudaeorum
944 3374 1297 3444 prophetavit
1326 3374 1552 3430 dicens:
1597 3375 1848 3430 Circum-.

240 3466 505 3519 veniamus
548 3469 786 3538 justum,
836 3469 1082 3537 quoniam
1120 3467 1415 3521 contrarius
1472 3477 1547 3521 est
1599 3467 1839 3538 Operibus

244 3558 454 3613 nostris.
480 3555 807 3630 Improperat
832 3559 973 3612 enim
1002 3558 1146 3613 nobis
1163 3569 1375 3630 peccata
1413 3569 1623 3626 nostra,
1664 3569 1711 3613 et
1731 3559 1840 3614 dis-

242 3651 451 3724 ciplina:
490 3661 697 3708 nostrae.
733 3651 929 3707 Filium
959 3651 1056 3707 Dei
1089 3671 1144 3708 se
1171 3655 1424 3709 nominat.
1482 3653 1760 3709 Videamus
1796 3654 1841 3707 si

239 3762 500 3801 sermones
531 3743 672 3800 illius
702 3745 803 3799 veri
821 3747 926 3801 sint
958 3757 1169 3802 :-morte
1198 3748 1499 3818 turpissima
1527 3748 1839 3802 condemne-

242 3854 352 3892 mus
371 3854 508 3892 eum.
545 3836 660 3891 Erit
683 3838 820 3893 enim
856 3851 1118 3910 respectas
1149 3858 1213 3894 ex
1241 3840 1562 3895 sermonibus
1594 3841 1788 3895 nostris
1824 3882 1838 3907 ,

237 3933 314 3987 vel
346 3931 478 4002 ejus.
514 3929 575 3985 Si
604 3932 741 3984 enim
777 3941 849 3985 est
878 3949 1023 3986 verus
1056 3929 1232 3987 Filius
1278 3930 1376 3987 Dei
1403 3976 1417 3999 ,
1447 3934 1692 4005 suscipiet
1722 3949 1842 3986 eum

240 4023 304 4078 de
331 4032 498 4075 manu
521 4022 919 4078 contrariorum.
964 4021 1093 4077 Haec
1122 4024 1477 4093 cogitaverunt
1503 4065 1518 4091 ,
1552 4032 1599 4077 et
1629 4039 1838 4077 errave-

241 4128 400 4175 runt:
442 4116 715 4171 excwcavit
744 4131 828 4169 eos
864 4115 1064 4170 malitia
1094 4131 1302 4180 eorum,
1336 4125 1384 4169 et
1412 4116 1704 4171 nescierunt
1751 4132 1840 4168 sa-

241 4220 504 4264 cramenta
535 4207 629 4263 Dei
659 4208 814 4281 (Sap.
849 4224 918 4273 tt,
954 4208 1055 4272 ιι,
1092 4208 1180 4275 15,
1216 4209 1315 4276 17,
1348 4208 1437 4277 18,
1465 4207 1642 4273 20,2!
1676 4248 1690 4273 ,
1721 4206 1839 4277 22).

243 4300 310 4356 Et
336 4300 553 4372 Moyses
597 4301 649 4354 in
692 4299 1122 4356 Deuteronomio
1171 4301 1347 4356 dicit:
1401 4299 1739 4355 Innocentem
1793 4310 1841 4354 et

231 4397 438 4466 justum
470 4411 573 4447 non
601 4393 801 4447 occides
848 4392 1049 4465 (Exod.
1075 4409 1209 4448 χχιιι
1239 4435 1253 4461 ,
1287 4392 1364 4465 7).
1394 4392 1718 4449 Surrexisse
1748 4408 1844 4447 au-

240 4494 349 4539 tem
398 4485 551 4539 illum
580 4500 609 4538 a
641 4485 874 4540 mortuis
923 4486 1209 4556 Scriptura
1269 4494 1502 4541 testatur
1536 4484 1590 4538 in
1629 4486 1846 4555 psalmo

237 4580 428 4636 dicens
455 4598 469 4635 :
502 4578 761 4647 Quoniam
794 4597 895 4635 non
939 4578 1265 4652 derelinques
1312 4582 1543 4635 animam
1592 4597 1756 4634 meam
1787 4580 1840 4635 in

1956 1965 2075 2039 (Ps.
2111 1980 2235 2019 χειν
2256 2006 2270 2029 ,
2305 1964 2358 2028 7,
2409 1961 2442 2018 8
2471 2003 2485 2026 ,
2518 1956 2628 2029 10).
2660 1957 2728 2012 At
2759 1956 2840 2011 illi
2884 1954 2978 2024 qui
3007 1949 3332 2007 nesciebant
3356 2038 3361 2039 γ
3386 1942 3552 2001 Chri-

1955 2071 2100 2114 stum
2153 2055 2388 2112 Verbum
2437 2054 2494 2108 in
2540 2051 2829 2122 Virginem
2890 2047 3222 2100 insinuatum
3250 2082 3265 2106 ,
3294 2038 3561 2095 mirantes

1952 2152 2096 2225 quod
2127 2151 2220 2207 tali
2269 2149 2489 2215 habitu,
2538 2156 2596 2203 et
2618 2144 2646 2184 ι)
2683 2142 2983 2215 trophaeam
3014 2138 3305 2193 victricem
3357 2147 3554 2225 repor-

1954 2224 2077 2302 tans
2122 2245 2320 2301 malum
2371 2239 2697 2297 asccuderet
2724 2278 2739 2301 ,
2774 2237 3152 2304 interrogant:
3189 2227 3315 2295 Quis
3339 2235 3413 2280 est
3462 2224 3559 2278 iste

1951 2355 2040 2393 rex
2083 2336 2300 2410 glorite?
2324 2333 2540 2403 Quibus
2568 2342 2895 2399 responsum
2939 2325 3100 2380 datur
3124 2340 3137 2377 :
3168 2320 3422 2375 Dominus
3451 2316 3557 2369 vir—

1951 2405 2120 2485 tutum
2152 2431 2261 2503 ipse
2284 2438 2358 2482 est
2394 2441 2489 2480 rex
2516 2425 2717 2495 glorite.
2765 2421 2899 2475 Item
2931 2417 2986 2471 in
3018 2430 3145 2471 clx:
3184 2410 3332 2466 Dixit
3372 2405 3559 2462 Domi-

1950 2540 2046 2578 nus
2076 2520 2302 2575 Domino
2346 2533 2490 2572 meo:
2520 2514 2665 2570 sede‘
2687 2530 2718 2567 a
2761 2509 2960 2566 dextris
2990 2507 3147 2572 meis,
3175 2503 3337 2558 donec
3360 2514 3553 2573 ponam

1950 2618 2184 2673 inimicos
2230 2624 2341 2669 tuos
2378 2610 2657 2667 scabellum
2680 2606 2871 2678 pedum
2914 2613 3127 2658 tuorum
3150 2598 3269 2670 (Ps.
3302 2611 3395 2652 (ιιι
3419 2636 3435 2663 ,
3470 2591 3547 2664 1).

1952 2713 2029 2767 De
2059 2708 2311 2766 claritate
2358 2706 2511 2777 regni
2556 2700 2787 2759 secundi
2817 2697 3086 2752 adventus
3125 2690 3243 2762 ejus
3274 2685 3418 2757 apud
3450 2684 3558 2739 Da-

1948 2802 2147 2859 nielem
2175 2819 2189 2855 :
2250 2798 2502 2855 Videbam
2553 2805 2699 2850 nocte
2728 2794 2783 2847 in
2808 2792 2921 2847 visu
2947 2831 2962 2858 ,
2997 2796 3044 2842 et
3074 2802 3187 2840 ecce
3229 2785 3283 2837 in
3329 2778 3550 2836 nubibus

1949 2894 2063 2952 εωιὶ
2090 2894 2239 2965 quasi
2268 2893 2412 2963 ﬁlius
2443 2890 2665 2945 hominis
2715 2885 2920 2941 veniens
2949 2924 2964 2949 ,
2991 2881 3131 2935 venit
3182 2892 3345 2947 usque
3375 2875 3442 2928 ad
3472 2887 3559 2965 ve-

1950 2964 2109 3047 (eremi
2129 2988 2351 3042 dierum.
2389 2983 2456 3038 Et
2487 2986 2612 3037 data
2653 2989 2727 3035 est
2772 2980 2819 3032 ei
2848 2983 3079 3048 potestas
3106 2971 3290 3043 regia:
3317 2976 3367 3022 et
3386 2964 3554 3020 omnis

1948 3083 2162 3138 claritas
2191 3079 2373 3135 serviet
2400 3077 2480 3130 ei:
2509 3083 2559 3129 et
2588 3071 2718 3143 ﬁdes
2763 3070 2876 3140 ejus
2904 3075 3121 3130 aeterna,
3154 3076 3271 3133 quae
3300 3076 3405 3113 non
3434 3073 3549 3111 mo-

1946 3176 2146 3233 vebitur
2166 3215 2181 3240 ,
2209 3183 2255 3227 et
2297 3185 2516 3243 regnum
2545 3168 2659 3236 ejus
2687 3180 2791 3218 non
2833 3165 3199 3227 corrumpetur
3226 3152 3395 3225 (Dan.
3430 3166 3510 3205 vn
3533 3192 3549 3219 ,

2264 3263 2435 3319 Dicite
2484 3264 2541 3316 in
2583 3256 2883 3314 nationibus
2905 3271 2924 3308 :
2955 3252 3212 3307 Dominus
3258 3244 3490 3320 regnavit
3521 3260 3553 3298 a

1942 3364 2084 3437 ligno
2112 3361 2231 3435 (Ps.
2281 3374 2379 3415 xcv
2409 3403 2422 3426 ,
2457 3355 2566 3427 10).
2597 3353 2730 3409 Item
2762 3347 2903 3420 apud
2941 3344 3137 3400 Isaiam
3164 3359 3176 3395 :
3213 3339 3355 3393 Puer
3396 3346 3552 3392 natus

1942 3458 2119 3523 nobis,
2154 3457 2305 3528 cujus
2334 3450 2613 3523 imperium
2644 3461 2799 3516 super
2828 3446 3099 3497 humerum
3129 3437 3239 3509 ejus
3264 3451 3281 3488 :
3311 3442 3359 3488 et
3398 3448 3549 3487 voca-

1944 3552 2080 3606 bitur
2117 3526 2301 3603 nomen
2329 3546 2444 3612 ejus
2470 3543 2641 3615 magni
2670 3536 2878 3592 consilii
2908 3532 3135 3603 Angelus
3165 3527 3300 3602 (lsa.
3332 3543 3387 3583 lx
3416 3570 3430 3594 ,
3464 3526 3545 3596 6).

1945 3643 2012 3698 Et
2049 3642 2096 3697 si
2125 3637 2363 3694 volueris
2412 3649 2630 3690 onmem
2679 3627 3076 3702 plenitudinem
3128 3620 3548 3692 Evangeliorum

1944 3752 2304 3811 cognoscere,
2343 3734 2591 3789 invenies
2632 3728 2777 3801 apud
2827 3726 3098 3783 Joannem
3133 3731 3381 3776 nostrum
3415 3734 3551 3774 eun-

1946 3842 2054 3888 tem
2082 3833 2148 3885 ad
2182 3828 2494 3901 passionem
2543 3825 2820 3880 Christum
2867 3832 3088 3874 crucem
3122 3814 3225 3870 sibi
3258 3813 3311 3868 in
3359 3812 3554 3868 hume-

1944 3926 2020 3981 ris
2046 3933 2294 3995 portasse
2324 3963 2338 3986 ,
2384 3937 2482 3991 pro
2514 3933 2621 3989 quo
2652 3917 2771 3971 haec
2803 3913 2975 3970 Isaias
2994 3910 3148 3967 dicit.

2017 4016 2414 4075 Sun—Omnia
2436 4012 2659 4084 quidem
2702 4014 2754 4064 in
2791 4008 3012 4066 Christo
3055 4004 3400 4075 prazligurata
3433 4016 3551 4056 ma-

1947 4114 2143 4170 nifesta
2176 4109 2497 4182 probatione
2526 4118 2547 4145 ο
2576 4120 2685 4176 prae
2716 4099 3018 4171 Scripturis
3045 4096 3183 4152 meis
3212 4094 3341 4150 mihi
3365 4102 3552 4150 osten-

1946 4207 2072 4263 disti
2128 4224 2141 4260 :
2185 4212 2239 4260 et
2279 4203 2559 4258 volueram
2603 4195 2823 4267 quidem
2874 4192 3103 4248 credere
3132 4231 3146 4255 ,
3199 4189 3247 4243 si
3293 4201 3400 4242 non
3459 4202 3548 4241 me
3612 4183 3631 4201 '

1949 4300 2146 4375 psalmi
2176 4299 2333 4354 istius
2362 4291 2688 4350 deliberatio
2721 4294 3032 4343 revocaret.
3080 4282 3211 4338 Nam
3268 4279 3356 4335 hic
3403 4279 3550 4350 psal-

1950 4374 2068 4453 mus
2116 4395 2169 4449 in
2219 4393 2514 4449 Salomone
2540 4388 2719 4441 dictus
2742 4394 2826 4439 est
2876 4399 2888 4433 :
2932 4379 3071 4433 Deus
3106 4374 3369 4450 judicium
3402 4383 3552 4427 tuum

1947 4489 2065 4564 (Ps.
2091 4503 2236 4553 LXXI,
2260 4484 2344 4555 ἓ),
2375 4497 2535 4552 quem
2567 4478 2771 4534 dudum
2824 4472 2955 4527 mihi
2995 4467 3376 4564 prollOSII-lSlI-Z
3408 4463 3551 4564 adeo

1948 4559 2007 4640 ut
2032 4583 2216 4638 titulus
2259 4578 2378 4650 ejus
2423 4585 2475 4631 te
2516 4573 2783 4635 revincat,
2836 4581 2958 4622 cum
2993 4563 3176 4619 dicat:
3211 4559 3463 4615 Psalmus
3494 4559 3547 4612 in

236 4675 441 4742 inferno
466 4719 480 4743 ,
521 4691 611 4729 nec
639 4674 788 4730 dabis
816 4686 1053 4730 sanctum
1071 4686 1213 4731 tuum
1238 4677 1408 4730 videre
1425 4675 1831 4747 corruptionem.
1866 4660 1920 4720 D
1947 4676 2250 4732 Salomone.

239 4765 407 4823 Notas
436 4768 560 4823 milii
588 4769 751 4840 fecisti
777 4768 884 4823 vias
912 4771 1060 4834 vitte,
1093 4767 1400 4838 adimplebis
1416 4785 1496 4822 me
1515 4767 1698 4822 lwtitia
1717 4784 1834 4822 cum

238 4860 378 4915 vultu
405 4872 492 4915 tuo
513 4858 629 4932 (Ps.
656 4876 728 4916 xv
747 4903 760 4925 ,
792 4860 882 4927 10,
909 4860 1018 4933 11).
1041 4860 1178 4917 Item
1204 4863 1259 4915 in
1287 4861 1497 4931 psalmo
1526 4875 1653 4914 xxxx
1679 4875 1694 4915 :
1730 4858 1834 4914 Do—

237 4954 392 5022 mine,
416 4953 644 5009 eduxisti
665 4955 728 5009 ab
757 4956 937 5028 inferis
958 4957 1184 5010 animam
1216 4972 1381 5009 meam
1409 4953 1527 5027 (Ps.
1562 4970 1720 5022 xstx,
1751 4954 1830 5027 4).

236 5044 369 5102 Item
401 5049 455 5101 in
495 5047 702 5117 psalmo
732 5048 871 5103 dicit
897 5067 911 5103 :
943 5047 1060 5119 Ego
1099 5050 1318 5104 dormivi
1349 5057 1396 5104 et
1432 5063 1669 5102 somnum
1699 5050 1830 5118 cepi,

234 5154 283 5198 et
310 5126 580 5198 exsurrexi
608 5142 732 5212 quia
780 5141 1034 5197 Dominus
1075 5144 1321 5213 suscipiet
1350 5160 1429 5197 me
1459 5141 1580 5216 (Ps.
1615 5158 1676 5197 ιιι
1705 5186 1719 5211 ,
1755 5144 1832 5215 ϐ).

238 5238 303 5291 Et
331 5237 472 5293 Osee
498 5254 511 5290 :
552 5235 849 5304 Viviﬁcabit
877 5253 968 5290 nos
996 5246 1110 5305 post
1140 5238 1269 5291 duos
1299 5237 1409 5291 dies
1433 5278 1448 5302 ,
1478 5246 1528 5290 et
1565 5238 1648 5290 die
1691 5236 1840 5290 tertia

234 5332 498 5386 suscitabit
528 5348 623 5385 nos
647 5329 793 5403 (Ose.
830 5346 882 5385 vt
901 5371 917 5396 ,
941 5330 1023 5403 5).
1052 5330 1121 5385 Ει
1141 5329 1206 5384 ad
1231 5330 1470 5401 Moysem
1496 5331 1759 5387 Dominus
1783 5332 1839 5387 in

237 5428 467 5484 Exodo:
526 5426 821 5496 Descende,
856 5428 1074 5500 inquit,
1109 5438 1157 5483 et
1185 5428 1462 5498 testificare
1503 5430 1695 5502 papula
1730 5472 1745 5496 ,
1793 5442 1841 5485 et

236 5522 463 5592 puri/ica
495 5521 643 5590 illos,
676 5532 731 5577 ut
762 5522 934 5579 lavent
961 5522 1261 5578 vestimenta
1289 5538 1406 5589 sua,
1441 5531 1488 5577 et
1516 5523 1621 5576 sint
1665 5526 1842 5592 parati

238 5726 611 5799 Tertullianus
660 5724 1049 5799 librofcontra
1093 5723 1464 5799 Iudaeam-et
1517 5725 1832 5799 Lactantius

238 5797 332 5853 lib.
364 5815 416 5854 tv
442 5797 687 5854 Institut.
719 5795 913 5852 Nullus
933 5810 1066 5852 vero
1091 5842 1106 5865 ,
1139 5811 1302 5866 quem
1328 5798 1498 5853 sciam
1526 5840 1540 5864 ,
1581 5795 1703 5865 post
1731 5812 1835 5852 sa:-

239 5871 421 5943 culum
447 5878 702 5943 quartum
730 5911 743 5933 ,
781 5868 1039 5943 sitamen
1076 5884 1253 5943 unum
1285 5871 1525 5943 excipias
1555 5869 1826 5926 Orosium.

244 5932 379 5998 llinc
426 5932 713 6012 scriptoris
734 5932 1123 6011 antiquitatem
1153 5940 1401 6013 colligas.

2015 4764 2404 4823 TH.—lnvisor
2433 4761 2527 4814 ille
2567 4757 2657 4829 qui
2702 4751 3099 4826 protoplastum
3156 4745 3430 4804 lefellitet
3456 4758 3553 4815 po-

1945 4862 2129 4932 pulum
2161 4866 2402 4914 vestrum
2430 4852 2667 4921 decepit,
2704 4863 2801 4917 per
2830 4844 2985 4915 cujus
3016 4839 3278 4897 invidiam
3304 4851 3461 4892 mors
3487 4837 3543 4932 in

1944 4929 2137 5009 orbem
2163 4963 2324 5006 terrae
2355 4946 2539 5010 venit;
2577 4944 2663 4998 hic
2702 4939 2959 4995 videlicet
3008 4949 3206 4992 sensus
3245 4932 3431 4987 cordis
3472 4929 3552 4985 tui

1946 5045 2369 5119 praeoccupavit,
2405 5049 2463 5094 ut
2494 5052 2607 5094 rem
2640 5032 2985 5090 manifestam
3018 5040 3073 5084 et
3113 5027 3169 5082 in
3200 5022 3552 5119 lucemposi-

1945 5116 2052 5199 tam
2075 5139 2309 5197 errollus
2331 5134 2469 5209 (Sic)
2488 5148 2592 5187 non
2612 5129 2907 5198 intelligas.
2926 5123 3183 5181 Salomon
3212 5120 3355 5176 enim
3377 5118 3429 5172 iu
3455 5116 3555 5170 Ju-

1940 5237 2056 5291 daca
2079 5232 2439 5304 quadraginta
2475 5225 2634 5280 annis
2663 5219 2913 5292 regnavit
2939 5233 2966 5271 a
2992 5216 3107 5271 Dan
3140 5227 3317 5283 usque
3348 5210 3553 5304 Bersa-

1937 5332 2039 5388 bee
2060 5347 2075 5395 ;
2098 5302 2165 5384 et
2198 5335 2387 5398 postea
2415 5320 2664 5389 deliquit,
2698 5317 2836 5372 sicut
2865 5318 2919 5369 in
2944 5311 3187 5366 Basilion
3207 5306 3349 5361 libro
3376 5302 3542 5359 tertio

1943 5424 2146 5480 dicitur
2177 5440 2189 5478 :
2226 5420 2290 5475 Et
2324 5419 2446 5491 fecit
2474 5413 2729 5471 Salomon
2758 5412 2974 5477 malum,
3022 5416 3071 5460 et
3120 5419 3222 5457 non
3264 5397 3550 5491 ambulavit

1941 5517 1996 5573 in
2019 5516 2101 5571 via
2130 5512 2300 5569 David
2325 5489 2506 5583 patris
2535 5507 2617 5562 sui
2645 5521 2665 5573 ;
2693 5502 2786 5560 sed
2815 5497 3098 5569 aediﬁcavit
3126 5493 3389 5550 excelsum
3411 5489 3549 5545 Cha-

2016 5733 2043 5761 α
2084 5722 2347 5790 Spartum
2374 5762 2389 5786 ,
2420 5732 2597 5790 genus
2628 5711 2813 5770 herba:
2834 5748 2853 5777 ,
2881 5719 3043 5779 quam
3096 5702 3318 5775 quidam
3363 5699 3544 5756 Latini

1939 5795 2207 5869 genistam
2238 5794 2682 5869 interpretantur.

2010 5867 2036 5906 ιι
2068 5866 2252 5931 Forte,
2282 5862 2623 5936 romphteam.
2663 5929 2675 5936 _
2837 5924 2868 5936 Α
2939 5925 2949 5936 .

1944 5997 1952 6008 ,
2016 5952 2035 5978 ο
2063 5938 2121 5995 Id
2151 5924 2258 6006 est,
2285 5924 2574 6005 Scripturis
2593 5929 2677 5987 vel
2710 5942 2806 6001 per
2830 5924 3131 5996 Scripturas
3160 5936 3319 5977 mens.
