4060 6344
521 289 662 345 Ηῗ9

1844 289 2130 364 ΕῩΑθΒιι
2166 293 2478 368 Mincii}

3684 301 3813 359 “80

517 421 647 462 mos.
678 406 823 472 idola
855 405 1033 474 Moad,
1061 418 1104 462 et
1135 409 1237 482 regi
1262 426 1434 464 eorum
1466 408 1608 466 idola
1635 412 1871 482 ﬁliorum
1895 414 2114 470 Ammon
2144 415 2191 492 ᾼ
2220 411 2363 468 Deus
2404 412 2728 472 delectetur.
2763 408 2930 468 Cibus
2961 420 3140 472 autem
3162 413 3310 488 quod
3337 413 3570 486 ambigis
3600 416 3815 478 mandu-

513 506 560 566 et
585 500 832 562 sistaron,
857 501 1000 555 idola
1023 503 1420 556 abominationis
1447 503 1820 571 Sidoniorum;
1852 518 1898 562 et
1926 507 2118 566 excita-

515 591 586 643 uit
613 590 754 646 Deus
785 593 1040 649 Satanam
1061 596 1165 663 ipsi
1198 595 1471 649 Salomoni
1522 595 1658 649 Ader
1697 597 1990 656 lduma‘um
2027 597 2116 670 (Ill

517 686 652 758 Reg.
689 705 770 770 st,
801 690 853 751 6,
882 691 934 750 7,
969 689 1083 760 l4).
1118 690 1318 748 Christi
1369 700 1550 746 autem
1599 707 1824 764 regnum
1870 694 1923 748 in
1970 691 2119 746 omni

505 793 838 853 porrectum
867 795 946 842 εει
978 786 1111 842 urbe
1162 793 1459 840 terrarum.
1492 784 1618 840 Ideo
1656 786 1724 841 de
1755 801 1822 842 eo
1854 788 2116 856 prOpheta

523 890 924 936 commemorat
977 879 1211 936 dicens:
1253 879 1582 934 Permanebit
1630 897 1745 934 cum
1791 882 1900 936 sole
1928 891 1973 935 et
2003 891 2121 938 ante

519 971 706 1028 lunam
729 974 780 1027 in
802 973 1012 1041 swcula,
1042 983 1089 1028 et
1112 973 1466 1027 dominabitur
1486 991 1514 1028 a
1535 975 1668 1028 mari
1693 991 1850 1043 usque
1871 975 1938 1028 ad
1955 990 2116 1042 mare,

517 1073 566 1118 et
589 1082 621 1118 a
643 1066 854 1132 ﬂumine
883 1052 1041 1132 usque
1072 1064 1140 1118 ad
1171 1065 1417 1118 terminos
1449 1065 1586 1118 orbis
1610 1075 1760 1118 terra:
1811 1062 1928 1134 (Ps.
1965 1081 2116 1134 Lnt,

521 1155 577 1222 5,
605 1155 682 1228 8).
710 1158 821 1211 Non
848 1156 912 1212 de
938 1157 1233 1216 Salomone
1263 1157 1417 1225 dicit,
1445 1158 1602 1227 cujus
1635 1173 1860 1228 regnum
1879 1168 2120 1218 etannos

523 1254 775 1324 superius
807 1252 906 1312 tibi
939 1252 1174 1310 ostendi.

590 1343 1034 1409 Sin.—Recedit,
1083 1354 1142 1400 ut
1182 1344 1360 1409 video,
1413 1344 1480 1399 de
1508 1360 1670 1399 sensu
1715 1361 1835 1400 meo
1866 1344 2121 1402 inimicus

518 1449 737 1514 patrum
763 1454 1004 1495 meorum
1033 1437 1309 1503 diabolus,
1335 1437 1427 1510 qui
1461 1449 1700 1493 mentem
1746 1453 1920 1493 meam
1949 1453 2121 1494 carea-

521 1533 632 1589 bat.
659 1532 809 1602 Coepi
845 1533 992 1588 enim
1024 1532 1208 1588 lumen
1237 1532 1483 1588 veritatis
1509 1548 1830 1603 agnoscere.

591 1624 949 1681 Tn.—Crede
980 1641 1135 1698 ergo,
1171 1625 1511 1681 illuminatus
1540 1625 1606 1680 de
1652 1626 1886 1681 vinculis
1915 1627 2065 1682 exire
2095 1634 2120 1663 α

514 1720 898 1776 tenebrarum.
935 1718 1025 1775 Sic
1056 1719 1200 1774 enim
1238 1717 1405 1774 Isaias
1428 1718 1495 1773 de
1531 1718 1750 1774 Christo
1793 1718 1964 1772 dicit:
1997 1718 2123 1790 Spi-

2224 519 2348 558 care
2379 502 2601 568 debere,
2639 520 2749 558 non
2773 518 2967 564 carnes
2996 505 3207 568 suiltas,
3231 506 3333 564 sed
3365 505 3508 562 tacta
3538 521 3812 576 porcorum

2223 597 2532 666 prohiberis
2559 598 2878 654 admittere.
2911 598 3176 655 Similiter
3202 614 3350 670 aqua
3386 602 3566 666 mixto
3598 600 3712 656 luto
3733 617 3820 658 vo-

2224 689 2430 759 luptas,
2461 704 2712 748 Sororem
2776 701 2924 746 tuam
2977 692 3075 747 tibi
3134 693 3188 747 in
3237 694 3544 753 concubitu
3580 693 3818 764 copulas,

2222 783 2544 854 sanguinem
2578 784 2836 858 sanguini
2859 785 3073 853 incitas,
3103 788 3313 857 rapinis
3344 795 3547 844 terram
3577 803 3821 859 perscru-

2226 874 2378 943 taris,
2411 877 2545 930 testa
2580 886 2670 932 tua
2701 877 2976 947 publicas,
3021 879 3070 932 in
3103 879 3304 949 plateis
3333 894 3485 942 oras.
3517 879 3660 935 Ecce
3690 895 3817 948 quae

2223 967 2386 1022 modo
2438 983 2653 1037 peccas,
2703 977 2761 1022 et
2812 985 2918 1026 non
2973 969 3233 1043 intelligis
3274 969 3348 1027 de
3394 980 3450 1032 te
3481 972 3744 1046 scriptum
3772 974 3818 1030 in

2223 1062 2434 1134 psalmo
2464 1062 2734 1116 :Saturati
2762 1072 2878 1115 sunt
2909 1063 3056 1131 filiis,
3083 1074 3128 1118 et
3150 1065 3473 1134 reliquerunt
3499 1081 3614 1134 qua
3642 1082 3822 1134 super-

2224 1157 2434 1224 fuerunt
2464 1155 2696 1224 parvulis
2733 1157 2843 1210 suis
2875 1153 2994 1227 (Ps.
3036 1172 3147 1222 xrv,
3182 1157 3296 1228 Η).
3343 1157 3457 1216 Hoc
3498 1167 3583 1218 est
3643 1172 3822 1227 pecca-

2223 1255 2336 1301 tum
2369 1258 2610 1302 vestrum
2634 1259 2689 1304 et
2723 1249 3061 1317 posteritatis
3088 1261 3318 1310 vestrae.
3359 1252 3429 1308 De
3461 1250 3708 1322 piscibus
3738 1266 3824 1308 att-

2226 1348 2336 1394 tem
2364 1343 2603 1410 squamis
2622 1353 2808 1397 cutem
2831 1343 3040 1399 vestitis
3064 1344 3389 1410 comeditis;
3418 1355 3618 1402 etetera
3650 1357 3823 1402 autem

2224 1449 2345 1504 qua:
2373 1435 2681 1507 conﬁngitis
2730 1437 2928 1504 vitare,
2973 1439 3181 1496 retibus
3220 1446 3492 1505 extracta,
3527 1451 3584 1494 et
3615 1439 3668 1498 in
3696 1439 3825 1496 mul-

2226 1529 2458 1582 titudine
2494 1529 2729 1600 piscium
2772 1532 3074 1603 permixta,
3118 1533 3342 1610 penitus
3378 1534 3654 1590 exsiccata
3689 1534 3742 1590 in
3778 1535 3826 1589 l1-

2225 1621 2484 1691 quamine
2511 1621 2748 1682 dulciter
2792 1624 3151 1680 manducatis.
3190 1624 3391 1682 Vinum
3435 1637 3628 1684 autem
3657 1627 3827 1689 Chris-

2230 1713 2498 1768 tianorum
2522 1715 2756 1772 ostende
2775 1717 2903 1772 mihi
2923 1719 3348 1790 perScripturas
3372 1719 3461 1774 tibi
3495 1722 3570 1774 sit
3592 1719 3826 1788 prohibi-

517 1812 647 1866 ritus
675 1811 883 1868 Domini
911 1829 1064 1883 super
1095 1829 1204 1876 me,
1254 1821 1527 1881 propterea
1565 1800 1712 1865 un'xit
1747 1830 1842 1864 me.
1870 1810 2013 1865 Misit
2043 1829 2124 1867 me
2153 1824 2200 1888 Β
2229 1817 2312 1860 ttzs
2366 1807 2575 1874 bibere,
2627 1818 2681 1863 et
2734 1824 2956 1880 azymas
3011 1820 3128 1866 tuas
3174 1811 3519 1867 manducare
3569 1823 3825 1870 vetamur.

517 1904 639 1958 bene
669 1905 911 1958 nuntiare
939 1905 1274 1973 pauperibus,
1311 1922 1503 1958 sanare
1528 1906 1774 1958 contritas
1790 1903 1967 1969 corde,
1997 1907 2122 1959 edu-
2167 1893 2172 1900 ’

517 2012 630 2052 cere
659 1996 723 2050 de
753 1997 971 2054 vinculis
999 1997 1250 2068 alligatos
1282 2008 1329 2052 et
1354 1998 1417 2050 de
1446 1997 1600 2051 domo
1631 1998 1886 2064 carceris,
1919 1998 2124 2068 aperire

517 2087 695 2142 oeulos
721 2105 969 2142 carorum
1000 2088 1134 2155 tlsa.
1169 2106 1274 2154 LXI,
1314 2090 1387 2160 1).
1417 2090 1556 2156 Quid
1590 2090 1738 2144 aliud
1773 2090 2001 2160 intelligi
2031 2107 2122 2158 po-

519 2190 646 2245 test,
683 2181 786 2238 nisi
816 2183 1002 2237 smculi
1033 2182 1192 2238 istius
1220 2182 1471 2236 homines
1503 2184 1821 2253 ignorantia:
1871 2183 2123 2240 excitate

516 2271 794 2336 detentus,
829 2275 1114 2330 etdiaboli
1145 2274 1379 2330 vinculis
1410 2276 1703 2346 alligatos?

591 2365 957 2422 Sun—Multa
982 2367 1199 2437 quidem
1228 2378 1279 2420 et
1317 2368 1554 2422 inamlita
1588 2369 1946 2425 nianifestasti
1969 2369 2120 2424 mihi:

519 2458 618 2516 sed
646 2459 824 2516 adhuc
854 2460 1052 2516 animm
1077 2476 1213 2514 mea:
1240 2460 1382 2515 inest
1417 2463 1738 2531 scrupulum
1781 2461 2122 2528 difﬁdentiae,

520 2567 586 2608 eo
610 2554 754 2624 quod
794 2554 976 2610 omnia
1012 2551 1039 2590 ι’
1074 2555 1337 2624 relegisse
1379 2553 1558 2609 colitis
1604 2574 1616 2608 :
1653 2555 1941 2610 sabbatum
1996 2571 2126 2610 vero

519 2662 681 2717 quem
711 2647 855 2704 Deus
891 2647 1312 2702 custodiendum
1352 2649 1796 2717 servandumque
1821 2649 2123 2714 mandaiit,

523 2739 815 2810 negligitis.
844 2740 1010 2794 Cibus
1039 2750 1299 2810 praeterea
1333 2748 1388 2796 et
1431 2742 1612 2794 vinum
1645 2743 1924 2812 gentiliter
1957 2744 2128 2796 sumi-

530 2833 602 2887 tis
633 2851 645 2885 :
678 2849 801 2888 eum
838 2836 977 2892 Deus
1008 2836 1321 2902 specialiter
1360 2837 1690 2907 praeceperit
1737 2854 1857 2908 quae
1887 2838 2125 2894 debeant

526 2941 594 2981 ex
622 2926 953 2982 animalibus
983 2938 1036 2982 et
1066 2945 1131 2983 ex
1160 2929 1398 2999 piscibus
1449 2946 1572 2984 esse
1598 2931 1889 2993 sumi-uda,
1927 2942 1980 2986 et
2008 2949 2127 3002 qua:

525 3021 834 3075 exercenda
870 3021 951 3076 vel
979 3023 1338 3086 exsecranda,
1374 3039 1473 3077 nec
1507 3035 1723 3080 mortua
1766 3024 1982 3078 illorum
2011 3035 2131 3082 tan-

523 3111 719 3182 genda.
754 3111 867 3168 Nisi
897 3115 997 3168 hoc
1031 3129 1126 3184 per
1153 3114 2130 3190 Scripturasprobaveris,periclitor

525 3207 772 3263 credere.

597 3299 774 3354 Tu.-—-
804 3301 922 3356 Jam
953 3303 1205 3370 superius
1237 3302 1346 3356 dixi
1389 3303 1532 3373 quod
1583 3302 1835 3358 diabolus
1887 3303 2130 3358 invideat

527 3395 646 3456 tibi,
676 3396 818 3465 quod
844 3397 1058 3452 scilicet
1099 3398 1241 3452 lilius
1272 3397 1350 3452 Sis
1375 3410 1591 3468 patrum
1623 3408 1865 3464 tuorum,
1910 3402 1998 3467 qui
2051 3407 2130 3453 tot

530 3487 810 3542 beneliciis
851 3488 992 3552 fulti,
1031 3507 1093 3546 ex
1142 3489 1348 3560 Egypt
1373 3511 1382 3539 ι
1411 3490 1625 3545 liberati
1656 3490 1722 3543 ad
1757 3501 1778 3528 ο
1807 3491 1979 3543 γὶειριιι
2017 3505 2131 3548 me—

530 3582 704 3636 tallini
739 3586 867 3637 turis
897 3584 1061 3638 Rubri
1087 3585 1256 3638 maris
1289 3588 1774 3640 circumsteterunt
1807 3604 1814 3634 :
1851 3583 2000 3638 unde
2022 3585 2131 3638 lar-

527 3674 610 3745 gis
635 3678 795 3730 etiam
831 3679 1061 3746 dapibus
1087 3680 1352 3745 apparati,
1381 3679 1592 3731 Ctrlcdi
1642 3695 1834 3729 ntanna
1880 3677 2129 3739 saturati,

531 3769 811 3823 oblivione
859 3772 1187 3840 transgressi
1221 3771 1479 3838 profanos
1532 3771 1663 3824 deos
1701 3785 1836 3837 quos
1861 3770 2130 3834 colerent,

533 3861 652 3916 ausi
681 3873 806 3915 sunt
839 3864 1136 3932 postulare.
1167 3863 1359 3916 Merito
1382 3863 1448 3918 de
1480 3864 1636 3916 vobis
1666 3864 1936 3918 Jeremias
1963 3862 2127 3916 dixit:

538 3954 600 4011 Si
631 3957 844 4009 mutabit
879 3955 1126 4025 .Ethiops
1176 3957 1426 4020 colorem,
1461 3967 1508 4010 et
1551 3957 1750 4026 pardus
1801 3956 2134 4021 varietatem;

536 4050 610 4102 sic
640 4059 685 4106 et
707 4065 796 4103 vos
825 4048 1042 4118 (Jerem.
1069 4029 1184 4116 xm,
1215 4050 1332 4119 25).
1371 4049 1568 4104 Edocta
1597 4050 1735 4103 mala
1757 4050 1998 4113 sabbata,
2031 4050 2137 4103 sci-

542 4143 666 4198 licet
715 4143 1028 4212 imaginaria
1081 4146 1302 4216 requies
1349 4145 1570 4214 septimi
1622 4145 1728 4199 diei
1782 4144 1986 4198 tradita
2010 4142 2135 4208 fuit,

538 4237 772 4306 primum
811 4235 953 4305 quod
980 4236 1107 4291 Jesu
1141 4237 1282 4292 Nave
1315 4246 1371 4290 ut
1400 4237 1616 4292 Ilierico
1646 4237 1971 4304 debellat-et,
2015 4251 2140 4306 sep—

544 4339 650 4384 tem
681 4329 874 4384 diebus
919 4330 1155 4383 vicissim
1205 4345 1390 4385 muros
1429 4331 1726 4396 circuibat,
1762 4345 1911 4384 arma
1947 4330 2136 4384 bellica

538 4437 723 4476 arcam
755 4423 1064 4477 testamenti
1094 4433 1370 4493 gestantes
1403 4425 1666 4494 :septima
1700 4432 1878 4480 autem
1909 4425 1998 4478 die
2019 4440 2142 4494 scp-

535 4515 639 4570 ties
669 4516 1024 4570 circuierunt.
1056 4516 1345 4570 Manifesta
1379 4519 1580 4570 veritas
1611 4527 1695 4572 est
1722 4533 1734 4570 :
1771 4527 1864 4570 aut
1911 4518 2140 4572 sabbato

2227 1899 2433 1954 Audies
2472 1902 2794 1972 prophetam
2837 1903 3109 1959 dicentem
3150 1924 3163 1957 ε
3203 1905 3421 1960 Vetoces
3467 1905 3628 1978 pedes
3665 1922 3828 1976 eorum

2226 1993 2294 2045 ad
2337 1993 2710 2061 eﬂ'undendum
2753 1997 3194 2070 sanguinem(Ps.
3227 2014 3348 2065 xut,
3387 1997 3470 2070 5).
3508 1999 3576 2054 Ει
3606 2014 3828 2058 rursus:

2231 2086 2422 2140 Manus
2451 2097 2631 2142 vestra:
2661 2090 2911 2161 sanguine
2931 2090 3098 2161 plentc
3127 2100 3269 2146 sunt.
3307 2090 3376 2146 Et
3401 2091 3455 2148 in
3491 2091 3826 2148 Deuterono-

2229 2179 2336 2233 mio
2367 2195 2379 2231 :
2409 2178 2473 2231 de
2503 2179 2648 2233 rinea
2674 2180 3023 2234 Sodomorum
3071 2183 3217 2235 vinea
3259 2199 3471 2248 eorum,
3514 2193 3562 2236 et
3607 2199 3830 2260 prapaga

2229 2287 2406 2323 eorum
2434 2288 2497 2325 ea:
2538 2271 2851 2325 Gomorrha.
2898 2273 3008 2328 Uva
3037 2290 3236 2340 eorum,
3268 2291 3368 2328 uva
3391 2276 3554 2345 fellis,
3583 2287 3632 2334 et
3665 2276 3828 2332 botrus

2229 2365 2617 2417 amaritudinis.
2664 2364 2754 2417 lra
2794 2366 3079 2419 draconum
3121 2369 3294 2420 vinum
3333 2383 3539 2432 eorum,
3584 2369 3664 2421 ira
3693 2369 3826 2437 aspi-

2231 2457 2354 2508 dum
2394 2457 2701 2514 insanabilis
2749 2457 2927 2528 tDeut.
2976 2475 3128 2512 χχχιι
3155 2501 3169 2525 ,
3201 2460 3292 2525 52,
3332 2460 3451 2530 55).
3489 2460 3544 2514 Si
3569 2459 3656 2522 bis
3684 2471 3760 2516 tot
3781 2468 3831 2515 et

2232 2552 2395 2605 tantis
2430 2553 2785 2619 testimoniis,
2821 2555 3031 2624 Simon,
3078 2556 3308 2610 credere
3354 2555 3636 2621 nolueris;
3676 2554 3828 2610 saluti

2230 2651 2334 2698 tua:
2373 2647 2727 2700 eotttradicis.
2782 2646 2944 2719 Lege,
2987 2648 3200 2712 Simon,
3249 2649 3560 2714 Danielem,
3601 2661 3654 2708 et
3687 2650 3827 2704 inve-

2232 2739 2348 2792 nies
2406 2738 2913 2795 Nabuchodonosor
2963 2742 3250 2796 barbarum
3287 2741 3534 2796 :Filium
3576 2742 3675 2797 Dei
3725 2742 3834 2812 ipse

2230 2838 2506 2902 cognovit,
2531 2852 2690 2905 quem
2721 2845 2774 2890 tu
2797 2836 2979 2891 tardas
2997 2851 3321 2909 agnoscere.
3354 2835 3550 2890 Nonne
3577 2845 3680 2892 tres
3709 2837 3832 2894 viros

2231 2926 2282 2978 in
2306 2931 2567 2996 fornacem
2598 2929 2867 2982 misimus?
2905 2929 3038 2982 Ecce
3078 2930 3220 2982 rideo
3251 2939 3477 2994 quatuor
3500 2930 3659 2992 riros,
3694 2928 3832 2998 etfa-

2230 3020 2330 3072 ries
2358 3021 2531 3090 quarti
2557 3019 2742 3075 similis
2776 3020 2904 3074 Filii
2934 3020 3032 3076 Dei
3061 3022 3224 3094 (Dan.
3259 3038 3340 3088 ιιι,
3371 3021 3490 3092 91).
3508 3021 3651 3090 Quid
3678 3021 3830 3088 dicis,

2231 3113 2454 3169 Judtce?
2511 3113 2668 3182 Vide,
2721 3130 2789 3170 ne
2822 3116 2872 3169 in
2924 3125 2975 3170 te
3006 3117 3292 3188 impleatur
3350 3116 3594 3171 invectio
3626 3116 3832 3172 Abacuc

2156 3234 2204 3300 ρ
2236 3206 2515 3278 propheta:
2545 3208 2778 3264 dicentis
2803 3226 2815 3260 :
2849 3206 3048 3272 Videte,
3074 3218 3474 3279 contemptores,
3504 3217 3552 3262 et
3577 3209 3830 3278 inspicite,

2239 3308 2283 3351 et
2310 3297 2614 3368 desperate;
2650 3299 2894 3369 quoniam
2938 3316 3030 3371 ego
3058 3317 3186 3370 opus
3227 3315 3416 3364 operor
3442 3301 3497 3351 in
3525 3299 3705 3352 diebus
3733 3315 3833 3350 res-

2235 3394 2349 3459 tris,
2379 3392 2519 3464 quod
2558 3410 2657 3448 non
2690 3395 2922 3462 creditis,
2948 3396 2991 3448 si
3019 3395 3133 3462 quis
3165 3394 3457 3448 narraverit
3481 3392 3621 3446 rabis
3654 3393 3830 3465 (Abac.

2235 3499 2272 3550 ι,
2307 3484 2384 3553 5).

2306 3577 2697 3633 Stn.——Lator
2753 3579 2962 3643 salutis,
3014 3578 3343 3649 Theopliile,
3374 3595 3652 3650 aegrorum
3705 3579 3834 3633 boue

2238 3671 2466 3733 medice,
2501 3687 2680 3742 neque
2708 3673 2849 3726 ultra
2883 3672 3102 3726 diﬂ‘erre
3135 3686 3380 3742 possum.
3414 3671 3556 3726 Jube
3584 3688 3671 3727 me
3702 3681 3835 3725 cate-

2236 3762 2520 3827 chizari,et
2548 3766 2701 3836 signo
2726 3764 3835 3822 ﬁdeiChristiconsecrari.Arbitrorenim

2237 3855 2381 3927 quod
2423 3872 2518 3925 per
2563 3874 2821 3911 manuum
2853 3867 3066 3916 tuarum
3093 3858 3509 3928 impositionem
3539 3874 3628 3912 me
3654 3872 3834 3927 pecca-

2238 3963 2414 4004 torum
2441 3967 2684 4006 meorum
2705 3951 3065 4006 abolitionem
3087 3963 3130 4005 c:
3151 3953 3321 4005 immo
3340 3951 3479 4005 sicut
3499 3951 3838 4006 Jacobbene—

2240 4044 2397 4110 dixit,
2426 4058 2480 4100 et
2509 4061 2606 4120 per
2638 4046 3043 4115 impositionem
3084 4061 3277 4098 manus
3316 4047 3554 4118 accepit,
3589 4054 3650 4099 ut
3677 4044 3839 4114 major

2245 4141 2397 4194 ﬁeret
2429 4155 2494 4194 ex
2541 4139 2795 4204 minore;
2839 4139 2915 4193 sic
2950 4138 3216 4209 Epltraim
3243 4147 3298 4193 et
3341 4121 3600 4194 Manasse
3625 4153 3722 4214 per
3751 4138 3840 4190 im-

2242 4233 2567 4303 positionem
2598 4232 2806 4285 dilatati
2835 4241 2957 4286 sunt
2991 4247 3268 4284 manuum.

2316 4326 2464 4379 Tunc
2489 4325 2824 4396 Theophilus
2853 4324 3127 4380 Simonem
3170 4324 3363 4390 tinxit,
3420 4334 3477 4379 et
3507 4325 3739 4396 adeptus
3764 4333 3842 4392 est

2245 4420 2426 4474 ﬁdem.
2460 4419 2647 4474 Simon
2670 4421 2878 4490 gratias
2904 4433 3066 4490 agere
3094 4417 3206 4472 Deo
3241 4417 3412 4487 caspit
3444 4418 3636 4474 dicens
3671 4439 3683 4473 :
3716 4419 3840 4474 Gra-

2247 4512 2350 4566 tias
2384 4527 2483 4582 ago
2511 4512 2629 4578 tibi,
2663 4513 2845 4579 Jesus,
2871 4528 3032 4582 quem
3071 4528 3176 4567 non
3206 4511 3314 4565 vidi
3367 4511 3507 4566 facie
3536 4513 3605 4572 ad
3639 4513 3843 4577 faciem,

541 4618 827 4678 coeperunt
855 4625 869 4673 ;
899 4619 990 4660 aut
1021 4607 1073 4660 in
1126 4609 1354 4663 sabbato
1379 4652 1393 4674 ,
1427 4610 1750 4665 cadentibus
1776 4612 1962 4674 muris,
2015 4612 2139 4666 llie-
2170 4635 2224 4696 Β
2250 4622 2392 4662 nunc
2420 4615 2599 4660 autem
2642 4605 2809 4659 credo
2849 4607 2900 4660 in
2949 4616 2998 4660 le
3029 4606 3221 4675 Spiritu
3257 4615 3311 4659 et
3339 4616 3450 4660 lota
3482 4616 3690 4677 mente.
3720 4605 3843 4661 Gra-

539 4703 656 4769 rico
697 4701 1134 4756 debellarerunt.
1175 4702 1402 4757 Accedit
1431 4703 1572 4772 qttod
1622 4703 1913 4764 humanum
1947 4705 2141 4760 sabba-

543 4803 657 4848 tum
696 4794 834 4846 Deus
867 4793 1087 4863 repellit
1130 4793 1349 4848 dieente
1384 4794 1520 4848 Isaia
1557 4814 1568 4846 :
1614 4794 1880 4865 Jejnnium
1916 4805 1963 4848 et
2006 4795 2142 4849 diem

542 4892 738 4959 festum
768 4897 992 4942 vestrum
1025 4896 1070 4938 et
1101 4887 1313 4940 sabbata
1362 4889 1468 4941 odit
1515 4889 1688 4942 anima
1739 4906 1869 4941 mea.
1924 4887 2143 4944 Fecistis

542 4980 669 5032 mihi
691 4975 902 5030 twdium
928 4993 945 5030 :
968 4993 1069 5029 non
1095 4977 1348 5031 dimittam
1375 4989 1583 5048 peccata
1605 4989 1771 5033 vestra
1799 4978 1933 5050 (Isa.
1967 4997 2002 5047 ι,
2028 4981 2138 5053 15).

540 5071 679 5140 illud
728 5080 908 5125 autem
950 5069 1238 5125 sabbatum
1271 5071 1415 5126 Deus
1457 5071 1756 5139 desiderat,
1789 5074 2141 5144 requiescere

543 5172 597 5218 te
630 5163 696 5218 ab
725 5161 984 5232 operibus
1013 5161 1198 5228 malis;
1237 5171 1293 5215 ut
1326 5162 1614 5216 millesimo
1647 5179 1812 5227 anno,
1846 5165 1989 5234 quod
2022 5165 2144 5220 sab-

549 5258 730 5328 batum
757 5259 1112 5314 sabbatorum
1137 5266 1240 5321 est,
1275 5256 1511 5311 mundus
1545 5258 1840 5313 inveniaris
1863 5258 1930 5312 ab
1959 5259 2142 5328 operi-

545 5353 649 5410 bus
700 5353 873 5410 malis.
936 5351 1063 5406 llaec
1109 5359 1270 5405 erunt
1326 5363 1512 5404 sancta
1567 5353 1798 5406 tenenda
1849 5348 1875 5387 δ
1935 5352 1991 5406 in
2039 5368 2142 5423 qua

624 5567 650 5594 η
679 5556 880 5623 Supole
909 5555 1099 5622 incipe.

623 5627 650 5666 ι)
677 5622 988 5696 Legendum
1012 5625 1226 5679 videtur
1254 5622 1514 5696 religiose.

633 5709 655 5738 ο
690 5697 786 5750 Hie
827 5701 978 5750 locus
999 5697 1223 5750 mutilus
1251 5706 1303 5750 et
1345 5695 1672 5765 depravatus
1701 5695 1778 5750 ita
1808 5697 1946 5752 forte
1975 5703 2158 5765 posset

567 5768 781 5824 restitui
812 5769 925 5821 :Ad
948 5784 1117 5820 rocem
1150 5766 1400 5820 metallini
1440 5769 1559 5820 azris
1589 5764 1756 5819 Rubri
1793 5771 1952 5823 maris
1979 5764 2158 5834 liuenti

577 5841 713 5892 circe
738 5847 1038 5892 aut-terunt.
1078 5837 1199 5891 Vid.
1233 5837 1404 5891 Exod.
1449 5852 1563 5903 XIV,
1596 5838 1806 5906 51;“,
1839 5839 1928 5896 20.

2253 4701 2352 4753 tias
2403 4715 2503 4770 ago
2552 4699 2668 4764 tibi,
2701 4700 2856 4762 .lesu,
2886 4714 3046 4769 quem
3090 4713 3195 4752 non
3247 4698 3456 4765 audivi,
3495 4715 3641 4753 nunc
3673 4707 3842 4753 autem

2246 4794 2429 4848 audito
2467 4794 2678 4859 invoco,
2731 4792 2883 4856 Jesu,
2916 4793 3072 4862 cujus
3103 4807 3326 4847 sensum
3359 4805 3492 4868 ante
3524 4810 3632 4848 non
3667 4792 3840 4848 habui.

2243 4885 2395 4942 Nunc
2438 4899 2616 4940 autem
2664 4887 2826 4956 cupio
2877 4888 2927 4940 in
2977 4896 3029 4940 te
3079 4900 3300 4941 sensum
3356 4903 3543 4950 meum
3577 4902 3724 4953 esse,
3760 4902 3848 4957 per

2245 4995 2404 5048 quem
2439 4981 2668 5051 cognovi
2699 4979 3064 5050 Theophilum
3103 4979 3432 5050 discipulum
3464 4990 3641 5036 tuttm.
3676 4981 3847 5035 Domi-

2253 5090 2320 5131 ne
2357 5075 2476 5130 lesu
2511 5074 2752 5138 Christe,
2785 5074 3070 5144 siquidem
3094 5072 3287 5144 dignus
3318 5088 3438 5127 sum
3470 5084 3560 5128 tua
3589 5088 3847 5128 convoca-

2252 5171 2418 5229 tione.
2467 5170 2735 5224 conﬁrma
2783 5185 2889 5223 me.
2944 5167 3154 5222 Etenim
3209 5168 3530 5234 errantibus
3582 5168 3725 5220 viam
3762 5166 3848 5222 de-

2254 5274 2550 5326 monstras,
2611 5271 2666 5316 et
2695 5262 2936 5331 perditos
2995 5274 3238 5324 revocas,
3296 5270 3547 5314 mortuos
3601 5260 3846 5326 suscitas,

2255 5355 2502 5411 inﬁdeles
2527 5355 2579 5410 in
2612 5345 2716 5411 ﬁde
2749 5366 2840 5410 tua
2870 5355 3196 5425 conﬁguras,
3233 5363 3289 5408 et
3318 5357 3483 5426 circis
3514 5355 3707 5414 oculos
3736 5369 3852 5408 eor-

2331 5554 2358 5589 ά
2392 5554 2702 5624 Legendum
2734 5555 2785 5608 in
2812 5555 3014 5624 quibus.

2337 5636 2360 5662 ε
2391 5623 2488 5681 ιιιλί
2510 5627 2720 5681 videtur
2769 5623 2856 5679 hic
2889 5627 3038 5678 locus
3084 5623 3374 5692 legendum
3409 5641 3426 5679 :
3459 5625 3698 5679 Arbitror
3727 5626 3853 5680 enim

2262 5714 2353 5767 per
2402 5715 2650 5752 manuum
2699 5709 2906 5752 tuarum
2947 5696 3332 5766 impositionem
3394 5712 3476 5751 me
3530 5709 3852 5766 peccatorum

2260 5785 2490 5824 meorum
2509 5771 2836 5826 abolitionem
2865 5778 3215 5838 accepturum.
