4060 6344
244 305 374 362 “Si

1389 309 1800 387 sumamus}:
1843 313 1934 379 an
1970 311 2417 381 C(ENOBITAS.

3405 325 3545 395 U33

240 422 321 474 tlis
380 422 675 475 illuminas.
731 421 810 475 Tu
868 436 928 477 es
973 424 1202 509 ipsequi
1262 428 1404 481 fuisti
1435 443 1559 489 cum
1589 428 1833 515 patribus
1862 437 1907 491 Α
1940 432 2171 497 rantiam
2204 446 2379 493 meam
2414 431 2752 504 infelicitatis
2796 450 2927 505 metu
2972 454 3041 493 ne
3083 439 3402 513 memineris
3437 451 3540 515 :tq

237 518 444 570 nostris
488 517 540 569 in
583 517 826 584 deserto,
863 528 917 571 tu
954 533 1013 573 es
1038 508 1495 583 candelabrorum
1527 507 1746 586 lumen;
1779 529 1835 580 tu

232 626 293 666 es
347 610 625 675 altarium,
659 620 716 665 et
745 612 900 680 panis
936 614 1369 681 propositionum
1400 631 1412 678 ;
1473 622 1529 667 tu
1578 629 1638 669 es
1660 628 1752 668 ara
1784 622 1840 669 et

233 705 452 759 victima
500 706 803 760 Voluntaria
834 722 847 771 ;
880 715 934 759 tu
965 721 1025 759 es
1049 708 1164 776 ipse
1194 709 1304 761 vita
1340 723 1479 777 mea,
1520 709 1834 785 margarita,

233 797 567 864 cristallum,
602 798 789 883 jugum
835 809 1177 869 argenteum.
1218 800 1350 867 Oro,
1401 800 1651 869 Domine,
1684 802 1838 872 igno-

1944 522 2088 577 enim
2124 522 2389 578 abseonsa
2420 524 2679 585 beneﬁcia
2716 536 2983 603 praestans
3011 544 3098 597 es,
3148 530 3243 607 qui
3272 531 3405 591 mihi
3428 530 3545 607 dig:

1948 625 2107 669 natus
2136 629 2195 669 es
2226 617 2410 681 omnia
2438 617 2753 677 ostendero.
2778 619 2899 693 Tibi
2924 622 2995 679 sit
3027 619 3204 685 honor
3226 666 3241 690 ,
3274 632 3541 697 potestas,

1950 708 2085 774 laus,
2142 709 2337 781 gloria,
2386 708 2475 765 hic
2522 719 2577 766 et
2603 711 2654 777 in
2688 723 2889 777 cuncta
2933 715 3136 775 saecula
3191 717 3546 787 sa‘culowm.

1952 803 2143 856 Amen.

2759 962 3538 998 Μ

798 990 805 995 -
896 992 901 997 1
944 992 949 995 Ι
995 990 1819 1197 ΕῙΪᾸΕΒΠ

1935 1086 2759 1201 ποιησει

1357 1293 2449 1445 SENTENle-E.

1371 1500 1509 1564 (Cod.
1531 1499 1768 1575 Regular.
1795 1500 1915 1557 Luc.
1941 1501 2168 1559 Holsten.
2191 1510 2306 1555 tom.
2326 1502 2436 1569 VI.)

1821 1692 1939 1813 Ι.

536 1895 643 1956 AD
688 1891 839 1954 EOS
880 1889 1021 1966 QUI
1064 1890 1145 1951 IN
1190 1888 1603 1953 COENOBIIS
1646 1889 1749 1949 ET
1794 1888 2348 1951 XENODOCHHS
2392 1890 2807 1955 HABITANT
2851 1892 3236 1956 FBATRES.

301 2174 563 2231 llaeredes
606 2171 722 2237 Dei,
770 2168 954 2229 audite
1012 2180 1299 2221 sermones
1334 2165 1460 2231 Dei;
1517 2163 1837 2220 cohmredes
1868 2168 1913 2228 B
1943 2172 2052 2229 tua,
2083 2174 2138 2218 et
2175 2180 2279 2218 non
2318 2166 2615 2223 contrahes
2662 2182 2692 2222 a
2735 2183 2901 2225 carne
2956 2181 3043 2226 tua
3083 2172 3347 2227 malitiam
3380 2191 3393 2227 :
3445 2172 3545 2228 sed

230 2277 416 2323 autem
447 2265 673 2330 Christi,
712 2261 982 2333 percipite
1007 2259 1223 2329 eloquia
1255 2258 1481 2327 Christi,
1520 2266 1577 2313 ut
1602 2257 1745 2314 detis
1770 2272 1837 2311 ea

231 2360 493 2416 cordibus
522 2358 758 2411 filiorum
793 2364 1145 2417 vestrorum;
1181 2352 1345 2407 verba
1389 2361 1571 2407 autem
1619 2352 1837 2420 sapien-

234 2467 349 2511 tum
383 2452 635 2509 doceatis
680 2464 796 2505 eos.
848 2449 1011 2505 Pater
1061 2448 1237 2502 bonus
1267 2446 1449 2501 erudit
1482 2446 1625 2501 filios
1656 2460 1785 2500 suos
1820 2464 1831 2498 :

234 2561 390 2620 pater
422 2557 601 2601 autem
652 2558 883 2614 nequam
917 2542 1199 2612 disperdet
1246 2556 1366 2595 eos.
1404 2540 1567 2595 Fides
1620 2541 1836 2595 initium

232 2644 527 2700 charitatis
562 2661 573 2695 :
611 2641 733 2695 linis
755 2649 938 2694 autem
967 2637 1279 2693 dilectionis
1326 2636 1554 2690 scientia
1588 2635 1705 2689 Dei.
1739 2634 1836 2690 Ti-

233 2753 357 2793 mor
392 2736 605 2790 Domini
640 2733 914 2788 custodiet
940 2733 1182 2787 animam
1216 2750 1229 2784 :
1260 2731 1602 2785 continentia
1654 2742 1834 2784 autem

236 2834 378 2888 bona
406 2831 676 2887 confortat
705 2828 874 2881 illam.
905 2826 1235 2883 Sufferentia
1257 2826 1360 2879 viri
1383 2836 1612 2895 generat
1635 2840 1789 2894 spem
1818 2840 1832 2877 :

235 2945 359 2998 spes
411 2933 595 2980 autem
646 2924 785 2980 Ιξςιιίι
844 2920 1168 2991 glorificabit
1219 2934 1365 2974 eum.
1428 2920 1528 2985 Qui
1586 2917 1835 2971 servituti

235 3024 455 3093 subjicit
481 3028 671 3075 carnes
705 3032 858 3081 snas,
894 3015 1253 3086 impassibilis
1301 3017 1449 3070 erit:
1498 3014 1589 3083 qui
1651 3023 1834 3067 autem

237 3117 409 3173 nutrit
441 3131 555 3180 eas,
583 3111 793 3167 dolebit
819 3124 986 3179 super
1017 3109 1158 3163 illas.
1188 3107 1429 3178 Spiritus
1458 3105 1837 3159 fornicationis

234 3210 287 3264 in
322 3201 1161 3276 corporibusintemperantiam
1197 3218 1209 3253 :
1242 3200 1474 3268 Spiritus
1514 3208 1697 3253 autem
1734 3213 1832 3267 pu-

236 3301 438 3356 dicitiae
471 3300 522 3352 iu
557 3296 757 3351 animi~
785 3292 1201 3348 abstinentium.
1262 3292 1515 3346 Secessio
1549 3305 1672 3344 cum
1702 3290 1834 3343 cha-

234 3396 399 3449 ritate
432 3390 681 3461 pttrilicat
711 3404 807 3443 eor
834 3406 846 3439 :
877 3386 1154 3455 separatio
1184 3396 1367 3439 autem
1393 3398 1516 3438 cum
1549 3383 1674 3437 odio
1704 3396 1833 3437 con-

237 3488 416 3542 turbat
450 3485 597 3538 illod.
636 3482 824 3537 Melior
874 3479 1199 3537 millesimus
1232 3479 1283 3531 in
1314 3476 1612 3539 charitate,
1667 3490 1833 3544 quam

1940 2260 2045 2313 erit
2070 2274 2359 2328 processus
2389 2271 2510 2315 tuus
2533 2262 2681 2317 sicut
2702 2275 2856 2319 ortus
2883 2265 3057 2319 stella:
3083 2282 3095 2329 ;
3130 2276 3185 2321 et
3213 2266 3542 2343 resurrectio

1941 2361 2051 2417 tua,
2089 2361 2363 2421 tamquam
2393 2355 2474 2408 sol
2506 2355 2753 2425 fulgebit.
2790 2357 2881 2412 Va:
2908 2358 3095 2428 iniquo
3128 2360 3179 2413 in
3214 2358 3301 2414 die
3326 2362 3537 2429 mortis,

1939 2455 1992 2500 ct
2022 2446 2254 2514 injustus
2278 2448 2471 2516 peribit
2502 2450 2555 2503 in
2590 2459 2834 2519 tempore
2865 2426 3033 2507 malo.
3066 2426 3541 2520 Quemadmodum

1940 2540 2085 2593 enim
2114 2539 2562 2596 evolaviteorvus
2588 2556 2619 2597 e
2651 2524 2782 2597 nido
2800 2559 2923 2614 suo,
2959 2548 3037 2600 sic
3065 2546 3337 2600 immunda
3358 2548 3540 2603 anima

1939 2648 1969 2685 e
1999 2646 2230 2701 corpore
2257 2647 2378 2686 suo.
2412 2633 2634 2689 Animas
2662 2636 2937 2706 justorum
2981 2638 3255 2694 deducent
3294 2638 3486 2710 Angeli
3522 2657 3536 2695 :

1937 2726 2153 2779 animas
2186 2737 2369 2781 autem
2399 2728 2667 2783 malorum
2706 2732 3002 2802 suscipient
3034 2732 3336 2789 daemones.
3389 2732 3539 2801 Quo-

1938 2833 2171 2888 cumque
2201 2821 2442 2890 ingressa
2476 2820 2639 2876 fuerit
2686 2825 2913 2892 malitia,
2968 2825 3041 2880 ibi
3086 2834 3141 2882 et
3188 2825 3536 2897 ignorantia:

1938 2912 2105 2967 cct'da
2131 2923 2310 2967 autent
2350 2917 2617 2981 jnstorum
2653 2918 3027 2987 implebuntur
3076 2921 3322 2975 scientia.
3356 2921 3539 2975 [Intui-

1939 3006 2176 3061 sericors
2229 3012 2536 3063 monachus
2590 3012 2747 3081 inops
2809 3016 2962 3067 erit:
3028 3016 3311 3069 enutriens
3355 3024 3534 3087 autem

1940 3115 2208 3172 pauperes
2268 3102 2606 3158 haueditabit
2661 3104 2967 3160 thesauros.
3019 3106 3206 3161 Melior
3264 3117 3347 3161 est
3401 3122 3533 3177 pau—

1940 3209 2123 3267 pertas
2172 3213 2296 3255 cum
2351 3200 2626 3263 scientia,
2680 3215 2837 3271 quam
2883 3200 3091 3255 divitiae
3122 3216 3247 3256 cum
3281 3203 3533 3273 ignoran-

1937 3293 2030 3347 tia.
2055 3292 2445 3350 Ornamentum
2470 3296 2663 3365 capitis
2685 3311 2885 3351 corona
2910 3312 2923 3362 ;
2950 3308 3326 3352 ornamentum
3352 3308 3532 3353 autem

1937 3387 2118 3441 cordis
2149 3389 2375 3441 scientia
2413 3389 2529 3443 Dei.
2564 3388 2788 3444 Posside
2812 3390 3136 3455 scientiam,
3190 3399 3245 3444 et
3291 3404 3397 3444 non
3447 3406 3535 3444 ar-

1936 3490 2194 3550 gentum;
2226 3491 2281 3537 et
2304 3483 2626 3550 sapientiam
2653 3498 2817 3552 super
2854 3482 3077 3537 divitias
3122 3486 3340 3538 multas.
3393 3481 3531 3537 Justi

234 3584 381 3636 Solus
413 3594 537 3634 cum
571 3576 698 3632 odio
726 3577 777 3628 in
807 3575 1008 3629 abditis
1056 3582 1111 3626 et
1162 3572 1459 3641 speluncis.
1513 3570 1613 3634 Qui
1644 3569 1829 3639 alligat
1855 3574 1898 3635 C
1936 3575 2633 3631 hmreditabuntDominum
2661 3595 2671 3630 :
2703 3578 2877 3631 sancti
2911 3584 3092 3631 autem
3121 3578 3435 3632 nutrientttr
3465 3577 3533 3631 ab

236 3673 554 3729 memoriam
588 3668 810 3723 malitiae
843 3667 895 3721 in
928 3667 1169 3720 animam
1201 3679 1383 3731 suam,
1420 3662 1614 3717 similis
1641 3672 1723 3715 est
1755 3664 1824 3727 ei,

235 3768 323 3836 qui
375 3763 665 3819 abscondit
715 3762 891 3831 ignem
948 3760 1000 3813 in
1056 3759 1246 3829 paleis.
1298 3757 1376 3811 Ne
1419 3756 1637 3809 dederis
1677 3767 1834 3808 escas

236 3857 433 3912 nntltas
461 3854 680 3923 corpori
711 3863 822 3917 tuo,
857 3861 914 3906 et
945 3866 1053 3905 non
1082 3850 1293 3905 videbis
1323 3850 1377 3901 in
1408 3848 1616 3901 somnis
1658 3845 1831 3913 phan.

233 3951 397 4003 tasias
426 3948 597 4001 malas
629 3962 641 3997 :
675 3945 817 3999 sicut
840 3946 989 3999 enim
1018 3942 1318 4009 exstinguit
1348 3939 1620 3994 flatnmam
1650 3954 1787 4008 aqua
1811 3980 1829 4006 ,

233 4046 311 4099 sic
345 4042 730 4114 phantasmata
764 4040 946 4110 turpia
977 4039 1282 4108 exstinguit
1316 4038 1547 4091 esuries.
1602 4036 1697 4089 Vir
1725 4035 1833 4089 ira-

232 4136 443 4191 cundus
467 4133 762 4189 tenebitur
786 4149 800 4197 ;
833 4144 1151 4187 mansuetus
1173 4140 1357 4186 autem
1382 4130 1681 4199 intrepidus
1702 4129 1824 4183 erit.

234 4228 438 4283 Ventus
459 4227 668 4282 validus
696 4226 845 4297 fugat
886 4226 1081 4293 nubes,
1115 4226 1376 4280 memoria
1401 4233 1582 4278 autem
1608 4224 1830 4277 malitias

232 4339 453 4380 sensum
487 4338 515 4376 a
549 4322 799 4377 scientia.
830 4320 931 4388 Qui
969 4328 1094 4376 orat
1136 4335 1238 4391 pro
1278 4318 1546 4385 inimicis,
1596 4318 1683 4372 hic
1731 4319 1830 4371 im-

232 4431 441 4473 mernor
461 4423 549 4472 est
580 4416 801 4469 inalitim
833 4432 845 4466 :
874 4413 975 4484 qui
994 4422 1175 4468 autem
1220 4412 1391 4482 parcit
1432 4412 1667 4480 linguae,
1719 4425 1829 4465 non

229 4511 580 4568 Contristabit
618 4510 929 4581 proximum
969 4524 1152 4563 suum.
1210 4508 1266 4563 Si
1313 4508 1731 4563 exacerbaverit
1777 4519 1831 4561 te

230 4606 400 4660 frater
433 4614 578 4671 tuus,
611 4605 772 4658 induc
796 4617 920 4657 eum
946 4602 1000 4656 in
1025 4602 1245 4656 domum
1272 4611 1440 4665 tuam,
1475 4612 1527 4655 et
1552 4600 1619 4655 ad
1648 4600 1829 4669 ipsum

230 4714 298 4754 ne
328 4700 509 4770 pigeat
532 4708 584 4753 te
613 4697 882 4751 introire:
933 4696 1032 4751 sed
1066 4694 1333 4751 manduca
1374 4708 1498 4747 cum
1530 4708 1599 4748 eo
1632 4708 1827 4764 panem

230 4804 381 4849 tuum
414 4811 427 4847 :
460 4794 561 4847 hoc
589 4790 735 4847 enim
767 4790 999 4857 faciens,
1037 4790 1242 4860 eripies
1272 4789 1511 4843 animam
1556 4796 1723 4852 tuam,
1773 4797 1826 4843 et

230 4904 339 4943 non
393 4888 503 4942 erit
559 4887 654 4941 tibi
712 4885 1105 4941 oﬂendiculum
1147 4885 1201 4938 in
1244 4894 1490 4953 tempore
1529 4883 1822 4936 orationis.

1937 3684 2021 3723 eo.
2056 3668 2160 3736 Qui
2186 3670 2479 3724 miseretur
2513 3672 2862 3739 pauperibus,
2898 3670 3228 3725 exterminat
3258 3671 3395 3724 iram
3426 3688 3438 3723 :
3476 3678 3533 3725 et

1934 3763 2025 3833 qui
2061 3763 2227 3817 nutrit
2258 3778 2373 3830 eos,
2408 3765 2723 3832 implebitur
2748 3766 2926 3819 bouis.
2960 3764 3015 3818 In
3047 3764 3212 3819 corde
3246 3772 3530 3818 mansueto

1935 3855 2229 3923 requiescit
2263 3856 2578 3924 sapientia:
2632 3858 2794 3912 sedes
2846 3867 3027 3912 autem
3079 3857 3532 3927 impassibilitatis

1932 3947 2110 4001 anima
2144 3948 2281 4002 bene
2309 3962 2565 4016 operans.
2613 3948 2993 4005 Fabricatores
3045 3950 3309 4003 malorum
3359 3951 3533 4019 perci-

1935 4042 2080 4110 pient
2115 4040 2423 4096 mercedem
2456 4042 2653 4096 malam
2692 4060 2703 4095 :
2739 4042 3165 4098 fabricatoribus
3211 4053 3389 4099 autem
3432 4043 3529 4097 ho-

1933 4150 2126 4188 norum
2171 4133 2392 4188 dabitur
2438 4149 2648 4189 merces
2701 4134 2863 4190 bona.
2927 4135 3028 4202 Qui
3082 4135 3233 4204 ponit
3280 4136 3529 4204 laqueum

1931 4226 2416 4297 comprehenditur
2444 4228 2496 4281 in
2527 4244 2594 4283 eo
2624 4247 2635 4281 :
2668 4240 2723 4282 et
2748 4230 2843 4296 qui
2874 4228 3117 4283 occultat
3148 4230 3322 4291 illum,
3355 4228 3539 4297 diSpe-

1930 4322 2125 4378 rietab
2157 4337 2243 4377 eo.
2273 4321 2465 4377 Melior
2503 4332 2585 4376 est
2634 4321 2913 4377 swcularis
2963 4330 3316 4388 mansuetus,
3370 4336 3531 4391 quam

1930 4415 2230 4471 Monachus
2253 4415 2491 4471 furiosus
2518 4423 2572 4471 et
2596 4414 2912 4470 iracundus.
2945 4415 3243 4470 Scientiam
3268 4414 3535 4483 disperdit

1931 4510 2245 4575 iracundia;
2280 4510 2604 4579 longanimis
2636 4518 2818 4563 autem
2849 4518 3147 4579 congregat
3186 4523 3327 4562 eam.
3378 4506 3532 4563 Sicut

1931 4616 2125 4659 ventus
2153 4609 2339 4659 auster
2371 4603 2664 4658 vehemens
2695 4611 2779 4657 est
2805 4603 2857 4656 in
2882 4602 3138 4672 pelagus,
3189 4602 3268 4655 sic
3298 4601 3451 4655 furor
3475 4602 3526 4655 in

1928 4697 2099 4753 corde
2125 4697 2248 4751 viri.
2279 4696 2381 4765 Qui
2410 4705 2533 4751 orat
2559 4693 3124 4765 frequenter‘eﬂugiet
3153 4695 3485 4750 tentationes
3513 4713 3523 4741 τ

1930 4791 2257 4861 negligentis
2298 4798 2479 4845 autem
2529 4803 2628 4843 cor
2680 4787 3083 4843 conturbabunt
3148 4788 3526 4856 cogitationes.

1929 4882 2049 4937 Non
2082 4892 2135 4937 te
2164 4882 2401 4937 delectet
2429 4882 2614 4935 vinum
2644 4890 2699 4936 et
2752 4892 2805 4935 te
2852 4896 2959 4934 non
3011 4864 3203 4936 illiciat
3247 4895 3397 4936 caro.
3448 4880 3528 4938 Ne

228 4979 383 5037 Sicut
404 4980 645 5034 charitas
676 4980 875 5049 gaudet
908 4986 1246 5049 paupertate,
1282 4977 1359 5030 sic
1380 4975 1560 5029 odium
1584 4973 1829 5029 delecta-
1856 4969 1907 5030 D
1932 4976 2174 5030 enutrias
2204 4989 2399 5028 carnes
2429 4973 2676 5040 corporis
2706 4974 2819 5039 tui,
2845 4980 2899 5027 et
2929 4973 3289 5043 cogitationes
3334 4981 3528 5043 turpes

229 5081 319 5128 tur
343 5071 571 5127 divitiis.
608 5070 724 5125 Non
754 5072 993 5140 potietur
1014 5071 1167 5126 dives
1195 5071 1457 5135 scientia,
1488 5078 1543 5125 et
1581 5068 1827 5123 camelos

227 5182 335 5223 non
367 5166 614 5223 introibit
642 5166 693 5219 in
726 5164 974 5220 foramen
1004 5180 1134 5219 acus
1168 5182 1183 5219 :
1216 5166 1312 5220 sed
1337 5165 1469 5220 nihil
1502 5167 1693 5219 horum
1726 5164 1827 5218 itu-

226 5263 485 5334 possibile
507 5271 590 5317 est
612 5260 755 5330 apud
785 5261 1095 5314 Dominum.
1127 5260 1242 5329 fQui
1278 5260 1457 5329 diligit
1502 5256 1784 5329 pecuniam
1806 5299 1821 5325 ,

227 5373 336 5413 non
368 5356 571 5411 videbit
597 5354 916 5419 scientiam;
949 5363 1004 5411 et
1031 5356 1123 5427 qui
1150 5364 1447 5425 congregat
1494 5354 1665 5418 illam,
1695 5366 1825 5407 con-

227 5448 620 5504 tenebrabitur.
657 5446 712 5501 In
742 5447 1107 5502 tabernaculis
1140 5446 1427 5501 humilium
1462 5445 1828 5499 commorabi-

226 5550 317 5596 tur
346 5540 647 5595 Dominus:
681 5538 737 5593 in
763 5538 1019 5594 domibus
1048 5548 1225 5593 autem
1275 5536 1637 5607 superborum
1684 5537 1827 5591 ntul-

224 5635 560 5705 tiplicahitur
586 5631 958 5687 maledictum.
993 5631 1293 5686 lnhonorat
1320 5631 1499 5687 Deum
1523 5631 1613 5700 qui
1647 5637 1823 5688 trans,

224 5730 471 5800 greditur
525 5728 693 5796 legem
752 5727 911 5796 ejus:
969 5727 1060 5792 qui
1112 5739 1291 5782 autem
1346 5725 1585 5781 custodit
1649 5740 1766 5779 eam
1806 5769 1821 5792 ,

226 5820 492 5891 glorificat
542 5816 803 5873 factorem
854 5835 1034 5873 suum.
1088 5816 1147 5874 Si
1187 5818 1461 5873 :emularis
1522 5815 1819 5883 Christum,

250 5912 437 5968 beatus
464 5910 719 5967 efficieris
750 5929 764 5965 :
797 5921 973 5968 morte
998 5923 1177 5969 autem
1203 5912 1321 5984 ejus
1348 5914 1608 5969 morietur
1648 5912 1825 5966 anima

1928 5066 2184 5122 deﬁcient
2211 5081 2241 5120 a
2275 5075 2344 5121 te.
2378 5064 2456 5121 Ne
2484 5065 2637 5120 dicas
2668 5083 2680 5117 :
2716 5065 2877 5121 hodie
2919 5064 3092 5121 festus
3118 5066 3265 5132 dies,
3295 5076 3349 5121 et
3379 5066 3528 5121 biba-

1930 5179 2052 5219 mus
2080 5164 2301 5227 vinum;
2349 5172 2405 5218 et
2442 5160 2687 5216 crastino
2713 5160 3057 5228 Pentewste,
3109 5170 3162 5216 et
3188 5159 3532 5215 manducabo

1929 5271 2151 5311 carnem
2176 5273 2189 5309 τ
2223 5272 2291 5311 eo
2319 5254 2465 5323 quod
2486 5270 2592 5308 non
2612 5263 2693 5308 est
2709 5253 2975 5309 festivitas
2996 5254 3137 5324 apud
3158 5252 3457 5307 monachos
3472 5252 3526 5307 in

1931 5359 2074 5405 terra
2104 5350 2170 5404 ad
2202 5348 2524 5419 replendum
2558 5357 2803 5403 ventrem
2840 5363 3019 5402 suurn.
3070 5346 3277 5400 Pascha
3322 5344 3528 5400 Christi

1931 5446 2195 5501 transitus
2226 5460 2253 5497 a
2287 5442 2490 5497 malitia
2522 5452 2605 5497 est
2637 5459 2649 5495 :
2681 5442 3012 5498 Pentecoste
3043 5448 3224 5495 autem
3257 5438 3405 5508 ejus,
3440 5452 3528 5493 re-

1926 5539 2197 5594 surrectio
2226 5538 2442 5591 animm.
2474 5536 2801 5593 Pentecoste
2831 5532 3066 5598 Domini,
3091 5530 3373 5587 suseitatio
3400 5530 3532 5586 cita.

1926 5633 2105 5689 ritatis
2139 5650 2152 5687 :
2184 5632 2277 5703 qui
2306 5643 2486 5688 autem
2513 5632 2629 5687 odit
2658 5631 2883 5685 fratrem
2918 5642 3097 5691 suum,
3117 5626 3265 5682 cadit
3289 5626 3340 5681 in
3376 5626 3531 5681 ruina

1928 5743 2146 5800 magna.
2183 5727 2476 5784 Festivitas
2506 5728 2597 5783 Dei
2626 5726 2833 5781 oblivio
2857 5722 3125 5777 malorum
3155 5737 3168 5775 :
3199 5722 3531 5775 retinentem

1934 5833 2116 5877 autem
2146 5822 2409 5878 malitiam
2456 5820 2827 5893 apprehendit
2871 5817 3069 5873 luctus.
3114 5814 3405 5870 Festivitas
3435 5814 3535 5872 Dei

1944 5916 2173 5973 scientia
2219 5933 2395 5973 vera:
2446 5918 2537 5987 qui
2570 5923 2749 5969 autem
2796 5910 3028 5985 intendit
3069 5910 3219 5967 falsa:
3266 5908 3533 5977 scientiaa,
