4060 6344
530 326 670 386 1185

1874 337 2155 395 EVAGRII
2197 338 2504 400 MONACIH

3696 353 3823 412 H84

529 450 794 506 morietur
828 451 1077 521 turpiter.
1113 452 1305 509 Melius
1335 464 1422 511 est
1465 455 1734 528 jejunium
1767 473 1890 515 cum
1920 461 2122 518 mundo
2148 461 2206 524 Α
2229 465 2397 533 niam,
2425 483 2534 522 non
2566 469 2853 541 diSpergas
2886 471 3034 528 illam
3062 493 3076 528 :
3110 483 3166 529 et
3193 477 3238 530 si
3272 486 3703 547 supemperatus
3723 475 3826 532 fue-

529 543 729 612 corde,
772 559 932 616 quam
975 545 1213 615 epulatio
1255 547 1306 601 in
1356 543 1704 607 immunditia
1752 553 1969 609 animm.
2027 554 2128 622 Qui

531 635 799 705 diSperdit
842 638 1204 709 cogitationes
1240 640 1414 696 malas
1455 641 1523 697 de
1567 644 1731 699 corde
1761 659 1862 701 suo
1889 691 1902 714 ,
1938 647 2129 704 similis

532 740 618 786 est
647 731 731 797 ei,
763 731 852 800 qui
896 733 1069 788 allidit
1125 735 1380 803 parvulos
1427 736 1495 792 ad
1547 748 1775 807 petram.
1831 742 2128 797 Monachus

535 826 936 882 somniculosus
963 827 1154 884 incidit
1204 829 1257 884 in
1303 831 1493 886 mala:
1544 833 1638 904 qui
1687 844 1868 890 autem
1921 837 2124 907 vigilat,

535 919 676 976 sicut
711 935 899 988 passer
927 921 1151 976 volabit.
1186 921 1264 978 Ne
1294 923 1512 980 dederis
1549 935 1602 982 te
1631 927 1684 982 in
1715 929 1914 997 vigiliis
1939 945 2127 984 narra-

532 1010 770 1067 tionibus
797 1015 1174 1083 supervacuis,
1208 1027 1263 1071 et
1296 1033 1402 1073 non
1433 1019 1662 1088 abjicias
1689 1035 1973 1079 sermones
2013 1024 2128 1094 spi-

534 1105 723 1160 ritales
749 1125 764 1161 :
795 1108 1050 1174 quoniam
1084 1109 1344 1166 Dominus
1369 1113 1584 1183 inspicit
1613 1132 1708 1172 cor
1732 1126 1903 1182 tuum,
1937 1128 1992 1174 et
2021 1134 2126 1174 non

534 1205 590 1252 te
620 1203 808 1253 statuit
833 1199 1182 1258 innocentem
1206 1205 1274 1257 ab
1305 1208 1450 1260 omni
1476 1209 1642 1265 malo.
1669 1209 1904 1266 Somnus
1927 1213 2130 1268 multus

531 1291 799 1349 incrassat
823 1309 918 1348 cor
953 1311 967 1350 :
999 1294 1200 1366 vigiliae
1228 1308 1408 1354 autem
1443 1301 1599 1357 bona:
1630 1315 1833 1359 acuunt
1869 1317 2125 1362 mentem.

533 1389 769 1446 Somnus
801 1391 1004 1448 multus
1039 1396 1360 1465 superducit
1390 1401 1762 1468 tentationes;
1808 1403 1899 1472 qui
1947 1413 2126 1459 autem

533 1485 722 1554 vigilat
751 1485 942 1557 effugit
970 1503 1085 1543 eas.
1121 1489 1273 1546 Sicut
1306 1491 1449 1561 ignis
1479 1493 1761 1562 liquefacit
1790 1510 2006 1562 ceram,
2052 1497 2130 1553 sic

532 1578 729 1648 vigilia:
758 1579 915 1634 bonze
941 1581 1308 1652 cogitationes
1336 1586 1528 1639 malas.
1563 1586 1756 1644 Melior
1781 1597 1868 1644 est
1894 1591 1979 1646 vir
2003 1591 2131 1646 dor-

532 1669 730 1736 miens,
761 1687 922 1742 quam
954 1675 1256 1730 monachus
1286 1677 1520 1748 vigilans
1553 1679 1606 1733 in
1641 1683 1986 1738 sermonibus
2038 1700 2129 1737 va-

531 1761 638 1816 nis.
683 1762 965 1819 Somnium
1018 1767 1336 1839 angelorum
1394 1769 1632 1826 laetiﬁcat
1676 1789 1805 1839 cor;
1857 1774 2126 1829 somnium

2231 558 2328 627 ris,
2364 574 2471 616 non
2504 561 2751 618 detineas
2782 564 2924 634 apud
2954 575 3024 621 te.
3053 565 3219 622 Malus
3254 567 3607 635 dispensator
3636 569 3828 624 contri-

2232 652 2438 709 bulabit
2495 657 2708 712 animas
2754 656 3019 725 fratrum;
3068 670 3124 717 et
3171 677 3386 716 memor
3445 663 3666 716 malitia
3729 677 3828 717 non

2234 745 2582 803 miserebitur
2610 764 2822 805 eorum.
2875 751 2974 819 Qui
3018 751 3291 823 disperdit
3340 755 3699 810 substantiam
3724 772 3830 811 mo-

2233 840 2476 906 nasterii,
2509 841 2727 898 fraudat
2775 844 2942 899 Deum
2978 866 2988 899 :
3041 856 3095 902 et
3138 847 3228 916 qui
3281 849 3506 920 negligit
3551 865 3696 914 eam,
3730 865 3830 905 non

2232 935 2335 989 erit
2367 935 2686 1004 impunitus.
2720 937 2942 1008 Iniquus
2963 939 3337 1010 dispensator,
3363 942 3647 998 distribuit
3669 944 3828 1010 male;

2226 1025 2406 1096 justus
2435 1038 2616 1082 autem
2645 1039 2702 1084 ut
2730 1030 2954 1101 dignum
2983 1043 3065 1087 est
3091 1032 3452 1104 dispensabit.
3474 1035 3576 1103 Qui
3599 1036 3737 1091 male
3756 1037 3831 1091 lo-

2231 1121 2414 1192 quitur
2444 1123 2510 1178 de
2543 1125 2712 1178 fratre
2741 1139 2842 1180 suo
2873 1128 3335 1182 exterminabitur
3367 1145 3380 1181 :
3418 1129 3699 1199 negligens
3745 1145 3834 1184 au-

2233 1223 2340 1269 tem
2373 1227 2623 1286 egentem
2667 1231 2774 1270 non
2803 1217 3013 1273 videbit
3043 1219 3247 1274 lumen.
3283 1219 3478 1275 Melior
3504 1229 3591 1276 est
3617 1220 3836 1276 saecula-

2233 1309 2306 1364 ris
2337 1308 2388 1363 in
2421 1310 2734 1364 inﬁrmitate
2765 1312 3011 1366 serviens
3043 1311 3194 1368 fratri
3220 1354 3236 1381 ,
3282 1329 3448 1384 quam
3479 1313 3834 1371 anachoretes

2231 1401 2321 1472 qui
2352 1417 2457 1456 non
2486 1402 2775 1457 miseretur
2801 1405 3058 1474 proximo
3088 1419 3208 1460 suo.
3243 1403 3518 1476 lnsipiens
3543 1406 3836 1463 monachus

2233 1496 2455 1565 negligit
2478 1496 2838 1551 instrumenta
2863 1499 2995 1552 artis
3018 1514 3132 1553 sua:
3158 1515 3171 1562 ;
3201 1499 3422 1568 sapiens
3445 1507 3634 1554 autem
3661 1515 3835 1554 curam

2235 1588 2456 1644 habebit
2485 1589 2724 1644 illorum.
2758 1589 2834 1644 Ne
2867 1589 3106 1657 dixeris,
3142 1590 3305 1647 hodie
3339 1606 3540 1646 maneo
3563 1635 3576 1655 ,
3625 1603 3681 1647 et
3725 1607 3837 1648 cras

2231 1683 2392 1739 exibo
2429 1703 2442 1737 :
2473 1683 2597 1753 quia
2629 1698 2736 1738 non
2765 1685 2816 1738 in
2843 1685 3111 1753 sapientia
3150 1685 3407 1755 cogitasti
3454 1685 3525 1740 de
3575 1685 3680 1740 hoc
3708 1685 3836 1755 ipso.

2233 1776 2507 1831 Circuitor
2556 1776 2859 1831 monachus
2891 1777 3247 1832 meditabitur
3299 1792 3592 1832 sermones
3639 1777 3834 1844 falsos;

531 1863 712 1908 autem
745 1854 1060 1912 daemonum
1093 1859 1385 1914 conturbat
1415 1861 1567 1916 illud.
1592 1863 1922 1919 Paenitentia
1949 1875 2004 1921 et
2034 1866 2129 1920 hu-
2160 1866 2210 1927 B
2239 1870 2509 1940 proprium
2539 1880 2726 1926 autem
2768 1869 3135 1926 ludificabitur
3172 1882 3411 1940 patrem.
3465 1870 3572 1939 Qui
3619 1883 3836 1926 exornat

533 1945 741 2000 militas
768 1960 1068 2003 erexerunt
1109 1950 1343 2006 animam
1378 1969 1390 2006 :
1445 1953 1797 2026 eleemosyna
1847 1967 2029 2012 autem
2075 1969 2129 2014 et

531 2041 897 2095 mansuetudo
927 2043 1390 2100 conﬁrmaverunt
1419 2062 1562 2103 eam.
1594 2048 1865 2104 Memento
1911 2066 2130 2123 semper

529 2132 700 2202 patris
730 2134 828 2198 tui,
853 2150 951 2190 nee
972 2136 1596 2210 obliviscarisjudieium
1625 2152 1916 2211 aeternum,
1943 2155 1999 2201 et
2020 2163 2127 2202 non

529 2225 634 2279 erit
655 2224 920 2282 delictum
954 2229 1006 2282 in
1039 2231 1218 2286 anima
1244 2242 1351 2288 tua.
1384 2233 1441 2290 Si
1463 2236 1690 2306 Spiritus
1711 2238 1914 2294 accdi-ae
1935 2255 2128 2297 ascen-

532 2316 675 2372 derit
701 2335 869 2390 super
903 2330 979 2388 te,
1013 2339 1081 2378 ne
1110 2325 1388 2396 relinquas
1433 2329 1655 2384 domum
1701 2340 1869 2399 luam,
1919 2342 1974 2388 et
2020 2349 2126 2390 non

529 2411 771 2468 declines
828 2416 882 2470 in
940 2425 1188 2488 tempore
1230 2420 1518 2477 tristitiae:
1586 2425 1730 2480 sicut
1792 2427 1938 2482 enim
2009 2430 2130 2499 quis

529 2507 798 2562 confricat
825 2519 1133 2581 argentum,
1169 2514 1249 2570 sic
1274 2515 1621 2582 Splendidum
1666 2520 1760 2575 ﬁet
1807 2536 1904 2576 cor
1952 2532 2126 2590 tuum,

529 2602 573 2656 si
608 2606 1072 2670 perseveraveris.
1135 2607 1374 2678 Spiritus
1407 2611 1554 2668 tmdii
1599 2614 1767 2684 abigit
1811 2616 2082 2689 lacrymas
2115 2637 2126 2672 :

531 2695 758 2764 spiritus
787 2707 970 2753 autem
1003 2700 1242 2756 tristitiae
1269 2703 1608 2760 contribulat
1636 2708 1969 2764 orationem.
2014 2709 2126 2765 Cu-

535 2786 691 2854 piens
719 2787 940 2844 divitias
967 2791 1240 2846 sollicitus
1271 2794 1379 2849 eris
1406 2796 1634 2850 multum
1653 2841 1667 2866 ,
1701 2809 1756 2854 et
1786 2800 2130 2870 amplectens

529 2877 650 2933 illas
677 2879 888 2950 lugebis
917 2884 1280 2940 amarissime.
1315 2885 1435 2942 Non
1469 2899 1778 2946 remoretur
1807 2894 2056 2962 scorpius
2075 2895 2128 2949 in

530 2971 652 3025 sinu
687 2981 810 3039 tuo;
845 2975 926 3030 sic
959 2993 1058 3032 nec
1089 2979 1345 3050 cogitatio
1375 2982 1514 3036 mala
1551 2984 1601 3037 in
1635 2985 1803 3040 corde
1831 2996 1943 3042 tuo.
1971 2987 2130 3045 Occi-

531 3061 658 3117 dere
679 3065 954 3133 genimina
986 3082 1302 3138 serpentum
1321 3089 1388 3128 ne
1412 3087 1690 3143 parcas.et
1718 3093 1827 3134 non
1859 3082 2130 3149 parturies

531 3158 889 3227 cogitationes
919 3177 1132 3219 eorum.
1169 3166 1320 3223 Sicut
1365 3171 1510 3225 enim
1543 3187 1734 3228 aurum
1764 3184 2129 3248 etargentum

2231 1963 2553 2018 vestimenta
2587 1978 2706 2028 sua,
2737 1972 2792 2017 et
2822 1964 3012 2034 implet
3041 1973 3289 2019 ventrem
3321 1979 3480 2019 suum
3506 2006 3521 2030 ,
3556 1965 3647 2020 hic
3677 1965 3838 2035 pascit

2231 2056 2589 2125 Cogitationes
2623 2067 2845 2126 turpes,
2901 2066 3104 2112 etcum
3143 2057 3351 2112 sanctis
3399 2056 3695 2112 concilium
3737 2072 3835 2112 non

2234 2147 2470 2204 habebit.
2500 2148 2557 2204 Si
2588 2148 2907 2204 introiveris
2935 2150 3136 2214 vicum,
3159 2167 3267 2204 non
3291 2150 3702 2222 proximaveris
3725 2166 3835 2205 mu-

2232 2243 2485 2309 lieribus;
2511 2252 2568 2299 et
2593 2258 2699 2299 non
2731 2256 2976 2301 moratus
2995 2244 3166 2301 fueris
3182 2245 3546 2301 sermocinari
3575 2259 3698 2300 cum
3725 2245 3826 2310 eis;

2231 2337 2689 2407 quemadmodum
2740 2340 2885 2394 enim
2938 2339 2983 2394 si
3033 2338 3157 2409 quis
3199 2337 3396 2408 glutiat
3449 2336 3712 2404 hamum,
3763 2337 3833 2392 sic

2231 2432 2580 2488 abstrahetur
2610 2433 2787 2487 anima
2825 2443 2938 2488 tua.
2983 2431 3334 2503 Longanimis
3384 2430 3691 2486 monachus
3734 2429 3830 2485 im-

2231 2527 2593 2598 passihilitate
2618 2527 2877 2598 gaudebit
2908 2544 2922 2580 :
2958 2527 3052 2596 qui
3078 2537 3263 2583 autem
3296 2527 3599 2582 exacerbat
3645 2526 3831 2582 fratres

2231 2636 2382 2688 suos,
2435 2620 2654 2676 odibilis
2704 2620 2829 2676 erit.
2881 2620 3225 2676 Mansuetum
3276 2619 3613 2675 monachum
3667 2617 3829 2688 diligit

2235 2715 2526 2779 Dominus;
2564 2713 2940 2769 turbulentum
2985 2722 3169 2767 autem
3215 2713 3434 2782 repellit
3479 2727 3511 2766 a
3554 2727 3636 2767 se.
3685 2711 3829 2781 Piger

2234 2807 2533 2863 monachus
2575 2807 2979 2862 murmurabit:
3026 2814 3082 2862 et
3129 2805 3540 2860 somniculosus
3591 2805 3827 2860 dolorem

2232 2899 2426 2970 capitis
2453 2899 2626 2969 ﬁngit.
2666 2899 2723 2956 Si
2753 2899 3115 2955 contristatus
3149 2897 3313 2953 fuerit
3343 2899 3513 2953 frater
3534 2907 3680 2963 tuus,
3711 2913 3830 2952 con-

2232 2993 2412 3049 solare
2441 2995 2592 3048 illum
2621 3011 2634 3059 ;
2663 3002 2716 3047 et
2741 2994 2785 3048 si
2814 2993 2983 3055 dolet,
3013 2993 3245 3048 condole
3276 2992 3355 3046 illi
3383 3009 3395 3044 :
3431 2991 3538 3048 hoc
3569 2993 3713 3047 enim
3754 2991 3827 3046 fa-

2233 3089 2382 3144 ciens
2410 3086 2710 3142 l.t-titicabis
2728 3102 2823 3142 cor
2849 3087 2972 3156 ejus
2991 3129 3005 3152 ,
3029 3096 3083 3142 et
3110 3087 3434 3141 thesaurum
3465 3101 3721 3155 magnum
3743 3083 3829 3140 tibi

2235 3180 2536 3235 cumulabis
2564 3182 2617 3233 in
2651 3179 2828 3236 cmlis.
2863 3179 3184 3246 Monachus,
3213 3179 3304 3248 qui
3332 3177 3831 3233 dissitnulatcusto-

532 3250 727 3318 prohat
757 3253 898 3323 ignis
925 3298 940 3320 ,
973 3257 1052 3312 sic
1097 3273 1193 3314 cor
1223 3263 1479 3318 monachi
1531 3268 1779 3322 tentatio.
1824 3268 1992 3327 Aufer
2017 3288 2046 3326 a
2080 3284 2132 3329 te
2159 3262 2203 3326 C
2236 3273 2354 3329 dire
2386 3289 2670 3329 sermones
2694 3274 2887 3348 patris,
2916 3272 3212 3328 maledicet
3241 3271 3398 3327 canis
3436 3273 3609 3341 patris
3651 3271 3751 3338 sui,
3784 3278 3832 3326 et

528 3347 865 3414 superbiam,
900 3360 953 3404 et
980 3368 1178 3409 vanam
1211 3357 1443 3428 gloriam
1465 3404 1480 3428 ,
1511 3375 1566 3418 et
1603 3363 1924 3433 jactantiam
1971 3369 2130 3441 longe

531 3437 692 3495 facito
724 3459 752 3495 a
783 3451 857 3498 te.
892 3444 993 3512 Qui
1022 3449 1168 3504 enim
1205 3453 1442 3522 expetita
1477 3457 1722 3525 privatur
1770 3461 1946 3531 gloria
1995 3437 2129 3519 con-

531 3533 839 3591 tristabitur
870 3558 881 3590 :
914 3538 1006 3609 qui
1043 3556 1177 3598 vero
1210 3542 1440 3615 adeptus
1467 3559 1583 3618 est,
1617 3550 1707 3607 ﬁet
1731 3555 2022 3623 superbus.
2053 3557 2130 3614 Ne

532 3623 750 3684 dederis
800 3632 1114 3700 superbiam
1146 3637 1299 3691 cordi
1334 3647 1445 3707 tuo,
1479 3655 1536 3696 et
1582 3658 1649 3698 ne
1679 3643 1884 3701 dixeris
1916 3648 1967 3703 in
1995 3665 2130 3705 con-

529 3727 714 3784 spectu
751 3721 988 3790 Domini,
1020 3735 1214 3794 potens
1247 3743 1366 3783 sum
1395 3748 1409 3796 ;
1441 3741 1501 3785 ut
1534 3748 1639 3788 non
1676 3736 1939 3793 Dominus
1967 3740 2131 3797 derc-

533 3808 1009 3879 linquatanimam
1069 3828 1236 3885 tuam,
1267 3833 1323 3876 et
1351 3824 1570 3895 maligni
1619 3827 1904 3887 dtemones
1955 3831 2134 3889 humi-

530 3902 663 3959 lient
719 3907 884 3962 illam.
930 3910 1083 3968 Tune
1131 3914 1275 3970 enim
1327 3917 1396 3973 de
1445 3935 1572 3976 aere
1626 3925 2034 3983 conturbabunt
2081 3939 2133 3985 te

532 3997 762 4067 inimici,
796 4011 985 4059 noctes
1017 4017 1198 4062 autem
1228 4011 1499 4068 terribiles
1551 4015 1851 4087 suscipiant
1880 4026 1953 4075 te.
1986 4021 2124 4077 Con-

531 4093 895 4150 versationem
927 4101 1178 4155 monachi
1211 4105 1454 4159 custodit
1507 4109 1735 4164 scientia
1771 4130 1783 4166 :
1817 4115 1908 4184 qui
1949 4125 2130 4171 autem

532 4185 599 4240 ab
629 4201 690 4241 ea
721 4187 973 4252 discedit,
1023 4192 1211 4248 incidit
1239 4195 1294 4249 in
1328 4198 1592 4255 latrones.
1637 4201 1714 4257 De
1768 4214 1924 4274 petra
1970 4209 2132 4276 spiri--

528 4277 626 4332 tali
647 4291 830 4335 manat
858 4281 1094 4350 ﬁuvius;
1139 4289 1320 4342 anima
1347 4301 1529 4347 autem
1554 4293 1696 4350 bene
1719 4313 1885 4366 agens
1907 4299 2041 4355 bibit
2065 4318 2130 4356 ex

529 4387 615 4427 eo.
647 4374 752 4430 Vas
775 4375 1061 4434 electionis
1105 4381 1290 4438 anima
1335 4386 1536 4440 munda
1573 4405 1586 4440 :
1635 4387 1914 4447 immunda
1948 4403 2129 4450 autem

529 4465 839 4534 replebitur
861 4471 1248 4528 amaritudine.
1280 4473 1502 4545 Absque
1525 4477 1664 4534 lacte
1691 4497 1796 4534 non
1823 4485 2134 4541 enutrietur

530 4558 707 4616 infans
741 4579 752 4615 :
781 4570 836 4616 et
861 4563 983 4617 sine
1012 4564 1460 4634 impassibilitate
1506 4585 1614 4626 non
1653 4574 1984 4630 exaltabitur
2011 4593 2126 4632 cor.

2233 3367 2667 3439 derogabitvitae
2697 3369 2934 3423 ﬁliorum
2966 3368 3092 3438 ejus
3127 3384 3140 3420 :
3191 3367 3460 3422 Dominus
3511 3375 3694 3422 autem
3744 3381 3833 3419 an-

2235 3461 2463 3515 nullabit
2490 3477 2634 3515 cum.
2663 3461 2769 3529 Qui
2795 3461 3139 3517 occasionem
3164 3460 3379 3532 quaerit,
3407 3463 3685 3530 separabit
3713 3477 3772 3516 se
3796 3475 3824 3514 a
3873 3471 3884 3486 '

2234 3552 2489 3608 fratribus
2519 3570 2532 3618 ;
2567 3565 2773 3624 patrem
2804 3564 2983 3609 autem
3013 3569 3171 3609 suum
3197 3553 3492 3608 incusabit.
3516 3552 3594 3608 Ne
3618 3552 3827 3608 dederis

2235 3647 2481 3700 auditum
2515 3656 2664 3701 tuum
2692 3646 3037 3702 sermonibus
3065 3646 3158 3716 qui
3207 3653 3335 3700 sunt
3379 3656 3574 3700 contra
3619 3654 3819 3715 patrem

2240 3747 2408 3805 tuum,
2446 3749 2501 3793 et
2527 3755 2632 3794 non
2666 3742 2898 3795 suscites
2926 3741 3162 3794 animam
3205 3739 3598 3794 inhonorantis
3642 3739 3830 3802 illum;

2235 3843 2294 3887 ut
2324 3847 2431 3888 non
2468 3833 2729 3888 Dominus
2760 3835 3025 3890 irascatur
3057 3834 3112 3888 in
3144 3834 3406 3902 operibus
3438 3835 3568 3898 tuis,
3593 3844 3644 3888 et
3665 3833 3834 3888 deleat

2236 3943 2435 3983 nomen
2469 3939 2618 3982 tuum
2653 3928 2720 3982 de
2751 3929 2891 3984 libro
2918 3929 3186 3983 vivorum.
3211 3927 3314 3996 Qui
3339 3927 3530 3983 obedit
3554 3928 3694 3997 patri
3725 3942 3832 3981 mo-

2236 4020 2484 4084 nasterii,
2515 4021 2695 4090 diligit
2723 4022 3077 4088 semetipsum
3114 4037 3126 4074 :
3156 4021 3248 4090 qui
3288 4030 3474 4074 autem
3517 4020 3840 4074 ct'mtradicit

2234 4114 2307 4178 ei,
2345 4113 2548 4168 incidet
2579 4114 2630 4167 in
2667 4113 2828 4167 mala.
2864 4114 3061 4168 Beatus
3094 4113 3421 4177 monachus,
3468 4113 3564 4184 qui
3610 4113 3838 4168 custodit

2238 4219 2509 4278 praecepta
2542 4209 2755 4263 Domini
2792 4226 2806 4261 :
2841 4218 2896 4264 ct
2926 4219 3169 4276 sanctus,
3204 4213 3294 4279 qui
3327 4220 3516 4265 servat
3561 4223 3838 4266 sermones

2238 4310 2451 4370 patrum
2490 4315 2736 4355 suorum.
2789 4300 2947 4372 Piger
2979 4303 3278 4357 monachus
3310 4303 3480 4357 multa
3513 4302 3835 4357 detrimenta

2235 4395 2471 4464 patietur
2499 4412 2512 4449 :
2549 4394 2594 4448 si
2620 4405 2799 4450 autem
2827 4395 3128 4465 perstiterit
3150 4396 3205 4449 in
3232 4394 3486 4460 audacia,
3519 4404 3575 4451 et
3599 4395 3834 4452 habiturn

2236 4498 2392 4539 suum
2423 4485 2646 4554 adjiciet
2691 4487 2948 4556 perdere.
2979 4487 3081 4554 Qui
3111 4487 3356 4542 custodit
3403 4489 3646 4559 linguam
3695 4503 3836 4543 suam

2236 4579 2424 4651 dirigit
2451 4582 2567 4635 vias
2589 4596 2715 4636 suas
2748 4599 2758 4634 :
2794 4590 2850 4636 et
2879 4581 2970 4650 qui
3004 4591 3189 4637 servat
3210 4597 3308 4636 cor
3336 4597 3500 4636 suum
3533 4582 3838 4652 implebitur

530 4651 864 4708 Charitatem
894 4658 1174 4712 antecedit
1214 4660 1622 4729 impassibilitas
1655 4682 1668 4718 ε
1707 4666 1990 4723 scientiam
2039 4687 2135 4724 au-
2158 4664 2216 4727 D
2241 4673 2491 4728 scientia.
2522 4673 2816 4728 Monachus
2848 4673 3103 4743 bilinguis
3142 4675 3326 4730 turbat
3375 4651 3624 4741 fratrest
3671 4673 3836 4730 ﬁdelis

531 4755 638 4800 tem
672 4749 930 4816 praecedit
959 4751 1198 4806 dilectio.
1233 4753 1485 4810 Scientiae
1518 4757 1802 4828 adjicietur
1825 4763 2091 4832 sapientia
2119 4784 2131 4819 :

530 4838 1021 4908 impassibilitateni
1055 4863 1182 4900 vero
1211 4860 1439 4918 generat
1472 4853 1780 4921 prudentia.
1811 4856 1998 4913 Timor
2032 4861 2132 4915 Do-

530 4934 661 4989 mini
692 4949 919 5006 generat
944 4941 1266 5008 sapientiam
1303 4961 1315 4997 :
1352 4944 1487 5000 ﬁdes
1515 4956 1698 5002 autem
1739 4946 1942 5004 Christi
1973 4953 2138 5008 donat

529 5029 782 5085 timorem
817 5031 932 5086 Dei.
969 5033 1173 5106 Sagitta
1201 5038 1442 5093 candens
1472 5039 1716 5095 incendit
1747 5045 2024 5112 animam;
2055 5048 2136 5102 vir

532 5137 712 5182 autem
759 5139 1015 5199 operator
1056 5131 1184 5186 boni
1217 5136 1516 5206 exstinguit
1555 5153 1698 5194 eam.
1745 5139 2049 5199 Clamorem
2081 5153 2136 5198 et

537 5217 929 5288 blasphemiam
959 5235 1245 5280 aversatur
1293 5229 1569 5286 scientia:
1623 5247 1910 5290 wrmones
1955 5245 2134 5291 autem

535 5313 759 5369 dolosos
791 5315 924 5384 fugit
955 5317 1242 5384 sapientia.
1281 5320 1457 5377 Suave
1483 5334 1568 5380 est
1598 5327 1731 5391 mel,
1769 5338 1823 5382 et
1854 5328 2028 5383 doleis
2060 5329 2138 5383 l'a-

535 5422 634 5462 vus
659 5425 669 5460 :
705 5409 932 5464 scientia
962 5421 1142 5465 autem
1173 5411 1268 5467 Dei
1293 5413 1504 5471 dulcior
1523 5419 1806 5474 ambobus.
1837 5420 1996 5486 Audi,
2021 5436 2137 5476 mo-

537 5501 730 5570 nache,
764 5518 1050 5561 sermones
1081 5508 1250 5576 patris
1285 5511 1379 5575 tui,
1412 5522 1466 5566 et
1496 5529 1564 5567 ne.
1596 5514 1777 5570 irritas
1819 5514 1984 5570 facias
2009 5530 2137 5571 eru-

536 5594 779 5653 ditiones
805 5599 1096 5668 ejus.Cum
1129 5600 1338 5661 miserit
1368 5615 1441 5670 te,
1471 5606 1669 5661 obandi
1699 5609 1774 5677 ei,
1796 5620 1852 5664 et
1874 5618 2136 5679 quantum

551 5693 620 5745 ad
653 5702 890 5748 mentem
919 5698 1182 5755 comitere
1210 5715 1333 5756 eum
1361 5717 1428 5758 eo
1464 5719 1475 5754 :
1512 5703 1615 5757 hoc
1643 5701 1786 5758 enim
1819 5704 1979 5758 modo
2006 5702 2142 5758 effu-

549 5785 665 5855 gies
697 5787 1056 5855 cogitationes
1105 5792 1294 5856 malas,
1348 5804 1403 5850 et
1451 5794 1671 5863 maligni
1727 5794 2002 5852 daemones
2032 5810 2142 5852 non

570 5878 936 5946 prtevalebunt
977 5883 1259 5938 adversum
1308 5894 1379 5940 te.
1414 5886 1472 5939 Si
1502 5885 1794 5940 crediderit
1843 5888 1932 5943 tibi
1984 5905 2142 5958 pecu-

2245 4775 2426 4821 autem
2459 4768 2564 4837 agit
2600 4765 2802 4836 quiete.
2837 4765 2942 4832 Qui
2965 4765 3196 4822 conﬁdit
3248 4767 3302 4821 in
3354 4781 3452 4822 sua
3483 4768 3836 4833 continentia,

2245 4860 2332 4916 hic
2357 4861 2516 4915 cadet
2550 4877 2562 4912 :
2595 4859 2686 4929 qui
2715 4870 2896 4914 autem
2922 4859 3170 4914 humiliat
3192 4860 3458 4930 seipsum,
3495 4862 3839 4917 exaltabitur.

2245 4953 2321 5008 Ne
2351 4952 2574 5008 dederis
2602 4962 2653 5007 te
2703 4952 2976 5008 saturitati
3022 4954 3259 5019 ventris,
3307 4964 3362 5008 et
3411 4969 3523 5010 non
3570 4955 3842 5024 implearis

2245 5060 2437 5100 somno
2464 5054 2730 5100 nocturno
2755 5063 2768 5098 :
2801 5046 2905 5101 hoc
2931 5046 3076 5101 enim
3111 5046 3275 5102 modo
3297 5045 3560 5102 efﬁcieris
3592 5048 3838 5114 mundus,

2244 5150 2298 5194 et
2328 5140 2555 5208 spiritus
2591 5139 2803 5192 Domini
2832 5141 3189 5211 superveniet.
3217 5141 3269 5194 in
3306 5150 3378 5194 te.
3415 5141 3711 5196 Psallentis
3747 5141 3842 5194 viri

2240 5233 2592 5300 conquiescet
2622 5230 2921 5300 indignatio
2949 5251 2962 5287 :
2993 5244 3046 5288 et
3073 5233 3162 5304 qui
3197 5233 3529 5303 longanintis
3549 5244 3656 5304 est,
3685 5235 3843 5289 inter-

2238 5327 2376 5379 ritus
2406 5324 2531 5379 erit.
2566 5324 2643 5378 Ex
2673 5326 3100 5382 mansuetudine
3143 5337 3448 5396 generatur
3478 5329 3746 5395 scientia;
3781 5343 3842 5382 ex

2242 5414 2443 5472 ferocia
2475 5428 2654 5470 autem
2686 5417 2927 5473 inscitia.
2955 5420 3109 5474 Sicut
3139 5436 3274 5490 aqua
3305 5421 3398 5473 dat
3446 5422 3842 5477 incrementum

2242 5511 2603 5584 plantationi,
2654 5513 2737 5568 sic
2786 5513 3095 5568 humiliatio
3128 5514 3432 5570 iracundia:
3463 5514 3680 5571 'exaltat
3730 5531 3840 5570 cor.

2243 5605 2343 5673 Qui
2376 5605 2978 5675 inveStigateonvivia,
3027 5607 3410 5674 exstinguetur
3454 5607 3642 5664 lumen
3690 5610 3837 5679 ejus;

2243 5698 2423 5752 anima
2453 5706 2632 5752 autem
2664 5697 2779 5766 ejus
2807 5697 3013 5753 videbit
3050 5699 3328 5754 tenebras.
3363 5699 3618 5756 Pondera
3650 5701 3703 5756 in
3733 5711 3840 5754 sta-

2245 5802 2357 5847 tera
2383 5807 2576 5863 panem
2602 5800 2774 5856 tuum,
2791 5801 2850 5846 et
2873 5789 2999 5846 bibe
3020 5791 3087 5845 ad
3114 5805 3427 5848 mensuram
3449 5808 3646 5864 aquam
3669 5805 3837 5854 tuam;

2248 5900 2298 5942 et
2329 5887 2549 5957 Spiritus
2583 5884 2962 5940 fornimtionis
2994 5885 3158 5954 fugiet.
3183 5886 3283 5942 abs
3307 5894 3380 5944 te.
3410 5888 3486 5943 Da
3515 5889 3740 5945 senibus
3766 5886 3838 5939 vi.
