4060 6344
250 308 387 364 1183

1419 319 1830 378 ΞΕΝΤΕΝΤΙΛΕ
1873 323 1966 378 ΑΙ)
2010 320 2350 379 VIRGINES.

3406 328 3544 384 “86

245 439 400 487 noni,
435 433 488 479 ct
517 429 912 496 aegrotantibus
937 430 1072 486 offer
1100 445 1293 501 escas;
1331 450 1398 491 eo
1441 439 1587 508 quod
1637 439 1843 495 contri-
1874 443 1926 502 Α
1955 450 2060 494 tem
2093 440 2348 508 baptismi
2393 438 2466 494 tui
2496 453 2604 494 non
2635 437 3004 511 derelinquas,
3057 450 3113 495 et
3165 455 3270 497 non
3317 444 3550 514 repellas

243 524 442 568 verunt
465 532 660 572 carnes
680 520 980 586 juventutis
1001 539 1134 578 suae.
1152 524 1267 580 Non
1283 530 1604 598 supplantes
1623 531 1849 586 fratrem

246 613 420 669 tuum,
455 616 508 662 et
542 608 596 662 in
629 612 786 666 ruina
823 614 942 683 ejus
976 631 1044 671 ne
1091 620 1491 690 congratuleris
1524 639 1537 675 :
1590 623 1854 678 Dominus

242 697 391 752 enim
418 704 701 771 cognoscit
728 719 826 760 cor
848 716 1024 775 tuum,
1058 720 1114 764 et
1141 713 1322 768 tradet
1353 722 1405 768 te
1437 713 1490 769 in
1519 715 1608 770 die
1635 716 1848 771 mortis.

242 788 542 847 Monachus
575 795 815 864 prudens
843 801 1198 870 impassibilis
1228 806 1374 861 erit:
1409 807 1727 877 imprudens
1758 824 1854 864 au-

241 888 353 938 tem
385 887 676 944 exhauriet
707 891 868 946 mala.
903 894 1131 951 Oculum
1168 914 1396 969 nequam
1423 902 1726 957 excmcabit
1748 901 1852 959 Do-

241 976 460 1044 minus;
493 981 801 1049 simplicem
830 995 1016 1042 autem
1055 990 1251 1059 eripiet
1295 1007 1326 1045 a
1378 993 1643 1047 tenebris.
1695 993 1852 1050 Sicut

241 1070 440 1128 lucifer
486 1075 544 1130 in
585 1079 762 1146 cmlo,
813 1081 953 1137 sicut
1003 1083 1180 1152 palma
1230 1085 1283 1138 in
1328 1086 1622 1157 paradiso;
1672 1089 1753 1142 sic
1793 1088 1847 1142 in

239 1166 418 1220 anima
469 1181 755 1229 mansueta
805 1190 1002 1231 sensus
1052 1195 1243 1248 purus.
1298 1180 1393 1235 Vir
1445 1183 1667 1251 sapiens
1697 1199 1850 1238 scru-

242 1260 452 1316 tabitur
477 1278 760 1323 sermones
793 1269 914 1335 Dei,
947 1271 1212 1341 insipiens
1244 1284 1426 1328 autem
1453 1276 1702 1331 irridebit
1726 1293 1844 1332 eos.

241 1353 342 1423 Qui
374 1356 493 1412 odit
520 1359 806 1417 scientiam
842 1363 967 1430 Dei,
1017 1377 1071 1420 et
1105 1366 1281 1436 rejicit
1319 1368 1842 1436 considerationem,

243 1448 440 1506 similis
480 1461 566 1508 est
595 1455 641 1507 ei
684 1455 775 1525 qui
819 1456 1008 1512 lancea
1056 1460 1246 1531 pungit
1293 1477 1390 1516 cor
1439 1478 1620 1518 suum.
1655 1464 1847 1519 Melior

245 1545 571 1601 estscientia
599 1547 880 1605 Trinitatis
893 1567 1056 1622 super
1081 1554 1368 1610 scientiam
1391 1556 1840 1627 incorporalium,

243 1647 300 1694 et
327 1639 696 1697 consideratio
729 1643 847 1713 ejus
879 1660 1044 1715 super
1071 1648 1310 1702 rationes
1339 1653 1581 1704 omnium
1612 1651 1845 1705 saeculo-

240 1746 384 1787 rum.
417 1732 552 1788 Cani
583 1751 774 1790 senum
808 1741 1209 1805 mansuetudo;
1241 1743 1349 1795 vita
1391 1753 1571 1798 autem
1624 1744 1840 1799 illorum

1950 532 2288 602 signaculum
2317 531 2562 602 spiritale
2597 549 2609 584 :
2647 540 2708 585 ut
2737 533 2881 586 adsit
2907 532 3166 588 Dominus
3196 535 3392 589 animae
3421 546 3547 604 tuae,

1949 634 2003 682 et
2036 634 2290 698 prategat
2320 636 2370 680 te
2401 626 2452 680 in
2478 625 2568 680 die
2600 626 2765 681 malo.
2814 625 3111 682 Sermones
3160 629 3548 684 luereticorum

1953 721 2128 775 nuntii
2153 720 2344 776 mortis
2377 738 2390 774 :
2422 720 2515 791 qui
2543 731 2728 776 autem
2756 721 2986 791 suscipit
3010 719 3162 788 illos,
3199 723 3391 791 perdet
3429 724 3550 778 ani-

1950 829 2092 868 mam
2118 830 2294 870 suam.
2327 815 2479 869 Nunc
2507 830 2661 886 ergo,
2695 815 2794 878 lili,
2826 813 2951 870 audi
2974 829 3082 882 me,
3110 824 3296 871 etnon
3324 815 3553 872 accedas

1950 905 2020 962 ad
2069 908 2206 962 ostia
2257 906 2497 962 virorum
2527 908 2835 977 iniquorum
2856 949 2870 973 ,
2899 921 3078 977 neque
3113 907 3360 963 ambules
3387 923 3554 979 super

1950 1001 2171 1070 laqueos
2221 1018 2433 1069 eorum,
2488 1011 2544 1055 ut
2585 1017 2695 1055 non
2746 999 3002 1071 capiaris.
3052 999 3259 1070 Separa
3309 1003 3548 1056 animam

1953 1103 2096 1148 tuam
2128 1110 2156 1147 a
2188 1095 2415 1150 scientia
2443 1085 2573 1148 falsa
2607 1111 2620 1148 :
2657 1093 2857 1149 etenim
2889 1108 2990 1164 ego
3017 1108 3163 1164 smpe
3192 1094 3404 1149 locutus
3429 1109 3549 1150 sum

1948 1187 2014 1242 ad
2048 1203 2178 1254 eos;
2215 1189 2536 1245 tenelirosos
2566 1199 2750 1244 autem
2780 1203 3067 1245 sermones
3111 1203 3299 1255 eorum
3331 1189 3553 1245 investi-

1947 1283 2091 1352 gavi,
2139 1291 2193 1338 et
2232 1299 2502 1338 venenum
2555 1282 2804 1353 aspidum
2855 1282 3038 1338 inveni
3086 1283 3140 1336 in
3189 1282 3289 1337 eis.
3325 1281 3441 1338 Non
3471 1290 3556 1338 est

1949 1373 2260 1444 prudentia,
2285 1384 2468 1430 etnon
2501 1384 2586 1430 est
2610 1375 2880 1446 sapientia
2910 1376 2962 1430 in
2991 1375 3096 1430 viis
3116 1391 3326 1430 eorum.
3353 1376 3556 1434 Omnes

1947 1464 2037 1535 qui
2063 1466 2367 1537 suscipiunt
2389 1482 2484 1522 eos
2508 1468 2778 1536 peribunt,
2804 1474 2863 1523 et
2883 1466 2973 1538 qui
2995 1466 3226 1537 diligunt
3247 1483 3343 1523 eos
3362 1468 3554 1539 imple-

1945 1555 2150 1611 buntur
2177 1557 2355 1613 malis.
2389 1558 2511 1614 Vidi
2541 1574 2642 1629 ego
2670 1568 2854 1629 patres
2888 1559 3200 1630 dogmatum
3233 1559 3471 1625 illorum,
3501 1568 3555 1615 et

1948 1649 2000 1704 in
2033 1651 2268 1707 desertis
2294 1652 2550 1706 commisi
2582 1667 2704 1708 cum
2738 1653 2868 1708 illis.
2901 1652 3110 1708 Inimici
3138 1655 3282 1709 enim
3335 1653 3552 1711 Domini

1945 1744 2305 1800 obviaverunt
2337 1746 2494 1814 mihi,
2527 1747 2889 1804 etdtemones
2937 1747 2991 1802 in
3037 1749 3220 1806 verbis
3266 1757 3554 1803 concerta-

241 1825 473 1883 scientia
502 1843 651 1883 vera.
684 1829 908 1886 Juvenis
937 1845 1254 1889 mansuetus
1281 1837 1448 1890 multa
1480 1836 1674 1892 suffert
1704 1857 1717 1893 :
1749 1856 1844 1908 pu-
1873 1834 1923 1894 B
1949 1849 2146 1893 verunt
2176 1838 2467 1894 adversum
2499 1856 2608 1908 me,
2640 1851 2694 1896 et
2735 1855 2841 1896 non
2880 1840 2989 1895 vidi
3033 1841 3217 1895 lumen
3275 1856 3463 1896 verum
3494 1839 3550 1895 in

240 1921 573 1977 sillanimem
621 1934 803 1979 autem
837 1941 1022 1981 senem
1057 1927 1177 1997 quis
1208 1929 1546 1984 sustinebit?
1588 1929 1708 1986 Vidi
1740 1931 1845 1985 ira-

240 2015 478 2070 cundum
512 2033 696 2072 senem
731 2019 934 2072 elatum
970 2021 1111 2074 ultra
1162 2029 1378 2091 tempus
1427 2038 1586 2077 suum
1619 2040 1632 2076 :
1690 2037 1842 2092 spem

241 2117 422 2164 tamen
457 2127 562 2165 non
592 2110 781 2166 habuit
801 2113 1013 2182 junior,
1042 2130 1204 2184 quam
1240 2115 1354 2170 ille.
1381 2114 1484 2183 Qui
1509 2117 1847 2171 scandalizat

239 2203 534 2259 saeculares
556 2221 661 2258 non
695 2207 800 2261 erit
832 2207 1176 2276 impunitus:
1208 2217 1262 2262 et
1291 2209 1383 2276 qui
1405 2209 1694 2263 exacerbat
1726 2224 1840 2276 eos,

239 2295 596 2352 inhonorabit
625 2314 824 2354 nomen
855 2314 1035 2354 suum.
1078 2299 1510 2357 Conturbantem
1544 2302 1842 2358 Ecclesiam

238 2386 454 2442 Domini
507 2393 907 2468 exterminabit
941 2393 1076 2463 ignis
1111 2411 1123 2446 :
1159 2396 1506 2449 resistentem
1539 2405 1721 2450 autem
1755 2411 1840 2449 sa-

237 2482 449 2537 cerdoti
480 2483 741 2556 deglutiet
772 2495 940 2543 terra.
965 2486 1068 2554 Qui
1088 2494 1234 2541 amat
1257 2503 1468 2558 pacem,
1500 2488 1846 2543 manducabit

239 2573 420 2630 favum
451 2577 568 2647 ejus
594 2595 606 2630 :
637 2589 689 2634 et
720 2579 815 2649 qui
844 2578 1048 2650 colligit
1094 2595 1236 2647 eam,
1289 2580 1610 2650 implebitur
1656 2580 1839 2636 melle.

240 2669 462 2726 Honora
513 2673 844 2742 Dominum,
890 2683 946 2730 et
987 2689 1290 2745 cognosces
1335 2674 1741 2746 incorporalia;
1791 2681 1847 2729 et

242 2764 388 2818 servi
423 2764 524 2829 illi,
550 2772 604 2819 et
629 2766 887 2821 ostendet
915 2767 1010 2822 tibi
1042 2767 1286 2823 rationes
1314 2769 1664 2824 sazculorum.
1695 2767 1843 2823 Citra

239 2855 526 2910 scientiam
556 2870 664 2911 non
693 2858 1032 2914 exaltabitur
1057 2875 1176 2926 cor,
1207 2869 1261 2915 et
1288 2861 1453 2916 arbor
1490 2878 1598 2916 non
1633 2861 1847 2917 ﬂorebit

239 2950 361 3005 sine
396 2952 646 3007 humore.
677 2951 884 3008 Carnes
926 2953 1130 3010 Christi
1177 2963 1396 3010 actuum
1447 2957 1678 3012 virtutes
1709 2975 1721 3010 :
1755 2957 1846 3027 qui

241 3052 422 3098 autem
457 3043 746 3099 manducat
772 3060 888 3111 eas,
915 3045 1151 3100 efficitur
1182 3046 1556 3116 itnpassibilis.
1612 3047 1844 3118 Sanguis

241 3132 443 3189 Christi
473 3135 843 3191 consideratio
876 3137 1176 3203 factorum;
1210 3147 1264 3194 et
1291 3139 1384 3208 qui
1410 3139 1547 3194 bibit
1573 3139 1746 3206 illum,
1782 3140 1847 3194 il-

1947 1933 2291 1986 sermonibus
2320 1948 2530 1987 eorum.
2567 1933 2663 1988 Vir
2690 1933 2926 1989 mendax
2970 1933 3182 1989 excidet
3207 1950 3234 1986 a
3268 1933 3378 1988 Deo
3415 1951 3428 1984 :
3458 1949 3549 1990 se-

1947 2024 2154 2078 ducens
2180 2034 2362 2079 autem
2396 2026 2725 2094 proximum,
2757 2027 2957 2080 incidet
2990 2027 3042 2079 in
3067 2026 3229 2081 mala.
3258 2025 3448 2080 Melior
3469 2033 3556 2080 est

1948 2120 2233 2190 paradisus
2264 2121 2360 2175 Dei
2389 2136 2554 2189 super
2585 2122 2799 2175 hortum
2832 2120 3206 2175 olusculorum
3228 2161 3243 2186 ,
3271 2129 3326 2174 et
3355 2120 3553 2174 fluvius

1949 2212 2161 2267 Domini
2192 2228 2358 2282 super
2388 2211 2609 2267 fluvium
2644 2227 2896 2282 magnum
2930 2211 3416 2266 contenebrantem
3443 2219 3553 2265 ter-

1947 2321 2084 2360 ram.
2113 2305 2358 2361 Fidelior
2380 2321 2518 2375 aqua
2547 2306 2812 2371 caelestis,
2848 2320 3014 2375 super
3044 2319 3236 2374 aquam
3261 2302 3549 2375 IEgyptio-

1946 2419 2068 2460 rum
2095 2402 2446 2474 sapientium,
2485 2401 2856 2456 haurientium
2886 2400 2954 2455 de
2987 2410 3152 2454 terra.
3205 2398 3359 2454 Sicut
3405 2399 3548 2454 enini

1946 2497 2036 2569 qui
2069 2509 2218 2551 rotas
2257 2493 2592 2562 ascendunt,
2625 2493 2882 2548 deorsum
2915 2490 3295 2556 descendunt;
3333 2489 3414 2546 sic
3457 2490 3551 2562 qui

1946 2590 2191 2645 exaltant
2221 2588 2388 2644 verba
2429 2603 2526 2643 sua
2575 2586 2949 2642 humiliantur.
2998 2585 3277 2655 Sapientia
3329 2583 3550 2640 Domini

1946 2684 2309 2748 exaltatcor;
2344 2682 2655 2738 intellectus
2703 2689 2889 2735 autem
2944 2679 3063 2749 ejus
3111 2677 3360 2748 purificat
3393 2675 3549 2732 illud.

1946 2778 2207 2834 Rationes
2241 2776 2602 2848 providentiae
2630 2775 2880 2832 obscurae
2906 2790 2920 2839 ;
2951 2782 3006 2828 et
3032 2773 3125 2826 vix
3179 2768 3550 2840 intelligibiles

1946 2870 2425 2927 considerationes
2448 2868 2643 2940 judicii
2670 2885 2684 2933 ;
2716 2869 2802 2922 vir
2842 2876 3024 2921 autem
3051 2866 3194 2920 bene
3240 2879 3410 2934 agens
3455 2877 3550 2917 co-

1947 2967 2161 3038 gnoscit
2190 2981 2301 3020 eas.
2340 2963 2440 3032 Qui
2471 2962 2722 3033 purificat
2753 2977 2813 3016 se
2839 3003 2854 3029 ,
2884 2958 3186 3029 conspiciet
3216 2971 3437 3012 naturas
3466 2957 3518 3009 in

1949 3059 2307 3130 telligibilcs:
2358 3057 2600 3110 rationes
2670 3064 2851 3108 autem
2913 3048 3400 3121 incorporabilium
3455 3063 3550 3103 co-

1947 3161 2173 3223 gnoscet
2241 3147 2544 3205 monachus
2614 3147 2778 3202 mitis.
2860 3144 2964 3211 Qui
3032 3153 3339 3199 creaturam
3417 3139 3551 3194 dicit

242 3228 599 3284 luminabitur
626 3231 693 3286 ab
723 3247 810 3286 eo.
843 3232 1038 3287 Pectus
1068 3233 1286 3288 Domini
1311 3234 1541 3288 scientia
1575 3234 1670 3289 Dei
1708 3253 1719 3288 :
1751 3234 1841 3304 qui

1951 3247 2268 3301 Trinitatem
2303 3287 2317 3312 ,
2377 3241 2723 3312 blasphemat
2789 3240 3008 3294 Deum:
3067 3245 3123 3293 et
3180 3235 3272 3306 qui
3338 3233 3551 3304 spernit

243 3333 426 3379 autem
457 3324 771 3379 recubuerit
802 3341 965 3396 super
992 3326 1146 3390 illud,
1180 3325 1511 3396 prmdicator
1558 3329 1663 3383 erit
1706 3327 1847 3382 divi-

244 3430 464 3471 norum.
500 3414 699 3470 Plenus
727 3418 978 3483 scientia,
1007 3425 1060 3473 et
1085 3426 1236 3473 actor
1276 3417 1542 3473 bonorum
1586 3418 1842 3474 obviave-

246 3520 370 3566 runt
400 3509 501 3566 sibi
537 3527 549 3563 :
584 3511 795 3566 medius
825 3525 1005 3568 autem
1041 3513 1181 3567 inter
1215 3521 1505 3583 utrumque
1558 3514 1709 3568 stetit
1741 3513 1842 3568 Do-

245 3604 445 3658 minus.
473 3604 572 3672 Qui
601 3604 889 3675 acquisivit
916 3605 1292 3670 dilectionem,
1321 3607 1606 3676 acquisivit
1631 3605 1848 3661 thesau-

247 3713 409 3764 rum;
451 3699 661 3768 accepit
707 3707 887 3755 autem
943 3715 972 3753 a
1021 3700 1253 3756 Domino
1296 3701 1527 3771 gratiam
1573 3716 1844 3772 magnam.

246 3791 483 3846 Consilia
523 3795 832 3846 daemonum
890 3795 1175 3864 cognoscit
1221 3793 1535 3864 sapientia:
1587 3794 1844 3848 astutiam

247 3895 426 3941 autem
477 3885 692 3939 illorum
722 3885 1401 3957 investigavitprudentia.
1451 3886 1570 3942 Non
1619 3902 1847 3958 spernas

248 3977 465 4034 decreta
489 3986 694 4043 sancta,
726 3993 844 4048 quae
872 3987 1179 4048 posuerunt
1203 3989 1387 4050 patres
1416 3979 1491 4034 tui
1519 3997 1531 4032 :
1564 3978 1724 4034 fidem
1751 3995 1844 4036 au-

1944 3341 2217 3397 Christum
2249 3338 2389 3407 ejus,
2424 3352 2532 3392 non
2564 3333 2847 3406 cognoscit
2873 3347 3020 3388 eum.
3061 3326 3552 3384 Cousiderationes

1947 3443 2321 3490 creaturarum
2364 3430 2597 3484 dilatant
2625 3442 2721 3481 cor
2754 3441 2768 3478 :
2801 3423 2970 3479 verba
3018 3429 3202 3476 autem
3244 3416 3549 3489 prudentia:

1948 3526 2210 3598 etjudicii
2239 3523 2484 3580 exaltant
2509 3520 2663 3575 illud.
2697 3515 2937 3573 Scientia
2978 3511 3409 3584 incorporalium
3443 3508 3555 3563 ele-

1950 3631 2041 3675 vat
2065 3634 2308 3681 sensum,
2341 3624 2398 3671 et
2422 3623 2626 3669 sancta:
2657 3609 2914 3666 Trinitati
2942 3605 3240 3677 applicabit
3264 3619 3409 3659 eum.
3439 3600 3554 3656 Me-

1950 3721 2193 3768 mentote
2221 3708 2357 3780 ejus,
2389 3705 2480 3776 qui
2506 3703 2659 3760 dedit
2691 3701 2845 3756 vobis
2897 3699 2951 3754 in
2997 3696 3232 3752 Domino
3263 3691 3552 3764 proverbia

1951 3805 2247 3870 luculenta,
2282 3813 2338 3859 et
2365 3817 2472 3856 non
2502 3796 2905 3857 obliviscamini
2958 3793 3192 3850 animam
3220 3791 3338 3863 ejus
3366 3789 3552 3846 humi-

1950 3903 2058 3959 lem
2083 3902 2138 3955 in
2169 3908 2418 3969 tempore
2446 3894 2731 3951 orationis.

871 4087 3543 4132 ______________________.

1807 4227 1986 4329 ΙΙ.

1469 4437 1625 4523 AD
1699 4430 2294 4523 VIRGINES.

1558 4596 2259 4622 _______.._.____

321 4720 494 4791 Dilige
523 4717 810 4773 Dominum
842 4726 898 4773 et
927 4715 1131 4772 amabit
1158 4725 1246 4779 te;
1279 4719 1335 4770 et
1365 4712 1510 4768 servi
1534 4709 1616 4766 illi
1645 4718 1700 4766 et
1728 4707 1850 4763 illu-
1875 4709 1931 4770 D
1955 4704 2105 4760 dicas
2133 4721 2145 4756 :
2169 4702 2341 4760 Hodie
2365 4699 2689 4766 comedo,et
2710 4697 3070 4791 crastinonon
3095 4693 3377 4791 comedam
3397 4709 3561 4791 :qtto:

250 4813 593 4869 minabitcor
624 4818 795 4864 tuum.
830 4809 1050 4864 Honora
1085 4819 1317 4863 matrem
1351 4814 1498 4860 tuam
1544 4804 1685 4858 sicut
1733 4815 1848 4856 ma-

251 4917 388 4963 trem
419 4904 658 4972 Christi;
689 4915 744 4960 et
789 4921 856 4960 ne
903 4916 1204 4973 exasperes
1253 4898 1514 4956 canitiem
1563 4896 1680 4965 ejus
1726 4907 1847 4963 qua:

251 5005 461 5075 peperit
485 5012 553 5056 te.
581 5001 752 5069 Dilige
774 5014 999 5055 sorores
1024 5008 1148 5053 tuas
1169 4997 1314 5052 sicut
1341 4993 1485 5047 ﬁlias
1504 4989 1694 5045 matris
1717 4995 1846 5054 tuae,

249 5107 305 5152 ct
333 5111 437 5150 non
469 5093 818 5160 derelinquas
848 5091 989 5145 viam
1024 5089 1198 5159 pacis.
1238 5086 1509 5142 Exoriens
1543 5081 1627 5138 sol
1665 5079 1850 5135 videat

251 5190 497 5246 codicem
529 5188 582 5242 in
611 5184 864 5241 manibus
895 5183 1004 5237 tuis
1035 5199 1050 5248 ;
1084 5190 1140 5236 et
1171 5189 1295 5250 post
1331 5177 1626 5235 secundam
1661 5174 1852 5228 horam

252 5301 390 5356 opus
440 5293 613 5338 tuum.
663 5279 771 5335 Ora
819 5280 938 5334 sine
982 5276 1434 5338 intermissione;
1481 5281 1538 5328 et
1575 5279 1854 5326 memento

252 5379 452 5436 Christi
478 5377 566 5449 qui
596 5376 784 5447 genuit
815 5383 886 5429 te.
921 5371 1236 5427 Conventus
1269 5369 1512 5424 virorum
1544 5365 1765 5426 devita;
1797 5369 1858 5416 ut

252 5489 361 5529 non
394 5470 490 5525 fiat
517 5468 720 5523 idolum
757 5467 812 5520 in
846 5466 1026 5519 anima
1058 5475 1147 5518 tua
1175 5506 1189 5530 ,
1220 5471 1275 5517 et
1301 5462 1410 5516 erit
1438 5458 1533 5513 tibi
1562 5455 1858 5512 offendicu-

251 5566 362 5622 lum
391 5566 444 5620 in
474 5573 720 5632 tempore
743 5559 1030 5615 orationis.
1058 5557 1340 5613 Christum
1369 5553 1539 5609 habes
1556 5552 1813 5607 dilectum
1844 5569 1855 5603 :

252 5663 466 5734 projice
498 5659 598 5714 abs
629 5666 682 5713 te
712 5659 860 5712 viros
887 5669 1103 5719 omnes,
1135 5661 1190 5708 et
1225 5667 1334 5707 non
1362 5649 1510 5705 vives
1554 5647 1859 5719 exprobra-

256 5755 421 5809 bilem
450 5753 642 5807 vitam.
677 5749 1097 5805 Animositatem
1140 5756 1196 5802 et
1246 5745 1383 5800 iram
1425 5743 1584 5814 longe
1633 5739 1798 5796 facito
1825 5753 1857 5792 a

260 5857 314 5904 te
341 5863 359 5915 ;
385 5857 441 5904 et
475 5845 740 5902 memoria
773 5843 997 5898 malitia:
1027 5857 1134 5897 non
1162 5840 1486 5897 demoretur
1514 5835 1655 5908 apud
1686 5845 1756 5892 te.
1788 5833 1866 5888 Ne

1957 4800 2101 4854 niam
2118 4813 2226 4854 non
2242 4797 2296 4850 in
2313 4793 2578 4865 sapientia
2606 4792 2739 4848 facis
2754 4792 2878 4846 hoc.
2896 4789 3168 4867 Eritenim
3185 4803 3325 4842 noxa
3341 4786 3559 4857 corpori

1958 4901 2074 4955 tuo,
2092 4901 2146 4945 et
2164 4889 2322 4945 dolor
2341 4887 2629 4944 stomacho
2643 4895 2753 4940 tuo.
2773 4884 2948 4940 Edere
2970 4898 3191 4939 carnem
3208 4896 3313 4936 non
3333 4881 3556 4948 bonum,

1957 4991 2014 5038 et
2033 4983 2223 5038 bibere
2241 4984 2424 5036 vinum
2457 4996 2564 5034 non
2591 4979 2889 5050 optimum:
2923 4977 3122 5033 offerre
3136 4984 3316 5031 autem
3347 4982 3564 5043 oportet

1959 5084 2011 5130 te
2029 5075 2128 5129 ista
2145 5073 2569 5128 infirmantibus.
2591 5070 2758 5142 Virgo
2775 5070 3087 5125 turbulenta
3106 5084 3211 5123 non
3234 5065 3556 5128 salvabitur;

1959 5179 2013 5227 et
2034 5185 2156 5241 qum
2181 5168 2235 5223 in
2266 5168 2477 5224 deliciis
2503 5167 2616 5235 agit
2637 5181 2743 5219 non
2767 5164 2974 5220 videbit
2993 5176 3252 5234 sponsum
3268 5174 3450 5214 suum.
3485 5156 3564 5214 Ne

1960 5267 2134 5332 dicas,
2163 5263 2508 5321 contristavit
2533 5277 2623 5316 me
2645 5261 2866 5328 famula,
2887 5259 3185 5316 retribuam
3209 5257 3256 5310 ei
3276 5273 3289 5320 ;
3309 5264 3562 5325 propter-

1963 5373 2024 5413 ea
2067 5357 2210 5427 quod
2251 5369 2360 5410 non
2400 5365 2486 5410 est
2512 5353 2754 5409 servitus
2797 5354 2851 5406 in
2899 5351 3113 5406 ﬁliabus
3152 5347 3267 5402 Dei.
3316 5345 3431 5400 Non
3464 5345 3560 5400 des

1963 5449 2205 5504 auditum
2229 5458 2376 5502 tuum
2402 5445 2584 5502 verbis
2613 5443 2790 5510 vanis,
2815 5453 2870 5500 et
2891 5440 3232 5498 narrationes
3254 5437 3559 5493 velularum

1961 5544 2085 5616 fuge
2113 5539 2596 5597 circumeuntium.
2647 5537 2838 5594 Ferias
2869 5534 3210 5591 ebriosarum
3254 5546 3322 5586 ne
3352 5529 3560 5595 videas,

1963 5648 2019 5695 et
2067 5638 2123 5692 in
2170 5637 2390 5707 nuptias
2417 5635 2581 5691 alieni
2627 5650 2736 5690 non
2788 5629 3035 5687 abieris:
3091 5624 3368 5682 immunda
3417 5625 3560 5681 enim

1960 5731 2103 5801 apud
2142 5730 2426 5787 Dominum
2465 5731 2642 5786 omnis
2671 5727 2819 5797 virgo
2857 5724 3064 5780 faciens
3095 5721 3235 5777 hate.
3281 5721 3448 5791 Aperi
3501 5733 3563 5774 os

1972 5837 2122 5883 tuum
2151 5825 2322 5883 verbo
2353 5827 2491 5891 Dei;
2536 5832 2591 5881 et
2633 5821 2827 5879 cohibe
2869 5835 2901 5876 a
2943 5814 3290 5888 multiloquio
3322 5815 3562 5888 linguam
