1982 3159
511 189 516 191 _
621 184 645 209 Ξ
673 174 1743 208 ..η--.αι
1567 179 1736 196 —'—--;:;1

621 295 1262 400 ΕΥΣΕΒΙΟΥ

718 454 831 498 ΤΟΥ
867 451 1165 498 ΠΑΜΦΙΛΟΥ

357 549 1104 619 ΕΚΚΑΗΣΙΑΣΤΙΚΗΣ
1143 543 1531 614 ΙΣΤΟΡΙΑΣ

691 669 948 730 ΒΙΒΛΙΑ
975 673 1196 730 ΔΕΚΑ.

505 873 880 955 EUSEBII
933 868 1387 951 PAMPHILI

403 1020 1035 1088 ECCLESIASTICXE
1091 1019 1185 1083 HI}

709 1020 1035 1086 [ASTICfE
1091 1016 1491 1096 ΗΙΞΤΟΒΙιἘ

755 1150 917 1194 LIBRI
948 1147 1143 1193 DECEM

159 1252 317 1285 Henricus
337 1252 489 1283 Vsmsws
503 1250 648 1282 Gnaeum
664 1252 784 1279 textum
802 1245 925 1277 collatis
941 1247 1078 1284 quatuor
1104 1251 1180 1274 mss.
1203 1241 1369 1274 codicibus
1399 1242 1599 1277 emendant,
1624 1241 1734 1272 Latine

645 1301 738 1334 Vertit
754 1304 783 1332 et
799 1298 1054 1330 adnotationibus
1066 1296 1249 1328 illustravit.

836 1382 878 1407 Ed.
894 1381 971 1407 Pam.
988 1380 1067 1411 isse.)

930 1455 967 1463 .—

535 1547 830 1595 EPISTOLA
868 1545 1364 1595 NUNCUPATORIA.

226 1653 468 1681 MUSTRISSIMIS
495 1653 534 1676 ΕΤ
553 1653 836 1676 ιιιζνιζιιεκυιδδιως
858 1655 1004 1676 ABCHIEPI

889 1653 1130 1683 KCBIEPISCOPIS,
1154 1655 1306 1678 EPISCOPIS
1327 1655 1368 1678 ET
1390 1655 1545 1679 σπινπιιεο
1573 1653 1671 1680 εικπο

771 1707 923 1729 Εαριεειλε
936 1707 1127 1728 θΑιιιαΑΝλΕ.

184 1805 258 1835 Post
274 1809 319 1835 tot
336 1804 515 1835 ercorum
530 1802 660 1833 Patrum
679 1801 828 1832 editiones
849 1811 914 1842 quae
927 1803 1036 1832 vestris
1054 1801 1207 1842 auspiciis
1230 1803 1262 1833 in
1279 1801 1376 1834 lucem
1393 1803 1538 1835 hactenus
1551 1805 1755 1844 prodierunt,

146 1854 179 1885 id
194 1864 288 1884 unum
303 1854 403 1884 adhuc
417 1853 572 1889 restabat,
598 1853 807 1883 illustrissimi
823 1853 985 1883 Antistitcs
997 1875 1006 1889 ,
1023 1856 1057 1882 ut
1075 1851 1202 1883 Eusebii
1228 1853 1427 1885 Caesariensis
1450 1856 1671 1888 Ecclesiastica
1699 1858 1759 1887 Hi-

147 1906 244 1936 storia
269 1906 365 1936 multo
393 1915 483 1946 quam
508 1905 635 1935 antehac
658 1904 846 1935 emendatior
872 1914 907 1934 ac
930 1905 1057 1943 purior,
1073 1905 1127 1935 sub
1144 1906 1239 1935 vestri
1252 1906 1386 1936 nominis
1416 1907 1510 1936 titulo
1527 1915 1562 1937 ac
1578 1908 1758 1945 patrocinio

147 1957 310 1990 catholicis
325 1958 498 1988 hominibus
514 1956 697 1987 donaretur.
714 1956 753 1987 λιι
768 1957 847 1986 enim
864 1956 1025 1993 Ecclesiae,
1044 1957 1133 1996 cujus
1147 1957 1317 1987 commodis
1332 1957 1455 1987 assidue
1470 1958 1649 1994 consulitis,
1668 1960 1761 1990 utili-

146 2015 209 2045 tas;
226 2009 259 2040 id
275 2009 467 2040 eruditorum
478 2009 613 2039 omnium
627 2012 715 2042 vota;
731 2007 764 2039 id
778 2012 933 2047 postremo
946 2007 1099 2037 Eusebius
1115 2007 1180 2045 ipse
1190 2016 1246 2036 suo
1260 2006 1487 2047 quodamjure,
1505 2018 1521 2036 a
1534 2009 1621 2038 vobis
1635 2018 1760 2047 poscere

145 2061 343 2092 videbantur.
363 2060 454 2097 Nam,
473 2064 506 2090 ut
523 2059 559 2089 de
572 2058 711 2089 Ecclesia
725 2059 828 2098 primo
849 2058 916 2088 loco
932 2057 1043 2093 dicam,
1063 2056 1140 2096 quid
1155 2055 1195 2086 ad
1214 2056 1333 2086 laudem
1352 2057 1415 2097 ejus
1438 2057 1616 2096 illustrius,
1633 2059 1708 2099 quid
1721 2060 1762 2091 ad

146 2114 349 2155 defensionem
363 2113 492 2152 fortius,
508 2111 584 2151 quid
596 2110 635 2141 ad
650 2111 908 2150 propagationem
924 2110 1049 2145 utilius,
1061 2108 1137 2149 quid
1147 2108 1187 2139 ad
1202 2118 1323 2139 morum
1338 2119 1373 2139 ac
1386 2109 1561 2149 disciplinis
1577 2111 1762 2149 gravitatem

145 2165 367 2197 restituendam
396 2166 500 2204 aptius
522 2163 664 2203 proferri
686 2168 789 2202 potest
813 2172 903 2203 quam
927 2162 1063 2192 historia
1085 2170 1188 2191 rerum
1210 2161 1514 2192 ecclesiasticarum?
1537 2162 1606 2191 Jam
1623 2171 1694 2193 vero
1722 2164 1763 2194 ad

146 2217 370 2250 coni'incendos
395 2217 554 2247 hcereticos
575 2215 678 2252 nihil,
701 2225 764 2245 meo
788 2214 909 2254 quidem
922 2213 1045 2254 judicio
1059 2235 1067 2249 ,
1086 2213 1243 2253 efﬁcacius
1258 2217 1300 2242 est
1317 2217 1408 2253 atque
1425 2213 1584 2252 potentius
1599 2223 1688 2254 quam
1704 2215 1762 2246 hoc

145 2280 240 2310 genus
254 2270 450 2309 scriptionis.
476 2269 599 2309 Quippe
620 2269 777 2298 hominum
800 2267 896 2297 animi
918 2266 1189 2305 disputationibus
1220 2275 1253 2295 ac
1277 2265 1499 2295 ratiocinando
1527 2274 1606 2305 wgre
1627 2276 1658 2296 se
1679 2267 1764 2297 τίηεί

145 2323 324 2362 patiuntur.
340 2321 381 2352 Et
400 2321 519 2361 quoties
536 2320 721 2351 constrictos
742 2329 772 2349 se
796 2317 919 2354 vident,
935 2327 990 2348 nec
1018 2317 1126 2348 habent
1142 2317 1227 2356 quod
1240 2316 1458 2356 respondeant,
1476 2326 1539 2347 non
1558 2322 1620 2347 tam
1634 2319 1764 2348 veritati

148 2373 182 2404 id
204 2374 364 2405 ascribunt
391 2382 480 2413 quam
506 2372 757 2403 adversariorum
784 2371 817 2401 in
846 2370 1036 2407 disputando
1062 2369 1234 2400 subtilitati
1255 2379 1290 2399 ac
1315 2370 1467 2400 versutia’.
1495 2369 1582 2400 Certe
1610 2369 1762 2400 diuturno

146 2427 355 2467 experimento
385 2425 617 2465 comprobatum
644 2429 699 2458 est.
724 2432 778 2453 seu
803 2423 932 2462 scriptis
957 2431 1008 2451 seu
1035 2422 1103 2452 viva
1126 2430 1198 2451 voce
1219 2420 1311 2451 editis
1335 2420 1606 2460 disputationibus
1638 2421 1765 2451 accendi

146 2480 253 2518 potius
268 2479 483 2509 haereticorum
506 2479 626 2508 animos
652 2486 742 2517 quam
761 2477 880 2506 sanari.
897 2474 1043 2505 Historia
1064 2482 1135 2504 vero
1156 2482 1260 2504 rerum
1276 2473 1571 2510 ecclesiasticarum,
1593 2482 1662 2503 cum
1677 2483 1708 2503 se
1732 2474 1766 2503 in

148 2532 266 2562 animos
284 2530 447 2570 legentium
462 2530 621 2569 placidius
637 2529 793 2565 insinuet,
815 2527 906 2567 longe
920 2527 1094 2567 faciliorem
1116 2525 1155 2556 de.
1168 2526 1208 2556 iis
1224 2525 1392 2556 victoriam
1406 2526 1512 2566 refert.
1531 2525 1608 2562 Quis
1622 2529 1664 2554 est
1687 2525 1764 2554 enim

149 2592 187 2613 ex
210 2582 337 2613 diversa
359 2582 509 2622 factionis
535 2581 730 2616 hominibus,
756 2580 895 2620 quicum
914 2578 1152 2609 ecclesiasticam
1175 2577 1341 2608 historiam
1366 2581 1480 2607 attente
1498 2577 1685 2616 perlegerit,
1703 2585 1766 2606 non

148 2634 252 2666 statim
271 2635 392 2674 pudore
410 2634 565 2675 suffusus,
596 2642 730 2663 errorem
745 2642 833 2662 suum
850 2632 918 2662 illic
940 2631 1117 2661 damnatum
1137 2633 1310 2669 agnoscat,
1340 2637 1429 2668 seque
1452 2629 1535 2658 velut
1559 2628 1725 2659 membrum
1748 2637 1768 2657 a

147 2685 268 2725 reliquo
291 2695 424 2724 corpore
444 2685 610 2724 pra-cisum
639 2683 759 2723 deﬂeat.
781 2682 903 2712 Etenim
927 2692 995 2713 cum
1016 2681 1224 2712 ecclesiastica
1249 2679 1386 2710 historia
1407 2679 1487 2709 nihil
1503 2679 1592 2708 aliud
1612 2680 1767 2709 contineat

149 2744 239 2775 quam
266 2735 514 2774 apostolicarum
536 2734 653 2764 sedium
671 2737 851 2772 perpetuam
876 2733 1111 2768 successionem,
1129 2731 1348 2770 episcoporum
1371 2729 1431 2760 sibi
1454 2729 1584 2759 invicem
1609 2727 1770 2759 succeden-

150 2787 226 2817 tium
240 2788 366 2821 seriem,
383 2787 523 2817 illustria
539 2786 668 2826 denique
683 2787 846 2816 doctorum
869 2789 894 2815 et
914 2788 1085 2824 martyrum
1105 2792 1165 2822 pro
1189 2783 1306 2822 pietate
1323 2781 1491 2812 certamina
1504 2791 1514 2810 :
1539 2789 1578 2810 ea:
1604 2779 1717 2818 quibus
1739 2779 1771 2810 hi

150 2840 269 2878 quidem
288 2841 427 2880 furorem
441 2839 607 2877 gentilium
622 2838 794 2868 lolcranlim
811 2847 872 2868 sum
884 2836 1076 2877 fortitudine
1096 2839 1287 2874 superarunt
1302 2846 1312 2869 ε
1332 2833 1383 2864 iiii
1398 2841 1469 2876 vero
1485 2832 1700 2863 ha'reticorum
1716 2826 1771 2871 qui

198 2897 201 2898 '
312 2893 448 2924 PnnoL.
466 2892 524 2921 Gn.
554 2891 628 2920 ΧΧ.

1555 2884 1568 2916 1
