1982 3159
210 124 243 152 Π
704 124 838 152 VALESII
859 124 1027 153 EPISTOLA
1046 123 1326 153 NUNCUPATORIAe
1794 129 1825 156 i.‘

209 183 359 217 adversus
374 185 544 215 Ecelesiam
571 184 809 215 insurrexerunt
832 194 976 224 perversa
993 184 1138 224 dogmata
1157 187 1286 226 scriptis
1298 186 1362 217 suis
1378 188 1637 228 confutaverunt:
1653 195 1829 231 quicunque

210 247 249 269 ea:
263 237 417 268 licerelicis
432 235 473 266 ad
488 236 582 276 hujus
596 236 737 266 historiae
763 236 921 266 lectionem
943 237 1051 267 oculos
1075 242 1167 277 atque
1187 239 1324 268 animum
1349 239 1535 275 intenderit.
1557 243 1696 280 fateatur
1709 250 1828 271 necesse

209 294 253 320 est
268 299 298 319 se
312 288 349 319 ab
366 287 422 318 illa
439 287 656 327 apostolorum
679 289 889 325 successione,
905 287 941 317 ab
961 289 1019 319 illo
1036 289 1201 320 doctorum
1220 294 1247 320 et
1263 295 1435 330 martyrum
1450 301 1552 332 grege,
1570 293 1607 324 ab
1625 293 1681 324 illa
1697 293 1827 334 denique

209 342 427 381 episcoporum
451 340 665 369 communione
683 348 817 378 prorsus
833 339 967 370 alienum
984 350 1055 372 esse.
1073 342 1196 381 Quippe
1211 344 1247 372 ab
1265 342 1373 373 iisdem
1392 344 1458 375 illis
1478 346 1695 384 apostolorum
1709 356 1827 377 succes-

207 393 343 428 soribus,
364 392 419 431 qui
438 390 555 421 easdem
569 391 669 421 adhuc
685 391 769 420 sedes
794 396 821 421 et
837 391 998 422 cathedras
1018 392 1155 423 obtinent
1173 393 1204 423 in
1228 394 1340 433 quibus
1357 395 1430 425 olim
1453 397 1591 432 apostoli
1608 398 1769 435 sederunt,
1789 398 1825 429 ab

208 446 274 476 illis
290 446 368 484 ipsis
384 445 438 484 qui
461 443 656 473 Novatianos
672 448 698 473 et
715 444 895 474 Donatistae
910 448 936 473 et
957 444 1133 474 Artemonis
1150 450 1316 475 sectatores
1332 446 1588 486 condemnarunt,
1605 459 1692 480 suum
1707 459 1826 490 quoque

207 505 342 526 errorem
357 494 431 533 pari
444 492 595 522 sententia
610 492 843 522 condemnatum
859 492 1052 532 intelligunt.
1070 494 1191 524 Pudeat
1207 494 1307 534 igitur
1328 497 1400 526 illos
1416 503 1536 536 oportet
1551 500 1669 530 erroris
1685 509 1720 530 ac
1735 501 1826 531 novi-

208 549 282 578 tatis
299 556 361 576 suw
373 568 381 583 ,
410 547 650 586 quotiescunque
666 546 698 576 in
713 545 847 576 historia
863 545 1070 577 ecclesiastica
1089 552 1233 587 tanquam
1252 549 1284 578 in
1297 550 1421 589 speculo
1447 552 1607 582 veritatem
1626 554 1826 592 conspiciunt

207 605 234 629 et
250 598 469 637 antiquitatem
481 619 488 632 ,
509 596 687 635 dogmatum
701 605 830 626 suorum
855 597 957 627 errori
978 597 1173 637 novitatique
1187 604 1422 638 repugnantem.
1440 603 1538 640 Atque
1552 602 1613 633 heec
1628 604 1727 634 obiter
1742 604 1826 634 dicta

206 651 270 679 sint
290 647 325 678 de
343 648 555 678 ecclesiastica:
574 646 716 676 historice
730 647 888 685 pracipua
912 645 1069 682 utilitate,
1087 648 1176 687 cujus
1199 650 1396 687 potissimum
1421 661 1513 682 causa
1526 675 1534 689 ,
1551 662 1637 684 novre
1649 653 1743 694 hujus
1761 655 1825 686 edi.

204 701 304 731 tionis
323 700 399 730 mihi
418 710 436 729 a
451 699 538 729 vobis
555 708 631 728 cura
647 697 792 727 mandata
809 701 863 727 est.
879 697 940 728 Nec
955 706 1026 727 vero
1042 698 1142 728 solum
1160 700 1306 730 Ecclesiae
1322 702 1501 739 commodis,
1522 702 1574 733 sed
1589 708 1615 733 et
1632 704 1826 735 eruditorum

208 751 343 782 omnium
363 749 445 779 votis
465 748 521 778 hac
549 747 684 777 editione
707 746 927 784 consuluistis,
945 756 1076 786 quorum
1092 748 1236 788 plerique
1259 751 1378 788 partim
1401 752 1503 782 Graeci
1525 757 1690 783 contextus
1708 755 1825 785 mendis

206 811 241 831 ac
256 801 355 837 vitiis,
378 800 494 839 partim
511 798 697 828 Latinorum
715 799 917 836 interpretum
932 799 1093 829 erroribus
1105 821 1113 836 ,
1131 800 1166 830 ab
1184 801 1312 831 Eusebii
1328 803 1432 832 nostri
1448 802 1579 834 lectione
1606 803 1752 835 hactenus
1776 806 1826 835 de-

205 853 414 884 ‘terrebantur.
431 851 474 882 Ac
500 860 535 880 ne
551 851 622 890 quis
636 851 719 890 forte
741 849 913 880 minuenda
938 849 1074 880 aliorum
1092 851 1221 889 glorite,
1248 853 1364 893 meique
1384 855 1486 893 operis
1500 855 1696 894 pradicandi
1713 867 1825 893 causa,

209 904 295 934 istud
309 913 327 933 a
351 912 395 932 me
411 902 528 932 dictum
551 904 664 939 putet,
683 899 857 930 doctissimi
871 900 1004 931 hominis
1021 901 1232 932 testimonium
1251 902 1301 932 hic
1320 912 1492 942 apponam,
1508 906 1563 945 qui
1579 910 1649 935 ante
1664 906 1719 936 hos
1735 911 1826 937 octo-

207 957 296 996 ginta
309 964 407 985 annos
422 953 500 984 idem
518 952 552 982 de
569 951 675 983 Graeca
700 952 829 982 Eusebii
852 951 987 982 editione
1013 953 1108 992 deque
1124 953 1247 984 Latinis
1272 955 1494 994 interpretibus
1509 948 1666 997 judicium
1689 959 1775 989 tulit.
1794 959 1826 990 Is

208 1011 250 1037 est
263 1007 399 1037 Joannes
413 1004 597 1041 Curterius,
616 1004 670 1043 qui
691 1004 723 1033 in
747 1003 879 1042 epistola
901 1013 990 1043 quam
1003 1004 1178 1035 Parisiensi
1194 1005 1326 1036 editioni
1340 1008 1478 1047 pra’ﬁa‘it
1491 1030 1499 1045 ,
1516 1009 1665 1039 Joannem
1686 1010 1825 1050 Rupe/u-

207 1058 342 1089 naldium
358 1055 534 1097 alloquitur
548 1056 597 1087 his
612 1056 713 1086 verbis
731 1066 742 1086 :
757 1067 771 1083 α
787 1056 825 1086 Si
845 1056 877 1086 in
894 1056 983 1086 istam
1000 1057 1178 1088 Graecorum
1200 1057 1341 1088 historia:
1356 1059 1567 1091 ecclesiastica:
1580 1065 1743 1091 auctorum
1761 1062 1826 1092 edi-

206 1110 321 1139 tionem
337 1110 511 1138 intueamur
524 1127 532 1142 ,
557 1105 633 1146 quid
656 1115 689 1134 ea
716 1114 852 1144 unquam
875 1104 990 1135 editum
1006 1105 1230 1145 depravatius?
1249 1106 1286 1136 Id
1308 1116 1360 1146 ego
1379 1117 1456 1146 swpe
1480 1113 1550 1139 ante
1572 1119 1668 1140 annos
1687 1121 1752 1146 sese,
1771 1112 1826 1151 qui

206 1161 315 1191 Gra'ca
330 1160 394 1198 ejus
412 1157 540 1188 lectione
557 1156 724 1186 delectarer
738 1177 746 1190 ,
767 1165 835 1185 cum
851 1165 941 1185 essem
957 1161 1104 1195 expertus
1116 1179 1123 1193 ,
1141 1161 1168 1186 et
1194 1158 1344 1194 Rufinum
1365 1160 1454 1199 cujus
1472 1165 1606 1200 tempore
1628 1160 1765 1190 nondum
1781 1162 1825 1191 ita

206 1214 359 1248 corrupta
372 1209 470 1249 fuisse
497 1208 688 1247 exemplaria
712 1208 857 1238 credatur
874 1208 988 1248 facile,
1017 1208 1196 1240 Musculum
1215 1209 1343 1250 denique
1366 1212 1466 1250 ipsum
1490 1212 1522 1242 in
1545 1212 1710 1243 consilium
1735 1212 1825 1242 adhi-

205 1262 346 1299 buissem,
363 1266 484 1292 tantum
500 1262 582 1291 abest
600 1266 633 1290 ut
651 1269 757 1290 eorum
775 1260 972 1292 versionibus
990 1262 1047 1292 sim
1064 1261 1191 1302 adjutus
1204 1284 1212 1298 ,
1231 1267 1264 1291 ut
1285 1262 1374 1292 itlum
1391 1262 1485 1301 (quod
1502 1263 1610 1294 merito
1626 1263 1824 1302 reprehendit

205 1315 425 1353 Hieronymus)
443 1314 475 1344 in
491 1313 624 1344 Eusebio
641 1311 796 1343 reddendo
813 1322 926 1351 parum
942 1313 1059 1352 integre
1074 1323 1104 1343 se
1117 1313 1319 1352 prwstitisse;
1336 1318 1363 1344 et
1379 1314 1460 1344 hunc
1476 1323 1538 1344 non
1551 1319 1672 1344 tantum
1685 1314 1823 1350 mendosi

205 1367 391 1407 exemplaris
408 1365 507 1398 δνσκὶ
523 1365 568 1395 vel
583 1366 660 1396 leves
676 1374 796 1395 errores
813 1374 876 1395 non
893 1364 1157 1399 animadvertisse,
1175 1365 1227 1395 sed
1243 1374 1316 1395 suos
1333 1365 1364 1395 in
1390 1366 1560 1396 versionem
1575 1367 1728 1405 inﬁnitos,
1747 1375 1823 1406 par-

205 1420 259 1449 tim
277 1418 413 1457 ignavia,
429 1418 546 1456 partim
562 1415 597 1446 de
619 1415 792 1452 industria,
815 1419 849 1445 ut
866 1415 931 1444 suis
946 1414 1091 1453 partibus
1113 1415 1251 1454 faveret,
1274 1415 1426 1445 invexisse
1449 1415 1708 1455 deprehenderim.
1740 1428 1754 1444 ι
1783 1417 1823 1446 Et

203 1469 300 1509 paulo
325 1473 397 1507 post
418 1467 453 1497 de
480 1467 760 1505 Christophorsoni
784 1465 1042 1504 interpretatione
1067 1465 1112 1495 ita
1135 1465 1350 1504 pronuntiat:
1375 1465 1484 1505 «Ejus
1504 1466 1579 1496 libri
1596 1466 1822 1497 emendationes

206 1518 341 1549 utilitati
355 1517 488 1557 publica
504 1516 615 1546 tandiu
634 1525 697 1546 non
712 1515 911 1552 invidissem,
935 1515 999 1544 nisi
1020 1516 1206 1553 promissam
1231 1515 1511 1555 Christophorsoni
1536 1517 1823 1556 interpretationem

207 1570 297 1599 etiam
312 1568 548 1608 exspectandam
564 1568 757 1598 censuissem.
786 1566 953 1606 Sperabam
979 1567 1058 1596 enim
1074 1567 1148 1606 quia
1169 1567 1241 1597 bene
1260 1565 1383 1598 doctum
1406 1567 1558 1598 hominem
1581 1573 1608 1598 et
1634 1568 1822 1598 catholicum

206 1629 286 1655 esse,
304 1619 412 1650 deinde
433 1619 522 1650 bonis
548 1618 777 1658 exemplaribus
801 1618 942 1658 adjutum
963 1618 1061 1657 fuisse
1084 1618 1246 1648 audiebam
1260 1641 1268 1655 ,
1289 1629 1352 1650 non
1366 1619 1549 1659 prmclaram
1573 1620 1663 1650 modo
1682 1624 1708 1650 et
1724 1625 1823 1650 tutam

206 1672 375 1702 versionem
399 1669 535 1709 aliquam
554 1669 747 1705 emissurum,
761 1669 813 1699 sed
829 1670 860 1698 in
875 1669 1031 1708 publicati
1054 1668 1172 1700 codicis
1188 1670 1291 1700 Graeci
1316 1670 1554 1700 emendationem
1577 1670 1673 1710 (quod
1693 1670 1769 1700 solet
1785 1667 1822 1699 ab

205 1721 427 1761 interpretibus
445 1719 585 1750 omnibus
600 1728 664 1750 non
688 1719 802 1759 omitti)
822 1720 982 1750 variarum
1004 1719 1171 1750 lectionum
1196 1726 1222 1750 et
1251 1721 1479 1751 correctionum
1501 1720 1718 1752 adnotationes
1735 1722 1820 1760 adje-

205 1780 340 1806 cturum.
372 1775 479 1804 Verum
506 1773 597 1812 longe
620 1773 715 1803 aliter
735 1772 849 1803 accidit
866 1777 957 1812 atque
974 1773 1199 1812 exspectabam.
1226 1772 1386 1813 Siquidem
1405 1777 1438 1802 ut
1463 1773 1498 1803 de
1523 1774 1587 1812 ejus
1609 1773 1742 1804 editione
1764 1773 1822 1803 hoc

205 1827 306 1856 solum
318 1835 400 1856 nunc
416 1825 517 1855 dicam
529 1846 537 1859 ,
556 1824 640 1864 quod
653 1825 739 1864 piam
757 1824 879 1864 quidem
904 1830 931 1855 et
952 1814 1139 1855 catholicam
1152 1847 1161 1862 ,
1180 1825 1230 1854 sed
1247 1825 1421 1855 inchoatam
1441 1826 1549 1864 potius
1569 1834 1659 1865 quam
1684 1829 1822 1855 exactam

205 1883 259 1908 aut
275 1878 442 1916 perfectam
460 1875 567 1906 multis
585 1874 763 1905 rationibus
780 1875 865 1905 credi
889 1884 950 1914 par
968 1880 1030 1905 est:
1055 1876 1099 1905 sic
1119 1875 1283 1905 meliorum
1298 1875 1439 1906 codicum
1455 1876 1568 1916 quibus
1587 1876 1653 1915 ipse
1668 1885 1742 1906 usus
1759 1881 1821 1913 est,

206 1930 352 1968 exiguum
369 1932 422 1958 aut
438 1929 501 1968 fere
526 1927 648 1957 nullum
661 1927 802 1966 fructum
817 1926 858 1956 ad
871 1928 985 1956 multos
1006 1927 1108 1958 redire
1119 1926 1220 1964 video,
1238 1937 1306 1958 cum
1326 1932 1475 1967 quantum
1494 1938 1542 1958 eos
1559 1932 1681 1959 secutus
1697 1927 1744 1958 vel
1766 1929 1823 1958 im-

205 1984 333 2012 mutarit
356 1981 400 2011 vel
415 1980 586 2015 addiderit,
603 1979 670 2010 suis
688 1979 776 2015 locis,
794 1984 828 2009 ut
845 1979 969 2015 decuit,
986 1980 1049 2009 sive
1064 1979 1104 2009 ad
1129 1979 1311 2010 Graecorum
1329 1980 1575 2014 restitutionem,
1593 1981 1656 2010 sive
1679 1980 1720 2009 ad
1733 1980 1822 2018 ﬁdem

204 2032 341 2062 versioni
356 2041 418 2061 sum
433 2037 458 2061 et
474 2030 693 2060 auctoritatem
715 2028 955 2068 comparandam
966 2050 974 2065 ,
990 2036 1054 2058 non
1068 2029 1241 2058 admoneat.
1260 2039 1274 2057 ι
1293 2028 1405 2058 Petrus
1420 2037 1540 2067 quoque
1550 2026 1737 2057 Halloixius
1748 2051 1755 2063 ,
1773 2029 1824 2062 vii;

204 2083 236 2112 in
250 2082 362 2121 primis
377 2080 517 2111 eruditus
545 2088 580 2108 ac
606 2078 756 2116 diligens,
774 2078 806 2107 in
823 2082 904 2107 tomo
928 2077 961 2107 II
974 2100 981 2113 ,
1001 2086 1060 2116 quo
1081 2077 1254 2106 illustrium
1274 2076 1444 2106 Orientalis
1467 2075 1612 2105 Ecclesia:
1632 2076 1822 2114 scriptorum

205 2133 290 2164 Vitas
307 2131 485 2170 complexus
502 2134 556 2164 est,
579 2129 611 2158 in
625 2127 841 2158 natationibus
866 2128 906 2157 ad
935 2129 1031 2158 i'itam
1050 2128 1084 2157 S.
1109 2127 1300 2166 Hegesippi,
1324 2135 1393 2165 cap.
1417 2127 1448 2162 3,
1475 2127 1510 2155 de
1531 2126 1663 2155 Joannis
1679 2126 1822 2157 Christo.

201 2183 354 2226 phorsoni
376 2183 515 2212 versione
540 2180 617 2210 idem
643 2179 727 2220 quod
742 2180 906 2210 Curterius
932 2180 1024 2209 sentit
1053 2189 1061 2208 :
1086 2190 1100 2208 α
1129 2178 1192 2209 Uno
1219 2178 1332 2213 verba,
1357 2178 1483 2217 inquit,
1501 2187 1602 2208 omnes
1618 2180 1681 2219 fere
1702 2190 1823 2210 εννονεε

202 2230 493 2271 Christophorsoni,
509 2229 563 2269 qui
582 2233 652 2258 sunt
668 2237 730 2257 non
744 2229 863 2267 pauci,
881 2227 1035 2258 adiicerent
1059 2229 1147 2258 etiam
1169 2228 1306 2258 Baronio
1319 2249 1327 2263 ,
1354 2236 1420 2257 cum
1439 2227 1503 2266 ejus
1519 2237 1635 2267 semper
1650 2233 1761 2259 utatur
1790 2239 1822 2259 in

202 2285 328 2318 citando
345 2283 477 2314 Eusebio
494 2282 642 2312 versione.
660 2282 710 2311 Ita
741 2281 786 2319 fit,
807 2286 843 2311 ut
858 2280 931 2310 aliis
947 2281 1027 2310 alios
1043 2279 1237 2320 sequentibus
1251 2302 1259 2315 ,
1274 2288 1327 2308 nec
1347 2279 1447 2318 fontes
1473 2277 1596 2308 Graecos
1614 2279 1823 2309 examinanti-

201 2338 269 2373 bus,
285 2336 382 2376 primi
397 2334 532 2374 alicujus
550 2333 731 2373 interpretis
745 2342 866 2363 errores
881 2333 920 2362 ad
939 2332 1186 2372 quamplurimos
1204 2331 1374 2370 scriptores
1386 2352 1394 2368 ,
1414 2331 1470 2369 qui
1484 2330 1552 2359 sola
1566 2330 1714 2360 nituntur
1729 2331 1822 2369 prio-

201 2398 269 2419 rum
284 2387 484 2422 auctoritate,
501 2386 532 2415 in
548 2386 726 2415 immensum
742 2383 976 2424 diffundantur.
992 2384 1044 2414 Ea:
1061 2393 1121 2423 quo
1139 2383 1247 2418 etiam,
1263 2386 1380 2422 quanta
1395 2381 1436 2411 sit
1453 2381 1570 2419 lingme
1594 2380 1707 2411 erew
1721 2390 1822 2410 neces-

200 2443 289 2474 sitas,
309 2441 340 2470 in
352 2443 502 2479 promptu
517 2443 558 2467 est
575 2447 768 2477 cognoscere.
790 2449 802 2464 υ
822 2438 906 2467 Idem
921 2438 953 2468 in
975 2436 1078 2467 eodem
1095 2436 1216 2474 capite,
1231 2444 1304 2474 pag.
1321 2435 1399 2470 731,
1420 2433 1465 2463 ait
1481 2442 1512 2462 se
1531 2432 1659 2463 libenter
1674 2432 1823 2463 adnotare

202 2498 322 2520 errores
339 2489 392 2529 qui
408 2493 579 2518 occurrunt
595 2488 627 2517 in
642 2488 781 2517 versione
797 2485 1089 2525 Christophorsoni,
1105 2494 1142 2515 ne
1159 2485 1223 2525 ejus
1238 2484 1377 2514 versione
1392 2483 1520 2513 lectores
1534 2484 1566 2514 in
1582 2492 1715 2513 errorem
1731 2483 1822 2513 indu-

200 2546 323 2571 cantur.
341 2541 384 2571 Ac
399 2540 514 2570 malum
530 2539 652 2579 quidem
666 2539 768 2578 ipsum
781 2560 789 2574 ,
807 2541 842 2568 ut
863 2537 976 2568 videtis
989 2559 997 2573 ,
1018 2536 1111 2566 multi
1126 2536 1410 2566 animadverterunt
1424 2557 1432 2571 ,
1450 2533 1651 2572 damnumque
1667 2531 1749 2562 illud
1763 2542 1825 2572 ρα-

201 2591 313 2623 blicum
328 2592 484 2628 dolebant,
500 2591 584 2632 quod
597 2596 660 2621 tam
675 2590 768 2620 utiles
786 2589 987 2630 antiquitatis
1004 2588 1219 2619 ecclesiastica
1234 2587 1330 2623 libri,
1347 2590 1374 2616 et
1395 2585 1594 2616 scribentium
1615 2590 1641 2614 et
1665 2584 1823 2623 interpre-

201 2649 267 2675 tum
283 2643 375 2682 eulpa
389 2654 424 2674 ac
439 2643 628 2683 negligentia
644 2641 719 2671 adeo
736 2641 901 2680 depravati
919 2641 1106 2679 legerentur.
1124 2639 1261 2677 Quidam
1276 2639 1366 2669 etiam
1380 2646 1438 2676 pro
1454 2636 1544 2667 virili
1558 2640 1648 2675 parte
1659 2635 1824 2666 remedium

201 2694 344 2725 adhibere
356 2716 364 2728 ,
383 2696 475 2725 certis
498 2694 654 2724 duntaxat
673 2693 749 2723 locis
766 2696 974 2723 tentaverunt.
990 2692 1050 2723 Sed
1065 2701 1151 2722 neruo
1177 2691 1277 2722 adhuc
1303 2690 1425 2721 exstitit
1449 2690 1503 2729 qui
1519 2697 1630 2718 novam
1654 2687 1825 2718 Eusebiaui

201 2746 305 2785 operis
321 2745 485 2776 editionem
500 2745 800 2784 emendationemque
815 2744 984 2782 susciperet
998 2755 1007 2778 ;
1025 2753 1078 2774 seu
1093 2743 1177 2783 quod
1195 2743 1313 2772 laboris
1332 2739 1547 2780 magnitudine
1568 2739 1711 2778 plerique
1725 2738 1824 2767 deter-

201 2795 368 2828 rebantur;
392 2804 445 2824 seu
468 2794 551 2834 quod
569 2794 761 2833 scriptorum
778 2793 1002 2831 exemplarium
1015 2793 1108 2830 copia
1130 2798 1156 2822 et
1185 2793 1250 2821 otio
1268 2801 1304 2821 ac
1328 2790 1459 2830 reliquis
1486 2790 1635 2820 subsidiis
1654 2799 1719 2829 qua:
1733 2787 1775 2818 ad
1791 2789 1824 2818 id

202 2856 280 2886 opus
299 2847 468 2878 necessaria
484 2851 572 2884 sunt,
593 2846 845 2876 destituerentur.
864 2845 964 2875 Donec
980 2853 1044 2880 vos,
1061 2853 1119 2882 pro
1137 2849 1236 2874 vestro
1255 2844 1287 2874 in
1311 2843 1532 2880 rempublicam
1552 2843 1737 2874 litterariam
1760 2846 1824 2872 stu-
