1982 3159
157 167 195 194 15
213 151 216 154 Ι
655 166 790 194 VALl-ISII
810 167 977 195 EPISTULA
997 167 1280 196 NUNCL’PATORIA.
1470 171 1473 175 '
1751 169 1783 197 Η

157 225 227 261 dio,
246 224 280 255 id
294 234 371 264 opus
401 227 541 265 aggressi
557 227 640 262 estis,
656 234 824 266 notamque
839 227 1019 257 Eusebium
1040 228 1180 257 historiae
1197 227 1360 257 editionem
1386 228 1554 258 curandam
1577 233 1667 269 atque
1691 229 1786 260 ador-

155 273 295 304 nandum
319 275 395 305 mihi
420 276 618 306 commisistis
634 286 644 306 :
663 281 698 305 ut
723 277 836 307 amotis
861 278 1062 313 superiorum
1082 276 1255 307 editionum
1278 277 1370 307 vitiis
1387 282 1480 318 atque
1503 277 1786 317 mendis,planior

158 323 302 362 deinceps
318 326 368 355 via
395 324 435 354 ad
461 325 663 355 certissimam
684 334 790 354 rerum
818 325 1096 356 ecclesiasticarum
1119 326 1267 356 notitiam
1293 326 1464 357 lectoribus
1486 332 1685 359 sterneretur.
1715 329 1784 367 Quo

156 378 281 407 nomine
303 378 439 408 studiosi
464 381 544 407 certe
570 387 671 407 omnes
689 378 778 407 vobis
799 378 972 416 plurimum
989 379 1108 414 debent,
1126 387 1259 417 quorum
1278 379 1445 410 commodis
1459 381 1656 421 utilitatique
1674 387 1785 412 nostra

159 437 254 466 opera
269 428 445 458 consultatur:
461 438 524 458 esse
541 427 699 458 voluistis.
719 428 868 458 Caeterum
882 434 997 468 praeter
1012 429 1067 459 has
1086 440 1195 460 causas
1213 439 1291 470 quas
1300 431 1367 469 jam
1382 435 1626 466 commemoravi,
1648 441 1714 472 qua
1729 442 1783 462 vos

157 476 200 506 ad
211 485 322 506 novam
340 477 575 508 Ecclesiastictre
593 477 743 507 Historias
759 478 921 509 editionem
938 479 1147 516 impulerunt,
1163 479 1288 510 suberat
1302 480 1392 510 etiam
1408 480 1472 510 alia
1485 503 1494 516 ,
1516 489 1710 520 nequaquam
1722 503 1731 518 ,
1749 485 1784 511 ut

157 526 313 562 arbitror,
329 527 544 565 preetereunda
560 539 570 559 :
586 530 669 569 quod
683 531 803 561 scilicet
818 531 952 562 Eusebio
971 531 1006 562 de
1022 532 1110 562 vobis
1126 533 1220 572 deque
1245 532 1409 563 Gallicana
1427 528 1569 563 Ecclesia
1591 535 1703 572 optime
1727 539 1785 564 mel

157 578 222 607 rita
244 580 377 617 gratiam
394 581 509 619 referre
526 581 706 613 studuistis.
732 583 829 613 Nemo
847 588 927 613 certe
954 589 996 613 est
1022 594 1060 614 etc
1081 584 1223 624 antiquis
1242 584 1385 614 Ecclesia
1416 585 1625 624 scriptoribus
1650 586 1705 625 qui
1735 590 1780 616 tot

158 626 305 659 Ecclesiae
320 629 489 662 Gallicanae
512 631 636 664 laudes.
656 638 702 662 tot
719 634 857 673 insignia
880 639 972 674 atque
995 640 1174 665 ornamenta
1201 635 1332 673 scriptis
1351 635 1416 664 suis
1441 636 1627 666 intexuerit.
1651 634 1730 666 Nam
1755 636 1783 666 si

157 682 377 721 antiquitatem
391 689 519 722 spectes,
536 685 622 724 quod
641 687 839 725 pracipuum
854 688 1069 725 argumentum
1092 688 1135 727 est
1153 686 1352 722 nobilitatis,
1367 686 1418 717 hic
1436 690 1479 715 est
1496 687 1550 725 qui
1573 685 1762 716 Crescentem
1775 709 1783 720 ,

158 729 253 761 Pauli
275 733 414 771 apostoli
438 734 648 775 discipulum,
668 737 701 767 in
726 737 848 768 Gallias
872 739 989 768 venisse
1005 742 1153 774 testatur,
1178 738 1282 778 ibique
1311 738 1513 777 Ecangelium
1528 738 1727 777 preedicasse.
1750 737 1784 768 Si

156 784 336 814 antistitum
351 787 546 817 sanctitatem
561 789 802 828 contemplemur
822 800 857 819 ac
873 790 1061 827 doctrinam,
1081 791 1248 821 Pothinum
1266 791 1357 820 nobis
1374 794 1465 830 atque
1488 791 1638 821 Irenaeum
1657 790 1786 829 Lugdué

156 845 262 866 nenses
277 839 440 877 episcopos
460 842 593 880 profert.
613 836 752 878 Quarum
770 841 823 871 ille
845 852 914 872 cum
941 842 1110 873 Ecclesium
1129 852 1215 872 suam
1239 843 1364 883 optimis
1380 840 1528 881 exemplis
1542 846 1577 871 ac
1593 840 1785 870 documentis

156 886 334 918 diutissime
349 891 494 925 rexisset,
515 890 637 922 tandem
652 896 862 932 nonagenario
880 896 980 935 major
1001 897 1095 926 citam
1113 894 1236 926 illustri
1253 896 1407 935 martyrio
1426 891 1616 926 terminavit.
1632 893 1694 926 Hic
1708 905 1783 925 vero

155 937 231 976 fidei
250 938 438 971 Christiano:
455 946 591 972 assertor
607 942 819 982 fortissimus,
837 944 985 976 adversus
1004 956 1105 976 omnes
1128 947 1254 976 ha-reses
1276 938 1534 976 luculentissimis
1557 945 1649 976 libris
1680 946 1784 975 decer-

156 988 248 1018 tuvit.
266 989 336 1018 Jam
364 989 392 1019 si
410 995 583 1030 martyrum
598 988 820 1032 fortitudinem
840 1000 867 1025 et
890 997 1010 1026 sincera
1034 990 1208 1026 eorumdem
1232 996 1390 1036 passionis
1402 996 1481 1025 Acta
1501 994 1666 1028 desideres.
1693 990 1784 1024 nulla

155 1042 237 1068 certe
258 1039 398 1071 Ecclesia
427 1042 484 1071 hac
508 1043 541 1072 in
559 1052 592 1073 re
616 1044 728 1076 Gallice
750 1051 864 1076 nostra
888 1047 1083 1086 anteferendu
1106 1051 1162 1078 est.
1187 1041 1364 1086 Epistolam
1392 1047 1472 1076 enim
1502 1046 1717 1076 Viennensium
1746 1045 1783 1075 a'c

154 1087 410 1127 Lugdunensium
425 1092 530 1122 statim
552 1095 764 1133 proferemus,
786 1096 870 1136 quod
886 1097 1129 1136 pulcherrimum
1149 1096 1192 1127 est
1211 1102 1304 1135 atque
1323 1097 1565 1128 vetustissimum
1594 1098 1695 1128 totius
1718 1098 1780 1128 Ec-

155 1137 254 1168 clesiee‘
270 1139 301 1168 iri
318 1140 376 1170 hoc
394 1151 503 1180 genere
519 1152 758 1178 monumentum.
786 1149 829 1178 De
843 1149 933 1189 cujus
958 1150 1103 1180 laudibus
1120 1159 1189 1179 cum
1210 1149 1309 1179 multa
1327 1149 1394 1188 jam
1422 1148 1506 1179 dicta
1531 1150 1594 1179 sint
1618 1159 1637 1178 a
1656 1147 1781 1191 multis,

154 1195 241 1217 nemo
260 1193 360 1220 tamen
373 1201 434 1230 pro
451 1193 541 1225 illius
559 1195 714 1236 dignitate
727 1198 873 1229 hactenus
889 1204 932 1230 est
951 1199 1086 1231 locutus.
1103 1199 1187 1230 Adeo
1203 1199 1267 1239 ejus
1282 1198 1422 1238 epistolae
1449 1199 1592 1244 meritum
1607 1208 1642 1229 ac
1657 1199 1782 1239 pondus

155 1250 273 1272 omnem
299 1244 424 1277 dicendi
439 1252 500 1278 vim
517 1255 655 1289 superat.
672 1253 771 1289 Atque
802 1253 835 1283 id
850 1254 1031 1293 fatebuntur
1048 1254 1222 1293 quicunque
1239 1262 1302 1283 eam
1319 1251 1431 1291 stepius
1453 1249 1595 1288 legerint.
1623 1249 1690 1286 Quo
1708 1249 1781 1289 plus

156 1293 237 1322 enim
261 1293 388 1333 legitur,
411 1307 443 1328 eo
459 1309 577 1339 semper
591 1301 715 1332 videtur
731 1313 793 1332 esse
806 1305 1020 1342 praestantior.
1038 1304 1106 1334 Hoc
1122 1313 1193 1333 vero
1219 1307 1281 1332 tam
1297 1302 1416 1340 insigne
1431 1299 1577 1330 Ecclesia
1594 1300 1701 1331 cestr'te
1718 1306 1781 1330 ηιυι

153 1348 332 1374 numentum
348 1347 404 1376 uni
420 1348 554 1380 Eusebio
573 1355 732 1391 acceptum
752 1354 834 1392 ferre
850 1353 999 1385 debemus.
1018 1354 1080 1391 Qui
1101 1354 1164 1384 nisi
1194 1352 1412 1383 Historiarum
1435 1354 1564 1380 suarum
1588 1345 1680 1381 libris
1698 1351 1781 1381 illud

154 1395 351 1434 intexuisset,
369 1404 454 1431 tanto
470 1403 672 1443 antiquitatis
695 1406 908 1438 ecclesiasticte
926 1409 1070 1438 thesauro
1086 1417 1168 1437 nunc
1183 1408 1317 1449 fortasse
1333 1413 1516 1437 careremus.
1540 1398 1632 1440 Quod
1656 1403 1684 1433 si
1708 1399 1780 1442 ﬁdei

153 1448 320 1480 sinceritas
334 1461 369 1482 ac
383 1453 571 1492 simplicitas
585 1462 757 1496 quaeratur,
776 1459 886 1489 Gallos
900 1463 1025 1490 nostros
1041 1459 1194 1490 Eusebius
1211 1460 1243 1490 in
1266 1452 1315 1489 his
1333 1457 1423 1488 libris
1438 1450 1509 1485 hinc
1525 1454 1682 1494 praecipue
1697 1464 1780 1484 com-

153 1500 275 1530 mendat
289 1511 299 1531 :
316 1502 389 1533 dum
403 1505 448 1534 ait
466 1507 709 1544 persecutionem
726 1508 913 1540 Diocletiani
929 1510 961 1539 in
977 1503 1155 1539 Occidentis
1177 1501 1322 1549 partibus
1338 1517 1373 1538 ac
1400 1501 1573 1546 pressertim
1601 1505 1632 1534 in
1650 1503 1756 1534 Gallia
1770 1538 1779 1550 '

153 1550 217 1579 cito
234 1560 294 1581 esse
309 1562 532 1594 compressam,
554 1558 614 1588 Deo
639 1559 706 1590 illis
732 1565 863 1600 propter
887 1561 959 1600 ﬁdei
977 1562 1187 1592 sinceritatem
1209 1551 1373 1599 benignius
1392 1557 1582 1596 indulgente.
1602 1557 1674 1586 Jdm
1692 1559 1777 1605 vero,

154 1608 221 1650 qua?
234 1601 380 1633 Ecclesiae
394 1604 562 1650 Gallicana:
578 1617 642 1638 non
656 1614 813 1648 postrema
829 1610 898 1641 laus
913 1615 955 1642 est
967 1634 976 1648 ,
993 1615 1175 1650 perpetuam
1192 1611 1355 1650 illiusjam
1371 1608 1441 1639 inde
1459 1618 1477 1638 a
1495 1608 1609 1646 primis
1627 1601 1776 1648 tempori-

154 1649 211 1678 bus
225 1659 292 1679 cum
309 1651 377 1682 sede
390 1648 530 1685 Romana
545 1658 784 1695 consensionem,
804 1659 836 1689 in
854 1660 902 1690 his
916 1659 1046 1692 Eusebii
1062 1659 1152 1689 libris
1174 1667 1236 1688 non
1252 1657 1341 1687 semel
1358 1658 1428 1689 licet
1447 1661 1681 1700 deprehendere.
1707 1662 1779 1692 Pri-

153 1712 235 1732 mum
252 1704 373 1743 quidem
401 1707 435 1737 in
458 1709 591 1747 epistola
607 1717 780 1750 martyrum
797 1711 1061 1752 Lugdunensium,
1093 1721 1184 1751 quam
1213 1711 1275 1747 illi,
1292 1710 1392 1742 adhuc
1413 1713 1447 1741 in
1470 1712 1591 1742 carcere
1609 1712 1721 1750 positi,
1738 1713 1779 1742 ad

153 1755 352 1803 Eleutherum
367 1759 574 1799 scripserunt,
591 1767 665 1794 tunc
683 1764 824 1794 Romanae
839 1764 926 1794 urbis
943 1766 1140 1804 episcopum;
1156 1773 1227 1793 nam
1247 1772 1316 1793 Cum
1331 1763 1444 1793 Αείσηί
1463 1763 1579 1793 “ueri-9
1594 1764 1636 1793 ad
1653 1763 1779 1803 Lug‘h“

153 1806 254 1835 nensis
270 1806 416 1838 Ecclesia
428 1809 542 1849 fratres
559 1811 642 1840 datis
656 1821 706 1841 eos
722 1812 964 1849 consuluissent,
977 1811 1053 1851 quid
1067 1810 1259 1841 sentiendum
1273 1814 1348 1840 esset
1368 1808 1403 1840 de
1417 1820 1498 1841 nova
1513 1812 1694 1851 prophetia,
1711 1810 1778 1851 quis

156 1861 229 1887 tunc
245 1859 328 1897 apud
344 1859 513 1900 Phrygiam
531 1871 634 1892 recens
651 1868 763 1893 exorta
778 1863 981 1902 gravissimos
999 1863 1153 1893 tumultus
1170 1871 1226 1902 per
1242 1866 1337 1892 totam
1353 1861 1459 1892 Asiam
1483 1864 1657 1900 excitarat,
1676 1855 1779 1894 Galli-

156 1908 228 1937 cani
243 1915 392 1948 martyres
407 1920 469 1941 rem
484 1911 525 1941 ad
549 1911 750 1942 Eleutherum
775 1910 951 1942 detulerunt
966 1935 973 1947 ,
991 1916 1026 1942 ut
1051 1912 1116 1952 ejus
1134 1908 1319 1946 interventu,
1337 1910 1427 1951 cujus
1454 1914 1486 1943 in
1505 1913 1644 1944 Ecclesia
1660 1915 1777 1944 summa

155 1964 220 1989 erat
238 1963 428 2001 auctoritas,
451 1973 519 2002 pax
533 1964 660 1993 Asianis
676 1965 903 1995 restitueretur.
923 1965 1062 1994 Alterum
1082 1964 1176 2003 hujus
1201 1963 1376 1994 concordiis
1400 1963 1573 2003 exemplum
1593 1963 1776 2002 suppeditat

153 2011 291 2050 synodus
309 2012 485 2050 Gallicana,
506 2015 538 2045 in
561 2024 622 2055 qua
638 2018 774 2046 Irenaeus
800 2026 861 2046 una
884 2026 951 2046 cum
968 2015 1115 2055 pluribus
1132 2015 1308 2045 Galliarum
1324 2016 1498 2054 episcopis,
1526 2015 1662 2045 Victoris
1687 2016 1777 2054 papas

154 2065 311 2095 sententiis
329 2065 364 2095 de
382 2066 586 2098 celebratione
597 2069 669 2108 [esti
688 2068 857 2104 Paschalis,
875 2064 912 2099 ab
927 2068 1061 2099 Eusebio
1081 2068 1203 2098 dicitur
1218 2067 1450 2106 subscripsisse.
1469 2064 1552 2095 Idem
1573 2074 1694 2105 quoque
1711 2065 1776 2095 Ire-‘

153 2123 236 2146 naue
253 2117 402 2151 adversus
431 2118 591 2149 Florinum
615 2121 671 2159 qui
696 2120 866 2150 Ecclesium
894 2121 1059 2150 Romanam
1085 2120 1265 2164 pernicioso
1285 2115 1448 2149 schismate
1472 2115 1632 2151 turbabat,
1648 2116 1776 2156 fortiter

155 2166 340 2200 insurrexit.
356 2170 566 2201 Pra’lermitto
585 2170 750 2205 Reticium.
770 2170 945 2200 Maternum
960 2179 995 2200 ac
1013 2161 1186 2205 Marinum,
1204 2161 1316 2200 Gallice
1335 2169 1509 2208 episcopos,
1531 2167 1587 2207 qui
1612 2169 1680 2197 'c'um
1699 2167 1776 2196 Mil-

155 2218 236 2247 tiade
247 2228 332 2258 papa
352 2222 385 2250 in
400 2221 518 2259 synodo
539 2220 680 2250 Romana
697 2219 881 2256 residentes,
896 2229 988 2250 unum
1014 2229 1082 2250 cum
1109 2214 1165 2249 illo
1190 2219 1339 2249 adversus
1364 2215 1521 2249 Donatum
1537 2218 1634 2248 tulere
1651 2222 1776 2248 senten-

153 2267 236 2298 tiam.
256 2268 332 2298 Cum
349 2270 450 2308 igitur
473 2275 518 2301 tot
535 2276 688 2311 tantaque
714 2272 885 2302 Gallicana}
903 2265 1047 2302 Ecclesia?
1070 2272 1177 2302 laudes
1200 2272 1237 2302 ab
1262 2272 1396 2302 Eusebio
1422 2274 1664 2301 commemorata:
1690 2269 1774 2303 sint,

151 2321 264 2349 nemini
279 2321 392 2350 mirum
409 2322 511 2353 videri
526 2323 623 2358 debet,
640 2324 668 2353 si
683 2333 741 2363 pro
758 2325 855 2353 tantis
871 2328 1099 2354 antecessorum
1117 2329 1292 2354 vestrorum
1304 2325 1473 2364 prtc'coniis
1494 2324 1571 2355 hanc
1591 2324 1618 2354 ei
1640 2323 1775 2362 gratiam

152 2372 264 2410 referre
275 2372 456 2411 studuistis,
469 2379 502 2404 ut
525 2368 748 2406 Ecclesiastica
765 2376 830 2416 ejus
847 2376 989 2406 Historia
1006 2385 1097 2415 quam
1111 2376 1181 2415 ﬁeri
1194 2383 1295 2415 posset
1314 2374 1561 2407 emendatissimo
1575 2376 1666 2415 atque
1681 2377 1775 2405 orna:

153 2421 282 2458 tissima,
302 2423 413 2453 vestris
428 2426 580 2464 auspiciis
597 2427 739 2456 ederetur
755 2426 787 2456 in
802 2425 912 2456 lucem.
930 2423 1029 2463 Quam
1054 2426 1085 2455 in
1102 2433 1164 2456 rem
1183 2435 1252 2456 cum
1272 2428 1316 2455 me
1331 2435 1425 2455 unum
1440 2436 1478 2456 ea:
1496 2425 1636 2457 omnibus
1652 2424 1772 2463 delege-

152 2472 235 2508 ritis,
253 2473 390 2512 equidem
405 2470 578 2515 plurimum
601 2471 689 2509 vobis
715 2488 747 2508 eo
771 2469 896 2508 nomine
918 2488 963 2508 me
986 2477 1092 2508 debere
1108 2478 1280 2517 proﬁteor,
1308 2478 1362 2517 qui
1388 2476 1424 2506 de
1446 2486 1490 2506 me
1517 2473 1579 2506 tam
1605 2475 1774 2514 honoriﬁce

155 2523 319 2554 'enseritis.
339 2521 485 2565 Intelligo
502 2531 602 2558 tamen
618 2533 768 2567 quantum
787 2528 863 2558 mihi
878 2537 896 2557 a
910 2519 998 2558 vobis
1026 2536 1106 2557 onus
1123 2528 1164 2558 sit
1182 2527 1363 2566 impositum
1384 2538 1394 2556 :
1420 2531 1453 2556 ut
1470 2530 1541 2565 post
1567 2530 1629 2555 tres
1646 2525 1773 2556 Latinos

153 2574 332 2614 interpretes
347 2583 480 2617 quartus
503 2581 568 2619 ipse
582 2580 768 2620 procedam.
797 2584 824 2610 et
846 2580 976 2610 eamdem
1001 2590 1070 2610 cum
1098 2575 1165 2610 illis
1184 2570 1431 2610 existimationis
1446 2578 1542 2608 aleam
1553 2577 1687 2607 subeam.
1712 2576 1774 2609 Sed

150 2626 295 2662 quoniam
309 2627 382 2658 huic
404 2629 558 2661 desiderio
583 2635 683 2661 vestro
708 2640 742 2661 ac
767 2631 913 2661 mandato
931 2631 1088 2670 refragari
1113 2631 1199 2670 nefas
1224 2630 1300 2660 mihi
1322 2631 1384 2670 fuit
1399 2651 1407 2663 ,
1433 2629 1516 2660 hunc
1545 2628 1682 2658 laborem
1706 2631 1773 2658 tum

148 2682 259 2714 vestra,
288 2684 353 2710 tum
371 2682 501 2713 Eusebii
525 2693 620 2713 causa
638 2683 837 2714 libentissime
861 2683 1006 2722 suscepi,
1023 2691 1198 2722 omnemque
1220 2682 1253 2712 in
1274 2680 1460 2712 emendando
1484 2683 1511 2710 et
1538 2679 1771 2720 interpretando

148 2721 317 2759 molestiam
334 2725 486 2761 diuturna
513 2724 666 2772 patientia
691 2732 839 2763 concoxi.
869 2732 937 2762 Alii
958 2732 1081 2772 quidem
1102 2736 1129 2761 et
1156 2728 1281 2771 ingenio
1307 2731 1334 2760 et
1360 2726 1506 2760 doctrina
1529 2731 1770 2766 instructiores;

146 2777 238 2816 plura
258 2781 284 2811 ei
302 2781 432 2812 meliora
445 2775 651 2822 prtestubunt.
671 2784 736 2822 Ego
755 2782 787 2814 id
801 2784 950 2822 perﬁcere
965 2786 1096 2813 conatus
1111 2787 1189 2819 sum,
1205 2792 1242 2812 ne
1258 2783 1328 2822 quis
1348 2782 1380 2812 in
1393 2777 1451 2812 hoc
1468 2791 1560 2822 opere
1575 2781 1773 2821 diligentiam

146 2838 236 2862 meam
246 2833 323 2872 jure
338 2835 447 2865 merito
466 2833 665 2865 desideraret.
687 2835 780 2873 Quod
795 2835 916 2875 quidem
934 2836 1038 2865 utrum
1057 2837 1239 2865 consecutus
1261 2834 1317 2863 sim
1331 2855 1339 2869 ,
1369 2843 1423 2863 cos
1438 2855 1446 2867 ,
1473 2833 1684 2863 iltuslrissimi
1711 2832 1773 2862 Αηε

146 2880 266 2921 tistites,
285 2893 346 2923 pro
364 2885 466 2915 vestra
486 2885 631 2925 (equitate
652 2885 852 2924 judicabitis.
872 2885 1023 2916 Caeterum
1039 2883 1067 2916 si
1085 2884 1165 2915 hunc
1180 2894 1197 2915 a
1216 2894 1258 2915 me
1275 2889 1450 2924 susceptum
1477 2888 1569 2925 atque
1585 2883 1771 2914 exhaustum
