1982 3159
183 153 217 180 ιδ
816 153 948 181 vacas"
969 153 1169 181 PREFATIO.
1751 143 1756 147 ’
1773 155 1806 182 is

182 209 316 240 laborem
339 210 427 241 vobis
453 210 609 249 placuisse
633 204 836 246 intellexero,
860 212 1056 251 promptiore
1081 212 1222 251 deinceps
1249 215 1277 242 et
1306 211 1463 242 alacriore
1489 222 1590 242 animo
1613 212 1807 252 reliquorum

182 261 394 292 ccclesiastiw
408 262 549 293 historia
564 264 757 302 scriptorum
772 263 938 293 editionem
953 264 1133 302 aggrediar,
1149 264 1297 304 vobisque
1311 264 1487 303 [eventibus
1505 263 1583 294 idem
1598 265 1630 294 in
1645 264 1710 294 iliis
1723 263 1808 304 quod

182 314 214 344 in
229 313 361 344 Eusebio
378 319 529 353 prostare
544 315 693 346 conabar.

970 367 1161 396 lllustrissima:
1181 376 1212 395 ac
1231 368 1476 396 Revercndissimre
1491 369 1522 395 D.
1544 368 1575 396 ν.
1593 366 1806 400 addictissimus,

1195 426 1330 453 Hexmcus
1348 425 1489 453 VALESIUS.

1620 513 1791 523 ____..__

251 596 299 624 AD
319 595 468 624 EOSDEM
490 595 804 624 ILLUSTRISSIMOS
824 594 1059 627 ANTISTITES,
1082 595 1130 622 DE
1151 594 1252 623 NOVA
1274 594 1504 623 EUSEBIAN/E
1527 594 1719 624 IIISTORUE

787 652 974 680 EDITIOA‘E
992 651 1204 681 PRASFATIO.

975 735 1012 742 ν...

224 805 354 836 Peracto
376 803 531 835 solemnis
555 803 807 842 nuncupationis
833 803 957 840 ofﬁcio,
981 802 1047 843 jam
1073 807 1199 842 tempus
1226 807 1295 839 est,
1325 803 1537 835 illustrissimi
1563 804 1752 840 Antislites,
1773 806 1807 835 ut

184 855 291 895 operis
321 855 383 885 mei
413 854 601 894 singillatim
635 855 728 886 vobis
757 856 914 886 rationem
947 856 1089 886 reddam.
1117 856 1196 886 Cum
1230 857 1316 887 enim
1343 860 1447 887 vestra
1480 855 1683 894 potissimum
1711 862 1807 886 cmisa

185 911 356 945 vestroque
381 905 474 944 iussu
506 905 557 936 hic
586 914 601 936 a
630 914 680 936 me
707 911 879 945 susceptus
901 906 941 936 sit
971 906 1080 942 labor,
1108 913 1166 936 vos
1196 915 1260 940 prie
1286 907 1408 936 caeteris
1433 906 1584 936 omnibus
1610 906 1717 944 operis
1745 903 1806 934 [Πελὶ

183 957 316 987 lectores
336 965 371 986 ac
385 955 512 995 judices
529 959 559 986 et
583 959 658 992 opto
677 955 773 986 simul
801 959 831 987 et
855 964 961 994 spero.
980 956 1050 987 Tria
1072 960 1145 987 sunt
1161 957 1258 995 igitur
1275 966 1346 996 quae
1372 957 1401 986 in
1423 956 1480 988 hac
1497 956 1642 986 editione
1660 959 1809 994 prieslaro

183 1007 306 1037 studui.
333 1006 473 1036 Primum
499 1009 547 1035 est
570 1005 670 1035 (Irasci
698 1008 806 1036 textus
833 1006 1032 1043 emendatio;
1054 1007 1232 1038 secundum
1264 1007 1373 1037 Latina
1401 1006 1544 1045 ejusdem
1573 1005 1808 1045 interpretatio,

186 1058 314 1088 tertium
342 1060 389 1087 est
416 1055 575 1095 expositio
593 1057 817 1088 obscuriorum
840 1056 994 1089 locorum.
1013 1057 1050 1088 Et
1076 1058 1220 1089 Latinam
1247 1058 1380 1097 quidem
1406 1057 1701 1096 interpretationem
1722 1057 1808 1096 quod

185 1107 308 1144 attinet,
331 1111 400 1146 post
420 1111 483 1137 tres
501 1105 691 1137 Eusebianos
709 1106 863 1138 Historiae
881 1107 1086 1146 interpretes,
1105 1107 1174 1147 ipse
1191 1113 1335 1148 quartam
1353 1107 1527 1139 elaboravi.
1546 1108 1807 1138 linmmlationem

186 1167 261 1189 vero
286 1162 384 1197 atque
409 1156 645 1194 expositionem
676 1156 853 1187 Euscbiani
879 1157 1009 1196 operis,
1033 1165 1126 1187 nemo
1157 1161 1230 1188 ante
1261 1166 1319 1187 nos
1351 1160 1541 1187 tcnlaverat.
1569 1158 1686 1186 Verum
1715 1160 1745 1187 ut
1769 1156 1809 1187 de

186 1209 324 1249 singulis
359 1217 419 1239 suo
446 1208 516 1238 loco
540 1211 635 1247 atque
660 1209 773 1238 ordine
796 1208 980 1239 distinctius
1005 1208 1124 1246 dicam,
1141 1209 1247 1239 ordiar
1263 1209 1399 1249 primum
1419 1209 1457 1240 ab
1476 1208 1713 1239 emendatione.
1731 1209 1809 1245 Qui-

183 1269 313 1300 cunque
329 1267 442 1290 novam
462 1262 605 1288 veterum
624 1258 815 1298 scriptorum
837 1259 1012 1290 editionem
1029 1259 1278 1298 aggrediuntur,
1304 1259 1326 1289 ii
1350 1268 1482 1289 necesse
1499 1259 1617 1290 habent
1637 1259 1675 1289 ab
1693 1268 1807 1289 emen-

183 1313 314 1343 datione
338 1310 468 1340 initium
495 1309 613 1340 laboris
637 1311 687 1341 sui
711 1311 840 1342 ducere.
861 1310 911 1341 Sic-
934 1309 1095 1348 Origenes
1118 1319 1190 1341 cum
1220 1319 1333 1341 nevam
1356 1311 1564 1350 Septuaginta
1594 1311 1808 1350 Interpretum

183 1363 360 1394 editionem
379 1359 593 1398 suscepisset,
619 1361 785 1399 multaque
804 1360 834 1389 in
856 1360 896 1390 iis
914 1359 1010 1390 dubia
1027 1369 1063 1390 ac
1080 1360 1282 1391 dissonantia
1310 1361 1350 1390 oh
1369 1360 1555 1391 varietatem
1579 1361 1808 1400 exemplarium

185 1415 376 1454 reperisset,
396 1413 427 1443 in
448 1420 559 1442 eorum
589 1410 817 1441 emendatione
840 1410 980 1448 primum
1002 1410 1174 1447 laboravit;
1204 1415 1236 1442 et
1260 1411 1384 1441 collatis
1409 1411 1612 1450 Septuaginta
1637 1412 1807 1442 Seniorum

185 1464 425 1505 exemplaribus
450 1463 564 1501 partim
584 1470 655 1491 cum
682 1461 844 1492 Hebraico
866 1465 953 1491 textu
968 1484 976 1496 ,
999 1462 1113 1500 partim
1136 1471 1207 1492 cum
1229 1462 1330 1492 tribus
1349 1462 1420 1493 aliis
1445 1462 1664 1498 cditionibus,
1685 1463 1809 1502 Aquila!

186 1518 327 1552 scilicet,
354 1511 588 1544 Theodotionis
614 1517 644 1541 et
673 1510 877 1550 Symmachi,
904 1519 1032 1542 errores
1059 1511 1116 1551 qui
1146 1513 1178 1543 iu
1210 1513 1412 1551 Septuaginta
1438 1513 1607 1543 Seniornm
1634 1514 1808 1556 editionem

185 1567 396 1605 irrepserant,
422 1570 537 1593 omnes
563 1561 706 1592 sustulit;
734 1561 821 1591 Idem
855 1562 940 1592 enim
966 1562 1034 1601 ipse
1059 1563 1164 1594 innuit
1198 1563 1229 1594 in
1255 1567 1386 1594 tractatu
1415 1573 1468 1594 VIII
1504 1565 1536 1594 in
1558 1565 1736 1595 Mattha'um
1760 1566 1810 1597 his

188 1617 326 1650 verbis:
356 1626 369 1642 α
391 1615 425 1644 1η
452 1612 691 1650 exemplaribus
722 1611 854 1652 quidem
880 1612 1008 1642 Veteris
1035 1613 1231 1644 Testamenti
1261 1623 1463 1653 quaecunque
1495 1615 1626 1645 fuerunt
1657 1616 1810 1647 inconso-

183 1669 311 1704 nantia,
335 1667 401 1697 Deo
418 1666 600 1705 praestante,
618 1667 765 1702 coaptare
778 1663 964 1700 potuimus;
979 1668 1104 1694 utentes
1116 1664 1241 1702 judicio
1258 1669 1441 1695 rasterarum
1459 1665 1650 1695 editionum.
1664 1666 1707 1696 Ea
1723 1669 1809 1697 enim

185 1730 258 1761 quas
285 1719 476 1750 videbantur
502 1715 585 1754 apud
616 1715 824 1754 Septuaginta
852 1715 949 1745 dubia
981 1724 1052 1746 esse
1082 1719 1211 1754 prOpter
1239 1717 1485 1748 consonantiam
1514 1717 1782 1755 exemplariorum
1800 1741 1808 1754 ,

185 1771 339 1803 facientes
363 1767 522 1808 judicium
541 1774 579 1797 ex
596 1765 795 1796 editionibus
813 1765 972 1804 reliquis,
997 1766 1226 1796 convenientia
1252 1767 1463 1796 servavimus.
1482 1777 1496 1794 ιν
1526 1766 1677 1804 Origenis
1702 1777 1812 1798 exem-

187 1823 274 1862 plum
302 1823 433 1851 secutus
461 1821 568 1857 postea
596 1817 631 1848 Β.
656 1817 894 1856 Hieronymus,
923 1825 1037 1847 novam
1067 1817 1242 1849 editionem
1271 1818 1475 1856 Septuaginta
1498 1819 1714 1858 lnterpretum
1737 1829 1753 1850 a
1776 1828 1811 1849 se

186 1873 404 1910 emendatam“
424 1874 456 1901 et
473 1869 637 1900 asteriscis
653 1869 821 1909 obelisque
836 1869 1021 1900 distinctam
1043 1878 1110 1900 sum
1134 1870 1251 1908 linguae
1271 1870 1459 1901 hominibus
1479 1871 1588 1908 dedit,
1613 1871 1696 1901 sicut
1714 1872 1810 1902 variis

186 1927 218 1957 in
238 1925 315 1956 locis
332 1925 402 1963 ipse
418 1925 564 1954 testatur.
582 1920 687 1958 Atque
712 1923 745 1949 ut
765 1918 805 1949 de
831 1918 974 1958 profanis
995 1918 1208 1957 scriptoribus
1229 1919 1323 1949 etiam
1345 1919 1479 1958 loquar,
1504 1919 1611 1950 Crates
1628 1923 1657 1950 et
1673 1920 1811 1950 Aristar—

186 1978 286 2012 chus,
312 1973 533 2014 grammatici,
559 1970 615 2010 qui
641 1968 900 2000 accuratissimas
923 1968 1088 1998 Homerici
1116 1968 1268 1999 carminis
1296 1969 1457 1999 editiones
1481 1969 1702 2004 elaborarunt,
1731 1970 1809 1999 nihil

186 2028 271 2060 aliud
297 2028 364 2059 fere
387 2034 484 2066 quam
507 2022 766 2055 emendationem
792 2021 1100 2060 distiuctionemque
1126 2020 1212 2050 illius
1240 2020 1347 2058 operis
1371 2019 1600 2059 praestiterunt.
1624 2020 1694 2049 Pari
1713 2019 1812 2058 igitur

187 2080 282 2112 modo
298 2086 370 2109 cum
394 2076 582 2107 Eusebiana:
603 2074 755 2105 Historia;
773 2081 889 2104 novam
909 2073 1086 2104 editionem
1102 2072 1241 2104 condere
1261 2073 1476 2103 instituissem
1490 2095 1498 2109 ,
1515 2071 1548 2101 in
1569 2072 1639 2111 ejus
1657 2075 1811 2103 emenda-

190 2131 279 2162 tione
305 2136 432 2159 omuem
464 2125 654 2155 industriam
687 2133 724 2154 ac
754 2123 953 2162 diligentiam
982 2123 1131 2154 adhibui.
1157 2123 1323 2154 Editiones
1350 2124 1539 2155 Eusebiana:
1567 2125 1714 2155 Historiae
1740 2126 1812 2155 dua:

188 2186 312 2213 tantum
335 2179 491 2210 hactenus
508 2177 615 2207 Greece
633 2175 821 2213 prodierunt
839 2186 845 2205 :
865 2175 961 2206 altera
983 2175 1191 2212 Parisiensis,
1213 2183 1307 2214 quam
1326 2175 1484 2206 Rnbertus
1505 2175 1684 2214 Stephanus
1708 2184 1809 2206 excu—

186 2235 253 2273 dit;
271 2233 318 2264 vir
332 2233 372 2264 de
390 2230 504 2262 litteris
521 2237 559 2259 eo
575 2229 709 2259 nomine
726 2228 848 2267 optime
865 2229 1000 2259 meritus
1012 2249 1020 2264 ,
1039 2229 1125 2267 quod
1147 2236 1262 2266 corpus
1281 2227 1423 2258 historias
1439 2227 1663 2259 ecclesiasticae
1680 2227 1809 2265 elegan-

189 2286 324 2318 tissimis
341 2284 424 2324 typis
443 2282 565 2322 primus
584 2280 756 2320 publicavit
771 2291 779 2317 ;
792 2281 890 2311 altera
907 2284 955 2311 est
973 2281 1176 2311 Genevensis
1193 2281 1305 2311 editio.
1320 2281 1441 2311 Verum
1459 2280 1525 2310 hanc
1541 2280 1572 2309 in
1592 2279 1702 2310 Graeco
1719 2283 1808 2310 textu

186 2339 362 2370 editionem
383 2336 467 2367 illam
491 2333 620 2365 Roberti
639 2333 790 2372 Stephani
810 2333 933 2372 ubique
954 2334 1134 2371 expressit,
1154 2332 1216 2364 nisi
1237 2334 1324 2373 quod
1344 2334 1446 2365 varias
1471 2333 1629 2363 lectiones
1649 2337 1679 2363 et
1697 2341 1809 2362 θωρη-

186 2388 332 2419 dntiones
346 2386 384 2417 ad
405 2386 486 2416 latus
507 2383 602 2415 habet
619 2385 780 2424 appositas
795 2394 834 2416 ex
851 2385 1016 2416 codicibus
1031 2385 1198 2416 doctorum
1216 2385 1378 2422 virorum;
1406 2389 1436 2416 et
1453 2384 1583 2416 lacunas
1602 2384 1725 2422 aliquot
1740 2392 1812 2422 quae

186 2439 220 2470 in
249 2437 339 2469 libris
364 2436 408 2466 De
426 2435 491 2465 vita
515 2435 717 2465 Constantini
740 2439 936 2471 occurrunt,
953 2444 990 2465 ex
1016 2435 1130 2465 iisdem
1155 2435 1320 2466 codicibus
1345 2435 1518 2474 Supplevit.
1538 2435 1674 2466 Proinde
1698 2435 1728 2464 in
1749 2444 1810 2465 una

187 2492 341 2523 duntaxat
362 2489 492 2520 Ruberli
519 2485 670 2524 Stephani
692 2485 839 2517 editione
866 2485 944 2515 mihi
972 2485 1183 2516 laberandum
1207 2484 1279 2516 fuit.
1296 2486 1398 2522 Quam
1424 2486 1554 2526 quidem
1579 2494 1650 2517 cum
1671 2490 1811 2524 quatuor

187 2542 415 2581 manuscriptis
443 2539 572 2580 Optimae
606 2541 688 2568 noue
719 2537 885 2568 codicibus
913 2542 1034 2577 quanta
1066 2537 1155 2577 potui
1186 2537 1353 2577 diligentia
1385 2539 1558 2575 collatam,
1592 2538 1702 2569 multis
1732 2537 1812 2569 locis

189 2596 327 2627 restitui.

229 2648 350 2678 Horum
367 2650 506 2685 quatuor
523 2643 669 2675 codicum
689 2644 772 2674 duos
793 2644 887 2674 nobis
907 2643 1168 2674 subministravit
1193 2642 1383 2674 bibliotheca
1398 2641 1509 2680 Regia.
1535 2641 1625 2671 Prior
1647 2639 1811 2671 Francisci

190 2695 285 2734 primi
302 2695 427 2734 praefert
449 2694 608 2733 insignia;
633 2697 707 2723 ante
726 2692 984 2732 quadringentos
1007 2693 1079 2731 plus
1095 2693 1203 2723 minus
1221 2701 1322 2724 annos
1345 2693 1482 2732 scriptus
1500 2694 1531 2724 in
1552 2693 1658 2724 charta
1676 2694 1814 2733 bomby-

188 2747 259 2778 cina
287 2749 317 2778 et
340 2747 521 2785 singulares
548 2747 709 2777 interdum
736 2746 867 2778 exhibet
896 2747 1070 2784 lectiones,
1101 2747 1307 2785 multumque
1326 2756 1342 2777 a
1360 2747 1494 2786 reliquis
1513 2746 1679 2777 codicibus
1692 2747 1812 2776 discre-

187 2804 313 2840 panles.
339 2799 397 2829 Hic
420 2803 467 2830 est
485 2808 581 2838 quem
610 2800 643 2830 in
661 2799 925 2829 adnotationibus
941 2799 1076 2837 Regium
1098 2799 1239 2830 codicem
1258 2799 1433 2829 nominavi.
1455 2797 1542 2827 Alter
1566 2801 1615 2826 est
1640 2805 1680 2827 ex
1697 2796 1814 2826 biblio-

189 2851 278 2881 theca
299 2849 459 2886 Medii-ma,
473 2858 544 2888 quas
560 2858 645 2880 nunc
663 2850 696 2879 in
709 2850 838 2888 Regiam
860 2848 1022 2886 translata,
1041 2857 1103 2879 uno
1119 2848 1298 2887 eodemque
1316 2848 1422 2886 Regia}
1439 2848 1639 2880 bibliotheca:
1657 2847 1814 2893 vocabulo
