  <div class='ocr_page' id='page_1' title='image "/cluster/home/n/w/nwhite01/storage/ocr_20150623/20/njp.32101077772471/014.png"; bbox 0 0 1982 3159; ppageno 0'>
   <div class='ocr_carea' id='block_1_1' title="bbox 189 153 1809 194">
    <p class='ocr_par' dir='ltr' id='par_1_1' title="bbox 189 153 1809 194">
     <span class='ocr_line' id='line_1_1' title="bbox 189 153 1809 194; baseline -0.004 -8"><span class='ocrx_word' id='word_1_1' title='bbox 189 159 219 186; x_wconf 82' lang='grc' dir='ltr'>Π</span> <span class='ocrx_word' id='word_1_2' title='bbox 435 181 450 194; x_wconf 52' lang='grc' dir='ltr'>ε</span> <span class='ocrx_word' id='word_1_3' title='bbox 823 156 956 186; x_wconf 74' lang='grc' dir='ltr'><strong>νΑιιῖδιῐ</strong></span> <span class='ocrx_word' id='word_1_4' title='bbox 975 155 1173 185; x_wconf 70' lang='grc' dir='ltr'><strong>ΡΠΑΞΈΛΤΙΟ.</strong></span> <span class='ocrx_word' id='word_1_5' title='bbox 1778 153 1809 180; x_wconf 81' lang='lat' dir='ltr'><strong>ts</strong></span> 
     </span>
    </p>
   </div>
   <div class='ocr_carea' id='block_1_2' title="bbox 186 214 1808 257">
    <p class='ocr_par' dir='ltr' id='par_1_2' title="bbox 186 214 1808 257">
     <span class='ocr_line' id='line_1_2' title="bbox 186 214 1808 257; baseline -0.002 -9"><span class='ocrx_word' id='word_1_6' title='bbox 186 221 347 248; x_wconf 80' lang='lat' dir='ltr'><strong>censetur.</strong></span> <span class='ocrx_word' id='word_1_7' title='bbox 373 216 431 247; x_wconf 84' lang='lat' dir='ltr'><strong>Hic</strong></span> <span class='ocrx_word' id='word_1_8' title='bbox 455 216 492 247; x_wconf 86' lang='lat' dir='ltr'><strong>ad</strong></span> <span class='ocrx_word' id='word_1_9' title='bbox 513 216 756 248; x_wconf 87' lang='lat' dir='ltr'><strong>distinctionem</strong></span> <span class='ocrx_word' id='word_1_10' title='bbox 780 217 899 257; x_wconf 83' lang='lat' dir='ltr'><strong>prioris</strong></span> <span class='ocrx_word' id='word_1_11' title='bbox 916 217 1004 247; x_wconf 89' lang='lat' dir='ltr'><strong>illius</strong></span> <span class='ocrx_word' id='word_1_12' title='bbox 1019 216 1161 253; x_wconf 87' lang='lat' dir='ltr'><strong>codiris,</strong></span> <span class='ocrx_word' id='word_1_13' title='bbox 1180 215 1351 246; x_wconf 73' lang='lat' dir='ltr'><strong>Medic-mus</strong></span> <span class='ocrx_word' id='word_1_14' title='bbox 1373 215 1472 246; x_wconf 75' lang='lat' dir='ltr'><strong>codex</strong></span> <span class='ocrx_word' id='word_1_15' title='bbox 1492 215 1525 245; x_wconf 88' lang='lat' dir='ltr'><strong>in</strong></span> <span class='ocrx_word' id='word_1_16' title='bbox 1546 214 1808 245; x_wconf 69' lang='lat' dir='ltr'><strong>adnotationibus</strong></span> 
     </span>
    </p>
   </div>
   <div class='ocr_carea' id='block_1_3' title="bbox 185 263 1806 309">
    <p class='ocr_par' dir='ltr' id='par_1_3' title="bbox 185 263 1806 309">
     <span class='ocr_line' id='line_1_3' title="bbox 185 263 1806 309; baseline -0.002 -9"><span class='ocrx_word' id='word_1_17' title='bbox 185 269 304 300; x_wconf 76' lang='lat' dir='ltr'><strong>nostris</strong></span> <span class='ocrx_word' id='word_1_18' title='bbox 319 268 508 308; x_wconf 85' lang='lat' dir='ltr'><strong>appellatur.</strong></span> <span class='ocrx_word' id='word_1_19' title='bbox 527 269 588 305; x_wconf 84' lang='lat' dir='ltr'><strong>Qui</strong></span> <span class='ocrx_word' id='word_1_20' title='bbox 608 270 681 301; x_wconf 87' lang='lat' dir='ltr'><strong>licet</strong></span> <span class='ocrx_word' id='word_1_21' title='bbox 701 270 795 309; x_wconf 87' lang='lat' dir='ltr'><strong>paulo</strong></span> <span class='ocrx_word' id='word_1_22' title='bbox 813 269 975 300; x_wconf 79' lang='lat' dir='ltr'><strong>recentior</strong></span> <span class='ocrx_word' id='word_1_23' title='bbox 991 270 1043 305; x_wconf 87' lang='lat' dir='ltr'><strong>sit,</strong></span> <span class='ocrx_word' id='word_1_24' title='bbox 1064 278 1103 299; x_wconf 80' lang='lat' dir='ltr'><strong>ex</strong></span> <span class='ocrx_word' id='word_1_25' title='bbox 1120 270 1242 306; x_wconf 85' lang='lat' dir='ltr'><strong>optimo</strong></span> <span class='ocrx_word' id='word_1_26' title='bbox 1262 271 1366 298; x_wconf 81' lang='lat' dir='ltr'><strong>tamen</strong></span> <span class='ocrx_word' id='word_1_27' title='bbox 1385 267 1558 302; x_wconf 78' lang='lat' dir='ltr'><strong>exemplari</strong></span> <span class='ocrx_word' id='word_1_28' title='bbox 1574 271 1603 297; x_wconf 92' lang='lat' dir='ltr'><strong>el</strong></span> <span class='ocrx_word' id='word_1_29' title='bbox 1620 267 1659 298; x_wconf 82' lang='lat' dir='ltr'><strong>ab</strong></span> <span class='ocrx_word' id='word_1_30' title='bbox 1680 263 1806 298; x_wconf 84' lang='lat' dir='ltr'><strong>erudita</strong></span> 
     </span>
    </p>
   </div>
   <div class='ocr_carea' id='block_1_4' title="bbox 187 316 1808 360">
    <p class='ocr_par' dir='ltr' id='par_1_4' title="bbox 187 316 1808 360">
     <span class='ocr_line' id='line_1_4' title="bbox 187 316 1808 360; baseline -0.004 -8"><span class='ocrx_word' id='word_1_31' title='bbox 187 331 282 352; x_wconf 86' lang='lat' dir='ltr'><strong>manu</strong></span> <span class='ocrx_word' id='word_1_32' title='bbox 303 322 485 360; x_wconf 88' lang='lat' dir='ltr'><strong>descriptus</strong></span> <span class='ocrx_word' id='word_1_33' title='bbox 511 323 570 352; x_wconf 88' lang='lat' dir='ltr'><strong>est.</strong></span> <span class='ocrx_word' id='word_1_34' title='bbox 597 319 732 350; x_wconf 87' lang='lat' dir='ltr'><strong>Duobus</strong></span> <span class='ocrx_word' id='word_1_35' title='bbox 757 319 807 350; x_wconf 87' lang='lat' dir='ltr'><strong>his</strong></span> <span class='ocrx_word' id='word_1_36' title='bbox 830 318 1073 358; x_wconf 73' lang='lat' dir='ltr'><strong>exemplaribus</strong></span> <span class='ocrx_word' id='word_1_37' title='bbox 1092 326 1173 347; x_wconf 83' lang='lat' dir='ltr'><strong>usus</strong></span> <span class='ocrx_word' id='word_1_38' title='bbox 1193 321 1260 347; x_wconf 90' lang='lat' dir='ltr'><strong>erat</strong></span> <span class='ocrx_word' id='word_1_39' title='bbox 1277 317 1436 347; x_wconf 69' lang='lat' dir='ltr'><strong>liohertus</strong></span> <span class='ocrx_word' id='word_1_40' title='bbox 1460 316 1640 354; x_wconf 86' lang='lat' dir='ltr'><strong>Stephanus</strong></span> <span class='ocrx_word' id='word_1_41' title='bbox 1659 316 1689 346; x_wconf 93' lang='lat' dir='ltr'><strong>in</strong></span> <span class='ocrx_word' id='word_1_42' title='bbox 1709 317 1808 347; x_wconf 63' lang='lat' dir='ltr'><strong>Ense.</strong></span> 
     </span>
    </p>
   </div>
   <div class='ocr_carea' id='block_1_5' title="bbox 185 365 1807 409">
    <p class='ocr_par' dir='ltr' id='par_1_5' title="bbox 185 365 1807 409">
     <span class='ocr_line' id='line_1_5' title="bbox 185 365 1807 409; baseline -0.002 -7"><span class='ocrx_word' id='word_1_43' title='bbox 185 370 289 402; x_wconf 62' lang='lat' dir='ltr'><strong>hiante</strong></span> <span class='ocrx_word' id='word_1_44' title='bbox 310 369 637 400; x_wconf 62' lang='lat' dir='ltr'><strong>Historiaa&#39;editione.</strong></span> <span class='ocrx_word' id='word_1_45' title='bbox 671 368 706 398; x_wconf 84' lang='lat' dir='ltr'><strong>Et</strong></span> <span class='ocrx_word' id='word_1_46' title='bbox 733 368 773 398; x_wconf 91' lang='lat' dir='ltr'><strong>in.</strong></span> <span class='ocrx_word' id='word_1_47' title='bbox 792 368 862 407; x_wconf 87' lang='lat' dir='ltr'><strong>ipso</strong></span> <span class='ocrx_word' id='word_1_48' title='bbox 887 367 1018 406; x_wconf 85' lang='lat' dir='ltr'><strong>quidem</strong></span> <span class='ocrx_word' id='word_1_49' title='bbox 1046 370 1134 397; x_wconf 75' lang='lat' dir='ltr'><strong>textu</strong></span> <span class='ocrx_word' id='word_1_50' title='bbox 1161 365 1370 401; x_wconf 88' lang='lat' dir='ltr'><strong>excudendo.</strong></span> <span class='ocrx_word' id='word_1_51' title='bbox 1395 367 1530 407; x_wconf 79' lang='lat' dir='ltr'><strong>Regium</strong></span> <span class='ocrx_word' id='word_1_52' title='bbox 1554 371 1716 409; x_wconf 80' lang='lat' dir='ltr'><strong>exemplar</strong></span> <span class='ocrx_word' id='word_1_53' title='bbox 1741 369 1807 400; x_wconf 81' lang='lat' dir='ltr'><strong>fere</strong></span> 
     </span>
    </p>
   </div>
   <div class='ocr_carea' id='block_1_6' title="bbox 183 417 1806 460">
    <p class='ocr_par' dir='ltr' id='par_1_6' title="bbox 183 417 1806 460">
     <span class='ocr_line' id='line_1_6' title="bbox 183 417 1806 460; baseline 0.001 -8"><span class='ocrx_word' id='word_1_54' title='bbox 183 420 306 460; x_wconf 88' lang='lat' dir='ltr'><strong>ubique</strong></span> <span class='ocrx_word' id='word_1_55' title='bbox 323 423 453 450; x_wconf 84' lang='lat' dir='ltr'><strong>secutus</strong></span> <span class='ocrx_word' id='word_1_56' title='bbox 470 423 516 450; x_wconf 89' lang='lat' dir='ltr'><strong>est</strong></span> <span class='ocrx_word' id='word_1_57' title='bbox 528 442 535 454; x_wconf 94' lang='lat'><strong>,</strong></span> <span class='ocrx_word' id='word_1_58' title='bbox 554 427 691 457; x_wconf 84' lang='lat' dir='ltr'><strong>raroque</strong></span> <span class='ocrx_word' id='word_1_59' title='bbox 705 418 875 453; x_wconf 81' lang='lat' dir='ltr'><strong>admodum</strong></span> <span class='ocrx_word' id='word_1_60' title='bbox 895 418 934 448; x_wconf 89' lang='lat' dir='ltr'><strong>ab</strong></span> <span class='ocrx_word' id='word_1_61' title='bbox 952 419 1022 456; x_wconf 84' lang='lat' dir='ltr'><strong>ejus</strong></span> <span class='ocrx_word' id='word_1_62' title='bbox 1039 417 1175 448; x_wconf 81' lang='lat' dir='ltr'><strong>discedit</strong></span> <span class='ocrx_word' id='word_1_63' title='bbox 1196 417 1339 455; x_wconf 75' lang='lat' dir='ltr'><strong>vestigiis</strong></span> <span class='ocrx_word' id='word_1_64' title='bbox 1353 440 1361 453; x_wconf 92' lang='lat'><strong>,</strong></span> <span class='ocrx_word' id='word_1_65' title='bbox 1381 418 1465 449; x_wconf 88' lang='lat' dir='ltr'><strong>sicut</strong></span> <span class='ocrx_word' id='word_1_66' title='bbox 1480 420 1511 450; x_wconf 92' lang='lat' dir='ltr'><strong>in</strong></span> <span class='ocrx_word' id='word_1_67' title='bbox 1531 421 1608 452; x_wconf 88' lang='lat' dir='ltr'><strong>meis</strong></span> <span class='ocrx_word' id='word_1_68' title='bbox 1624 422 1806 453; x_wconf 84' lang='lat' dir='ltr'><strong>adnotatio-</strong></span> 
     </span>
    </p>
   </div>
   <div class='ocr_carea' id='block_1_7' title="bbox 184 468 1806 513">
    <p class='ocr_par' dir='ltr' id='par_1_7' title="bbox 184 468 1806 513">
     <span class='ocr_line' id='line_1_7' title="bbox 184 468 1806 513; baseline -0.001 -9"><span class='ocrx_word' id='word_1_69' title='bbox 184 474 282 504; x_wconf 87' lang='lat' dir='ltr'><strong>nibus</strong></span> <span class='ocrx_word' id='word_1_70' title='bbox 299 472 480 503; x_wconf 82' lang='lat' dir='ltr'><strong>observavi.</strong></span> <span class='ocrx_word' id='word_1_71' title='bbox 507 472 541 501; x_wconf 91' lang='lat' dir='ltr'><strong>ln</strong></span> <span class='ocrx_word' id='word_1_72' title='bbox 562 471 702 511; x_wconf 88' lang='lat' dir='ltr'><strong>capitum</strong></span> <span class='ocrx_word' id='word_1_73' title='bbox 721 474 826 500; x_wconf 85' lang='lat' dir='ltr'><strong>autem</strong></span> <span class='ocrx_word' id='word_1_74' title='bbox 851 469 1064 500; x_wconf 93' lang='lat' dir='ltr'><strong>distinctione</strong></span> <span class='ocrx_word' id='word_1_75' title='bbox 1078 492 1085 504; x_wconf 92' lang='lat'><strong>,</strong></span> <span class='ocrx_word' id='word_1_76' title='bbox 1112 468 1302 499; x_wconf 71' lang='lat' dir='ltr'><strong>Medicceum</strong></span> <span class='ocrx_word' id='word_1_77' title='bbox 1329 468 1473 500; x_wconf 86' lang='lat' dir='ltr'><strong>codicem</strong></span> <span class='ocrx_word' id='word_1_78' title='bbox 1494 472 1668 511; x_wconf 78' lang='lat' dir='ltr'><strong>expressit,</strong></span> <span class='ocrx_word' id='word_1_79' title='bbox 1689 473 1720 503; x_wconf 91' lang='lat' dir='ltr'><strong>in</strong></span> <span class='ocrx_word' id='word_1_80' title='bbox 1740 482 1806 513; x_wconf 83' lang='lat' dir='ltr'><strong>quo</strong></span> 
     </span>
    </p>
   </div>
   <div class='ocr_carea' id='block_1_8' title="bbox 184 518 1806 564">
    <p class='ocr_par' dir='ltr' id='par_1_8' title="bbox 184 518 1806 564">
     <span class='ocr_line' id='line_1_8' title="bbox 184 518 1806 564; baseline -0.001 -9"><span class='ocrx_word' id='word_1_81' title='bbox 184 526 266 557; x_wconf 92' lang='lat' dir='ltr'><strong>tituli</strong></span> <span class='ocrx_word' id='word_1_82' title='bbox 292 525 430 564; x_wconf 78' lang='lat' dir='ltr'><strong>singulis</strong></span> <span class='ocrx_word' id='word_1_83' title='bbox 458 523 638 563; x_wconf 78' lang='lat' dir='ltr'><strong>capitibus,</strong></span> <span class='ocrx_word' id='word_1_84' title='bbox 666 524 695 551; x_wconf 90' lang='lat' dir='ltr'><strong>et</strong></span> <span class='ocrx_word' id='word_1_85' title='bbox 716 519 848 559; x_wconf 89' lang='lat' dir='ltr'><strong>quidem</strong></span> <span class='ocrx_word' id='word_1_86' title='bbox 876 519 1019 550; x_wconf 87' lang='lat' dir='ltr'><strong>miniatis</strong></span> <span class='ocrx_word' id='word_1_87' title='bbox 1044 519 1162 549; x_wconf 81' lang='lat' dir='ltr'><strong>litteris</strong></span> <span class='ocrx_word' id='word_1_88' title='bbox 1192 518 1409 558; x_wconf 70' lang='lat' dir='ltr'><strong>praeﬁguntur.</strong></span> <span class='ocrx_word' id='word_1_89' title='bbox 1436 520 1564 551; x_wconf 86' lang='lat' dir='ltr'><strong>Tertius</strong></span> <span class='ocrx_word' id='word_1_90' title='bbox 1594 521 1644 552; x_wconf 89' lang='lat' dir='ltr'><strong>his</strong></span> <span class='ocrx_word' id='word_1_91' title='bbox 1671 524 1806 554; x_wconf 85' lang='lat' dir='ltr'><strong>accessit</strong></span> 
     </span>
    </p>
   </div>
   <div class='ocr_carea' id='block_1_9' title="bbox 183 569 1804 610">
    <p class='ocr_par' dir='ltr' id='par_1_9' title="bbox 183 569 1804 610">
     <span class='ocr_line' id='line_1_9' title="bbox 183 569 1804 610; baseline -0.003 -2"><span class='ocrx_word' id='word_1_92' title='bbox 183 577 281 608; x_wconf 81' lang='lat' dir='ltr'><strong>codex</strong></span> <span class='ocrx_word' id='word_1_93' title='bbox 302 573 552 606; x_wconf 86' lang='lat' dir='ltr'><strong>eminentissimi</strong></span> <span class='ocrx_word' id='word_1_94' title='bbox 570 571 743 603; x_wconf 87' lang='lat' dir='ltr'><strong>cardiualis</strong></span> <span class='ocrx_word' id='word_1_95' title='bbox 759 570 835 600; x_wconf 85' lang='lat' dir='ltr'><strong>Julii</strong></span> <span class='ocrx_word' id='word_1_96' title='bbox 851 569 1015 600; x_wconf 79' lang='lat' dir='ltr'><strong>Mazarini.</strong></span> <span class='ocrx_word' id='word_1_97' title='bbox 1030 569 1076 600; x_wconf 86' lang='lat' dir='ltr'><strong>De</strong></span> <span class='ocrx_word' id='word_1_98' title='bbox 1092 569 1183 607; x_wconf 80' lang='lat' dir='ltr'><strong>cujus</strong></span> <span class='ocrx_word' id='word_1_99' title='bbox 1200 569 1395 607; x_wconf 81' lang='lat' dir='ltr'><strong>exemplaris</strong></span> <span class='ocrx_word' id='word_1_100' title='bbox 1411 569 1558 600; x_wconf 78' lang='lat' dir='ltr'><strong>bonitate</strong></span> <span class='ocrx_word' id='word_1_101' title='bbox 1572 579 1607 601; x_wconf 90' lang='lat' dir='ltr'><strong>ac</strong></span> <span class='ocrx_word' id='word_1_102' title='bbox 1626 574 1804 610; x_wconf 74' lang='lat' dir='ltr'><strong>prtestantia</strong></span> 
     </span>
    </p>
   </div>
   <div class='ocr_carea' id='block_1_10' title="bbox 182 621 1807 667">
    <p class='ocr_par' dir='ltr' id='par_1_10' title="bbox 182 621 1807 667">
     <span class='ocr_line' id='line_1_10' title="bbox 182 621 1807 667; baseline -0.001 -10"><span class='ocrx_word' id='word_1_103' title='bbox 182 632 356 667; x_wconf 81' lang='lat' dir='ltr'><strong>antequam</strong></span> <span class='ocrx_word' id='word_1_104' title='bbox 371 627 474 657; x_wconf 90' lang='lat' dir='ltr'><strong>dicam</strong></span> <span class='ocrx_word' id='word_1_105' title='bbox 488 648 496 662; x_wconf 92' lang='lat'><strong>,</strong></span> <span class='ocrx_word' id='word_1_106' title='bbox 518 634 567 655; x_wconf 89' lang='lat' dir='ltr'><strong>res</strong></span> <span class='ocrx_word' id='word_1_107' title='bbox 588 623 745 663; x_wconf 78' lang='lat' dir='ltr'><strong>postulat,</strong></span> <span class='ocrx_word' id='word_1_108' title='bbox 764 623 861 662; x_wconf 86' lang='lat' dir='ltr'><strong>idque</strong></span> <span class='ocrx_word' id='word_1_109' title='bbox 883 622 991 661; x_wconf 76' lang='lat' dir='ltr'><strong>ipsum</strong></span> <span class='ocrx_word' id='word_1_110' title='bbox 1009 632 1023 653; x_wconf 88' lang='lat' dir='ltr'><strong>a</strong></span> <span class='ocrx_word' id='word_1_111' title='bbox 1042 630 1092 652; x_wconf 85' lang='lat' dir='ltr'><strong>me</strong></span> <span class='ocrx_word' id='word_1_112' title='bbox 1109 621 1252 660; x_wconf 86' lang='lat' dir='ltr'><strong>ﬂagitare</strong></span> <span class='ocrx_word' id='word_1_113' title='bbox 1271 621 1444 659; x_wconf 89' lang='lat' dir='ltr'><strong>videmini,</strong></span> <span class='ocrx_word' id='word_1_114' title='bbox 1462 625 1632 656; x_wconf 78' lang='lat' dir='ltr'><strong>Antistites</strong></span> <span class='ocrx_word' id='word_1_115' title='bbox 1653 625 1807 656; x_wconf 87' lang='lat' dir='ltr'><strong>illustris-</strong></span> 
     </span>
    </p>
   </div>
   <div class='ocr_carea' id='block_1_11' title="bbox 182 674 1805 718">
    <p class='ocr_par' dir='ltr' id='par_1_11' title="bbox 182 674 1805 718">
     <span class='ocr_line' id='line_1_11' title="bbox 182 674 1805 718; baseline -0.002 -6"><span class='ocrx_word' id='word_1_116' title='bbox 182 680 277 717; x_wconf 89' lang='lat' dir='ltr'><strong>simi,</strong></span> <span class='ocrx_word' id='word_1_117' title='bbox 298 684 332 711; x_wconf 89' lang='lat' dir='ltr'><strong>ut</strong></span> <span class='ocrx_word' id='word_1_118' title='bbox 354 680 393 711; x_wconf 87' lang='lat' dir='ltr'><strong>de</strong></span> <span class='ocrx_word' id='word_1_119' title='bbox 418 677 579 710; x_wconf 83' lang='lat' dir='ltr'><strong>cardinale</strong></span> <span class='ocrx_word' id='word_1_120' title='bbox 605 676 863 707; x_wconf 84' lang='lat' dir='ltr'><strong>eminentissimo</strong></span> <span class='ocrx_word' id='word_1_121' title='bbox 887 685 903 706; x_wconf 88' lang='lat' dir='ltr'><strong>a</strong></span> <span class='ocrx_word' id='word_1_122' title='bbox 929 684 995 715; x_wconf 90' lang='lat' dir='ltr'><strong>quo</strong></span> <span class='ocrx_word' id='word_1_123' title='bbox 1018 675 1158 706; x_wconf 82' lang='lat' dir='ltr'><strong>codicem</strong></span> <span class='ocrx_word' id='word_1_124' title='bbox 1183 674 1275 704; x_wconf 88' lang='lat' dir='ltr'><strong>illum</strong></span> <span class='ocrx_word' id='word_1_125' title='bbox 1299 675 1535 706; x_wconf 74' lang='lat' dir='ltr'><strong>commodatum</strong></span> <span class='ocrx_word' id='word_1_126' title='bbox 1557 676 1683 715; x_wconf 83' lang='lat' dir='ltr'><strong>accepi,</strong></span> <span class='ocrx_word' id='word_1_127' title='bbox 1708 687 1805 718; x_wconf 79' lang='lat' dir='ltr'><strong>pauca</strong></span> 
     </span>
    </p>
   </div>
   <div class='ocr_carea' id='block_1_12' title="bbox 182 726 1804 768">
    <p class='ocr_par' dir='ltr' id='par_1_12' title="bbox 182 726 1804 768">
     <span class='ocr_line' id='line_1_12' title="bbox 182 726 1804 768; baseline -0.001 -7"><span class='ocrx_word' id='word_1_128' title='bbox 182 731 340 761; x_wconf 86' lang='lat' dir='ltr'><strong>dicantur.</strong></span> <span class='ocrx_word' id='word_1_129' title='bbox 361 731 438 761; x_wconf 80' lang='lat' dir='ltr'><strong>Nam</strong></span> <span class='ocrx_word' id='word_1_130' title='bbox 455 737 527 760; x_wconf 91' lang='lat' dir='ltr'><strong>cum</strong></span> <span class='ocrx_word' id='word_1_131' title='bbox 551 728 604 759; x_wconf 85' lang='lat' dir='ltr'><strong>hic</strong></span> <span class='ocrx_word' id='word_1_132' title='bbox 620 726 898 758; x_wconf 75' lang='lat' dir='ltr'><strong>eminentissimus</strong></span> <span class='ocrx_word' id='word_1_133' title='bbox 918 727 1065 766; x_wconf 81' lang='lat' dir='ltr'><strong>princeps</strong></span> <span class='ocrx_word' id='word_1_134' title='bbox 1091 729 1120 756; x_wconf 89' lang='lat' dir='ltr'><strong>et</strong></span> <span class='ocrx_word' id='word_1_135' title='bbox 1146 726 1182 756; x_wconf 90' lang='lat' dir='ltr'><strong>ad</strong></span> <span class='ocrx_word' id='word_1_136' title='bbox 1200 735 1324 756; x_wconf 91' lang='lat' dir='ltr'><strong>summa</strong></span> <span class='ocrx_word' id='word_1_137' title='bbox 1354 734 1490 766; x_wconf 63' lang='lat' dir='ltr'><strong>qumque</strong></span> <span class='ocrx_word' id='word_1_138' title='bbox 1513 732 1625 764; x_wconf 87' lang='lat' dir='ltr'><strong>natus,</strong></span> <span class='ocrx_word' id='word_1_139' title='bbox 1651 729 1804 768; x_wconf 77' lang='lat' dir='ltr'><strong>singulari</strong></span> 
     </span>
    </p>
   </div>
   <div class='ocr_carea' id='block_1_13' title="bbox 181 776 1806 821">
    <p class='ocr_par' dir='ltr' id='par_1_13' title="bbox 181 776 1806 821">
     <span class='ocr_line' id='line_1_13' title="bbox 181 776 1806 821; baseline -0.001 -11"><span class='ocrx_word' id='word_1_140' title='bbox 181 781 320 821; x_wconf 79' lang='lat' dir='ltr'><strong>quadam</strong></span> <span class='ocrx_word' id='word_1_141' title='bbox 342 778 568 811; x_wconf 74' lang='lat' dir='ltr'><strong>benevolentia</strong></span> <span class='ocrx_word' id='word_1_142' title='bbox 585 778 708 808; x_wconf 88' lang='lat' dir='ltr'><strong>litteras</strong></span> <span class='ocrx_word' id='word_1_143' title='bbox 728 777 971 815; x_wconf 88' lang='lat' dir='ltr'><strong>complectatur,</strong></span> <span class='ocrx_word' id='word_1_144' title='bbox 998 785 1054 807; x_wconf 91' lang='lat' dir='ltr'><strong>nos</strong></span> <span class='ocrx_word' id='word_1_145' title='bbox 1071 778 1127 816; x_wconf 93' lang='lat' dir='ltr'><strong>qui</strong></span> <span class='ocrx_word' id='word_1_146' title='bbox 1145 777 1184 806; x_wconf 86' lang='lat' dir='ltr'><strong>ab</strong></span> <span class='ocrx_word' id='word_1_147' title='bbox 1201 776 1332 806; x_wconf 90' lang='lat' dir='ltr'><strong>ineunte</strong></span> <span class='ocrx_word' id='word_1_148' title='bbox 1347 780 1439 806; x_wconf 78' lang='lat' dir='ltr'><strong>aetate</strong></span> <span class='ocrx_word' id='word_1_149' title='bbox 1454 778 1491 808; x_wconf 86' lang='lat' dir='ltr'><strong>ad</strong></span> <span class='ocrx_word' id='word_1_150' title='bbox 1506 778 1681 810; x_wconf 75' lang='lat' dir='ltr'><strong>litterarum</strong></span> <span class='ocrx_word' id='word_1_151' title='bbox 1699 779 1806 810; x_wconf 88' lang='lat' dir='ltr'><strong>studia</strong></span> 
     </span>
    </p>
   </div>
   <div class='ocr_carea' id='block_1_14' title="bbox 182 827 1804 869">
    <p class='ocr_par' dir='ltr' id='par_1_14' title="bbox 182 827 1804 869">
     <span class='ocr_line' id='line_1_14' title="bbox 182 827 1804 869; baseline -0.004 -7"><span class='ocrx_word' id='word_1_152' title='bbox 182 832 325 862; x_wconf 84' lang='lat' dir='ltr'><strong>animum</strong></span> <span class='ocrx_word' id='word_1_153' title='bbox 343 830 581 869; x_wconf 80' lang='lat' dir='ltr'><strong>applicuimus,</strong></span> <span class='ocrx_word' id='word_1_154' title='bbox 608 827 723 866; x_wconf 79' lang='lat' dir='ltr'><strong>ingrati</strong></span> <span class='ocrx_word' id='word_1_155' title='bbox 745 827 888 865; x_wconf 77' lang='lat' dir='ltr'><strong>profecto</strong></span> <span class='ocrx_word' id='word_1_156' title='bbox 905 827 1030 863; x_wconf 85' lang='lat' dir='ltr'><strong>simus,</strong></span> <span class='ocrx_word' id='word_1_157' title='bbox 1055 827 1116 857; x_wconf 88' lang='lat' dir='ltr'><strong>nisi</strong></span> <span class='ocrx_word' id='word_1_158' title='bbox 1142 830 1208 857; x_wconf 86' lang='lat' dir='ltr'><strong>tum</strong></span> <span class='ocrx_word' id='word_1_159' title='bbox 1236 829 1365 861; x_wconf 90' lang='lat' dir='ltr'><strong>nostro,</strong></span> <span class='ocrx_word' id='word_1_160' title='bbox 1384 831 1450 858; x_wconf 89' lang='lat' dir='ltr'><strong>tum</strong></span> <span class='ocrx_word' id='word_1_161' title='bbox 1469 829 1634 860; x_wconf 86' lang='lat' dir='ltr'><strong>communi</strong></span> <span class='ocrx_word' id='word_1_162' title='bbox 1659 829 1804 859; x_wconf 87' lang='lat' dir='ltr'><strong>omnium</strong></span> 
     </span>
    </p>
   </div>
   <div class='ocr_carea' id='block_1_15' title="bbox 182 879 1805 919">
    <p class='ocr_par' dir='ltr' id='par_1_15' title="bbox 182 879 1805 919">
     <span class='ocr_line' id='line_1_15' title="bbox 182 879 1805 919; baseline 0 -9"><span class='ocrx_word' id='word_1_163' title='bbox 182 884 382 914; x_wconf 72' lang='lat' dir='ltr'><strong>eruditorum</strong></span> <span class='ocrx_word' id='word_1_164' title='bbox 401 883 543 917; x_wconf 87' lang='lat' dir='ltr'><strong>nomine,</strong></span> <span class='ocrx_word' id='word_1_165' title='bbox 560 880 692 919; x_wconf 83' lang='lat' dir='ltr'><strong>gratiam</strong></span> <span class='ocrx_word' id='word_1_166' title='bbox 710 879 737 910; x_wconf 92' lang='lat' dir='ltr'><strong>ei</strong></span> <span class='ocrx_word' id='word_1_167' title='bbox 754 884 906 919; x_wconf 79' lang='lat' dir='ltr'><strong>quantam</strong></span> <span class='ocrx_word' id='word_1_168' title='bbox 931 888 1114 918; x_wconf 85' lang='lat' dir='ltr'><strong>possumus,</strong></span> <span class='ocrx_word' id='word_1_169' title='bbox 1132 883 1163 910; x_wconf 90' lang='lat' dir='ltr'><strong>et</strong></span> <span class='ocrx_word' id='word_1_170' title='bbox 1183 888 1259 910; x_wconf 89' lang='lat' dir='ltr'><strong>voce</strong></span> <span class='ocrx_word' id='word_1_171' title='bbox 1276 884 1308 910; x_wconf 89' lang='lat' dir='ltr'><strong>et</strong></span> <span class='ocrx_word' id='word_1_172' title='bbox 1323 879 1452 919; x_wconf 88' lang='lat' dir='ltr'><strong>scriptis</strong></span> <span class='ocrx_word' id='word_1_173' title='bbox 1469 880 1584 910; x_wconf 79' lang='lat' dir='ltr'><strong>referre</strong></span> <span class='ocrx_word' id='word_1_174' title='bbox 1604 880 1805 911; x_wconf 79' lang='lat' dir='ltr'><strong>Studeamus.</strong></span> 
     </span>
    </p>
   </div>
   <div class='ocr_carea' id='block_1_16' title="bbox 183 932 1804 973">
    <p class='ocr_par' dir='ltr' id='par_1_16' title="bbox 183 932 1804 973">
     <span class='ocr_line' id='line_1_16' title="bbox 183 932 1804 973; baseline -0.001 -10"><span class='ocrx_word' id='word_1_175' title='bbox 183 933 281 964; x_wconf 81' lang='lat' dir='ltr'><strong>Porro</strong></span> <span class='ocrx_word' id='word_1_176' title='bbox 300 941 365 973; x_wconf 90' lang='lat' dir='ltr'><strong>quo</strong></span> <span class='ocrx_word' id='word_1_177' title='bbox 379 934 489 964; x_wconf 81' lang='lat' dir='ltr'><strong>favore</strong></span> <span class='ocrx_word' id='word_1_178' title='bbox 506 938 690 972; x_wconf 85' lang='lat' dir='ltr'><strong>quantaque</strong></span> <span class='ocrx_word' id='word_1_179' title='bbox 707 933 931 964; x_wconf 91' lang='lat' dir='ltr'><strong>benevolentia</strong></span> <span class='ocrx_word' id='word_1_180' title='bbox 950 937 1162 972; x_wconf 88' lang='lat' dir='ltr'><strong>prosequatur</strong></span> <span class='ocrx_word' id='word_1_181' title='bbox 1177 933 1318 969; x_wconf 83' lang='lat' dir='ltr'><strong>litteras,</strong></span> <span class='ocrx_word' id='word_1_182' title='bbox 1346 937 1480 963; x_wconf 87' lang='lat' dir='ltr'><strong>testatur</strong></span> <span class='ocrx_word' id='word_1_183' title='bbox 1500 932 1622 972; x_wconf 78' lang='lat' dir='ltr'><strong>prolixa</strong></span> <span class='ocrx_word' id='word_1_184' title='bbox 1643 932 1713 972; x_wconf 83' lang='lat' dir='ltr'><strong>ejus</strong></span> <span class='ocrx_word' id='word_1_185' title='bbox 1732 941 1804 970; x_wconf 85' lang='lat' dir='ltr'><strong>erga</strong></span> 
     </span>
    </p>
   </div>
   <div class='ocr_carea' id='block_1_17' title="bbox 185 982 1803 1023">
    <p class='ocr_par' dir='ltr' id='par_1_17' title="bbox 185 982 1803 1023">
     <span class='ocr_line' id='line_1_17' title="bbox 185 982 1803 1023; baseline 0.002 -10"><span class='ocrx_word' id='word_1_186' title='bbox 185 984 333 1014; x_wconf 86' lang='lat' dir='ltr'><strong>homines</strong></span> <span class='ocrx_word' id='word_1_187' title='bbox 350 984 494 1014; x_wconf 85' lang='lat' dir='ltr'><strong>eruditos</strong></span> <span class='ocrx_word' id='word_1_188' title='bbox 516 983 691 1014; x_wconf 87' lang='lat' dir='ltr'><strong>liberalitas</strong></span> <span class='ocrx_word' id='word_1_189' title='bbox 709 992 743 1014; x_wconf 90' lang='lat' dir='ltr'><strong>ac</strong></span> <span class='ocrx_word' id='word_1_190' title='bbox 763 983 1006 1021; x_wconf 76' lang='lat' dir='ltr'><strong>munificentia;</strong></span> <span class='ocrx_word' id='word_1_191' title='bbox 1027 992 1122 1023; x_wconf 81' lang='lat' dir='ltr'><strong>quam</strong></span> <span class='ocrx_word' id='word_1_192' title='bbox 1143 983 1272 1023; x_wconf 85' lang='lat' dir='ltr'><strong>quidem</strong></span> <span class='ocrx_word' id='word_1_193' title='bbox 1286 1005 1294 1018; x_wconf 89' lang='lat'><strong>,</strong></span> <span class='ocrx_word' id='word_1_194' title='bbox 1321 987 1356 1014; x_wconf 94' lang='lat' dir='ltr'><strong>ut</strong></span> <span class='ocrx_word' id='word_1_195' title='bbox 1378 983 1417 1014; x_wconf 89' lang='lat' dir='ltr'><strong>de</strong></span> <span class='ocrx_word' id='word_1_196' title='bbox 1435 983 1506 1015; x_wconf 87' lang='lat' dir='ltr'><strong>aliis</strong></span> <span class='ocrx_word' id='word_1_197' title='bbox 1526 983 1604 1013; x_wconf 86' lang='lat' dir='ltr'><strong>nihil</strong></span> <span class='ocrx_word' id='word_1_198' title='bbox 1622 983 1741 1018; x_wconf 71' lang='lat' dir='ltr'><strong>dicam.</strong></span> <span class='ocrx_word' id='word_1_199' title='bbox 1766 982 1803 1013; x_wconf 70' lang='lat' dir='ltr'><strong>ad</strong></span> 
     </span>
    </p>
   </div>
   <div class='ocr_carea' id='block_1_18' title="bbox 183 1030 1804 1076">
    <p class='ocr_par' dir='ltr' id='par_1_18' title="bbox 183 1030 1804 1076">
     <span class='ocr_line' id='line_1_18' title="bbox 183 1030 1804 1076; baseline 0.001 -14"><span class='ocrx_word' id='word_1_200' title='bbox 183 1041 233 1063; x_wconf 88' lang='lat' dir='ltr'><strong>me</strong></span> <span class='ocrx_word' id='word_1_201' title='bbox 258 1042 389 1072; x_wconf 90' lang='lat' dir='ltr'><strong>quoque</strong></span> <span class='ocrx_word' id='word_1_202' title='bbox 408 1034 488 1071; x_wconf 79' lang='lat' dir='ltr'><strong>nihil</strong></span> <span class='ocrx_word' id='word_1_203' title='bbox 509 1030 693 1075; x_wconf 87' lang='lat' dir='ltr'><strong>hujusmodi</strong></span> <span class='ocrx_word' id='word_1_204' title='bbox 716 1039 898 1075; x_wconf 87' lang='lat' dir='ltr'><strong>sperantem</strong></span> <span class='ocrx_word' id='word_1_205' title='bbox 924 1044 960 1066; x_wconf 80' lang='lat' dir='ltr'><strong>ac</strong></span> <span class='ocrx_word' id='word_1_206' title='bbox 985 1044 1024 1066; x_wconf 89' lang='lat' dir='ltr'><strong>ne</strong></span> <span class='ocrx_word' id='word_1_207' title='bbox 1044 1035 1236 1075; x_wconf 83' lang='lat' dir='ltr'><strong>cogitantem</strong></span> <span class='ocrx_word' id='word_1_208' title='bbox 1258 1036 1410 1075; x_wconf 87' lang='lat' dir='ltr'><strong>quidem,</strong></span> <span class='ocrx_word' id='word_1_209' title='bbox 1435 1044 1539 1076; x_wconf 88' lang='lat' dir='ltr'><strong>nuper</strong></span> <span class='ocrx_word' id='word_1_210' title='bbox 1561 1034 1660 1066; x_wconf 91' lang='lat' dir='ltr'><strong>voluit</strong></span> <span class='ocrx_word' id='word_1_211' title='bbox 1690 1042 1804 1073; x_wconf 81' lang='lat' dir='ltr'><strong>perve-</strong></span> 
     </span>
    </p>
   </div>
   <div class='ocr_carea' id='block_1_19' title="bbox 183 1083 1806 1126">
    <p class='ocr_par' dir='ltr' id='par_1_19' title="bbox 183 1083 1806 1126">
     <span class='ocr_line' id='line_1_19' title="bbox 183 1083 1806 1126; baseline 0.001 -14"><span class='ocrx_word' id='word_1_212' title='bbox 183 1083 267 1113; x_wconf 86' lang='lat' dir='ltr'><strong>nire.</strong></span> <span class='ocrx_word' id='word_1_213' title='bbox 296 1083 383 1113; x_wconf 91' lang='lat' dir='ltr'><strong>ldcm</strong></span> <span class='ocrx_word' id='word_1_214' title='bbox 410 1084 548 1116; x_wconf 84' lang='lat' dir='ltr'><strong>declarat</strong></span> <span class='ocrx_word' id='word_1_215' title='bbox 573 1086 827 1126; x_wconf 85' lang='lat' dir='ltr'><strong>locupletissima</strong></span> <span class='ocrx_word' id='word_1_216' title='bbox 853 1085 922 1124; x_wconf 88' lang='lat' dir='ltr'><strong>ejus</strong></span> <span class='ocrx_word' id='word_1_217' title='bbox 943 1085 1153 1116; x_wconf 78' lang='lat' dir='ltr'><strong>bibliotheca.</strong></span> <span class='ocrx_word' id='word_1_218' title='bbox 1176 1085 1279 1122; x_wconf 82' lang='lat' dir='ltr'><strong>Quam</strong></span> <span class='ocrx_word' id='word_1_219' title='bbox 1304 1094 1376 1116; x_wconf 91' lang='lat' dir='ltr'><strong>cum</strong></span> <span class='ocrx_word' id='word_1_220' title='bbox 1405 1084 1584 1116; x_wconf 86' lang='lat' dir='ltr'><strong>innumeris</strong></span> <span class='ocrx_word' id='word_1_221' title='bbox 1610 1083 1806 1124; x_wconf 84' lang='lat' dir='ltr'><strong>optimorum</strong></span> 
     </span>
    </p>
   </div>
   <div class='ocr_carea' id='block_1_20' title="bbox 181 1135 1806 1177">
    <p class='ocr_par' dir='ltr' id='par_1_20' title="bbox 181 1135 1806 1177">
     <span class='ocr_line' id='line_1_20' title="bbox 181 1135 1806 1177; baseline -0.001 -12"><span class='ocrx_word' id='word_1_222' title='bbox 181 1135 373 1174; x_wconf 88' lang='lat' dir='ltr'><strong>scriptorum</strong></span> <span class='ocrx_word' id='word_1_223' title='bbox 398 1138 660 1177; x_wconf 81' lang='lat' dir='ltr'><strong>exemplaribus,</strong></span> <span class='ocrx_word' id='word_1_224' title='bbox 689 1138 801 1177; x_wconf 85' lang='lat' dir='ltr'><strong>partim</strong></span> <span class='ocrx_word' id='word_1_225' title='bbox 827 1137 976 1173; x_wconf 82' lang='lat' dir='ltr'><strong>excusis,</strong></span> <span class='ocrx_word' id='word_1_226' title='bbox 1008 1138 1121 1176; x_wconf 87' lang='lat' dir='ltr'><strong>partim</strong></span> <span class='ocrx_word' id='word_1_227' title='bbox 1149 1146 1244 1169; x_wconf 88' lang='lat' dir='ltr'><strong>manu</strong></span> <span class='ocrx_word' id='word_1_228' title='bbox 1271 1137 1410 1168; x_wconf 85' lang='lat' dir='ltr'><strong>exaratis</strong></span> <span class='ocrx_word' id='word_1_229' title='bbox 1438 1136 1645 1171; x_wconf 79' lang='lat' dir='ltr'><strong>instruxerit,</strong></span> <span class='ocrx_word' id='word_1_230' title='bbox 1674 1143 1738 1166; x_wconf 92' lang='lat' dir='ltr'><strong>non</strong></span> <span class='ocrx_word' id='word_1_231' title='bbox 1770 1137 1806 1165; x_wconf 87' lang='lat' dir='ltr'><strong>ut</strong></span> 
     </span>
    </p>
   </div>
   <div class='ocr_carea' id='block_1_21' title="bbox 183 1186 1804 1229">
    <p class='ocr_par' dir='ltr' id='par_1_21' title="bbox 183 1186 1804 1229">
     <span class='ocr_line' id='line_1_21' title="bbox 183 1186 1804 1229; baseline -0.002 -10"><span class='ocrx_word' id='word_1_232' title='bbox 183 1191 306 1219; x_wconf 83' lang='lat' dir='ltr'><strong>veteres</strong></span> <span class='ocrx_word' id='word_1_233' title='bbox 328 1188 376 1218; x_wconf 91' lang='lat' dir='ltr'><strong>illi</strong></span> <span class='ocrx_word' id='word_1_234' title='bbox 402 1190 551 1220; x_wconf 78' lang='lat' dir='ltr'><strong>Romamn</strong></span> <span class='ocrx_word' id='word_1_235' title='bbox 568 1190 655 1221; x_wconf 89' lang='lat' dir='ltr'><strong>urbis</strong></span> <span class='ocrx_word' id='word_1_236' title='bbox 675 1194 842 1221; x_wconf 84' lang='lat' dir='ltr'><strong>senatores</strong></span> <span class='ocrx_word' id='word_1_237' title='bbox 861 1198 943 1229; x_wconf 88' lang='lat' dir='ltr'><strong>quos</strong></span> <span class='ocrx_word' id='word_1_238' title='bbox 963 1198 1001 1220; x_wconf 88' lang='lat' dir='ltr'><strong>eo</strong></span> <span class='ocrx_word' id='word_1_239' title='bbox 1019 1190 1149 1220; x_wconf 88' lang='lat' dir='ltr'><strong>nomine</strong></span> <span class='ocrx_word' id='word_1_240' title='bbox 1168 1189 1355 1229; x_wconf 80' lang='lat' dir='ltr'><strong>perstringit</strong></span> <span class='ocrx_word' id='word_1_241' title='bbox 1372 1186 1562 1219; x_wconf 86' lang='lat' dir='ltr'><strong>Ammianus</strong></span> <span class='ocrx_word' id='word_1_242' title='bbox 1578 1186 1804 1223; x_wconf 83' lang='lat' dir='ltr'><strong>Marcellinus,</strong></span> 
     </span>
    </p>
   </div>
   <div class='ocr_carea' id='block_1_22' title="bbox 182 1237 1804 1280">
    <p class='ocr_par' dir='ltr' id='par_1_22' title="bbox 182 1237 1804 1280">
     <span class='ocr_line' id='line_1_22' title="bbox 182 1237 1804 1280; baseline -0.001 -12"><span class='ocrx_word' id='word_1_243' title='bbox 182 1246 251 1268; x_wconf 81' lang='lat' dir='ltr'><strong>eam</strong></span> <span class='ocrx_word' id='word_1_244' title='bbox 270 1239 369 1269; x_wconf 88' lang='lat' dir='ltr'><strong>instar</strong></span> <span class='ocrx_word' id='word_1_245' title='bbox 387 1240 552 1279; x_wconf 83' lang='lat' dir='ltr'><strong>cujusdam</strong></span> <span class='ocrx_word' id='word_1_246' title='bbox 571 1241 711 1280; x_wconf 85' lang='lat' dir='ltr'><strong>sepulcri</strong></span> <span class='ocrx_word' id='word_1_247' title='bbox 729 1243 884 1280; x_wconf 86' lang='lat' dir='ltr'><strong>perpetuo</strong></span> <span class='ocrx_word' id='word_1_248' title='bbox 900 1240 1039 1270; x_wconf 86' lang='lat' dir='ltr'><strong>clausam</strong></span> <span class='ocrx_word' id='word_1_249' title='bbox 1060 1239 1176 1270; x_wconf 85' lang='lat' dir='ltr'><strong>habet:</strong></span> <span class='ocrx_word' id='word_1_250' title='bbox 1197 1240 1251 1270; x_wconf 87' lang='lat' dir='ltr'><strong>sed</strong></span> <span class='ocrx_word' id='word_1_251' title='bbox 1270 1240 1356 1270; x_wconf 91' lang='lat' dir='ltr'><strong>velut</strong></span> <span class='ocrx_word' id='word_1_252' title='bbox 1374 1240 1531 1279; x_wconf 88' lang='lat' dir='ltr'><strong>publicam</strong></span> <span class='ocrx_word' id='word_1_253' title='bbox 1549 1238 1680 1268; x_wconf 88' lang='lat' dir='ltr'><strong>domum</strong></span> <span class='ocrx_word' id='word_1_254' title='bbox 1697 1237 1804 1267; x_wconf 89' lang='lat' dir='ltr'><strong>omni-</strong></span> 
     </span>
    </p>
   </div>
   <div class='ocr_carea' id='block_1_23' title="bbox 182 1286 1803 1330">
    <p class='ocr_par' dir='ltr' id='par_1_23' title="bbox 182 1286 1803 1330">
     <span class='ocr_line' id='line_1_23' title="bbox 182 1286 1803 1330; baseline -0.001 -14"><span class='ocrx_word' id='word_1_255' title='bbox 182 1286 243 1317; x_wconf 93' lang='lat' dir='ltr'><strong>bus</strong></span> <span class='ocrx_word' id='word_1_256' title='bbox 260 1289 362 1326; x_wconf 79' lang='lat' dir='ltr'><strong>aperit</strong></span> <span class='ocrx_word' id='word_1_257' title='bbox 382 1290 535 1328; x_wconf 74' lang='lat' dir='ltr'><strong>eruditis;</strong></span> <span class='ocrx_word' id='word_1_258' title='bbox 558 1292 707 1330; x_wconf 76' lang='lat' dir='ltr'><strong>ultroque</strong></span> <span class='ocrx_word' id='word_1_259' title='bbox 724 1290 759 1320; x_wconf 87' lang='lat' dir='ltr'><strong>ad</strong></span> <span class='ocrx_word' id='word_1_260' title='bbox 778 1299 846 1320; x_wconf 81' lang='lat' dir='ltr'><strong>eam</strong></span> <span class='ocrx_word' id='word_1_261' title='bbox 868 1290 980 1320; x_wconf 83' lang='lat' dir='ltr'><strong>invitat</strong></span> <span class='ocrx_word' id='word_1_262' title='bbox 998 1289 1163 1328; x_wconf 84' lang='lat' dir='ltr'><strong>singulos;</strong></span> <span class='ocrx_word' id='word_1_263' title='bbox 1183 1293 1214 1320; x_wconf 89' lang='lat' dir='ltr'><strong>et</strong></span> <span class='ocrx_word' id='word_1_264' title='bbox 1230 1290 1521 1328; x_wconf 81' lang='lat' dir='ltr'><strong>manuscriptorum</strong></span> <span class='ocrx_word' id='word_1_265' title='bbox 1540 1288 1688 1319; x_wconf 87' lang='lat' dir='ltr'><strong>codicum</strong></span> <span class='ocrx_word' id='word_1_266' title='bbox 1711 1294 1803 1317; x_wconf 90' lang='lat' dir='ltr'><strong>usum</strong></span> 
     </span>
    </p>
   </div>
   <div class='ocr_carea' id='block_1_24' title="bbox 183 1336 1805 1380">
    <p class='ocr_par' dir='ltr' id='par_1_24' title="bbox 183 1336 1805 1380">
     <span class='ocr_line' id='line_1_24' title="bbox 183 1336 1805 1380; baseline 0 -14"><span class='ocrx_word' id='word_1_267' title='bbox 183 1338 356 1374; x_wconf 85' lang='lat' dir='ltr'><strong>studiosis,</strong></span> <span class='ocrx_word' id='word_1_268' title='bbox 383 1342 641 1380; x_wconf 83' lang='lat' dir='ltr'><strong>quotiescunque</strong></span> <span class='ocrx_word' id='word_1_269' title='bbox 668 1348 750 1379; x_wconf 82' lang='lat' dir='ltr'><strong>Opus</strong></span> <span class='ocrx_word' id='word_1_270' title='bbox 775 1339 969 1375; x_wconf 85' lang='lat' dir='ltr'><strong>habuerint,</strong></span> <span class='ocrx_word' id='word_1_271' title='bbox 998 1339 1169 1370; x_wconf 84' lang='lat' dir='ltr'><strong>liberaliter</strong></span> <span class='ocrx_word' id='word_1_272' title='bbox 1192 1340 1345 1378; x_wconf 86' lang='lat' dir='ltr'><strong>impertit.</strong></span> <span class='ocrx_word' id='word_1_273' title='bbox 1371 1340 1453 1377; x_wconf 89' lang='lat' dir='ltr'><strong>Quid</strong></span> <span class='ocrx_word' id='word_1_274' title='bbox 1475 1339 1577 1370; x_wconf 81' lang='lat' dir='ltr'><strong>dicam</strong></span> <span class='ocrx_word' id='word_1_275' title='bbox 1606 1338 1645 1368; x_wconf 82' lang='lat' dir='ltr'><strong>de</strong></span> <span class='ocrx_word' id='word_1_276' title='bbox 1673 1336 1805 1376; x_wconf 87' lang='lat' dir='ltr'><strong>reliquis</strong></span> 
     </span>
    </p>
   </div>
   <div class='ocr_carea' id='block_1_25' title="bbox 183 1386 1803 1428">
    <p class='ocr_par' dir='ltr' id='par_1_25' title="bbox 183 1386 1803 1428">
     <span class='ocr_line' id='line_1_25' title="bbox 183 1386 1803 1428; baseline 0 -12"><span class='ocrx_word' id='word_1_277' title='bbox 183 1386 269 1417; x_wconf 91' lang='lat' dir='ltr'><strong>illius</strong></span> <span class='ocrx_word' id='word_1_278' title='bbox 289 1389 460 1419; x_wconf 83' lang='lat' dir='ltr'><strong>virtutibus</strong></span> <span class='ocrx_word' id='word_1_279' title='bbox 479 1393 509 1420; x_wconf 79' lang='lat' dir='ltr'><strong>et</strong></span> <span class='ocrx_word' id='word_1_280' title='bbox 526 1390 655 1420; x_wconf 83' lang='lat' dir='ltr'><strong>eximiis</strong></span> <span class='ocrx_word' id='word_1_281' title='bbox 673 1389 773 1420; x_wconf 89' lang='lat' dir='ltr'><strong>animi</strong></span> <span class='ocrx_word' id='word_1_282' title='bbox 793 1389 948 1420; x_wconf 81' lang='lat' dir='ltr'><strong>dotibus?</strong></span> <span class='ocrx_word' id='word_1_283' title='bbox 965 1389 1042 1428; x_wconf 89' lang='lat' dir='ltr'><strong>quid</strong></span> <span class='ocrx_word' id='word_1_284' title='bbox 1061 1390 1100 1420; x_wconf 89' lang='lat' dir='ltr'><strong>de</strong></span> <span class='ocrx_word' id='word_1_285' title='bbox 1116 1390 1255 1421; x_wconf 85' lang='lat' dir='ltr'><strong>mirabili</strong></span> <span class='ocrx_word' id='word_1_286' title='bbox 1278 1390 1496 1421; x_wconf 83' lang='lat' dir='ltr'><strong>moderatione</strong></span> <span class='ocrx_word' id='word_1_287' title='bbox 1512 1397 1546 1419; x_wconf 89' lang='lat' dir='ltr'><strong>ac</strong></span> <span class='ocrx_word' id='word_1_288' title='bbox 1566 1388 1717 1422; x_wconf 87' lang='lat' dir='ltr'><strong>lenitate,</strong></span> <span class='ocrx_word' id='word_1_289' title='bbox 1741 1395 1803 1425; x_wconf 88' lang='lat' dir='ltr'><strong>qua</strong></span> 
     </span>
    </p>
   </div>
   <div class='ocr_carea' id='block_1_26' title="bbox 181 1438 1805 1483">
    <p class='ocr_par' dir='ltr' id='par_1_26' title="bbox 181 1438 1805 1483">
     <span class='ocr_line' id='line_1_26' title="bbox 181 1438 1805 1483; baseline 0.002 -16"><span class='ocrx_word' id='word_1_290' title='bbox 181 1438 353 1470; x_wconf 85' lang='lat' dir='ltr'><strong>intestinos</strong></span> <span class='ocrx_word' id='word_1_291' title='bbox 377 1444 482 1471; x_wconf 85' lang='lat' dir='ltr'><strong>motus</strong></span> <span class='ocrx_word' id='word_1_292' title='bbox 507 1451 541 1472; x_wconf 88' lang='lat' dir='ltr'><strong>ac</strong></span> <span class='ocrx_word' id='word_1_293' title='bbox 566 1443 723 1473; x_wconf 86' lang='lat' dir='ltr'><strong>tumultus</strong></span> <span class='ocrx_word' id='word_1_294' title='bbox 744 1443 813 1473; x_wconf 89' lang='lat' dir='ltr'><strong>sine</strong></span> <span class='ocrx_word' id='word_1_295' title='bbox 837 1442 934 1473; x_wconf 90' lang='lat' dir='ltr'><strong>ullius</strong></span> <span class='ocrx_word' id='word_1_296' title='bbox 957 1442 1035 1473; x_wconf 91' lang='lat' dir='ltr'><strong>civis</strong></span> <span class='ocrx_word' id='word_1_297' title='bbox 1060 1452 1175 1474; x_wconf 84' lang='lat' dir='ltr'><strong>cruore</strong></span> <span class='ocrx_word' id='word_1_298' title='bbox 1198 1443 1491 1483; x_wconf 74' lang='lat' dir='ltr'><strong>compescuit?Sed</strong></span> <span class='ocrx_word' id='word_1_299' title='bbox 1519 1443 1584 1473; x_wconf 75' lang='lat' dir='ltr'><strong>haec</strong></span> <span class='ocrx_word' id='word_1_300' title='bbox 1607 1441 1687 1472; x_wconf 91' lang='lat' dir='ltr'><strong>alias</strong></span> <span class='ocrx_word' id='word_1_301' title='bbox 1710 1450 1728 1471; x_wconf 88' lang='lat' dir='ltr'><strong>a</strong></span> <span class='ocrx_word' id='word_1_302' title='bbox 1753 1449 1805 1470; x_wconf 84' lang='lat' dir='ltr'><strong>me</strong></span> 
     </span>
    </p>
   </div>
   <div class='ocr_carea' id='block_1_27' title="bbox 181 1489 1801 1532">
    <p class='ocr_par' dir='ltr' id='par_1_27' title="bbox 181 1489 1801 1532">
     <span class='ocr_line' id='line_1_27' title="bbox 181 1489 1801 1532; baseline 0.005 -16"><span class='ocrx_word' id='word_1_303' title='bbox 181 1489 397 1526; x_wconf 70' lang='lat' dir='ltr'><strong>commodius,</strong></span> <span class='ocrx_word' id='word_1_304' title='bbox 412 1494 466 1521; x_wconf 91' lang='lat' dir='ltr'><strong>aut</strong></span> <span class='ocrx_word' id='word_1_305' title='bbox 482 1491 521 1522; x_wconf 90' lang='lat' dir='ltr'><strong>ab</strong></span> <span class='ocrx_word' id='word_1_306' title='bbox 536 1491 608 1522; x_wconf 78' lang='lat' dir='ltr'><strong>aliis</strong></span> <span class='ocrx_word' id='word_1_307' title='bbox 624 1493 774 1523; x_wconf 79' lang='lat' dir='ltr'><strong>dicentur</strong></span> <span class='ocrx_word' id='word_1_308' title='bbox 789 1492 945 1522; x_wconf 82' lang='lat' dir='ltr'><strong>omatius.</strong></span> <span class='ocrx_word' id='word_1_309' title='bbox 971 1492 1060 1523; x_wconf 82' lang='lat' dir='ltr'><strong>Nunc</strong></span> <span class='ocrx_word' id='word_1_310' title='bbox 1083 1494 1170 1524; x_wconf 90' lang='lat' dir='ltr'><strong>enim</strong></span> <span class='ocrx_word' id='word_1_311' title='bbox 1194 1503 1247 1525; x_wconf 86' lang='lat' dir='ltr'><strong>eas</strong></span> <span class='ocrx_word' id='word_1_312' title='bbox 1272 1498 1394 1525; x_wconf 81' lang='lat' dir='ltr'><strong>tantum</strong></span> <span class='ocrx_word' id='word_1_313' title='bbox 1414 1495 1501 1526; x_wconf 91' lang='lat' dir='ltr'><strong>illius</strong></span> <span class='ocrx_word' id='word_1_314' title='bbox 1523 1494 1633 1525; x_wconf 87' lang='lat' dir='ltr'><strong>laudes</strong></span> <span class='ocrx_word' id='word_1_315' title='bbox 1653 1493 1801 1532; x_wconf 84' lang='lat' dir='ltr'><strong>persequi</strong></span> 
     </span>
    </p>
   </div>
   <div class='ocr_carea' id='block_1_28' title="bbox 181 1539 1802 1586">
    <p class='ocr_par' dir='ltr' id='par_1_28' title="bbox 181 1539 1802 1586">
     <span class='ocr_line' id='line_1_28' title="bbox 181 1539 1802 1586; baseline 0.007 -20"><span class='ocrx_word' id='word_1_316' title='bbox 181 1539 356 1576; x_wconf 82' lang='lat' dir='ltr'><strong>constitui,</strong></span> <span class='ocrx_word' id='word_1_317' title='bbox 381 1549 453 1579; x_wconf 82' lang='lat' dir='ltr'><strong>qum</strong></span> <span class='ocrx_word' id='word_1_318' title='bbox 476 1543 622 1580; x_wconf 82' lang='lat' dir='ltr'><strong>privatim</strong></span> <span class='ocrx_word' id='word_1_319' title='bbox 650 1544 809 1582; x_wconf 83' lang='lat' dir='ltr'><strong>pertinent</strong></span> <span class='ocrx_word' id='word_1_320' title='bbox 826 1544 863 1574; x_wconf 87' lang='lat' dir='ltr'><strong>ad</strong></span> <span class='ocrx_word' id='word_1_321' title='bbox 885 1544 992 1575; x_wconf 84' lang='lat' dir='ltr'><strong>studia</strong></span> <span class='ocrx_word' id='word_1_322' title='bbox 1011 1545 1201 1578; x_wconf 88' lang='lat' dir='ltr'><strong>litterarum.</strong></span> <span class='ocrx_word' id='word_1_323' title='bbox 1223 1548 1415 1586; x_wconf 83' lang='lat' dir='ltr'><strong>Temperare</strong></span> <span class='ocrx_word' id='word_1_324' title='bbox 1433 1551 1536 1578; x_wconf 82' lang='lat' dir='ltr'><strong>tamen</strong></span> <span class='ocrx_word' id='word_1_325' title='bbox 1558 1547 1635 1577; x_wconf 92' lang='lat' dir='ltr'><strong>mihi</strong></span> <span class='ocrx_word' id='word_1_326' title='bbox 1655 1548 1722 1585; x_wconf 78' lang='lat' dir='ltr'><strong>ipse</strong></span> <span class='ocrx_word' id='word_1_327' title='bbox 1739 1555 1802 1577; x_wconf 87' lang='lat' dir='ltr'><strong>non</strong></span> 
     </span>
    </p>
   </div>
   <div class='ocr_carea' id='block_1_29' title="bbox 182 1589 1803 1633">
    <p class='ocr_par' dir='ltr' id='par_1_29' title="bbox 182 1589 1803 1633">
     <span class='ocr_line' id='line_1_29' title="bbox 182 1589 1803 1633; baseline 0.009 -19"><span class='ocrx_word' id='word_1_328' title='bbox 182 1594 334 1624; x_wconf 88' lang='lat' dir='ltr'><strong>possum,</strong></span> <span class='ocrx_word' id='word_1_329' title='bbox 357 1589 436 1626; x_wconf 92' lang='lat' dir='ltr'><strong>quin</strong></span> <span class='ocrx_word' id='word_1_330' title='bbox 457 1590 508 1622; x_wconf 92' lang='lat' dir='ltr'><strong>hic</strong></span> <span class='ocrx_word' id='word_1_331' title='bbox 524 1593 563 1622; x_wconf 80' lang='lat' dir='ltr'><strong>de</strong></span> <span class='ocrx_word' id='word_1_332' title='bbox 581 1602 656 1632; x_wconf 82' lang='lat' dir='ltr'><strong>pace</strong></span> <span class='ocrx_word' id='word_1_333' title='bbox 673 1593 794 1631; x_wconf 69' lang='lat' dir='ltr'><strong>aliquid</strong></span> <span class='ocrx_word' id='word_1_334' title='bbox 818 1594 919 1624; x_wconf 84' lang='lat' dir='ltr'><strong>dicam</strong></span> <span class='ocrx_word' id='word_1_335' title='bbox 936 1616 944 1630; x_wconf 92' lang='lat'><strong>,</strong></span> <span class='ocrx_word' id='word_1_336' title='bbox 968 1603 1064 1633; x_wconf 88' lang='lat' dir='ltr'><strong>quam</strong></span> <span class='ocrx_word' id='word_1_337' title='bbox 1088 1596 1367 1628; x_wconf 80' lang='lat' dir='ltr'><strong>eminentissimus</strong></span> <span class='ocrx_word' id='word_1_338' title='bbox 1393 1599 1564 1630; x_wconf 89' lang='lat' dir='ltr'><strong>cardiualis</strong></span> <span class='ocrx_word' id='word_1_339' title='bbox 1587 1600 1674 1629; x_wconf 89' lang='lat' dir='ltr'><strong>omni</strong></span> <span class='ocrx_word' id='word_1_340' title='bbox 1696 1598 1803 1629; x_wconf 86' lang='lat' dir='ltr'><strong>studio</strong></span> 
     </span>
    </p>
   </div>
   <div class='ocr_carea' id='block_1_30' title="bbox 181 1639 1803 1689">
    <p class='ocr_par' dir='ltr' id='par_1_30' title="bbox 181 1639 1803 1689">
     <span class='ocr_line' id='line_1_30' title="bbox 181 1639 1803 1689; baseline 0.008 -22"><span class='ocrx_word' id='word_1_341' title='bbox 181 1642 277 1676; x_wconf 86' lang='lat' dir='ltr'><strong>atque</strong></span> <span class='ocrx_word' id='word_1_342' title='bbox 303 1639 457 1672; x_wconf 87' lang='lat' dir='ltr'><strong>industria</strong></span> <span class='ocrx_word' id='word_1_343' title='bbox 487 1652 572 1675; x_wconf 89' lang='lat' dir='ltr'><strong>nunc</strong></span> <span class='ocrx_word' id='word_1_344' title='bbox 594 1643 732 1674; x_wconf 87' lang='lat' dir='ltr'><strong>maxime</strong></span> <span class='ocrx_word' id='word_1_345' title='bbox 754 1647 845 1682; x_wconf 83' lang='lat' dir='ltr'><strong>urget</strong></span> <span class='ocrx_word' id='word_1_346' title='bbox 869 1653 904 1674; x_wconf 86' lang='lat' dir='ltr'><strong>ac</strong></span> <span class='ocrx_word' id='word_1_347' title='bbox 930 1648 1116 1682; x_wconf 87' lang='lat' dir='ltr'><strong>promovet,</strong></span> <span class='ocrx_word' id='word_1_348' title='bbox 1143 1649 1174 1676; x_wconf 90' lang='lat' dir='ltr'><strong>et</strong></span> <span class='ocrx_word' id='word_1_349' title='bbox 1199 1655 1293 1684; x_wconf 89' lang='lat' dir='ltr'><strong>quam</strong></span> <span class='ocrx_word' id='word_1_350' title='bbox 1321 1647 1407 1677; x_wconf 87' lang='lat' dir='ltr'><strong>brevi</strong></span> <span class='ocrx_word' id='word_1_351' title='bbox 1428 1657 1483 1687; x_wconf 91' lang='lat' dir='ltr'><strong>per</strong></span> <span class='ocrx_word' id='word_1_352' title='bbox 1509 1657 1671 1687; x_wconf 74' lang='lat' dir='ltr'><strong>prtecones</strong></span> <span class='ocrx_word' id='word_1_353' title='bbox 1697 1651 1803 1689; x_wconf 81' lang='lat' dir='ltr'><strong>regios</strong></span> 
     </span>
    </p>
   </div>
   <div class='ocr_carea' id='block_1_31' title="bbox 181 1686 1804 1739">
    <p class='ocr_par' dir='ltr' id='par_1_31' title="bbox 181 1686 1804 1739">
     <span class='ocr_line' id='line_1_31' title="bbox 181 1686 1804 1739; baseline 0.01 -23"><span class='ocrx_word' id='word_1_354' title='bbox 181 1686 309 1725; x_wconf 85' lang='lat' dir='ltr'><strong>publice</strong></span> <span class='ocrx_word' id='word_1_355' title='bbox 326 1692 595 1728; x_wconf 75' lang='lat' dir='ltr'><strong>pronuntiandam</strong></span> <span class='ocrx_word' id='word_1_356' title='bbox 625 1702 696 1724; x_wconf 81' lang='lat' dir='ltr'><strong>esse</strong></span> <span class='ocrx_word' id='word_1_357' title='bbox 718 1702 897 1731; x_wconf 87' lang='lat' dir='ltr'><strong>speramus.</strong></span> <span class='ocrx_word' id='word_1_358' title='bbox 921 1693 1047 1733; x_wconf 85' lang='lat' dir='ltr'><strong>Quippe</strong></span> <span class='ocrx_word' id='word_1_359' title='bbox 1064 1703 1099 1725; x_wconf 86' lang='lat' dir='ltr'><strong>ca</strong></span> <span class='ocrx_word' id='word_1_360' title='bbox 1130 1704 1179 1726; x_wconf 88' lang='lat' dir='ltr'><strong>res</strong></span> <span class='ocrx_word' id='word_1_361' title='bbox 1201 1695 1357 1737; x_wconf 64' lang='lat' dir='ltr'><strong>praecipue</strong></span> <span class='ocrx_word' id='word_1_362' title='bbox 1382 1686 1646 1731; x_wconf 16' lang='lat' dir='ltr'><strong>adrconimodum</strong></span> <span class='ocrx_word' id='word_1_363' title='bbox 1667 1701 1804 1739; x_wconf 85' lang='lat' dir='ltr'><strong>pertinet</strong></span> 
     </span>
    </p>
   </div>
   <div class='ocr_carea' id='block_1_32' title="bbox 183 1739 1803 1789">
    <p class='ocr_par' dir='ltr' id='par_1_32' title="bbox 183 1739 1803 1789">
     <span class='ocr_line' id='line_1_32' title="bbox 183 1739 1803 1789; baseline 0.008 -20"><span class='ocrx_word' id='word_1_364' title='bbox 183 1739 357 1770; x_wconf 86' lang='lat' dir='ltr'><strong>litterarum</strong></span> <span class='ocrx_word' id='word_1_365' title='bbox 372 1762 380 1777; x_wconf 87' lang='lat'><strong>,</strong></span> <span class='ocrx_word' id='word_1_366' title='bbox 400 1750 479 1780; x_wconf 87' lang='lat' dir='ltr'><strong>quas</strong></span> <span class='ocrx_word' id='word_1_367' title='bbox 502 1742 586 1780; x_wconf 85' lang='lat' dir='ltr'><strong>pacis</strong></span> <span class='ocrx_word' id='word_1_368' title='bbox 602 1743 747 1773; x_wconf 88' lang='lat' dir='ltr'><strong>alumnas</strong></span> <span class='ocrx_word' id='word_1_369' title='bbox 765 1751 855 1778; x_wconf 84' lang='lat' dir='ltr'><strong>esse,</strong></span> <span class='ocrx_word' id='word_1_370' title='bbox 873 1746 903 1773; x_wconf 85' lang='lat' dir='ltr'><strong>et</strong></span> <span class='ocrx_word' id='word_1_371' title='bbox 921 1743 982 1773; x_wconf 88' lang='lat' dir='ltr'><strong>sub</strong></span> <span class='ocrx_word' id='word_1_372' title='bbox 1001 1744 1072 1782; x_wconf 89' lang='lat' dir='ltr'><strong>ejus</strong></span> <span class='ocrx_word' id='word_1_373' title='bbox 1092 1745 1203 1775; x_wconf 89' lang='lat' dir='ltr'><strong>umbra</strong></span> <span class='ocrx_word' id='word_1_374' title='bbox 1219 1755 1253 1776; x_wconf 87' lang='lat' dir='ltr'><strong>ac</strong></span> <span class='ocrx_word' id='word_1_375' title='bbox 1273 1747 1420 1784; x_wconf 67' lang='lat' dir='ltr'><strong>praesidio</strong></span> <span class='ocrx_word' id='word_1_376' title='bbox 1436 1750 1687 1789; x_wconf 81' lang='lat' dir='ltr'><strong>conquiescere,</strong></span> <span class='ocrx_word' id='word_1_377' title='bbox 1708 1760 1803 1782; x_wconf 90' lang='lat' dir='ltr'><strong>nemo</strong></span> 
     </span>
    </p>
   </div>
   <div class='ocr_carea' id='block_1_33' title="bbox 182 1789 1801 1838">
    <p class='ocr_par' dir='ltr' id='par_1_33' title="bbox 182 1789 1801 1838">
     <span class='ocr_line' id='line_1_33' title="bbox 182 1789 1801 1838; baseline 0.008 -18"><span class='ocrx_word' id='word_1_378' title='bbox 182 1793 228 1820; x_wconf 92' lang='lat' dir='ltr'><strong>est</strong></span> <span class='ocrx_word' id='word_1_379' title='bbox 252 1789 307 1829; x_wconf 90' lang='lat' dir='ltr'><strong>qui</strong></span> <span class='ocrx_word' id='word_1_380' title='bbox 327 1791 459 1821; x_wconf 81' lang='lat' dir='ltr'><strong>nesciat.</strong></span> <span class='ocrx_word' id='word_1_381' title='bbox 485 1792 564 1822; x_wconf 84' lang='lat' dir='ltr'><strong>Cum</strong></span> <span class='ocrx_word' id='word_1_382' title='bbox 588 1791 687 1831; x_wconf 82' lang='lat' dir='ltr'><strong>igitur</strong></span> <span class='ocrx_word' id='word_1_383' title='bbox 707 1791 878 1823; x_wconf 85' lang='lat' dir='ltr'><strong>cardinalis</strong></span> <span class='ocrx_word' id='word_1_384' title='bbox 904 1793 1185 1825; x_wconf 83' lang='lat' dir='ltr'><strong>eminentissimus</strong></span> <span class='ocrx_word' id='word_1_385' title='bbox 1209 1796 1432 1834; x_wconf 81' lang='lat' dir='ltr'><strong>gubernaculis</strong></span> <span class='ocrx_word' id='word_1_386' title='bbox 1458 1800 1643 1838; x_wconf 74' lang='lat' dir='ltr'><strong>reipublicta</strong></span> <span class='ocrx_word' id='word_1_387' title='bbox 1666 1801 1801 1835; x_wconf 77' lang='lat' dir='ltr'><strong>primunt</strong></span> 
     </span>
    </p>
   </div>
   <div class='ocr_carea' id='block_1_34' title="bbox 181 1843 1802 1890">
    <p class='ocr_par' dir='ltr' id='par_1_34' title="bbox 181 1843 1802 1890">
     <span class='ocr_line' id='line_1_34' title="bbox 181 1843 1802 1890; baseline 0.007 -19"><span class='ocrx_word' id='word_1_388' title='bbox 181 1843 327 1873; x_wconf 86' lang='lat' dir='ltr'><strong>admotus</strong></span> <span class='ocrx_word' id='word_1_389' title='bbox 341 1865 350 1879; x_wconf 90' lang='lat'><strong>,</strong></span> <span class='ocrx_word' id='word_1_390' title='bbox 365 1844 485 1874; x_wconf 89' lang='lat' dir='ltr'><strong>bellum</strong></span> <span class='ocrx_word' id='word_1_391' title='bbox 504 1853 598 1883; x_wconf 83' lang='lat' dir='ltr'><strong>grave</strong></span> <span class='ocrx_word' id='word_1_392' title='bbox 615 1853 686 1875; x_wconf 90' lang='lat' dir='ltr'><strong>cum</strong></span> <span class='ocrx_word' id='word_1_393' title='bbox 709 1844 862 1882; x_wconf 86' lang='lat' dir='ltr'><strong>Hispanis</strong></span> <span class='ocrx_word' id='word_1_394' title='bbox 882 1852 945 1875; x_wconf 93' lang='lat' dir='ltr'><strong>non</strong></span> <span class='ocrx_word' id='word_1_395' title='bbox 969 1845 1137 1876; x_wconf 83' lang='lat' dir='ltr'><strong>conﬂasset</strong></span> <span class='ocrx_word' id='word_1_396' title='bbox 1155 1847 1242 1884; x_wconf 87' lang='lat' dir='ltr'><strong>ipse,</strong></span> <span class='ocrx_word' id='word_1_397' title='bbox 1265 1847 1318 1878; x_wconf 86' lang='lat' dir='ltr'><strong>sed</strong></span> <span class='ocrx_word' id='word_1_398' title='bbox 1337 1849 1507 1879; x_wconf 79' lang='lat' dir='ltr'><strong>conflatum</strong></span> <span class='ocrx_word' id='word_1_399' title='bbox 1526 1850 1590 1889; x_wconf 88' lang='lat' dir='ltr'><strong>jam</strong></span> <span class='ocrx_word' id='word_1_400' title='bbox 1613 1851 1802 1890; x_wconf 84' lang='lat' dir='ltr'><strong>reperisset,</strong></span> 
     </span>
    </p>
   </div>
   <div class='ocr_carea' id='block_1_35' title="bbox 183 1892 1802 1935">
    <p class='ocr_par' dir='ltr' id='par_1_35' title="bbox 183 1892 1802 1935">
     <span class='ocr_line' id='line_1_35' title="bbox 183 1892 1802 1935; baseline 0.007 -14"><span class='ocrx_word' id='word_1_401' title='bbox 183 1892 292 1927; x_wconf 89' lang='lat' dir='ltr'><strong>variis,</strong></span> <span class='ocrx_word' id='word_1_402' title='bbox 311 1897 344 1923; x_wconf 96' lang='lat' dir='ltr'><strong>ut</strong></span> <span class='ocrx_word' id='word_1_403' title='bbox 364 1894 395 1924; x_wconf 90' lang='lat' dir='ltr'><strong>in</strong></span> <span class='ocrx_word' id='word_1_404' title='bbox 414 1898 498 1924; x_wconf 89' lang='lat' dir='ltr'><strong>tanta</strong></span> <span class='ocrx_word' id='word_1_405' title='bbox 514 1895 560 1929; x_wconf 74' lang='lat' dir='ltr'><strong>re;</strong></span> <span class='ocrx_word' id='word_1_406' title='bbox 574 1894 720 1924; x_wconf 89' lang='lat' dir='ltr'><strong>consiliis</strong></span> <span class='ocrx_word' id='word_1_407' title='bbox 737 1894 790 1924; x_wconf 90' lang='lat' dir='ltr'><strong>diu</strong></span> <span class='ocrx_word' id='word_1_408' title='bbox 809 1899 838 1923; x_wconf 86' lang='lat' dir='ltr'><strong>et</strong></span> <span class='ocrx_word' id='word_1_409' title='bbox 856 1898 1002 1925; x_wconf 80' lang='lat' dir='ltr'><strong>accurate</strong></span> <span class='ocrx_word' id='word_1_410' title='bbox 1022 1895 1199 1933; x_wconf 78' lang='lat' dir='ltr'><strong>perpensis,</strong></span> <span class='ocrx_word' id='word_1_411' title='bbox 1219 1896 1247 1926; x_wconf 89' lang='lat' dir='ltr'><strong>id</strong></span> <span class='ocrx_word' id='word_1_412' title='bbox 1267 1897 1390 1928; x_wconf 60' lang='lat' dir='ltr'><strong>tandem</strong></span> <span class='ocrx_word' id='word_1_413' title='bbox 1408 1899 1586 1935; x_wconf 87' lang='lat' dir='ltr'><strong>constituit,</strong></span> <span class='ocrx_word' id='word_1_414' title='bbox 1603 1901 1802 1932; x_wconf 85' lang='lat' dir='ltr'><strong>edomandos</strong></span> 
     </span>
    </p>
   </div>
   <div class='ocr_carea' id='block_1_36' title="bbox 180 1944 1802 1991">
    <p class='ocr_par' dir='ltr' id='par_1_36' title="bbox 180 1944 1802 1991">
     <span class='ocr_line' id='line_1_36' title="bbox 180 1944 1802 1991; baseline 0.005 -17"><span class='ocrx_word' id='word_1_415' title='bbox 180 1944 334 1975; x_wconf 81' lang='lat' dir='ltr'><strong>diuturno</strong></span> <span class='ocrx_word' id='word_1_416' title='bbox 359 1945 447 1976; x_wconf 83' lang='lat' dir='ltr'><strong>bello</strong></span> <span class='ocrx_word' id='word_1_417' title='bbox 473 1955 542 1976; x_wconf 88' lang='lat' dir='ltr'><strong>esse</strong></span> <span class='ocrx_word' id='word_1_418' title='bbox 568 1945 747 1985; x_wconf 82' lang='lat' dir='ltr'><strong>Hispanos,</strong></span> <span class='ocrx_word' id='word_1_419' title='bbox 774 1954 874 1984; x_wconf 85' lang='lat' dir='ltr'><strong>reque</strong></span> <span class='ocrx_word' id='word_1_420' title='bbox 898 1946 968 1985; x_wconf 87' lang='lat' dir='ltr'><strong>ipsa</strong></span> <span class='ocrx_word' id='word_1_421' title='bbox 995 1948 1213 1978; x_wconf 80' lang='lat' dir='ltr'><strong>admonendos</strong></span> <span class='ocrx_word' id='word_1_422' title='bbox 1237 1953 1392 1987; x_wconf 85' lang='lat' dir='ltr'><strong>quantum</strong></span> <span class='ocrx_word' id='word_1_423' title='bbox 1416 1950 1496 1981; x_wconf 87' lang='lat' dir='ltr'><strong>Galli</strong></span> <span class='ocrx_word' id='word_1_424' title='bbox 1525 1953 1641 1987; x_wconf 87' lang='lat' dir='ltr'><strong>artnis,</strong></span> <span class='ocrx_word' id='word_1_425' title='bbox 1666 1953 1802 1991; x_wconf 76' lang='lat' dir='ltr'><strong>opibus,</strong></span> 
     </span>
    </p>
   </div>
   <div class='ocr_carea' id='block_1_37' title="bbox 179 1992 1802 2041">
    <p class='ocr_par' dir='ltr' id='par_1_37' title="bbox 179 1992 1802 2041">
     <span class='ocr_line' id='line_1_37' title="bbox 179 1992 1802 2041; baseline 0.007 -18"><span class='ocrx_word' id='word_1_426' title='bbox 179 1992 387 2030; x_wconf 81' lang='lat' dir='ltr'><strong>fortitudine,</strong></span> <span class='ocrx_word' id='word_1_427' title='bbox 408 1998 584 2029; x_wconf 87' lang='lat' dir='ltr'><strong>constantia</strong></span> <span class='ocrx_word' id='word_1_428' title='bbox 612 2003 640 2028; x_wconf 78' lang='lat' dir='ltr'><strong>et</strong></span> <span class='ocrx_word' id='word_1_429' title='bbox 659 1999 793 2037; x_wconf 71' lang='lat' dir='ltr'><strong>reliquis</strong></span> <span class='ocrx_word' id='word_1_430' title='bbox 816 1999 854 2029; x_wconf 77' lang='lat' dir='ltr'><strong>ad</strong></span> <span class='ocrx_word' id='word_1_431' title='bbox 879 1998 998 2029; x_wconf 88' lang='lat' dir='ltr'><strong>bellum</strong></span> <span class='ocrx_word' id='word_1_432' title='bbox 1025 2001 1218 2030; x_wconf 84' lang='lat' dir='ltr'><strong>necessariis</strong></span> <span class='ocrx_word' id='word_1_433' title='bbox 1241 2002 1397 2032; x_wconf 89' lang='lat' dir='ltr'><strong>subsidiis</strong></span> <span class='ocrx_word' id='word_1_434' title='bbox 1422 2003 1605 2041; x_wconf 77' lang='lat' dir='ltr'><strong>pollerent;</strong></span> <span class='ocrx_word' id='word_1_435' title='bbox 1635 2007 1668 2034; x_wconf 93' lang='lat' dir='ltr'><strong>ut</strong></span> <span class='ocrx_word' id='word_1_436' title='bbox 1693 2002 1802 2036; x_wconf 80' lang='lat' dir='ltr'><strong>hostes</strong></span> 
     </span>
    </p>
   </div>
   <div class='ocr_carea' id='block_1_38' title="bbox 180 2045 1803 2093">
    <p class='ocr_par' dir='ltr' id='par_1_38' title="bbox 180 2045 1803 2093">
     <span class='ocr_line' id='line_1_38' title="bbox 180 2045 1803 2093; baseline 0.006 -17"><span class='ocrx_word' id='word_1_437' title='bbox 180 2045 399 2077; x_wconf 71' lang='lat' dir='ltr'><strong>imbecillitate</strong></span> <span class='ocrx_word' id='word_1_438' title='bbox 417 2055 473 2078; x_wconf 80' lang='lat' dir='ltr'><strong>Sua</strong></span> <span class='ocrx_word' id='word_1_439' title='bbox 492 2053 521 2079; x_wconf 90' lang='lat' dir='ltr'><strong>et</strong></span> <span class='ocrx_word' id='word_1_440' title='bbox 539 2050 702 2080; x_wconf 87' lang='lat' dir='ltr'><strong>Gallorum</strong></span> <span class='ocrx_word' id='word_1_441' title='bbox 723 2050 862 2088; x_wconf 84' lang='lat' dir='ltr'><strong>potentia</strong></span> <span class='ocrx_word' id='word_1_442' title='bbox 878 2051 1025 2089; x_wconf 80' lang='lat' dir='ltr'><strong>cognita,</strong></span> <span class='ocrx_word' id='word_1_443' title='bbox 1047 2052 1214 2090; x_wconf 83' lang='lat' dir='ltr'><strong>segniores</strong></span> <span class='ocrx_word' id='word_1_444' title='bbox 1241 2053 1451 2093; x_wconf 83' lang='lat' dir='ltr'><strong>imposterum</strong></span> <span class='ocrx_word' id='word_1_445' title='bbox 1479 2057 1587 2085; x_wconf 86' lang='lat' dir='ltr'><strong>essent</strong></span> <span class='ocrx_word' id='word_1_446' title='bbox 1611 2055 1649 2085; x_wconf 93' lang='lat' dir='ltr'><strong>ad</strong></span> <span class='ocrx_word' id='word_1_447' title='bbox 1674 2059 1803 2086; x_wconf 90' lang='lat' dir='ltr'><strong>nostros</strong></span> 
     </span>
    </p>
   </div>
   <div class='ocr_carea' id='block_1_39' title="bbox 180 2099 1803 2143">
    <p class='ocr_par' dir='ltr' id='par_1_39' title="bbox 180 2099 1803 2143">
     <span class='ocr_line' id='line_1_39' title="bbox 180 2099 1803 2143; baseline 0.006 -16"><span class='ocrx_word' id='word_1_448' title='bbox 180 2103 234 2127; x_wconf 83' lang='lat' dir='ltr'><strong>aut</strong></span> <span class='ocrx_word' id='word_1_449' title='bbox 256 2099 354 2128; x_wconf 86' lang='lat' dir='ltr'><strong>armis</strong></span> <span class='ocrx_word' id='word_1_450' title='bbox 374 2102 427 2128; x_wconf 88' lang='lat' dir='ltr'><strong>aut</strong></span> <span class='ocrx_word' id='word_1_451' title='bbox 446 2099 564 2138; x_wconf 89' lang='lat' dir='ltr'><strong>injuria</strong></span> <span class='ocrx_word' id='word_1_452' title='bbox 588 2100 809 2131; x_wconf 78' lang='lat' dir='ltr'><strong>lacessendos.</strong></span> <span class='ocrx_word' id='word_1_453' title='bbox 837 2099 946 2140; x_wconf 83' lang='lat' dir='ltr'><strong>Neque</strong></span> <span class='ocrx_word' id='word_1_454' title='bbox 965 2101 1050 2132; x_wconf 90' lang='lat' dir='ltr'><strong>enim</strong></span> <span class='ocrx_word' id='word_1_455' title='bbox 1072 2102 1190 2133; x_wconf 81' lang='lat' dir='ltr'><strong>firmam</strong></span> <span class='ocrx_word' id='word_1_456' title='bbox 1211 2112 1246 2134; x_wconf 87' lang='lat' dir='ltr'><strong>ac</strong></span> <span class='ocrx_word' id='word_1_457' title='bbox 1263 2112 1408 2135; x_wconf 87' lang='lat' dir='ltr'><strong>securam</strong></span> <span class='ocrx_word' id='word_1_458' title='bbox 1435 2114 1540 2143; x_wconf 78' lang='lat' dir='ltr'><strong>pacem</strong></span> <span class='ocrx_word' id='word_1_459' title='bbox 1562 2114 1635 2136; x_wconf 87' lang='lat' dir='ltr'><strong>cum</strong></span> <span class='ocrx_word' id='word_1_460' title='bbox 1655 2105 1803 2137; x_wconf 82' lang='lat' dir='ltr'><strong>hostibus</strong></span> 
     </span>
    </p>
   </div>
   <div class='ocr_carea' id='block_1_40' title="bbox 180 2149 1800 2196">
    <p class='ocr_par' dir='ltr' id='par_1_40' title="bbox 180 2149 1800 2196">
     <span class='ocr_line' id='line_1_40' title="bbox 180 2149 1800 2196; baseline 0.005 -17"><span class='ocrx_word' id='word_1_461' title='bbox 180 2149 273 2179; x_wconf 89' lang='lat' dir='ltr'><strong>aliter</strong></span> <span class='ocrx_word' id='word_1_462' title='bbox 291 2159 384 2188; x_wconf 86' lang='lat' dir='ltr'><strong>posse</strong></span> <span class='ocrx_word' id='word_1_463' title='bbox 402 2151 572 2188; x_wconf 90' lang='lat' dir='ltr'><strong>constitui,</strong></span> <span class='ocrx_word' id='word_1_464' title='bbox 589 2161 682 2192; x_wconf 91' lang='lat' dir='ltr'><strong>quam</strong></span> <span class='ocrx_word' id='word_1_465' title='bbox 699 2161 770 2182; x_wconf 88' lang='lat' dir='ltr'><strong>cum</strong></span> <span class='ocrx_word' id='word_1_466' title='bbox 788 2153 832 2183; x_wconf 87' lang='lat' dir='ltr'><strong>illi</strong></span> <span class='ocrx_word' id='word_1_467' title='bbox 849 2153 948 2184; x_wconf 82' lang='lat' dir='ltr'><strong>Gallis</strong></span> <span class='ocrx_word' id='word_1_468' title='bbox 965 2151 1000 2184; x_wconf 81' lang='lat' dir='ltr'><strong>se</strong></span> <span class='ocrx_word' id='word_1_469' title='bbox 1019 2154 1050 2184; x_wconf 92' lang='lat' dir='ltr'><strong>in</strong></span> <span class='ocrx_word' id='word_1_470' title='bbox 1075 2155 1217 2193; x_wconf 83' lang='lat' dir='ltr'><strong>gerendo</strong></span> <span class='ocrx_word' id='word_1_471' title='bbox 1237 2156 1321 2187; x_wconf 85' lang='lat' dir='ltr'><strong>bello</strong></span> <span class='ocrx_word' id='word_1_472' title='bbox 1343 2157 1480 2196; x_wconf 83' lang='lat' dir='ltr'><strong>impares</strong></span> <span class='ocrx_word' id='word_1_473' title='bbox 1500 2165 1571 2186; x_wconf 83' lang='lat' dir='ltr'><strong>esse</strong></span> <span class='ocrx_word' id='word_1_474' title='bbox 1594 2157 1714 2188; x_wconf 88' lang='lat' dir='ltr'><strong>crebris</strong></span> <span class='ocrx_word' id='word_1_475' title='bbox 1733 2157 1800 2187; x_wconf 91' lang='lat' dir='ltr'><strong>cla-</strong></span> 
     </span>
    </p>
   </div>
   <div class='ocr_carea' id='block_1_41' title="bbox 180 2201 1803 2249">
    <p class='ocr_par' dir='ltr' id='par_1_41' title="bbox 180 2201 1803 2249">
     <span class='ocr_line' id='line_1_41' title="bbox 180 2201 1803 2249; baseline 0.006 -18"><span class='ocrx_word' id='word_1_476' title='bbox 180 2201 275 2233; x_wconf 89' lang='lat' dir='ltr'><strong>dibus</strong></span> <span class='ocrx_word' id='word_1_477' title='bbox 305 2203 373 2234; x_wconf 90' lang='lat' dir='ltr'><strong>suis</strong></span> <span class='ocrx_word' id='word_1_478' title='bbox 399 2204 668 2243; x_wconf 87' lang='lat' dir='ltr'><strong>detrimentisque</strong></span> <span class='ocrx_word' id='word_1_479' title='bbox 692 2205 885 2237; x_wconf 82' lang='lat' dir='ltr'><strong>sensissent.</strong></span> <span class='ocrx_word' id='word_1_480' title='bbox 912 2206 1023 2244; x_wconf 86' lang='lat' dir='ltr'><strong>Itaque</strong></span> <span class='ocrx_word' id='word_1_481' title='bbox 1049 2216 1121 2238; x_wconf 89' lang='lat' dir='ltr'><strong>cum</strong></span> <span class='ocrx_word' id='word_1_482' title='bbox 1149 2208 1284 2248; x_wconf 83' lang='lat' dir='ltr'><strong>Hispani</strong></span> <span class='ocrx_word' id='word_1_483' title='bbox 1309 2209 1342 2240; x_wconf 89' lang='lat' dir='ltr'><strong>id</strong></span> <span class='ocrx_word' id='word_1_484' title='bbox 1369 2218 1440 2240; x_wconf 85' lang='lat' dir='ltr'><strong>sero</strong></span> <span class='ocrx_word' id='word_1_485' title='bbox 1461 2210 1586 2241; x_wconf 86' lang='lat' dir='ltr'><strong>tandem</strong></span> <span class='ocrx_word' id='word_1_486' title='bbox 1615 2210 1746 2249; x_wconf 88' lang='lat' dir='ltr'><strong>perinde</strong></span> <span class='ocrx_word' id='word_1_487' title='bbox 1768 2220 1803 2241; x_wconf 75' lang='lat' dir='ltr'><strong>at:</strong></span> 
     </span>
    </p>
   </div>
   <div class='ocr_carea' id='block_1_42' title="bbox 179 2253 1802 2301">
    <p class='ocr_par' dir='ltr' id='par_1_42' title="bbox 179 2253 1802 2301">
     <span class='ocr_line' id='line_1_42' title="bbox 179 2253 1802 2301; baseline 0.005 -18"><span class='ocrx_word' id='word_1_488' title='bbox 179 2253 321 2293; x_wconf 72' lang='lat' dir='ltr'><strong>Phryges</strong></span> <span class='ocrx_word' id='word_1_489' title='bbox 350 2255 605 2294; x_wconf 77' lang='lat' dir='ltr'><strong>intellexissent,</strong></span> <span class='ocrx_word' id='word_1_490' title='bbox 637 2261 702 2287; x_wconf 90' lang='lat' dir='ltr'><strong>tum</strong></span> <span class='ocrx_word' id='word_1_491' title='bbox 733 2257 863 2288; x_wconf 88' lang='lat' dir='ltr'><strong>demum</strong></span> <span class='ocrx_word' id='word_1_492' title='bbox 895 2259 1063 2289; x_wconf 86' lang='lat' dir='ltr'><strong>cardiualis</strong></span> <span class='ocrx_word' id='word_1_493' title='bbox 1094 2259 1373 2293; x_wconf 85' lang='lat' dir='ltr'><strong>eminentissimus</strong></span> <span class='ocrx_word' id='word_1_494' title='bbox 1402 2266 1620 2301; x_wconf 82' lang='lat' dir='ltr'><strong>opportunum</strong></span> <span class='ocrx_word' id='word_1_495' title='bbox 1650 2261 1802 2292; x_wconf 81' lang='lat' dir='ltr'><strong>ineundae</strong></span> 
     </span>
    </p>
   </div>
   <div class='ocr_carea' id='block_1_43' title="bbox 182 2304 1802 2350">
    <p class='ocr_par' dir='ltr' id='par_1_43' title="bbox 182 2304 1802 2350">
     <span class='ocr_line' id='line_1_43' title="bbox 182 2304 1802 2350; baseline 0.005 -18"><span class='ocrx_word' id='word_1_496' title='bbox 182 2304 266 2340; x_wconf 90' lang='lat' dir='ltr'><strong>pacis</strong></span> <span class='ocrx_word' id='word_1_497' title='bbox 284 2308 409 2343; x_wconf 86' lang='lat' dir='ltr'><strong>tempus</strong></span> <span class='ocrx_word' id='word_1_498' title='bbox 424 2307 536 2338; x_wconf 87' lang='lat' dir='ltr'><strong>adesse</strong></span> <span class='ocrx_word' id='word_1_499' title='bbox 551 2307 809 2339; x_wconf 85' lang='lat' dir='ltr'><strong>animadvertens</strong></span> <span class='ocrx_word' id='word_1_500' title='bbox 823 2331 831 2344; x_wconf 94' lang='lat'><strong>,</strong></span> <span class='ocrx_word' id='word_1_501' title='bbox 858 2317 927 2338; x_wconf 85' lang='lat' dir='ltr'><strong>eam</strong></span> <span class='ocrx_word' id='word_1_502' title='bbox 954 2317 1027 2339; x_wconf 91' lang='lat' dir='ltr'><strong>cum</strong></span> <span class='ocrx_word' id='word_1_503' title='bbox 1056 2310 1204 2341; x_wconf 89' lang='lat' dir='ltr'><strong>hostibus</strong></span> <span class='ocrx_word' id='word_1_504' title='bbox 1221 2310 1323 2342; x_wconf 82' lang='lat' dir='ltr'><strong>facere</strong></span> <span class='ocrx_word' id='word_1_505' title='bbox 1342 2320 1404 2342; x_wconf 92' lang='lat' dir='ltr'><strong>non</strong></span> <span class='ocrx_word' id='word_1_506' title='bbox 1425 2312 1597 2349; x_wconf 85' lang='lat' dir='ltr'><strong>recusavit,</strong></span> <span class='ocrx_word' id='word_1_507' title='bbox 1625 2317 1654 2343; x_wconf 92' lang='lat' dir='ltr'><strong>et</strong></span> <span class='ocrx_word' id='word_1_508' title='bbox 1674 2312 1713 2341; x_wconf 92' lang='lat' dir='ltr'><strong>de</strong></span> <span class='ocrx_word' id='word_1_509' title='bbox 1727 2312 1802 2350; x_wconf 84' lang='lat' dir='ltr'><strong>jure</strong></span> 
     </span>
    </p>
   </div>
   <div class='ocr_carea' id='block_1_44' title="bbox 180 2356 1802 2405">
    <p class='ocr_par' dir='ltr' id='par_1_44' title="bbox 180 2356 1802 2405">
     <span class='ocr_line' id='line_1_44' title="bbox 180 2356 1802 2405; baseline 0.007 -22"><span class='ocrx_word' id='word_1_510' title='bbox 180 2359 304 2392; x_wconf 89' lang='lat' dir='ltr'><strong>nostro,</strong></span> <span class='ocrx_word' id='word_1_511' title='bbox 321 2356 360 2387; x_wconf 90' lang='lat' dir='ltr'><strong>de</strong></span> <span class='ocrx_word' id='word_1_512' title='bbox 376 2366 498 2389; x_wconf 90' lang='lat' dir='ltr'><strong>summa</strong></span> <span class='ocrx_word' id='word_1_513' title='bbox 521 2361 616 2391; x_wconf 90' lang='lat' dir='ltr'><strong>totius</strong></span> <span class='ocrx_word' id='word_1_514' title='bbox 635 2361 722 2398; x_wconf 89' lang='lat' dir='ltr'><strong>belli,</strong></span> <span class='ocrx_word' id='word_1_515' title='bbox 739 2362 778 2392; x_wconf 91' lang='lat' dir='ltr'><strong>de</strong></span> <span class='ocrx_word' id='word_1_516' title='bbox 794 2371 850 2401; x_wconf 90' lang='lat' dir='ltr'><strong>spe</strong></span> <span class='ocrx_word' id='word_1_517' title='bbox 866 2363 1006 2402; x_wconf 86' lang='lat' dir='ltr'><strong>denique</strong></span> <span class='ocrx_word' id='word_1_518' title='bbox 1026 2367 1122 2402; x_wconf 85' lang='lat' dir='ltr'><strong>atque</strong></span> <span class='ocrx_word' id='word_1_519' title='bbox 1140 2363 1271 2394; x_wconf 88' lang='lat' dir='ltr'><strong>victoria</strong></span> <span class='ocrx_word' id='word_1_520' title='bbox 1287 2373 1383 2404; x_wconf 88' lang='lat' dir='ltr'><strong>quam</strong></span> <span class='ocrx_word' id='word_1_521' title='bbox 1409 2375 1490 2405; x_wconf 82' lang='lat' dir='ltr'><strong>pene</strong></span> <span class='ocrx_word' id='word_1_522' title='bbox 1507 2366 1574 2405; x_wconf 78' lang='lat' dir='ltr'><strong>jam</strong></span> <span class='ocrx_word' id='word_1_523' title='bbox 1595 2366 1626 2396; x_wconf 91' lang='lat' dir='ltr'><strong>in</strong></span> <span class='ocrx_word' id='word_1_524' title='bbox 1656 2365 1802 2396; x_wconf 84' lang='lat' dir='ltr'><strong>manibus</strong></span> 
     </span>
    </p>
   </div>
   <div class='ocr_carea' id='block_1_45' title="bbox 179 2404 1800 2454">
    <p class='ocr_par' dir='ltr' id='par_1_45' title="bbox 179 2404 1800 2454">
     <span class='ocr_line' id='line_1_45' title="bbox 179 2404 1800 2454; baseline 0.007 -18"><span class='ocrx_word' id='word_1_525' title='bbox 179 2404 374 2439; x_wconf 81' lang='lat' dir='ltr'><strong>habebamus</strong></span> <span class='ocrx_word' id='word_1_526' title='bbox 390 2431 399 2445; x_wconf 89' lang='lat'><strong>,</strong></span> <span class='ocrx_word' id='word_1_527' title='bbox 420 2410 540 2449; x_wconf 88' lang='lat' dir='ltr'><strong>aliquid</strong></span> <span class='ocrx_word' id='word_1_528' title='bbox 561 2414 756 2450; x_wconf 71' lang='lat' dir='ltr'><strong>concedere,</strong></span> <span class='ocrx_word' id='word_1_529' title='bbox 783 2423 848 2454; x_wconf 91' lang='lat' dir='ltr'><strong>quo</strong></span> <span class='ocrx_word' id='word_1_530' title='bbox 877 2416 1070 2454; x_wconf 86' lang='lat' dir='ltr'><strong>populorum</strong></span> <span class='ocrx_word' id='word_1_531' title='bbox 1094 2417 1273 2447; x_wconf 90' lang='lat' dir='ltr'><strong>commodis</strong></span> <span class='ocrx_word' id='word_1_532' title='bbox 1303 2421 1332 2447; x_wconf 91' lang='lat' dir='ltr'><strong>et</strong></span> <span class='ocrx_word' id='word_1_533' title='bbox 1351 2417 1510 2449; x_wconf 90' lang='lat' dir='ltr'><strong>bonorum</strong></span> <span class='ocrx_word' id='word_1_534' title='bbox 1533 2418 1679 2448; x_wconf 82' lang='lat' dir='ltr'><strong>omnium</strong></span> <span class='ocrx_word' id='word_1_535' title='bbox 1701 2417 1800 2452; x_wconf 85' lang='lat' dir='ltr'><strong>votis.</strong></span> 
     </span>
    </p>
   </div>
   <div class='ocr_carea' id='block_1_46' title="bbox 178 2460 1802 2508">
    <p class='ocr_par' dir='ltr' id='par_1_46' title="bbox 178 2460 1802 2508">
     <span class='ocr_line' id='line_1_46' title="bbox 178 2460 1802 2508; baseline 0.006 -19"><span class='ocrx_word' id='word_1_536' title='bbox 178 2460 276 2491; x_wconf 85' lang='lat' dir='ltr'><strong>totius</strong></span> <span class='ocrx_word' id='word_1_537' title='bbox 295 2462 436 2502; x_wconf 85' lang='lat' dir='ltr'><strong>denique</strong></span> <span class='ocrx_word' id='word_1_538' title='bbox 451 2463 623 2495; x_wconf 88' lang='lat' dir='ltr'><strong>Christiani</strong></span> <span class='ocrx_word' id='word_1_539' title='bbox 645 2467 734 2496; x_wconf 91' lang='lat' dir='ltr'><strong>orbis</strong></span> <span class='ocrx_word' id='word_1_540' title='bbox 751 2468 913 2498; x_wconf 88' lang='lat' dir='ltr'><strong>desiderio</strong></span> <span class='ocrx_word' id='word_1_541' title='bbox 930 2468 1170 2506; x_wconf 76' lang='lat' dir='ltr'><strong>gratiﬁcaretur.</strong></span> <span class='ocrx_word' id='word_1_542' title='bbox 1196 2469 1229 2499; x_wconf 82' lang='lat' dir='ltr'><strong>In</strong></span> <span class='ocrx_word' id='word_1_543' title='bbox 1257 2478 1322 2508; x_wconf 91' lang='lat' dir='ltr'><strong>quo</strong></span> <span class='ocrx_word' id='word_1_544' title='bbox 1346 2469 1541 2508; x_wconf 82' lang='lat' dir='ltr'><strong>singularem</strong></span> <span class='ocrx_word' id='word_1_545' title='bbox 1566 2469 1635 2508; x_wconf 86' lang='lat' dir='ltr'><strong>ejus</strong></span> <span class='ocrx_word' id='word_1_546' title='bbox 1659 2468 1802 2508; x_wconf 86' lang='lat' dir='ltr'><strong>pruden-</strong></span> 
     </span>
    </p>
   </div>
   <div class='ocr_carea' id='block_1_47' title="bbox 178 2512 1532 2561">
    <p class='ocr_par' dir='ltr' id='par_1_47' title="bbox 178 2512 1532 2561">
     <span class='ocr_line' id='line_1_47' title="bbox 178 2512 1532 2561; baseline 0.007 -19"><span class='ocrx_word' id='word_1_547' title='bbox 178 2512 252 2543; x_wconf 87' lang='lat' dir='ltr'><strong>tiam</strong></span> <span class='ocrx_word' id='word_1_548' title='bbox 269 2518 298 2545; x_wconf 87' lang='lat' dir='ltr'><strong>et</strong></span> <span class='ocrx_word' id='word_1_549' title='bbox 316 2515 488 2546; x_wconf 88' lang='lat' dir='ltr'><strong>salutarem</strong></span> <span class='ocrx_word' id='word_1_550' title='bbox 506 2518 690 2556; x_wconf 76' lang='lat' dir='ltr'><strong>reipublicm</strong></span> <span class='ocrx_word' id='word_1_551' title='bbox 708 2520 900 2558; x_wconf 88' lang='lat' dir='ltr'><strong>sapientiam</strong></span> <span class='ocrx_word' id='word_1_552' title='bbox 918 2520 1068 2560; x_wconf 88' lang='lat' dir='ltr'><strong>equidem</strong></span> <span class='ocrx_word' id='word_1_553' title='bbox 1085 2521 1162 2551; x_wconf 87' lang='lat' dir='ltr'><strong>satis</strong></span> <span class='ocrx_word' id='word_1_554' title='bbox 1179 2522 1286 2552; x_wconf 89' lang='lat' dir='ltr'><strong>mirari</strong></span> <span class='ocrx_word' id='word_1_555' title='bbox 1304 2530 1366 2552; x_wconf 90' lang='lat' dir='ltr'><strong>non</strong></span> <span class='ocrx_word' id='word_1_556' title='bbox 1386 2530 1532 2561; x_wconf 90' lang='lat' dir='ltr'><strong>possum.</strong></span> 
     </span>
    </p>
   </div>
   <div class='ocr_carea' id='block_1_48' title="bbox 216 2589 1801 2637">
    <p class='ocr_par' dir='ltr' id='par_1_48' title="bbox 216 2589 1801 2637">
     <span class='ocr_line' id='line_1_48' title="bbox 216 2589 1801 2637; baseline 0.005 -18"><span class='ocrx_word' id='word_1_557' title='bbox 216 2589 327 2629; x_wconf 87' lang='lat' dir='ltr'><strong>Neque</strong></span> <span class='ocrx_word' id='word_1_558' title='bbox 343 2591 429 2621; x_wconf 87' lang='lat' dir='ltr'><strong>enim</strong></span> <span class='ocrx_word' id='word_1_559' title='bbox 445 2592 486 2622; x_wconf 93' lang='lat' dir='ltr'><strong>ob</strong></span> <span class='ocrx_word' id='word_1_560' title='bbox 507 2593 600 2623; x_wconf 87' lang='lat' dir='ltr'><strong>aliam</strong></span> <span class='ocrx_word' id='word_1_561' title='bbox 617 2604 744 2626; x_wconf 85' lang='lat' dir='ltr'><strong>causam</strong></span> <span class='ocrx_word' id='word_1_562' title='bbox 764 2596 873 2626; x_wconf 88' lang='lat' dir='ltr'><strong>tandiu</strong></span> <span class='ocrx_word' id='word_1_563' title='bbox 894 2597 990 2628; x_wconf 87' lang='lat' dir='ltr'><strong>dilata</strong></span> <span class='ocrx_word' id='word_1_564' title='bbox 1013 2606 1071 2636; x_wconf 80' lang='lat' dir='ltr'><strong>pax</strong></span> <span class='ocrx_word' id='word_1_565' title='bbox 1088 2603 1149 2635; x_wconf 85' lang='lat' dir='ltr'><strong>est,</strong></span> <span class='ocrx_word' id='word_1_566' title='bbox 1165 2607 1262 2637; x_wconf 89' lang='lat' dir='ltr'><strong>quam</strong></span> <span class='ocrx_word' id='word_1_567' title='bbox 1281 2601 1313 2630; x_wconf 94' lang='lat' dir='ltr'><strong>ut</strong></span> <span class='ocrx_word' id='word_1_568' title='bbox 1329 2598 1517 2630; x_wconf 85' lang='lat' dir='ltr'><strong>diuturnior</strong></span> <span class='ocrx_word' id='word_1_569' title='bbox 1533 2597 1687 2636; x_wconf 72' lang='lat' dir='ltr'><strong>deinceps</strong></span> <span class='ocrx_word' id='word_1_570' title='bbox 1714 2602 1801 2628; x_wconf 67' lang='lat' dir='ltr'><strong>essﬂ</strong></span> 
     </span>
    </p>
   </div>
   <div class='ocr_carea' id='block_1_49' title="bbox 177 2640 1804 2687">
    <p class='ocr_par' dir='ltr' id='par_1_49' title="bbox 177 2640 1804 2687">
     <span class='ocr_line' id='line_1_49' title="bbox 177 2640 1804 2687; baseline 0.005 -17"><span class='ocrx_word' id='word_1_571' title='bbox 177 2646 213 2670; x_wconf 84' lang='lat' dir='ltr'><strong>ac</strong></span> <span class='ocrx_word' id='word_1_572' title='bbox 228 2640 361 2673; x_wconf 80' lang='lat' dir='ltr'><strong>ﬁrmior.</strong></span> <span class='ocrx_word' id='word_1_573' title='bbox 374 2643 479 2683; x_wconf 77' lang='lat' dir='ltr'><strong>Atque</strong></span> <span class='ocrx_word' id='word_1_574' title='bbox 496 2643 563 2676; x_wconf 62' lang='lat' dir='ltr'><strong>hinc</strong></span> <span class='ocrx_word' id='word_1_575' title='bbox 573 2645 678 2677; x_wconf 87' lang='lat' dir='ltr'><strong>obiter</strong></span> <span class='ocrx_word' id='word_1_576' title='bbox 692 2648 775 2678; x_wconf 82' lang='lat' dir='ltr'><strong>dicta</strong></span> <span class='ocrx_word' id='word_1_577' title='bbox 791 2649 855 2678; x_wconf 90' lang='lat' dir='ltr'><strong>sint</strong></span> <span class='ocrx_word' id='word_1_578' title='bbox 867 2649 908 2680; x_wconf 92' lang='lat' dir='ltr'><strong>de</strong></span> <span class='ocrx_word' id='word_1_579' title='bbox 925 2649 1076 2680; x_wconf 90' lang='lat' dir='ltr'><strong>laudibus</strong></span> <span class='ocrx_word' id='word_1_580' title='bbox 1092 2650 1537 2682; x_wconf 85' lang='lat' dir='ltr'><strong>cardiualiseminentissimi.</strong></span> <span class='ocrx_word' id='word_1_581' title='bbox 1552 2650 1614 2687; x_wconf 91' lang='lat' dir='ltr'><strong>Qui</strong></span> <span class='ocrx_word' id='word_1_582' title='bbox 1632 2659 1704 2680; x_wconf 89' lang='lat' dir='ltr'><strong>cum</strong></span> <span class='ocrx_word' id='word_1_583' title='bbox 1719 2649 1804 2680; x_wconf 85' lang='lat' dir='ltr'><strong>inter</strong></span> 
     </span>
    </p>
   </div>
   <div class='ocr_carea' id='block_1_50' title="bbox 178 2691 1802 2740">
    <p class='ocr_par' dir='ltr' id='par_1_50' title="bbox 178 2691 1802 2740">
     <span class='ocr_line' id='line_1_50' title="bbox 178 2691 1802 2740; baseline 0.006 -20"><span class='ocrx_word' id='word_1_584' title='bbox 178 2699 264 2723; x_wconf 82' lang='lat' dir='ltr'><strong>arma</strong></span> <span class='ocrx_word' id='word_1_585' title='bbox 280 2691 404 2723; x_wconf 86' lang='lat' dir='ltr'><strong>litteras</strong></span> <span class='ocrx_word' id='word_1_586' title='bbox 423 2703 458 2724; x_wconf 87' lang='lat' dir='ltr'><strong>ac</strong></span> <span class='ocrx_word' id='word_1_587' title='bbox 483 2695 638 2727; x_wconf 88' lang='lat' dir='ltr'><strong>litteratos</strong></span> <span class='ocrx_word' id='word_1_588' title='bbox 661 2706 776 2728; x_wconf 87' lang='lat' dir='ltr'><strong>omnes</strong></span> <span class='ocrx_word' id='word_1_589' title='bbox 799 2698 1034 2737; x_wconf 83' lang='lat' dir='ltr'><strong>benignissime</strong></span> <span class='ocrx_word' id='word_1_590' title='bbox 1059 2700 1167 2730; x_wconf 82' lang='lat' dir='ltr'><strong>fovere</strong></span> <span class='ocrx_word' id='word_1_591' title='bbox 1193 2709 1358 2740; x_wconf 84' lang='lat' dir='ltr'><strong>nunquam</strong></span> <span class='ocrx_word' id='word_1_592' title='bbox 1386 2701 1560 2736; x_wconf 82' lang='lat' dir='ltr'><strong>destiterit,</strong></span> <span class='ocrx_word' id='word_1_593' title='bbox 1578 2701 1681 2732; x_wconf 88' lang='lat' dir='ltr'><strong>multo</strong></span> <span class='ocrx_word' id='word_1_594' title='bbox 1700 2700 1802 2738; x_wconf 78' lang='lat' dir='ltr'><strong>magis</strong></span> 
     </span>
    </p>
   </div>
   <div class='ocr_carea' id='block_1_51' title="bbox 178 2744 1799 2792">
    <p class='ocr_par' dir='ltr' id='par_1_51' title="bbox 178 2744 1799 2792">
     <span class='ocr_line' id='line_1_51' title="bbox 178 2744 1799 2792; baseline 0.006 -20"><span class='ocrx_word' id='word_1_595' title='bbox 178 2744 372 2781; x_wconf 86' lang='lat' dir='ltr'><strong>sperandum</strong></span> <span class='ocrx_word' id='word_1_596' title='bbox 390 2751 437 2775; x_wconf 90' lang='lat' dir='ltr'><strong>est</strong></span> <span class='ocrx_word' id='word_1_597' title='bbox 455 2746 555 2783; x_wconf 89' lang='lat' dir='ltr'><strong>illum,</strong></span> <span class='ocrx_word' id='word_1_598' title='bbox 575 2749 660 2785; x_wconf 87' lang='lat' dir='ltr'><strong>pacis</strong></span> <span class='ocrx_word' id='word_1_599' title='bbox 677 2757 743 2780; x_wconf 71' lang='lat' dir='ltr'><strong>sua)</strong></span> <span class='ocrx_word' id='word_1_600' title='bbox 761 2754 924 2789; x_wconf 84' lang='lat' dir='ltr'><strong>tempore,</strong></span> <span class='ocrx_word' id='word_1_601' title='bbox 946 2752 1074 2782; x_wconf 86' lang='lat' dir='ltr'><strong>easdem</strong></span> <span class='ocrx_word' id='word_1_602' title='bbox 1093 2756 1178 2782; x_wconf 85' lang='lat' dir='ltr'><strong>artes</strong></span> <span class='ocrx_word' id='word_1_603' title='bbox 1204 2753 1366 2792; x_wconf 63' lang='lat' dir='ltr'><strong>praecipuo</strong></span> <span class='ocrx_word' id='word_1_604' title='bbox 1382 2752 1520 2791; x_wconf 85' lang='lat' dir='ltr'><strong>quodam</strong></span> <span class='ocrx_word' id='word_1_605' title='bbox 1538 2751 1647 2783; x_wconf 91' lang='lat' dir='ltr'><strong>studio</strong></span> <span class='ocrx_word' id='word_1_606' title='bbox 1669 2760 1705 2781; x_wconf 89' lang='lat' dir='ltr'><strong>ac</strong></span> <span class='ocrx_word' id='word_1_607' title='bbox 1722 2759 1799 2790; x_wconf 88' lang='lat' dir='ltr'><strong>pro-</strong></span> 
     </span>
    </p>
   </div>
   <div class='ocr_carea' id='block_1_52' title="bbox 178 2792 1797 2840">
    <p class='ocr_par' dir='ltr' id='par_1_52' title="bbox 178 2792 1797 2840">
     <span class='ocr_line' id='line_1_52' title="bbox 178 2792 1797 2840; baseline 0.006 -19"><span class='ocrx_word' id='word_1_608' title='bbox 178 2792 318 2824; x_wconf 82' lang='lat' dir='ltr'><strong>videntia</strong></span> <span class='ocrx_word' id='word_1_609' title='bbox 335 2794 577 2832; x_wconf 77' lang='lat' dir='ltr'><strong>complexurum</strong></span> <span class='ocrx_word' id='word_1_610' title='bbox 597 2808 605 2827; x_wconf 94' lang='lat'><strong>:</strong></span> <span class='ocrx_word' id='word_1_611' title='bbox 623 2798 881 2839; x_wconf 70' lang='lat' dir='ltr'><strong>t-ti‘ecturumque</strong></span> <span class='ocrx_word' id='word_1_612' title='bbox 906 2804 939 2831; x_wconf 90' lang='lat' dir='ltr'><strong>ut</strong></span> <span class='ocrx_word' id='word_1_613' title='bbox 959 2800 1039 2830; x_wconf 85' lang='lat' dir='ltr'><strong>Galli</strong></span> <span class='ocrx_word' id='word_1_614' title='bbox 1058 2801 1172 2837; x_wconf 91' lang='lat' dir='ltr'><strong>nostri,</strong></span> <span class='ocrx_word' id='word_1_615' title='bbox 1197 2801 1253 2840; x_wconf 89' lang='lat' dir='ltr'><strong>qui</strong></span> <span class='ocrx_word' id='word_1_616' title='bbox 1280 2810 1443 2832; x_wconf 90' lang='lat' dir='ltr'><strong>armorum</strong></span> <span class='ocrx_word' id='word_1_617' title='bbox 1468 2801 1570 2840; x_wconf 85' lang='lat' dir='ltr'><strong>gloria</strong></span> <span class='ocrx_word' id='word_1_618' title='bbox 1595 2809 1659 2840; x_wconf 68' lang='grc' dir='ltr'><strong>[πω</strong></span> <span class='ocrx_word' id='word_1_619' title='bbox 1674 2800 1797 2832; x_wconf 66' lang='lat' dir='ltr'><strong>caneris</strong></span> 
     </span>
    </p>
   </div>
   <div class='ocr_carea' id='block_1_53' title="bbox 178 2846 1799 2892">
    <p class='ocr_par' dir='ltr' id='par_1_53' title="bbox 178 2846 1799 2892">
     <span class='ocr_line' id='line_1_53' title="bbox 178 2846 1799 2892; baseline 0.004 -16"><span class='ocrx_word' id='word_1_620' title='bbox 178 2846 329 2883; x_wconf 76' lang='lat' dir='ltr'><strong>gentibus</strong></span> <span class='ocrx_word' id='word_1_621' title='bbox 345 2854 470 2886; x_wconf 79' lang='lat' dir='ltr'><strong>semper</strong></span> <span class='ocrx_word' id='word_1_622' title='bbox 486 2849 705 2886; x_wconf 84' lang='lat' dir='ltr'><strong>eminuerunt,</strong></span> <span class='ocrx_word' id='word_1_623' title='bbox 723 2858 809 2881; x_wconf 79' lang='lat' dir='ltr'><strong>nunc</strong></span> <span class='ocrx_word' id='word_1_624' title='bbox 828 2850 1006 2883; x_wconf 85' lang='lat' dir='ltr'><strong>litterarum</strong></span> <span class='ocrx_word' id='word_1_625' title='bbox 1025 2852 1118 2883; x_wconf 84' lang='lat' dir='ltr'><strong>laude</strong></span> <span class='ocrx_word' id='word_1_626' title='bbox 1135 2857 1165 2883; x_wconf 86' lang='lat' dir='ltr'><strong>et</strong></span> <span class='ocrx_word' id='word_1_627' title='bbox 1182 2852 1377 2892; x_wconf 85' lang='lat' dir='ltr'><strong>optimarum</strong></span> <span class='ocrx_word' id='word_1_628' title='bbox 1394 2853 1509 2885; x_wconf 82' lang='lat' dir='ltr'><strong>artium</strong></span> <span class='ocrx_word' id='word_1_629' title='bbox 1527 2854 1643 2884; x_wconf 84' lang='lat' dir='ltr'><strong>studiis</strong></span> <span class='ocrx_word' id='word_1_630' title='bbox 1655 2852 1799 2884; x_wconf 76' lang='lat' dir='ltr'><strong>anteCel-</strong></span> 
     </span>
    </p>
   </div>
  </div>
