1982 3159
205 142 237 169 19
837 141 967 171 t'ALEsu
987 140 1180 176 PREFATIO,
1785 133 1819 160 eo

203 203 282 234 lant.
300 203 359 233 Sed
378 211 462 234 nunc
475 205 599 242 tempus
612 206 672 238 est,
688 205 719 233 ut
735 210 772 232 eo
784 202 871 233 unde
884 203 1020 241 digressi
1034 211 1146 234 sumus
1159 203 1364 232 revertamur.
1377 197 1506 229 Tertius
1520 186 1616 236 igitur
1632 195 1686 227 ille
1703 194 1816 229 codex,

203 265 300 296 quem
317 257 487 288 cardinalis
506 255 753 287 eminentissimi
775 254 967 286 bibliotheca
992 254 1084 285 nobis
1109 253 1339 293 suppeditavit,
1355 251 1499 282 omnium
1527 258 1609 289 quos
1633 248 1696 279 vidi
1715 249 1817 278 Euse-

202 307 374 339 bianorum
392 308 538 338 codicum
555 308 651 344 longe
668 307 809 344 optimus
832 309 879 336 est
902 314 937 336 ac
954 305 1206 336 vetustissimus.
1228 303 1395 345 Quotquot
1410 302 1497 332 enim
1522 299 1763 332 emendationes
1785 298 1817 328 in

199 355 274 392 aliis
289 357 526 396 exemplaribus
540 358 732 397 reperimus,
751 367 804 389 eas
828 357 928 388 codex
947 357 1001 388 ille
1023 366 1136 388 omnes
1158 355 1309 391 exhibet;
1328 356 1435 384 multte
1451 361 1527 384 vero
1547 353 1616 391 alia)
1631 352 1664 382 in
1686 351 1741 383 illo
1761 350 1817 380 ha-

200 408 320 443 bentur
346 409 600 444 emendaliones,
627 418 707 449 quas
724 410 755 439 in
780 409 852 439 aliis
876 408 1115 448 exemplaribus
1143 415 1207 438 non
1233 407 1349 446 reperi,
1373 404 1644 445 quemadmodum
1671 412 1708 434 ex
1734 402 1818 433 meis

200 459 463 495 adnotationibus
489 463 625 493 studiosi
655 463 789 494 lectores
816 466 969 502 poterunt
995 470 1201 500 cognoscere.
1227 460 1372 499 Scriptus
1397 463 1446 490 est
1469 459 1502 488 in
1524 456 1720 491 membranis
1745 458 1816 486 ante

199 511 423 550 Septingentos
441 513 511 551 plus
533 513 639 545 minus
660 523 774 550 annos,
797 514 1036 552 elegantissime
1052 513 1150 544 simul
1177 517 1208 544 et
1234 511 1509 544 emendatissimo.
1535 507 1660 538 Scholia
1683 514 1816 545 quoque

198 563 237 594 ad
255 562 337 593 latus
356 564 514 595 interdum
532 565 626 596 habet
641 567 797 605 apposita,
815 574 903 597 nunc
919 565 1049 604 antiqua
1067 574 1175 600 manu,
1193 573 1278 595 nunc
1299 563 1489 598 recentiore,
1504 569 1574 601 quae
1591 567 1649 589 nos
1667 559 1699 588 in
1717 557 1817 588 adnoa

199 614 374 645 tationibus
391 616 509 646 nostris
526 623 586 646 suo
603 624 738 654 quaeque
762 615 831 646 loco
847 615 1095 654 descripsimus.
1111 615 1210 645 Multa
1226 623 1357 654 quoque
1371 612 1431 643 alia
1450 612 1482 645 in
1497 610 1619 649 optimo
1634 608 1691 639 illo
1708 608 1815 638 codice

198 663 395 695 observanda
417 668 504 700 sunt,
529 664 644 704 partim
663 664 695 694 in
716 664 914 699 accentibus,
935 663 1048 702 partim
1074 663 1107 698 in
1134 662 1342 693 distinctione
1364 669 1421 692 seu
1440 659 1715 699 interpunctione.
1735 658 1814 691 Nam

197 715 282 753 Quod
309 716 438 754 quidem
466 716 503 747 ad
529 719 682 747 accentus
703 716 829 752 attinet,
848 724 932 754 smpe
953 715 986 746 in
1012 715 1070 745 illo
1093 714 1202 745 codice
1225 717 1385 743 acuuntur
1403 712 1567 747 vocabula,
1592 719 1664 750 quae
1683 711 1715 739 in
1741 709 1813 740 aliis

198 766 436 804 exemplaribus
451 771 614 798 accentum
632 767 750 798 habent
765 768 1018 798 circumﬂexum.
1039 765 1182 806 Exempli
1199 766 1299 805 gratia
1323 769 1382 798 πέος
1399 768 1430 795 et
1451 767 1545 803 καὶσαρ
1570 763 1602 792 in
1628 762 1684 792 illo
1706 761 1814 791 codice

198 825 326 856 semper
341 824 511 850 acuuntur.
529 820 645 850 Contra
664 828 738 851 vero
755 825 842 858 σφῖιι,
860 819 946 858 quod
963 819 996 850 in
1013 820 1086 850 aliis
1101 818 1269 850 codicibus
1284 822 1378 848 acuto
1399 819 1528 847 notatur
1540 817 1686 848 accentu,
1705 813 1737 843 in
1758 813 1813 843 illo

197 867 306 898 codice
318 869 588 900 circumflectitur.
605 870 710 908 Atque
724 869 755 900 id
767 868 896 909 quidem
908 868 1024 900 rectius
1040 872 1128 908 puto.
1149 867 1241 904 Quod
1255 870 1360 897 autem
1373 869 1494 905 spectat
1504 865 1542 896 ad
1559 864 1812 905 distinctionem,

196 926 293 955 quam
311 927 370 949 nos
388 921 484 958 vulgo
500 920 794 959 interpunctionem
807 928 973 956 vocamus,
990 919 1042 950 hic
1057 920 1156 950 codex
1178 919 1258 949 adeo
1278 922 1424 949 accurate
1439 917 1612 948 distinctus
1625 920 1684 952 est,
1699 919 1732 946 ut
1747 918 1812 948 tota

195 968 412 1009 distinguendi
431 973 585 1003 rationem
602 982 636 1003 ac
648 972 827 1010 scientiam,
844 980 915 1011 qua}
936 971 1182 1011 haudquaquam
1194 970 1274 1002 levis
1284 970 1434 1001 momenti
1445 973 1502 1005 est,
1515 978 1552 1000 ex
1562 969 1622 999 hoc
1631 978 1695 999 uno
1705 967 1813 999 codice

195 1019 299 1056 possis
312 1028 518 1059 cognoscere.
536 1022 628 1054 Certe
643 1028 813 1062 antequam
827 1032 900 1054 eum
914 1026 1026 1055 nactus
1036 1030 1153 1058 essem,
1165 1022 1276 1053 mediae
1293 1021 1508 1052 distinctionis
1526 1020 1695 1050 utilitatem
1708 1029 1743 1050 ac
1756 1027 1814 1050 ομ

194 1072 376 1106 eessitutem
390 1074 532 1105 nondum
551 1084 794 1114 perspexeram;
823 1083 918 1114 quam
937 1083 1020 1105 unus
1037 1073 1091 1105 ille
1106 1074 1207 1104 codex
1224 1072 1337 1105 sedulo
1352 1073 1517 1112 inspectus
1531 1076 1628 1111 atque
1643 1080 1811 1106 excussus,

194 1123 270 1159 mihi
290 1124 417 1154 tandem
437 1125 598 1164 patefecit.
616 1127 733 1157 Verum
751 1127 789 1157 de
801 1125 1010 1156 distinctione
1027 1125 1178 1163 pluribus
1195 1124 1275 1159 infra
1287 1125 1405 1156 dicturi
1419 1132 1544 1155 sumus.
1559 1123 1641 1153 lllud
1660 1127 1811 1161 prtetcrca

192 1173 228 1211 in
247 1174 465 1209 vetustissimo
479 1175 534 1205 illo
550 1176 658 1207 codice
672 1176 851 1211 observavi,
862 1175 1119 1215 quotiescunque
1131 1175 1222 1214 plena
1237 1174 1401 1205 distinctio
1415 1183 1472 1205 seu
1489 1176 1577 1210 τελεέσὶ
1602 1179 1699 1214 στιγμή
1716 1182 1813 1213 appo-

191 1224 251 1255 sita
271 1227 318 1254 est
337 1225 369 1261 in
387 1225 494 1265 aliqua
512 1225 606 1262 linea,
625 1226 758 1264 primam
774 1225 941 1265 sequentis
959 1225 1052 1255 linea:
1070 1224 1204 1255 litteram
1225 1229 1312 1255 extra
1333 1225 1530 1265 reliquarum
1555 1225 1703 1256 ordinem
1732 1233 1813 1259 con-

191 1276 285 1314 Spici,
302 1281 334 1308 et
359 1278 550 1312 exteriorem
576 1268 753 1316 marginem
773 1277 959 1308 subradere.
987 1275 1087 1314 quue
1105 1275 1260 1306 indicium
1286 1280 1344 1311 est,
1360 1284 1477 1307 nurum
1496 1282 1592 1317 caput
1618 1282 1672 1308 aut
1694 1285 1809 1309 novam

191 1328 360 1367 periodum
378 1329 519 1360 inchoari
539 1335 608 1368 post
625 1329 750 1360 ﬁnalem
768 1329 855 1360 illam
877 1327 1139 1358 distinctionem.
1158 1327 1243 1358 Idem
1262 1327 1293 1357 in
1310 1328 1382 1358 aliis
1398 1337 1526 1368 quoque
1546 1329 1674 1368 scriptis
1691 1328 1812 1359 codici-

191 1378 253 1411 bus
269 1379 449 1410 observavi.
474 1380 566 1412 Certo
592 1381 622 1410 in
645 1380 808 1411 veteribus
826 1379 882 1409 scb
896 1378 969 1409 edis
989 1378 1192 1408 bibliotheca;
1215 1378 1319 1417 Regia:
1337 1388 1409 1419 quae
1431 1379 1528 1409 libros
1544 1378 1673 1409 Eusebii
1692 1379 1733 1407 De
1746 1379 1813 1408 vita

191 1432 395 1465 Constantini
409 1434 587 1469 continent,
604 1432 646 1462 ita
672 1439 799 1469 semper
817 1430 884 1466 ﬁeri
905 1429 1266 1467 animadverti,quoties
1282 1438 1397 1460 novum
1409 1433 1502 1468 caput
1519 1429 1695 1460 inchoatur.
1710 1429 1810 1465 Quar-

190 1487 256 1515 tum
276 1490 426 1523 praetcrea
451 1485 593 1515 codicem
621 1482 796 1518 habuimus
827 1489 865 1511 ex
894 1480 1092 1514 bibliotheca
1116 1479 1325 1509 i||u5trissimi
1353 1479 1411 1509 viri
1436 1479 1555 1511 Nicolai
1581 1478 1809 1519 Fucketii,qui

189 1534 350 1572 generalis
379 1534 413 1564 in
440 1538 554 1564 senatu
581 1531 751 1565 Parisiensi
779 1529 1001 1569 procuratoris
1021 1528 1161 1562 ollicium
1185 1536 1309 1566 gerens,
1337 1528 1551 1568 praefecturam
1583 1529 1676 1559 simul
1696 1528 1810 1567 regalis

188 1584 292 1614 aerarii
311 1592 435 1617 summa
451 1592 523 1614 cum
543 1583 635 1613 laude
651 1580 868 1612 administrat.
888 1580 994 1618 Atque
1011 1578 1061 1609 bis
1077 1582 1215 1617 quatuor
1232 1579 1456 1617 tuanuscriptis
1470 1578 1635 1609 codicibus
1651 1579 1690 1609 ad
1703 1587 1811 1610 cmen-

188 1633 351 1663 dationem
370 1633 524 1663 librorum
538 1630 766 1665 Ecclesiasticw
783 1630 944 1662 Historiis
957 1628 1009 1659 usi
1026 1636 1149 1659 sumus.
1166 1629 1278 1662 Libros
1295 1638 1369 1659 vero
1385 1630 1428 1664 De
1443 1630 1508 1659 vita
1528 1630 1602 1668 imp.
1627 1629 1811 1661 Constanti-

187 1683 223 1712 m‘
244 1691 315 1713 cum
343 1683 442 1714 tribus
465 1682 606 1721 antiquis
633 1679 801 1710 codicibus
827 1680 1037 1710 contulimus.
1051 1679 1175 1709 Primus
1200 1683 1247 1709 est
1277 1680 1397 1718 Regius
1418 1680 1485 1717 ille,
1513 1681 1552 1710 de
1569 1689 1634 1720 quo
1659 1681 1809 1719 superius

187 1732 268 1774 dixi,
285 1733 317 1763 in
337 1741 402 1772 quo
418 1738 491 1764 ante
509 1733 608 1764 libros
627 1723 852 1764 Ecciesiasticw
864 1731 1016 1762 Historia:
1030 1736 1169 1771 quatuor
1190 1731 1262 1761 libri
1277 1731 1318 1761 Dc
1333 1731 1399 1762 vita
1418 1731 1491 1770 imp.
1506 1731 1718 1766 Constantini,
1733 1731 1808 1762 licet

187 1791 252 1813 non
272 1783 396 1821 eadem,
415 1788 538 1815 vetusta
567 1783 779 1813 nihilominus
807 1791 903 1821 manu
934 1781 1104 1820 perscripti
1128 1781 1290 1820 leguntur,
1317 1781 1498 1812 Secundum
1528 1781 1631 1812 locum
1662 1782 1808 1815 obtinent

187 1833 313 1864 schcdas
342 1838 465 1870 veteres
492 1835 695 1869 bibliothecae
722 1834 839 1871 ltegite.
863 1834 914 1871 Sic
944 1827 1049 1867 autem
1077 1840 1154 1869 voco
1179 1833 1317 1868 chartas,
1341 1841 1397 1871 per
1422 1832 1650 1873 quaterniones
1672 1832 1802 1871 quidem

187 1885 324 1922 digestas
349 1884 404 1916 sed
429 1884 616 1919 dissolutas,
639 1892 697 1914 uec
716 1884 748 1913 in
772 1883 892 1913 codicis
915 1883 1042 1914 modum
1058 1887 1248 1921 compactas.
1274 1883 1310 1912 In
1336 1882 1388 1912 his
1411 1882 1551 1918 schedis,
1573 1887 1687 1921 praeter
1706 1882 1809 1917 libros

187 1934 318 1974 Eusebii
336 1934 379 1963 De
402 1934 467 1967 vita
486 1934 695 1970 Constantini,
719 1939 750 1965 et
773 1934 953 1970 Orationem
977 1933 1121 1973 ejusdem
1139 1934 1348 1973 imperatoris
1366 1935 1408 1964 ad
1433 1938 1567 1970 sanctos,
1588 1934 1709 1972 primus
1724 1943 1807 1972 ψιθ-

186 1984 291 2023 ternio
305 1983 534 2017 Ecclesiasticae
548 1984 703 2024 Historiae
719 1983 877 2022 habetur;
895 1983 988 2022 cujus
1005 1986 1034 2012 et
1052 1982 1082 2012 iu
1098 1982 1364 2018 adnotationibus
1381 1983 1460 2012 meis
1478 1985 1673 2014 mentionem
1689 1985 1806 2022 saepius

186 2035 258 2066 feci.
275 2035 394 2066 Cretera
414 2035 522 2066 nescio
537 2042 604 2074 quo
626 2043 701 2065 casu
726 2036 903 2073 perierunt.
931 2033 1074 2064 Tertium
1100 2033 1193 2064 nobis
1210 2034 1350 2064 codicem
1370 2035 1588 2073 suppeditavit
1611 2035 1806 2066 bibliotheca

186 2086 373 2122 Fuketiana.
397 2086 434 2116 In
458 2094 523 2125 quo
547 2090 619 2115 ante
652 2089 790 2124 quatuor
813 2084 912 2122 libros
937 2084 979 2114 De
1012 2084 1078 2119 vita
1102 2084 1177 2122 imp.
1196 2083 1406 2121 Constantini,
1431 2086 1578 2123 praeﬁxus
1605 2089 1653 2116 est
1672 2087 1805 2117 Eusebii

185 2137 407 2180 Panegyricus,
423 2137 528 2167 dictus
542 2137 645 2168 eidem
664 2137 875 2167 Constantino
895 2145 980 2170 anno
1013 2137 1082 2176 ejus
1101 2137 1228 2176 imperii
1250 2138 1426 2171 tricesimo.
1444 2139 1504 2177 Hic
1519 2140 1634 2177 codex,
1657 2141 1805 2179 quamvis

186 2190 301 2229 intima:
324 2191 504 2225 vetustatis,
519 2196 566 2221 est
583 2194 687 2222 tamen
707 2191 837 2228 optimae
853 2194 948 2226 notae,
969 2190 1144 2228 multisque
1162 2191 1194 2220 in
1211 2190 1292 2221 locis
1311 2192 1511 2223 emendatior
1530 2197 1560 2223 et
1573 2193 1710 2232 amplior
1724 2193 1805 2224 duo-

185 2241 246 2276 bus
266 2241 330 2277 illis
349 2241 513 2280 prioribus
528 2241 650 2281 quibus
668 2242 698 2271 iu
719 2242 861 2273 editione
880 2250 938 2273 sua
955 2251 1034 2272 usus
1050 2246 1097 2273 est
1116 2243 1276 2277 ltobcrtus
1293 2244 1484 2283 Stephanus.

224 2295 342 2334 Pratter
356 2294 416 2334 bos
437 2303 531 2325 manu
549 2300 694 2325 exaratos
711 2294 850 2329 codices,
867 2294 1053 2333 adjumeuto
1070 2294 1163 2327 nobis
1178 2293 1309 2325 fuerunt
1327 2295 1419 2328 variae
1432 2295 1587 2327 lectiones
1603 2299 1633 2327 et
1649 2298 1802 2327 emenda-

185 2346 292 2381 tiones
307 2354 389 2384 quas
415 2346 475 2383 viri
493 2345 577 2381 docti
602 2346 641 2383 a_(l
663 2346 839 2385 marginem
868 2346 1020 2377 editionis
1045 2346 1175 2378 Roberti
1196 2346 1349 2385 Stephani
1376 2356 1470 2378 manu
1487 2356 1545 2379 sua
1560 2349 1802 2383 adnotaverant.

184 2397 371 2438 Cuiusmodi
393 2398 521 2429 codices
538 2397 628 2428 multi
648 2398 822 2434 etiamnum
849 2398 1066 2437 reperiuntur.
1084 2398 1144 2429 Sed
1163 2406 1221 2428 nos
1239 2398 1340 2433 tribus
1357 2399 1516 2438 praecipue
1533 2399 1581 2429 usi
1599 2408 1726 2434 sumus,
1745 2401 1804 2440 qui

185 2450 280 2480 etiam
305 2449 336 2486 in
358 2449 621 2484 adnotationibus
639 2451 757 2480 nostris
781 2449 899 2487 saepius
925 2456 1230 2490 commemorantur.
1255 2451 1380 2485 Primus
1405 2450 1465 2481 fuit
1488 2452 1620 2483 Adriani
1645 2453 1802 2488 Turuebi,

183 2509 279 2539 quem
301 2501 357 2531 ille
373 2510 444 2532 cum
461 2501 570 2532 codice
588 2501 689 2540 Regio
705 2510 740 2532 ac
756 2502 908 2532 Medicam
921 2502 1167 2541 diligentissime
1181 2503 1373 2539 contulerat.
1388 2504 1475 2542 Libri
1494 2513 1568 2535 vero
1588 2505 1630 2534 De
1645 2505 1709 2537 vita
1728 2504 1801 2543 imp.

185 2549 386 2581 Constantini
412 2559 484 2582 cum
507 2551 685 2590 Anglicano
709 2552 848 2591 quodam
871 2552 1047 2589 exemplari
1072 2552 1182 2582 collati
1207 2557 1310 2588 erant,
1337 2553 1406 2583 sive
1428 2553 1531 2592 ipsius
1556 2552 1708 2588 Adriani,
1734 2554 1802 2584 sive

183 2598 308 2630 Odonis
333 2601 475 2632 Turnebi
503 2610 613 2632 manu.
640 2602 730 2632 Alter
754 2602 858 2633 codex
882 2602 944 2633 fuit
964 2602 1113 2633 Vulcobii
1136 2613 1145 2632 :
1174 2611 1270 2642 quem
1295 2603 1449 2642 quoniam
1484 2604 1624 2634 Renalus
1653 2604 1801 2641 Moratus,

183 2648 328 2679 medicus
344 2651 546 2688 Parisiensis,
565 2652 644 2683 mihi
667 2653 938 2689 commodaverat,
956 2653 1099 2684 codicem
1116 2653 1224 2683 Μοτιεὶ
1240 2653 1272 2683 in
1292 2653 1556 2684 adnotationibus
1573 2661 1686 2684 vocare
1701 2654 1801 2684 soleo.

184 2699 244 2729 llic
263 2700 347 2731 liber
366 2706 476 2740 prmter
492 2713 544 2734 eas
562 2705 807 2736 emendationes
826 2714 898 2744 qum
923 2706 954 2735 in
981 2705 1062 2735 libro
1079 2704 1220 2735 Turncbi
1247 2705 1416 2740 habentur,
1442 2712 1615 2742 perpaucas
1630 2704 1708 2733 alias
1724 2711 1803 2734 con-

185 2749 276 2779 tinet.
307 2750 435 2782 Tertius
457 2753 557 2784 codex
589 2754 648 2789 fuit
679 2753 808 2785 Heurici
838 2754 962 2788 Savilii,
994 2754 1055 2784 viri
1088 2754 1286 2790 doctissimi,
1306 2755 1344 2784 ad
1375 2763 1423 2784 me
1443 2754 1560 2784 missus
1585 2762 1624 2784 ex
1653 2754 1764 2791 Anglia
1785 2762 1801 2783 a

183 2801 301 2833 Jacobo
328 2803 456 2834 Usserio
473 2806 688 2836 Armachauo.
706 2807 782 2838 Nam
799 2816 870 2837 cum
887 2807 917 2836 in
941 2807 1059 2837 Usserii
1078 2807 1162 2836 notis
1179 2807 1215 2836 ad
1231 2806 1423 2844 Martyrium
1438 2806 1473 2835 Β.
1492 2804 1674 2844 Polycarpi,
1691 2812 1803 2835 manu—

185 2849 338 2889 scriptum
360 2853 547 2885 Eusebianae
569 2855 718 2886 Historia;
741 2856 883 2886 codicem
901 2863 940 2886 ex
957 2853 1150 2885 bibliotheca
1167 2854 1327 2886 Saviliana
1345 2853 1466 2884 laudari
1491 2851 1803 2889 animadvertissem,
