1982 3159
142 165 177 194 21
781 170 915 199 VALESll

980 170 1128 199 EFATIO.
1727 173 1760 200 εξ

143 236 284 268 eumque
303 229 445 260 codicem
461 231 591 269 optimm
606 235 689 263 notae
705 240 775 263 esse
792 241 831 264 ex
856 232 977 272 aliquot
1001 232 1080 263 locis
1098 232 1137 263 ab
1161 232 1293 262 Usserio
1312 231 1445 270 prolatis
1462 231 1760 271 deprehendissem,

149 278 306 318 postulavi
325 279 364 310 ab
379 287 418 310 eo
434 288 489 319 per
504 280 639 325 litteras,
656 285 690 312 ut
708 282 810 312 varias
822 282 891 321 ejus
907 281 1028 313 codicis
1041 281 1196 313 lectiones
1209 280 1381 320 (integrum
1399 280 1483 310 enim
1500 280 1538 310 ab
1558 288 1596 310 eo
1611 281 1760 311 collatum

143 337 216 360 esse
233 330 465 371 existimabam)
486 331 523 362 ad
541 341 591 363 me
607 333 849 364 transmitteret.
866 333 925 364 llle
943 341 1018 363 vero
1034 332 1176 363 codicem
1194 331 1326 370 quidem
1347 330 1452 370 ipsum
1480 331 1511 361 in
1532 330 1639 362 charta
1657 331 1760 370 scrip—

144 383 210 410 tum
230 381 435 420 bombycina,
451 382 653 415 bibliotheca:
663 384 842 415 Oxoniensi
858 393 874 414 a
890 383 1009 414 Savilio
1022 384 1174 413 donatum
1190 380 1307 417 fuisse,
1323 379 1400 411 mihi
1414 380 1584 420 rescripsit.
1602 380 1759 412 Craterum

142 431 320 463 editionem
336 432 466 463 Roberti
484 433 636 472 Stephani
654 435 760 465 statim
778 435 814 465 ad
834 443 882 465 me
900 434 1004 470 misit,
1023 434 1054 464 in
1079 433 1170 472 ctijus
1196 432 1342 470 margine
1366 431 1502 461 Savilius
1520 431 1760 462 emendationes

142 490 184 513 ex
200 491 260 513 suo
276 482 332 513 illo
348 482 566 521 manuscripto
584 482 693 514 codice
709 484 915 522 depromptas
932 483 1150 512 adnotaverat.
1166 481 1330 517 Quantum
1360 483 1464 510 tamen
1491 479 1649 518 conjicere
1669 481 1759 518 pot-ni

142 542 209 565 non
229 542 340 565 omnes
361 534 472 573 scripti
491 534 610 565 codicis
635 534 789 565 lectiones
818 535 855 565 ad
885 534 968 564 latus
991 533 1145 564 editionis
1161 533 1251 564 illius
1277 531 1428 572 appOSuit
1449 529 1599 564 Savilius,
1627 530 1760 561 sedeas

140 586 263 615 tantum
297 594 375 624 quas
402 585 504 616 bonas
529 589 696 624 certasque
723 592 794 615 esse
819 584 1035 615 existimabat.
1057 583 1207 620 Quasdam
1238 583 1322 614 enim
1350 581 1503 613 lectiones
1527 579 1566 610 ab
1589 579 1716 610 Usserio
1742 589 1759 608 e

141 634 260 673 scripto
280 635 334 665 illo
350 635 460 666 codice
475 633 693 673 proferuntur,
711 643 791 674 quas
809 643 824 664 a
844 633 963 664 Savilio
983 633 1212 671 praetermissus
1229 640 1300 663 esse
1316 635 1426 671 postea
1443 629 1653 669 deprehendi.
1680 630 1761 659 Prte-

140 687 226 715 terea
240 684 324 715 idem
341 686 478 717 Savilius
491 687 528 717 ad
542 695 629 717 oram
650 686 741 717 illius
753 686 902 717 editionis
922 686 1041 716 multas
1056 685 1202 724 ascripsit
1219 684 1463 715 emendationes
1480 693 1520 714 ex
1536 684 1647 714 codice
1664 683 1761 712 Joan-

139 734 192 764 nis
208 733 505 773 ChristophOrsoni,
522 745 618 775 quem
637 736 760 767 scilicet
776 735 1091 774 Christophorsonus
1107 744 1181 767 cum
1198 734 1322 775 aliquot
1349 734 1576 774 manuscriptis
1593 731 1761 771 exemplar

139 782 229 814 ribus
247 784 435 815 contulerat.

178 861 253 892 Haec
271 865 345 892 sunt
369 862 526 893 librorum
546 863 703 901 subsidia,
722 865 842 904 quibus
869 864 1016 895 instructi
1040 864 1232 895 Eusebiame
1248 862 1399 894 Historiae
1424 861 1521 892 libros
1541 858 1759 890 emendandos

138 912 353 950 suscepimus.
367 913 425 943 Sed
441 922 480 943 ne
495 913 568 951 quis
584 912 664 943 forte
678 913 857 953 quidquam
871 923 887 943 a
900 913 994 943 nobis
1013 917 1129 944 temere
1147 916 1177 944 et
1195 921 1251 952 pro
1266 911 1396 943 arbitrio
1413 913 1569 942 mutatum
1587 917 1658 940 esse
1675 909 1761 940 cxis—

138 962 241 998 timet,
258 965 331 993 ante
347 963 455 993 omnia
474 962 606 993 lectores
622 964 761 995 monitos
786 972 856 994 esse
874 965 1036 1000 volumus,
1054 963 1134 995 nihil
1153 971 1210 994 nos
1226 964 1297 994 sine
1316 963 1511 1001 Optimorum
1526 960 1758 1000 exemplarium

138 1020 297 1044 consensu
315 1017 410 1054 atque
426 1015 615 1046 auctoritate
631 1015 758 1048 fecisse.
776 1017 932 1057 Adeoque
951 1018 1046 1049 nobis
1069 1016 1183 1056 religio
1202 1017 1274 1051 fuit,
1292 1017 1324 1047 in
1343 1016 1392 1047 his
1411 1015 1502 1046 libris
1521 1014 1643 1054 aliquid
1664 1014 1762 1043 inter-

138 1065 258 1103 polare,
274 1071 309 1096 ut
323 1076 362 1098 ne
378 1070 443 1097 tum
462 1066 594 1106 quidem
607 1076 678 1099 cum
697 1068 802 1100 locum
821 1070 1029 1108 depravatum
1053 1079 1123 1100 esse
1141 1068 1408 1100 manifestissime
1433 1067 1620 1108 apparebat,
1648 1065 1761 1103 conje-
1810 1074 1813 1078 '

137 1119 236 1146 clurae
248 1120 365 1148 nostra;
382 1118 550 1156 indulgere
566 1121 774 1153 voluerimus.
789 1123 984 1161 Argumento
1001 1122 1040 1153 sit
1057 1122 1145 1153 locus
1162 1122 1195 1152 in
1213 1122 1274 1153 fine
1292 1121 1346 1152 lib.
1361 1131 1382 1152 x
1397 1120 1631 1157 Histor.Eccl.,
1647 1119 1759 1158 p.399.

137 1167 193 1206 qui
222 1168 268 1199 sic
292 1168 385 1200 habet
413 1169 468 1200 :‘0
487 1170 510 1201 δ’
527 1175 604 1212 ἀρετῇ
626 1176 698 1214 πάι-ῃ
727 1178 876 1208 θεοσεϐείας
901 1179 919 1205 ἓ;

982 1182 1035 1209 πῶς
1066 1177 1193 1215 μίγιττος
1217 1181 1321 1210 simi-r2;
1346 1178 1553 1207 Κωνσταντῦος,
1569 1171 1757 1201 Poteramus

137 1215 189 1247 hic
209 1226 314 1249 veram
335 1218 505 1251 lectionem
523 1222 583 1252 levi
601 1225 731 1262 negotio
752 1225 919 1256 restituere

978 1229 987 1256 t
1008 1235 1062 1264 pro
1077 1228 1212 1265 ἐκπρεπῶς
1229 1226 1398 1256 einen-lare
1422 1227 1568 1263 ἑκπρέπων.
1595 1221 1646 1251 Sic
1673 1219 1759 1250 enim

138 1277 213 1299 eum
239 1269 370 1300 Eusebii
403 1271 508 1302 locum
533 1273 608 1304 citat
633 1274 780 1305 Gelasius
798 1276 977 1313 Cyzicenus
1007 1276 1038 1306 in
1058 1276 1115 1306 lib.
1136 1285 1176 1312 ll,
1204 1284 1263 1306 nec
1288 1275 1380 1305 aliter
1405 1273 1557 1304 scribitur
1584 1272 1614 1301 in
1646 1270 1702 1301 lib.
1737 1278 1760 1301 ll

137 1319 269 1350 Eusebii
301 1320 343 1351 De
366 1322 431 1351 vita
455 1323 666 1363 Constantini,
697 1336 765 1366 cap.
797 1328 845 1365 19,
879 1328 932 1358 ubi
972 1328 1023 1359 hic
1058 1327 1149 1359 locus
1177 1327 1292 1358 iisdem
1325 1326 1418 1364 plane
1452 1323 1559 1355 verbis
1590 1323 1757 1360 repetitur.

136 1370 286 1409 Denique
310 1371 419 1402 nullus
438 1372 470 1403 in
497 1373 556 1407 hac
581 1376 724 1407 editione
754 1381 861 1408 nostra
884 1378 1071 1408 emendatus
1094 1381 1144 1408 est
1166 1377 1266 1413 locus,
1293 1376 1331 1407 de
1359 1384 1425 1412 quo
1445 1375 1476 1405 in
1497 1373 1760 1406 adnotationibus

139 1421 289 1452 lectorem
313 1430 376 1452 non
405 1424 643 1462 admonuerim,
676 1431 705 1457 et
734 1428 970 1458 emendationis
1000 1437 1076 1458 mea;
1111 1427 1267 1459 rationem
1303 1433 1368 1457 non
1401 1424 1607 1456 reddiderim.
1638 1423 1760 1453 Emen-

137 1471 281 1502 dationis
308 1481 380 1511 pars
406 1478 454 1505 est
482 1483 546 1506 non
571 1479 749 1514 postrema,
777 1477 943 1508 distinctio
971 1477 1040 1509 sive
1065 1477 1301 1517 interpunctio,
1325 1477 1364 1507 de
1393 1484 1455 1514 qua
1482 1473 1627 1505 nonnihil
1659 1483 1674 1504 a
1708 1480 1758 1504 me

135 1520 310 1553 dicendum
328 1527 388 1560 est,
407 1533 447 1554 ne
464 1525 545 1556 forte
563 1527 697 1558 lectores
714 1535 797 1558 novo
815 1527 1087 1566 interpunctionis
1103 1536 1220 1566 genere
1237 1527 1325 1566 quod
1343 1526 1374 1556 in
1389 1526 1469 1557 banc
1486 1524 1659 1556 editionem
1675 1533 1690 1554 a
1709 1531 1758 1554 mo

136 1573 280 1610 primum
298 1573 460 1606 invectum
481 1579 540 1611 est,
554 1578 798 1608 conturbcntur.
817 1577 1007 1617 Quanquam
1025 1578 1051 1608 si
1072 1577 1201 1617 proprie
1219 1577 1307 1616 loqui
1331 1576 1480 1612 velimus,
1506 1583 1570 1605 non
1588 1574 1618 1604 id
1638 1582 1756 1603 novum

135 1622 360 1653 distinctionis
389 1632 504 1662 genus,
532 1625 587 1655 sed
615 1625 870 1659 vetustissimum
900 1630 959 1662 est,
977 1630 1008 1657 et
1026 1626 1064 1657 ab
1090 1625 1232 1666 antiquis
1260 1625 1412 1656 omnibus
1432 1628 1493 1655 tam
1519 1623 1637 1654 Graecis
1663 1631 1758 1662 quam

134 1670 260 1702 Latinis
279 1678 469 1712 usurpatum
491 1685 498 1705 :
517 1676 602 1710 quod
622 1676 835 1707 recentiorum
855 1677 1047 1715 negligentia
1064 1675 1191 1715 penitus
1208 1675 1379 1713 abolitum,
1399 1675 1456 1705 hac
1468 1673 1609 1705 editione
1625 1677 1761 1705 conatus

134 1727 207 1751 sum
225 1721 336 1751 saltem
359 1729 398 1752 ex
414 1726 501 1761 parte
520 1733 679 1755 revocare.
696 1726 793 1756 Prisci
816 1726 947 1765 quidem
971 1726 1030 1762 illi,
1048 1735 1159 1757 recens
1184 1731 1251 1757 tum
1268 1725 1410 1756 inventis
1434 1724 1612 1755 litterarum
1637 1722 1759 1761 figuris.

137 1778 202 1801 uno
232 1774 342 1801 tenore
367 1771 436 1802 sine
461 1772 524 1802 ulla
550 1782 681 1812 prorsus
706 1774 914 1805 distinctione
937 1775 1130 1806 scribebant.
1154 1775 1232 1812 Quae
1257 1783 1308 1806 res
1338 1783 1409 1805 cum
1438 1774 1609 1805 maximam
1625 1767 1702 1804 ‘tum
1727 1773 1759 1804 in

135 1818 277 1858 legendo
292 1826 358 1852 tum
377 1821 411 1851 in
429 1823 667 1862 pronuntiando
684 1824 816 1856 haberet
831 1825 1068 1862 difficultatem,
1083 1829 1207 1858 veteres
1225 1824 1422 1866 grammatici
1443 1828 1507 1855 tres
1525 1824 1685 1863 posituras
1701 1831 1758 1853 seu

136 1870 365 1902 distinctiones
382 1873 616 1911 excogitarunt,
637 1874 756 1913 quibus
778 1875 867 1914 quasi
885 1875 1078 1906 stationibus
1102 1876 1294 1915 quibusdam
1323 1884 1358 1906 ac
1373 1872 1560 1904 diversoriis
1584 1872 1759 1903 continuus

135 1919 295 1950 orationis
322 1929 436 1951 cursus
461 1921 727 1960 distingueretur.
764 1922 898 1953 Primam
929 1926 1081 1954 vocarunt
1109 1926 1295 1963 ὗποστιγμήν.
1321 1923 1351 1953 id
1374 1928 1421 1954 est
1448 1921 1761 1953 subdistinctionem:

135 1969 270 2000 alteram
286 1975 382 2010 μὶσην,
400 1971 432 2001 id
450 1975 509 2008 est,
526 1972 655 2002 mediam
669 1971 917 2007 distinctionem;

979 1973 1063 2003 'tiam
1078 1977 1178 2003 τελείαν
1189 1978 1314 2016 στιγμήν,
1328 1972 1360 2004 id
1376 1976 1422 2003 est
1438 1973 1558 2012 ﬁnalem
1572 1980 1628 2001 seu
1641 1971 1761 2010 plenam

134 2017 380 2052 distinctionem.
398 2021 516 2052 Tribus
535 2025 640 2053 autem
659 2023 786 2063 punctis
801 2023 928 2053 diverso
948 2023 1012 2053 situ
1030 2023 1195 2062 dispositis
1213 2023 1357 2062 singulas
1377 2024 1583 2053 notaverunt.
1601 2020 1763 2050 Punctum

137 2072 227 2102 enim
244 2073 281 2103 ad
300 2073 396 2104 imam
413 2073 549 2105 litteram
565 2074 746 2112 appositum
763 2073 1070 2105 subdistinctionem
1087 2074 1256 2113 designat;
1274 2074 1374 2105 media
1391 2082 1467 2105 vero
1481 2072 1649 2103 distinctio
1665 2079 1762 2110 quam

134 2116 244 2154 Latini
274 2131 393 2154 moram
420 2124 636 2164 appellarunt,
664 2125 864 2162 significatur
889 2127 1006 2163 puncto
1026 2125 1063 2156 ad
1092 2126 1230 2156 mediam
1256 2125 1391 2156 litteram
1416 2124 1523 2156 affixo.
1550 2123 1633 2153 lllud
1656 2125 1763 2152 autem

136 2178 310 2213 punctum,
330 2175 416 2214 quod
432 2174 470 2205 ad
489 2177 582 2213 caput
600 2174 713 2204 litterae
731 2174 914 2213 apponitur,
934 2174 1062 2206 ﬁnalem
1089 2175 1221 2205 denotat
1243 2174 1498 2205 distinctionem.
1521 2173 1639 2203 Harum
1656 2176 1764 2202 autem

137 2225 385 2257 distinctionum
403 2234 473 2265 quae
487 2225 529 2256 sit
548 2225 596 2255 vis
621 2234 657 2255 ac
677 2224 767 2261 ratio,
791 2225 906 2257 docent
921 2225 1140 2265 grammatici,
1170 2226 1312 2256 Donatus
1328 2228 1358 2255 et
1375 2222 1496 2254 Marius
1514 2221 1714 2256 Victorinus,
1734 2223 1765 2250 et

135 2276 314 2308 Diomedes
328 2275 361 2307 in
378 2276 434 2308 lib.
451 2285 487 2310 η.
502 2277 556 2315 qui
573 2284 657 2307 unus
675 2277 777 2307 instar
794 2277 938 2308 omnium
959 2277 1052 2308 nobis
1072 2279 1132 2309 erit
1149 2278 1209 2308 hoc
1228 2277 1310 2307 loco.
1329 2287 1343 2304 α
1362 2274 1522 2310 Lectioni,
1537 2273 1657 2313 inquit,
1678 2272 1766 2312 posi-

137 2329 228 2356 turas
244 2327 394 2356 accedere
421 2325 468 2356 vel
495 2325 719 2356 distinctiones
747 2331 884 2365 oportet,
910 2336 990 2367 quas
1011 2328 1111 2358 Graeci
1135 2331 1220 2362 θέσςις
1247 2330 1380 2363 vocant;
1396 2334 1468 2366 quae
1484 2325 1568 2355 inter
1593 2324 1765 2362 legendum

137 2377 214 2407 dant
231 2376 355 2416 copiam
373 2376 523 2414 spiritum
543 2376 719 2412 reﬁciendi,
742 2385 782 2407 ne
798 2378 1042 2409 continuatione
1068 2379 1206 2409 deﬁciat.
1223 2378 1278 2408 Hae
1298 2382 1360 2408 tres
1383 2382 1470 2413 sunt,
1491 2374 1667 2410 distinctio,
1685 2373 1766 2403 sub—

137 2427 320 2464 distinctio,
340 2427 445 2458 media
467 2426 629 2457 distinctio
654 2427 723 2457 sive
749 2436 849 2463 mora,
877 2428 940 2464 vel,
960 2432 993 2458 ut
1012 2428 1203 2467 quibusdam
1230 2428 1373 2463 videtur,
1394 2425 1563 2463 submedia
1592 2435 1599 2454 :
1626 2433 1761 2463 quarum

139 2477 314 2507 diversitas
332 2477 434 2507 tribus
452 2477 578 2516 punctis
593 2477 721 2508 diverso
739 2478 807 2508 loco
830 2478 944 2517 positis
969 2475 1143 2508 indicatur.
1171 2489 1185 2505 λ)
1210 2478 1247 2507 Et
1262 2477 1357 2516 paulo
1377 2480 1448 2515 post
1466 2488 1473 2506 :
1492 2487 1506 2504 α
1526 2474 1696 2506 Distinctio
1716 2477 1765 2504 est

135 2528 259 2559 silentii
278 2531 365 2563 nota,
383 2536 454 2558 cum
473 2536 569 2559 sensu
587 2528 756 2559 terminato
774 2529 909 2559 liberum
928 2533 975 2559 est
996 2537 1121 2559 cessare
1139 2528 1310 2567 prolixius.
1333 2529 1384 2557 Est
1404 2526 1502 2565 hujus
1518 2529 1591 2556 nota
1610 2529 1764 2564 punctum

137 2587 234 2617 supra
252 2587 380 2609 versum
398 2578 434 2609 ad
454 2582 547 2617 caput
569 2578 683 2609 litterae
701 2579 853 2618 positum.
873 2579 1105 2609 Sulidistinctio
1121 2583 1168 2609 est
1196 2578 1317 2609 silentii
1343 2581 1417 2608 nota
1435 2577 1584 2614 legitimi,
1604 2584 1666 2615 qua
1695 2584 1767 2614 pro-

136 2627 353 2658 nuntiationis
373 2628 530 2658 terminus
552 2637 650 2659 sensu
668 2633 816 2659 manente
833 2629 874 2659 ita
891 2629 1114 2668 suspenditur,
1135 2634 1169 2660 ut
1188 2629 1296 2660 statim
1314 2627 1454 2668 id,qu0d
1472 2627 1634 2666 sequitur,
1651 2634 1765 2657 succe-

137 2677 216 2708 dere
233 2678 360 2709 debeat.
381 2678 484 2718 Hujus
501 2682 608 2709 autem
627 2682 699 2709 nota
717 2682 766 2709 est
782 2684 937 2718 punctum
961 2679 1021 2709 sub
1046 2687 1140 2710 versu
1161 2679 1316 2717 positum.
1333 2679 1421 2709 Mora
1439 2680 1488 2708 est
1512 2676 1592 2707 levis
1609 2677 1641 2707 in
1659 2676 1764 2706 conti-

137 2728 296 2758 nuatione
308 2737 462 2758 sensuum
478 2728 670 2767 interposita
684 2728 850 2764 discretio,
865 2728 1015 2766 legitimae
1026 2728 1248 2759 distinctionis
1262 2728 1614 2766 subdistinctionisque
1624 2727 1765 2757 medium

136 2777 290 2808 obtinens
309 2778 426 2814 locum,
447 2778 489 2809 ita
506 2782 539 2809 ut
558 2787 615 2809 nec
632 2778 770 2818 perfecta
788 2779 818 2808 in
844 2781 958 2814 totum,
985 2786 1043 2809 nec
1059 2778 1178 2809 omissa
1204 2778 1364 2814 videatur,
1383 2778 1439 2809 sed
1455 2777 1692 2817 significatiorle
1709 2778 1770 2808 im-

137 2828 298 2864 morandi,
319 2827 452 2858 alterius
478 2829 643 2859 desideret
674 2828 867 2868 principium
893 2837 1022 2860 sensus.
1048 2830 1084 2858 Et
1111 2829 1171 2859 hoc
1187 2827 1395 2858 solummodo
1420 2833 1529 2859 servat
1553 2827 1708 2864 ofﬁcium,
1733 2833 1769 2858 ut

138 2876 279 2915 legentis
297 2878 446 2917 spiritum
467 2878 657 2910 brevissima
677 2879 892 2918 respiratione
909 2879 1027 2910 reficiat
1045 2887 1080 2910 ac
1099 2878 1229 2910 nutriat.
1248 2878 1298 2910 Sic
1321 2878 1407 2909 enini
1427 2877 1665 2917 pronuntiando
1693 2876 1769 2908 reti-
