1982 3159
225 174 263 203 9.3.
861 175 995 205 VALESII
1014 174 1209 203 PREFATIO.
1805 170 1840 197 24

228 245 298 266 Oete
315 235 388 276 quis
404 234 511 271 debet,
528 237 564 265 ut
578 234 651 274 quia
669 234 804 274 spiritus
828 235 896 274 ipse
915 236 1052 275 quadam
1080 234 1261 266 defectione
1283 235 1438 268 mutatur,
1456 231 1574 263 deinde
1594 234 1786 264 resumatur.
1804 230 1840 261 Ut

631 334 666 362 Ut
682 335 743 362 belli
756 336 860 369 signum
877 335 1006 362 Laurenti
1023 335 1129 362 Turnus
1141 335 1175 361 ab
1190 342 1252 362 arce

632 370 744 403 Extulit,
761 375 788 398 et
804 379 884 398 ranro
901 375 1073 404 strepuerunt
1089 377 1189 396 cornua
1203 373 1299 400 cantu;

628 405 716 439 thue
732 413 806 433 acres
819 406 955 433 concussit.
967 413 1062 440 equos,
1082 411 1163 440 utque
1176 404 1280 439 impulit
1295 411 1386 437 arma;

627 440 768 475 Extemplo
783 442 881 468 turbati
896 441 990 467 anilui.

222 487 331 519 Multa)
349 487 436 519 enim
454 487 606 519 clausulae
619 491 695 519 sunt
719 489 832 520 medim
849 489 944 527 hujus
961 488 1120 519 lectionis.
1136 488 1276 518 Primum
1293 495 1332 518 ne
1348 485 1593 521 confundantur,
1610 495 1681 525 quae
1697 487 1793 516 δίκωλα
1807 487 1838 515 et

221 543 337 579 τρίπωλα
354 544 519 578 ponuntur
535 544 565 570 et
583 539 670 570 talia.
687 538 811 570 Deinde
831 544 861 569 ut
879 544 967 571 actus
985 541 1153 571 verborum
1177 539 1316 570 emineat
1332 541 1361 568 et
1383 537 1497 572 luceat,
1513 537 1566 576 qui
1585 546 1622 567 ex
1640 537 1748 575 aliquo
1766 543 1839 567 lno-

221 591 483 627 veaturaﬂ'ectu,
510 593 557 623 vel
575 591 800 629 indignatione
825 592 873 622 vel
901 593 1108 624 miseratione
1127 591 1253 626 collata,
1273 602 1287 619 ι
1305 594 1365 621 etc.
1384 590 1575 629 Hujusmodi
1597 590 1696 628 igitur
1723 589 1839 620 distin~

221 643 362 674 ctionum
378 652 436 674 seu
455 644 754 682 interpunctionum
774 648 864 675 notas
877 645 999 684 antiqui
1019 653 1146 681 omnes,
1163 649 1225 675 tam
1242 643 1341 673 Graeci
1361 652 1459 682 quam
1477 643 1594 679 Latini,
1612 643 1642 673 in
1663 643 1752 673 libris
1768 643 1838 673 suis

220 693 462 725 adhibuerunt:
481 702 560 733 quas
578 693 673 724 etiam
702 694 816 725 lsidori
833 695 1036 734 Hispalensis
1060 699 1150 726 aetate
1174 695 1279 726 adhuc
1296 696 1329 725 in
1349 704 1409 726 usu
1431 694 1532 725 fuisse
1549 697 1682 724 constat.
1701 693 1733 723 ω
1751 693 1837 723 enim

219 742 373 774 discimus
388 752 427 774 ex
443 744 514 783 ejus
530 742 790 782 Origimtmlibro
813 753 835 780 t,
858 753 928 784 cap.
951 745 1000 776 19.
1020 745 1056 776 1n
1083 744 1307 784 manuscriptis
1326 753 1455 784 quoque
1483 743 1718 783 exemplaribus
1744 742 1840 781 paulo

220 793 453 824 vvlnstioribus
469 793 579 824 eadem
596 793 822 832 distinguendi
842 795 922 826 ratio
937 799 1094 834 perpetuo
1110 800 1269 826 servatur.
1289 796 1407 826 Verum
1429 794 1634 828 recentiores,
1657 802 1712 824 seu
1736 793 1841 831 impe-

219 843 291 874 ritia
308 852 366 875 seu
384 844 506 875 desidia
527 845 666 883 quadam
687 854 723 876 ac
737 846 945 884 negligentia,
962 847 1069 877 omnia
1085 850 1335 878 commutarunt.
1353 847 1397 877 Ac
1415 854 1470 885 pro
1485 843 1841 882 subdistinctionequi-

217 895 290 925 dem
311 895 453 935 virgulas
471 899 666 934 posuerunt;
687 905 742 935 pro
760 897 872 926 medim
887 896 1106 928 distinctionis
1124 901 1196 928 nota
1214 897 1278 928 duo
1296 900 1410 936 puncta
1426 906 1433 924 :
1447 895 1548 926 ﬁnalis
1565 903 1640 926 vero
1655 894 1839 925 distinctio-

221 945 272 976 nis
298 949 404 976 notam
425 955 441 976 a
474 945 576 985 capite
603 944 640 975 ad
666 945 762 984 pedes
788 945 901 976 litterae
926 946 1120 985 dejecerunt.
1147 946 1249 983 Quam
1281 955 1405 985 pravam
1428 944 1650 984 distinguendi
1681 945 1838 976 rationem

215 998 318 1029 secuti
335 1002 408 1030 sunt
426 1007 537 1030 omnes
555 998 620 1029 fere
635 997 820 1038 typograpbi
837 1001 951 1038 praeter
965 999 1082 1030 Aldum
1113 999 1306 1030 Manutium.
1326 999 1385 1030 Hic
1402 998 1486 1030 enim
1504 999 1536 1028 in
1556 998 1696 1028 editione
1712 998 1842 1029 Grmcn-

216 1057 286 1078 rum
315 1049 484 1085 librorum,
500 1058 582 1089 quos
602 1058 684 1090 pene
704 1050 957 1082 innumerabiles
974 1052 1115 1088 excudit,
1134 1060 1201 1082 eam
1224 1060 1350 1090 Semper
1366 1050 1660 1088 interpunctionem
1684 1050 1838 1086 retinuit,

214 1109 310 1139 quam
335 1101 367 1131 in
395 1102 625 1140 manuscriptis
649 1102 888 1141 exemplaribus
909 1103 1088 1133 invenerat.
1106 1104 1141 1133 Et
1160 1103 1300 1141 virgulas
1317 1102 1447 1142 quidem
1464 1101 1550 1141 quod
1576 1102 1707 1138 attinet,
1733 1101 1835 1132 nolim

214 1158 268 1180 eas
284 1150 447 1182 damnare.
471 1152 583 1182 Parum
607 1151 693 1181 enim
722 1150 866 1186 interest,
884 1159 979 1190 quam
1009 1156 1114 1182 nolam
1134 1151 1345 1182 adhibeamus
1364 1150 1400 1181 ad
1419 1149 1723 1180 subdistinctionem
1749 1150 1841 1180 desi-

213 1200 388 1240 gnandam,
405 1201 501 1232 modo
517 1210 552 1232 ea
570 1204 645 1231 nota
663 1200 699 1231 ad
721 1201 818 1238 pedes
840 1205 1017 1240 apponatur
1033 1202 1156 1232 litterm.
1182 1201 1274 1232 Certe
1290 1201 1321 1231 in
1347 1201 1470 1239 Optimo
1497 1200 1552 1231 illo
1567 1209 1601 1231 ac
1617 1200 1840 1233 vetustissimo

213 1251 325 1281 codice
341 1250 545 1282 bibliothecae
561 1251 742 1286 Mazarinas.
757 1251 850 1289 cujus
866 1255 960 1282 antea
977 1251 1175 1282 mentionem
1191 1251 1263 1288 feci,
1283 1251 1442 1282 interdum
1461 1258 1519 1290 pro
1537 1250 1652 1286 media,
1674 1250 1837 1283 interdum

213 1308 269 1338 pro
287 1299 372 1331 ﬁnali
392 1299 602 1331 distinctione
617 1300 772 1339 virgulam
789 1300 966 1338 appositam
995 1300 1110 1338 reperi,
1127 1301 1158 1330 id
1176 1303 1236 1334 est,
1253 1309 1341 1331 nunc
1362 1301 1399 1331 ad
1426 1300 1563 1331 mediam
1581 1301 1729 1336 litteram,
1748 1310 1838 1332 nunc

210 1349 249 1380 ad
266 1359 436 1381 summam.
453 1351 518 1381 Nec
536 1351 640 1382 solum
659 1353 794 1391 virgula,
817 1360 924 1382 verum
943 1351 1038 1382 etiam
1068 1352 1191 1383 sicilico
1207 1361 1265 1383 seu
1282 1355 1352 1392 ἁπλῇ
1369 1360 1478 1382 aversa
1496 1361 1728 1391 nonnunquam
1749 1352 1838 1383 des-1..

210 1401 368 1438 gnabatur
394 1401 497 1431 media
518 1402 695 1438 distinctio,
728 1406 761 1433 ut
790 1402 1083 1433 docetVictOi-inus
1116 1403 1148 1433 in
1174 1403 1278 1434 librot
1298 1403 1386 1433 Artis
1405 1403 1621 1443 grammaticw.
1650 1402 1741 1439 Quod
1759 1411 1838 1433 vero

209 1462 270 1493 pro
289 1450 373 1485 finali
392 1454 605 1485 distinctione
626 1455 722 1486 hodie
738 1458 890 1494 punctum
911 1455 947 1484 ad
967 1455 1063 1494 pedes
1081 1455 1193 1486 litterae
1211 1455 1373 1494 ponimus,
1400 1455 1444 1490 id,
1460 1463 1530 1485 meo
1546 1454 1677 1493 quidem
1695 1455 1836 1493 judicio,

209 1505 286 1535 ferri
310 1504 496 1535 nullatenus
523 1509 638 1543 potest.
664 1505 775 1543 Neque
798 1504 885 1535 enim
911 1504 1015 1534 solum
1043 1504 1193 1534 vetustati
1215 1504 1245 1534 id
1271 1508 1439 1543 repugnat,
1459 1513 1566 1550 verum
1586 1505 1678 1535 etiam
1705 1504 1836 1536 rationi.

209 1556 335 1596 Quippe
353 1555 433 1587 ratio
459 1559 611 1596 ροειυιαῐ,
629 1559 662 1586 ut
679 1559 753 1586 nota
770 1554 882 1586 eodem
907 1554 970 1585 situ
997 1554 1097 1593 posita
1122 1556 1266 1585 eamdem
1291 1554 1438 1593 designet
1462 1553 1714 1585 distinctionem.
1744 1554 1834 1584 Pun-

210 1610 294 1636 ctum
317 1605 415 1645 igitur
432 1606 461 1635 in
481 1605 544 1636 ima
562 1608 649 1643 parte
668 1605 822 1644 positum,
844 1603 927 1634 idem
946 1604 1126 1642 signiﬁcare
1138 1604 1245 1639 debet,
1263 1605 1345 1643 quod
1363 1604 1485 1643 virgula
1501 1613 1572 1645 qum
1584 1606 1620 1635 ad
1639 1606 1733 1636 imam
1749 1605 1837 1636 litte-

208 1665 275 1687 iam
297 1661 402 1687 notata
418 1662 478 1688 est.
497 1657 611 1695 Neque‘
627 1654 712 1686 enim
730 1658 803 1685 nota
819 1654 899 1693 ipsa,
919 1655 973 1685 sed
992 1659 1075 1686 notae
1093 1655 1175 1685 situs
1192 1655 1293 1686 variat
1309 1655 1568 1688 distinctionem.
1586 1658 1630 1687 Ex
1651 1666 1715 1696 quo
1732 1657 1836 1688 cilici-

208 1713 272 1744 tur,
289 1709 417 1740 flnalcm
435 1708 676 1746 distinctionem
698 1715 761 1736 non
789 1710 873 1737 recte
889 1715 904 1736 a
922 1707 1016 1736 nobis
1041 1707 1204 1745 designari
1230 1712 1347 1745 puncto
1366 1708 1404 1738 ad
1430 1709 1527 1747 pedes
1545 1709 1657 1739 litterae
1672 1709 1833 1747 apposito.

206 1759 314 1797 Quare
331 1768 396 1790 non
413 1759 483 1790 sine
498 1767 592 1789 causa
609 1762 749 1787 veterem
770 1756 1022 1796 interpungendi
1037 1756 1190 1787 rationem
1207 1757 1240 1786 in
1264 1756 1322 1787 hac
1339 1757 1483 1789 editione
1505 1758 1674 1789 restituere
1688 1766 1759 1788 sum
1781 1767 1834 1789 co-

208 1815 313 1843 natus.
330 1812 376 1846 Ac
391 1811 550 1850 virgulam
571 1808 702 1848 quidem
720 1808 820 1846 ipsam
839 1808 971 1842 retinui,
986 1808 1106 1848 quippe
1118 1817 1189 1848 quae
1208 1809 1240 1839 in
1256 1810 1441 1840 denotanda
1455 1810 1728 1842 subdistinctione
1745 1811 1831 1843 idem

207 1859 311 1890 valeat
326 1868 361 1890 ac
379 1864 550 1899 punctum;
568 1858 706 1889 mediam
733 1866 808 1889 vero
833 1856 1074 1888 distinctionem
1094 1866 1133 1888 ex
1155 1858 1443 1897 manuscriptorum
1469 1860 1616 1890 codicum
1641 1861 1833 1891 auctoritate

206 1908 275 1938 Suis
291 1907 370 1939 locis
386 1908 477 1948 quasi
500 1907 701 1946 postliminio
719 1906 859 1936 restitui.
879 1906 984 1946 Hujus
1003 1915 1098 1945 porro
1123 1907 1290 1937 utilitatem
1308 1916 1344 1938 ac
1370 1910 1595 1940 necessitatem
1622 1910 1777 1947 studiosi,
1799 1915 1833 1941 ut

205 1967 314 1996 spero.
333 1959 482 1989 celeriter
498 1962 686 1997 agnoscent.
703 1958 815 1997 Neque
832 1957 918 1988 enim
933 1957 1040 1987 solum
1058 1965 1096 1987 eo
1114 1957 1194 1988 valet
1212 1957 1315 1989 media
1333 1957 1386 1988 illa
1402 1959 1581 1997 distinctio,
1600 1965 1633 1991 ut
1649 1966 1834 1992 resumatur

206 2008 341 2047 Spiritus
357 2009 396 2040 ad
412 2009 609 2048 principium
627 2008 760 2039 alterius
774 2017 892 2039 sensus
909 2009 1178 2044 continuandum,
1193 2013 1223 2038 et
1241 2012 1273 2039 ut
1289 2014 1378 2039 actus
1395 2010 1494 2048 magis
1508 2009 1647 2041 emineat
1664 2019 1698 2041 ac
1714 2010 1831 2048 luceat,

204 2058 481 2098 quemadmodum
503 2060 618 2093 scribit
641 2060 825 2095 Diomedes,
847 2067 955 2090 verum
986 2059 1081 2089 etiam
1113 2059 1151 2089 ad
1177 2060 1353 2090 notandum
1371 2059 1545 2091 discrimen
1570 2069 1780 2099 personarum
1797 2071 1834 2093 ac

205 2110 414 2149 dignitatum.
432 2111 483 2142 Sic
497 2111 616 2143 alicubi
637 2112 668 2142 in
688 2112 736 2142 bis
753 2111 859 2146 libris,
881 2110 937 2140 ubi
961 2110 987 2140 le

1049 2120 1080 2141 Π*
1097 2111 1247 2142 ἐπισκόπων
1268 2115 1457 2153 πρεσϐυτέρων
1478 2126 1506 2143 τι
1521 2117 1566 2143 καὶ
1581 2113 1713 2150 dicundum,
1730 2115 1831 2145 code!

205 2160 455 2192 eminentissimi
473 2161 643 2193 cardinalis
668 2165 739 2200 post
756 2171 867 2193 vocem
884 2162 1034 2192 ἐπισιόπων
1051 2163 1186 2194 mediam
1208 2162 1339 2194 adhibet
1361 2163 1615 2194 distinctionem.
1640 2164 1698 2193 Sed
1718 2168 1748 2194 et
1765 2165 1832 2203 ple-

206 2212 315 2251 risque
332 2213 364 2242 in
385 2212 464 2244 locis
482 2216 634 2252 punctum
657 2214 694 2243 ad
713 2216 807 2252 caput
832 2213 945 2243 litteras
973 2212 1080 2251 posui,
1101 2213 1140 2244 ad
1159 2213 1286 2244 ﬁnalem
1309 2213 1550 2244 distinctionem
1568 2213 1799 2252 designandum
1820 2224 1829 2244 :

206 2262 328 2302 ubique
347 2263 378 2294 id
397 2263 541 2295 facturus
557 2286 565 2300 ,
588 2264 653 2295 nisi
669 2264 716 2294 vis
741 2263 863 2294 inclitae
879 2263 1130 2295 consuetudinis
1160 2272 1209 2294 me
1226 2264 1265 2294 ab
1284 2264 1420 2303 incoepto
1449 2268 1642 2295 revocasset.
1671 2263 1829 2294 Caeterum

204 2313 292 2352 quod
310 2321 371 2352 ego
387 2313 420 2344 in
439 2314 495 2348 hac
514 2314 657 2345 editione
672 2318 793 2345 tantum
812 2323 849 2344 cx
868 2318 954 2350 parte
972 2313 1117 2353 praestiti,
1142 2313 1173 2344 id
1196 2313 1234 2344 ab
1251 2314 1323 2344 aliis
1339 2314 1457 2353 majore
1472 2312 1616 2344 doctrina
1636 2317 1666 2344 et
1689 2314 1830 2344 auctori.

203 2367 267 2394 tate
286 2364 444 2402 prmditis,
460 2364 517 2403 qui
535 2369 678 2395 veterum
696 2365 799 2396 libros
814 2365 946 2404 posthac
963 2363 1079 2393 edituri
1099 2367 1187 2400 sunt,
1203 2364 1342 2400 tandem,
1360 2368 1391 2394 ut
1410 2371 1518 2401 spero,
1535 2363 1826 2394 consummabitur.

203 2415 308 2453 Atque
324 2414 391 2445 hmo
407 2415 447 2446 de
463 2414 692 2445 emendatione
709 2418 739 2445 et
755 2414 964 2445 distinctione
983 2417 1089 2444 nostra
1106 2413 1291 2444 summatim
1310 2413 1393 2445 dicta
1416 2413 1585 2447 sufﬁciant.
1604 2414 1694 2445 Nunc
1710 2415 1748 2444 ad
1766 2414 1826 2444 La-

202 2463 301 2494 tinam
321 2463 621 2503 interpretationem
639 2465 820 2496 veniamus.

242 2524 311 2555 Non
340 2525 456 2556 dubito
489 2526 608 2556 multos
638 2526 706 2557 fore
732 2527 788 2565 qui
815 2526 972 2557 mirentur
993 2534 1089 2565 quam
1115 2526 1155 2556 ob
1179 2534 1243 2555 rem
1262 2528 1334 2564 post
1353 2529 1415 2555 tres
1432 2525 1561 2556 Latinos
1577 2523 1707 2556 Eusebii
1727 2523 1828 2553 inter-

201 2580 330 2615 pretes,
359 2586 483 2618 eosque
516 2578 547 2608 in
572 2578 691 2612 Graecis
719 2578 834 2609 litteris
861 2587 924 2609 non
952 2578 1158 2609 mediocriter
1172 2578 1384 2611 exercitatos.
1402 2582 1543 2615 quartam
1560 2576 1628 2614 ipse
1644 2574 1826 2604 versionem

202 2627 448 2660 elaboraverim.
461 2630 590 2666 Quibus
607 2631 746 2669 primum
764 2631 806 2661 ita
824 2629 1022 2669 respondeo:
1035 2630 1066 2661 Si
1084 2634 1156 2669 post
1171 2630 1339 2666 Ruﬁnum,
1359 2629 1413 2669 qui
1436 2628 1659 2658 Ecclesiastica:
1675 2625 1828 2656 Historia:

203 2675 302 2708 libros
330 2680 454 2717 primus
482 2681 516 2711 in
542 2681 690 2712 Latinum
708 2689 892 2712 sermonem
916 2680 1094 2717 convertit,
1121 2680 1211 2710 licuit
1230 2680 1376 2710 Museulo
1397 2687 1509 2709 novam
1531 2680 1824 2716 interpretationem

201 2728 358 2763 condere,
383 2730 411 2759 si
440 2740 552 2762 rursus
578 2737 650 2770 post
671 2731 855 2762 Musculum
877 2730 960 2760 idem
978 2730 1071 2760 licuit
1087 2729 1399 2768 ChrileIIIIOI‘SOHO,
1417 2738 1474 2760 cur
1493 2728 1570 2758 mihi
1591 2736 1720 2767 quoque
1739 2725 1824 2756 idem

196 2776 281 2816 juris
314 2786 378 2810 non
401 2779 500 2812 fuerit
529 2783 617 2821 quod
649 2782 796 2814 ceteris?
820 2782 911 2820 Apud
932 2782 1060 2812 Iudaeos
1078 2785 1151 2821 post
1173 2781 1378 2819 Septuaginta
1400 2781 1570 2811 Seniorum
1590 2779 1763 2810 editionem
1781 2780 1826 2806 tot

202 2833 474 2861 sacramentorum
502 2831 674 2871 religione,
701 2836 746 2863 tot
775 2832 966 2863 smculorum
986 2832 1175 2863 auctoritate
1202 2832 1377 2866 ﬁrmatam,
1400 2831 1516 2870 Aquila
1536 2830 1687 2870 primum,
1708 2828 1825 2860 deinde

201 2879 401 2914 Theodotiou
424 2887 456 2913 et
475 2883 686 2922 Symmachus
713 2893 810 2916 novas
836 2883 961 2915 Veteris
977 2884 1172 2918 Testamenti
1197 2883 1484 2923 interpretationes
1502 2882 1623 2921 singuli
1643 2881 1823 2914 ediderunt.
