1982 3159
148 179 187 208 επ
782 172 916 202 mssa
936 171 1132 200 PREFATIO.
1741 173 1783 212 εδ,

147 241 277 279 Quintia
303 238 376 268 item
400 237 568 274 Sextioque
587 244 621 266 ac
638 234 786 274 Septimis
808 233 960 264 editionis
980 236 1124 263 auctores
1145 231 1277 270 quidam
1303 231 1419 270 reperti
1442 235 1530 269 sunt,
1549 240 1687 272 quarum
1713 241 1774 263 nn-

149 293 237 324 mina
255 291 464 329 ignorantur:
486 296 606 326 easque
629 295 742 318 omnes
759 285 925 316 versiones
940 284 1096 323 Origenes
1114 284 1145 314 in
1165 282 1320 322 Hea-aptis
1337 283 1405 314 suis
1421 285 1602 320 collocavit,
1621 289 1656 315 ut
1677 293 1695 316 a
1718 293 1773 317 ca-

149 344 279 376 tholicis
306 339 494 372 hominibus
520 339 715 378 legerentur.
741 337 834 374 Quod
861 337 959 375 igitur
977 335 1097 367 Iudaeis
1119 335 1151 365 in
1171 334 1280 365 Veteri
1306 335 1514 366 Testamento
1533 337 1638 373 licuit,
1661 345 1718 368 cur
1739 337 1772 368 in

147 397 292 429 Eusebio
311 393 387 425 mihi
405 401 467 424 non
486 391 590 428 liceat,
606 391 745 422 maxime
760 399 831 421 cum
855 389 886 421 id
903 389 1022 420 audere
1038 389 1071 420 in
1095 388 1236 418 Eusebio
1257 387 1364 418 minus
1381 388 1595 426 periculosum
1609 389 1662 425 sit,
1676 398 1771 428 quam

146 451 181 481 in
207 447 304 479 saeris
329 445 510 476 divinarum
536 443 771 482 Scripturarum
794 442 899 473 libris?
917 442 1088 472 Enimvero
1105 431 1213 471 multra
1230 448 1339 480 eaeque
1360 440 1558 478 gravissimas
1573 441 1712 472 rationes
1731 442 1770 472 ad

145 498 241 533 novre
258 499 354 537 hujus
379 495 655 535 interpretationis
671 504 753 526 onus
769 495 969 526 subeundum
992 502 1041 524 me
1060 493 1106 525 vel
1128 493 1264 523 invitum
1286 493 1494 532 impulerunt.
1521 493 1596 524 Nam
1620 502 1692 524 cum
1716 502 1772 524 no-

144 561 217 583 vam
240 547 464 580 Ecclesiastica:
487 545 641 576 Historia
667 545 841 575 editionem
864 548 971 574 vestro
984 544 1079 582 jussu
1098 543 1278 581 vestrisque
1295 543 1452 581 auspiciis
1470 543 1706 582 suscepissem.
1724 544 1771 574 vi-

142 603 332 636 deremaue,
349 597 554 638 superiorum
571 596 778 634 interpretum
792 595 954 625 Versiones
966 593 1007 624 ob
1018 593 1150 624 crebros
1165 601 1291 623 errores
1309 602 1344 624 ac
1357 596 1549 634 παριρμηνειας
1566 602 1769 633 nequaquam

141 653 328 686 satisfacere
353 649 513 680 desiderio
539 648 705 679 doctorum
735 649 877 678 virorum
895 669 904 684 ,
933 646 1204 687 quemadmodum
1230 646 1364 677 Joannis
1383 646 1523 678 Curterii
1544 650 1573 677 et
1593 646 1675 677 Petri
1696 647 1771 677 Hal-

141 706 235 738 loixii
253 703 434 736 testimonio
447 702 509 740 jam
529 705 621 732 antea
642 701 834 732 declaratum
853 704 920 736 est,
945 699 1082 730 duorum
1099 699 1233 730 alterum
1248 699 1325 729 mihi
1345 699 1528 730 necessario
1553 698 1768 738 praestandum

140 757 222 794 fuit,
248 760 281 787 ut
306 755 353 786 vel
383 753 546 792 antiquam
578 754 875 793 interpretationem
901 752 1107 792 corrigerem,
1131 752 1179 782 vel
1199 755 1284 782 certe
1302 752 1509 791 procuderem
1527 760 1653 782 novam.
1671 751 1769 783 Porro

137 810 277 840 aliorum
303 800 600 844 interpretationem
625 806 798 845 corrigere,
828 809 860 835 ut
891 805 1062 836 molestum
1089 812 1145 842 per
1165 812 1199 834 se
1221 813 1258 835 ac
1277 803 1420 841 ditiicile,
1438 804 1480 835 ita
1499 804 1593 834 etiam
1618 803 1767 834 odiosum

139 862 320 893 videbatur.
345 860 406 889 Sua
430 858 515 888 enim
534 859 653 899 cuique
672 859 754 896 laus,
770 867 849 889 suus
869 858 971 889 honos
988 858 1123 888 debetur
1140 867 1155 888 a
1173 857 1280 888 nobis.
1299 858 1459 888 Fecerunt
1481 857 1525 888 illi
1545 857 1703 896 quidquid
1725 858 1758 888 in

137 913 221 953 ipsis
248 911 320 946 fuit,
345 913 376 941 et
402 916 461 948 suo
486 907 594 939 labore
618 913 761 939 nostrum
787 909 925 939 laborem
945 908 1051 939 levare
1071 917 1106 939 ac
1125 908 1272 939 minuere
1289 908 1395 939 conati
1413 912 1502 938 sunt.
1530 908 1667 938 Proinde
1683 916 1766 945 Opus

138 965 401 1004 uniuscujusque
422 961 606 999 interpretis
629 960 825 991 laudandum
850 961 959 1000 potius
983 965 1030 991 est
1050 970 1065 991 a
1090 961 1185 991 nobis
1210 969 1306 1000 quam
1325 959 1598 999 interpolandum.
1616 960 1764 997 Ruﬁnus,

136 1016 286 1056 quamvis
315 1021 446 1044 sensum
475 1012 584 1051 potius
609 1013 742 1043 Eusebii
767 1016 920 1053 Sequatur
946 1021 1044 1053 quam
1062 1012 1170 1048 verba,
1191 1016 1295 1044 tersus
1311 1017 1357 1043 est
1372 1017 1477 1043 tamen
1495 1021 1530 1043 ac
1549 1013 1690 1048 nitidus,
1707 1022 1766 1044 nec

138 1066 323 1106 legentibus
342 1062 557 1102 injucundus;
573 1073 609 1095 ac
633 1068 680 1094 vel
699 1074 738 1094 eo
755 1064 886 1095 nomine
906 1064 1078 1103 plurimum
1096 1063 1289 1101 laudandus,
1315 1064 1399 1103 quod
1420 1063 1670 1094 Ecciesinslicam
1690 1063 1765 1094 His-

137 1119 252 1150 toriam
271 1117 392 1157 primus
409 1114 529 1145 Latinae
546 1114 662 1153 linguae
680 1114 868 1145 hominibus
885 1114 984 1150 dedit,
1003 1113 1093 1153 cujus
1121 1114 1271 1144 versione
1295 1115 1332 1144 ad
1357 1117 1497 1154 nostqam
1514 1122 1617 1153 usque
1640 1118 1763 1145 aetatem

137 1179 194 1202 usa
217 1174 263 1201 est
281 1167 464 1200 Occidentis
482 1164 634 1195 Ecclesia.
652 1163 820 1195 Musculus
837 1163 945 1195 verbis
964 1164 1107 1204 pressius
1125 1163 1286 1201 adhaeret,
1303 1167 1332 1193 et
1352 1164 1383 1194 in
1402 1164 1642 1203 interpretando
1659 1165 1765 1196 brevis

136 1225 184 1251 est
211 1224 307 1258 atque
335 1218 536 1257 perspicuus,
557 1217 734 1256 multisque
754 1217 786 1246 in
807 1217 885 1248 locis
902 1216 1202 1256 Christ0phorsono
1222 1215 1357 1246 felicior.
1376 1216 1708 1255 Christ0phorsonus.
1730 1223 1764 1249 ut

134 1271 319 1310 diligentior
344 1278 379 1300 ac
407 1268 531 1301 doctior
558 1270 717 1306 Musonio,
736 1268 782 1300 sic
807 1270 902 1300 etiam
928 1268 1133 1300 numerosior
1159 1269 1289 1306 incedit,
1306 1268 1594 1300 etCiceroniauum
1611 1270 1762 1309 quiddam

134 1329 241 1357 sonat.
266 1325 417 1354 Praeterea
437 1329 517 1353 usus
539 1325 587 1352 est
612 1321 839 1359 manuscriptis
856 1321 1096 1361 exemplaribus
1113 1321 1149 1351 ad
1168 1321 1466 1358 interpretationem
1483 1330 1572 1352 suam
1594 1322 1765 1354 elaboran-

133 1376 228 1406 dam:
248 1376 434 1415 primusque
451 1373 676 1412 Panegyricum
694 1373 838 1410 Eusebii,
856 1373 977 1404 dictum
996 1373 1229 1404 tricennalibus
1245 1373 1464 1409 Constantini,
1483 1374 1594 1404 Latino
1610 1383 1761 1406 sermone

133 1427 246 1462 edidit,
274 1435 370 1464 quem
401 1430 509 1464 postea
537 1426 741 1457 Genevenses
765 1426 950 1466 typographi
971 1427 1080 1458 Graece
1104 1427 1317 1458 excuderunt.
1344 1427 1430 1458 Dicet
1449 1428 1500 1458 hic
1519 1428 1659 1467 aliquis:
1677 1429 1761 1466 Quid

132 1476 232 1516 igitur
248 1485 329 1516 opus
346 1476 407 1507 fuit
423 1484 504 1508 nova
525 1478 672 1509 versione
685 1501 694 1515 ,
712 1488 785 1509 cum
810 1480 854 1510 illi
874 1480 1066 1517 interpretes
1084 1483 1128 1510 tot
1145 1480 1308 1519 tantisque
1326 1479 1475 1511 laudibus
1492 1481 1680 1513 abundent?
1696 1483 1761 1522 Ego

133 1538 211 1562 vero
230 1530 340 1561 laudes
354 1530 483 1561 illorum
500 1539 728 1566 commemoro,
747 1539 810 1562 nou
832 1531 906 1561 vitia
924 1532 1037 1569 detego
1055 1542 1063 1562 :
1082 1541 1154 1571 quae
1165 1532 1295 1571 quidem
1313 1532 1450 1563 aliorum
1469 1533 1759 1573 testimonioquam

132 1589 204 1612 meo
219 1581 309 1620 prodi
337 1580 457 1612 malim.
486 1581 578 1618 Quod
606 1581 631 1611 si
658 1581 732 1621 quis
752 1581 974 1612 adnotationes
999 1590 1085 1612 meas
1106 1581 1232 1620 legerit,
1261 1588 1315 1613 aut
1340 1583 1638 1623 interpretationem
1658 1593 1758 1616 meam

130 1643 205 1665 cum
224 1635 351 1665 illorum
369 1634 518 1665 versione
533 1632 677 1663 conferre
701 1633 857 1669 voluerit,
875 1633 1035 1671 intelliget
1056 1633 1198 1672 profecto
1215 1638 1294 1673 quot
1309 1634 1508 1673 quantisque
1527 1636 1693 1665 erroribus
1711 1645 1760 1666 re-

129 1685 220 1717 fertae
234 1687 300 1717 sint
316 1686 443 1716 illorum
463 1687 758 1724 interpretationes,
778 1694 835 1716 nec
856 1685 925 1715 sine
942 1694 1036 1715 causa
1057 1693 1170 1715 n0vam
1185 1685 1316 1715 Eusebii
1340 1685 1518 1715 versionem
1537 1686 1615 1716 mihi
1635 1696 1651 1717 a
1668 1686 1758 1718 vobis

130 1736 307 1777 injunctam
333 1737 447 1769 fuisse.
467 1736 527 1767 Sed
547 1737 702 1776 quoniam
720 1745 782 1768 non
801 1737 963 1767 voluntate
981 1737 1036 1767 sed
1058 1737 1247 1768 necessitate
1263 1737 1398 1777 qundam
1417 1738 1449 1768 in
1469 1737 1556 1769 hunc
1572 1747 1756 1769 sermonem

129 1789 282 1827 delapsus
311 1798 396 1826 sum,
419 1791 459 1820 de
484 1787 687 1825 superiorum
704 1787 913 1826 interpretum
933 1787 1017 1817 vitiis
1036 1789 1218 1818 summatim
1238 1797 1336 1828 pauca
1357 1789 1473 1820 dicam.
1498 1790 1574 1820 Nam
1596 1790 1621 1820 si
1642 1795 1756 1821 cunrta

130 1835 259 1870 iﬂorum
290 1842 432 1878 σφάλματα
459 1839 645 1878 singillatim
675 1840 787 1870 vellem
816 1849 1025 1878 percensere,
1052 1840 1083 1870 in
1110 1840 1304 1871 immensum
1331 1842 1560 1873 ostenderetur
1583 1843 1697 1873 oratio.
1719 1843 1756 1874 Ut

128 1888 229 1927 igitur
255 1897 271 1920 a
302 1890 415 1920 Rutino
439 1891 606 1925 exordiar.
621 1890 696 1930 quis
718 1890 819 1922 nescit
837 1890 926 1921 illum
949 1890 1087 1921 Eusebio
1105 1891 1203 1922 multa
1220 1900 1276 1930 pro
1293 1892 1426 1922 arbitrio
1451 1893 1633 1930 addidisse,
1657 1894 1754 1924 multa

128 1941 318 1979 detraxisse,
335 1943 432 1974 multa
451 1947 605 1979 mutasse;
622 1952 659 1974 ac
677 1942 839 1982 plerisque
857 1943 888 1973 in
908 1943 984 1974 locis
998 1947 1187 1984 παραφράστην
1203 1945 1308 1982 potius
1325 1953 1395 1975 esse
1410 1953 1504 1983 quam
1525 1945 1729 1982 interpretem
1742 1949 1756 1978 τ

128 1992 275 2029 Exempli
293 1994 404 2033 gratia,
423 1995 453 2024 in
469 1993 550 2026 libro
567 2005 610 2027 νη
627 1995 666 2027 de
682 1996 1068 2035 GregoriiTliaumaturgi
1083 1997 1259 2034 miraculis,
1276 1997 1352 2028 satis
1369 1997 1522 2036 prolixam
1540 1999 1755 2031 narrationem

127 2041 274 2081 inseruit,
292 2054 362 2083 quas
378 2046 409 2076 in
428 2047 554 2078 Eusebii
569 2049 669 2080 nostri
687 2050 925 2088 exemplaribus
942 2058 1003 2079 non
1028 2049 1174 2081 habetur.
1196 2050 1296 2085 Idem,
1315 2050 1346 2080 in
1370 2050 1450 2080 libro
1470 2058 1499 2079 ix
1520 2050 1650 2080 Luciani
1670 2059 1756 2082 mar-

127 2092 206 2130 Uris
223 2094 400 2126 Orationem
419 2105 475 2136 pro
491 2099 553 2130 ﬁde
573 2104 680 2131 nostra
697 2109 808 2131 coram
826 2099 937 2139 judice
959 2099 1096 2130 habitam
1113 2105 1365 2136 commemorat,
1383 2109 1476 2137 quam
1494 2099 1624 2131 Eusebii
1643 2110 1757 2132 exem—

128 2142 225 2181 plaria
241 2153 303 2175 non
320 2153 510 2184 agnoscunt.
529 2150 596 2180 Jam
616 2160 691 2182 veru
708 2151 867 2181 decimum
884 2150 1112 2181 Ecclesiaslicw
1133 2151 1286 2182 Historia:
1304 2150 1418 2181 librum
1437 2155 1537 2182 totum
1555 2151 1618 2182 fere
1637 2152 1668 2182 in
1689 2163 1757 2184 ver-

126 2193 218 2224 sione
235 2204 292 2226 sua
316 2199 526 2235 praetermisxt.
547 2200 631 2231 Nihil
647 2201 697 2232 hic
714 2201 784 2232 dico
805 2200 844 2231 de
864 2200 1022 2240 capitibus
1041 2200 1079 2230 ab
1097 2208 1135 2231 eo
1151 2200 1352 2230 coanmutatis
1371 2202 1402 2231 iu
1429 2201 1509 2231 libro
1535 2204 1626 2231 sexto
1646 2210 1681 2232 ac
1699 2211 1749 2233 se-

127 2245 246 2282 ptimo,
267 2248 526 2288 quandoquidem
543 2252 574 2281 iu
592 2251 853 2282 adnotationibus
870 2251 952 2281 meis
971 2250 1027 2280 hac
1045 2249 1084 2280 de
1106 2258 1139 2279 re
1161 2249 1308 2280 lectorem
1338 2249 1503 2279 admonui.
1522 2248 1606 2286 Quot
1625 2251 1754 2282 Eusebii

126 2293 193 2326 loca
219 2297 257 2328 ab
284 2298 340 2329 illo
368 2309 532 2340 perperam
561 2306 688 2342 accepta
711 2306 742 2333 et
769 2302 974 2341 interpretata
997 2302 1091 2332 sunt!
1112 2301 1172 2332 Hic
1189 2305 1237 2332 est
1256 2301 1310 2341 qui
1333 2311 1372 2332 ex
1397 2301 1546 2332 Zucharia
1565 2303 1751 2340 sacerdote,

125 2346 215 2396 ςυᾱυε
240 2347 272 2378 in
294 2350 466 2389 Evangelia
492 2355 584 2385 Luca;
600 2355 633 2386 tit
654 2355 795 2391 mentio,
814 2359 984 2394 martyrem
1008 2354 1102 2385 nobis
1122 2355 1369 2393 Lugdunensem
1392 2355 1509 2385 cliecit.
1535 2356 1594 2386 Hic
1623 2361 1670 2387 est
1696 2357 1752 2396 qui

127 2395 300 2430 Bibliadem
325 2409 396 2432 cum
417 2403 571 2436 Blandina
590 2406 744 2437 confudit.
772 2407 831 2437 Hic
854 2410 902 2437 est
922 2407 978 2445 qui
996 2405 1219 2436 Philoromum
1237 2406 1476 2437 nobilissimum
1498 2412 1691 2448 martyrem,
1707 2395 1751 2441 rex

125 2450 277 2483 rationale
300 2453 464 2486 tribunum
486 2459 622 2489 militum
643 2459 729 2490 fecit.
755 2460 801 2490 De
825 2459 972 2490 Musculo
997 2468 1073 2490 vero
1098 2459 1175 2498 quid
1193 2459 1444 2498 attinetdicere,
1469 2461 1562 2500 Cujus
1586 2462 1751 2495 versioncs

126 2503 204 2540 (nam
232 2510 264 2538 et
291 2507 372 2539 alios
400 2510 572 2549 scriptores
606 2511 715 2541 Latine
742 2511 970 2549 interpretatus
1000 2511 1058 2549 est)
1085 2520 1146 2541 non
1175 2520 1369 2550 magnopere
1392 2513 1569 2550 probantur
1593 2523 1608 2544 a
1627 2514 1752 2546 doctis?

125 2554 400 2607 Inunumerabiles
416 2561 486 2599 ejus
506 2571 632 2594 errores
652 2563 794 2602 proferre
811 2572 937 2602 possem
952 2585 960 2599 ,
978 2563 1005 2593 si
1035 2563 1149 2594 vellem
1169 2575 1176 2594 :
1197 2564 1280 2594 inter
1294 2572 1375 2604 quos
1395 2565 1446 2595 hic
1463 2565 1597 2596 eminct.
1626 2567 1751 2607 Diony-

124 2605 187 2660 sius
205 2609 462 2649 Alexandrinus,
481 2612 512 2643 in
528 2613 661 2653 epistola
678 2614 833 2645 adversus
855 2616 1050 2646 Germanum
1065 2637 1073 2650 ,
1090 2624 1186 2654 quam
1207 2616 1302 2647 refert
1318 2617 1481 2648 Eusebius
1498 2617 1528 2647 in
1546 2617 1628 2649 libro
1644 2605 1748 2657 sexto,

124 2659 161 2686 all
175 2666 210 2688 se
226 2663 290 2698 rupi
310 2663 384 2691 ἡλίου
404 2661 509 2701 δυσμάς
524 2667 792 2704 comprehensum
810 2678 825 2699 a
843 2669 1014 2705 militibus,
1032 2673 1061 2700 et
1079 2669 1257 2708 'l‘aposirim
1279 2679 1350 2701 esse
1371 2671 1574 2710 perductum.
1596 2673 1636 2702 At
1659 2674 1748 2706 Mus-

123 2710 208 2740 Culus
234 2711 459 2752 Heliodysmas
483 2717 637 2756 oppidum
656 2726 728 2750 esse
743 2718 890 2750 credidit.
906 2719 959 2750 Sic
973 2719 1058 2749 enim
1077 2719 1168 2749 vertit
1190 2730 1198 2750 :
1216 2720 1281 2759 Ego
1298 2730 1427 2760 namque
1447 2731 1515 2751 cum
1530 2721 1748 2762 Heliodysmas

126 2769 179 2812 una
195 2772 264 2792 cum
280 2763 344 2794 illis
359 2766 414 2804 qui
429 2775 542 2798 mecum
558 2773 645 2799 erant
658 2792 665 2805 ,
681 2771 846 2807 venissem,
866 2771 1045 2810 Taposirim
1060 2780 1078 2800 a
1090 2770 1246 2801 militibus
1263 2770 1378 2802 ductus
1393 2781 1472 2802 sum.
1491 2773 1576 2804 ldetn
1596 2780 1746 2812 praeterea

124 2811 282 2862 dlusculus
299 2816 415 2848 librum
436 2819 566 2850 Eusebii
584 2819 627 2849 De
644 2819 834 2859 martyribus
852 2820 1045 2859 Palaestinis,
1071 2823 1124 2862 qui
1146 2822 1312 2862 subjectus
1335 2826 1383 2854 est
1409 2824 1490 2854 libro
1517 2833 1574 2855 vm
1592 2826 1746 2857 Historia

125 2861 359 2903 Ercieaiastiraz,
379 2871 479 2900 totum
497 2870 529 2902 in
546 2871 695 2902 versione
712 2881 768 2904 sua
793 2873 1016 2911 prtetermisit;
1034 2861 1128 2913 quam
1153 2874 1195 2905 ob
1219 2882 1359 2911 causam,
1379 2876 1500 2907 nescio.
1519 2877 1571 2907 Est
1588 2877 1673 2908 enim
1691 2877 1743 2909 ille
