1982 3159
241 141 278 168 ‘27
870 137 1004 165 VALESii
1023 135 1215 164 PREFATIO.
1818 131 1858 158 28

244 198 371 230 Eusabii
401 198 481 229 liber
503 196 774 236 elegantissimus.
797 196 947 233 Superest
959 193 1064 226 versio
1078 191 1213 223 Joannis
1227 191 1519 230 Christophorsoni,
1536 199 1607 230 qum
1625 198 1682 221 nec
1704 189 1772 228 ipsa
1789 198 1855 220 nae-

243 250 291 279 vis
305 249 372 279 suis
389 252 484 279 caret.
499 248 591 284 Nam,
611 254 647 280 ut
666 249 809 280 omittam
829 247 1042 279 barbarismos
1057 246 1113 286 qui
1132 246 1165 276 in
1177 245 1229 276 illa
1243 244 1361 283 srepius
1377 247 1560 281 occurrunt,
1577 243 1711 273 nimium
1728 242 1855 281 prolixa

241 309 271 333 et
285 301 436 333 laciniosa
452 305 500 333 est
516 301 586 339 ejus
601 298 833 337 interpretatio,
849 297 927 328 dum
945 304 1038 327 voces
1050 294 1203 335 quasdam
1220 294 1309 324 addit
1323 294 1360 325 ad
1381 293 1571 332 explendam
1595 293 1782 332 periodum,
1799 295 1857 322 aut

239 351 277 382 ad
297 350 494 382 obscurioris
520 348 581 379 loci
603 348 845 387 expositionem
859 355 944 378 'suas
968 346 1075 386 adjicit
1096 348 1280 382 s'mEnyriﬂls',
1303 343 1467 374 Interdum
1485 342 1579 374 etiam
1596 351 1635 373 ex
1653 342 1779 373 duabus
1800 351 1859 380 pe-

240 404 340 434 riodis
363 411 458 434 unam
475 401 568 436 facit,
584 404 615 431 et
631 401 695 430 duo
711 399 810 438 capita
827 399 859 428 in
878 406 978 429 unum
1004 396 1141 432 confert,
1166 396 1245 426 adeo
1263 398 1297 426 ut
1315 395 1500 425 Latinorum
1525 395 1664 433 capitum
1686 394 1856 424 distinctio

239 455 274 485 in
298 455 370 492 ejus
394 453 658 491 interpretatione
683 451 818 481 multum
838 450 996 488 discrepet
1013 458 1028 479 a
1043 449 1163 479 Graeca.
1179 447 1257 484 Qum
1274 456 1324 478 res
1339 451 1489 486 quantam
1509 446 1607 485 pariat
1625 446 1800 476 molestiam
1818 453 1857 475 ac

241 502 514 540 perturbationem
534 503 565 532 in
581 503 717 534 citandis
730 513 767 534 ex
786 502 927 533 Eusebio
948 501 1042 537 locis,
1066 504 1186 531 norunt
1206 509 1319 531 omnes
1341 499 1493 529 studiosi.
1510 499 1596 529 Idem
1614 499 1646 528 in
1665 497 1858 535 theologicis

240 553 372 591 quidem
391 553 468 582 satis
488 553 679 586 exercitatus
703 555 783 591 fuit,
800 555 855 585 sed
872 554 990 584 criticte
1009 553 1086 583 artis
1104 553 1215 592 peritia
1233 555 1263 582 et
1277 551 1478 590 antiquitatis
1497 551 1647 581 Romanae
1669 550 1855 589 cognitione

240 602 355 632 leviter
380 603 567 633 instructus.
592 606 696 640 Quare
721 603 752 633 in
777 602 913 642 prepriis
937 601 1100 632 vocabulis
1118 601 1362 639 magistratuum
1379 601 1606 635 Romanorum,
1624 600 1703 630 etin
1723 599 1763 630 iis
1780 608 1856 638 quas

240 655 277 685 ad
305 655 430 686 civilem
449 654 756 687 administrationem
770 653 940 692 pertinent,
958 656 1110 692 perpetuo
1133 652 1249 682 labitur
1267 663 1275 682 :
1295 652 1381 682 verbi
1396 651 1509 690 gratia,
1529 651 1562 681 in
1579 651 1779 690 exponendis
1796 659 1854 681 vo-

239 705 332 735 cibus
347 708 482 744 ήνιμόνος,
499 713 649 745 στρατηγοῦ
659 728 668 743 ,
687 710 835 745 ἐπαρχικῆς
852 709 951 740 τάξεως
966 708 997 736 et
1012 705 1020 734 ί

1074 703 1223 734 ηἰωὶιὶὺυε
1238 703 1325 734 aliis.
1343 704 1509 734 Postremo
1527 702 1643 733 librum
1662 703 1794 734 Eusebii
1812 703 1856 734 De

238 755 429 794 martyribus
445 754 633 792 Ραιωειίηω,
651 756 706 796 qui
725 757 757 786 in
773 756 917 786 editione
936 754 1067 785 Boberti
1082 753 1235 792 Stephani
1259 757 1290 784 et
1306 753 1339 783 in
1364 753 1593 792 manuscriptis
1613 754 1856 793 exemplaribus

239 805 431 843 subjuuctus
457 809 504 836 est
528 810 637 836 octavo
663 807 816 836 Historia
837 803 1061 834 Εσοιεείαεείσω
1088 803 1170 834 libro
1191 801 1503 841 Christophorsonus
1519 803 1550 833 in
1574 805 1718 833 octavum
1735 802 1854 833 librum

239 857 428 890 transfudit.
445 866 516 888 cum
539 858 610 896 ejus
627 863 747 897 partem
767 858 858 888 illum
883 866 956 888 esse
980 857 1132 888 crederet.
1155 856 1256 893 Quem
1279 855 1560 895 Christoplmrsoni
1587 863 1726 886 errorem
1749 856 1855 887 secuti

238 911 346 945 postea
363 907 550 946 typographi
572 909 787 941 Genevenses.
807 912 839 938 ut
857 908 962 938 Graeca
981 907 1101 937 Latinis
1119 909 1262 945 aptarent
1276 929 1284 943 ,
1301 915 1338 936 ex
1354 905 1480 935 duobus
1496 905 1626 936 Eusebii
1646 905 1734 936 libris
1752 915 1853 936 unum

237 958 356 989 fecere.
373 961 479 998 Atque
501 959 567 991 haec
584 958 713 997 carptim
733 959 815 989 dicta
837 958 900 988 sint
917 958 955 988 de
980 957 1065 987 vitiis
1089 955 1292 996 superiorum
1316 954 1634 993 interpretationum;
1661 963 1723 986 non
1746 956 1854 988 obtre-

237 1009 344 1040 ctandi
359 1009 480 1046 animo,
500 1018 558 1040 nec
571 1010 750 1041 minuendas
762 1010 950 1050 cujusquam
973 1008 1158 1047 interpretis
1173 1007 1302 1046 gloriae,
1324 1008 1379 1038 sed
1401 1011 1433 1038 ut
1450 1007 1585 1037 studiosi
1602 1015 1712 1038 omnes
1733 1007 1853 1039 intelli-

237 1063 325 1097 gam.
349 1067 408 1090 nos
431 1067 494 1089 non
511 1060 581 1090 sine
598 1072 691 1094 causa
710 1072 822 1094 novam
847 1061 1136 1100 interpretationem
1157 1060 1350 1099 suscepisse.
1367 1061 1466 1097 Quam
1482 1065 1516 1091 ut
1533 1060 1700 1100 perfectam
1719 1062 1851 1100 quidem

237 1114 268 1141 et
291 1111 433 1141 numeris
450 1111 602 1142 omnibus
620 1113 794 1144 absolutam
814 1116 961 1152 prrestare
979 1120 1041 1142 non
1059 1112 1161 1142 ausim
1178 1110 1222 1151 (id
1240 1111 1324 1142 enim
1344 1110 1449 1141 nimiae
1466 1115 1547 1141 esset
1563 1111 1793 1152 confidentia),
1809 1113 1850 1144 ita

237 1160 385 1199 plurimis
412 1161 537 1191 mendis
566 1163 684 1200 quibus
707 1164 890 1203 superiores
911 1163 1190 1202 interpretationes
1215 1165 1350 1199 scatent,
1372 1172 1477 1194 carere
1494 1163 1625 1194 ﬁdenter
1637 1163 1769 1195 affirmo.
1788 1165 1853 1196 (Σω-

237 1219 339 1245 terum
363 1224 435 1246 cum
455 1216 512 1246 tria
533 1216 732 1254 potissimum
752 1217 785 1246 in
803 1217 949 1257 versione
967 1215 1186 1255 requirantur,
1205 1219 1238 1244 ut
1255 1214 1404 1245 nimirum
1425 1214 1529 1248 tidelis
1546 1215 1598 1251 sit,
1616 1219 1651 1246 ut
1669 1216 1795 1255 elegans
1812 1225 1851 1250 ac

236 1266 415 1305 perspicua,
433 1275 561 1305 operam
578 1265 648 1297 dedi
666 1273 705 1295 ne
720 1264 796 1303 quid
817 1263 929 1294 horum
947 1263 980 1293 in
997 1262 1144 1293 versione
1162 1266 1268 1293 nostra
1285 1262 1534 1294 desideraretur.

274 1317 575 1356 lnterpretationem
591 1321 773 1357 sequuntur
788 1316 1022 1347 adnotationes.
1042 1316 1076 1346 In
1092 1315 1210 1355 quibus
1224 1316 1289 1346 duo
1307 1316 1509 1354 potissimum
1526 1316 1665 1355 spectavi
1686 1327 1694 1346 :
1711 1315 1849 1355 primum

237 1373 271 1399 ut
299 1370 561 1400 emendationum
592 1377 734 1400 mearum
766 1368 921 1398 rationem
950 1367 1126 1406 redderem,
1150 1371 1180 1398 et
1203 1368 1303 1398 varias
1323 1369 1514 1407 scriptorum
1530 1370 1675 1400 codicum
1694 1369 1850 1400 lectiones

235 1421 393 1452 studiosis
414 1428 621 1461 proponerent
635 1429 645 1449 :
665 1418 781 1448 deinde
795 1421 828 1448 ut
844 1418 1046 1448 obscuriores
1063 1418 1194 1447 Eusebii
1211 1417 1298 1448 locos
1312 1417 1518 1455 illustrarem,
1535 1423 1566 1449 et
1579 1419 1726 1458 antiquos
1743 1419 1850 1450 Eccle-

236 1466 292 1500 sia:
311 1479 416 1501 mores
439 1480 474 1501 ac
491 1471 571 1501 ritus
586 1469 711 1501 collatis
731 1469 866 1499 aliorum
888 1469 1077 1508 scriptorum
1098 1468 1176 1499 locis
1195 1469 1401 1508 explicarem.
1427 1470 1695 1502 Adnotationibus
1712 1478 1851 1509 quatuor

236 1530 252 1551 ει
280 1531 329 1553 me
346 1523 522 1562 subjunctaa
537 1525 612 1553 sunt
627 1521 883 1552 dissertationes.
900 1521 1040 1557 Quarum
1065 1521 1165 1560 prima
1191 1525 1237 1552 est
1260 1521 1298 1551 de
1317 1521 1410 1552 initio
1429 1530 1463 1553 ac
1483 1530 1653 1560 progressu
1670 1522 1848 1554 schismatis

234 1571 487 1609 Donatistarum.
505 1573 610 1603 Altera
627 1576 675 1603 est
691 1572 730 1603 de
748 1573 893 1603 Anastasi
911 1576 942 1602 et
965 1572 1116 1611 martyrio
1139 1571 1446 1611 Hierosolymitano.
1467 1573 1555 1604 Hanc
1573 1574 1718 1613 sequitur
1737 1574 1850 1614 dispu-

235 1620 314 1651 tatio
327 1623 366 1653 de
390 1623 536 1654 versione
560 1623 647 1654 LXX
663 1624 872 1662 interpretum
897 1623 1051 1654 adversus
1069 1623 1219 1654 Jacobum
1236 1624 1652 1658 UsseriumArmachanum.
1668 1626 1783 1663 Quarta
1803 1630 1850 1658 est

235 1671 275 1702 de
298 1673 522 1714 Martyrologio
543 1676 684 1707 Romano
706 1676 790 1715 quod
808 1676 906 1706 edidit
924 1675 1131 1715 Rosweydus.
1151 1677 1255 1715 Atque
1275 1677 1340 1707 inec
1355 1680 1431 1707 sunt
1445 1686 1516 1717 quae
1531 1678 1568 1708 ad
1588 1678 1772 1709 Eusebium}:
1789 1679 1848 1708 Hi-

235 1723 342 1753 storiae
366 1723 613 1757 illustrationem
630 1735 645 1757 a
670 1735 719 1757 me
744 1727 776 1757 in
800 1727 858 1757 hac
874 1727 1017 1758 editione
1032 1727 1194 1758 elaborata
1219 1731 1307 1758 sunt.
1325 1728 1403 1764 Qua)
1420 1729 1446 1759 si
1463 1729 1600 1768 cuipiam
1616 1731 1750 1761 fortasse
1767 1730 1848 1760 levia

235 1772 432 1804 videbuntur
449 1783 485 1806 ac
501 1776 574 1807 vilia
586 1801 594 1814 ,
612 1779 639 1809 is
656 1779 792 1818 cogitet,
821 1779 1006 1814 huiusmodi
1024 1779 1088 1811 fere
1104 1784 1216 1811 cuncta
1239 1789 1310 1811 esse
1327 1789 1397 1819 qua:
1412 1781 1445 1811 in
1463 1780 1521 1812 hoc
1537 1789 1651 1819 genere
1673 1781 1846 1827 litterarum

236 1823 460 1862 PPOferUMUl‘.
475 1827 578 1867 iisque
596 1839 651 1868 pro
668 1831 774 1862 studio
794 1831 966 1870 legentium
988 1841 1024 1862 ac
1042 1832 1203 1862 stomacho
1224 1836 1279 1862 aut
1295 1832 1430 1870 pretium
1448 1836 1501 1863 aut
1524 1835 1739 1872 contemptum
1756 1823 1849 1864 accc-

234 1874 322 1905 dere.
351 1875 428 1906 Nam
454 1877 482 1908 si
510 1879 639 1918 quidem
660 1889 787 1921 aequum
814 1890 850 1912 ac
875 1876 1056 1912 studiosum
1081 1881 1230 1912 lectorem
1247 1881 1443 1918 invenerint,
1463 1883 1567 1920 magni
1586 1883 1804 1920 mstimautur;
1820 1885 1847 1914 si

234 1931 311 1955 vero
327 1926 359 1956 in
375 1926 558 1960 fastidiosas
578 1939 673 1961 aures
693 1931 877 1968 inciderint,
903 1939 961 1971 pro
984 1930 1085 1961 nihilo
1107 1931 1281 1962 ducuntur.
1306 1931 1430 1962 Deinde
1456 1933 1533 1971 quid
1559 1932 1620 1963 nisi
1647 1933 1775 1971 vulgare
1793 1934 1848 1964 ad-

235 1980 365 2011 modum
385 1986 414 2012 et
433 1984 593 2016 mediocre
612 1984 863 2023 exspectandum
881 1987 940 2020 est,
958 1993 974 2015 a
991 1993 1041 2015 me
1060 1984 1232 2024 prtesertim
1249 1985 1304 2024 qui
1321 1985 1362 2015 ob
1376 1985 1571 2016 debilitatem
1588 1985 1753 2016 oculorum
1770 1986 1848 2016 alie-

235 2029 284 2060 nis
302 2031 403 2062 oculis
421 2041 457 2063 ac
475 2035 622 2067 manibus
645 2037 789 2076 etlegere
805 2046 900 2076 cogor
914 2041 944 2068 et
969 2037 1108 2069 scribere
1134 2049 1142 2068 :
1160 2041 1190 2068 et
1217 2039 1273 2078 qui
1299 2039 1374 2069 dum
1398 2043 1523 2078 propter
1542 2039 1658 2069 laboris
1686 2040 1848 2079 magnitu-

235 2081 343 2112 dinem
366 2092 492 2122 se"liter
513 2087 552 2117 ad
575 2089 726 2121 ulteriora
745 2090 874 2126 festino,
899 2095 999 2121 totum
1025 2090 1085 2121 hoc
1099 2091 1323 2130 qualecunque
1339 2095 1384 2121 est
1403 2099 1484 2129 opus
1501 2091 1542 2122 ita
1561 2097 1765 2131 properanter
1784 2092 1847 2124 dic-

233 2133 309 2169 tavi,
326 2139 360 2165 ut
377 2135 428 2165 vix
446 2136 605 2176 relegendi
625 2138 701 2169 mihi
720 2139 819 2170 otium
834 2140 940 2171 fuerit.
955 2140 1027 2178 Quo
1042 2141 1140 2181 magis
1156 2141 1348 2180 indulgendo
1368 2141 1445 2172 mihi
1463 2145 1510 2173 est
1531 2142 1637 2180 venia,
1661 2142 1763 2174 sicubi
1789 2143 1847 2174 for-

233 2186 318 2214 tasse
343 2184 376 2214 in
400 2186 660 2222 adnotationibus
688 2192 813 2223 lectoris
843 2193 1003 2224 desiderio
1022 2201 1086 2224 non
1111 2202 1343 2234 usquequaque
1359 2193 1509 2225 satisfeci.
1530 2194 1687 2226 Caeterum
1705 2196 1741 2226 ad
1761 2195 1846 2227 invi-

233 2237 345 2291 tandos
363 2237 511 2274 lectores,
536 2239 568 2270 in
585 2240 654 2280 ipso
671 2243 776 2281 operis
794 2243 955 2275 vestibulo
972 2244 1190 2276 doctissimam
1208 2245 1373 2284 epistolam
1392 2246 1566 2284 collocavi,
1585 2255 1679 2286 quam
1697 2247 1846 2278 illustris-

231 2295 334 2318 snmus
361 2296 396 2319 ac
416 2291 707 2322 reverendissimus
725 2292 990 2332 archiepiscopus
1011 2293 1191 2325 Tolosanus
1206 2294 1317 2325 Petrus
1335 2295 1374 2325 de
1389 2295 1505 2332 Marce,
1525 2295 1573 2326 vir
1588 2295 1767 2326 divinarum
1789 2297 1846 2326 hu-

232 2345 463 2378 manarumque
489 2347 594 2370 rerum
624 2342 757 2375 scientia
781 2344 1061 2382 instructissimus,
1088 2346 1126 2376 ad
1150 2354 1200 2377 me
1222 2346 1349 2385 scripsit
1367 2347 1406 2377 de
1424 2347 1523 2386 prima
1540 2346 1704 2385 Evangelii
1732 2347 1844 2383 praedi-

231 2390 356 2421 catione
378 2391 410 2421 in
437 2390 550 2422 Gallia.
576 2392 738 2434 Ouidquid
765 2396 862 2435 igitur
884 2397 968 2428 ttedii
993 2406 1028 2429 ac
1050 2398 1204 2429 molestia:
1218 2407 1256 2430 ex
1273 2398 1531 2430 lucubrationum
1551 2407 1691 2430 mearum
1709 2397 1844 2428 lectione

230 2441 450 2473 contraxerint
469 2441 621 2480 studiosi,
639 2442 672 2474 id
688 2443 784 2484 hujus
800 2445 944 2485 epistola;
961 2445 1143 2478 eruditione
1159 2451 1190 2479 et
1207 2447 1390 2480 ammnitate
1406 2448 1498 2480 facile
1515 2448 1694 2488 detergent.
