1982 3159
105 150 143 177 29
604 148 772 180 EPISTOLA
791 148 836 176 AD
856 147 1034 176 HENRlCUM
1054 145 1239 176 VALESIUII.
1697 142 1731 172 50

481 305 839 364 PETRUS
876 306 994 361 DE
1029 303 1354 363 MARCA

684 422 950 445 ARCKIEPISCOI’US
967 420 1150 444 TOLOSANUS

369 495 593 525 CLARISSIMO
617 495 665 523 ET
688 495 962 523 ERUDITISSIMO
986 494 1076 522 VIRO
1103 492 1275 521 HENRICO
1299 490 1455 520 VALESIO

864 553 893 581 S.
913 552 945 580 Ρ.
964 552 998 580 ι).

145 702 275 731 Gratulor
284 702 342 735 tibi,
353 707 380 730 et
392 685 519 730 Ecclesia:
533 702 678 732 universze,
691 701 725 728 oh
735 708 793 728 eam
809 708 889 735 quam
905 702 927 730 Α
943 693 1076 734 Lugduni.
1090 707 1142 727 una
1157 706 1218 727 cum
1233 698 1308 726 urbis
1325 697 1529 733 magistratibus
1543 704 1595 724 non
1609 695 1726 724 infelici-

104 749 131 776 ln
141 750 268 776 vertenda
280 753 307 776 et
319 749 440 775 Ornanda
452 748 559 776 Eusebii
574 747 692 774 Historia
706 746 890 774 Ecclesiastica

103 802 210 830 operam
222 793 346 830 posuisti,
365 793 443 828 juxta
463 794 527 821 cieri
559 793 690 822 Gallicani
714 793 888 821 desiderium.

104 840 178 867 lllaut
198 841 296 874 quippe
308 840 380 866 acris
398 840 497 874 ingenii
522 839 663 868 solertiam
680 840 889 874 ntaturiorisque

101 885 197 920 jtnlicii
220 886 274 912 vim
292 893 353 912 cunt
379 894 483 913 stttnma
516 887 672 913 eruditione
704 887 888 921 coniunctam,

103 939 184 965 quam
198 932 223 958 in
237 931 355 958 editione
370 931 505 958 Amtuiaui
517 952 524 964 ,
551 936 578 958 et
600 932 794 965 Excerptorutn
811 931 889 966 Poly.

103 977 151 1010 bii,
175 977 282 1006 senatui
315 977 496 1004 litteratorum
527 977 590 1004 olim
621 978 794 1011 proltat‘eras.
818 982 888 1004 nunc

103 1023 209 1051 felicius
237 1024 381 1050 exseruisti
410 1023 437 1050 in
462 1022 572 1057 majoris
594 1025 722 1050 momenti
750 1023 885 1056 Historia,

103 1075 159 1096 tum
176 1077 191 1095 ιδ
206 1068 281 1095 vitiis
296 1068 454 1100 lectionum,
466 1073 521 1095 tuttt
542 1072 575 1096 ab
599 1069 777 1103 interpretum
799 1069 886 1096 hallu-

102 1115 286 1141 cinationihus
299 1115 438 1149 purganda
451 1134 460 1147 ,
481 1115 598 1150 egregiis
614 1115 729 1150 denique
745 1117 770 1142 itt
789 1115 885 1142 tliﬂiei-

101 1159 183 1187 liores
197 1160 272 1187 locos
287 1159 416 1187 adhibitis
430 1161 632 1187 commentariis
651 1161 819 1188 illustranda.
835 1162 886 1188 lte-

101 1213 160 1232 runt
183 1205 432 1234 ecclesiasticarum
447 1205 568 1240 origines
590 1206 722 1234 ittdelessa
745 1207 884 1242 diligentia

103 1249 270 1284 perquisitas
287 1249 431 1283 descripsit
451 1249 600 1282 Eusebius;
620 1250 667 1277 sed
682 1258 745 1276 usus
765 1251 885 1284 quando-

99 1303 153 1330 que
172 1296 295 1323 oratione
311 1303 344 1323 ex
363 1296 442 1330 genio
460 1295 638 1324 Orientalium
661 1296 809 1330 perplexa;
834 1296 884 1322 ali-

98 1341 208 1376 quando
223 1350 287 1368 vero
302 1346 411 1376 propter
434 1341 532 1376 lingua:
553 1349 715 1376 morutnque
734 1342 882 1375 ignoratio-

99 1393 161 1412 nem
178 1386 269 1413 minus
285 1386 432 1413 intellecta.
453 1386 536 1420 Quem
555 1386 700 1419 singularis
721 1387 883 1414 eruditionis

98 1438 152 1458 tum
173 1432 242 1464 luce,
261 1433 362 1467 apertis
383 1433 527 1460 vetustatis
547 1433 739 1460 ecclesiasticae
763 1434 882 1466 arcanis,

96 1478 188 1508 civilis
203 1486 321 1513 quoque,
338 1480 448 1512 quando
463 1486 506 1506 res
519 1479 654 1512 exigebat,
667 1479 828 1513 patefecisti.
845 1480 883 1507 Ex

95 1532 151 1558 quo
171 1524 337 1558 voluptatem
353 1525 412 1559 cepi
426 1524 588 1557 maximam;
601 1532 653 1551 nou
674 1525 760 1551 solum
775 1530 884 1560 propter

97 1570 172 1596 illam
186 1591 194 1602 ,
215 1578 276 1604 qua:
299 1570 364 1597 mihi
381 1570 532 1597 communis
549 1569 637 1600 futura
660 1576 702 1597 est
716 1579 776 1598 cutn
791 1571 883 1605 probis

94 1623 121 1643 et
131 1615 246 1643 eruditis
259 1616 336 1646 viris,
348 1624 382 1643 ex
405 1624 436 1643 ea
459 1616 572 1643 lec‘done
586 1617 761 1644 hauriendam
783 1618 884 1645 doctri-

95 1669 138 1692 na:
153 1661 273 1695 copiam.
289 1661 336 1688 sed
355 1662 426 1695 quod
443 1662 534 1688 studio
551 1662 704 1690 decessoris
720 1663 771 1691 mei
792 1664 880 1691 Caroli

95 1708 128 1736 de
154 1707 291 1735 Montchal
302 1727 310 1740 ,
332 1703 535 1741 ~archiepiscopi
550 1707 677 1735 Tolosani
691 1729 699 1740 ,
716 1709 766 1736 viri
782 1710 881 1743 pietate

95 1758 122 1783 et
143 1753 302 1780 eruditione
321 1753 457 1787 qn0ndam
478 1753 659 1786 celeberrimi,
685 1755 718 1780 ad
743 1757 794 1781 hoc
814 1763 882 1788 opus

95 1800 211 1825 arduum
233 1798 426 1833 perficiendum
446 1803 472 1826 te
493 1798 646 1825 accinxisti.
674 1799 757 1833 Cujus
787 1801 879 1827 sedem

94 1852 155 1874 cum
175 1845 344 1879 possideam,
371 1844 569 1871 reddendorum
592 1844 639 1871 tibi
664 1845 812 1879 gratiarum
832 1854 880 1872 uo-

94 1897 170 1921 tuen,
183 1889 254 1923 quod
270 1889 445 1916 successione
458 1889 594 1922 contraxi,
608 1890 650 1917 his
666 1890 764 1918 litteris
775 1890 879 1918 solvere

94 1942 238 1961 necessum
260 1935 363 1968 putavi.

127 1981 279 2012 (laterum,
296 1985 441 2014 antequam
459 1980 553 2007 ultima
574 1988 670 2007 manus
690 1985 807 2014 ponatur
822 1981 878 2007 edi-

94 2026 157 2052 tioni
177 2034 239 2060 qua:
262 2033 332 2055 nunc
360 2026 410 2055 sub
433 2026 509 2060 prelo
535 2025 640 2056 fervet.
662 2027 823 2052 mouendum
853 2031 878 2052 te

93 2071 171 2102 duxi,
196 2071 222 2097 itt
239 2070 433 2100 dissertatione
457 2076 551 2097 nostra
577 2070 613 2097 De
633 2071 749 2104 primum
768 2069 876 2103 Lugdu-

93 2118 178 2149 nensi,
191 2124 251 2151 qua:
266 2117 291 2144 in
310 2116 463 2150 Appendice
476 2117 509 2143 ad
528 2116 671 2144 concilium
687 2116 877 2143 Claromonta-

94 2170 165 2194 nunt,
181 2167 254 2190 tumo
268 2161 352 2188 XXVI
368 2161 550 2189 Conciliorum
564 2162 636 2189 edita
656 2167 716 2194 est,
743 2169 792 2189 nos
807 2170 877 2196 quae-

93 2209 151 2236 dam
176 2209 322 2235 adnotasse
350 2215 463 2235 numero
489 2207 558 2240 104,
589 2207 639 2235 105
661 2212 690 2234 et
719 2207 778 2240 l07,
806 2207 877 2234 illitts

92 2255 306 2288 exercitationis,
319 2255 352 2281 ad
361 2254 502 2288 epistolam
511 2253 733 2289 Lugdunensium
745 2254 877 2280 Christia-

93 2307 197 2332 norum,
215 2308 298 2335 quam
317 2300 427 2327 exhibet
445 2300 577 2327 Eusebius
598 2299 645 2326 lib.
676 2308 692 2326 v
711 2299 796 2332 Hist.,
815 2307 875 2334 cap.

93 2346 289 2382 ΙκΠανήγυριν
305 2347 378 2374 enim
396 2346 479 2379 illam,
498 2354 558 2380 quae
579 2345 702 2380 Lugduni
725 2345 876 2372 habebatur

92 2393 198 2426 quando
225 2392 356 2427 supplicia
383 2396 447 2419 sunt
463 2399 478 2418 a
505 2392 672 2426 martyribus
703 2395 799 2418 exacta
826 2390 876 2417 sub

93 2438 237 2469 Antonino,
256 2439 288 2466 de
310 2442 444 2465 conventu
461 2437 540 2464 trium
557 2436 706 2465 Galliarum
722 2435 875 2470 intelligen-

94 2483 150 2510 dam
163 2484 261 2517 scripsi
275 2492 283 2513 :
303 2491 383 2519 quem
398 2491 432 2511 ex
453 2483 591 2518 sexaginta
607 2481 712 2517 populis
729 2479 873 2509 conflatum

94 2529 179 2557 docuit
204 2529 323 2561 Strabo,
340 2529 417 2564 cujus
440 2534 557 2556 mentem
575 2527 692 2562 explicui
715 2535 788 2554 nttm.
809 2527 873 2559 102,

93 2580 202 2608 eumque
218 2582 280 2602 cum
298 2574 356 2601 loco
371 2573 457 2600 Taciti
472 2574 616 2601 emendato
629 2572 779 2607 composui.
803 2572 875 2599 Ten-

93 2619 143 2645 tavi
167 2628 276 2655 quoque
294 2619 420 2654 Gregorii
444 2618 613 2646 Turonensis
637 2619 822 2646 testimonium
841 2617 874 2645 de

94 2665 252 2700 martyribus
261 2665 509 2697 Athanacensibus,
521 2672 582 2692 cum
597 2664 639 2691 illa
649 2665 719 2699 apud
727 2663 872 2691 Eusebium

942 751 992 778 ter.
1006 750 1035 772 lll.
1052 751 1126 780 puto,
1143 745 1338 779 interpretatus
1359 752 1431 772 sum.
1452 744 1518 778 Quae
1539 748 1629 771 tamen
1647 751 1726 772 seve-

941 791 1004 818 riori
1017 791 1112 827 judicii
1131 792 1170 818 ttti
1185 798 1308 819 censurae
1323 790 1468 818 submitto.

975 837 1067 864 Finem
1083 837 1214 865 faciebam
1231 837 1294 864 huic
1309 837 1441 871 epistolat,
1456 838 1563 870 quando
1576 845 1618 864 me
1631 837 1725 870 patrize

937 889 965 911 et
982 884 1087 911 tuendae
1100 884 1221 910 veritatis
1234 891 1321 915 amor,
1338 883 1559 918 Lugdunensium
1574 889 1724 918 martyrum
1744 913 1749 918 ‘

938 930 1090 961 occasione,
1122 929 1235 963 pupugit
1257 933 1283 955 et
1307 929 1407 963 adegit,
1439 933 1468 955 ut
1493 929 1563 961 apud
1585 934 1610 955 te
1630 930 1724 962 paucis

938 981 1118 1008 canquererer
1134 974 1167 1001 de
1183 974 1280 1008 injuria
1294 973 1381 1001 Gallis
1397 974 1480 1005 facta,
1502 981 1555 1000 non
1573 975 1606 1000 ab
1621 974 1724 1001 exteris

937 1019 1045 1054 quidem
1057 1039 1065 1050 ,
1090 1019 1136 1046 sed
1151 1026 1165 1046 a
1183 1019 1366 1051 nostratibus;
1391 1019 1437 1053 qui
1459 1018 1651 1045 reconditioris
1666 1024 1692 1046 et
1707 1027 1722 1044 a

937 1065 1015 1100 vulgo
1031 1065 1197 1096 semotioris,
1225 1072 1276 1098 qua
1292 1065 1411 1099 pollent,
1439 1064 1571 1091 doctrinae
1595 1064 1722 1099 cupidine

937 1110 1029 1143 illecti,
1055 1111 1195 1138 veritatem
1224 1119 1282 1145 quae
1305 1111 1330 1138 in
1357 1110 1500 1145 propatulo
1518 1115 1572 1142 est,
1595 1111 1670 1137 velut
1694 1111 1722 1138 in

936 1162 1017 1192 puteo
1035 1157 1162 1184 latentem
1180 1157 1230 1184 sibi
1251 1158 1423 1192 quzerenttam
1446 1162 1586 1192 putarunt.
1617 1156 1713 1185 Galliis

935 1203 1034 1238 quippe
1050 1204 1206 1234 detrahunt,
1220 1211 1300 1238 qttant
1314 1202 1489 1237 Ethiopibus
1503 1208 1529 1230 et
1543 1204 1616 1230 Indis
1631 1203 1721 1230 sciunt

899 1243 905 1249 ’
935 1249 968 1275 ab
983 1248 1116 1283 apostolis
1133 1249 1199 1283 ipsis
1219 1249 1367 1275 exhibitam
1391 1248 1528 1283 Evangelii
1555 1249 1720 1283 prtedicandi

935 1302 1028 1322 euram
1047 1302 1054 1320 :
1072 1301 1103 1322 ac
1133 1294 1155 1321 si
1192 1293 1391 1321 ﬂorentissimae
1421 1299 1449 1320 et
1478 1293 1575 1320 vicinze
1595 1294 1720 1322 nationes

935 1341 1016 1374 capiti
1030 1340 1150 1374 gentium
1169 1340 1279 1370 Romze,
1297 1346 1377 1372 quam
1401 1339 1532 1374 sanguine
1552 1346 1600 1365 suo
1625 1338 1720 1366 Petrus

935 1392 961 1414 et
975 1386 1075 1414 Paulus
1093 1390 1301 1417 consecrarunt,
1317 1384 1507 1412 remotissimis
1523 1384 1575 1412 illis
1589 1390 1719 1417 extraque

936 1433 1087 1460 Romanum
1115 1431 1258 1466 imperium
1285 1430 1344 1457 sitis
1373 1431 1529 1465 regionibus
1558 1430 1719 1465 posthabita:

934 1480 1058 1508 fuissent.
1075 1480 1132 1507 Alia
1147 1479 1196 1506 fttit
1211 1487 1287 1505 mens
1300 1478 1500 1513 apostolorum,
1514 1477 1560 1512 qui
1574 1476 1675 1504 Gallias
1692 1477 1717 1503 in

935 1527 987 1554 fide
1004 1527 1175 1559 erudiendas,
1195 1526 1287 1553 statim
1304 1531 1365 1560 post
1384 1525 1531 1551 adventum
1559 1524 1585 1550 in
1612 1523 1717 1550 Italiam

934 1577 1121 1607 susceperunt.
1136 1573 1234 1600 Beatus
1252 1573 1350 1607 quippe
1360 1571 1459 1603 Lucas,
1469 1578 1482 1596 :t
1496 1569 1571 1596 Pauli
1587 1570 1716 1596 comitatu

934 1619 1086 1651 discedens,
1101 1619 1222 1654 magistri
1239 1619 1280 1646 sui
1301 1618 1428 1645 mandato
1444 1624 1473 1643 se
1489 1616 1603 1643 contulit
1616 1617 1641 1642 iu
1654 1615 1718 1642 Gal-

934 1665 1002 1698 lias;
1017 1666 1060 1692 ubi
1077 1665 1242 1700 przeciputtm
1258 1664 1318 1692 ﬁdei
1336 1665 1514 1698 przedicandzc
1530 1663 1647 1690 stnditttn
1664 1662 1717 1689 im-

933 1711 1035 1745 pendit.
1058 1710 1159 1737 Deinde
1173 1718 1220 1744 per
1235 1710 1342 1737 Italiam
1358 1715 1384 1737 et
1402 1709 1561 1737 Dalmatiam
1578 1708 1603 1735 in
1621 1709 1714 1735 eodeut

931 1765 1013 1791 opt-re
1026 1756 1185 1783 industriam
1203 1764 1280 1783 suam
1294 1761 1445 1790 prmstaus,
1472 1755 1498 1782 in
1520 1754 1715 1787 Macedoniam,

931 1803 1024 1830 eodem
1040 1802 1182 1829 iuncturus
1195 1801 1299 1832 cilicio.
1319 1809 1348 1829 se
1367 1801 1480 1836 recepit.
1501 1801 1645 1828 Auctorem
1665 1800 1713 1826 Ita-

931 1848 1025 1875 bemus
1042 1848 1202 1882 locupletem
1227 1847 1306 1882 hujus
1329 1847 1496 1874 narrationis
1524 1846 1714 1880 Epiphanium,

930 1894 975 1928 qui
997 1894 1091 1921 lta:resi
1107 1902 1132 1920 LI
1152 1893 1224 1928 qttod
1245 1893 1363 1920 diximus
1380 1894 1412 1919 de
1430 1893 1501 1920 Luca
1517 1897 1642 1923 testatur,
1661 1899 1716 1918 uno

929 1947 961 1966 ex
979 1947 1030 1967 t.xx
1045 1939 1195 1973 discipulis,
1213 1939 1254 1965 cui
1269 1947 1366 1965 munus
1388 1938 1526 1973 Evangelii
1549 1937 1714 1972 praedicandi

930 1985 1061 2011 creditum
1074 1985 1111 2010 ait
1128 1993 1135 2010 :
1147 1983 1284 2019 Κηρύττει
1298 1982 1405 2019 πρῶτον
1422 1984 1450 2009 ἐν
1463 1982 1610 2020 Δαλματῐᾳ.
1627 1982 1674 2009 καὶ
1686 1983 1715 2008 ἑν

929 2029 1092 2064 remigum).
1107 2030 1135 2055 ἐν
1152 2029 1261 2064 Ἰταλίᾳ,
1271 2030 1317 2055 καὶ
1326 2028 1496 2064 Μικεδονίᾳ;
1508 2027 1579 2064 ἁρχὴ
1594 2027 1622 2054 δὲ
1638 2028 1666 2054 ἐν
1680 2029 1714 2063 τῇ

928 2074 1037 2109 Γαλλίᾳ.
1055 2073 1138 2108 quue
1166 2075 1219 2107 ipse
1246 2075 1358 2107 primunt
1386 2074 1414 2099 in
1443 2073 1598 2104 Dalmatia,
1626 2072 1714 2099 Callia

928 2123 951 2145 et
971 2118 1062 2149 Italia,
1078 2127 1108 2145 ac
1124 2118 1283 2145 Macedonia
1299 2119 1439 2152 prmtitit;
1453 2118 1498 2145 sed
1514 2118 1539 2144 in
1552 2117 1639 2145 Gallia
1660 2127 1715 2151 pra:

928 2163 1111 2196 ca-Iert'swel,
1138 2163 1159 2191 si
1177 2164 1264 2196 malis,
1293 2164 1450 2199 principium
1484 2171 1542 2191 vero
1563 2164 1590 2189 in
1614 2162 1712 2190 Gallia.

927 2209 1094 2243 Principium
1124 2209 1223 2237 fecisse
1254 2209 1454 2244 prtedicationis
1483 2209 1509 2235 itt
1535 2208 1633 2242 Gallia,
1658 2209 1715 2235 sive

926 2255 1058 2288 potiorem
1075 2254 1132 2289 ejus
1145 2263 1237 2285 curam
1250 2255 1379 2290 gessisse.
1392 2254 1573 2281 disertissime
1589 2259 1712 2281 testatur.

927 2301 1032 2336 Duplici
1065 2302 1165 2336 quippe
1194 2302 1395 2336 signiﬁcatione
1427 2302 1484 2328 haec
1508 2301 1590 2328 verba
1616 2302 1712 2335 exponi

927 2352 1050 2382 possunt.
1067 2347 1140 2383 ἀρχὴ
1153 2347 1180 2373 δὲ
1198 2348 1226 2373 ὲν
1240 2349 1272 2382 τῇ
1286 2346 1397 2382 Γαλλίᾳ.
1413 2346 1489 2379 Quod
1501 2351 1589 2373 autem
1600 2346 1712 2380 primum

926 2392 952 2419 in
968 2391 1102 2420 Dalmatia
1119 2393 1282 2427 przedicasse
1301 2393 1417 2423 dicatur,
1441 2391 1473 2418 ad
1500 2391 1584 2418 solatn
1607 2391 1713 2417 Dalma-

926 2439 990 2466 tiam
1009 2438 1182 2465 refereudum
1204 2445 1256 2464 non
1286 2442 1338 2469 est,
1365 2438 1412 2464 sed
1428 2438 1461 2464 ad
1476 2437 1591 2466 Galliam
1609 2437 1690 2464 etiam
1702 2457 1711 2471 ,

925 2488 1008 2518 atque
1027 2484 1144 2516 italiam,
1166 2483 1257 2510 habita
1283 2485 1389 2511 ratione
1413 2483 1587 2515 Macedoniae,
1609 2483 1635 2509 in
1659 2490 1712 2518 qua

924 2530 1071 2557 erudienda
1093 2530 1198 2556 demum
1225 2529 1368 2556 laboravit.
1400 2529 1465 2562 Qua:
1489 2529 1573 2556 dictio
1595 2528 1713 2556 fortasse

925 2576 1094 2603 restituenda
1111 2579 1154 2602 est
1168 2575 1193 2602 in
1208 2580 1348 2607 contextu,
1367 2579 1395 2601 ut
1406 2575 1442 2600 sit
1462 2575 1533 2609 quod
1550 2575 1712 2609 respomleat

923 2620 962 2656 τῷ
985 2621 1109 2655 primum.
1137 2620 1237 2656 Sicque
1267 2621 1331 2647 illud
1355 2621 1472 2654 primum
1491 2628 1543 2648 non
1570 2620 1711 2655 impediet,

924 2666 988 2700 quin
1013 2665 1148 2701 signiﬁcet
1170 2666 1272 2692 ultimis
1288 2666 1378 2693 verbis
1400 2665 1583 2700 Epiphanius,
1610 2665 1713 2700 princi-

94 2711 245 2738 narrationc
275 2711 433 2740 conciliare.
471 2711 593 2746 Denique
620 2711 696 2746 lapsu
723 2711 812 2737 Rufini
846 2715 872 2738 et
888 2712 995 2746 Dpium
1011 2719 1101 2747 operae
1119 2719 1174 2738 sua:
1194 2711 1294 2738 Lucam
1305 2711 1430 2746 posuisse
1454 2711 1480 2738 in
1500 2710 1598 2738 Gallia.
1629 2711 1709 2741 Exci-

93 2753 331 2791 Christophorsoni
354 2757 516 2790 observato,
539 2757 629 2783 locum
651 2756 773 2791 epistola:
802 2756 873 2784 illius

95 2797 232 2835 insignem,
246 2802 280 2828 de
293 2802 474 2835 prcltrnsioue
489 2808 650 2838 martyrum,
663 2806 691 2832 et
709 2803 743 2830 de
755 2803 871 2830 interro-

95 2845 194 2877 iatione
227 2847 299 2875 facta
330 2856 344 2875 a
375 2848 482 2879 tribuno
508 2849 626 2883 cohortis
661 2857 720 2885 qua:
747 2848 873 2878 tendebat

926 2757 1002 2791 piunt
1040 2757 1088 2784 viri
1119 2756 1236 2789 eruditi,
1260 2757 1366 2784 nescire
1394 2764 1424 2784 se
1449 2757 1481 2784 ab
1504 2756 1558 2784 ullo
1587 2761 1710 2784 veterum

927 2808 1066 2832 auctorum
1076 2802 1192 2837 prodita.
1204 2809 1264 2837 qua).
1279 2802 1388 2837 scripsit
1400 2802 1574 2837 Epiphanius.
1590 2803 1711 2831 Scilicet.

927 2849 980 2878 Sed
999 2856 1050 2877 non
1067 2848 1126 2876 ideo
1142 2848 1230 2876 minus
1251 2854 1313 2876 sunt
1336 2856 1399 2876 vera
1423 2857 1482 2884 qua:
1509 2855 1582 2885 gesta
1614 2849 1709 2879 refert.
