1982 3159
239 142 270 170 3|
887 138 991 166 PETRI
1009 138 1052 166 DE
1071 138 1190 167 MARCA
1829 141 1867 169 εη

240 202 336 229 Petivit
351 201 393 228 ille
406 209 481 228 suam
500 201 683 229 narrationem
699 209 731 229 ex
753 201 894 229 vetustiori
912 202 1023 233 scripto.
1041 207 1063 234 Α
1079 202 1241 237 Epiphanio,
1255 203 1448 240 Chrysostomo
1462 211 1493 231 ac
1509 203 1693 235 'l‘lieodoreto,
1712 207 1739 230 et
1754 210 1769 230 e
1789 202 1865 230 Lati-

242 255 280 279 i-e,
295 255 358 282 quo,
371 247 542 282 utplerisque
552 248 624 281 aliis,
635 246 772 275 caremus.
785 248 912 276 Fortasse
922 257 955 276 ex
973 248 1026 275 lle-

240 294 351 328 gesippo
367 293 429 320 illud
444 288 591 326 hauserat,
610 294 655 328 qui
671 295 696 321 iu
719 295 870 330 pantlendis
888 295 1024 322 Ecclesia-

240 348 297 366 rimi
309 340 458 375 originibus
471 348 499 368 se
514 342 647 368 exercuit.
660 341 790 368 Exstahat
808 341 944 374 integrum
957 349 1026 376 opus

239 387 395 422 llegesippi,
417 395 470 414 non
495 387 582 415 solum
607 388 732 420 Eusebii,
759 388 806 414 sed
825 388 906 414 etiam
933 387 1027 415 Hiero-

239 433 310 467 nymi
329 434 507 467 temporibus,
525 438 607 468 atque
623 433 689 460 adeo
707 433 861 468 Epiplianii.
879 432 1026 467 Supererat

238 485 345 512 quoque
362 478 471 513 Georgii
502 479 621 514 Syncclli
639 484 738 511 aetate,
762 479 807 514 qui
829 478 887 512 ejus
904 479 1026 506 auctoris

239 523 420 557 fragmentum
450 524 551 558 profert
569 526 594 552 iii
613 525 755 558 Chronico,
774 525 846 551 aliud
861 532 875 551 a
893 524 1026 560 fragmen-

240 570 274 597 tis
297 578 357 604 qua:
382 571 478 598 recitat
497 572 637 599 Eusebius.
663 571 778 599 Gravius
806 571 884 598 doleo
913 571 947 598 de
973 571 1024 598 viri

239 617 310 644 illius
328 617 520 651 cruditiSsiuii,
542 619 644 652 tibique
664 627 696 646 ac
716 619 780 645 milii
804 618 939 652 quondam
955 618 1024 644 ami-

237 664 339 690 cissimi
366 664 551 697 glossemate,
574 665 662 699 quiin
685 665 969 692 animadversioiiibus
990 664 1024 695 ad

237 717 298 737 eum
327 709 470 744 Epipliauii
494 710 593 741 locum,
612 711 667 737 vim
693 709 840 737 testimonii
863 709 934 736 illius
949 710 1025 737 nobis

237 756 357 783 adimere
375 762 499 784 conatur.
524 757 561 784 De
581 756 669 784 Gallia
694 757 766 784 enim
787 755 924 790 Cisalpina
952 756 1024 790 loqui

238 801 416 836 Epiphaniam
434 807 518 829 notat.
548 802 659 830 Scilicet
685 803 756 838 apud
786 802 861 828 illuni
885 807 1024 829 auctorem

238 847 403 882 Cisalpinam
423 848 537 876 Galliam
562 849 758 883 intelligimus,
781 856 841 882 qua:
866 849 937 875 nulla
961 854 1025 875 tunc

1077 248 1119 274 n'is
1144 248 1319 285 Hieronymo.
1336 253 1396 284 post
1425 250 1542 284 primum
1567 250 1712 276 adventum
1734 257 1812 276 suum
1835 248 1865 277 iii

1076 292 1188 327 Urbem,
1204 295 1248 321 ubi
1265 295 1402 322 biennium
1419 296 1508 330 exegit
1541 302 1554 321 a
1584 292 1655 320 Luca
1685 297 1864 320 memoratum

1076 338 1140 374 (quo
1163 341 1291 374 temporis
1310 340 1452 367 intervallo
1473 341 1577 368 fortean
1597 340 1685 368 Lucas
1715 341 1740 367 in
1776 341 1868 369 Gallia

1076 385 1295 418 prmdicationeni
1312 385 1450 420 Evangelii
1475 386 1634 420 auspicatus
1663 384 1735 421 est),
1765 385 1868 421 llispa-

1076 430 1136 457 nias
1152 431 1248 462 adivit,
1266 431 1299 458 ad
1322 431 1548 466 proninlgandaui
1573 432 1628 458 illis
1655 431 1681 458 in
1707 432 1869 464 regionibus

1075 478 1257 505 Christianam
1280 478 1369 504 tidem.
1395 478 1477 511 Atqui
1503 478 1646 512 Hispanias
1666 479 1778 512 petenti,
1800 487 1868 512 per-

1075 524 1190 559 gendum
1207 524 1256 550 l'uit
1272 531 1321 558 per
1341 524 1550 551 celeberrimam
1568 525 1637 558 apud
1666 529 1774 552 veteres
1793 525 1867 552 viam

1076 569 1149 596 illam
1165 569 1314 604 publicam,
1333 577 1393 604 qua!
1409 571 1442 596 ab
1460 569 1538 597 llalia
1558 578 1605 603 per
1629 570 1732 598 Gallias
1745 571 1771 598 in
1786 570 1870 598 Baeti-

1075 624 1134 643 cam
1152 616 1238 651 ipsam
1261 617 1345 643 ducit.
1370 616 1434 651 Ejus
1453 616 1665 650 descriptionem
1685 617 1795 644 exhibet
1811 625 1869 645 non

1075 663 1161 690 solum
1175 662 1496 692 Autmiini'ltinerarium
1511 670 1525 689 a
1548 662 1634 689 Nica‘a
1651 671 1699 697 per
1715 663 1870 698 Arelatem,

1074 708 1240 740 Narbonem,
1263 716 1398 736 summum
1417 708 1590 744 Pyrenaeum;
1613 710 1784 743 Juncariam,
1800 710 1873 738 Bar-

1075 755 1214 788 cinoneni,
1238 759 1266 782 et
1283 754 1387 789 reliqua
1415 755 1496 783 loca:
1521 755 1567 782 sed
1590 756 1671 782 etiam
1687 756 1796 789 Strabo,
1819 756 1870 792 qui

1075 800 1169 827 sedulo
1189 807 1219 827 se
1241 800 1335 827 habuit
1353 800 1379 826 in
1396 800 1447 828 via:
1463 800 1535 827 illius
1560 801 1746 835 explicatione
1761 810 1768 830 ;
1785 809 1870 837 quam

1076 846 1102 872 iu
1119 847 1254 881 plerisque
1268 846 1402 880 capitibus
1419 847 1509 873 minus
1526 846 1560 874 ab
1578 848 1773 881 interpretibus
1791 849 1874 875 intel-

222 900 307 927 'crai,
322 895 355 921 ab
373 896 438 930 ipsis
454 895 565 930 Augusti
583 895 766 929 temporibus,
789 895 835 929 qui
853 903 948 921 novam
966 903 1027 928 prn-
1043 885 1063 912 Β
1079 892 1188 924 lectam,
1205 900 1255 919 nos
1270 892 1423 926 patefacere
1442 893 1533 920 conati
1562 901 1656 921 sumus
1681 894 1752 921 libro
1779 895 1873 929 primo

237 942 387 968 vinciaruiu
400 941 504 976 imperii
521 942 680 968 divisionem
698 941 826 968 instituit.
855 940 967 968 Auiovit
995 939 1029 966 ab

237 986 312 1014 Italia
328 995 424 1014 nomen
443 987 680 1021 Galliarum,quas
696 987 802 1020 objeclu
814 987 920 1021 Alpium
936 986 1030 1013 termi-

238 1032 329 1064 navit;
359 1033 463 1059 italiam
495 1033 607 1060 solidam
638 1034 664 1060 iu
690 1034 816 1068 regiones
847 1041 872 1060 χι
900 1033 1027 1068 partitus.

237 1079 331 1107 Galliis
343 1080 369 1106 iii
382 1085 496 1113 quatuor
509 1080 675 1115 provincias,
691 1080 908 1111 Narbonensem,
922 1078 1030 1113 Lugdu-

238 1133 363 1158 nensem,
381 1125 534 1161 Belgicam,
552 1130 578 1152 et
590 1125 782 1160 Aquitanicam
795 1147 801 1157 ,
821 1125 920 1158 sectis;
937 1130 966 1152 ut
981 1125 1027 1152 do-

237 1176 301 1199 cent
322 1171 432 1203 Strabo,
448 1172 514 1199 Mela
531 1177 558 1199 et
571 1172 689 1200 Plinius.
706 1172 791 1205 Quam
808 1172 943 1199 rationein
961 1178 1028 1206 quo-

240 1227 293 1252 que
307 1224 417 1246 secutus
435 1224 477 1246 est
502 1218 664 1246 Ptolemaeus
684 1220 710 1246 in
729 1219 786 1246 suis
806 1219 925 1250 tabulis,
950 1223 977 1244 ut
1001 1223 1027 1245 et

237 1265 408 1298 Ammianus,
438 1273 469 1292 ac
495 1265 604 1300 reliqui,
632 1273 700 1300 quos
727 1266 761 1292 de
781 1265 876 1293 Galliis
903 1269 930 1292 et
952 1265 1027 1291 Italia

237 1311 373 1338 disserere
390 1312 498 1338 occasio
521 1311 619 1345 coegit.
634 1311 730 1345 Itaque
751 1320 803 1338 non
825 1312 877 1338 alia
900 1316 941 1338 est
958 1312 1027 1345 apud

238 1356 419 1390 lipiplianiuui
437 1356 537 1388 Gallia,
561 1364 642 1391 quam
660 1365 720 1390 quae
737 1362 798 1391 post
821 1356 959 1384 Cliristuni
979 1364 1028 1383 na-

239 1405 294 1426 tum
311 1400 345 1427 ab
360 1401 486 1428 omnibus
507 1402 666 1427 auctoribus
693 1407 807 1428 vocatur
830 1401 927 1433 Gallia,
949 1401 1026 1436 juxta

239 1445 340 1473 limites
360 1446 393 1473 ab
408 1447 531 1481 Augusto
549 1447 700 1473 institutos.

273 1491 332 1518 Non
354 1493 440 1518 solum
462 1497 552 1518 autem
580 1492 681 1520 Lucam
705 1493 889 1521 adhibuerunt
911 1493 1026 1528 apostoli

239 1537 272 1564 ad
283 1537 468 1565 informandus
483 1538 508 1564 in
525 1538 655 1574 religione
671 1539 784 1570 Gallias,
800 1540 847 1567 sed
863 1540 944 1566 etiam
961 1540 1028 1567 Cre-

239 1590 372 1611 scentem.
400 1584 465 1618 Ejus
499 1585 537 1612 rei
570 1586 648 1613 testis
675 1586 732 1621 ipse
763 1586 872 1620 Paulus,
904 1585 925 1612 ll
951 1586 1023 1613 Tim.

238 1637 278 1664 tv,
295 1631 338 1664 qui
354 1631 465 1658 missum
483 1631 564 1659 fuisse
580 1633 658 1659 docet
670 1633 845 1660 Crescentem
862 1633 887 1659 iii
901 1632 1026 1660 Galliam.

239 1677 351 1705 Certum
369 1678 477 1712 quidem
501 1683 543 1705 est
559 1679 660 1705 variam
684 1679 768 1706 fuisse
790 1678 869 1712 hujus
890 1679 939 1705 loci
959 1679 1028 1705 l’au-

240 1723 286 1749 lini
302 1723 457 1752 lectionem.
476 1723 558 1750 etiam
580 1725 650 1758 apud
673 1730 788 1751 veteres.
818 1724 922 1751 Etenim
939 1724 1024 1759 Chi-y-

239 1774 375 1796 sostouius
392 1774 420 1796 et
440 1769 626 1797 Tbeodoretus
641 1771 712 1803 apud
736 1769 862 1803 Gi-:ecos;
894 1770 1028 1804 Vulgatus

241 1815 384 1849 interpres,
405 1821 432 1842 et
445 1816 647 1842 Anibrosiaster
661 1816 731 1849 apud
748 1816 876 1849 Latinos,
904 1815 1028 1850 legerunt

241 1858 385 1891 Galatiam,
408 1868 459 1887 non
480 1866 569 1887 autem
590 1859 717 1888 Gallium.
749 1860 801 1887 Sed
826 1861 981 1887 vetustioris
1002 1864 1029 1887 et

241 1906 355 1934 verioris
380 1907 504 1934 lectionis
520 1908 654 1934 vindicem
680 1907 812 1934 habemus
836 1907 1027 1941 Epiplianiuiii,

241 1953 286 1987 qui
303 1958 461 1980 constanter
473 1953 571 1981 scribit
590 1954 616 1980 iii
641 1953 737 1980 hieresi
764 1960 788 1980 LI
807 1960 855 1980 eos
868 1960 962 1979 errare
982 1953 1027 1986 qui

242 1998 293 2025 hoc
312 1998 369 2025 loco
393 1998 468 2024 Paulli
483 1998 617 2024 Galatiam
642 1998 751 2033 legunt.
770 2006 830 2024 cum
852 1998 1027 2024 scribendum

242 2044 338 2070 doceat
363 2043 487 2070 Gallium.
511 2045 547 2070 Οὐ
572 2044 626 2080 γὰρ
641 2046 716 2081 ὲντῇ
740 2044 872 2080 Γαλατίᾳ,
897 2043 935 2076 ὣς
956 2053 1028 2077 τςνες

243 2089 428 2125 πλανηθέντες
448 2089 615 2125 νομίζουσιν.
641 2090 709 2118 ἀλλὰ
734 2091 762 2117 ἐν
789 2090 900 2126 Γαλλίᾳ.
929 2090 1027 2117 Eodem

244 2138 323 2161 modo
356 2136 461 2162 meti-ris
489 2137 626 2170 antiquior
651 2137 783 2163 Eusebius
817 2142 878 2163 tuus
908 2136 972 2170 legit
1002 2136 1028 2164 in

243 2180 337 2208 codice
355 2180 430 2207 Pauli
447 2181 580 2215 Galliam,
598 2183 824 2216 qiieiiiadiiiodnm
851 2183 1027 2217 Epiphanius,

243 2227 266 2255 si
291 2231 364 2254 recte
387 2228 468 2255 verba
499 2227 557 2262 ejus
585 2229 786 2262 expendantur,
820 2233 846 2254 et
869 2236 931 2254 vera
956 2229 1025 2262 apud
1045 2241 1067 2268 ο

243 2279 383 2301 auctorem
399 2273 473 2299 illuni
492 2274 572 2301 lectio
587 2274 735 2300 retineatur
751 2282 782 2300 ex
803 2273 911 2306 lluliuo,
928 2279 954 2299 cl
970 2282 1029 2300 oni-

242 2319 322 2346 nibus
338 2319 476 2346 codicibus
493 2327 571 2352 niss.,
591 2324 619 2345 ut
630 2324 656 2345 tu
672 2319 773 2346 diserte
787 2319 925 2346 monuisti.
942 2319 1030 2346 Theo-

242 2364 352 2391 doretus
375 2371 460 2397 sane,
484 2365 529 2398 qui
547 2364 662 2391 Galatia:
674 2364 821 2391 dictionem
844 2365 869 2391 iii
899 2369 1028 2391 contextu

242 2409 318 2438 Pauli
348 2411 458 2443 retinet,
476 2410 538 2437 licet
563 2411 597 2438 de
620 2410 725 2438 Galatia
752 2410 872 2437 Asiatica
895 2411 1030 2444 potuisset

243 2456 315 2484 illam
329 2457 464 2491 accipere,
484 2455 578 2482 maluit
591 2456 624 2482 ad
641 2455 754 2483 Galliam
773 2460 893 2482 nostram
908 2476 916 2488 ,
938 2455 964 2481 id
989 2459 1030 2482 est

242 2503 275 2530 ad
290 2503 424 2532 Galatiam
439 2502 636 2530 occidentalem
652 2501 763 2529 referre.
781 2501 857 2529 Adeo
882 2506 955 2528 certa
969 2505 1029 2527 erat

243 2549 312 2582 apud
327 2556 422 2576 omnes
438 2553 556 2580 veteres,
571 2548 726 2575 Crescentis
750 2548 778 2575 in
794 2547 881 2576 Gallia
899 2548 1031 2582 pnedica-

244 2595 290 2621 tio.
311 2594 337 2621 In
353 2603 407 2630 quo
421 2603 481 2622 cum
499 2595 639 2622 veteribus
662 2593 780 2622 Usuardi
795 2599 823 2621 et
838 2594 942 2620 Adonis
961 2593 1031 2620 Mar-

245 2641 385 2676 tyrologiis
401 2642 579 2673 conveniunt;
603 2641 648 2676 qui
676 2646 735 2675 post
749 2641 827 2667 lidcm
849 2649 863 2666 a
884 2639 1030 2667 Crescente

245 2688 271 2714 in
295 2686 389 2714 Galliis
400 2688 608 2722 promulgatam,
631 2687 781 2714 meminere
802 2687 903 2714 reditus
919 2686 991 2713 illius
1004 2686 1030 2713 in

244 2733 377 2760 Galatiam
395 2734 553 2762 Asiaticaui.

281 2778 425 2806 Enimvero
444 2780 508 2814 quid
531 2785 616 2808 vetat.
643 2778 706 2814 quin
728 2778 808 2806 Lucae
831 2782 858 2806 et
879 2777 1030 2810 Crescenti,

245 2824 362 2852 assiduis
384 2824 458 2851 Pauli
481 2826 636 2857 comitibus,
662 2825 843 2860 adjungainus
863 2829 891 2851 et
918 2823 1030 2850 Paulum

245 2869 332 2904 ipsum
348 2871 514 2905 apostolum,
527 2871 584 2906 qui,
600 2871 717 2899 testibus
733 2870 851 2903 Graecis,
870 2869 1030 2903 Athanasio,

1079 937 1227 965 Catuloniw
1249 938 1401 971 illurtratw,
1421 938 1498 973 cujus
1521 939 1668 967 editionem
1689 945 1871 968 iiialuraiiius.

1079 984 1136 1012 Non
1157 985 1232 1013 iners
1260 985 1310 1012 fuit
1327 986 1427 1013 Paulus
1455 986 1481 1013 in
1505 985 1603 1013 Galliis
1624 987 1794 1019 erudiendis,
1821 988 1871 1022 qui

1078 1031 1199 1065 gentium
1226 1031 1340 1058 salutem
1355 1032 1405 1058 sibi
1423 1031 1580 1066 specialiter
1598 1035 1791 1066 commissam,
1813 1038 1871 1061 tam

1077 1077 1203 1112 flagranti
1221 1078 1313 1105 studio
1332 1078 1491 1113 peragratis
1509 1079 1669 1114 regionibus
1688 1080 1872 1114 undequaque

1077 1124 1240 1159 procurabat
1256 1133 1264 1153 :
1281 1132 1333 1159 qua
1347 1125 1380 1151 de
1398 1132 1426 1151 re
1442 1125 1534 1152 statim
1552 1126 1662 1152 uberius
1677 1133 1800 1160 agemus.

1113 1168 1259 1196 Possumus
1274 1178 1381 1205 quoque
1404 1169 1520 1205 Philippi
1536 1171 1650 1204 apostoli
1668 1179 1779 1205 operam
1805 1171 1874 1199 Gal—

1063 1214 1121 1246 ,liis
1137 1215 1276 1242 vindicare
1291 1235 1299 1247 ,
1324 1216 1444 1250 ipsisque
1462 1216 1612 1243 Britanniis
1627 1237 1634 1248 ,
1651 1224 1685 1244 ex
1702 1218 1804 1245 Isidoro
1824 1218 1874 1245 lli-

1077 1260 1205 1294 spaleiisi,
1220 1260 1267 1287 Iili.
1286 1260 1322 1287 De
1342 1261 1393 1287 vita
1407 1266 1430 1287 et
1451 1269 1534 1288 morte
1555 1269 1707 1289 cunctarum
1721 1283 1729 1295 ,
1743 1272 1804 1298 cap.
1825 1264 1872 1293 74.

1077 1306 1216 1341 Philippus
1241 1306 1328 1334 Gallis
1355 1308 1483 1341 prter/ient
1514 1306 1668 1340 Christum;
1690 1309 1873 1346 barbarasqu

1076 1359 1163 1388 gen/es
1179 1354 1328 1388 vicinasque
1346 1354 1459 1381 tenebris
1471 1374 1478 1386 ,
1499 1359 1523 1381 et
1545 1354 1656 1381 tumenti
1679 1355 1786 1382 Oceano
1803 1365 1872 1383 cou-

1073 1400 1193 1435 juuctuc,
1204 1401 1239 1427 ut!
1253 1401 1371 1428 scicntia
1388 1401 1476 1428 lumen
1491 1401 1604 1436 fideique
1623 1406 1728 1435 partum
1744 1403 1868 1429 deducit.

1076 1446 1213 1481 Atlilitqiie
1238 1447 1291 1474 hoc
1306 1453 1420 1474 munere
1446 1446 1617 1480 pei'l'uiictuiii
1643 1446 1799 1481 Philippum
1814 1469 1821 1481 ,
1841 1449 1868 1474 iii

1076 1491 1220 1529 Phrygiam
1239 1493 1391 1528 migrasse,
1414 1493 1458 1520 tibi
1481 1492 1618 1527 Hierapoli
1643 1493 1784 1521 occubuit.
1813 1495 1869 1522 Sed

1078 1539 1204 1571 quoniam
1221 1538 1294 1565 hunc
1314 1538 1463 1572 apostolum
1489 1537 1574 1565 Gallis
1594 1545 1721 1573 quoque,
1743 1544 1798 1566 tum
1818 1539 1872 1565 Bu-

1080 1585 1256 1617 rouiusrtum
1269 1593 1301 1612 co
1317 1585 1384 1612 duce
1399 1585 1443 1612 alii
1458 1586 1620 1613 subtrahere
1638 1590 1784 1617 conantur,
1803 1594 1872 1612 nar-

1079 1633 1210 1659 rationem
1228 1632 1305 1658 istam
1324 1632 1356 1657 ad
1382 1630 1493 1659 Galatas
1519 1632 1654 1659 Asiaticos
1679 1631 1870 1665 traducendo.

1081 1685 1131 1704 nun
1158 1677 1259 1711 pigebit
1276 1678 1325 1703 viri
1349 1678 1525 1704 eruditissimi
1541 1698 1548 1709 ,
1576 1678 1640 1705 licet
1665 1685 1680 1705 e
1704 1682 1870 1706 iiovatorum

1080 1730 1170 1758 grege,
1190 1723 1292 1750 Usscrii
1311 1724 1476 1750 Armat-liaui
1495 1725 1573 1751 verba
1592 1723 1635 1751 hic
1656 1725 1872 1752 trauscriberec

1079 1778 1140 1804 cap.
1173 1778 1191 1796 ll
1220 1769 1252 1795 de
1264 1769 1466 1804 Antiquitatibus
1493 1771 1673 1798 Ecclesinrnm
1699 1770 1873 1799 Britannica-

1081 1824 1137 1842 rum
1151 1824 1159 1842 :
1173 1815 1249 1848 Quod
1262 1822 1347 1842 autem
1369 1817 1400 1843 tle
1417 1816 1533 1849 Philippi
1551 1817 1577 1843 in
1601 1816 1695 1843 Galliis
1716 1818 1872 1849 apostolatu

1080 1860 1157 1887 habet
1173 1859 1312 1893 Freculfus
1333 1870 1347 1887 ιι
1364 1861 1593 1888 dlulmcshuricnsi
1608 1862 1755 1892 citntus,ex
1771 1861 1872 1889 lsiilari

1086 1907 1153 1933 libra
1176 1907 1212 1934 De
1230 1907 1355 1934 l’atribus
1376 1913 1519 1943 titinusquc
1535 1908 1703 1935 Testauienti
1716 1929 1723 1941 ,
1743 1917 1803 1943 cap.
1821 1909 1870 1939 74.

1080 1954 1114 1980 ad
1129 1955 1231 1980 verbum
1246 1954 1383 1986 expressit.
1403 1954 1479 1987 Apud
1498 1959 1636 1986 utrumque
1648 1955 1716 1981 enim
1732 1956 1843 1990 legimus
1862 1963 1872 1983 :

1086 2008 1095 2024 (
1120 1999 1270 2033 Philippum
1287 1999 1371 2026 Gallis
1390 2001 1547 2034 prn'di’casse
1568 2001 1712 2031 Christum,
1729 2000 1873 2028 barbarus-

1080 2053 1128 2079 que
1148 2050 1255 2080 gentes,
1271 2046 1421 2081 vicinasque
1443 2048 1570 2078 tenebris,
1596 2052 1619 2073 et
1634 2047 1744 2073 tumenti
1765 2047 1874 2074 Oceano

1081 2091 1251 2126 conjunctas,
1268 2092 1303 2118 ad
1317 2092 1434 2118 scientia:
1462 2092 1545 2118 lucem
1568 2092 1683 2127 fil/eique
1705 2099 1812 2127 portum
1828 2095 1871 2119 dc-

1080 2137 1198 2163 durisse.
1212 2145 1221 2162 ι
1245 2135 1335 2171 Neque
1344 2137 1386 2162 hic
1401 2136 1465 2170 milii
1481 2136 1592 2162 Baroiiii
1605 2136 1758 2170 conjectura
1775 2137 1873 2170 placet,

1081 2182 1182 2210 Isidori
1205 2183 1254 2209 ista
1279 2191 1294 2209 a
1315 2182 1398 2210 Gallis
1426 2183 1521 2209 nostris
1547 2183 1580 2208 ad
1600 2182 1712 2209 Galatas
1739 2183 1872 2210 Asiatica:

1080 2229 1242 2255 (reducentis
1256 2235 1266 2255 .'
1278 2229 1411 2264 multoque
1426 2229 1515 2254 minus
1535 2228 1628 2262 nuperi
1645 2237 1753 2260 operum
1772 2229 1873 2255 lsidori

1081 2275 1200 2307 editoris,
1214 2273 1308 2300 Jacobi
1324 2274 1426 2301 Breulii
1437 2275 1570 2301 temeritas
1583 2295 1590 2306 ,
1605 2273 1710 2301 Calatis
1721 2283 1769 2307 pro
1784 2274 1873 2302 Gallis

1082 2318 1109 2344 in
1126 2319 1182 2351 ipso
1200 2324 1275 2345 textu
1298 2318 1365 2354 (sine
1379 2319 1432 2345 ulla
1445 2320 1538 2345 veteris
1552 2319 1672 2345 lectioni:
1684 2327 1873 2345 commemora.

1082 2362 1162 2398 tione)
1177 2365 1335 2396 reponentis.
1356 2362 1426 2389 Nunt
1439 2368 1614 2398 privterquum
1626 2365 1696 2396 quod
1712 2364 1832 2391 Isidorus
1843 2364 1872 2390 in

1081 2410 1128 2436 hoc
1140 2410 1195 2440 ipso
1213 2418 1299 2443 opere,
1314 2418 1371 2444 cup.
1388 2410 1432 2442 82,
1452 2415 1476 2435 et
1491 2411 1517 2436 iu
1534 2409 1628 2437 Olliciu
1644 2409 1774 2437 Tolclaiio
1790 2410 1871 2444 (quod

1081 2455 1221 2483 Cat/ticum
1236 2462 1260 2482 et
1281 2455 1455 2483 Mozarubum
1476 2456 1553 2491 vulgo
1570 2456 1742 2491 appellatur),
1759 2457 1873 2491 itemque

1080 2501 1207 2529 Julianus
1225 2502 1365 2529 Toletauua
1392 2502 1605 2535 archiepiscopus
1626 2502 1654 2528 in
1677 2501 1785 2528 Nalium
1806 2509 1871 2536 pro—

1080 2552 1186 2585 phetam
1200 2551 1327 2584 scribens,
1344 2556 1367 2577 et
1388 2549 1461 2576 Beda
1478 2550 1526 2584 (vel
1541 2551 1688 2585 quicunque
1713 2555 1808 2576 nurtor
1821 2549 1872 2583 fuit

1082 2596 1317 2623 Collectaneoruni
1342 2602 1368 2623 et.
1386 2595 1508 2632 Florum)
1529 2596 1651 2630 Philippo
1667 2596 1781 2623 Galliam
1801 2594 1871 2622 assi-

1081 2648 1162 2677 gnant
1176 2651 1185 2669 :
1212 2643 1330 2675 idemque
1343 2642 1426 2669 Gallis
1444 2642 1636 2675 prmilicaVisse
1650 2641 1789 2669 Christum
1805 2640 1872 2676 legi-

1082 2694 1126 2713 tur
1142 2687 1167 2713 in
1179 2687 1267 2713 libello
1285 2687 1321 2713 De
1335 2686 1620 2720 lesﬁsapostolornui.
1635 2688 1680 2720 qui
1696 2688 1722 2713 in
1737 2686 1871 2720 Hierony-

1081 2733 1171 2758 mtano
1193 2731 1385 2766 Murtyrologio
1406 2739 1455 2757 nu.
1478 2731 1590 2756 habetur
1610 2732 1652 2765 (ea:
1673 2740 1724 2766 quo
1747 2731 1871 2764 pleraque

1083 2779 1170 2804 omnia
1182 2779 1209 2803 in
1226 2777 1322 2803 librum
1335 2785 1411 2803 suum
1425 2777 1461 2804 De
1477 2776 1606 2804 Pati-ibus
1619 2777 1684 2804 Novi
1703 2775 1869 2803 Teslaiiienti

1083 2822 1248 2856 transcripsi!
1278 2814 1444 2856 Isidorus):
1467 2821 1514 2846 illa
1542 2821 1715 2848 bnibunarum
1748 2819 1866 2854 gentium

1085 2868 1188 2895 Occano
1204 2869 1404 2902 cunjunrturum
1419 2866 1524 2901 mentio,
1538 2866 1681 2901 Europam!
1699 2865 1800 2898 Gallos,
1816 2872 1868 2892 non
