1982 3159
133 159 171 188 33
627 161 799 190 EPISTULA
816 162 861 190 AD
881 162 1060 191 HENRICUM
1080 163 1265 193 VALESIUM.
1724 168 1758 196 ει

134 219 332 248 Gallo-Gnech
350 222 383 249 ab
402 221 511 249 Isidoro
529 222 675 251 intellectas
692 232 747 251 ene
762 225 829 252 satis
850 224 921 252 euino
937 227 961 255 Α
974 224 1010 251 lu
1023 246 1030 258 ,
1048 226 1092 252 sed
1109 231 1196 253 tamen
1211 227 1292 253 uirtus
1309 226 1460 255 traditionis
1476 236 1529 256 una
1552 233 1577 256 et
1593 229 1683 256 eadem
1706 235 1756 259 ut.

133 266 182 293 cit.

172 310 219 338 [Iis
236 311 439 346 adiungendum
461 313 553 347 putavi
579 313 761 341 testimonium
793 315 922 343 vetustis-

133 359 196 385 simi
212 359 312 385 corticis
327 359 504 393 manuscripti
519 366 551 386 ex
561 359 721 386 bibliotheca
740 360 834 387 Sancti
851 360 920 388 Ger-

134 404 207 431 mani
223 404 398 437 Parisiensis,
417 405 443 431 in
455 413 509 440 quo
526 406 576 432 iste
593 410 728 433 tractatus
743 405 836 433 lsidori
861 411 923 435 ante

133 451 303 485 octingentos
326 459 412 478 annos
427 451 590 485 descriptus.
617 460 670 478 una
686 460 747 480 cum
772 453 833 480 aliis
846 453 920 488 ejus-

132 497 194 523 dem
209 497 328 524 auctoris
345 497 422 524 libris
447 499 613 530 continetur,
637 498 681 525 uhi
711 500 821 534 antiqua
839 500 920 526 lectio

131 544 314 571 disertissime
336 544 444 578 prtcl'ert
461 543 612 579 Philippum
638 544 722 572 Gallis
737 547 899 578 praedicasse
911 567 918 580 ,

131 591 360 623 quemadmodum
376 598 436 624 cap.
450 591 496 622 82.
514 591 630 619 habetur
645 591 761 618 Galliam
783 592 820 625 illi
835 591 920 620 fuisse

130 636 309 670 assignatam.
323 636 377 663 Nec
385 637 609 664 dissimulandum
623 643 665 664 est
677 639 702 664 in
717 639 812 666 eodem
826 639 919 666 codice

130 682 200 716 legi,
214 681 370 716 Hispaniam
388 682 490 710 Jacobo
505 683 856 719 apostolodatatn.eumque
873 685 919 712 Ili—

128 729 224 764 spanis
249 729 327 756 [idem
352 730 523 764 pradicasse.
541 731 606 764 Qum
623 736 721 758 vetusti
740 731 842 758 codicis
868 739 917 758 au-

129 775 244 803 ctoritas
260 784 274 802 a
290 776 452 810 quibusdam
470 783 629 812 conceptam
657 777 839 811 Suspicionem
861 777 918 804 exi-

128 829 205 847 mere
220 822 300 848 debet
315 822 416 849 vitiata:
431 822 537 849 l'ortean
560 823 620 850 loco
637 823 663 850 in
681 824 728 850 illo
750 824 875 850 lectionis
888 823 916 850 in

129 868 268 902 prioribus
290 868 457 896 editior-ibus
474 871 508 896 ab
532 869 626 904 aliquo
651 870 830 904 Ilispanarum
856 878 918 904 par-

128 912 196 939 tittm
214 913 346 940 studioso.
373 913 548 949 Disceptatnr
565 916 673 950 quidem
699 917 768 950 apud
795 917 916 942 eruditus

127 958 160 985 de
177 957 273 986 Jacobi
298 959 324 986 in
345 959 502 995 Hispaniam
524 963 640 989 adventu
655 982 662 992 ,
679 970 710 989 ex
735 971 767 990 eo
782 963 916 997 prtuciptte

127 1007 236 1040 capite,
256 1007 327 1040 quod
342 1007 456 1041 apostoli
482 1009 598 1034 nondum
624 1017 638 1035 a
661 1008 750 1036 ,Ιιιιιςυιι
765 1029 773 1040 ,
798 1010 916 1037 sortibus

128 1052 180 1079 sibi
198 1053 271 1087 apud
295 1058 389 1088 gentes
408 1053 572 1088 pt'mdit'andi
598 1055 751 1081 disnilmtis
767 1075 773 1086 ,
787 1055 916 1082 recessis—

129 1102 199 1125 sent.
224 1098 278 1125 Sed
297 1099 524 1132 quemadmodum
549 1100 710 1126 auctoritate
736 1100 849 1133 Ιμίιιηιί.
867 1102 912 1135 qui

129 1151 177 1170 sua
192 1151 225 1170 ex
252 1144 389 1177 prioribus
405 1144 515 1171 haurire
539 1147 636 1180 potuit,
658 1153 686 1172 se
713 1145 778 1172 tueri
798 1148 909 1178 possunt

131 1189 239 1223 llispani
261 1190 391 1217 adversus
411 1190 546 1224 opinionis
558 1189 679 1217 coniti-tte
692 1191 834 1219 novitatem
850 1198 911 1226 quae

130 1235 182 1262 illis
204 1237 304 1270 opponi
320 1236 410 1268 solet,
434 1237 470 1262 ita
485 1237 564 1264 nobis
586 1237 620 1264 de
644 1237 767 1272 Philippo
781 1238 912 1266 disserere

130 1282 209 1313 licet,
226 1289 260 1309 eo
287 1286 376 1309 tamen
400 1283 544 1315 securius,
572 1283 644 1317 quod
666 1283 737 1310 illius
759 1284 915 1317 praedicatio

129 1328 196 1362 apud
210 1327 314 1355 Gallias
337 1336 399 1356 cum
417 1329 518 1356 incidat.
544 1334 604 1364 post
619 1329 789 1356 sortitionem
805 1330 915 1364 proviri-

128 1373 234 1401 ciarum
249 1374 284 1401 ab
305 1374 438 1408 apostolis
455 1374 553 1401 factam
568 1395 576 1407 ,
591 1375 675 1401 libera
692 1379 735 1401 est
749 1374 783 1401 ab
801 1382 834 1402 eo
850 1374 913 1407 telo,

127 1426 181 1453 quo
194 1419 352 1453 prmdicatio
373 1418 466 1447 Jacobi
481 1420 552 1454 apud
568 1419 704 1454 Hispanos
719 1420 812 1454 impoti
834 1421 913 1447 solet.

128 1464 261 1491 (Steterunt
292 1465 356 1492 illud
382 1464 433 1492 fuit
460 1465 644 1499 apostolorum
673 1465 861 1500 propositum,
887 1469 916 1491 ut

128 1517 345 1545 quaquaversum
369 1511 442 1538 orbis
460 1515 554 1545 patet,
582 1511 756 1546 Erangelium
779 1511 914 1539 tlillunde-

129 1561 198 1588 rent,
217 1565 250 1583 ex
269 1558 396 1583 mandato
408 1557 522 1584 Christi.
537 1558 627 1590 Quare
640 1577 647 1589 ,
665 1564 693 1585 ut
709 1558 809 1592 optime
830 1558 912 1585 adno-

130 1601 347 1633 taritEusebius,
361 1602 405 1629 lib.
419 1610 448 1630 III
466 1602 611 1630 Demonstr.
627 1603 725 1638 Euang.
745 1611 803 1638 cap.
817 1603 845 1635 ὃ,
861 1612 913 1631 nott

127 1649 213 1674 solum
232 1648 348 1676 Romam
367 1654 449 1683 caput
471 1649 590 1683 imperii,
605 1655 686 1684 atque
700 1649 836 1677 Romanas
851 1657 912 1684 pro-

128 1693 238 1724 vincias.
254 1694 302 1720 sed
317 1694 400 1720 etiam
416 1694 467 1720 alia
486 1702 577 1728 regna.
589 1700 644 1722 tum
663 1694 843 1727 Parthorum,
858 1700 912 1722 tum

129 1738 316 1765 Armeniorum
331 1759 339 1770 ,
366 1739 529 1774 Scytharum
543 1761 550 1772 ,
569 1741 693 1766 ludorum
708 1761 716 1772 ,
733 1736 891 1774 (EtiIIOpUHI
903 1761 912 1773 ,

129 1785 232 1819 ipsimet
247 1786 487 1819 pratdicationibus
503 1788 559 1813 suis
573 1787 749 1813 instituerunt
766 1795 772 1814 :
790 1788 860 1814 adeo
873 1792 911 1819 ut,

128 1833 355 1865 quemadmodum
382 1832 521 1866 subjuugit
546 1832 676 1859 Eusebius
691 1851 700 1864 ,
721 1832 786 1865 ipsis
812 1840 912 1866 quoque

129 1877 289 1904 Britannicis
307 1878 414 1910 insulis,
434 1877 566 1904 Oceanum
582 1879 743 1912 prteterrecti
757 1899 764 1911 ,
784 1880 846 1913 ﬁdei
869 1879 912 1905 tu-

130 1932 183 1950 tam
196 1923 349 1950 intulerint.
372 1924 444 1950 Sane
462 1924 676 1957 nemiucnrpnta
694 1928 747 1949 tant
768 1924 911 1958 iusipiduut

128 1969 173 2003 qui
197 1970 247 1996 sibi
263 1970 449 2004 persuadeat,
465 1972 498 1996 tle
513 1970 605 1996 divisis
626 1975 682 1996 toto
695 1970 761 1996 orbe
776 1969 912 1996 Britannis

129 2014 256 2041 sollicitos
270 2014 408 2048 apostolos
422 2033 430 2046 ,
446 2013 656 2047 negligat-tiores
671 2014 755 2040 fuisse
771 2014 796 2040 iu
813 2013 912 2041 Galliis

129 2068 173 2094 per
188 2068 255 2094 quas
275 2061 328 2087 iter
343 2064 385 2086 est
412 2061 445 2086 ad
462 2059 630 2092 Britannias,
645 2068 693 2094 per
706 2068 735 2087 se
750 2067 796 2086 aut
813 2069 860 2095 per
875 2061 912 2086 lca

130 2112 202 2138 gates
216 2106 336 2133 veritate
352 2100 514 2132 imlmentﬁs.
535 2105 611 2137 Quod
632 2106 740 2140 egregie
754 2105 789 2131 illi
807 2107 912 2140 pra-sti-

130 2155 216 2178 teruut
239 2159 290 2186 per
312 2150 464 2185 Philippum
481 2170 489 2182 ,
505 2159 588 2177 unum
611 2159 643 2178 ex
668 2159 761 2178 eorum
780 2153 911 2187 collegio,

129 2194 237 2231 Lucam,
249 2197 428 2225 Crescentem
440 2216 448 2228 ,
463 2196 658 2230 Tltrophitnum
672 2217 680 2230 ,
699 2197 823 2230 Paulum,
842 2197 913 2225 Mar-

974 270 1008 298 Et
1022 279 1102 306 neque
1118 273 1159 298 Ita'
1172 280 1231 307 qua
1247 272 1274 299 in
1288 271 1431 300 Germania
1453 275 1572 308 (undam:
1586 281 1646 302 sunt
1669 276 1758 304 Eccle-

972 317 1035 350 Iia‘,
1053 317 1131 344 aliter
1149 318 1279 349 credunt,
1299 324 1344 344 aut
1360 318 1439 345 aliter
1459 321 1567 346 tradunt
1585 328 1594 347 :
1616 329 1696 356 neque
1714 321 1755 349 Ιιιιε

971 371 1031 398 qua:
1047 364 1073 389 in
1089 363 1173 390 lberis
1185 369 1245 390 sunt
1259 384 1268 396 ,
1292 372 1374 398 neque
1386 365 1427 391 Ιιιε
1444 374 1501 400 qua:
1513 366 1538 392 in
1555 366 1648 400 Celtis,
1675 376 1757 402 neque

971 407 1012 434 Im:
1023 417 1081 442 qua'
1095 409 1121 435 in
1143 408 1259 442 Oriente,
1270 418 1351 444 neque
1363 410 1406 436 lue
1421 419 1480 442 quia
1491 412 1518 438 in
1531 411 1658 447 ngypto,
1675 421 1757 448 neque

971 453 1012 480 Ittc
1024 462 1084 487 quia
1100 456 1126 481 in
1146 453 1247 489 Libya,
1274 463 1355 489 neque
1376 456 1418 482 Ine
1435 465 1495 491 quin
1516 457 1543 483 in
1563 459 1646 484 medio
1664 459 1756 486 mundi

971 505 1032 526 sunt
1047 501 1207 529 constituta.
1223 501 1275 528 Sed
1294 502 1363 529 sicut
1382 502 1423 529 sol
1443 508 1565 529 arentum
1584 503 1633 530 Dei
1650 505 1677 530 in
1699 506 1757 532 uni-

970 553 1043 572 versa
1060 548 1156 572 mundo
1169 555 1235 573 unus
1249 553 1271 573 et
1291 548 1358 574 idem
1384 553 1432 579 est,
1450 549 1488 575 sic
1508 554 1532 575 et
1548 550 1636 576 lttmett
1651 555 1675 576 et
1689 559 1757 584 prcr-

968 593 1069 619 dicatio
1083 593 1201 619 veritatis
1210 593 1303 628 ubique
1318 594 1397 625 lucet,
1410 600 1434 621 et
1451 595 1585 622 illuminat
1606 603 1694 622 omnes
1708 597 1756 622 Ito—

969 640 1052 666 mines
1064 640 1108 672 qui
1120 640 1208 667 volunt
1221 641 1256 666 ad
1271 641 1446 675 cognitionem
1463 641 1580 668 veritati:
1593 645 1690 669 venirt.
1708 642 1754 669 Illa

970 690 1152 719 tempestate,
1178 686 1333 713 Germania:
1359 687 1466 721 quidem
1491 691 1518 714 et
1545 687 1670 722 Hispanis
1692 696 1756 715 suas

969 729 1104 757 Ecclesias
1122 731 1205 757 nostri
1222 730 1372 758 liberaliter
1398 732 1501 766 absque
1516 732 1568 760 ulla
1583 734 1756 761 restrictione

968 775 1127 808 concedent,
1143 777 1189 803 sed
1205 777 1425 812 digladiabuntnr
1446 779 1478 805 de
1494 778 1577 806 Celtis
1592 785 1686 806 contra
1701 780 1756 807 Ire-

968 829 1054 848 nteutn
1074 832 1080 849 ε
1096 823 1141 856 qui
1159 822 1323 858 generaliter
1336 831 1397 850 cum
1415 824 1451 850 sit
1474 823 1580 851 locutus
1603 825 1634 852 de
1650 825 1732 852 Celtis
1746 846 1754 858 ,

967 867 1026 902 ejus
1041 869 1203 896 sententiam
1219 869 1252 896 ad
1269 870 1548 908 specialetn'tractum
1567 869 1697 905 Lugduno
1714 872 1756 899 vi-

967 915 1056 941 cimtm
1071 915 1202 942 invidiose
1214 917 1388 943 coercebunt.
1406 916 1483 943 Absit
1497 916 1567 943 livor
1588 917 1638 944 iste
1653 926 1667 944 ιι
1688 917 1753 945 Gal—

967 959 1053 986 lorum
1070 961 1224 994 pectoribus
1237 981 1245 993 ,
1268 969 1354 996 neque
1367 963 1455 996 gentis
1469 962 1564 989 honori
1580 971 1677 990 manus
1695 972 1753 991 vro-

967 1004 1053 1033 lentas
1069 1005 1200 1039 inferant,
1218 1008 1262 1034 cui
1286 1009 1370 1035 exteri
1389 1015 1522 1042 parcunt,
1542 1017 1624 1043 seque
1640 1010 1752 1037 utultum

966 1052 1105 1080 venditant
1122 1061 1155 1080 eo
1170 1054 1279 1081 nomine
1293 1075 1301 1087 ,
1319 1055 1389 1088 quod
1406 1056 1480 1089 paria
1497 1056 1635 1082 nobiscum
1654 1055 1754 1082 l'acian‘

966 1101 992 1127 in
1018 1100 1078 1128 lidei
1096 1105 1230 1135 suscepta:
1247 1100 1342 1128 initiis.
1361 1100 1432 1127 Sane
1449 1108 1502 1134 quo
1522 1101 1547 1127 iu
1565 1107 1637 1128 statu
1658 1105 1732 1128 esset

966 1147 1056 1173 lrenmi
1071 1151 1151 1173 :etale
1165 1166 1171 1178 ,
1187 1145 1253 1172 ﬁdes
1267 1146 1422 1173 Christiana
1442 1147 1512 1180 apud
1529 1146 1621 1174 Gallos
1633 1167 1640 1179 ,
1658 1147 1702 1174 ille
1716 1147 1754 1174 fa-

963 1192 1014 1217 cite
1029 1191 1154 1223 conjiciet
1167 1212 1174 1223 ,
1187 1192 1233 1226 qui
1250 1191 1446 1220 Tertulliat‘tum
1464 1193 1575 1227 triginta
1592 1198 1652 1228 post
1672 1196 1752 1222 annis

964 1237 1140 1264 disserentem
1165 1238 1324 1271 cxpemlerit
1349 1239 1382 1265 de
1408 1246 1516 1273 recepto
1533 1239 1679 1274 Evangelia
1704 1249 1753 1275 per

965 1289 1058 1308 ornues
1073 1282 1194 1309 Orientis
1212 1288 1334 1316 tractus;
1355 1284 1454 1318 quibus
1469 1292 1528 1311 mox
1553 1285 1752 1320 subjuugnntur

966 1326 1000 1353 ab
1013 1332 1131 1358 auctore,
1148 1326 1313 1354 thulorum
1334 1329 1484 1360 varietates,
1505 1329 1660 1357 Maurarum
1681 1334 1753 1359 mul-

965 1373 984 1399 ti
994 1372 1058 1405 ﬁne:
1070 1392 1077 1405 ,
1101 1373 1295 1406 Hispaniarum
1313 1383 1402 1401 antae:
1420 1376 1545 1406 termini.
1562 1382 1586 1402 et
1603 1376 1751 1404 Galliarum

965 1419 1074 1445 diversa:
1092 1419 1219 1448 nationes,
1232 1424 1255 1445 et
1269 1419 1459 1446 Britannorum
1476 1421 1609 1449 inaccessa
1627 1422 1751 1450 Romani:

964 1464 1033 1496 loco,
1048 1463 1155 1492 Christo
1172 1474 1229 1492 t'ero
1244 1465 1351 1492 subdita
1369 1473 1378 1491 .'
1395 1471 1418 1492 et
1433 1465 1636 1499 Sarmatarum,
1656 1474 1679 1494 et
1694 1469 1751 1495 Da-

964 1519 1065 1542 torum,
1079 1517 1101 1537 et
1116 1510 1319 1543 (.‘ermanornm,
1331 1516 1354 1537 et
1366 1510 1536 1545 Scytharum,
1553 1517 1576 1538 et
1597 1513 1749 1541 abditarum

966 1557 1109 1584 multorum
1135 1557 1252 1592 gentium
1282 1562 1305 1583 et
1332 1558 1526 1590 provinciarum
1553 1564 1577 1585 at
1603 1559 1750 1587 ittsnlarum

967 1603 1111 1630 multarum
1134 1603 1207 1630 nobis
1229 1604 1377 1637 ignotarum
1392 1624 1399 1636 ,
1421 1608 1445 1630 et
1460 1612 1518 1639 quae
1531 1613 1682 1632 enumerare
1700 1614 1750 1633 non

967 1658 1115 1684 possumus.
1133 1649 1184 1677 Per
1201 1649 1347 1676 Galliarum
1374 1651 1496 1677 diversas
1517 1651 1642 1678 nationes
1656 1671 1663 1682 .
1682 1650 1749 1678 Ter-

968 1696 1094 1723 tulliauus
1110 1700 1224 1730 quatuor
1240 1694 1388 1722 Galliarum
1403 1696 1557 1730 provincias
1570 1705 1601 1724 ex
1618 1697 1751 1724 divisione

966 1741 1076 1776 Augusti
1091 1760 1098 1773 ,
1119 1740 1320 1767 Narbonensem
1335 1759 1343 1772 ,
1359 1740 1565 1775 Lugdunensem
1578 1761 1586 1773 ,
1605 1741 1749 1777 Belgicam.

966 1793 994 1813 et
1010 1786 1198 1820 Aquitanicatn
1224 1785 1366 1820 intelligit:
1386 1793 1418 1812 ex
1443 1786 1543 1820 quibus
1567 1794 1664 1820 corpus
1687 1786 1751 1814 Gal-

965 1833 1063 1859 liarum
1078 1838 1142 1859 tunc
1161 1831 1308 1859 conﬂatum
1329 1837 1398 1863 erat,
1416 1832 1486 1865 quod
1501 1837 1594 1866 postea
1612 1833 1639 1860 in
1657 1834 1749 1860 decent

964 1883 993 1904 ct
1011 1882 1113 1912 septem
1129 1877 1282 1911 provincias
1296 1877 1466 1904 distributum
1482 1878 1542 1906 fuit.

1001 1923 1090 1956 Quare
1108 1931 1168 1950 cum
1183 1924 1346 1951 testimoniis
1369 1924 1561 1952 vetustissimis
1575 1932 1607 1952 ac
1625 1924 1749 1953 ﬁrmissi-

965 1969 1015 1995 mis
1028 1969 1129 1996 nitatur
1143 1969 1284 1996 exordium
1304 1969 1457 2003 praedicata:
1473 1969 1533 1996 tidei
1557 1970 1583 1996 in
1608 1969 1701 1997 Galliis
1715 1978 1748 1997 ex

964 2015 1147 2048 apostolorum
1164 2015 1332 2050 delegatione
1344 2035 1352 2048 ,
1375 2020 1402 2042 et
1415 2020 1547 2048 susceptae
1561 2023 1575 2041 a
1590 2015 1672 2042 Celtis
1685 2037 1692 2049 ,
1721 2021 1750 2044 ιιι

964 2059 1087 2094 loquitur
1101 2059 1229 2090 lreuants,
1245 2067 1292 2086 seu
1307 2066 1321 2086 a
1340 2059 1454 2086 diversis
1472 2059 1625 2086 nationibus
1647 2059 1749 2087 Gallia-

964 2113 1024 2132 rum
1038 2125 1046 2138 ,
1071 2110 1100 2132 ut
1114 2105 1153 2131 ait
1168 2104 1351 2132 Tertullianus
1368 2113 1375 2131 :
1391 2105 1532 2139 mgerrime
1548 2104 1606 2131 iero
1619 2112 1748 2139 quorum-

963 2152 1025 2178 dam
1052 2151 1079 2178 in
1105 2158 1180 2178 suatn
1197 2150 1311 2185 patriam
1335 2151 1532 2183 acerbitatem,
1556 2150 1601 2184 qui
1628 2151 1749 2185 origines

963 2198 1084 2225 omnium
1101 2197 1284 2224 Ecclesiarum
1304 2197 1514 2229 Gallicanarum,
1531 2202 1631 2231 praeter
1644 2197 1750 2230 Lugdu-

131 2242 228 2274 tialcm,
243 2243 368 2276 aliosque
380 2243 406 2269 in
421 2241 520 2270 tabulis
531 2242 724 2269 ecclesiasticis
745 2244 909 2276 adnotatas;
928 2261 950 2288 ο
966 2250 1076 2271 nensetn
1098 2249 1125 2270 et
1141 2244 1207 2270 alias
1224 2251 1325 2278 paucas
1336 2263 1345 2276 ,
1368 2243 1402 2269 ad
1420 2243 1538 2270 medium
1564 2243 1635 2270 tertii
1658 2243 1749 2270 surculi

131 2293 156 2314 et
181 2289 294 2323 perfecit
308 2289 435 2315 Ueniens
451 2295 498 2322 per
514 2287 670 2323 Dionysium
685 2308 694 2320 ,
713 2289 889 2316 Saturninum
903 2310 911 2322 ,

132 2334 284 2370 Eutropium
312 2334 508 2362 Santoneusem
522 2356 530 2368 ,
547 2335 673 2362 Ursinum
702 2334 911 2369 Bitmiceuscni,

132 2386 158 2408 et
171 2381 246 2409 alios.

165 2427 253 2462 Neque
264 2435 331 2455 sane
346 2426 508 2462 infrugilera
526 2427 576 2453 fuit
591 2426 721 2461 Philippi,
735 2426 827 2457 Lucae,
848 2426 912 2454 Cre-

134 2474 227 2500 scentis
240 2479 266 2500 et
288 2473 457 2506 reliquorum
474 2491 481 2502 ,
496 2480 576 2506 quam
603 2472 629 2498 in
644 2471 738 2499 Galliis
756 2476 914 2505 sparserant

135 2518 288 2546 Christiana:
303 2519 367 2546 ﬁdei
384 2519 516 2546 sententis
529 2539 535 2549 ,
551 2518 596 2545 Dei
616 2518 771 2551 clementia,
789 2518 834 2553 qui
849 2517 913 2544 rcli«

135 2571 196 2598 quas
218 2566 292 2593 orbis
315 2566 445 2600 regiones
467 2565 596 2596 fovebat,
622 2563 724 2591 Gallias
749 2572 802 2590 non
831 2563 916 2590 desti-

137 2615 229 2638 tueute.
244 2611 321 2638 Dicet
335 2618 384 2645 pro
401 2611 480 2637 uobis
498 2611 616 2637 Irenzetts
631 2630 638 2642 ,
654 2610 699 2644 qtti
717 2610 827 2636 circiter
843 2616 914 2636 anno

137 2656 184 2684 190
199 2659 314 2693 scripsit.
332 2659 358 2684 in
372 2658 419 2686 lib.
436 2665 456 2689 ι,
473 2665 534 2692 cap.
551 2658 579 2690 ὃ,
595 2665 691 2685 veram
709 2657 788 2684 fidem
804 2657 913 2691 probari

135 2709 165 2729 ex
187 2703 305 2738 ejusdem
328 2704 462 2731 doctrina:
487 2704 678 2739 profeSsione,
701 2711 762 2737 qua:
786 2703 813 2728 in
828 2703 914 2730 variis

137 2744 256 2776 Ecclesiis
275 2757 321 2784 per
339 2750 496 2776 universum
514 2750 608 2775 orbem
617 2748 773 2775 constitutis
787 2753 915 2774 constan-

138 2796 175 2819 ter
187 2796 310 2827 traditur,
327 2800 383 2822 tum
402 2795 429 2822 in
447 2795 572 2826 Oriente,
596 2795 622 2821 iu
641 2793 758 2829 IEgypm
773 2799 800 2820 et
812 2793 913 2828 Libya;

139 2842 187 2864 tum
202 2841 226 2866 in
243 2841 399 2872 Germania,
415 2842 485 2876 apud
507 2841 651 2875 Hispanos,
668 2846 695 2868 ct
716 2839 817 2872 Gallos,
834 2846 915 2873 atque

139 2884 205 2912 alibi.
220 2885 287 2914 Nam
303 2893 325 2915 ct
340 2890 374 2922 si,
393 2888 490 2921 inquit,
509 2887 536 2913 in
553 2887 649 2913 mundo
672 2885 782 2921 laquelm
796 2885 915 2912 dissimi-

964 2288 1129 2321 detruduut;
1145 2287 1225 2315 allixo
1241 2295 1274 2314 ex
1289 2287 1422 2322 Gregorio
1434 2287 1584 2314 Turonensi
1598 2287 1676 2322 paulo
1686 2292 1749 2315 ante

964 2332 1037 2360 Decii
1053 2338 1079 2360 et
1091 2333 1167 2360 Grati
1183 2333 1366 2364 consulatum,
1381 2333 1406 2359 id
1418 2337 1460 2360 est
1474 2332 1553 2368 paulo
1567 2338 1631 2360 ante
1647 2340 1747 2359 annum

963 2379 1028 2411 250,
1043 2379 1122 2406 initio
1137 2385 1239 2413 septem
1259 2379 1396 2406 sociormn
1412 2379 1611 2412 episcoporum,
1625 2376 1747 2405 Gratiani

965 2423 1141 2457 Turonensis,
1156 2424 1293 2458 Trophitni
1310 2424 1483 2455 Arelatensis,
1499 2423 1574 2450 Pauli
1591 2423 1748 2450 Narbonen-

964 2472 1002 2499 sis
1015 2491 1023 2504 ,
1039 2471 1169 2498 Martialis
1184 2470 1384 2498 Lemovicensis
1397 2491 1405 2504 ,
1428 2470 1547 2504 Dionysii
1564 2469 1725 2495 Parisiensis
1738 2489 1746 2501 ,

965 2518 1106 2545 Saturnini
1129 2517 1254 2544 Tolosani
1268 2538 1276 2551 ,
1291 2522 1318 2544 et
1336 2517 1482 2544 Stremonii
1496 2515 1689 2547 Arveruensis,
1702 2515 1746 2549 qui

965 2563 1045 2598 primi
1066 2564 1091 2590 itt
1110 2563 1169 2590 illas
1194 2563 1340 2590 Galliarum
1368 2567 1462 2597 partes
1489 2561 1578 2587 lumen
1608 2560 1746 2595 Evangelii

965 2609 1124 2643 intulerunt,
1141 2614 1169 2637 et
1186 2610 1213 2637 in
1229 2608 1358 2636 Ecclesiis
1372 2616 1387 2635 a
1402 2615 1431 2635 se
1444 2606 1598 2635 constitutis
1611 2605 1749 2634 stabilive-

965 2661 1038 2684 runt.

1000 2702 1070 2735 Quin
1084 2702 1163 2736 primi
1180 2701 1218 2728 illi
1234 2701 1316 2728 duces
1331 2699 1456 2735 prascipui
1474 2699 1574 2726 iuerint
1588 2697 1750 2726 Christiana!

966 2747 1145 2782 expeditionis
1161 2747 1309 2780 pr0vinciis
1327 2745 1495 2773 Narbonensi
1519 2750 1547 2771 et
1564 2744 1725 2778 Aquitanica
1741 2761 1749 2774 ,

965 2794 1030 2821 etin
1044 2793 1234 2820 remotioribus
1249 2792 1372 2826 partibus
1387 2792 1442 2826 Lug
1456 2790 1575 2817 luncnsis
1590 2789 1750 2824 provinciae,

966 2846 980 2865 a
1001 2838 1109 2864 nemine
1124 2837 1272 2868 dubitatur,
1285 2836 1517 2864 consentientibus
1534 2835 1688 2863 tabularum
1702 2841 1749 2861 ec-

967 2884 1179 2912 clesiasticarum
1204 2884 1405 2914 monumentis,
1429 2887 1454 2910 et
1478 2882 1644 2909 solemnibus
1665 2879 1751 2908 sacris
