1982 3159
242 143 277 170 55
892 137 993 170 PETRI
1011 141 1056 169 DE
1075 141 1193 169 MARCA
1825 140 1860 167 5‘5

240 209 302 236 quae
313 201 339 228 in
355 207 446 228 eorum
459 201 618 228 memoriam
632 206 722 229 annuo
735 202 799 236 ritu,
813 203 904 230 divino
918 203 1025 230 Numini
1040 205 1064 232 Α
1078 201 1151 228 latus
1164 202 1197 228 ab
1212 201 1365 228 Arelatensi
1381 200 1526 235 episcopo,
1544 195 1677 235 Simplicii
1698 199 1859 226 Viennensis

240 251 406 282 peraguntur
421 247 447 274 in
464 247 577 281 singulis
591 247 730 276 Ecclesiis.
748 248 854 275 Illarum
871 253 960 275 autem
972 256 1022 275 an-

241 293 321 327 tiquae
337 293 476 320 traditioni
488 314 494 325 .
509 293 585 320 Bcdae
599 314 606 327 ,
624 293 738 322 Usuardi
754 295 908 330 Adonisqne
923 295 1023 330 Marty-

241 339 352 373 rologiis
369 344 396 366 et
413 339 487 366 Actis
502 339 638 366 veteribus
654 339 728 367 futue
744 340 769 367 in
789 341 916 376 temporis
929 340 1021 367 consi-

240 384 389 418 gnatione,-
404 391 453 410 cur
478 384 600 418 derogari
622 385 736 418 debeat,
752 385 832 419 plane
847 392 899 412 non
921 385 1000 413 video
1012 405 1021 418 ,

239 430 389 465 praesertim
408 438 470 456 cum
485 430 545 457 aliis
558 438 663 465 quoque
687 431 853 466 argumentis
871 431 927 458 limc
951 431 1023 458 veri-

239 479 281 502 tas
296 475 439 502 innitatur.
458 474 586 503 Sumatur
599 476 704 503 initium
725 476 900 503 discussionis
919 484 933 503 a
955 477 1023 504 Tro-

242 521 336 555 phimo
349 542 356 552 ,
370 527 397 548 et
427 522 611 556 expenduntur
635 523 715 550 verba
744 523 825 550 libelli
839 523 872 550 ab
887 523 1022 558 episeopis

239 566 384 601 provincia:
405 566 566 595 Viennensis
579 568 659 595 Leoni
677 577 750 604 papa:
763 569 846 596 oblati
859 577 930 596 anno
945 569 997 596 450
1013 579 1020 597 :

240 612 368 640 Omnibus
386 612 530 640 Gallicanis
547 615 692 648 regionibus
710 621 799 642 notum
812 620 850 642 est
862 636 870 648 ,
887 616 1020 650 inquiunt,

241 658 287 684 sed
302 667 347 685 nec
362 656 537 686 sacrosancto:
559 660 684 687 Romamn
709 660 834 688 Erclesire
849 661 959 688 habetur
982 663 1023 689 in-

240 704 383 738 cognitum.
396 706 464 739 quod
477 705 562 739 prima
576 706 645 732 intra
662 706 764 733 Gallias
783 707 944 734 Arelatensis
956 708 1021 734 ciui-

239 754 280 776 tus
294 751 401 777 missum
413 759 429 777 η
446 751 598 778 beatissimo
612 751 690 779 Petro
700 753 815 787 apostolo
829 758 948 780 sanctum
960 753 1022 780 Tro-

239 795 356 829 p/tt'mttm
373 796 469 823 habere
484 798 579 824 meruit
592 799 752 825 sacerdotem
766 820 773 832 ,
796 804 821 826 et
841 801 935 828 exinde
960 801 1020 828 aliis

238 841 366 874 paulatim
390 842 538 876 regionibus
561 842 711 870 Galliarum
734 845 827 871 bonum
843 845 905 879 ﬁdei
919 850 943 872 et
957 846 1020 872 reli-

239 886 322 920 gionis
338 887 464 922 infusum.
480 888 565 921 Quem
581 888 727 924 Gregorius
747 891 862 925 ponebat
875 892 924 918 sub
941 892 1020 919 Decio

239 931 415 966 Trophimnm
430 953 437 966 ,
462 938 550 961 cintus
575 934 763 970 episcoporum
790 937 1018 972 provincialium,

238 978 336 1012 quibus
349 985 506 1014 perspectus
521 986 578 1007 erat
591 972 687 1008 census
699 981 879 1009 Ecclesiarum
897 989 1017 1015 suarum,

237 1023 338 1058 quique
361 1024 522 1059 Gregorium
547 1031 656 1053 centum
684 1032 711 1053 et
740 1028 935 1063 quinquaginta
963 1029 1020 1056 fere

237 1071 316 1097 annis
331 1070 546 1104 antecedebant,
566 1071 744 1107 Tropltimum
765 1081 779 1100 τι
803 1073 883 1101 Petro
907 1074 1018 1102 missum

238 1118 355 1148 docent,
370 1123 397 1144 et
415 1121 444 1144 ιιι
466 1125 522 1145 rem
549 1119 676 1146 omnibus
695 1121 941 1154 perspectissimam
959 1129 1021 1148 nar-

237 1169 299 1189 rant
312 1172 320 1196 ;
336 1163 546 1198 subjiciuntque,
560 1165 653 1192 exinde
661 1166 721 1192 aliis
730 1166 857 1200 paulatim
872 1168 1019 1202 regionibus

238 1207 406 1242 Galliarum,
421 1209 516 1236 bonum
534 1211 597 1244 fidei
615 1216 639 1237 et
663 1212 796 1247 religionis
815 1213 944 1247 infusum.
963 1214 1020 1242 lloc

238 1254 326 1288 ipsum
351 1255 487 1289 signiticat
509 1255 632 1284 Zosimus
656 1265 722 1292 papa
740 1258 818 1292 epist.
830 1258 847 1285 5
865 1268 871 1286 :
889 1260 929 1285 Ad
940 1268 1019 1294 quam

237 1299 430 1333 (Arelatensem
447 1301 553 1336 urbem)
568 1302 679 1335 primum
688 1311 720 1329 ex
731 1305 779 1330 hac
794 1304 853 1330 sede
864 1303 1019 1335 Tropliinius

235 1353 353 1371 summus
367 1347 491 1380 antistes,
515 1356 547 1374 ex
566 1349 641 1382 cujus
666 1349 825 1382 [onte'totw
848 1348 943 1377 Galliw
956 1351 1019 1385 ﬁdei

237 1390 335 1417 rivulos
352 1397 518 1426 acceperunt,
535 1394 649 1420 directus
664 1399 710 1420 est.
726 1394 810 1421 Porro
827 1396 885 1423 [nec
904 1397 1019 1430 cpistola

237 1434 336 1463 Zosimi
353 1437 423 1463 edita
436 1445 449 1462 a
463 1436 495 1466 V.
509 1437 538 1464 C.
551 1438 707 1470 Sirmondo,
718 1445 744 1466 et
760 1440 867 1468 laudata
884 1441 946 1468 olim
964 1447 1018 1469 tam

237 1483 264 1509 in
281 1482 396 1509 concilio
412 1482 660 1514 Francolordiensi,
677 1491 757 1518 quam
771 1485 852 1512 etiam
870 1487 903 1513 ab
920 1486 1020 1514 Usuar-

1073 247 1266 281 impudentiam
1280 247 1389 273 damnat
1404 246 1484 280 epist.
1503 246 1529 278 7,
1558 246 1666 280 quodin
1688 252 1720 271 eo
1742 245 1859 272 concilio

1073 291 1246 326 postulasset,
1262 296 1289 318 ut
1307 291 1356 318 sibi
1373 291 1549 318 creandorum
1579 291 1748 318 sacerdotum
1762 291 1787 316 in
1799 297 1861 323 pro-

1073 339 1160 365 vincia
1190 338 1335 365 Viennensi
1360 337 1561 372 permitteretur
1591 337 1732 364 arbitrium
1757 345 1763 362 :
1787 335 1859 370 quod

1073 384 1111 411 ait
1125 391 1184 411 esse
1198 389 1293 410 contra
1311 387 1413 410 statuta
1431 382 1553 415 Patrum,
1570 388 1597 410 et
1611 383 1697 411 sancti
1715 381 1857 416 Ti-Opltiini

1073 431 1253 457 reverentiam
1269 438 1276 456 :
1294 430 1470 464 decernitque
1484 449 1492 462 ,
1510 429 1587 464 juxta
1619 436 1713 464 preces
1738 428 1858 456 Patrocli

1072 475 1249 507 Arelatensis,
1267 479 1297 501 ιιι
1312 475 1369 509 ejus
1385 476 1504 502 civitatis
1521 475 1675 509 episcopus,
1689 474 1747 508 jam
1764 474 1824 501 inde
1841 483 1857 501 α

1074 521 1214 556 Trophimo
1229 521 1405 548 ordinationis
1419 522 1513 548 seriem
1534 521 1691 554 temporibus
1705 521 1858 547 roboratam

1073 568 1211 603 possideat
1225 588 1231 600 ,
1248 575 1301 594 non
1319 569 1404 595 solum
1425 568 1449 594 in
1465 567 1602 601 provincia
1621 567 1766 594 Viennensi
1782 587 1790 598 ,
1811 566 1858 593 sed

1073 614 1155 641 etiam
1177 613 1204 640 in
1229 618 1341 648 utraque
1362 612 1541 639 Narbonensi.
1568 612 1652 647 Cujus
1674 611 1858 646 prmrogatirm

1074 660 1204 686 rationem
1219 666 1327 693 quoque
1344 659 1432 686 reddit
1447 658 1528 692 epist.
1546 658 1572 691 8,
1595 658 1627 684 ad
1645 657 1774 684 llilarium
1791 657 1857 684 Nar--

1072 705 1217 732 bonensem
1232 715 1240 732 :
1257 705 1388 738 Quoniam
1413 704 1570 738 Tropliimus
1588 704 1708 730 sacerdos
1724 703 1857 738 quondam

1073 749 1221 776 Arelatensi
1235 750 1292 776 urbi
1307 753 1338 776 ab
1353 750 1498 783 apostolica
1516 749 1576 776 sede
1588 747 1758 775 transmissus
1772 748 1807 774 ad
1824 748 1858 774 il-

1073 796 1113 823 las
1139 798 1256 831 regiones
1294 797 1415 832 (scilicet
1439 801 1581 830 utramque
1604 795 1807 822 Narbonensem
1831 798 1858 820 et

1075 843 1275 878 Viennensem)
1291 844 1358 870 tanti
1373 842 1485 869 nominis
1500 843 1672 869 reuerentiam
1690 841 1790 875 primus
1811 848 1857 867 ca:-

1072 889 1168 922 liibuit,
1189 895 1212 916 et
1227 890 1254 916 in
1269 890 1335 915 alios
1351 896 1402 916 non
1424 890 1562 921 immerito,
1583 897 1612 915 ea
1630 896 1707 923 quam
1723 891 1856 921 acceperat

1073 936 1230 962 auctoritate
1250 936 1405 970 transfodit.
1427 936 1521 962 Totam
1533 942 1598 968 ergo
1610 934 1741 968 primatus
1753 937 1856 959 metro-

1072 982 1174 1017 politici
1194 990 1314 1014 causam,
1337 983 1366 1008 ὲν
1386 983 1418 1017 τῇ
1454 980 1657 1017 πρωτοκλησίᾳ,
1676 988 1722 1006 seu
1741 980 1766 1006 in
1787 980 1859 1014 prio-

1074 1035 1103 1055 re
1120 1029 1261 1056 vocatione
1275 1029 1308 1055 ad
1325 1028 1415 1056 tidem.
1430 1033 1457 1054 et
1477 1029 1502 1054 in
1521 1028 1670 1054 vetustiore
1685 1027 1855 1061 episcopatus

1073 1074 1242 1102 institutione
1259 1073 1329 1108 apud
1343 1072 1480 1099 Arelatem
1499 1079 1514 1099 a
1535 1072 1681 1106 Trophimo
1697 1071 1766 1098 facta
1779 1091 1786 1103 ,
1800 1070 1854 1096 Ζυ-

1072 1121 1157 1147 simus
1174 1119 1275 1146 diserte
1301 1118 1452 1145 constituit.
1476 1118 1608 1145 Cmterum
1624 1137 1633 1149 ,
1649 1117 1775 1152 quoniam
1798 1116 1856 1143 hinc

1072 1165 1172 1193 Zosimi
1191 1165 1321 1199 rescripta
1345 1164 1537 1191 consuetudine
1553 1163 1661 1198 quidem
1679 1167 1784 1189 vetusta
1798 1182 1806 1194 ,
1826 1168 1855 1188 nt

1072 1212 1130 1246 ipse
1148 1211 1204 1244 ait,
1221 1218 1254 1237 ex
1278 1210 1408 1237 relatione
1425 1209 1540 1236 Patrocli
1558 1210 1724 1240 nitebantur,
1749 1209 1794 1235 sed
1813 1207 1855 1234 di-

1072 1257 1211 1291 sciplinam
1236 1256 1362 1283 Ecclesiae
1391 1255 1550 1283 universalis
1574 1263 1588 1281 a
1617 1255 1721 1290 synodo
1746 1253 1856 1280 Nitiena

1072 1303 1208 1329 decretam
1235 1301 1442 1332 convellebant,
1468 1307 1528 1335 qua
1553 1300 1673 1335 singulas
1700 1299 1856 1334 provincias

1077 1348 1133 1375 suis
1146 1348 1320 1374 commiserat
1338 1347 1553 1381 tnetropolitanis
1566 1366 1574 1378 ,
1591 1353 1642 1373 non
1662 1351 1750 1372 autem
1765 1345 1856 1380 plures

1073 1393 1224 1429 provincias
1245 1393 1308 1425 uni;
1335 1393 1398 1420 hinc
1421 1392 1542 1424 factum,
1564 1397 1593 1418 ut
1618 1391 1772 1418 Bonifacius
1786 1398 1856 1425 papa

1073 1448 1126 1467 non
1143 1440 1317 1474 exprobrarit
1332 1439 1438 1473 quidem
1451 1437 1576 1465 Patroclo
1591 1437 1740 1464 Arelatensi
1757 1443 1856 1464 metro-

1073 1485 1188 1520 politicaa
1209 1485 1350 1520 potestatis
1371 1485 1596 1519 usurpationem,
1616 1484 1663 1511 sed
1680 1485 1769 1519 potius
1786 1485 1857 1511 inte-

237 1528 272 1554 tlo
286 1533 313 1555 et
331 1529 424 1554 Adone
438 1549 445 1561 ,
471 1537 531 1555 cum
546 1529 646 1563 scripta
668 1530 705 1557 sit
729 1539 800 1558 attito
815 1531 881 1565 “7,
896 1532 1018 1568 Gregorii
1035 1552 1055 1580 ο
1072 1541 1147 1568 gram
1166 1532 1203 1559 illi
1224 1532 1376 1565 relinquetis
1393 1533 1418 1558 itt
1443 1531 1579 1567 provincia
1596 1531 1742 1558 Viennensi
1757 1551 1765 1564 ,
1783 1532 1856 1559 illius

239 1572 402 1600 Turonensis
417 1575 570 1602 testimonio
585 1576 672 1610 potior
686 1584 745 1603 esse
760 1577 838 1604 debet
854 1578 879 1604 in
895 1580 1018 1613 ponenda

237 1618 377 1653 Trophimi
397 1620 498 1654 epoclta
511 1641 518 1653 ,
543 1629 622 1655 quam
638 1616 815 1650 disertissime
830 1625 948 1659 synodus
962 1626 1018 1660 epi-

236 1673 378 1700 scoporum
398 1667 606 1700 provincialium
627 1668 710 1695 relert
732 1670 765 1697 ad
788 1669 896 1698 Petrum
910 1677 1020 1706 aposto-

238 1712 308 1744 lum;
332 1721 346 1738 ιι
361 1713 461 1747 quibus
486 1721 538 1740 non
564 1714 676 1741 discedit
692 1715 833 1748 lusimus,
848 1725 908 1744 cum
924 1719 1019 1746 doceat

236 1758 351 1791 pritnutn
378 1759 403 1784 in
421 1758 515 1786 Galliis
536 1758 712 1794 Trophimum
737 1761 820 1788 fuisse
842 1763 1017 1791 constitutum

235 1803 399 1838 episcopum.
430 1804 525 1832 Libelli
554 1805 684 1840 supplicis
711 1807 744 1834 ad
769 1815 798 1835 sc
824 1809 857 1835 ab
883 1810 1018 1844 episcopis

235 1849 311 1875 missi
333 1851 464 1877 rationem
482 1850 575 1878 [tabuit
591 1851 645 1878 Leo
665 1853 785 1886 pontifex
802 1855 932 1889 rescripto
948 1857 1017 1890 quod

235 1894 269 1920 ad
292 1902 340 1922 eos
363 1897 454 1922 statim
483 1897 578 1930 dedit,
604 1905 657 1932 quo
673 1903 790 1925 veterem
810 1899 975 1927 Arelatensis
991 1906 1018 1928 ct

235 1939 399 1969 Viennensis
414 1942 539 1970 Ecclesiae
556 1944 588 1970 tle
602 1945 799 1979 metropolitica
813 1946 942 1980 dignitate
957 1955 1018 1974 cott-

236 1987 382 2014 tentionem
395 2007 402 2019 ,
419 1988 582 2016 Viennensis
596 1990 743 2023 provincia:
753 1991 886 2018 divisione
911 1999 1017 2026 compo-

236 2032 286 2058 nit.
303 2031 417 2060 Nccesse
433 2037 473 2060 cst
486 2035 677 2062 controversia:
693 2036 765 2063 illius
777 2042 876 2064 statum
892 2044 1016 2072 compen-

236 2077 281 2104 dio
302 2078 503 2113 perstringere:
522 2084 550 2106 ut
575 2081 620 2114 qui
646 2082 748 2108 suborti
774 2088 836 2109 sunt
857 2091 889 2110 ex
915 2091 946 2110 c0
964 2092 1016 2111 tton

235 2129 301 2148 sane
315 2128 444 2157 percepto
464 2123 490 2150 in
507 2125 672 2152 eruditorum
692 2127 789 2154 animis
804 2128 932 2162 scrupuli,
946 2129 1016 2162 quod

234 2168 267 2193 ad
280 2167 420 2201 Trophimi
433 2170 624 2204 antiquitatem
639 2176 754 2206 spectat,
772 2173 876 2201 facilius
894 2175 1017 2202 eximan-

1075 1585 1164 1606 tamen
1181 1579 1360 1605 temeritatem
1378 1578 1544 1605 dantuaveril
1559 1578 1670 1612 epistola
1683 1579 1744 1604 data
1762 1579 1795 1604 ad
1811 1577 1857 1604 lli-

1073 1625 1169 1652 larium
1186 1624 1387 1652 Narbonensem
1403 1632 1475 1651 anno
1488 1624 1550 1656 422,
1565 1627 1635 1658 quod
1648 1624 1750 1651 scilzcet
1764 1624 1790 1651 in
1803 1624 1858 1651 Lu-

1074 1670 1179 1698 tubensi
1195 1669 1314 1697 Ecclesia
1330 1670 1529 1697 ordinationem
1547 1669 1665 1704 episcopi
1691 1669 1856 1697 celebrasset

1073 1717 1099 1742 in
1117 1716 1202 1742 aliena
1216 1715 1349 1749 provincia
1363 1735 1371 1748 ,
1385 1714 1492 1750 inquit',
1506 1715 1608 1742 scilicet
1624 1715 1650 1741 in
1664 1715 1832 1742 Narbonensi
1847 1735 1855 1748 ,

1072 1770 1133 1795 quae
1157 1769 1171 1788 a
1189 1761 1334 1788 Viennensi
1359 1766 1418 1788 erat
1442 1761 1580 1788 distincta.
1607 1760 1674 1787 lllud
1700 1766 1790 1787 autern
1816 1762 1857 1787 fa-

1072 1813 1144 1834 ctum
1176 1808 1313 1842 pertendit
1339 1811 1432 1834 contra
1458 1807 1552 1841 synodi
1578 1805 1696 1833 Nicaeum
1719 1807 1855 1834 constitu-

1073 1854 1172 1880 tionem
1187 1873 1195 1887 ,
1209 1861 1289 1888 quam
1304 1853 1435 1880 describit
1448 1860 1455 1885 ;
1475 1854 1684 1886 'commonetque
1702 1852 1831 1880 Hilarium
1846 1873 1854 1885 ,

1072 1906 1102 1928 ut
1121 1901 1390 1936 tnetropoliticojure
1414 1900 1544 1932 munitus,
1575 1905 1602 1927 et
1628 1901 1855 1934 praeceptionibus

1071 1947 1127 1974 suis
1145 1947 1240 1979 fretus,
1253 1955 1312 1981 qua:
1327 1946 1449 1974 facienda
1468 1951 1531 1973 sunt
1552 1946 1578 1972 in
1594 1945 1742 1973 L‘titubensi
1759 1945 1855 1972 Ecclce

1071 1994 1110 2021 sia
1127 1997 1245 2028 pra-stet.
1268 1992 1359 2019 Noluit
1388 1992 1507 2019 Hilarius
1531 1992 1714 2023 Arelatensis,
1738 1991 1854 2018 l‘atrocli

1071 2047 1224 2070 successor,
1247 2037 1329 2065 l'nltus
1346 2042 1371 2064 et
1383 2036 1583 2079 Zosimipriori
1599 2036 1731 2070 rescripto
1746 2041 1773 2063 et
1789 2043 1856 2063 con-

1071 2085 1212 2112 suetudine
1227 2089 1342 2114 vetusta,
1353 2083 1568 2118 parere'decrcto
1579 2081 1721 2113 Bonil'ucii,
1739 2083 1854 2109 restrin-

1070 2130 1157 2164 gentis
1174 2129 1242 2156 intra
1258 2128 1436 2155 Viennensem
1448 2127 1614 2161 provinciam
1624 2128 1792 2155 Arelatensis
1801 2128 1843 2161 epi

1070 2176 1143 2210 scopi
1161 2179 1332 2210 potestatem.
1347 2174 1432 2207 Quam
1448 2173 1483 2200 ob
1502 2181 1571 2204 rem,
1591 2177 1618 2199 et
1636 2179 1747 2207 propter
1763 2173 1855 2200 Cheli-

236 2218 288 2240 tnr.
303 2214 404 2241 Vienna
420 2216 519 2244 civitas
533 2219 690 2253 metropolis
708 2225 767 2247 erat
782 2222 927 2254 provincia:
938 2223 1016 2249 Vien-
1033 2230 1055 2256 υ
1070 2220 1141 2247 donii
1159 2227 1280 2250 causam,
1297 2219 1419 2252 aliasque
1432 2219 1607 2252 gravissimas
1623 2218 1754 2251 rationes,
1769 2218 1854 2245 iratus

234 2260 326 2286 nensis
342 2261 367 2287 in
396 2261 525 2290 laterculo
543 2263 658 2298 imperii.
685 2264 772 2297 Illnle,
792 2266 870 2300 juxta
898 2275 1017 2296 canones

233 2305 377 2340 Nicmnos,
395 2307 440 2343 jus
467 2310 695 2344 tnetropoliticum
724 2312 756 2338 ad
783 2320 812 2340 se
837 2314 970 2347 pertinere
990 2316 1016 2342 in

233 2352 329 2379 ordine
344 2353 531 2381 ecclesiastico
556 2357 734 2383 contenderat
750 2357 815 2384 olint
842 2359 997 2394 Simplicius
1010 2380 1017 2393 ,

234 2399 355 2427 civitatis
371 2399 442 2427 illius
456 2401 600 2436 episcopus
622 2402 753 2429 adversus
767 2403 954 2431 Arelatensem
969 2426 976 2437 ,
991 2405 1017 2432 in

233 2447 352 2473 concilio
369 2446 544 2480 Tuurinensi,
561 2455 630 2474 anno
645 2447 708 2475 597.
723 2449 780 2481 Qua
799 2449 825 2476 in
842 2449 888 2477 lite
905 2451 1016 2478 interlo-

234 2492 290 2518 cuti
309 2497 372 2519 sunt
386 2492 491 2524 Patres.
507 2501 566 2520 eam
580 2494 715 2520 civitatem
731 2494 783 2521 frui
801 2494 899 2523 debere
915 2497 1017 2524 honore

235 2533 365 2567 primatus
377 2556 385 2568 ,
399 2544 458 2571 quae
474 2538 584 2564 doceret
598 2544 628 2564 se
642 2545 702 2565 esse
718 2540 864 2573 provincia:
881 2548 1017 2577 metropo-

235 2579 297 2612 lim;
309 2581 371 2608 dato
388 2582 495 2610 interim
511 2583 543 2610 ad
554 2583 697 2611 fovendam
716 2586 889 2613 concordiam
906 2588 1015 2622 episco-

234 2625 277 2658 pis
292 2627 416 2659 consilio,
433 2634 461 2655 ut
479 2630 595 2664 quisque
612 2630 759 2657 viciniores
774 2632 824 2658 sibi
842 2633 968 2660 civitates
982 2633 1016 2660 ad

235 2677 311 2696 suam
324 2678 415 2698 curam
436 2679 586 2701 revocaret.
612 2674 724 2701 Pessum
745 2675 807 2702 data
831 2681 890 2702 erat
905 2676 956 2703 hac
973 2677 1016 2703 in-

236 2714 411 2743 terlocutione
427 2719 595 2746 Arelatensis
614 2721 742 2748 Ecclesia
762 2722 880 2755 dignitas
892 2741 901 2754 ,
917 2729 976 2756 qua:
989 2723 1015 2749 in

234 2760 330 2787 ordine
359 2763 448 2790 civilis
478 2765 664 2799 dispositionis
689 2775 703 2793 a
738 2767 879 2801 metropoli
906 2767 1016 2793 civitate

236 2804 378 2834 Viennensi
395 2810 496 2843 absque
510 2812 592 2839 dubio
616 2813 762 2846 pendebat.
787 2813 877 2846 Quare
890 2812 1015 2840 Zosimus

235 2851 327 2886 viginti
342 2859 400 2887 post
425 2857 557 2890 synodum
576 2858 773 2886 ’l‘aurincnsem
792 2859 870 2886 annis
887 2859 1015 2894 interpel-

1069 2265 1172 2293 llilario
1185 2266 1238 2293 Leo
1256 2265 1308 2292 PP.
1320 2264 1392 2300 quod
1409 2265 1499 2291 minus
1513 2264 1603 2291 colere
1617 2263 1785 2298 majestatem
1801 2264 1840 2290 Ro
1852 2282 1855 2284 -

1068 2321 1155 2340 mana:
1171 2313 1243 2340 sedis
1254 2312 1404 2343 videretur,
1423 2310 1520 2338 acerbe
1542 2311 1569 2338 in
1595 2318 1656 2338 cum
1676 2312 1811 2339 inveltitur
1826 2312 1853 2339 in

1068 2359 1181 2394 epistola
1197 2360 1230 2385 ad
1245 2359 1384 2393 episcopos
1395 2357 1559 2384 Viennensis
1576 2358 1724 2392 provincia:
1753 2359 1853 2392 scripta

1069 2415 1142 2433 anno
1155 2405 1218 2432 445.
1241 2405 1313 2431 Inter
1330 2408 1427 2430 caetera
1454 2403 1491 2429 illi
1515 2403 1619 2436 objicit,
1638 2404 1710 2438 quod
1733 2403 1853 2438 projecto

1068 2452 1193 2487 episcopo
1208 2450 1315 2477 inlirmo
1327 2455 1354 2477 et
1373 2449 1516 2481 nescienti,
1540 2449 1621 2475 alium
1636 2450 1855 2482 superposuisset

1067 2498 1233 2531 episcopum,
1249 2496 1329 2529 idque
1343 2496 1370 2522 in
1383 2495 1470 2522 aliena
1488 2495 1635 2528 provincia,
1655 2495 1760 2522 scilicet
1775 2500 1853 2522 extra

1067 2543 1258 2570 Viennensem.
1287 2541 1356 2574 Quid
1383 2542 1433 2567 sibi
1461 2541 1581 2567 Hilarius
1609 2541 1703 2575 quwrit
1721 2541 1749 2567 in
1764 2541 1853 2568 aliena

1068 2589 1216 2624 prouincia,
1226 2587 1322 2622 inquit,
1336 2592 1359 2613 et
1371 2587 1401 2613 id
1414 2586 1482 2621 quod
1492 2586 1580 2612 nullus
1591 2586 1757 2613 decesserunt
1769 2588 1853 2621 ipsius

1067 2640 1127 2661 ante
1144 2633 1317 2659 Patracutum
1331 2632 1437 2664 habuit,
1453 2638 1501 2657 cur
1515 2636 1636 2665 usurpat.
1653 2639 1713 2657 cum
1728 2637 1752 2657 et
1768 2632 1853 2665 ipsum

1067 2679 1136 2714 quod
1154 2678 1279 2704 Patroclo
1303 2685 1319 2703 α
1339 2678 1399 2703 sede
1423 2676 1568 2708 apostolica
1585 2677 1769 2711 temporaliter
1783 2677 1853 2702 vidc-

1067 2726 1144 2752 batnr
1158 2733 1212 2752 esse
1229 2730 1397 2754 concessum,
1422 2722 1588 2756 postmodum
1604 2723 1636 2748 sit
1657 2723 1764 2749 meliore
1788 2730 1852 2748 sen-

1067 2771 1149 2797 tentia
1165 2770 1317 2796 mutatum?
1334 2768 1436 2801 Quibus
1449 2766 1538 2793 verbis
1554 2766 1608 2794 Leo
1626 2768 1799 2803 apertissime
1812 2769 1854 2793 si-

1068 2816 1179 2851 gniticat
1192 2815 1280 2849 priora
1297 2813 1395 2840 Zosimi
1412 2813 1556 2846 rescripta.
1572 2818 1598 2839 et
1617 2813 1752 2847 posterius
1768 2812 1852 2840 Bonivb

1068 2862 1128 2888 [atii
1146 2863 1295 2893 decretum,
1316 2867 1370 2894 quo
1387 2863 1506 2894 potestas
1533 2858 1701 2887 Arelatensis
1731 2858 1851 2895 ορμορί
