1982 3159
109 140 145 167 57
588 139 755 167 EPISTOIA
776 140 820 166 AD
841 140 1018 168 IIENRICUM
1040 139 1224 168 VALESIUM.
1690 143 1725 171 58

107 200 183 227 intra
197 199 297 227 limites
315 199 476 228 Viennensis
491 200 636 234 provincia:
655 203 892 231 coercebaturrut
906 205 929 231 Α
943 199 1043 232 clesire,
1071 206 1130 234 quae
1154 199 1220 226 vitio
1235 199 1355 234 episcopi
1367 200 1407 227 sui
1423 199 1518 228 Hilarii
1537 200 1650 235 antiquo
1662 199 1725 234 jure

107 245 238 279 superius
268 247 369 273 monui.
398 247 462 279 Quae
485 251 576 273 autem
602 246 777 280 exceptiones
791 245 890 280 objice-

107 295 207 318 rentur
222 292 350 318 adversus
373 290 474 318 Zosimi
501 291 664 326 rescriptum
676 311 684 324 ,
703 291 728 318 in
744 298 776 317 eo
801 291 889 325 capite

109 338 185 370 quod
207 336 394 363 ordinationes
408 337 434 363 in
451 341 566 371 utraque
587 336 754 363 Narbonensi
768 334 891 363 Patroclo

108 389 259 409 concessas
279 383 398 416 respicit,
425 383 495 409 idem
524 382 667 410 manifeste
683 382 772 413 docet,
790 382 812 408 si
833 381 890 416 ejus

109 429 195 455 verba
229 429 305 463 juxta
332 429 438 463 regulas
461 428 529 462 juris
553 428 748 462 expendantur.
783 427 892 454 Scilicet

112 474 378 508 obreptumZosimo
410 482 457 510 per
483 475 576 502 falsam
598 474 713 502 Patrocli
739 474 890 509 suggestio-

107 527 192 551 nem,
207 520 252 555 qui
280 521 413 548 referebat
433 520 465 547 ad
494 521 714 548 consuetudinem
737 525 890 552 vetustam,

106 573 192 599 quant
222 565 279 600 ipse
307 566 409 600 primus
432 566 576 600 usurpabat
606 567 746 593 ordinandi
774 570 892 600 potesta-

111 616 167 637 tem
185 611 211 638 in
228 611 364 646 provincia
380 611 559 639 Narbonensi.
579 612 678 640 Deinde
703 612 843 647 signilicat,
858 612 890 639 ad

106 665 244 684 summum
278 657 481 692 praerogativam
499 657 572 684 illam
601 665 615 684 a
641 657 748 685 Zosimo
768 659 800 685 ad
823 663 891 685 tem-

106 707 160 734 pus
176 699 302 727 Patroclo
326 708 480 728 concessam
499 701 609 736 intelligi
636 702 745 730 debere.
773 703 891 738 Denique

108 747 198 773 utitur
215 747 364 781 posteriore
379 747 508 775 Bonifaeii
522 748 641 780 decreto,
659 750 730 783 quod
752 749 830 785 juxta
844 758 891 777 ca-

108 799 211 818 nonum
226 792 422 826 praescriptum,
437 793 608 820 ambitiosum
626 794 690 821 illud
709 799 735 822 et
752 803 800 830 per
814 794 892 822 frau-

106 837 168 864 dem
184 837 305 864 elicitum
322 837 422 866 lesimi
437 840 598 873 rescriptum
612 859 620 871 .
646 840 714 867 duas
737 841 891 875 provincias

941 245 966 272 in
980 249 1138 279 perpetuum
1152 245 1251 279 privari
1264 252 1317 272 non
1331 250 1445 280 poterat.
1463 246 1555 281 Itaque
1568 254 1623 274 rem
1638 251 1722 274 totam

937 289 1014 323 juxta
1042 289 1152 316 concilii
1177 288 1352 317 'i'aurinensis
1366 290 1508 318 consilium
1537 290 1629 318 datum
1658 291 1723 319 olim

940 335 1163 362 contendentibus
1173 335 1284 361 duarum
1293 334 1431 362 civitatum
1446 336 1588 370 episcopis.
1601 335 1643 363 sic
1654 341 1722 363 tem-

941 382 1058 417 peravit,
1075 386 1106 408 ut
1121 381 1248 416 majorem
1276 386 1378 416 partem
1393 382 1539 415 provinciae
1563 380 1724 410 Viennensis

941 427 1100 454 restitueret
1128 427 1280 454 Arelatensi
1309 427 1458 459 Ecclesite;
1478 427 1543 454 solis
1555 433 1671 462 quatuor
1685 429 1724 455 ei-

942 473 1072 500 vitatibns
1087 480 1168 507 penes
1187 471 1366 500 Viennensem
1383 473 1538 507 episcopum
1554 473 1656 500 relictis
1666 494 1674 505 ,
1689 482 1723 501 ne

941 518 1069 545 honorem
1087 518 1311 553 metropoliticum
1325 538 1332 548 ,
1349 525 1428 551 quem
1448 518 1562 552 ipsemet
1577 525 1723 546 concesse—

940 568 992 596 rat,
1005 563 1123 590 adimere
1135 571 1183 597 per
1198 563 1408 590 inconstantiam
1426 567 1471 589 aut
1481 562 1606 597 injuriam
1619 563 1725 590 videre~

941 614 1001 642 tur;
1016 614 1053 640 et,
1068 614 1096 635 ut
1108 609 1163 643 ipse
1179 608 1305 642 loquitur,
1323 617 1356 635 ne
1371 609 1538 639 Viennensis,
1551 609 1593 636 cui
1606 613 1724 644 potesta-

942 658 995 681 tem
1013 653 1238 687 metropoliticam
1258 653 1360 680 Hilario
1381 653 1498 680 ablatam
1519 654 1698 688 deputavcrat
1714 673 1722 686 ,

940 699 1079 733 semetipso
1091 698 1177 732 [actus
1191 699 1322 725 videretur
1333 698 1452 731 inferior.
1470 697 1522 725 Sed
1541 703 1596 725 tum
1623 698 1657 725 de
1684 697 1722 725 is-

943 744 1004 771 tbac
1027 744 1231 777 controversia,
1261 749 1315 770 tum
1334 743 1414 770 etiam
1443 743 1475 770 de
1493 743 1621 778 dignitate
1649 743 1722 770 civili

940 788 1101 816 Viennensis
1113 794 1139 815 et
1149 789 1314 816 Arelatensis
1328 789 1453 821 civitatis,
1464 794 1615 815 accuratam
1631 789 1722 817 disce-

940 834 1087 868 ptationem
1102 833 1224 860 dabimus
1245 833 1271 860 in
1287 833 1404 860 secunda
1424 832 1543 860 editione
1559 832 1620 859 libri
1635 832 1721 860 nostri

107 883 154 910 uni
173 883 380 917 metropolitano
392 885 560 917 concedens,
584 886 742 913 resciderat.
768 886 887 914 Tandem

940 879 977 906 De
993 879 1160 914 primatibus,
1172 886 1252 914 quam
1268 879 1442 906 adornamus.

106 928 251 962 prtefracta
267 928 361 956 Hilarii
376 930 543 958 Arelatensis
558 932 727 959 contumacia
750 932 804 960 Leo
821 941 890 968 papa

106 981 269 1006 succensus,
287 975 390 1009 absque
403 976 558 1011 cognitione
581 985 671 1006 causae
685 978 814 1006 inauditis
839 980 891 1007 illis

106 1027 225 1053 quorum
240 1020 383 1054 intererat,
398 1021 442 1056 jus
456 1029 536 1049 omne
557 1024 783 1058 metropoliticum
808 1027 889 1052 etiam

107 1064 134 1091 in
149 1065 289 1099 provincia
307 1066 452 1095 Viennensi
468 1069 569 1096 ademit
587 1070 714 1105 episcopo
726 1071 889 1105 Arelatensi,

108 1108 230 1143 illudque
250 1109 592 1147 Viennensi'adjudicavit,
619 1122 651 1142 ac
674 1115 696 1142 si
725 1116 757 1142 ad
772 1124 833 1143 eum
856 1125 889 1144 ex

106 1154 165 1188 jure
182 1156 273 1182 civilis
287 1157 465 1192 metropoleos
486 1158 563 1192 juxta
584 1168 702 1188 canones
718 1162 865 1196 pertineret
880 1183 888 1196 ,

108 1200 335 1231 quemadmodum
349 1202 506 1237 Simplicius
523 1205 548 1230 in
569 1205 684 1232 concilio
699 1206 857 1235 Taurinensi
875 1217 888 1235 ιι

109 1243 312 1271 Patribusolim
332 1246 478 1279 impetrare
492 1251 652 1275 tentavcrat.
670 1249 746 1277 Hanc
765 1249 888 1284 injuriam

110 1289 261 1316 Arelatensi
280 1289 410 1317 Ecclesia;
435 1291 538 1318 illatam
553 1294 682 1320 adversus
700 1295 890 1322 vetustissimae

109 1336 312 1363 consuetudinis
322 1337 350 1362 ὲν
362 1338 394 1372 τῇ
412 1338 603 1374 πρωτοκλησιᾳ
618 1338 736 1367 fundata:
755 1346 781 1367 et
793 1349 806 1367 a
820 1341 888 1368 Tro-

109 1380 199 1414 pbinto
213 1380 303 1408 ductae
326 1383 523 1416 auctoritatem,
542 1385 660 1420 episcopi
683 1386 830 1420 provincia:
847 1386 889 1413 Via

109 1425 246 1457 eiu-ensis,
263 1426 312 1452 hac
327 1427 448 1454 novitate
461 1429 588 1462 perculsi,
603 1438 730 1458 amovere
745 1438 888 1466 curarunt,

110 1473 252 1498 occasione
265 1479 375 1507 arrepta
390 1481 422 1501 ex
443 1474 517 1501 obitu
544 1475 637 1502 Hilarii
651 1496 658 1507 ,
682 1482 710 1504 et
727 1479 859 1504 electione
874 1485 889 1504 a

110 1524 139 1543 se
151 1517 218 1546 facta
230 1518 375 1552 Ravennii,
386 1521 435 1547 viri
454 1521 606 1554 gravissimi
620 1528 647 1550 et
660 1521 742 1549 Leoni
759 1524 888 1558 pergrali.

110 1562 200 1599 Itaque
219 1565 312 1592 libello
326 1566 441 1599 supplici
457 1567 490 1592 ad
507 1566 622 1594 Leonem
640 1568 705 1594 dato
718 1588 725 1599 ,
755 1569 887 1603 primatus

110 1611 276 1638 Arelatensis
298 1612 429 1646 originem
453 1618 595 1640 arcessunt
613 1621 627 1640 a
653 1613 800 1648 Trophimo
817 1625 822 1641 :
843 1616 887 1649 qui

111 1658 206 1684 missus
220 1665 234 1684 a
251 1657 283 1684 Β.
301 1658 389 1691 Petro,
399 1659 501 1692 primus
513 1659 538 1686 in
552 1659 644 1686 Galliis
660 1661 766 1688 Arelate
782 1662 888 1696 episco-

112 1708 198 1736 patum
213 1704 333 1730 instituit
349 1713 355 1730 :
372 1705 448 1738 cujus
462 1706 570 1739 quidem
586 1707 720 1740 prima-va:
739 1707 889 1734 institutio-

114 1749 152 1775 nis
166 1750 233 1776 ratio
249 1750 340 1784 potior
354 1750 390 1777 sit
415 1751 549 1783 habenda,
569 1760 649 1786 quam
666 1753 754 1780 civdis
772 1754 889 1788 disposi-

114 1796 198 1828 tionis,
210 1804 270 1830 qua:
290 1797 399 1824 Vienme
423 1797 467 1832 jus
488 1799 666 1832 tnetropoleos
692 1800 807 1833 politiae
823 1800 888 1827 olim

115 1841 251 1869 tribuerat.
266 1842 345 1875 Quod
359 1842 451 1875 ,teium
468 1851 500 1870 ex
525 1845 620 1871 ordine
637 1845 708 1872 civili
733 1846 843 1879 petillini
861 1851 889 1872 ut

114 1888 239 1921 repellant
254 1889 388 1922 episcopi,
405 1896 457 1916 non
472 1889 595 1916 dubitant
610 1890 715 1917 civilem
728 1899 835 1925 qucque
848 1891 889 1918 di-

114 1931 247 1964 gnitatem,
263 1939 318 1966 qua
335 1933 501 1967 temporibus
525 1934 577 1960 illis
590 1933 701 1961 ﬂorebat
713 1935 810 1962 civitas
826 1937 889 1963 Are-

115 1975 229 2009 latensis,
244 1978 330 2005 Leoni
344 1987 508 2014 proponere:
523 1980 548 2007 in
564 1988 594 2007 ea
609 1988 702 2014 nempe
716 1983 806 2008 sedem
822 1991 890 2016 prie-

115 2022 215 2050 lecturae
230 2025 379 2052 Galliarum
389 2034 403 2051 a
419 2026 528 2052 civitate
544 2025 715 2054 Trevirorum
730 2036 762 2056 eo
773 2029 888 2055 transla-

115 2071 163 2093 tam
180 2071 329 2097 consistere
345 2080 351 2097 :
373 2076 452 2104 atque.
468 2072 538 2098 adeo
570 2073 662 2099 urbem
690 2073 761 2100 illam
779 2081 889 2101 matrem

116 2115 223 2141 omnium
237 2116 387 2143 Galliarum
397 2125 466 2144 esse.
478 2117 554 2150 Quod
571 2119 682 2151 dictum,
697 2125 726 2146 ut
741 2127 890 2154 opponatur

117 2158 227 2192 Viennte,
240 2170 301 2196 qum
316 2170 364 2196 pro
381 2169 466 2190 matre
479 2163 639 2192 Viennensis
659 2171 759 2192 tantum
779 2168 888 2201 provin-

117 2204 161 2230 cia:
187 2213 214 2232 se
240 2207 363 2240 gerebat.
392 2208 502 2234 Addunt
527 2211 607 2235 etiam

117 2246 220 2280 Callias,
235 2251 342 2277 scilicet
353 2250 409 2284 jam
428 2252 488 2279 inde
509 2261 523 2279 a
541 2254 719 2281 Constantino
731 2256 847 2283 Maximo
861 2262 887 2284 et

121 2292 307 2327 Valentiniano,
327 2301 458 2324 ostentare
474 2299 554 2325 voluit
568 2300 684 2334 insignia
698 2301 844 2335 dignitatis,
860 2303 887 2329 in

119 2337 161 2364 hac
172 2343 230 2367 urbe
244 2341 410 2368 consulatum
424 2345 564 2377 accepisse,
586 2351 608 2371 et
631 2347 733 2372 det/isse
747 2355 756 2373 :
774 2348 824 2374 hoc
846 2354 888 2374 est

120 2385 274 2414 consulatum
286 2388 455 2416 circensibus
463 2389 653 2424 celi-bravisse,
664 2393 886 2425 quemadmodum

121 2431 215 2464 egregie
232 2432 301 2460 hunc
320 2433 406 2460 locum
427 2435 618 2469 interpretatur
631 2437 673 2464 vir
685 2438 885 2466 eruditissimus

121 2474 241 2504 Adrianus
264 2477 397 2512 Valesius,
419 2480 570 2508 litterarum
584 2487 611 2509 et
627 2483 765 2517 sanguinis
781 2491 888 2518 germa-

122 2519 196 2547 nitate
211 2521 291 2550 l‘ratcr
312 2530 385 2556 tuus,
403 2533 419 2551 o
443 2526 507 2552 mihi
532 2528 693 2556 charissima
709 2529 823 2557 Ileurice
835 2529 888 2556 Va-

122 2561 173 2609 ltst
186 2566 210 2592 in
221 2567 286 2596 libro
302 2578 350 2597 VIII
369 2569 466 2597 Rerum
484 2571 684 2605 Francirarum,
701 2583 770 2609 quas
785 2576 886 2602 doctis-

124 2607 190 2636 simis
203 2613 272 2640 curis
287 2620 313 2641 et
327 2615 428 2648 ingenii
456 2617 497 2644 sui
520 2617 630 2645 solertia
660 2607 816 2647 illustravit.
835 2621 888 2648 Ex-

124 2655 202 2684 pensis
226 2660 329 2686 tandem
355 2662 491 2689 rationum
517 2665 684 2697 momentis,
710 2672 770 2699 quae
798 2666 887 2694 libello

124 2700 294 2737 cIliscoporunt
309 2707 518 2735 Provincialium
544 2710 763 2744 continebantur,
788 2714 887 2741 auditis

125 2751 218 2792 ΨΨΨΝΞ
230 2750 429 2785 allegationibus
441 2754 560 2788 episcopi
574 2755 743 2790 Viennensis,
756 2757 809 2784 Leo
818 2766 886 2792 papa

126 2790 239 2828 P'i\‘llegii
256 2796 423 2826 Arelatensis
439 2800 570 2827 rationem
589 2800 740 2828 habendam
758 2804 862 2830 censuit
878 2824 886 2835 ,

128 2837 355 2878 restitnendamque
370 2846 592 2880 metropoliticam
607 2847 762 2883 dignitatem
782 2850 818 2877 illi
837 2850 887 2886 Ec-

975 926 1107 953 Caaterum
1126 926 1182 952 lucc
1204 924 1343 959 Tropbimi
1370 925 1521 960 antiquitas
1543 925 1721 952 confirmatur

939 971 1055 1006 epistola
1066 971 1192 1006 Cypriani
1206 971 1239 998 ad
1256 971 1422 1006 Stephanum
1438 979 1551 1006 papam,
1571 978 1623 1006 qua
1653 972 1721 1006 petit

940 1021 969 1043 ut
983 1017 1016 1043 ab
1041 1023 1073 1044 eo
1096 1016 1252 1043 scribantur
1268 1016 1365 1043 littera:
1380 1017 1405 1043 in
1420 1016 1589 1044 Provinciam
1617 1016 1661 1051 (id
1679 1022 1721 1043 est

940 1061 1142 1089 Narbonensem
1164 1061 1289 1094 solidam,
1306 1069 1384 1095 quam
1403 1062 1487 1089 reteri
1510 1061 1658 1089 Provinciae
1671 1069 1721 1088 no-

940 1107 1011 1134 mine
1028 1108 1181 1142 nuncupat)
1204 1108 1302 1142 quibus
1325 1107 1463 1134 lllarciano
1477 1108 1603 1142 episcopo
1630 1108 1722 1134 Arela-

942 1154 1009 1180 tensi
1042 1153 1177 1184 abstento,
1193 1153 1262 1180 alius
1286 1153 1312 1180 iu
1329 1154 1387 1187 ejus
1404 1154 1492 1180 locum
1519 1155 1696 1180 substituatur
1710 1161 1718 1185 ς

939 1199 1065 1234 quoniam
1084 1199 1182 1233 spretis
1198 1199 1364 1233 collegarum
1382 1199 1501 1232 monitis,
1522 1198 1661 1226 Novatiani
1674 1208 1720 1227 er-

940 1244 1049 1272 roribus
1065 1245 1243 1278 pervicaciter
1256 1244 1419 1271 adh-.ercbat.
1433 1244 1577 1271 Necessum
1600 1252 1662 1272 vero
1678 1249 1720 1272 est

940 1289 1008 1317 hanc
1022 1290 1150 1325 Cypriani
1177 1290 1317 1325 epistolam
1333 1292 1463 1325 scriptam
1483 1298 1542 1319 esse
1557 1292 1634 1319 initio
1648 1293 1720 1319 sedis

940 1335 1081 1370 Stephani,
1097 1337 1205 1372 quando
1223 1338 1290 1364 duos
1305 1338 1375 1364 inter
1391 1337 1449 1364 illos
1461 1337 1600 1372 pontiﬁces
1613 1338 1719 1365 dissen-

939 1381 980 1407 sio
996 1382 1114 1408 nondum
1131 1382 1183 1409 ulla
1202 1384 1401 1411 intercesserat.
1424 1383 1530 1410 Initium
1549 1388 1637 1410 autem
1653 1383 1718 1410 illud

939 1427 1069 1461 Stephani
1087 1436 1146 1455 cum
1162 1429 1242 1456 cadat
1257 1429 1282 1456 in
1305 1436 1406 1455 annum
1423 1428 1486 1462 256,
1504 1429 1625 1463 sequitur
1647 1427 1718 1455 Mar-

939 1473 1011 1500 ciani
1029 1474 1139 1501 exordia
1161 1474 1323 1502 antecedere
1347 1474 1420 1501 Decii
1447 1475 1627 1500 consulatum.
1643 1473 1718 1502 Unde

940 1520 1092 1547 rectissime
1111 1520 1262 1555 colligitur,
1278 1521 1432 1547 missionem
1446 1520 1584 1555 Trophimi
1597 1521 1622 1546 iu
1639 1525 1713 1548 ante<

940 1565 1009 1591 riora
1020 1566 1239 1599 promovendam.
1251 1567 1335 1592 invito
1345 1566 1406 1592 licet
1416 1564 1546 1600 Gregorio
1556 1565 1718 1600 'I‘uronens‘i,

939 1611 1043 1639 scilicet
1056 1613 1089 1639 ad
1102 1612 1174 1639 Petri
1200 1617 1318 1643 aitatem,
1332 1613 1409 1647 juxta
1431 1612 1512 1638 libelli
1528 1613 1716 1647 episcoporum

939 1658 1083 1692 provinciae
1105 1658 1266 1686 Viennensis
1282 1659 1465 1686 testationem.
1480 1659 1542 1685 Sola
1557 1659 1616 1686 falsi
1629 1661 1719 1693 suspi-

939 1702 1016 1729 cione
1033 1703 1103 1730 ultro
1117 1705 1268 1737 excogitata
1286 1709 1340 1730 tum
1366 1704 1496 1731 adversus
1509 1703 1636 1739 Cypriani
1661 1705 1719 1739 epi-

939 1749 1047 1781 stolam,
1062 1755 1117 1776 tmn
1130 1750 1259 1776 adversus
1271 1749 1371 1777 Zosimi
1393 1752 1524 1785 rescripta
1538 1757 1564 1778 et
1577 1753 1719 1786 episcopu-

940 1803 998 1821 rum
1014 1795 1141 1827 libellum,
1154 1796 1249 1822 nollent
1261 1803 1275 1821 a
1290 1796 1438 1823 manifestis
1450 1797 1501 1824 illis
1515 1799 1717 1831 probationibus

939 1848 968 1867 se
983 1841 1128 1868 liberarent
1145 1841 1267 1876 Gregorii
1283 1840 1412 1869 fautores.
1429 1843 1553 1870 Admissa
1567 1845 1664 1878 quippe
1676 1852 1719 1871 sc-

939 1886 991 1913 mel
1014 1887 1063 1914 hac
1090 1887 1267 1921 respondendi
1286 1892 1313 1915 et
1331 1889 1522 1923 prmscribendi
1541 1891 1654 1921 ratione,
1671 1891 1719 1917 ad-

939 1940 1032 1959 versus
1047 1932 1145 1967 scripta
1155 1941 1215 1968 qua:
1228 1933 1291 1960 stilo
1307 1939 1334 1961 et
1351 1940 1514 1962 vetustorum
1527 1935 1648 1962 codicum
1658 1937 1716 1963 edi-

939 1978 1094 2012 tionumque
1115 1979 1176 2009 llde,
1204 1984 1380 2014 veterumque
1395 1984 1538 2006 auctorum
1562 1982 1717 2007 testimoaio

940 2024 1109 2054 nmniuntur,
1125 2024 1196 2050 cadit
1216 2025 1302 2051 omnis
1317 2025 1349 2050 de
1365 2025 1558 2059 qua-stipitibus
1577 2025 1717 2054 litterariis

939 2070 1089 2096 disserendi
1105 2070 1270 2104 ingeniorum
1287 2071 1438 2098 delectatio.
1454 2071 1561 2098 Interim
1587 2073 1716 2099 omitten-

940 2117 1002 2142 dtuu
1019 2125 1070 2143 non
1089 2121 1129 2144 est
1146 2123 1276 2143 assertum
1301 2117 1439 2152 Cypriane
1454 2117 1592 2150 epistolam
1605 2127 1618 2144 a
1636 2117 1666 2145 V.
1685 2119 1715 2146 (Σ.

940 2160 1058 2194 Rigaltio
1076 2162 1101 2187 in
1119 2161 1191 2187 uotis
1204 2162 1237 2188 ad
1249 2163 1423 2196 Cyprianum,
1441 2163 1530 2189 discus
1547 2163 1570 2189 is
1587 2163 1645 2189 falsi
1671 2171 1716 2189 ar-

625 2217 632 2235 :
649 2209 802 2244 Quicunque
818 2212 888 2238 intra
904 2220 926 2247 ι)
939 2208 1073 2241 gumentis
1087 2215 1102 2233 a
1114 2207 1173 2233 viro
1192 2208 1349 2234 doctissimo
1365 2209 1462 2234 allatis.
1478 2207 1592 2242 Operam
1609 2217 1716 2243 qtm'tue

939 2260 992 2278 non
1021 2253 1204 2287 iudiligeutem
1230 2254 1319 2288 posuit
1350 2255 1388 2280 vir
1405 2255 1484 2289 plane
1504 2255 1623 2282 erutlitus
1641 2255 1716 2290 Ηυεο

937 2295 1080 2323 Hcttardus
1098 2298 1123 2323 iu
1143 2297 1297 2324 rel'elleudis
1322 2304 1485 2332 argumentis
1512 2300 1640 2326 adversus
1665 2300 1717 2334 Cy-

937 2342 1025 2377 priani
1045 2343 1198 2377 epistolam,
1214 2348 1241 2370 ut
1266 2344 1366 2372 Zosimi
1390 2345 1532 2380 rescripta,
1551 2350 1631 2380 atque
1645 2345 1717 2373 libel-

939 2387 992 2414 lum
1006 2388 1152 2422 Supplicem
1170 2389 1301 2416 adductis.

973 2432 1037 2465 Quae
1056 2434 1218 2466 testimonia,
1245 2435 1306 2462 licet
1324 2435 1356 2462 ad
1371 2435 1558 2463 vindicandam
1575 2437 1715 2463 veritatem

938 2479 1082 2512 sulliciaut,
1102 2487 1153 2506 non
1169 2479 1286 2506 alienum
1307 2481 1357 2508 erit
1375 2483 1408 2508 ad
1434 2483 1585 2510 traditionis
1600 2483 1717 2517 antiqua:

938 2529 1036 2556 seriem
1059 2529 1304 2563 comprobandam,
1324 2530 1445 2557 Adonem
1470 2530 1648 2559 Viennensem
1664 2539 1718 2560 tes-

939 2580 990 2603 tem
1005 2574 1133 2606 laudare;
1154 2574 1229 2608 cujus
1242 2575 1296 2602 haec
1312 2581 1375 2602 sunt
1389 2577 1468 2603 verba
1485 2577 1511 2603 in
1525 2576 1718 2614 Martyrologio

938 2629 964 2648 tv
981 2620 1046 2647 Kal.
1069 2620 1216 2647 Januarii:
1243 2621 1319 2655 Apud
1342 2621 1485 2654 Arelatem.
1511 2624 1606 2650 natalis
1630 2625 1716 2651 sancti

940 2667 1073 2702 Tropltimi
1087 2667 1202 2700 episcopi
1213 2671 1236 2694 et
1247 2667 1415 2702 confessoris,
1440 2669 1563 2702 discipuli
1585 2671 1718 2699 apostolo-

938 2721 996 2739 rum
1015 2711 1086 2739 Petri
1099 2719 1122 2739 et
1145 2712 1237 2741 Pauli.
1262 2713 1333 2741 Idem
1351 2715 1460 2742 uberius
1475 2715 1499 2742 in
1517 2715 1607 2742 libello
1628 2716 1661 2743 de
1679 2716 1719 2742 fe-

937 2759 1105 2786 stivitatibus
1118 2760 1312 2794 apostolorum.
1331 2756 1438 2788 Natalis
1462 2761 1545 2788 sancti
1561 2761 1696 2794 Tropltimi
1707 2782 1716 2795 ,

937 2805 1029 2839 dequo
1044 2806 1132 2831 scribit
1154 2805 1293 2840 Apostolus
1317 2807 1351 2832 ad
1379 2807 1540 2834 Timotheum
1554 2814 1563 2833 :
1579 2817 1588 2834 ι
1606 2807 1717 2842 Troplti-

938 2859 1008 2878 mum
1020 2857 1106 2878 autem
1127 2852 1218 2880 reliqui
1233 2851 1365 2883 inﬁrmum
1380 2851 1477 2880 Mileti.
1495 2863 1504 2880 t
1527 2853 1578 2881 llic
1603 2854 1635 2881 ab
1654 2862 1718 2888 apo—
