1982 3159
250 133 286 161 59
902 132 1004 161 PETIH
1025 133 1068 161 DE
1088 133 1204 161 MARCA
1830 131 1864 158 ιο

250 194 325 222 stolis
341 193 432 220 Roma-
447 192 582 218 ordinatus
597 193 742 226 episcopus,
763 193 862 226 primus
881 193 917 220 ad
944 193 1038 221 Arela-
1052 196 1075 224 A
1090 201 1151 220 cum
1169 193 1251 221 Paulo
1266 193 1428 228 proconsule
1453 194 1559 225 miscet,
1586 193 1763 226 eamdemque
1787 191 1862 221 facit.

250 246 300 268 tem
312 240 400 266 urbem
411 237 507 266 Gallia:
521 239 552 265 ob
577 238 675 264 Christi
698 238 869 273 Evangelium
887 239 1033 273 prwdican-

250 288 312 311 dum
328 284 443 310 directus
462 287 522 309 est:
551 291 583 310 ea:
601 284 676 317 cujus
705 283 786 317 fonte,
812 289 839 310 ut
856 285 946 314 beatus
963 293 1032 318 papa

248 329 369 357 Zosimus
386 328 485 358 scribit,
498 331 561 354 totm
574 326 668 354 Gallia:
680 327 741 361 ﬁdei
766 329 836 354 rivos
849 334 1005 364 acceperunt
1023 336 1032 356 :

248 375 293 410 qui
306 374 377 407 apud
391 374 508 400 eamdem
523 373 612 399 urbem
632 373 660 399 in
675 381 738 407 pace
750 374 858 408 quievit.

283 419 384 446 Errorc
399 417 523 453 Gregorii
540 417 708 445 Turonensis
723 418 748 444 in
767 418 950 453 consignanda
963 417 1031 446 Tro-

248 466 332 500 pbimi
351 465 454 499 epocha
479 464 634 497 dispuncto,
651 469 680 490 re
696 464 907 498 impetrahiliore
923 469 1032 491 utemur

248 511 275 538 ln
293 510 432 545 probanda
447 509 544 536 similis
557 508 678 542 ejusdem
700 509 820 535 auctoris
846 509 1033 536 ballucinalio-

248 557 291 583 nis
312 556 506 582 confutationc.
531 554 644 581 Paulum
672 553 875 582 Narbonensem
901 556 934 581 ad
960 556 1031 583 Decii

247 606 369 637 tempora
380 601 528 636 Gregorius
545 601 649 635 dejicit.
665 601 714 628 Cui
733 608 898 636 opponentus
910 601 1030 636 locuple-

248 648 383 675 tissimum
399 647 581 674 testinmnium
606 647 782 674 vetustissimi
806 646 987 682 Martyrologii
1014 654 1030 674 a

248 693 400 728 nochydo
415 692 490 723 editi.
505 699 559 726 quo
577 691 696 718 Ecclesia
712 691 832 719 Romana
849 693 920 719 inter
932 693 1030 720 solem-

247 747 298 767 nes
324 741 391 766 ritus
413 738 548 769 utebatur,
574 742 643 765 teste
662 737 792 772 Gregorio
806 738 901 774 Magno
922 738 967 766 lib.
983 746 1028 771 νη,

247 785 328 819 epist.
344 784 389 811 ‘29.
408 783 590 819 Martyrologii
613 783 684 811 illius
701 784 758 810 haec
769 782 832 810 sunt
847 785 927 811 verba
946 785 979 812 ad
1002 793 1029 812 tu

247 830 307 858 Kal.
322 829 422 864 Aprilis
438 837 445 855 :
467 829 611 861 Narbome,
633 829 718 856 sancti
735 828 816 856 Pauli
830 831 962 865 episcopi,
989 830 1030 857 di-

247 877 340 910 scipuli
352 874 540 910 apostolorum.
562 875 600 902 En
615 875 726 902 Paulum
743 877 899 911 episcopum
924 876 1027 903 Narbo-

248 930 370 955 nensem,
387 921 548 955 discipulum
573 921 768 955 apostolorum,
787 922 813 949 id
838 928 880 950 est
906 924 940 950 ab
964 924 1029 958 ipsis

247 968 376 1004 apostolis
397 968 582 996 Christianam
599 967 678 994 ﬁdem
708 970 843 996 edoctum.
869 969 955 997 Causa
982 978 1028 997 ea-

247 1014 320 1046 dam,
336 1013 386 1040 nisi
404 1018 533 1040 constans
548 1013 585 1040 sit
599 1013 625 1039 in
641 1013 734 1040 eodem
748 1012 939 1049 Martyrologio
953 1015 1027 1041 verbi

247 1060 319 1088 illius
334 1068 414 1094 quam
428 1060 555 1095 proposui
582 1060 767 1094 signiﬁcatio;
796 1068 855 1096 quae
879 1062 931 1088 alia
955 1065 1029 1089 certe

246 1114 375 1133 essenon
388 1110 475 1140 potest
496 1105 574 1140 juxta
594 1106 733 1141 proprium
760 1106 887 1134 dictionis
907 1114 1026 1134 sensum.

247 1150 372 1178 Referam
390 1151 459 1182 loca.
475 1158 507 1178 ex
524 1151 622 1185 quibus
642 1152 699 1179 haec
716 1152 874 1186 signiﬁcatio
888 1152 962 1179 verbi
977 1152 1027 1178 aul-

247 1198 372 1225 struitnr.
390 1197 480 1225 Pridie
500 1196 592 1224 Nonas
604 1196 739 1224 Januarii.
755 1197 832 1231 Apud
842 1197 958 1229 Cretam,
975 1197 1027 1224 Titi

248 1243 424 1278 apostolorum
437 1243 558 1278 discipuli
580 1251 610 1271 In
634 1243 697 1270 Kal.
711 1242 787 1270 Maii.
802 1244 877 1274 Apud
895 1242 1027 1277 Paphum,

248 1289 353 1325 Tycltici
376 1290 552 1323 apostolorum
570 1290 702 1324 discipuli.
721 1298 756 1317 ru
791 1288 924 1316 Kalendas
940 1289 1025 1316 Junii.

246 1336 323 1369 Apud
339 1336 464 1368 Allienus,
477 1336 606 1367 Quadrati
619 1335 797 1368 apostolorum
814 1336 946 1370 discipuli.
963 1335 1026 1363 Pii-

246 1382 289 1408 die
304 1381 394 1408 Nonas
408 1381 530 1416 Augusti.
558 1381 704 1408 Aristarchi
714 1381 1025 1416 discipuliapostolarum.

248 1435 274 1454 tv
293 1426 355 1454 Kal.
371 1428 530 1454 Decembris.
562 1426 696 1454 Sosthenis
707 1427 827 1462 discipuli
840 1427 1026 1462 apostolorum.

252 1481 280 1500 vt
304 1472 437 1499 Kalendas
457 1471 594 1499 Januarii.
611 1472 745 1507 Trophimi
766 1473 890 1507 episcopi,
906 1473 1027 1508 discipuli

248 1518 425 1553 apostolorum
447 1518 534 1551 Quare
550 1518 650 1545 diserta
667 1523 719 1550 est,
732 1518 835 1550 utdixi,
846 1518 1026 1553 Martyrologii
1042 1535 1063 1562 Β

255 1565 356 1591 veteris
370 1564 482 1591 Romani
501 1564 618 1596 testatio,
630 1564 664 1591 ad
685 1563 818 1598 ﬁgendum
832 1564 905 1591 Pauli
924 1563 1027 1592 Narbo-

248 1611 340 1638 nensis
356 1611 538 1645 episcopatum
563 1610 589 1637 iu
618 1610 684 1644 ipsis
699 1610 879 1644 apostolorum
897 1610 1027 1645 tempori-

249 1656 309 1690 bus,
335 1656 458 1690 quamvis
484 1655 623 1690 Trophimi
651 1656 808 1690 episcopatu
835 1656 1026 1690 posteriorem.

248 1701 460 1728 Celeberritnum
478 1701 587 1735 quidem
613 1700 682 1734 apud
696 1699 820 1734 antiquos
849 1698 934 1727 fuisse
952 1698 1027 1726 Pauli

248 1747 328 1782 hujus
347 1755 454 1779 nomen,
466 1748 544 1775 docet
558 1746 723 1774 Prudentius
737 1746 763 1773 in
780 1746 943 1781 Martyribus
965 1745 1026 1772 Ca:-

247 1791 447 1825 snraugustanis
461 1799 471 1818 .'

284 1838 400 1865 Barcino
416 1839 488 1866 claro
505 1837 634 1873 Cucufate
650 1839 718 1874 fulta

282 1884 386 1919 Surget,
402 1890 425 1912 et
441 1884 526 1911 Paulo
537 1886 654 1920 speciosa
670 1885 770 1912 Narbo.

247 1930 301 1958 Sed
315 1930 440 1965 temporis
453 1938 544 1958 veram
560 1931 791 1966 consignationem
819 1938 852 1958 ex
873 1930 1026 1958 testimonio

247 1976 431 2004 vetustissimo
447 1977 575 2004 Romanae
593 1976 720 2004 Ecclesia:
735 1984 815 2012 supra
831 1977 939 2004 laudato
959 1977 1026 2004 hanc

248 2022 303 2048 rire
326 2022 464 2050 debemus.
485 2021 651 2049 'l‘raditionis
674 2030 738 2050 vero
757 2023 841 2050 series
858 2024 968 2057 petenda
984 2026 1026 2050 est

249 2071 303 2092 tum
315 2073 347 2092 ex
359 2065 491 2098 Usuardo,
503 2073 530 2093 et
542 2074 574 2093 ex
582 2067 657 2094 Actis
666 2067 727 2093 vita».
740 2067 812 2094 Pauli
825 2067 1024 2100 Narbonensis;

249 2115 305 2137 tum
317 2111 399 2137 etiam
414 2118 445 2137 ex
472 2111 575 2138 Adonis
588 2112 776 2147 Martyrologio
788 2133 795 2145 ,
814 2117 894 2147 atque
909 2120 941 2139 ex
954 2113 1026 2146 ejus-

247 2158 307 2183 dem
325 2156 415 2184 libello
437 2158 470 2184 de
495 2157 690 2184 festivitatibus
721 2159 921 2192 apostolorum;
950 2159 1026 2193 cujus

1083 238 1215 266 Prmlerea
1234 240 1312 267 docet
1324 240 1349 266 in
1368 240 1538 274 possessione
1563 239 1733 273 episcopatus
1754 238 1863 265 institu-

1082 288 1140 311 tum
1158 291 1173 310 a
1192 283 1276 312 Paulo
1300 284 1420 319 apostolo
1441 284 1468 311 in
1486 282 1641 318 Hispaniam
1664 284 1861 318 proliciscente.

1082 330 1148 364 Quae
1164 330 1272 364 quidem
1285 331 1432 364 prudenter
1444 331 1503 357 Ado
1521 338 1572 356 non
1589 330 1706 357 asseruit
1728 333 1757 356 ut.
1776 335 1861 362 certa,

1082 376 1129 402 sed
1143 380 1169 402 ul
1183 375 1252 402 lautia
1275 375 1422 402 vetustiore
1438 380 1544 409 recepta
1559 385 1565 401 :
1594 375 1672 409 cujus
1698 375 1863 401 narrationis

1083 426 1208 448 auctores
1220 420 1339 452 Branlio,
1355 420 1487 453 Leander,
1505 419 1640 452 Julianus,
1656 425 1683 447 et
1698 419 1741 446 alii
1758 424 1863 447 vett-res

1082 467 1228 499 scriptorcs
1242 465 1349 499 llispani
1363 465 1539 500 proferuntur
1554 466 1579 492 in
1605 465 1704 493 litteris
1728 466 1860 500 Stephani

1082 519 1156 546 papas
1170 512 1249 538 editis
1265 521 1278 538 ιι
1289 512 1356 539 viris
1370 511 1530 538 clarissimis
1554 516 1580 538 et
1592 512 1781 540 eruditissimis
1795 512 1860 539 Gni-

1083 556 1173 583 lielmo
1188 556 1299 588 Catelle,
1315 562 1441 583 senatore
1456 556 1600 590 Tolosano,
1614 561 1640 583 et
1657 556 1778 592 Philippo
1791 557 1859 584 Lab-

1081 602 1150 634 bteo,
1163 602 1306 629 Socielatis
1320 602 1382 629 Jesu
1407 603 1579 637 presbytero;
1594 610 1706 637 quarunt
1725 603 1861 636 exemplar

1083 652 1173 675 exstat
1188 649 1270 674 etiam
1287 648 1314 675 in
1339 648 1456 674 archivis
1471 647 1599 675 Ecclesia:
1628 647 1839 675 Tarraconensis
1851 669 1858 681 ,

1080 700 1248 727 quarumque
1274 692 1351 719 {idem
1375 697 1402 720 et
1417 693 1575 720 sententiam
1587 693 1762 726 expendimus
1776 693 1802 720 in
1815 700 1860 720 se-

1080 737 1166 764 cunda
1186 737 1304 764 editione
1317 737 1376 764 libri
1391 737 1474 764 nostri
1491 739 1527 764 De
1542 738 1706 772 primatibus.

1115 783 1192 817 Quod
1205 784 1302 811 attinet
1316 784 1349 810 ad
1371 783 1539 817 Martialem,
1564 784 1628 810 illud
1645 791 1726 810 unum
1744 784 1859 812 habetur

1079 828 1105 856 ln
1121 825 1320 864 Martyrologiis
1346 828 1494 860 veteribus,
1521 835 1582 856 eum
1606 827 1754 855 Lemovices
1776 828 1860 856 fuisse

1045 867 1066 894 Β
1080 875 1248 909 episcopum.
1274 873 1465 901 Verumtamen
1495 875 1604 909 antiqua
1622 874 1678 909 ejus
1695 874 1755 901 vitae
1772 875 1836 901 Acta
1849 894 1857 907 ,

1080 928 1162 946 unum
1178 919 1261 946 fuisse
1277 926 1292 946 e
1313 926 1365 946 Lxx
1398 919 1535 954 discipulis
1560 919 1682 951 Domini,
1703 923 1729 946 et
1750 927 1764 945 a
1780 918 1860 947 Petro

1080 966 1203 1000 apostolo
1217 965 1251 992 ad
1270 966 1418 1000 Aquitanos
1435 966 1546 992 missum
1565 964 1679 997 docent;
1695 972 1775 999 quam
1801 960 1858 992 Ira;

1079 1013 1208 1041 ditionem
1221 1012 1342 1046 amplexa
1359 1016 1402 1038 est
1424 1011 1543 1046 synodus
1564 1011 1765 1038 Lemoviccnsis
1788 1019 1859 1038 anno

1080 1057 1149 1086 1054
1166 1058 1192 1085 in
1208 1057 1404 1092 disceptatione
1425 1063 1485 1091 quae
1509 1057 1543 1084 de
1561 1056 1691 1084 Martialis
1709 1057 1856 1091 spastolatu

1079 1104 1105 1132 in
1117 1103 1211 1131 Galliis
1227 1103 1317 1130 habita
1330 1107 1381 1130 est.

1115 1150 1235 1185 Dionysii
1253 1150 1413 1178 Parisiensis
1424 1150 1547 1178 succedit
1562 1156 1659 1178 vexata
1670 1151 1858 1186 disputationi-

1078 1197 1128 1224 bus
1144 1197 1367 1231 gravissimorum
1392 1198 1511 1224 virorum
1525 1198 1629 1232 epocha
1644 1206 1651 1224 :
1671 1197 1712 1224 bis
1723 1198 1856 1225 stantibus

1078 1248 1092 1266 ο
1109 1239 1248 1274 Gregorio,
1265 1245 1293 1267 et
1317 1242 1350 1267 ad
1371 1239 1444 1268 Decii
1460 1246 1580 1276 tempora
1605 1242 1754 1269 antistitem
1781 1243 1854 1269 illum

1078 1286 1292 1319 detrudentibus,
1306 1294 1360 1321 quo
1383 1295 1443 1322 spes
1461 1288 1549 1314 omnis
1565 1288 1745 1315 Parisiensem
1758 1289 1857 1324 Diony-

1077 1331 1146 1358 sium
1161 1338 1220 1358 cum
1235 1333 1398 1368 Arcopagita
1418 1334 1597 1368 permiscendi
1616 1334 1810 1362 abscindatur:
1826 1335 1856 1362 il-

1078 1376 1112 1404 lis
1125 1384 1202 1410 vero,
1218 1378 1353 1405 contrario
1364 1380 1513 1413 proposito,
1528 1378 1560 1405 ad
1578 1379 1742 1406 Clementem
1759 1379 1856 1406 [ionia-

1078 1431 1141 1451 num
1154 1423 1211 1458 ejus
1225 1424 1380 1451 missionem
1397 1424 1585 1452 referentibus.
1601 1424 1672 1451 Sane
1687 1432 1702 1451 a
1717 1424 1855 1452 Clemente

1078 1471 1103 1497 in
1116 1470 1217 1497 Gallias
1230 1470 1385 1505 Dionysium
1401 1471 1511 1498 missum
1529 1470 1621 1503 fuisse,
1635 1470 1704 1497 Beda
1713 1476 1740 1498 et
1754 1471 1856 1499 Usuar-

1079 1517 1127 1542 dus
1141 1516 1239 1543 docent
1252 1516 1278 1543 in
1290 1516 1346 1543 suis
1357 1515 1553 1551 Martyrologiis
1566 1526 1573 1543 :
1587 1523 1667 1551 quam
1684 1516 1855 1545 traditionem

1079 1567 1125 1587 cos
1141 1561 1264 1589 hausisse
1276 1567 1378 1589 certum
1398 1568 1484 1589 estex
1500 1563 1572 1589 Actis
1595 1563 1714 1597 antiquis
1738 1563 1803 1591 Vita:
1825 1563 1854 1590 S.

1078 1608 1221 1644 Dionysii,
1249 1616 1308 1643 quae
1331 1609 1430 1636 dudum
1456 1616 1488 1635 ex
1515 1617 1578 1636 mss.
1609 1609 1747 1636 codicibus
1773 1609 1857 1636 edidit

1079 1655 1111 1684 V.
1123 1655 1153 1682 Ο.
1168 1661 1195 1682 et
1212 1656 1411 1683 eruditissimus
1437 1655 1599 1683 Francisrus
1613 1656 1772 1690 Bosquctus,
1786 1663 1856 1683 nunc

1080 1699 1271 1726 meritissimus
1285 1700 1429 1733 episcopus
1442 1700 1568 1727 Ecclesiae
1579 1700 1792 1735 Monspelieusis.
1806 1701 1857 1727 No-

1078 1752 1139 1771 men
1152 1745 1270 1772 auctoris
1293 1744 1364 1771 illius
1382 1743 1450 1771 Vitas
1467 1743 1627 1779 deprehendi
1652 1746 1678 1772 in
1695 1746 1789 1773 codice
1805 1754 1855 1774 ms.

1078 1789 1243 1817 Turonensis
1257 1790 1395 1823 Ecclesiae,
1419 1791 1465 1825 qui
1496 1791 1683 1826 complectitur
1700 1790 1773 1818 Vitas
1791 1799 1855 1819 san-

1077 1841 1181 1864 ctorum
1194 1836 1295 1870 aliquot
1310 1845 1324 1863 a
1342 1837 1489 1864 Fortunato
1503 1837 1665 1871 descriptas,
1676 1842 1704 1864 et
1720 1839 1789 1865 inter
1805 1845 1857 1865 cm—

1077 1887 1162 1915 teras,
1181 1881 1299 1917 Dionysii
1314 1881 1475 1910 Parisiensis
1496 1884 1568 1910 illam
1583 1890 1642 1918 qum
1658 1883 1731 1917 jam,
1749 1889 1776 1910 ut
1788 1884 1856 1918 dixi,

1076 1929 1149 1956 edita
1164 1935 1205 1956 est
1221 1930 1248 1955 in
1266 1929 1414 1964 publicttm.
1439 1929 1573 1957 Habemus
1599 1938 1663 1964 ergo
1677 1930 1855 1958 Fortunatwn

1080 1975 1266 2003 Pictavensem
1285 1976 1458 2010 episcopum,
1473 1976 1604 2010 aequalem
1623 1976 1743 2010 Gregorii
1770 1977 1857 2004 Tur:—

1077 2022 1179 2054 nensis,
1191 2021 1234 2056 qni
1249 2021 1539 2056 Dionysiil’arisiensis
1552 2022 1681 2057 epocham
1690 2022 1723 2048 ad
1737 2027 1855 2057 tempora

1077 2068 1222 2096 Clementis
1237 2068 1360 2095 retrahit.
1375 2067 1462 2101 Quam
1490 2068 1651 2095 sententiam
1682 2069 1767 2095 secuti
1794 2075 1858 2097 sunt

1076 2115 1194 2150 episcopi
1208 2114 1354 2142 Galliarum
1371 2116 1399 2142 in
1417 2117 1528 2150 cpistola
1545 2117 1577 2143 ad
1596 2116 1742 2152 Eugenium
1761 2125 1856 2152 papam

1077 2162 1177 2195 scripta
1192 2168 1263 2188 anno
1279 2161 1342 2195 824,
1356 2169 1417 2196 qua:
1430 2163 1545 2189 habetur
1562 2164 1631 2196 apud
1655 2164 1799 2190 Baronium
1818 2173 1824 2190 :
1841 2172 1856 2190 a

250 2203 307 2231 lucc
318 2208 379 2230 sunt
395 2203 475 2230 verba
491 2206 524 2230 ad
540 2203 610 2230 diem
629 2211 655 2230 tu
669 2203 783 2231 Kalend.
798 2203 916 2238 Aprilis:
938 2203 1025 2229 Nata-
1042 2204 1063 2232 D
1078 2206 1176 2240 quibus
1189 2205 1338 2233 Fortunato
1357 2212 1424 2234 teste
1440 2208 1506 2235 adeo
1531 2207 1665 2243 locuplete
1683 2209 1757 2237 luitis
1771 2209 1857 2236 disce-

246 2248 279 2276 lis
289 2249 373 2275 sancti
388 2247 479 2281 Pauli,
493 2257 568 2284 quem
578 2249 649 2275 beati
664 2249 776 2284 apostoli
799 2249 953 2276 ordinatum
968 2250 1025 2277 urbi

246 2294 381 2323 Narbona:
395 2295 543 2329 episcopum
570 2295 707 2323 miserunt.
729 2295 813 2329 Quem
830 2296 938 2322 tradunt
953 2304 1026 2322 eum-

245 2343 304 2369 dem
321 2343 405 2375 ipsum
421 2342 502 2376 fuisse
518 2341 638 2376 Sergium
654 2341 767 2368 Paulum
777 2341 955 2376 proconsulem
966 2362 973 2374 ,
988 2343 1026 2369 vi-

245 2396 303 2415 rum
316 2388 479 2421 prudentem,
493 2395 510 2413 ιι
525 2395 576 2422 quo
597 2387 651 2421 ipse
669 2386 770 2414 Paulus
789 2388 897 2414 sortitus
920 2393 957 2414 est
979 2395 1026 2414 uo-

243 2441 312 2466 mcn,
329 2434 392 2468 quia
425 2441 484 2460 eum
507 2433 570 2467 fidei
594 2433 693 2460 Christi
708 2433 866 2467 subegerat:
882 2434 977 2469 quique
993 2434 1024 2460 ab

243 2480 332 2506 eodem
347 2486 438 2506 sancto
464 2478 602 2513 apostolo,
626 2486 685 2504 cum
709 2481 742 2504 ad
770 2477 914 2513 Hispanias
929 2479 1026 2513 pra'di-

247 2526 327 2552 condi
346 2526 431 2560 gratia
454 2529 580 2559 pergeret.
597 2524 666 2558 apud
690 2525 829 2559 pra-fatum
840 2525 929 2551 urbem
947 2524 1024 2551 Nar-

244 2573 336 2598 bonam
350 2572 467 2604 relictus,
481 2570 676 2605 praedicationis
691 2571 772 2605 oﬂicio
786 2579 836 2597 non
850 2571 964 2605 segniter
978 2571 1024 2597 im-

242 2616 323 2650 pleto,
337 2616 425 2643 clarus
440 2616 576 2643 miraculis
592 2620 732 2642 coronatus
747 2616 883 2647 sepelitur.
909 2615 958 2643 llic
970 2617 1024 2643 duo

244 2664 366 2696 quaedam
380 2663 547 2690 observanda
563 2667 636 2690 sunt.
659 2663 698 2690 Ac
717 2663 804 2697 primo
819 2663 937 2698 quidem,
956 2663 1024 2689 Pau-

244 2707 299 2734 lum
313 2707 482 2736 Narbonensi
498 2708 627 2736 Ecclesia:
643 2709 800 2742 pra-fectum
820 2708 977 2743 episcopum
990 2709 1024 2735 ab

246 2753 313 2788 ipsis
330 2755 511 2789 apostolorum
531 2755 709 2789 temporibus.
731 2754 851 2781 absoluta
879 2760 921 2781 est
931 2761 1024 2781 auclo-

243 2799 321 2831 ritas,
337 2807 398 2826 cum
413 2807 505 2827 eorum
519 2800 666 2834 discipulus
693 2800 785 2834 fuerit,
812 2805 841 2827 ut
865 2801 930 2827 dixi.
950 2800 1025 2827 Alte-

243 2852 302 2872 rum
319 2845 425 2880 respicit
443 2852 561 2874 veterem
590 2847 710 2881 tantam,
736 2854 795 2882 qua:
812 2846 923 2874 Paulum
947 2847 1021 2875 illum

1076 2251 1150 2282 dere,
1164 2251 1299 2286 piaculum
1311 2259 1372 2279 esse
1386 2257 1460 2286 puto.

1112 2296 1149 2324 De
1167 2296 1326 2329 Saturnino,
1343 2297 1458 2325 Gatiano
1473 2303 1499 2325 et
1519 2298 1675 2326 Stremanfo
1699 2306 1762 2326 mox
1779 2306 1856 2335 agam

1076 2343 1204 2378 quoniam
1220 2344 1345 2379 specialis
1357 2344 1463 2371 illorum
1479 2348 1622 2372 estcausa.

1112 2389 1170 2417 Non
1189 2397 1231 2416 me
1246 2389 1323 2422 latet,
1338 2390 1403 2424 quid
1419 2391 1539 2418 eruditos
1556 2391 1630 2419 viros
1644 2390 1678 2418 ad
1701 2390 1856 2425 deprimen-

1076 2435 1137 2464 dam
1166 2435 1192 2463 in
1215 2437 1367 2470 posteriora
1392 2440 1512 2470 tempora
1542 2442 1646 2471 septem
1669 2437 1856 2470 episcoporum

1077 2481 1219 2516 cpocbam,
1235 2481 1316 2508 veluti
1341 2481 1494 2516 prtecipites
1514 2483 1617 2517 egerit:
1634 2481 1728 2509 Severi
1750 2480 1858 2513 Sulpitii

1081 2534 1190 2561 nempe,
1203 2532 1285 2560 atque
1300 2526 1420 2561 Gregorii
1436 2526 1602 2554 Turonensis
1613 2527 1769 2554 auctoritas.
1784 2526 1858 2553 Scri-

1075 2573 1129 2607 psit
1141 2573 1184 2600 ille
1197 2594 1203 2607 ,
1228 2573 1282 2600 Sub
1300 2574 1404 2600 Aurelio
1416 2574 1548 2601 Antonino
1560 2574 1613 2601 visa
1626 2575 1738 2608 primum
1752 2574 1778 2600 in
1791 2572 1856 2600 Gal-

1077 2621 1121 2646 liis
1134 2620 1272 2655 martyrio,
1294 2619 1341 2646 Dei
1356 2620 1478 2655 religione
1498 2625 1569 2647 trans
1582 2618 1755 2653 Alpes'serius
1770 2627 1857 2646 susce-

1075 2671 1130 2698 pta.
1157 2664 1233 2693 Unde
1260 2665 1359 2692 tabulis
1392 2666 1583 2693 ecclesiasticis
1614 2666 1693 2692 tidem
1723 2673 1775 2692 nou
1811 2673 1856 2692 es-

1076 2718 1104 2738 se
1121 2711 1269 2737 habendam
1283 2711 1420 2746 colligunt.
1435 2719 1495 2745 quas
1512 2711 1561 2737 sub
1577 2711 1736 2742 Domitiano,
1750 2710 1789 2736 vcl
1806 2710 1856 2736 sub

1076 2756 1204 2791 Trojano,
1221 2756 1267 2783 aut
1281 2758 1400 2784 Adriano
1428 2764 1520 2791 passos
1547 2757 1657 2783 tradunt
1678 2757 1806 2790 quosdam
1822 2761 1854 2782 es

1075 2801 1210 2835 prioribus
1228 2801 1279 2828 illis
1305 2801 1489 2836 pontilicihus.
1508 2800 1618 2828 Utinam
1643 2800 1798 2826 maluissent
1814 2799 1855 2825 iu-

1077 2846 1269 2881 terprctatione
1283 2854 1315 2874 ex
1345 2847 1411 2881 ipsis
1426 2846 1496 2880 juris
1512 2852 1539 2873 et.
1556 2846 1693 2873 rhetorum
1718 2844 1862 2880 principiis
