1982 3159
147 165 180 193 41

785 166 919 195 VALESli
941 166 1135 194 ΡῐὶίἘῖῖᾹΤῐι).

1749 171 1780 197 4‘3

146 224 239 254 ducta.
254 222 385 250 Severum
397 231 458 251 cum
478 223 612 259 diptycbis
627 225 819 264 eerlesiasticis
838 228 863 254 in
876 235 942 254 con-
955 231 979 259 Α
994 235 1045 255 non
1064 227 1154 258 debet,
1164 226 1228 261 quin
1245 225 1366 262 Gregorii
1379 230 1497 262 tempore
1509 227 1605 263 duplex
1622 228 1780 257 invaluisset

146 270 270 298 cordiam
287 269 443 302 adducere;
459 271 550 306 generi
565 270 664 306 quippe
690 279 737 306 per
752 273 869 308 spncicm
886 273 935 302 de-

147 321 271 351 rogatur,
289 320 318 342 ut
345 317 443 344 docent
455 317 653 350 juriscons:tlti.
672 317 710 345 De
734 320 871 354 martyriis
891 328 937 355 ge-

147 361 287 389 neralibus
311 361 433 397 loquitur
459 363 576 390 Severus
588 383 596 395 ,
614 363 721 391 scilicet.
745 365 778 392 de
794 365 865 393 cmtle
880 370 934 392 tum

146 407 320 442 pontiﬁcum,
343 414 398 435 tttm
421 408 506 443 plebis
533 409 714 441 Christianm.
733 418 781 445 per
805 411 935 446 supplicia

145 459 381 489 t-onsumptorum,
401 460 429 482 ttt
444 455 543 483 accidit
557 457 582 483 in
606 457 732 485 Ecclesiis
746 457 891 486 Viennensi
909 463 936 486 et

145 497 320 534 Lugdunensi
339 499 389 526 sub
406 500 560 532 Antonino,
578 509 632 536 quo
659 502 746 529 solum
774 503 936 538 respiciebat

145 543 280 576 Severus;
295 545 338 571 cui
356 545 425 572 cladi
445 546 542 573 similis
560 551 622 574 ante
647 547 717 574 nulla
733 549 884 582 contigerat
907 550 933 577 in

144 589 252 617 Galliis.
269 590 345 623 Quod
367 596 456 619 tamen
483 601 534 620 non
552 593 663 628 impedit
682 595 746 629 quin
768 596 872 630 priores
886 597 936 624 ali-

144 640 214 668 quot
224 635 343 670 episcopi
357 644 406 670 pro
418 636 528 664 Christo
548 643 662 666 mortem
683 639 810 673 obierint,
831 641 934 676 absque

143 681 198 708 ulla
215 686 305 708 tamen
323 683 442 717 generali
462 683 547 718 plebis
556 684 720 713 Christiana:
737 692 836 721 strage,
848 692 877 714 ut
892 688 934 715 fa-

142 732 218 754 ctum
231 733 323 761 postea
334 730 383 755 sub
399 728 489 762 Decio,
500 730 546 764 qui
561 730 633 757 solos
649 730 675 757 in
691 731 833 766 episcopos
847 733 934 760 anitu-

142 773 311 800 advertebat.
321 773 414 809 Neque
427 783 493 803 vero
506 778 630 811 sequitur
642 785 750 805 errasse
764 778 891 806 Severum
907 780 933 807 in

142 820 311 853 pcrlexenda
345 829 434 849 rerum
459 823 545 855 serie,
574 831 635 850 cum
665 831 714 858 per
744 826 932 860 compendium

141 873 252 893 summa
266 867 371 894 illarum
386 868 475 902 capita
492 869 614 904 attigerit
625 890 632 901 ,
647 878 735 905 neque
751 872 777 898 in
793 879 822 900 se
841 880 934 901 susce-

992 273 1130 308 opiuio,et
1144 273 1210 308 quin
1226 277 1342 307 utraque
1360 273 1416 300 sola
1432 274 1563 301 relatione
1575 274 1716 302 niteretur.
1733 276 1780 303 Al-

991 320 1047 347 ttﬁ‘a
1067 324 1201 354 estquam
1218 320 1341 355 sequitur
1355 319 1501 355 Gregorius
1517 321 1569 347 hoc
1584 321 1653 351 loco.
1668 329 1776 355 passum

990 372 1050 391 esse
1075 363 1250 391 Saturninum
1278 363 1350 391 Decii
1365 363 1518 391 consulatu.
1534 363 1600 391 illud
1621 370 1710 392 autem
1730 373 1778 392 att-

990 413 1050 436 ctor
1062 408 1094 435 ab
1110 416 1142 435 eo
1154 408 1278 435 laudatus
1291 408 1390 439 hausit,
1401 416 1452 435 non
1463 415 1494 435 ex
1509 410 1623 437 vetustis
1638 409 1776 437 Saturnini

990 454 1122 487 passionis
1141 455 1223 486 Actis,
1241 455 1287 481 sed
1303 462 1335 480 ea:
1351 453 1424 488 ﬁdeli
1440 456 1628 488 recordatione,
1646 461 1674 482 ut
1689 456 1777 491 loqui-

991 505 1044 526 tur.
1067 499 1176 527 Vetusta
1192 501 1262 527 enim
1277 500 1411 535 passionis
1423 500 1501 534 Acta,
1518 501 1561 527 vel
1578 508 1626 536 per
1645 502 1777 529 incuriam

990 549 1111 580 tempore
1127 545 1172 572 illo
1186 546 1287 580 scripta
1309 552 1362 572 non
1387 545 1506 578 fuerant,
1521 546 1564 573 vel
1580 553 1613 573 ex
1631 547 1777 581 praesidum

989 591 1099 618 decreto
1132 592 1297 627 temporibus
1313 591 1388 619 Decii
1417 591 1479 627 igne
1505 592 1662 626 perierant;
1687 598 1717 620 ιιι
1744 593 1777 621 de

988 638 1064 665 Actis
1077 641 1223 674 martyrum
1237 637 1401 673 generaliter
1415 641 1530 666 testatur
1542 638 1714 666 Prudentius.
1729 639 1777 666 Al-

990 689 1046 712 tera
1065 685 1214 716 sententia,
1238 691 1285 711 sua
1313 692 1420 719 quoque
1442 685 1577 712 relatione
1603 684 1668 712 fulta
1688 685 1778 720 (cujus

989 730 1067 758 testis
1077 730 1133 765 ipse
1147 730 1239 765 Greg.,
1251 730 1295 757 lib.
1310 738 1329 762 l,
1339 738 1364 757 c.
1376 730 1422 762 48,
1435 730 1471 757 De
1482 730 1638 764 miraculis),
1652 730 1778 757 tradebat

988 776 1099 803 missum
1116 774 1291 803 Saturnirium
1301 784 1314 802 a
1327 776 1465 811 discipulis
1478 777 1670 810 apostolorum,
1682 776 1708 803 id
1722 782 1775 809 est,

988 821 1048 856 plus
1065 829 1146 856 quatn
1166 827 1273 849 centum
1288 827 1314 850 ct
1329 823 1526 857 quinquaginta
1548 822 1628 849 antiis
1647 826 1709 849 ante
1724 821 1776 848 De-

988 868 1071 894 cium.
1097 868 1172 895 Adeo
1188 873 1218 895 ut
1244 869 1270 895 in
1292 868 1402 902 ancipiti
1428 868 1524 901 positis
1536 888 1543 900 ,
1559 869 1638 895 liccat
1653 868 1774 895 ultimam

140 912 224 946 perit,
243 913 362 948 origines
378 914 559 943 Ecclesiarum
574 916 786 951 Gallicanarum,
797 926 865 953 quas
877 927 930 946 om-

986 912 1108 947 Gregorii
1124 913 1286 940 sententiam
1307 913 1382 948 scqtti
1394 934 1401 947 ,
1417 921 1476 948 quae
1486 916 1606 940 cohaeret
1623 914 1708 947 priori
1735 914 1773 940 illi

141 958 206 985 nino
233 958 349 986 intactas
375 960 503 994 reliquit,
521 966 548 989 et
577 962 745 997 singulorum
774 964 933 998 pontificum

139 1010 257 1032 eventus
275 1005 394 1034 tradere.
412 1007 487 1039 Quod
499 1011 588 1034 autem
600 1008 748 1043 snbjnngit,
764 1010 935 1037 seriustrans

139 1049 219 1081 Alpes
234 1056 381 1085 susceptam
403 1052 564 1086 religionem,
577 1061 670 1080 verum
687 1059 738 1085 est,
755 1055 845 1081 habita
861 1063 934 1082 com--

139 1095 284 1129 paratione
296 1097 415 1130 partium
433 1096 625 1129 Orientalium,
645 1102 726 1132 atque
743 1099 826 1130 ipsius
840 1098 932 1131 ltalite,

140 1149 199 1175 qute
226 1141 302 1176 prius
317 1142 421 1170 imbuta
448 1147 489 1170 est
514 1143 636 1170 doctrina
663 1143 783 1175 ﬁdei,et
809 1144 933 1172 fortassis

140 1194 200 1214 cum
212 1188 335 1215 uberiori
349 1193 376 1215 et
391 1188 506 1216 laciliori
523 1194 653 1224 proventu
678 1198 759 1224 quam
774 1191 801 1218 in
826 1191 931 1224 Galliis,

140 1234 283 1269 gentilium
295 1235 517 1269 superstitionum
535 1235 772 1264 retinentioribus.

175 1282 292 1315 Depnlsa
308 1289 340 1309 ex
367 1282 468 1310 Severo
492 1286 576 1318 petita
601 1283 725 1312 machina
740 1304 748 1315 ,
767 1283 845 1312 liberi
870 1291 932 1312 esse

138 1333 284 1360 possumus
297 1335 312 1353 a
331 1332 402 1354 metu
416 1328 548 1364 Gregorii.
564 1331 648 1358 Docet
660 1330 718 1364 ipse
731 1330 783 1356 duo
796 1331 930 1364 qumdam,

139 1370 186 1397 lib.
203 1379 211 1398 I
245 1371 331 1404 llist.,
349 1379 409 1406 cap.
428 1373 462 1399 50
478 1382 484 1400 :
501 1373 627 1406 alterum,
646 1379 748 1410 septem
760 1374 820 1402 illos
843 1376 931 1404 socios

139 1417 232 1444 eodem
251 1423 373 1453 tempore
389 1418 416 1446 in
431 1418 533 1446 Gallias
550 1420 717 1455 pervenisse,
733 1420 869 1450 Ecclesias
884 1428 929 1448 se-

139 1468 210 1497 ptem
236 1464 272 1490 ab
299 1471 331 1490 eo
354 1470 582 1493 commetuoratas
604 1465 713 1500 'primos
744 1467 928 1496 constituisse:

139 1508 253 1536 alterum
279 1517 344 1536 vero
360 1530 367 1542 ,
393 1511 490 1537 hortnn
521 1511 666 1539 adventum
700 1511 869 1540 referendum
896 1514 928 1541 ad

139 1559 260 1590 tempora
278 1556 432 1584 consulatui
450 1556 523 1584 Decii
540 1562 568 1584 et
593 1557 670 1585 Grati
687 1558 787 1592 vicina,
802 1559 827 1585 id
838 1564 880 1586 est
896 1559 928 1586 ad

139 1608 239 1629 annum
257 1601 322 1634 250,
339 1608 386 1629 aut
403 1603 523 1630 circiter.
550 1603 614 1636 Qua:
637 1604 759 1631 narratio
786 1604 929 1631 manifeste

139 1653 240 1682 pugnat
256 1655 320 1675 cmn
348 1647 462 1681 lrenaao,
482 1648 528 1683 qui
543 1649 683 1684 sexaginta
704 1654 732 1676 et
748 1649 863 1684 amplius
881 1658 928 1676 an-

140 1692 181 1719 nis
198 1698 262 1720 ante
278 1693 351 1720 hunc
365 1694 536 1721 consulatum
551 1694 734 1722 Ecclesiarum
750 1695 820 1729 apud
839 1695 929 1722 Celtas

140 1738 312 1767 fundatarum
332 1740 466 1767 meminit.
488 1739 594 1775 Pugnat
618 1748 726 1776 qucque
741 1748 802 1767 cum
821 1740 925 1768 Tertul-

140 1783 220 1817 lianc,
230 1786 279 1820 qui
297 1786 409 1821 triginta
427 1787 579 1822 etatnplius
593 1787 674 1814 annis
687 1791 750 1814 ante
774 1786 847 1814 Decii
863 1794 929 1821 epo-

142 1832 230 1865 cbam,
244 1832 370 1860 diversas
382 1833 530 1861 Galliarum
555 1833 682 1861 nationes
701 1833 781 1860 ﬁdem
797 1833 930 1861 Christia-

141 1884 200 1904 nam
229 1878 353 1913 profiteri
380 1883 523 1906 testatur:
544 1887 604 1914 qute
631 1887 692 1906 cum
709 1880 744 1906 sit
768 1888 802 1907 ex
823 1879 927 1911 auditu,

141 1925 218 1958 plane
233 1925 441 1959 praedicantium
467 1925 613 1953 missorum
640 1926 792 1953 ministerio
815 1927 929 1954 diversis

141 1969 192 1997 illis
203 1970 357 1997 nationibus
372 1970 535 1997 infundenda
550 1970 617 2003 fuit;
635 1971 680 2005 qui
692 1971 799 2005 quidem
815 1971 859 1998 alii
875 1979 928 1998 nott

141 2020 200 2041 sunt
211 2021 311 2050 praeter
322 2024 369 2043 eos
379 2035 386 2047 ,
400 2023 467 2050 quos
478 2016 574 2043 tabula:
586 2016 775 2044 ecclesiastica:
788 2017 927 2045 exhibent.

142 2060 245 2089 Erravit
259 2069 325 2092 ergo
338 2062 494 2096 Gregorius,
509 2067 641 2097 praetextu
653 2061 720 2089 Vita:
731 2063 816 2090 sancti
834 2062 932 2090 Satur-

143 2109 206 2138 nini.
216 2109 295 2142 cujus
307 2109 388 2136 verba
398 2109 498 2141 laudat,
512 2110 538 2136 in
556 2110 660 2145 epocha
675 2109 747 2137 Decii
762 2111 927 2137 constituen-

143 2154 193 2186 da;
209 2162 294 2190 quam
311 2156 428 2189 scriptor
439 2155 484 2183 ille
497 2163 556 2182 cum
569 2156 618 2183 soli
637 2156 785 2183 Saturnino
798 2155 928 2190 aﬁigeret,

143 2198 286 2234 Gregorius
297 2200 331 2227 de
346 2208 394 2227 suo
406 2200 439 2226 ad
454 2200 522 2227 alios
546 2201 685 2232 extendit,
702 2208 734 2227 ex
751 2206 857 2234 recepta
873 2199 928 2234 jam

143 2249 196 2272 tum
218 2246 349 2281 opinione
361 2246 395 2274 de
410 2252 513 2281 septem
538 2246 647 2274 illorum
670 2246 808 2274 societate.
827 2246 865 2273 De
879 2254 928 2273 suo

144 2291 275 2320 addidisse
289 2292 358 2325 dixi,
376 2292 504 2326 quoniam
521 2292 547 2319 in
574 2292 664 2319 verbis
690 2293 815 2319 Actorum
832 2292 928 2320 Satur-

145 2337 196 2364 nini
208 2346 267 2373 qua:
289 2338 438 2374 Gregorius
455 2339 557 2371 laudat,
574 2339 646 2366 nulla
669 2339 756 2366 ﬁtsex
772 2339 927 2374 pontiﬁctttn

145 2384 241 2411 mentio
258 2394 266 2418 ;
286 2392 375 2420 neque
390 2385 471 2412 etiam
488 2385 513 2412 in
526 2393 640 2421 corpore
653 2386 776 2412 Actorum
788 2393 847 2420 qua:
859 2386 927 2419 apud

145 2429 248 2457 Surium
277 2435 386 2458 exstant
404 2440 412 2464 ;
431 2439 491 2466 qua;
508 2431 587 2466 plane
606 2436 669 2458 sunt
686 2431 780 2459 eadem
808 2440 869 2458 Cllltl
895 2432 928 2459 iis

147 2476 213 2502 Actis
231 2485 262 2504 ex
290 2477 390 2512 quibus
414 2477 503 2504 locum
530 2485 545 2504 a
566 2485 596 2504 se
619 2477 755 2504 laudatum
780 2477 928 2512 Gregorius

147 2521 284 2558 decerpsit,
298 2532 360 2551 cum
381 2523 476 2551 iisdem
502 2524 613 2552 omnino
628 2524 718 2551 verbis
734 2525 768 2552 ibi
787 2525 861 2552 loctts
884 2524 928 2551 ille

148 2566 291 2602 descriptus
320 2569 483 2603 reperiatur.
513 2568 598 2596 Porro
613 2569 679 2596 Acta
706 2569 750 2596 illa
778 2571 928 2604 composita

148 2617 204 2638 sunt
217 2612 294 2648 longo
311 2614 454 2641 intervallo
470 2619 533 2650 post
556 2614 659 2642 obitum
677 2615 818 2649 Exsuperii
845 2615 926 2642 Tolo—

149 2658 214 2690 sani,
229 2659 305 2693 cujus
322 2660 481 2694 meminere,
497 2665 526 2687 ut
544 2665 617 2688 recte
632 2660 760 2687 observat
780 2660 856 2695 [lngo
873 2660 928 2688 Me-

152 2705 253 2732 nardus.
279 2706 440 2733 Destituitur
466 2707 557 2740 itaque
580 2706 726 2742 Gregorius
750 2707 790 2734 sui
808 2707 927 2734 auctoris

159 2749 306 2782 cstimonio,
333 2750 361 2776 in
384 2758 432 2778 sex
458 2750 632 2786 poutiﬁcibtts
652 2760 659 2778 :
676 2752 743 2778 adeo
769 2755 798 2778 ut
824 2752 925 2786 epocha

150 2795 295 2823 consulatus
309 2797 398 2829 Decii,
416 2796 449 2823 ad
470 2797 557 2824 solum
575 2798 752 2825 Saturninum
771 2798 926 2833 episcOpum

150 2846 178 2866 ex
196 2841 239 2869 illo
251 2842 375 2869 Actorum
392 2843 524 2877 scriptore
538 2843 676 2871 referenda
688 2845 733 2871 sit.

183 2887 254 2920 Quod
274 2894 364 2916 autem
386 2890 420 2916 ad
436 2889 614 2917 Saturninum
637 2890 743 2924 attinet,
760 2891 925 2919 controverti

299 2937 434 2966 PATnOL.
457 2937 515 2967 Gn.
534 2937 605 2967 ΧΧ.

943 1597 964 1626 C

943 2270 965 2296 υ

986 960 1056 994 apud
1069 966 1129 986 cum
1145 966 1196 985 non
1212 963 1402 990 controversae,
1417 959 1449 986 de
1464 967 1518 986 non
1534 959 1692 987 divcllendis
1707 959 1774 986 adeo

986 1005 1089 1040 prolixa
1110 1009 1263 1040 temporum
1280 1005 1482 1039 intercapedine
1498 1013 1512 1031 a
1528 1012 1556 1032 se
1572 1005 1686 1032 invicem
1700 1005 1772 1039 prio‘

986 1052 1061 1078 ribus
1081 1051 1214 1086 episcopis
1234 1063 1239 1079 :
1256 1052 1302 1086 qui
1316 1059 1330 1078 a
1350 1051 1432 1079 Petro
1446 1057 1473 1078 et
1488 1051 1580 1084 Paulo,
1602 1056 1630 1078 et
1644 1051 1773 1086 deinceps

983 1104 998 1124 a
1014 1097 1153 1125 Clemente
1166 1098 1348 1132 apOstoiorum
1361 1098 1492 1133 discipulo
1503 1118 1510 1130 ,
1526 1105 1580 1125 non
1595 1098 1675 1132 longo
1689 1099 1773 1126 inter-

984 1143 1054 1170 vallo
1077 1143 1163 1176 missi,
1176 1144 1287 1170 exordia
1306 1144 1366 1170 ﬁdei
1384 1152 1432 1178 per
1454 1144 1558 1172 Gallias
1577 1150 1772 1179 propagarttnt.

984 1188 1053 1216 llinc
1069 1189 1181 1222 factum,
1206 1194 1235 1217 ιιι
1251 1190 1308 1218 Atio
1335 1190 1360 1218 in
1381 1191 1572 1226 Martyrologio
1595 1191 1771 1219 Saturninum

984 1235 1088 1263 scribat
1103 1243 1210 1270 passum
1225 1236 1275 1263 sub
1299 1237 1388 1267 Decio,
1410 1237 1488 1271 juxta
1514 1238 1628 1272 primam
1647 1237 1771 1272 Gregorii

983 1281 1138 1315 opinionem
1153 1289 1160 1308 ε
1174 1280 1300 1308 Rabanus
1317 1286 1406 1308 autem
1425 1281 1451 1308 in
1466 1290 1514 1308 suo
1525 1281 1718 1318 Martyrologio
1727 1290 1772 1310 se—

982 1333 1081 1361 quatur
1105 1327 1262 1356 secundam.
1280 1327 1415 1360 usurpatis
1432 1334 1538 1362 quoque
1563 1328 1688 1362 Gregorii
1711 1335 1772 1355 ver-

981 1373 1024 1401 bis
1040 1381 1047 1401 :
1061 1372 1117 1400 Iste
1128 1381 1198 1406 vero,
1215 1372 1312 1406 inquit,
1329 1372 1490 1400 Saturninus
1504 1379 1615 1408 martyr,
1630 1377 1658 1399 ut
1675 1373 1770 1407 fertur,

981 1420 1013 1446 οὐ
1029 1419 1206 1454 apostolorum
1218 1419 1352 1454 discipulis
1364 1420 1546 1451 ordinatus,in
1563 1421 1651 1445 urbem
1666 1419 1773 1446 Tolosa-

981 1470 1038 1492 tum
1052 1470 1089 1492 cst
1105 1465 1232 1492 directus.
1247 1465 1323 1498 Quod
1349 1464 1550 1498 intelligendum
1567 1464 1600 1492 de
1614 1464 1769 1494 Clemente.

981 1515 995 1535 a
1009 1516 1063 1543 quo
1073 1509 1170 1536 missus
1187 1509 1285 1536 dicitur
1300 1507 1466 1536 Saturninus
1479 1516 1530 1535 una
1554 1516 1614 1535 cum
1631 1509 1771 1545 Dionysio.

981 1555 1007 1582 in
1034 1555 1106 1582 Acti:
1125 1555 1263 1582 Veteribus
1288 1555 1317 1582 S.
1340 1554 1460 1591 Dionysii
1485 1555 1643 1589 compositis
1665 1563 1680 1582 a
1704 1555 1771 1584 For-

982 1605 1075 1628 tunato
1090 1600 1251 1633 Pictavensi,
1264 1601 1309 1636 qui
1338 1601 1482 1628 secundam
1505 1600 1631 1636 Gregorii
1657 1605 1770 1629 senten-

979 1647 1044 1674 tiam
1081 1647 1261 1674 disertissime
1293 1646 1446 1683 conﬁrmat.
1475 1646 1637 1685 Quanquam
1663 1651 1770 1674 vetusta

980 1691 1009 1718 S.
1030 1691 1167 1719 Saturnini
1186 1692 1253 1718 Acta
1267 1692 1378 1719 missum
1407 1700 1422 1719 a
1446 1692 1526 1720 Petro
1549 1694 1673 1725 doceant,
1691 1697 1718 1719 et
1742 1693 1769 1720 in

979 1738 1099 1765 Elusana
1124 1739 1193 1766 urbe
1206 1739 1459 1774 Novempopulania:
1476 1739 1579 1767 scilicet
1601 1739 1745 1774 metropoli
1759 1761 1768 1771 ,

979 1784 1077 1811 deinde
1088 1784 1264 1819 Pompelone,
1275 1790 1303 1813 et
1317 1787 1344 1812 in
1358 1785 1419 1812 aliis
1432 1785 1623 1819 Hispaniarum
1641 1785 1769 1819 gentibus

979 1830 1115 1858 Ecclesias
1132 1831 1327 1864 constituisse;
1344 1837 1373 1858 ut
1395 1839 1428 1858 ex
1455 1831 1511 1858 suis
1535 1838 1642 1866 quoque
1671 1831 1770 1858 tabulis

979 1875 1099 1903 fatentur
1113 1881 1240 1904 auctores
1256 1876 1378 1911 Hispani.
1403 1876 1456 1903 Sed
1477 1875 1562 1903 satius
1588 1880 1640 1906 est.
1657 1880 1686 1902 ut
1713 1875 1770 1902 ba:-

979 1929 1089 1949 reamns
1102 1922 1196 1950 relatae
1215 1929 1230 1949 a
1256 1922 1388 1957 Gregorio
1405 1922 1556 1953 traditioni,
1572 1921 1677 1948 scilicet
1690 1929 1704 1947 a
1728 1921 1769 1946 di-

979 1967 1090 2001 scipulis
1103 1967 1285 2001 apostolorum
1305 1967 1470 1999 ordinatum,
1487 1967 1512 1994 id
1530 1970 1573 1993 est
1587 1974 1602 1993 a
1617 1965 1768 1998 Clemente,

977 2013 1053 2047 juxta
1066 2012 1256 2040 Fortunatum.

1016 2058 1114 2084 Eadem
1125 2057 1270 2092 explicatio
1291 2057 1442 2086 adhibenda
1458 2062 1499 2085 est
1516 2057 1593 2085 alteri
1608 2057 1678 2090 loco,
1696 2064 1722 2085 c.
1739 2059 1768 2090 8,

981 2104 1018 2132 Dc
1031 2105 1114 2140 gloria
1129 2105 1325 2140 Confusarum,
1339 2107 1382 2133 ubi
1397 2107 1480 2133 tradit
1495 2106 1622 2134 Bituricae
1635 2108 1693 2134 urbi
1708 2114 1770 2134 ver-

980 2151 1055 2183 bum,
1070 2151 1166 2178 salutis
1181 2151 1343 2186 praedicasse
1365 2150 1492 2179 Ursinum
1513 2151 1683 2185 episcopum,
1697 2152 1740 2186 qui
1753 2159 1770 2177 a

980 2196 1116 2230 discipulis
1133 2195 1313 2230 apostolorum
1338 2196 1366 2223 in
1390 2194 1494 2223 Gallias
1509 2196 1655 2222 destinatus
1671 2196 1768 2229 fuerat,

979 2241 1086 2269 scilicet
1102 2249 1118 2268 a
1141 2241 1292 2274 Clemente,
1316 2244 1345 2267 ut
1358 2240 1417 2275 ejus
1432 2241 1499 2268 Vita:
1518 2240 1584 2266 Acta
1607 2239 1768 2274 perantiqua

980 2291 1047 2314 testa
1052 2295 1067 2313 n
1071 2292 1097 2314 ιιι
1102 2295 1124 2314 1⁸.

1016 2332 1155 2368 Speciales
1167 2340 1236 2368 quas
1259 2332 1432 2360 adhibuimus
1453 2332 1626 2366 probationes
1643 2338 1693 2365 pro
1717 2329 1770 2357 ful—

980 2379 1076 2406 cienda
1095 2381 1181 2406 veteri
1208 2379 1310 2414 epocha
1327 2379 1446 2413 quinque
1467 2379 1635 2413 pontiﬁcum,
1651 2376 1769 2411 Trophi-

980 2424 1027 2457 mi,
1043 2423 1130 2457 Pauli,
1145 2424 1286 2456 Martialis,
1300 2424 1430 2460 Dionysii,
1440 2424 1592 2456 Saturnini,
1607 2424 1767 2458 quibuscum

979 2477 1029 2504 par
1059 2473 1102 2496 est
1121 2476 1203 2497 causa
1227 2468 1342 2504 plurium
1368 2469 1482 2497 aliorum
1510 2469 1553 2503 qui
1583 2469 1719 2495 Ecclesias
1741 2469 1767 2495 in

981 2515 1076 2544 Galliis
1088 2516 1280 2548 fundaverunt,
1301 2516 1443 2550 generales
1462 2516 1633 2549 probationes
1655 2523 1688 2542 ex
1712 2515 1769 2543 Ire-

981 2569 1050 2595 naeo,
1075 2562 1240 2589 Tertulliano
1255 2566 1282 2588 ct
1297 2562 1423 2595 Eusebio,
1438 2562 1471 2588 de
1483 2566 1616 2588 vetustate
1635 2561 1770 2588 Ecclesia-

981 2617 1051 2641 rum,
1067 2609 1211 2644 utjuvant,
1224 2609 1263 2636 sic
1286 2613 1408 2635 tnutuutn
1421 2615 1529 2642 quoque
1547 2616 1580 2635 ex
1602 2608 1656 2635 illis
1678 2608 1768 2635 subsi-

980 2655 1052 2682 dium
1064 2655 1184 2689 capittnt.
1201 2655 1257 2687 Qua
1274 2654 1308 2681 de
1325 2661 1354 2681 re
1374 2654 1517 2688 diligenter
1543 2655 1671 2681 disseruit
1698 2654 1769 2689 juris

980 2701 1122 2736 utriusque
1137 2701 1330 2728 celeberrimus
1347 2705 1505 2727 antecessor
1517 2700 1542 2727 in
1556 2701 1699 2728 Academia
1714 2700 1769 2728 To-

980 2747 1072 2774 losana
1090 2748 1222 2774 Antonius
1247 2746 1364 2772 Dadinus
1381 2747 1532 2780 Alteserra,
1550 2746 1598 2774 lib.
1613 2754 1642 2774 tv
1671 2746 1769 2774 Rerum

980 2795 1208 2830 Aquitanicarum,
1223 2801 1247 2820 c.
1260 2793 1287 2820 9.

1015 2842 1092 2876 Quod
1118 2846 1207 2869 autem
1240 2842 1337 2868 attinet
1366 2841 1398 2867 ad
1424 2841 1570 2869 Gatianum
1600 2841 1769 2868 Turoncnsts

981 2888 1108 2917 Ecclesiae
1132 2889 1298 2923 episcopum,
1313 2895 1373 2915 cum
1386 2887 1443 2922 eius
1456 2895 1597 2916 successor
1611 2887 1768 2922 Gregorius,
