1982 3159
208 125 242 153 15

838 125 972 154 VALESII
991 125 1184 157 ΡΗᾸΞΕΑΤΙΟ.

1806 135 1841 163 ιι

208 187 251 214 cui
267 190 406 222 perspecta
423 190 502 214 erant
525 185 654 214 Ecclesiae
671 193 725 214 sua:
741 188 883 223 tabularia,
901 190 996 217 doceat
1013 192 1035 220 Α
1050 191 1129 220 ﬁdem
1159 193 1186 220 in
1217 201 1248 221 ea
1278 194 1452 222 instituerunt
1483 194 1626 229 Dionysius
1660 194 1820 224 Parisiensis
1831 218 1838 229 ,

208 232 346 267 conceptis
362 231 462 264 verbis,
485 231 532 259 lib.
550 239 575 259 rx
607 231 678 259 Hist.
690 254 697 266 ,
713 240 772 267 cap.
786 233 817 260 51
832 255 838 265 ,
853 233 996 261 Gatianuut

208 286 279 306 anno
291 278 362 305 Decii
377 278 464 312 primo
482 286 496 305 a
522 285 591 313 papa
612 279 683 306 sedis
706 279 834 306 Romanae
854 282 997 320 transmis-

207 331 279 357 sum,
289 324 387 351 additis
400 331 508 359 quoque
520 324 624 358 aliquot
640 325 698 358 ejus
711 325 831 359 episcopi
844 326 937 361 gestis,
952 334 998 354 ue—
1010 347 1013 350 .

207 379 260 407 que
272 371 324 398 ulla
349 371 426 398 nobis
443 371 552 399 aliunde
574 377 701 407 suppetat
714 372 872 405 auctoritas,
887 381 940 408 qua
966 374 998 400 il-

207 418 261 445 lum
280 419 313 445 ad
329 418 478 445 vetustiora
495 422 614 452 tempora
633 425 808 451 revocemus,
822 420 996 446 temerarium

206 471 305 492 censeo
334 465 467 492 adversus
492 464 655 499 Gregorium
678 464 713 492 de
735 466 850 500 proprize
872 465 998 493 Ecclesia:

205 517 278 541 statu
295 512 444 546 disputare.
461 511 535 538 Idem
556 511 700 538 dicendum
715 516 780 546 puto
796 512 829 539 de
851 511 998 539 Stremonii

204 559 383 586 Arvernensis
404 558 521 593 episcopi
551 558 654 590 initiis;
671 565 731 592 qua:
758 557 935 593 Gregorium,
957 564 998 584 ut-

205 611 269 640 pote
281 605 368 640 patria
384 605 546 634 Arvernum,
558 609 639 639 alque
651 605 719 631 adeo
737 604 762 630 in
779 604 835 631 suis
851 611 903 631 non
919 612 997 639 pere-

204 651 324 687 grinum.
355 652 441 678 latere
463 658 516 677 non
546 654 681 685 poterant.
712 650 777 683 Qua:
805 649 922 677 fortasse
948 650 998 678 Fuit

204 698 314 724 occasio
323 703 373 724 cur
387 696 567 732 negligentius
582 704 612 724 se
625 696 753 723 habtterit
775 696 800 723 in
817 697 932 723 aliarum
948 696 999 724 Ee-

204 743 350 771 clesiarum
386 742 585 778 investigandis
621 742 717 769 initiis.
746 741 850 775 Quibus
885 744 997 771 exordia

204 790 321 817 duarum
354 789 404 817 sibi
432 789 596 821 chararum,
611 788 780 816 Turonensis
804 794 832 816 et
856 789 996 822 Arvernae,

203 836 305 871 aquari
330 843 383 864 non
411 842 491 870 posse
517 843 579 863 cum
596 835 712 868 videret,
729 835 825 863 tnaluit
850 835 884 862 ad
902 836 996 863 harum

204 887 328 917 tempora
344 881 467 917 priorum
491 881 613 916 quinque
639 881 814 910 fundationes
829 882 997 910 indiscussas

203 928 366 963 deprimere.
396 927 487 961 Quare
511 935 572 954 cum
600 927 672 962 apud
696 928 770 955 viros
797 929 997 957 eruditissimos

203 975 314 1010 antiqua
328 974 512 1002 Ecclesiarum
526 973 728 1009 Gallicanarum
742 975 878 1010 diptycha,
894 974 921 1002 in
937 976 996 1010 qui-

201 1023 253 1049 bus
264 1021 407 1056 pontiﬁces
427 1021 488 1048 ﬁdei
509 1021 662 1056 praedicata:
676 1022 848 1057 antesignani
867 1023 996 1057 descripti

202 1073 277 1100 sunt,
304 1075 365 1095 cum
391 1068 529 1095 missionis
553 1068 710 1102 apostolicae
729 1069 914 1096 vetustissima
930 1076 995 1104 epo-

201 1114 264 1147 cba,
282 1121 315 1141 ex
335 1121 368 1141 eo
382 1113 442 1141 solo
459 1113 548 1148 capite
572 1114 692 1141 nutarint
717 1113 745 1141 in
766 1113 896 1149 temporis
926 1114 996 1142 assi-

201 1161 342 1195 gnatione,
355 1160 426 1195 quod
444 1167 506 1186 cum
534 1159 637 1187 Severo
662 1166 690 1188 et
715 1160 849 1196 Gregorio
874 1168 995 1196 pugnare

201 1205 371 1236 viderentur,
399 1204 598 1239 religiosissimi
621 1205 742 1240 episcopi
767 1205 878 1241 collegae
907 1207 994 1234 nostri

201 1255 331 1286 poterunt
362 1250 496 1284 intrepide
524 1250 550 1277 in
573 1250 630 1278 suis
657 1251 787 1279 Ecclesiis
817 1252 994 1280 decessorum

201 1304 313 1325 suorum
331 1297 457 1324 traditam
474 1305 598 1326 asserere
609 1303 783 1331 vetustatem,
796 1298 885 1326 securi
899 1298 933 1326 de
949 1297 993 1325 illa

200 1349 261 1378 quae
275 1343 377 1370 nostris
403 1343 485 1378 ebjici
508 1343 578 1371 solet
590 1348 712 1371 veterum
726 1349 868 1371 auctorum
885 1345 995 1379 ignora-

201 1389 276 1416 tione
291 1393 338 1416 aut
355 1394 524 1423 contemptu,
544 1394 601 1416 tum
617 1390 699 1417 etiam
716 1389 750 1417 de
764 1389 855 1424 aliquo
870 1390 994 1417 veritatis

200 1435 338 1463 historicas
351 1435 492 1470 dispendio
507 1444 516 1463 :
530 1442 589 1470 qua:
605 1435 708 1470 alioqui
722 1435 871 1470 laboraret,
885 1436 908 1464 si
920 1436 994 1464 Αειᾶι

201 1484 322 1518 antiquis
337 1483 402 1510 ﬁdes
416 1490 464 1510 sua
485 1482 686 1510 detraheretur.
702 1482 796 1518 Itaque
821 1488 919 1518 praeter
939 1491 994 1512 cre—

202 1534 276 1557 teros
291 1529 416 1564 superius
431 1533 609 1561 memoratos,
623 1527 790 1555 Clementem
806 1536 820 1555 a
839 1528 919 1557 Petro
930 1536 996 1564 apo-

201 1576 272 1605 stolo
289 1577 401 1603 missum
421 1576 473 1603 sibi
498 1574 674 1602 vindicabunt
699 1575 847 1608 Metenses,
862 1582 896 1603 ex
920 1576 994 1603 Actis

202 1622 274 1649 unde
299 1621 488 1649 narrationem
514 1628 590 1648 suam
614 1620 704 1648 hausit
725 1620 826 1649 Paulus
852 1621 993 1654 diaconus,

202 1669 298 1696 media:
326 1669 425 1700 relatis,
451 1673 478 1695 et
507 1676 562 1695 non
589 1667 795 1696 contemnendae
823 1668 994 1696 auctoritatis

201 1715 331 1751 scriptor.
344 1714 469 1749 Ejusdem
485 1713 599 1748 apostoli
612 1721 686 1742 curze
697 1734 704 1746 ,
717 1719 743 1741 et
761 1718 853 1749 postea
871 1714 995 1742 Clemen-

203 1763 249 1795 tis,
266 1762 359 1797 plures
380 1761 470 1796 populi
494 1765 633 1794 acceptam
646 1767 753 1795 quoque
775 1760 846 1788 ferre
867 1765 996 1796 poterunt

201 1817 235 1837 ex
254 1809 391 1837 veteribus
413 1808 485 1835 Actis
497 1812 524 1835 et
543 1807 745 1843 Martyrologiis
762 1807 876 1842 primam
891 1807 996 1842 episco-

201 1863 298 1891 porum
322 1863 432 1883 suorum
461 1855 672 1882 institutionetn.
690 1854 812 1887 Quorum
840 1853 949 1881 labores
973 1853 996 1881 si

201 1903 257 1930 suis
272 1902 418 1938 provinciis
435 1909 469 1929 ex
493 1901 608 1936 Augusti
626 1900 752 1928 instituto
775 1899 914 1934 dispositis
931 1898 996 1926 red-

200 1950 311 1983 dantur,
345 1948 504 1976 Tertulltani
519 1948 653 1976 sententia
678 1952 849 1981 quantopere
867 1952 930 1973 vera
950 1944 996 1977 sit,

201 1995 235 2022 de
247 1994 360 2022 diversis
371 1993 519 2021 Galliarum
534 1993 691 2021 nationibus
703 1992 860 2020 Christiana
874 1992 926 2018 [ille
943 1992 996 2019 im-

201 2041 285 2073 butis,
307 2041 419 2075 patebit.
443 2040 629 2068 Narbonensis
653 2041 754 2075 quippe
777 2040 916 2075 provincia
942 2047 995 2066 non

201 2087 288 2115 solum
302 2095 316 2114 a
334 2087 481 2114 Crescente
507 2086 663 2119 Viennensi,
678 2088 724 2114 scd
749 2087 831 2114 etiam
846 2094 860 2113 a
877 2085 996 2121 Trophi-

201 2143 246 2162 mo
262 2134 424 2167 Arelatensi,
439 2142 454 2160 a
469 2133 550 2161 Paulo
563 2133 743 2164 Narbonensi,
757 2133 802 2168 qui
815 2133 939 2168 proxime
952 2140 996 2160 se-

200 2184 282 2208 cutus
304 2184 347 2207 est
363 2179 540 2213 Tropltimum
553 2199 560 2212 ,
575 2184 602 2207 et
618 2179 727 2207 demutn
743 2186 756 2205 a
784 2179 933 2206 Saturnino
947 2179 997 2206 To-

1050 238 1211 267 Saviuianus
1233 240 1398 268 Senoncnsis
1412 261 1421 274 ,
1450 240 1573 268 Nicasius
1599 240 1840 276 Rotltoutagensis,

1049 284 1190 313 Carauuus
1211 286 1405 318 Carnotensis,
1426 288 1453 314 et
1471 286 1593 313 Juliantts
1617 289 1838 316 Cenomanensis.

1051 329 1179 364 Superest
1206 335 1235 358 ut
1264 332 1296 359 de
1324 331 1496 366 Lugtlunensi
1520 332 1630 359 civitate
1657 341 1839 367 qumrautus:

1049 384 1109 411 quae
1124 378 1232 412 quidem
1247 386 1309 405 cum
1329 379 1460 413 principia
1483 379 1655 412 episcopatus
1677 379 1774 406 debeat
1792 380 1840 408 Po-

1050 422 1136 455 thino,
1159 423 1204 456 qui
1232 431 1328 458 passus
1355 424 1405 450 sub
1417 425 1543 455 Antonio,
1575 432 1645 450 anno
1660 425 1760 452 Christi
1779 426 1839 459 177,

1049 468 1234 502 nonagenario
1266 468 1361 502 major,
1384 469 1430 496 sed
1452 468 1566 496 inferior
1581 469 1721 503 Trophiuti
1746 471 1840 497 Arela-

1049 512 1137 541 tensis
1165 513 1351 547 institutione,
1374 522 1427 541 non
1453 515 1549 542 dubito
1564 516 1629 550 quin
1655 516 1735 551 huius
1751 518 1841 544 studio

1049 559 1147 588 debeat
1172 561 1306 595 primitias
1334 561 1407 587 ﬁdei.
1434 560 1592 595 Siquidem,
1616 566 1645 588 ut
1673 563 1842 590 tradiderunt

1049 607 1166 641 episcopi
1183 607 1209 634 in
1234 607 1325 635 libello
1344 607 1435 634 oblato
1455 606 1537 634 Leoni
1560 615 1634 642 papa:
1647 616 1718 634 anno
1733 609 1795 640 L50,
1807 617 1840 636 ex

1050 652 1197 688 Trophimo
1213 654 1285 681 velut
1302 662 1333 680 cx
1351 654 1425 681 fonte
1442 654 1628 689 proﬂuxerunt
1643 655 1722 682 rivnli
1738 657 1798 682 ﬁdei
1814 657 1838 682 in

1049 700 1117 728 alias
1133 699 1281 728 Galliarum
1299 706 1409 734 partes;
1423 701 1494 734 quod
1508 701 1652 728 conﬁrmat
1663 708 1771 736 quoque
1787 701 1840 728 Zo-

1049 746 1110 772 simi
1138 753 1213 780 papa:
1241 746 1366 778 epistola.
1394 746 1484 780 Quare
1524 754 1585 774 cum
1614 747 1709 775 Arelas
1738 747 1839 779 Italiae,

1049 791 1169 819 Orientis
1183 796 1221 818 et-
1237 791 1336 818 Africa:
1359 792 1532 819 commerciis
1546 798 1661 827 pateret,
1678 799 1706 820 et
1724 793 1759 821 ob
1780 801 1838 820 cant

1051 837 1182 864 rationem
1208 836 1339 871 Lugtluno
1360 836 1552 865 ﬂorentissimo
1569 838 1718 866 Galliarum
1743 847 1840 874 empo-

1052 882 1091 908 rio
1101 882 1321 916 conjungeretur,
1340 882 1449 909 obvium
1466 883 1518 909 fuit
1533 882 1682 918 Trophimo
1702 891 1753 919 per
1766 893 1796 912 se
1814 889 1840 913 et

1050 935 1099 963 per
1114 927 1182 955 alios
1194 928 1296 963 legatos
1316 928 1377 955 ﬁdei
1397 928 1560 956 Christiaum
1579 937 1725 958 sementem
1743 931 1779 958 ibi
1795 937 1841 958 sc-

1050 981 1122 1005 rere,
1137 981 1196 1008 quae
1213 974 1319 1000 tandem
1340 974 1365 1000 in
1387 981 1447 1001 eum
1476 974 1593 1001 ﬁdelium
1616 981 1716 1002 coetum
1742 966 1840 1009 crevit,

1049 1019 1122 1054 quia
1140 1018 1256 1047 Pothino
1272 1020 1404 1058 episcopo.
1416 1021 1470 1055 regi
1485 1027 1644 1049 mereretur.

1085 1065 1142 1093 Non
1154 1074 1196 1093 me
1213 1065 1288 1097 latet.
1303 1066 1330 1092 in
1347 1067 1470 1101 quaedam
1486 1069 1565 1100 Acta,
1584 1068 1684 1103 quibus
1698 1068 1759 1096 vitae
1772 1077 1842 1104 pono

1050 1113 1153 1140 tiﬁcum
1174 1112 1281 1140 illorum
1308 1113 1511 1145 describuntur,
1537 1115 1631 1146 multa,
1650 1115 1722 1149 quod
1742 1117 1842 1143 attinet

1049 1159 1083 1186 ad
1095 1166 1188 1186 eorutn
1207 1167 1250 1186 res
1266 1163 1369 1192 gestas,
1389 1159 1542 1193 irrepsisse,
1560 1167 1619 1194 qure
1637 1168 1716 1187 manu
1735 1162 1840 1188 medica

1049 1210 1155 1240 egeant,
1175 1210 1204 1232 ut
1230 1210 1432 1241 repurgeutur;
1457 1207 1684 1241 quemadmodum
1710 1207 1744 1235 de
1768 1209 1840 1235 Actis

1048 1251 1161 1286 hujusce
1182 1251 1291 1286 generis
1309 1252 1467 1280 dcerem-rat
1481 1253 1544 1280 olint
1558 1252 1703 1280 concilium
1721 1253 1840 1281 Franco-

1048 1296 1186 1323 l'nrdicnse
1204 1304 1276 1324 anno
1288 1296 1349 1325 794.
1363 1297 1388 1324 ltl
1405 1303 1494 1325 tamen
1519 1305 1572 1324 non
1595 1297 1678 1324 ollicit
1701 1298 1857 1326 missionis-

1049 1342 1168 1375 veritati,
1185 1343 1218 1370 de
1231 1351 1285 1377 qua
1317 1343 1373 1370 sola
1396 1344 1540 1370 asserenda
1559 1351 1630 1371 tutnc
1643 1344 1741 1380 agitur.
1755 1345 1841 1372 urnis-

1049 1388 1086 1416 sis
1101 1389 1206 1415 catleris
1229 1397 1289 1424 qua:
1313 1389 1339 1416 in
1356 1390 1534 1423 qtmstioueut
1557 1391 1725 1418 adducentur
1742 1399 1758 1418 a
1775 1393 1841 1418 vitis

1048 1436 1174 1467 eruditis,
1193 1437 1226 1463 tle
1238 1436 1336 1470 quibus
1357 1436 1423 1463 alias
1437 1435 1552 1464 fortasse
1571 1438 1733 1465 sententiam
1751 1445 1840 1465 meam

1047 1484 1180 1518 aperiam.
1194 1484 1302 1511 luleritn
1316 1485 1419 1512 amicos
1441 1490 1547 1511 nostros
1568 1485 1700 1518 obtestor,
1725 1489 1754 1511 ut
1777 1485 1839 1511 ἰωή

1047 1529 1189 1556 consulant
1199 1537 1267 1564 quae,
1275 1529 1338 1556 licet
1353 1529 1440 1557 aliena
1457 1531 1490 1557 ab
1502 1537 1595 1557 eorum
1609 1530 1754 1562 sententia,
1770 1531 1840 1564 dixi,

1046 1580 1208 1609 provocatus
1219 1577 1324 1602 tuentlzc
1338 1577 1462 1603 Veritatis
1481 1577 1625 1608 desiderio.
1642 1577 1676 1604 ad
1690 1578 1839 1605 restituen-

1047 1623 1106 1647 dam
1136 1621 1267 1649 Ecclesim
1291 1621 1437 1648 Gallicana:
1454 1622 1637 1656 majestatem,
1654 1623 1744 1658 aliquo
1758 1629 1840 1658 paulo

1047 1668 1216 1695 imminutam
1233 1676 1266 1696 ex
1284 1670 1412 1703 depressa
1439 1669 1552 1703 originis
1584 1669 1655 1696 illius
1680 1673 1815 1697 vetustate
1831 1679 1840 1697 :

1046 1722 1106 1748 quae
1131 1715 1157 1741 in
1186 1715 1267 1742 rebus
1291 1716 1378 1742 sacris
1405 1723 1457 1742 non
1479 1715 1617 1750 vulgarem
1632 1716 1839 1743 venerationem

1046 1760 1194 1788 conciliare
1214 1761 1293 1793 solet,
1307 1766 1363 1787 tum
1385 1760 1526 1794 Ecclesiis,
1542 1767 1596 1787 tum
1611 1761 1692 1788 etiant
1717 1762 1841 1796 imperiis

1046 1806 1212 1834 Christianis
1236 1806 1379 1841 inquibus
1403 1812 1466 1834 sunt
1490 1808 1655 1834 constitutae.
1669 1806 1761 1840 Quare
1784 1816 1839 1835 nou

1047 1852 1219 1884 evertendas,
1238 1852 1286 1879 sed
1310 1853 1465 1879 retinendas
1479 1852 1568 1886 putavi
1591 1860 1650 1886 quae
1669 1859 1732 1879 vero
1745 1853 1840 1879 nitun-

1048 1903 1092 1925 tur
1116 1898 1277 1926 traditiones
1300 1903 1416 1930 nostras,
1442 1899 1578 1933 praecipue
1592 1906 1653 1925 cum
1675 1899 1700 1925 in
1717 1898 1839 1926 Ecclesia

1046 1944 1183 1975 Romana,
1200 1952 1232 1972 ac
1254 1949 1309 1972 loto
1327 1945 1353 1971 iu
1380 1946 1446 1972 urbe
1461 1944 1616 1971 Christiano
1636 1945 1690 1980 jam
1708 1945 1773 1972 olim
1796 1953 1842 1972 re—

1047 1995 1132 2026 cepta:
1143 1991 1261 2024 fuerint;
1277 1991 1345 2018 adeo
1362 1996 1391 2018 ut
1412 1998 1465 2018 non
1477 1998 1605 2025 egeamus
1620 1999 1701 2024 prava
1718 1991 1763 2018 illa
1778 1991 1842 2018 dili-

1047 2038 1137 2073 gentia
1148 2046 1229 2072 quam
1248 2039 1432 2066 adhibuerunt
1456 2037 1493 2064 illi
1509 2037 1554 2071 qui
1571 2038 1652 2064 etiam
1667 2037 1741 2064 falsis
1755 2043 1841 2072 atque

1047 2084 1171 2111 conﬁctis
1185 2084 1235 2111 sub
1248 2085 1357 2112 nomine
1378 2089 1498 2111 veterum
1519 2089 1660 2111 auctorum
1678 2092 1841 2111 monumen-

1049 2130 1093 2163 tis,
1112 2133 1274 2158 vetustatctn
1297 2130 1461 2158 Christianae
1477 2130 1617 2164 religionis
1637 2130 1687 2157 sibi
1708 2137 1840 2165 atrogare

1048 2176 1179 2209 nituntur,
1198 2175 1240 2203 vel
1257 2176 1339 2203 etiam
1353 2182 1488 2210 receptam
1508 2177 1682 2203 continuare.

201 2226 296 2254 losano
313 2226 420 2253 exculta
438 2226 496 2254 fuit.
518 2227 681 2262 Aquitanica
701 2233 716 2253 a
736 2225 858 2253 Martiale
871 2225 995 2253 Lemovi-
1012 2238 1034 2266 ι)
1084 2222 1126 2249 Tu
1140 2230 1215 2255 vero,
1231 2222 1273 2249 vir
1297 2222 1461 2254 clarissime,
1476 2230 1526 2257 pro
1547 2229 1578 2248 ea
1604 2230 1655 2256 qua
1675 2221 1761 2256 polles
1785 2230 1838 2249 non

200 2274 288 2303 censi,
307 2272 404 2300 Ursino
417 2272 592 2304 Bituriccrtsi,
606 2272 745 2300 Frontone
762 2271 993 2306 Pctragoricensi,

199 2325 225 2348 et
252 2320 383 2353 Eutropio
398 2318 574 2350 Santonensi,
597 2326 678 2353 atque
705 2319 786 2345 etiam
811 2325 825 2344 a
845 2317 994 2345 Saturnino

201 2367 227 2392 In
249 2364 508 2399 Novr-tupopulania,
523 2372 581 2399 qua:
595 2372 658 2399 pars
674 2370 733 2391 erat
755 2363 915 2398 Aquitanae.
938 2363 994 2390 Bel-

200 2411 287 2444 gicam
312 2414 477 2438 curaverunt
495 2410 647 2438 Eucltarius
663 2409 844 2442 Trevirensis,
867 2409 993 2437 Clemens

199 2455 339 2489 Metensis,
359 2455 447 2491 Xylus
475 2455 628 2488 Remensis,
655 2460 682 2482 et
699 2454 842 2482 Memmius
868 2453 992 2481 Catalauc

202 2503 303 2531 neusis.
328 2503 405 2538 Quod
423 2503 520 2530 attinet
531 2503 565 2530 ad
581 2502 787 2537 Lugdunensem
804 2501 970 2536 provinciam
985 2521 991 2534 ,

1048 2270 1134 2297 solum
1157 2269 1320 2302 eruditione,
1335 2270 1382 2297 sed
1406 2270 1489 2297 etiam
1514 2269 1672 2304 prudentia,
1693 2269 1725 2295 tle
1743 2274 1840 2296 nostro

1048 2315 1099 2342 isto
1117 2319 1317 2350 conatu,prout
1332 2324 1381 2350 par
1401 2320 1456 2347 cst,
1471 2315 1609 2347 decernes‘,
1630 2319 1658 2341 et
1676 2315 1840 2349 dignitatem

1048 2359 1231 2388 Ecclesiarum
1266 2360 1468 2388 Gallicanarum
1505 2361 1643 2387 robustius
1674 2358 1838 2386 \‘indicabis.

1048 2407 1123 2435 Vale.

1083 2453 1195 2482 Lutetiae
1206 2453 1383 2486 Parisiorum,
1392 2452 1474 2481 Nonis
1485 2451 1664 2488 Septembris,
1673 2458 1745 2479 anno
1757 2449 1839 2480 1658.

1855 2498 1875 2528 ςε-

1855 2530 1861 2544 Ι
