1982 3159
191 166 224 193 53
700 165 878 194 HISTORL‘E
899 164 1178 193 ECCLESIASTICAS
1199 164 1263 191 LIB.
1282 163 1303 191 ι.

1785 165 1819 189 Μ

189 225 206 260 ἢ
223 224 294 251 κατὰ
306 225 337 252 τὸ
350 225 443 252 δοκοῦν
459 227 515 257 τοῖς
532 225 637 257 πολλοῖς
649 225 703 262 (l7)
719 225 882 262 οἰκονομίας,
896 225 964 258 ὰναγ

1029 223 1180 252 divinitatis
1196 224 1366 259 expositione
1384 228 1529 258 repetetur.
1560 221 1627 249 Nam
1653 220 1698 256 qni
1726 229 1817 249 rerum

188 271 264 298 καῖον
279 270 313 298 ἂν
327 270 368 306 εἴη
385 271 580 307 κατάρξασθαι.

1033 271 1060 298 in
1088 270 1207 297 Ecclesia
1231 276 1367 305 gestarum
1396 270 1513 304 posteris
1537 269 1679 297 historiam
1708 268 1818 296 tradere

189 317 314 348 iizslilttil,
340 317 421 344 :IItiIIS
441 319 476 345 ab
500 319 585 352 ipsius
603 318 704 346 Christi
732 319 971 354 (quandoquidem
988 318 1045 352 ejus
1072 318 1154 344 etiam
1183 318 1292 345 nomine
1314 317 1476 348 censemur)
1500 317 1636 345 diviniore
1659 323 1740 352 quam
1760 316 1818 350 ple-

187 363 279 398 risque
291 364 398 392 videtur
406 365 595 393 lucaruatione
605 367 746 394 exordium
760 369 841 396 ducat
854 375 965 396 necesse
975 371 1026 394 est.

455 411 652 440 ΚΕΦΑΛΑΙΟΝ
669 412 706 439 Β’.

191 454 334 493 Ἐπιτομὴ
348 456 556 493 ,κεφαλαιώδης
579 459 645 493 περὶ
668 458 723 492 τῆς
739 459 815 486 κατὰ
837 458 890 485 τὸν
915 460 975 485 Σω-

220 488 354 528 τῆρηᾱξιαὶ
374 488 482 525 Κύριον
497 488 581 527 ἡμῶν
601 488 722 526 ’Ῐησοῦὧ
743 494 873 528 Χριστὸν
904 502 975 528 προ-

219 525 374 560 ϋπάρξεώς
387 535 419 553 τε
434 528 483 554 καὶ
494 525 657 563 θέολοτίαξ.

219 571 314 599 Διττοῦ
335 572 363 599 δὲ
379 573 454 605 δντος
479 574 533 609 (18)
553 574 600 602 τοῦ
623 577 684 602 κατ’
701 575 782 603 αὐτὸν
805 575 915 612 τρόπου,
931 576 976 602 καὶ

181 616 232 643 τοῦ
249 617 297 652 μὲν
310 617 435 653 σώματος
448 620 566 653 ἐοικότος
583 621 698 657 κεφαλῇ,
742 621 807 653 Θεὸς
818 623 974 654 ἐπινοεῖται,

179 662 232 689 τοῦ
246 663 273 690 δὲ
290 664 354 690 ποσὶ
370 664 619 701 παραϐαλλομένου,
670 668 716 694 τὸν
739 668 768 694 ὲν
786 669 852 704 ἡμῖν
872 667 976 704 ἄνθρω-

180 717 235 735 πον
255 709 404 746 ὁμοιοπαθῆ
419 711 467 746 τῆς
481 712 558 747 ἡμῶν
574 713 666 740 ἕνεκεν
680 713 770 743 αὐτῶν
786 714 870 741 ὑπέδυ
888 723 975 750 σωτη-

180 753 262 790 ρίας,
285 755 382 789 γένοιτ’
400 757 433 783 ἂν
447 758 513 793 ἡμῖν
534 759 658 786 ἐντεῦθεν
681 760 790 796 ἐντελὴς
806 761 822 795 ἡ
839 760 894 787 τῶν
910 761 974 787 ἀκο-

178 799 284 827 λούθων
297 802 433 838 διήγησις,
449 805 473 830 εί
495 805 545 840 τῆς
567 806 626 832 κατ’
634 806 716 832 αὑτὸν
732 806 851 842 ἱστορίας
865 807 975 842 ἁπάσης

177 846 235 873 ἀπὺ
252 847 307 874 τῶν
321 849 595 883 κεφαλαιωδεστάτων
611 852 658 878 καὶ
674 852 851 888 κυριωτάτων
867 853 912 880 τοῦ
929 854 974 880 λό-

1304 407 1329 442 5
1348 406 1462 434 CAPUT
1474 406 1504 434 it.

1028 467 1066 494 De
1078 465 1226 494 Scrutaris
1251 464 1358 492 Domini
1378 463 1462 490 uestri
1490 463 1553 489 Iesu
1569 463 1670 491 Christi
1693 465 1818 496 priveris-

1280 510 1362 537 temi‘a
1374 515 1396 536 et
1408 510 1553 536 divinitate.

1063 569 1131 596 Cum
1153 567 1237 603 igitur
1250 565 1348 601 duplex
1376 565 1412 593 sit
1431 566 1457 592 in
1470 565 1580 592 Christo
1594 570 1692 592 natura
1705 586 1713 598 ,
1729 565 1815 593 altera

1028 615 1111 650 capiti
1138 613 1251 641 humani
1273 613 1396 647 corporis
1419 611 1527 643 similis,
1554 612 1703 639 secundum
1734 618 1815 645 quam

1028 663 1100 690 Deus
1115 659 1274 694 intelligitur
1291 666 1298 685 :
1317 658 1402 685 altera
1421 665 1481 692 quze
1495 657 1610 692 pedibus
1627 663 1813 692 comparatur,

1026 711 1162 742 quatenus
1178 705 1427 733 scilicethominem
1449 703 1576 730 humanis
1590 703 1738 730 obnoxium
1753 711 1816 738 pas-

1026 754 1148 782 siouibus
1171 752 1267 780 salutis
1290 755 1390 780 nostra!
1411 758 1494 778 causa
1520 750 1607 777 induit
1622 759 1629 776 :
1643 750 1679 776 ita
1707 749 1814 776 demum

1026 799 1132 833 integra
1148 802 1176 825 et
1188 797 1311 833 perfecta
1325 795 1491 823 narrationis
1505 799 1605 821 nostra:
1620 794 1706 821 series
1725 793 1815 820 futura

1023 851 1075 876 est.
1090 845 1112 872 si
1129 844 1165 872 ab
1177 851 1211 872 eo
1231 843 1303 878 quod
1321 842 1347 869 in
1374 841 1521 869 Servatore
1544 841 1654 868 Christo
1678 848 1815 867 summum

175 901 230 926 γου
247 894 297 930 τὴν
316 894 452 931 ὺςρήγησιν
471 897 666 933 ποιησαίμεθα.
683 887 775 934 Ταύτῃ
798 898 826 924 δὲ
853 899 902 935 ἤδη
926 900 964 926 κα“

1023 898 1050 920 et
1064 891 1140 926 quasi
1163 895 1257 918 vertex
1279 889 1400 917 omnium
1422 893 1478 921 est,
1502 890 1584 916 totius
1606 895 1667 922 quae
1685 888 1719 914 ad
1740 887 1814 914 illum

174 938 230 974 τῆς
250 939 421 975 Χριστιανῶν
442 942 619 978 ἀρχαιότητος
638 943 667 970 τὸ
696 943 809 970 παλαιὸν
833 945 900 980 ὁμοῦ
925 946 972 973 καὶ

175 984 341 1021 θεοπρεπὲς,
353 989 409 1019 τοῖς
420 988 483 1016 νέαν
494 989 578 1024 αὐτὴν
589 990 635 1016 καὶ
652 991 892 1026 ἐκτετοπισμένην,
909 992 972 1027 χθὲς

177 1031 224 1057 καὶ
242 1032 272 1058 οὒ
289 1033 419 1069 πρότερον
437 1037 567 1069 φανεῖσαν
589 1036 843 1072 ὑπολαμϐάνουσιν,
864 1037 970 1064 ἀναδει-

173 1077 319 1113 χοήσεται.

212 1167 309 1200 Γὲνους
333 1169 383 1204 μὲν
405 1167 450 1197 οὖν
469 1171 515 1197 καὶ
532 1171 627 1204 ἀξίας,
648 1173 734 1208 αὐτῆς
750 1182 779 1200 τε
803 1174 896 1206 οὐσίας
919 1175 970 1210 τῆς

173 1211 222 1238 τοῦ
240 1213 359 1248 Χριο-εοῦ
373 1215 420 1241 καὶ
437 1215 554 1249 φύσεως,
570 1217 642 1249 οὔτις
655 1218 688 1245 ἂν
709 1219 749 1250 είς
765 1219 971 1255 ἓκφρασιναύτ-

177 1257 269 1292 ἀρκης
285 1257 390 1291 γένοιτο
415 1257 503 1293 λόγος.
518 1258 555 1297 ⁷ῌ
573 1262 619 1288 καὶ
640 1263 670 1288 τὸ
687 1263 799 1299 Πνεῦμα
816 1264 845 1290 τὺ
859 1264 929 1291 θεῖον
941 1267 970 1292 ὲν

176 1303 369 1338 προφητείαις,
380 1305 451 1340 «Τὴν
469 1306 566 1339 γενεὰν
575 1307 667 1341 αὐτοῦ,
688 1309 765 1344 φησὶ,
777 1310 819 1341 τίς
841 1310 969 1346 διηγήσε-

174 1357 219 1376 ται
233 1358 240 1381 ;
254 1359 264 1375 ο
275 1350 374 1386 Ὂτιδὴ
385 1350 447 1378 οὔτε
454 1351 499 1378 τὸν
512 1353 621 1390 Πατέρα
635 1362 676 1386 τις
688 1355 767 1389 ἔγνω,
781 1357 805 1383 εἰ
818 1356 854 1392 μὴ
865 1358 880 1384 ὁ
894 1357 968 1390 Υἱὸς,

173 1394 230 1422 οὒτ’
247 1393 282 1422 αὖ
299 1396 344 1422 τὸν
370 1396 432 1423 Υίύν
446 1405 489 1429 τις
511 1398 584 1434 γνῴη
609 1399 673 1426 ποτὲ
689 1401 749 1427 κατ’
773 1401 866 1434 ἀξίαν,
889 1392 912 1428 si
932 1403 968 1439 μὴ

176 1441 255 1477 μόνος
272 1443 286 1468 ὁ
300 1443 432 1478 γεννήσας
448 1443 529 1470 αὐτὸν
551 1445 662 1480 Πατήρ’
680 1445 712 1472 τό
731 1455 760 1473 τε
777 1447 835 1481 φῶς
849 1448 880 1474 τὸ
903 1458 969 1485 προ-

174 1488 290 1523 κόσμιον
301 1488 348 1515 καὶ
362 1489 411 1524 τὴν
428 1489 480 1525 πρὸ
493 1489 598 1517 αἰώνων
611 1491 666 1527 (19)
681 1492 777 1528 νοερὰν
790 1493 838 1520 καὶ
853 1494 967 1530 οὺσιώδη

174 1534 293 1568 Σοφίαν,
308 1535 355 1561 τόν
374 1543 403 1561 τε
421 1535 511 1567 ζῶντα
528 1537 575 1563 καὶ
591 1538 620 1564 ὲν
635 1538 706 1573 ἀρχῇ
728 1538 805 1574 παρὰ
827 1539 865 1576 τῷ
881 1541 968 1577 Πατρὶ

1025 939 1142 966 refertur
1171 937 1293 966 historias
1324 937 1456 964 ducamus
1483 935 1602 962 initium.
1633 935 1704 968 Quin
1732 934 1813 961 etiam

1022 984 1186 1011 Christianae
1208 983 1349 1018 religionis
1372 982 1523 1016 antiquitas
1540 981 1621 1009 simul
1640 987 1667 1009 et
1685 982 1814 1014 inajestas

1023 1031 1067 1063 iis,
1084 1031 1129 1064 qui
1151 1034 1286 1057 recentem
1306 1029 1378 1056 illam
1394 1034 1420 1055 et
1442 1029 1613 1063 peregrinam
1634 1035 1696 1054 esse
1718 1027 1814 1054 existi-

1022 1081 1107 1109 mant,
1124 1077 1238 1110 herique
1248 1074 1511 1103 autnudiusteitius
1523 1079 1624 1106 natam,
1641 1073 1692 1101 hac
1709 1074 1814 1100 ratione

1018 1119 1245 1151 manifestissime
1257 1122 1411 1156 apparebit.

1057 1169 1149 1197 Genus
1164 1169 1247 1204 igitur
1259 1168 1358 1196 Christi
1379 1176 1412 1196 ac
1426 1167 1600 1203 splendorem
1611 1187 1618 1198 .
1640 1173 1666 1194 ct
1683 1167 1813 1194 substan-

1022 1216 1087 1243 tiam
1113 1215 1174 1250 ejus
1200 1219 1282 1249 atque
1306 1219 1432 1241 naturain
1457 1213 1547 1241 nullus
1572 1221 1690 1248 unquam
1720 1221 1811 1240 sermo

1020 1262 1159 1297 explicare
1173 1261 1324 1289 sullecerit.
1351 1260 1429 1288 Unde
1451 1265 1478 1287 et
1494 1265 1608 1288 sanctus
1626 1260 1745 1294 Spiritus
1763 1268 1811 1294 per

1020 1309 1166 1344 prophetas
1185 1307 1253 1335 dicit
1271 1316 1278 1334 :
1295 1316 1304 1332 ι
1317 1306 1529 1334 Generationem
1547 1305 1606 1340 ejus
1625 1307 1688 1340 quis
1700 1313 1811 1332 enarra-

1020 1357 1060 1384 hit
1082 1356 1114 1382 ‘?
1129 1364 1139 1382 ›
1156 1354 1224 1382 Nam
1240 1358 1270 1381 ut
1282 1361 1362 1381 nemo
1376 1353 1450 1380 novit
1465 1352 1574 1380 Patrem
1591 1353 1640 1380 nisi
1653 1352 1737 1380 Filius
1749 1373 1756 1385 ,
1770 1352 1812 1380 sic

1020 1408 1100 1428 nemo
1116 1400 1236 1435 perfecte
1253 1400 1329 1426 novit
1343 1399 1442 1426 Filium
1465 1399 1516 1426 nisi
1543 1399 1632 1426 Pater.
1649 1399 1716 1433 Quis
1737 1399 1810 1427 enim

1019 1453 1118 1484 praeter
1133 1447 1240 1473 Patrem
1256 1445 1335 1480 plene
1349 1453 1381 1472 ac
1395 1445 1516 1480 perfecte
1534 1445 1710 1480 intelligendo
1735 1453 1810 1472 asse-

1018 1493 1065 1529 qui
1079 1493 1167 1528 possit
1181 1496 1314 1518 :eternum
1330 1490 1401 1523 illud
1419 1490 1528 1522 lumen,
1552 1489 1765 1517 intellectualem
1783 1494 1809 1517 et

1018 1538 1227 1568 substantialem
1241 1537 1412 1571 Sapientiam
1425 1536 1532 1564 smculis
1549 1536 1677 1563 omnibus
1691 1536 1810 1563 anterio-

176 1579 341 1614 μ’ῃάνοντα
355 1579 420 1607 Θεὸν
431 1581 527 1617 Λόγον,
542 1582 583 1615 τίς
595 1583 628 1609 ἂν
645 1583 713 1619 πλὴν
725 1584 773 1611 τοῦ
790 1586 896 1621 Πατρδς
915 1596 964 1613 κα-

1020 1593 1088 1618 rem,
1102 1587 1192 1612 vivum
1209 1583 1258 1610 Dei
1271 1583 1390 1610 Verbum
1402 1582 1473 1617 quod
1486 1583 1512 1609 in
1524 1582 1657 1618 principio
1671 1588 1729 1610 crat
1739 1582 1809 1617 apud

174 1625 265 1661 ἢτρῶς
282 1627 434 1662 ἐννοήσειε,
453 1628 507 1664 πρὸ
530 1629 618 1664 πάσης
640 1630 755 1663 κτίσεως
772 1633 818 1660 καὶ
839 1633 969 1670 δημιουρ-

178 1682 234 1707 ιιας
247 1673 390 1709 ὁρωμένης
407 1683 435 1700 τε
452 1675 498 1701 καὶ
513 1676 641 1711 ἀοράτου,
655 1676 686 1703 τὸ
703 1677 810 1713 πρῶτον
826 1681 872 1707 καὶ
887 1681 967 1716 μόνον

177 1719 218 1746 τοῦ
228 1719 297 1746 Θεοῦ
310 1720 434 1755 γέννημα
448 1721 514 1757 (20),
527 1722 571 1749 τὸν
583 1723 634 1757 τῆς
649 1724 709 1750 κατ’
725 1725 838 1760 οὐρανὸν
854 1726 966 1763 λογικῆς

175 1765 218 1791 καὶ
235 1764 370 1792 ἀθανάτου
389 1767 519 1801 στρατιᾶς
539 1768 758 1805 ἀρχιστράτηγον
769 1791 776 1802 ,
791 1771 838 1799 τὸν
851 1773 900 1809 τῆς
921 1783 966 1810 με-

178 1810 257 1846 ίάλης
271 1811 370 1846 βουλῆς
385 1812 510 1847 ἄγγελον,
528 1814 573 1841 τον
593 1815 643 1851 τῆς
658 1817 777 1853 ἀρρήτου
795 1819 906 1857 γνώμης
921 1821 968 1849 τοῦ

229 1867 282 1894 lsa.
294 1875 353 1895 Llll.

210 1915 264 1950 (l7)
278 1915 431 1953 Θειοτέρας
450 1914 469 1949 ἢ
482 1914 557 1942 κατὰ
577 1915 609 1942 τὸ
627 1915 738 1953 δοκοῦν
747 1917 808 1951 τοῖς
824 1920 960 1953 πολλοῖς.

176 1950 237 1978 llzec
254 1952 336 1977 verba
353 1951 385 1986 ad
398 1958 490 1977 vocem
502 1951 697 1986 προσωνυμίας
722 1953 814 1980 retulit
838 1950 961 1983 Christo-

177 1986 337 2024 phorsonus.
352 1985 480 2024 Sieenim
498 1987 578 2024 vertit
598 1993 604 2011 :
625 1985 769 2024 Propterea
797 1990 867 2024 quod
897 1991 962 2017 diri-

176 2022 245 2058 aiore
260 2020 575 2058 qiiridanrappellutione,
588 2029 666 2055 quam
681 2020 812 2058 plerisque
829 2025 959 2058 videatur,

175 2055 260 2081 abillo
285 2055 387 2089 dignati
406 2063 508 2082 sumus.
535 2056 588 2084 Nos
604 2064 669 2084 vero
691 2057 724 2083 ad
744 2055 837 2085 vocem
860 2055 961 2087 olzovo;

177 2090 238 2151 μίας
251 2090 309 2117 lucc
322 2090 427 2117 Eusebii
441 2091 522 2117 verba
542 2091 694 2123 retulimus,
718 2093 790 2126 quod
804 2099 831 2121 et
853 2094 962 2122 Museu-

188 2126 250 2151 usin
265 2126 391 2151 versione
405 2132 453 2151 sua
467 2126 564 2151 iecisse
578 2127 801 2151 denrehemtiiur.
813 2129 960 2151 Cnnlirnml

188 2126 250 2152 iisin
265 2126 391 2161 versione
405 2132 453 2152 sua
467 2126 564 2153 fecisse
578 2127 801 2161 deprehenditur.
813 2129 962 2158 Conﬁrmat

178 2166 263 2200 autem
300 2160 710 2200 interpretationem__ii_i)s_traui
736 2163 869 2192 Eusebius
905 2167 963 2200 ipse

176 2196 252 2236 paulo
270 2203 432 2236 supra-cina
458 2196 544 2236 dicitf
566 2196 815 2236 'Yq/chitépggaqt
841 2196 962 2236 κρείττο-

177 2239 217 2262 νος
233 2231 250 2266 ἢ
267 2230 339 2257 κατὰ
350 2229 503 2266 ἄνθρωπον.
520 2229 684 2266 οἰκονομίας.
701 2229 819 2261 Ἐεῑθιιῑι
839 2229 960 2264 Christo-

176 2257 339 2298 phorsouum
356 2257 439 2299 pra'va
460 2257 957 2300 iiiterpiiiict‘ioﬁeditiiniis-iiohingie-
978 2257 997 2283 ο

177 2300 266 2338 pliaui,
287 2300 314 2338 in
333 2308 383 2334 qua
398 2301 691 2338 postfocenrnonoi;
706 2303 808 2338 virgula
840 2307 955 2333 ascribi-

177 2335 294 2374 t_i_tr._Set_l
309 2337 335 2362 in
353 2337 447 2363 codice
462 2336 543 2374 Μςιι,ξ
560 2336 628 2364 Fuk.
650 2337 719 2374 hired.
744 2335 776 2366 εἷο
795 2338 881 2374 Regio
897 2350 955 2368 eam

177 2370 373 2409 distinctionem
390 2379 441 2397 non
459 2372 676 2409 reperimus,sed
688 2373 759 2400 illam
774 2370 858 2408 ipsam
876 2383 955 2409 quam

178 2404 219 2431 hic
230 2405 345 2432 ﬁdeliter
360 2404 553 2439 expressimus.

209 2439 261 2474 (l8)
276 2440 380 2467 Διττοῦ
390 2440 424 2466 δὲ
437 2441 534 2474 ὄντος.
550 2441 638 2469 Nostri
655 2443 762 2470 codices
786 2444 869 2475 Maz..
886 2445 953 2474 Med.

179 2481 207 2511 ac
221 2475 286 2503 Fuit.
299 2481 380 2507 caput
400 2477 514 2509 primum
542 2478 585 2504 hic
602 2479 749 2511 ascriptum
771 2480 870 2508 habent
894 2490 955 2509 cum

180 2509 224 2536 huc
237 2511 361 2549 lemmate
370 2519 384 2549 _:
393 2510 452 2549 flii
463 2511 480 2546 ὴ
496 2511 545 2546 τῆς
557 2509 724 2549 ἐπαγγελίας
740 2514 877 2548 ὑπόθεσις.
905 2516 957 2544 Ne-

180 2552 227 2578 que
240 2546 318 2584 aliier
334 2547 417 2573 editio
435 2545 502 2584 Rob.
521 2545 662 2582 Stephani,
677 2550 723 2583 qui
740 2550 765 2576 in
779 2551 836 2583 ipso
848 2545 955 2584 quidem

181 2584 248 2620 tertii
272 2580 386 2620 Regium
402 2582 532 2615 codiceni,
552 2580 577 2620 iii
594 2585 660 2618 ipsis
676 2580 765 2611 autem
784 2580 903 2620 capitum
923 2588 956 2614 ti-

181 2615 238 2642 tulis
250 2623 296 2650 per
314 2617 470 2653 universum
485 2618 577 2651 operis
593 2615 693 2646 textum
714 2615 848 2653 appositis
869 2622 955 2649 Medi-

180 2656 255 2677 cztiun
267 2652 387 2678 codicem
400 2653 499 2686 ubique
518 2658 628 2681 secutus
636 2660 687 2681 est.
701 2652 754 2682 seu
767 2656 837 2683 hunc
850 2657 954 2684 titulum

180 2685 211 2720 ab
226 2686 273 2713 hoc
288 2686 349 2714 loco
365 2685 476 2720 prorsus
494 2688 611 2715 alienum
625 2696 686 2716 esse
703 2697 783 2717 nemo
797 2699 849 2718 non
869 2692 953 2720 videt.

181 2718 259 2760 llecte
275 2721 355 2760 igitur
365 2718 630 2760 Christopliorsonus
641 2725 712 2752 hunc
723 2726 832 2760 quidem
849 2718 954 2754 titulum

181 2757 252 2796 initio
264 2757 324 2796 libri
340 2759 475 2790 apposuit,
493 2759 551 2796 __l_iic
562 2766 627 2786 vero
640 2757 789 2796 secundum
806 2763 954 2796 capitulum

181 2792 318 2827 titclioavit,
337 2800 417 2827 quem
431 2801 479 2819 nos
493 2793 608 2820 libenter
624 2795 710 2822 seculi
726 2803 830 2824 smnus.

213 2825 265 2868 (φ)
279 2825 415 2868 Καὶξζὴν
436 2827 681 2868 πρρ-αὶιὶψῳν.ῌιιι
705 2831 798 2868 codice
825 2832 908 2868 Regio
924 2841 956 2860 ac

183 2858 300 2900 uetiam
317 2867 352 2900 et‘
363 2858 393 2888 in
403 2858 541 2900 veteribus
557 2865 665 2891 schcdis
681 2858 812 2899 scriptum
825 2858 880 2900 est:
895 2858 956 2895 iiii

183 2894 225 2929 τὴν
255 2896 416 2932 προαιὼνιον
441 2898 536 2934 νοερὰν
566 2900 611 2926 καὶ
635 2894 751 2937 οὑπιώδή
773 2894 883 2937 Σοφίαν1

1021 1632 1129 1660 Patrem
1145 1639 1152 1657 :
1169 1630 1244 1657 illum
1265 1626 1355 1656 omnis
1371 1633 1509 1656 creaturas
1530 1636 1592 1657 cum
1614 1629 1730 1657 visibilis
1751 1635 1808 1657 tum

1020 1677 1165 1706 invisibilis
1181 1675 1392 1714 primogenitum
1409 1674 1489 1702 simul
1507 1679 1534 1703 et
1547 1675 1736 1710 unigenitum;
1755 1675 1808 1711 spi-

1019 1725 1109 1752 ritalis
1125 1724 1201 1751 illum
1215 1727 1244 1750 et
1262 1722 1427 1750 immortalis
1445 1721 1549 1750 militiae
1568 1722 1688 1750 caelestis
1704 1723 1808 1758 princi-

1019 1779 1088 1806 pem.
1108 1770 1197 1804 magni
1226 1769 1333 1796 consilii
1349 1769 1492 1803 augelum;
1511 1769 1585 1795 illum
1598 1776 1705 1796 arcano:
1719 1768 1808 1795 Patris

1023 1819 1064 1848 sui
1089 1816 1234 1845 voluntatis
1255 1816 1409 1846 ministrum
1424 1823 1432 1842 :
1450 1816 1573 1843 omnium
1604 1822 1694 1843 rerum
1727 1813 1807 1842 simul

1015 1921 1124 1955 quidem
1142 1920 1384 1954 discrimine,_sed
1408 1919 1478 1955 quod
1507 1927 1521 1947 a
1542 1920 1621 1947 nobis
1638 1922 1726 1949 omitti
1752 1930 1806 1950 non

1015 1957 1118 1983 debuit.

1051 1990 1157 2028 (sum
1169 1989 1289 2028 ίτρῷτον
1305 1990 1354 2028 καὶ
1372 1991 1469 2028 μόνον
1489 1990 1552 2028 τοῦ,
1569 1991 1805 2028 Θεοῦμγένγ-ημα.

1015 2026 1043 2053 ln
1059 2026 1153 2055 codice
1169 2025 1251 2059 Regio
1273 2031 1300 2054 et
1318 2026 1342 2052 in
1360 2026 1496 2053 veteribus
1515 2026 1621 2053 Schedis
1639 2026 1736 2054 desunt
1751 2025 1806 2057 duo

1014 2061 1105 2095 priora
1123 2061 1265 2090 vocabula.
1278 2069 1338 2095 quae
1356 2061 1483 2096 quoniam
1510 2061 1678 2088 divinitatem
1703 2062 1804 2090 Christi

1015 2096 1179 2125 imminuere
1191 2096 1364 2127 videbantur,
1376 2101 1510 2130 expuncta
1527 2102 1590 2123 sunt
1599 2103 1614 2123 a
1629 2097 1804 2131 quibusdam.

1015 2131 1061 2168 qui
1077 2139 1136 2168 eam
1145 2131 1312 2168 locutionem
1330 2132 1401 2158 ferre
1418 2140 1471 2168 non
1488 2136 1625 2166 poterant.
1640 2132 1722 2160 Multa
1735 2140 1803 2168 quo-

1015 2166 1068 2200 que
1081 2166 1169 2193 aliain
1184 2165 1233 2193 hoc
1244 2167 1334 2200 capite
1355 2167 1452 2202 partim
1480 2165 1594 2198 inulata,
1608 2168 1706 2202 partim
1724 2165 1804 2196 trun-

1016 2207 1077 2228 eata
1089 2206 1151 2228 sunt
1170 2202 1204 2228 ob
1216 2202 1338 2228 eamdem
1355 2210 1477 2229 causam.
1507 2202 1560 2229 Sed
1579 2202 1604 2228 in
1617 2204 1803 2231 vetustissimo

1016 2236 1112 2263 codice
1127 2236 1266 2263 Mazaritto
1281 2244 1344 2263 vera
1368 2246 1400 2264 ac
1426 2238 1547 2272 genuina
1574 2237 1660 2272 ipsius
1693 2238 1801 2266 Eusebii

1012 2272 1149 2305 scriptura
1161 2271 1276 2298 ﬁdeliter
1304 2277 1408 2299 retenta
1424 2271 1476 2302 est.
1495 2273 1625 2300 Scholion
1652 2278 1742 2300 tamen
1768 2275 1801 2301 ad

1009 2307 1160 2342 marginem
1190 2307 1339 2341 ascriptum
1355 2312 1406 2339 est.
1423 2315 1477 2342 quo
1505 2313 1630 2335 monetur
1658 2308 1743 2336 lector
1771 2314 1801 2336 ut

1009 2342 1059 2368 sibi
1080 2341 1222 2376 diligenter
1248 2346 1342 2369 caveat
1363 2343 1398 2370 ab
1419 2341 1470 2378 hoc
1485 2346 1628 2377 prooemio.
1653 2343 1698 2370 Sic
1716 2343 1800 2378 igitur

1009 2381 1084 2403 notat
1095 2378 1127 2413 ad
1138 2378 1194 2413 haec
1205 2378 1286 2413 verba
1297 2386 1304 2403 :
1315 2377 1349 2404 τό
1360 2386 1393 2404 τε
1403 2377 1465 2412 φῶς
1477 2378 1508 2404 τὸ
1520 2379 1706 2413 προκόσμιον
1716 2377 1745 2413 ᾧ.
1755 2379 1800 2406 Se-

1008 2412 1100 2444 quitur
1109 2412 1216 2444 dcinde,
1227 2412 1260 2438 6i.‘
1269 2412 1342 2443 ὅλου,
1359 2414 1473 2447 singulis
1483 2414 1580 2440 litteris
1590 2412 1665 2440 suain
1675 2412 1798 2441 seorsum

1009 2446 1108 2484 lineam
1125 2447 1322 2484 obtinentibus.
1333 2446 1417 2478 Porro
1435 2454 1497 2476 nota
1509 2448 1551 2474 illa
1568 2448 1704 2481 signilicat
1717 2457 1798 2484 φρον-

1007 2481 1124 2511 τιστέον.
1136 2481 1162 2508 id
1182 2489 1223 2509 est
1235 2483 1351 2510 sollicite
1364 2485 1514 2510 cavendum
1531 2491 1600 2510 esse.
1616 2481 1798 2512 Solebathac

1009 2521 1071 2545 nota
1087 2518 1151 2543 olim
1166 2519 1664 2551 apponilocisdubiisetcontroversis.
1680 2518 1797 2547 lsidm-us

1009 2553 1034 2579 in
1047 2553 1116 2579 libro
1131 2560 1138 2579 ι
1156 2553 1306 2587 Originum.
1321 2554 1410 2588 capite
1431 2553 1465 2581 20
1491 2561 1500 2580 :
1526 2553 1575 2580 l’lii
1588 2558 1613 2580 et
1630 2553 1697 2587 lilio,
1713 2554 1739 2582 id
1757 2561 1795 2582 est

1006 2589 1222 2622 pltuontis;lia'c,
1236 2588 1279 2614 ubi
1292 2589 1562 2623 aliquiddiﬁicultatis
1570 2590 1652 2621 εει,οὑ
1667 2590 1792 2616 sollicitu-

1006 2625 1095 2650 dinem
1103 2624 1222 2656 ponitur.
1233 2624 1320 2650 Potest
1331 2625 1411 2650 ctiam
1424 2625 1474 2649 alia
1487 2623 1576 2650 aﬂ‘erri
1592 2624 1736 2657 explicatio
1745 2627 1795 2651 hii-

1004 2658 1049 2693 jns
1075 2663 1155 2689 notae,
1169 2663 1199 2695 iit
1215 2659 1380 2695 ‘seilicethat
1401 2661 1459 2685 dua:
1472 2659 1577 2690 litterae,
1587 2660 1609 2687 si
1625 2661 1699 2693 prior
1710 2668 1759 2695 pro
1772 2671 1796 2687 ω

1007 2699 1141 2725 sumatur,
1153 2693 1306 2729 signiﬁcent
1320 2693 1430 2729 ὡραῖον,
1441 2694 1526 2726 idest,
1543 2695 1628 2721 Iouini
1643 2693 1793 2729 elegantem

1008 2734 1034 2755 et
1054 2729 1227 2765 perpolituni.
1244 2728 1324 2765 Certe
1344 2734 1474 2756 tiamnota
1492 2729 1517 2755 iii
1529 2730 1637 2764 scriptis
1659 2728 1794 2765 exempla-

1008 2765 1084 2791 ribus
1098 2764 1196 2798 apponi
1210 2764 1278 2791 solet
1295 2765 1361 2790 locis
1370 2765 1593 2798 elegantioribus.
1606 2764 1794 2792 Ostcmtitini-

1009 2799 1137 2833 hinupcr
1156 2800 1188 2826 ιι.
1206 2799 1237 2826 Ρ.
1266 2799 1373 2827 Gabriel
1401 2800 1555 2826 Cossartius
1585 2802 1653 2827 aluos
1686 2802 1793 2828 codices

1008 2834 1180 2861 bibliotheca:
1192 2835 1421 2864 Claromontauat.
1436 2835 1551 2861 alterum
1569 2834 1691 2869 Gregorii
1712 2836 1791 2869 Nu...

1007 2869 1123 2906 alterum
1147 2869 1261 2897 Joannis
1276 2871 1465 2906 Chrysostomi
1487 2871 1626 2897 orationes
1652 2872 1793 2897 continen-

1009 2909 1072 2932 tem.
1091 2905 1118 2931 ln
1141 2911 1256 2940 utroque
1272 2905 1408 2934 hacc'iiuta
1425 2906 1522 2942 saipius
1539 2907 1632 2933 visitur
1644 2927 1651 2938 ,
1668 2907 1792 2933 cultiori-
