1982 3159
137 111 183 140 57

668 109 843 138 HISTORIE
862 109 1142 138 ECCLESIASTICIE
1162 109 1226 138 LIB.
1248 110 1267 137 l.
1746 109 1782 138 58

138 179 238 199 ποντα
256 171 378 198 Μωῦσέα
389 191 396 203 ,
412 170 459 197 καὶ
475 171 529 205 πρὸ
543 179 574 203 γε
583 171 665 198 αὐτοῦ
682 171 790 207 πρῶτος
804 171 927 208 Ἀϐραὰμ

992 176 1021 198 ιιι
1035 179 1148 206 magnus
1160 171 1203 198 ille
1213 171 1257 198 Dei
1271 169 1389 199 famulus
1402 170 1517 206 Moyses,
1528 175 1556 197 ut
1571 170 1616 204 qui
1633 174 1695 197 ante
1705 170 1779 196 illtnn

135 219 244 245 τούτου
258 226 288 244 τε
309 218 333 244 οἱ
357 217 451 248 παῖδες
465 218 512 244 καὶ
534 218 590 244 ὅσοι
609 218 757 253 μετέπειτα
772 218 870 245 δίκαιοι
893 227 941 244 πε-

137 263 252 299 φήνασι
264 263 311 289 καὶ
324 262 471 297 προφῆται,
487 262 616 298 καθαροῖς
628 263 746 294 διανοίας
758 262 862 298 δμμασι
876 271 942 297 φαν-

135 309 294 340 τασθέντες
311 308 366 342 (26)
379 328 386 338 .
410 307 532 341 ἔγνωσαν
552 317 582 334 τε
605 308 651 334 καὶ
668 305 711 334 οἷα
735 308 801 334 Θεοῦ
819 308 896 335 Ιῖαιὸἱ
911 308 942 334 τὸ

137 356 287 391 προσῆκον
310 354 463 390 ἀπένειμαν
484 354 575 386 σέϐας.
585 354 670 386 Αὐτὸς
682 355 709 381 δὲ
725 354 848 390 οὐδαμῶς
861 355 941 390 ἀπορ-

137 401 278 437 ραθυμῶν
296 402 343 436 τῆς
359 401 406 427 τοῦ
427 401 532 436 Πατρδς
549 401 698 432 εὐσεϐείας,
713 401 871 432 διδάσκαλος
885 403 941 433 τοῖς

136 449 214 474 πᾶσι
229 448 278 483 τῆς
295 447 600 482 Πατρικῆςκαοίσταται
617 447 742 481 γνώσεως
754 447 819 483 (‘27).
839 445 940 482 Ὧςρθαι

136 495 212 529 γοῦν
227 494 282 529 (28)
299 494 400 528 Κύριος
417 495 431 519 ὀ
446 493 510 524 Θεὸς
525 493 666 528 ἁνείρηται
679 491 723 520 οἷά
733 502 773 525 τις
789 493 878 525 κοινὸς
892 493 940 520 ἇν-

137 541 256 576 Ορωπος
276 540 314 575 τῷ
337 540 463 576 Ἀϐραὰμ
484 540 630 575 καθημένῳ
648 540 722 575 παρὰ
742 541 792 576 τὴν
811 539 875 576 δρῦν
891 541 939 576 τὴν

137 587 281 622 Μαμϐρῆ.
307 587 335 612 ’0
347 586 369 612 δ’
385 586 529 612 ὑποπεσὼν
546 586 645 612 αὐτίκα
660 586 780 620 καίτοιγε
798 585 939 622 ἄνθριιιπον

138 633 295 668 ὀξ-Οαλμοῖς
309 632 378 668 ὁρῶν
390 653 397 664 ,
413 633 560 667 προσκυνεῖ
575 633 623 667 μὲν
637 632 674 663 ὠς
691 632 767 663 Θεὸν,
783 631 896 658 ἱκετεύει
911 632 939 658 δὲ

138 678 181 709 ὡς
197 678 309 714 Κύριον.
334 678 475 713 Ὁμολογεῖ
490 687 519 704 τε
546 677 582 713 μὴ
598 678 704 712 ἀγνοεῖν
720 678 793 709 ὅστις
816 677 870 713 εἴη,
889 679 938 714 ῥή-

140 731 230 758 ματιν
255 725 346 756 αὐτοῖς
369 724 466 758 λέγων·
494 734 503 749 ι
523 724 608 759 Κύριε
627 724 641 750 ὁ
665 724 765 759 κρίνων
787 725 876 751 πᾶσαν
889 724 938 760 τὴν

137 770 206 805 γῆν,
225 771 255 796 οὑ
272 771 394 806 ποιήσεις
412 770 519 805 κρίσιν;
542 780 550 795 ι
570 771 600 796 ΕΞ
615 769 669 805 γὰρ
688 770 781 805 μηῆεὶς
797 771 938 806 ἐπιτρέποι

137 817 222 851 λόγος
243 817 291 852 τὴν
308 817 454 851 ἀγέννητον
473 817 519 845 καὶ
536 816 668 851 ἄτρεπτον
683 817 776 842 ουσίαν
797 817 864 843 Θεοῦ
883 817 936 852 (‘29)

995 217 1065 244 visit
1078 217 1213 243 Abraham
1230 222 1257 243 et
1275 216 1333 251 ejus
1347 216 1403 248 ﬁlii,
1417 221 1444 243 et
1458 217 1610 251 quicunque
1622 222 1713 250 postea
1730 214 1780 242 viri

993 262 1057 297 justi
1071 271 1102 289 ac
1122 262 1261 297 prophetae
1276 261 1450 294 exstiterunt,
1472 270 1565 289 omnes
1585 263 1660 296 puris
1683 261 1780 289 mentis

995 309 1082 336 oculis
1102 307 1275 341 contemplati
1299 312 1477 342 agnoverunt,
1492 308 1634 342 eidemque
1652 313 1779 341 tanquam

1001 355 1050 382 Dei
1066 355 1135 381 Filio
1156 354 1276 381 debitum
1294 354 1393 380 cultum
1415 353 1605 381 exhibucrunt.
1632 354 1690 389 Ipse
1716 363 1780 381 vero

995 401 1098 435 absque
1115 401 1167 427 ulla
1187 401 1357 426 cunctatione
1384 399 1473 427 Patris
1486 400 1526 426 sui
1543 401 1644 427 cultmn
1660 408 1691 428 ac
1709 402 1780 428 noti-

996 447 1059 473 tiatn
1077 447 1204 473 omnibus
1229 455 1334 481 semper
1358 451 1485 480 tanquam
1511 447 1639 480 magister
1657 449 1777 476 tradidit.

995 493 1125 527 Apparuit
1148 493 1231 527 igitur
1261 492 1390 519 Dominus
1418 493 1490 520 Deus
1517 493 1634 528 vulgaris
1661 495 1778 522 hominis

994 539 1086 573 specie
1102 539 1216 566 Abrahze
1231 539 1262 565 ad
1277 546 1405 572 quercum
1419 539 1539 566 Mambre
1553 540 1668 571 sedenti.
1684 541 1718 566 At
1734 541 1778 569 ille

993 585 1085 612 statim
1105 586 1130 612 in
1145 593 1230 619 genua
1250 585 1405 620 prolapsus,
1431 586 1537 612 tametsi
1562 585 1699 613 hominem
1720 591 1779 613 tan--

994 636 1049 657 tum
1066 631 1151 658 oculis
1165 632 1280 664 videret,
1296 632 1419 659 adoravit
1437 632 1617 659 nihilominus
1635 637 1663 659 ut
1677 633 1758 660 Deum
1769 653 1777 666 ,

992 683 1019 705 et
1038 683 1164 712 tanquam
1181 679 1296 705 Domino
1309 679 1485 713 supplicavit,
1514 684 1540 705 et
1560 680 1684 714 quisnam
1707 685 1779 708 esset

992 732 1021 752 se
1033 732 1111 752 nosse
1123 725 1261 760 professus
1274 725 1362 752 cstbis
1376 725 1478 752 verbis:
1495 735 1504 750 ι
1518 724 1639 758 Domine,
1654 726 1698 760 qui
1708 725 1780 759 judi-

992 779 1038 798 cas
1048 777 1155 798 omnem
1167 776 1275 802 terram,
1292 771 1411 805 nunquid
1427 771 1646 805 faciesjudicium
1659 772 1670 798 τ
1685 780 1695 797 ι
1709 772 1776 798 Nam

992 824 1053 842 cum
1070 817 1216 843 absurdum
1232 821 1258 842 et
1271 815 1305 841 ab
1318 816 1391 842 omni
1405 816 1510 844 ratione
1525 816 1643 843 alienutn
1659 816 1704 848 sit,
1720 822 1776 843 tttm

137 862 189 889 τοῦ
211 863 428 898 παντοκράτορος
445 863 483 894 εἰς
501 862 597 898 ἀνδρὸς
610 860 679 894 εἶδος
699 862 886 898 μεταϐάλλειν,
901 864 932 898 μίν

990 867 1019 889 ut
1033 863 1151 898 ingenita
1165 868 1192 889 et
1207 863 1384 889 immutabilis
1398 863 1598 897 omnipotentis
1614 863 1661 890 Dei
1681 868 1776 890 natura

136 908 163 934 δ’
180 907 215 935 αὖ
236 909 366 944 γεννητοῦ
387 908 500 944 μηδενὸς
523 909 660 944 φαντασία
683 907 731 940 τὰς
744 908 798 935 τῶν
814 909 938 945 ὁρώντων

137 955 219 990 ὄψεις
232 956 382 990 ὲξαπατᾷν,
401 955 468 990 μηδὲ
488 954 540 990 μὴν
562 954 668 990 ψευδῶς
682 954 716 980 τὰ
729 956 841 982 τοιαῦτα
854 955 938 982 πλάτ-

136 1001 238 1028 τεσθαι
252 1001 301 1037 τὴν
316 1000 437 1036 Γραῳὴν,
452 1000 518 1031 Θεὸς
529 999 576 1025 καὶ
586 999 689 1035 Κύριος
704 1000 718 1026 ὀ
733 999 832 1034 κρίνων
848 1001 938 1025 πᾶσαν

136 1049 193 1084 τὴν
214 1048 266 1083 γῆν
291 1048 338 1075 καὶ
365 1047 448 1074 ποιῶν
472 1047 561 1082 κρίσιν
585 1048 612 1073 ὲν
634 1045 778 1082 ἀνθρώπου
800 1045 938 1082 ὁρώμενος

138 1097 273 1130 σχήματι,
291 1094 331 1126 τίς
356 1093 388 1120 ἂν
413 1094 504 1129 ἕτερος
527 1093 729 1128 ἀναγορεύοιτο,
746 1093 770 1119 εἰ
796 1093 833 1128 μὴ
855 1093 936 1127 φάναι

137 1141 221 1176 θέμις
236 1141 265 1167 το
279 1140 385 1175 πρῶτον
402 1139 454 1166 τῶν
471 1140 538 1165 ὅλων
561 1139 655 1170 αἴτιον,
675 1139 691 1174 ῆ
712 1139 791 1174 μόνος
809 1140 824 1165 ὁ
846 1140 939 1175 apud”,

137 1187 224 1214 αὑτοῦ
246 1187 352 1221 Λύγος;
376 1187 439 1221 περὶ
460 1183 490 1213 οὗ
514 1186 560 1212 καὶ
581 1187 609 1212 ἐν
634 1185 759 1221 Ψαλμοῖς
774 1185 933 1221 ἁνείρηται·

139 1243 151 1259 ι
172 1233 328 1260 Ἀπέστειλε
339 1233 383 1259 τὸν
403 1232 486 1266 Λόγον
501 1231 592 1263 αὐτοῦ,
610 1232 657 1258 καὶ
668 1231 761 1258 ἰάσατο
770 1231 876 1262 αὐτοὺς,
889 1231 935 1257 καὶ

138 1279 276 1314 ἐρῥὺσατο
290 1280 388 1310 αὐτοὺς
403 1279 435 1305 ἐκ
451 1278 504 1305 τῶν
515 1279 669 1314 διαφθορῶν
685 1277 784 1304 αὐτῶν.
805 1287 814 1303 ι
834 1278 935 1304 Τοῦτον

137 1326 266 1362 δεύτερον
283 1326 352 1362 μετὰ
368 1326 412 1352 τὸν
429 1326 540 1362 Πατέρα
560 1326 662 1360 Κύριον
686 1324 841 1358 σαφέστατα
852 1324 934 1350 Μωῡ-

139 1373 191 1408 σῆς
204 1372 363 1408 ἀναγορεύει
376 1372 477 1406 λέγων’
497 1382 507 1397 ‹
524 1371 641 1408 Ἒϐρεξε
653 1371 754 1407 Κύριος
769 1371 815 1397 ἐπὶ
832 1371 935 1406 Σόδομα

138 1419 188 1445 καὶ
212 1418 337 1453 Γόμοῤῥα
353 1418 423 1444 θεῖον
440 1418 485 1444 καὶ
500 1427 555 1453 πυρ
572 1416 648 1452 παρὰ
667 1417 781 1452 Κυρίου.
801 1426 810 1442 ι
835 1417 934 1444 Τοῦτον

137 1464 187 1489 καὶ
200 1462 238 1498 τῷ
254 1462 350 1488 Ἰακὼϐ
359 1460 436 1494 αὖθις
450 1464 477 1488 ἐν
485 1462 579 1498 ἀνδρὸς
592 1462 710 1496 φανέντα
723 1463 853 1498 σχήματι,
867 1462 933 1488 Θεὸν

136 1510 154 1543 ἡ
173 1508 233 1535 θεία
251 1508 448 1544 προσαγορεύει
464 1508 558 1544 Γραιρὴ
570 1529 577 1540 ,
600 1508 738 1543 φάσκοντα
760 1508 798 1543 τῷ
813 1509 910 1535 Ἰακώϐ
923 1517 929 1524 ·

990 910 1016 937 ἰιι
1032 909 1149 944 speciem
1167 909 1285 936 hominis
1304 913 1489 941 convertatur,
1503 913 1532 935 et
1547 917 1677 943 corporeo
1691 910 1778 937 simu-

990 956 1063 983 lacro
1101 955 1195 983 oculos
1222 956 1383 982 intuentium
1415 955 1509 988 fallat,
1547 960 1601 982 tum
1636 961 1666 982 ut
1696 963 1775 982 sacra

990 1002 1132 1036 Scriptura
1161 1003 1309 1036 quidquam
1337 1001 1489 1035 huiusmodi
1515 1001 1585 1029 falso
1611 1003 1774 1036 conlingat:

990 1049 1061 1075 Deus
1082 1049 1126 1075 illc
1144 1053 1171 1075 et
1196 1048 1326 1076 Dominus
1351 1050 1397 1082 qui
1417 1048 1522 1083 judicat
1547 1056 1654 1076 omnem
1675 1054 1774 1076 terram

987 1099 1014 1120 et
1039 1094 1103 1121 facit
1124 1093 1269 1127 judicium.
1288 1094 1340 1120 sub
1367 1094 1485 1121 hominis
1514 1094 1605 1129 specie
1629 1102 1773 1128 apparens,

988 1140 1113 1175 quisnam
1132 1140 1200 1166 alius
1222 1139 1352 1174 appellari
1376 1140 1463 1174 possit
1485 1140 1725 1175 (quandoquidem
1742 1140 1775 1168 de

987 1187 1076 1221 primo
1091 1194 1182 1213 rerum
1197 1187 1319 1213 omnium
1338 1192 1451 1214 auctore
1476 1187 1532 1214 haec
1552 1188 1679 1221 accipere
1699 1188 1774 1215 nefas

987 1232 1049 1266 est)
1070 1237 1168 1266 przeter
1190 1232 1276 1266 ipsum
1306 1232 1376 1266 qttod
1398 1238 1460 1259 ante
1477 1233 1567 1259 omnia
1585 1233 1706 1260 substitit
1726 1233 1773 1260 Dei

986 1277 1121 1304 Verbum?
1138 1277 1174 1303 De
1187 1284 1240 1311 quo
1256 1277 1337 1303 etiam
1354 1277 1381 1303 in
1397 1276 1511 1303 Psalmis
1535 1277 1636 1304 dicitur
1653 1286 1660 1303 :
1679 1287 1689 1303 ε
1702 1277 1774 1305 Misit

989 1324 1104 1352 Verbum
1141 1330 1221 1349 suum
1244 1327 1272 1350 et
1297 1323 1405 1349 sanavit
1432 1330 1479 1349 eos
1496 1343 1504 1354 ,
1530 1328 1557 1349 et
1586 1323 1688 1357 eripuit
1727 1331 1774 1351 eos

986 1371 1018 1396 de
1039 1369 1260 1404 corruptionibus
1290 1369 1410 1403 ipsorum
1439 1369 1485 1398 ⁵.»
1517 1369 1594 1396 Hunc
1621 1369 1769 1396 secundum

986 1416 1010 1450 7
1029 1421 1087 1450 post
1097 1415 1205 1442 Patrem
1220 1415 1361 1442 Domintttn
1375 1415 1481 1451 Moyses
1493 1415 1637 1443 manifeste
1653 1416 1772 1450 appellat

984 1470 1044 1490 cum
1063 1462 1120 1489 ait:
1141 1471 1151 1486 ι
1168 1461 1242 1488 Pluit
1259 1461 1387 1489 Dominus
1410 1468 1491 1495 super
1507 1461 1653 1487 Sodomam
1669 1465 1697 1488 et
1716 1460 1771 1488 ϐον-

985 1516 1102 1535 ntorram
1122 1508 1235 1542 sulphur
1258 1512 1285 1535 et
1312 1508 1400 1542 ignem
1419 1515 1433 1533 a
1457 1506 1628 1534 Domino'h
1642 1507 1771 1535 Eumdem

140 1564 151 1580 ί
170 1554 270 1580 Οὐκέτι
295 1554 459 1590 κληθήσεται
482 1554 511 1580 τὸ
538 1554 623 1590 ὄνομά
652 1563 697 1581 σου
730 1555 846 1587 Ἰακὼϐ,
873 1555 929 1582 ἀλλ’

987 1556 1079 1582 lterum
1097 1555 1146 1582 sub
1160 1554 1277 1582 hominis
1285 1555 1375 1589 specie
1389 1554 1490 1581 Jacobo
1501 1554 1587 1581 visum
1604 1563 1682 1582 sacra
1698 1554 1771 1582 Scri-

141 1601 252 1637 Ἶσραὴλ
266 1601 341 1628 ἔσται
351 1601 381 1628 τὸ
390 1601 474 1636 ὄνομά
485 1609 542 1633 σου,
554 1601 743 1638 ὅτιένίσχυσας
754 1603 822 1638 μετὰ
835 1602 911 1629 Θεοῦ.
919 1612 928 1628 ι

139 1648 203 1675 Ὅτε
219 1649 265 1675 καὶ
288 1648 416 1675 ἐκάλεσεν
435 1647 533 1674 Ἰακὼϐ
554 1648 584 1673 τὸ
600 1647 685 1684 ὄνομα
699 1648 745 1675 τοῦ
762 1649 844 1675 τόπου
859 1649 932 1675 ἐκεί-

137 1703 194 1726 νου,
206 1693 293 1727 Εἶδος
307 1694 391 1725 Θεοῦ,
408 1694 507 1728 λέγων’
525 1703 533 1719 ι
553 1692 626 1720 Εἶδον
640 1694 694 1730 γὰρ
706 1695 750 1721 τὸν
767 1695 832 1721 Θεὸν
847 1695 931 1730 πρόσ-

137 1749 210 1766 ωπον
224 1740 292 1775 πρὸς
305 1740 460 1774 πρόσωπον,
476 1740 522 1766 καὶ
538 1739 626 1774 ἐσώθη
644 1741 660 1774 ἡ
678 1739 749 1776 ψυχή
764 1748 825 1775 μου.
847 1750 855 1766 ι
874 1741 929 1767 Καὶ

141 1787 192 1821 μὴν
205 1786 258 1812 οὐδ’
273 1786 481 1821 ὑποϐεϐηκότων
494 1786 618 1820 ἀγγέλων
630 1787 677 1812 καὶ
688 1786 852 1821 λειτουργῶν
861 1787 928 1813 (ι)εοῦ

139 1832 187 1862 τὰς
208 1832 410 1867 ἀνα-γραφείσας
424 1832 584 1866 Θεοφανείας
599 1832 722 1858 ὑπονοεῖν
742 1831 831 1867 θέμις.
854 1832 929 1858 Ἐπει

138 1877 185 1903 καὶ
206 1877 308 1904 τούτων
333 1878 396 1904 ὅταν
419 1887 461 1909 τις
479 1877 631 1913 ἀνθρώποις
652 1878 863 1914 παραφαίνηται,
879 1879 928 1905 οὐκ

139 1925 336 1960 ἐπικρύπτεται
354 1926 369 1960 ἡ
388 1925 496 1961 Γραφὴ,
513 1925 642 1961 ὀνομαστὶ
659 1926 688 1951 οὑ
706 1925 782 1956 Θεὸν,
800 1925 859 1951 οὐδὲ
876 1925 928 1960 μὴν

139 1969 249 2005 Κύριον,
273 1970 330 1996 ἀλλ’
346 1970 478 2004 ἀγγέλους
499 1970 666 2006 χρηματίσαι
682 1970 807 2004 λέγουσα,
824 1969 862 2001 ὡς
884 1969 928 1997 διὰ

138 2016 239 2051 κυρίων
262 2017 418 2052 μαρτυριῶν
435 2017 621 2044 πιστώσασθαι
647 2017 745 2052 ῥᾴδιον.
764 2016 863 2044 Τοῦτον
880 2017 928 2044 καὶ

138 2062 276 2095 Μωῡσὲως
298 2063 417 2098 διάδοχος
437 2063 550 2098 Ἰησοῦς,
565 2063 603 2095 ὡς
617 2063 649 2089 ἃν
660 2062 714 2089 τῶν
728 2062 860 2098 οὐρανίων
874 2063 927 2098 ὰγη

173 2123 183 2138 ⁸
197 2121 266 2148 Psal.
285 2129 339 2149 cvt.
377 2122 399 2138 "
413 2122 481 2150 Gen.
498 2130 556 2150 xtx.
595 2122 605 2138 °
619 2123 688 2150 Gen.
705 2130 750 2150 xv.

175 2179 231 2221 (2ίῇ
253 2179 398 2221 βαζζαροῖς
426 2180 560 2221 διανοίας
573 2180 702 2221 ..ὄμμασι
725 2180 930 2221 ηφαιτασθέντ
945 2193 966 2221 D

140 2225 196 2247 τες.
214 2215 280 2241 Rob.
301 2215 455 2248 Stephanus
471 2216 496 2242 in
522 2216 604 2243 variis
622 2215 783 2242 lectionibus
800 2224 868 2249 quas
892 2216 925 2242 ad

140 2251 240 2276 calcem
258 2258 313 2286 sure
325 2251 453 2277 editionis
466 2251 575 2284 adjecit,
591 2255 667 2277 notat
682 2251 751 2278 alias
770 2250 821 2286 legi
847 2260 926 2285 φωτι-

141 2286 255 2316 σθέντες.
274 2285 358 2318 Quam
373 2291 461 2312 tamen
480 2286 642 2320 St-ripturatn
662 2286 687 2312 itt
711 2287 811 2312 nostris
824 2286 924 2313 codici-

140 2321 188 2347 bus
205 2329 255 2346 non
273 2321 433 2355 reperimus.
451 2320 500 2346 nisi
519 2321 588 2355 quod
602 2320 734 2348 Henricus
763 2321 880 2348 Savilius
893 2321 925 2347 ad

141 2364 212 2382 oram
227 2355 286 2381 libri
307 2356 347 2381 sui
375 2357 527 2382 emendavit
551 2355 742 2390 φωτισθέντες·
777 2361 866 2382 tttrtttn
892 2365 926 2383 ex

141 2391 305 2423 conjectura.
321 2399 354 2417 an
372 2399 404 2417 ex
422 2392 472 2417 fide
499 2392 673 2425 manuscripti
688 2391 863 2424 exemplaris.
883 2392 925 2417 in-

142 2432 251 2452 certum.
284 2426 551 2459 Cbristnpborsomts
579 2431 668 2452 tatncn
693 2434 752 2453 eam
783 2426 924 2453 lectionem

143 2466 246 2488 secutus
263 2466 315 2488 εει.
330 2467 358 2486 ιιι
369 2469 400 2487 ex
417 2461 642 2494 interpretatione
661 2461 718 2495 ejus
731 2461 925 2495 appar-eLVer-

144 2496 283 2523 litcnim:
309 2495 382 2522 Puro
406 2497 557 2531 sinceraque
578 2497 671 2523 mentis
696 2502 719 2522 et
746 2497 925 2531 intelligentia?

143 2531 234 2557 lumine
248 2530 387 2557 illustrati.
402 2530 620 2563 Quantorrcctitts
647 2531 781 2558 Muscnlns
793 2552 800 2564 ,
826 2530 870 2564 qui
886 2532 926 2558 sic

142 2567 217 2592 vertit
244 2575 250 2591 :
278 2565 436 2597 Renttrgotis
462 2567 554 2593 utentis
589 2567 673 2593 oculis
707 2567 923 2600 contemplantes.

142 2601 215 2628 Certe
227 2601 411 2635 φαντάζεσθαι
425 2601 493 2627 idem
506 2607 546 2628 est
561 2609 591 2628 ac
605 2603 754 2628 κατανοεῖν.
778 2602 823 2628 Sic
845 2601 925 2628 Eusc-

145 2636 234 2663 bittsin
251 2637 343 2663 libro‘t
361 2637 396 2662 De
410 2637 462 2662 vita
487 2636 666 2666 Constantini.
692 2646 744 2663 non
770 2638 863 2671 procul
889 2637 924 2662 ab

143 2671 214 2707 initio
227 2680 234 2698 z
248 2671 391 2698 κάνταῦθα
402 2671 450 2706 τὴν
462 2672 664 2707 τρισμακαρίαν
675 2672 761 2707 ψυχὴν
775 2672 848 2707 αὐτῷ
865 2671 924 2706 Θεῷ

143 2706 271 2733 συνοῦσαν
282 2707 458 2740 φαντάζεται.
472 2707 561 2739 Quare
574 2706 663 2734 iultoc
679 2706 746 2733 loco
759 2707 925 2741 φαντασθέν-

142 2750 180 2773 τες
194 2742 289 2768 referri
304 2742 385 2768 debet
400 2742 433 2767 ad
448 2750 541 2769 vocem
554 2741 646 2769 τοῦτον
659 2750 719 2775 qum
731 2743 808 2769 initio
821 2742 923 2775 periodi

144 2777 222 2811 posita
237 2782 289 2803 est.
305 2776 390 2802 Porro
406 2777 514 2803 verbum
529 2777 579 2804 ltoc
605 2777 803 2812 φαντασθέντες
825 2778 925 2812 legitur

144 2813 215 2838 etiam
231 2813 302 2846 apud
316 2812 500 2844 Nicephorum
514 2813 540 2838 ῑιι
555 2812 600 2838 lib.
615 2821 620 2838 l
637 2812 763 2838 llis/aria:
791 2812 925 2838 Ern/asia-

146 2847 217 2881 ttica’,
231 2854 292 2883 cap.
306 2847 333 2882 2,
351 2847 395 2882 qui
419 2847 468 2874 hoc
492 2847 652 2882 principium
667 2847 793 2875 Ilistorite
815 2847 923 2875 Eusebii

983 1607 1061 1637 plura
1082 1601 1164 1628 Detttn
1190 1601 1327 1633 nominat,
1350 1603 1395 1635 qui
1415 1601 1454 1628 sic
1480 1601 1611 1629 Jacobum
1637 1602 1770 1629 allocutus

981 1652 1023 1675 est
1040 1657 1046 1676 :
1066 1656 1075 1673 ι
1096 1646 1152 1674 Νοιι
1171 1647 1287 1681 amplius
1309 1648 1450 1674 vocabitur
1464 1655 1561 1675 nomen
1586 1653 1658 1675 tuutn
1676 1648 1770 1680 Jacob,

981 1694 1029 1721 sed
1055 1693 1138 1721 Israel
1165 1693 1218 1720 erit
1236 1701 1333 1720 nomen
1356 1699 1449 1726 tuum,
1468 1695 1530 1729 quia
1547 1694 1684 1722 invaluisti
1709 1702 1771 1722 cun:

982 1742 1035 1768 Deo
1050 1741 1070 1768 ⁸.
1088 1750 1098 1766 ι
1117 1740 1191 1768 Unde
1202 1745 1228 1768 et
1241 1739 1357 1768 Jac-obus
1373 1740 1459 1768 locum
1476 1741 1548 1768 illutn
1563 1742 1671 1768 vocavit
1688 1740 1772 1768 Visio-

982 1795 1039 1813 nem
1052 1787 1111 1813 Dei.
1128 1796 1137 1812 (
1158 1787 1215 1813 Vidi
1228 1786 1311 1817 enim.
1325 1787 1424 1821 inquit,
1434 1787 1515 1814 Deum
1532 1787 1601 1814 facie
1615 1787 1648 1814 ad
1664 1786 1771 1819 faciem,

981 1837 1008 1858 et
1023 1833 1095 1859 salva
1110 1831 1179 1859 facta
1196 1837 1237 1859 est
1252 1833 1343 1859 anima
1359 1841 1428 1860 mea.
1447 1842 1456 1858 ι
1472 1832 1552 1859 Nefas
1569 1841 1649 1867 porro
1662 1838 1704 1860 est
1722 1833 1772 1860 hu-

979 1878 1098 1912 jusmodi
1119 1878 1165 1905 Dei
1196 1878 1313 1905 visiones
1330 1886 1390 1913 quae
1421 1881 1508 1906 sacris
1531 1880 1627 1906 litteris
1656 1880 1771 1914 prodita:

982 1929 1054 1956 sunt,
1071 1924 1258 1951 ministrorum
1274 1925 1319 1951 Dei
1336 1930 1363 1952 et
1383 1925 1538 1959 angelorum
1552 1925 1669 1952 visiones
1687 1925 1771 1952 fuisse

982 1971 1124 2005 suspicari.
1142 1971 1247 1998 Etenim
1261 1971 1369 2006 quoties
1393 1971 1550 2006 angelorum
1569 1971 1666 2006 aliquis
1683 1971 1771 1999 homi-

981 2016 1060 2044 nibus
1085 2017 1226 2052 apparuit,
1254 2025 1425 2052 nequaquam
1458 2018 1484 2046 id
1511 2018 1663 2046 dissimulat
1691 2026 1770 2046 sacra

981 2062 1137 2099 Scriptura;
1150 2063 1365 2097 sednominatim
1373 2065 1508 2100 angelum,
1519 2073 1572 2092 non
1584 2071 1673 2093 autem
1686 2065 1770 2093 Deum

982 2181 1079 2211 nostri.
1091 2181 1203 2215 elegans
1216 2180 1337 2214 profecto
1355 2185 1435 2214 atque
1448 2182 1590 2212 eximium.
1615 2182 1716 2209 additis
1738 2185 1767 2210 et

983 2216 1150 2247 interpolatis
1165 2217 1256 2243 verbis
1268 2217 1428 2250 quibusdam
1442 2217 1612 2250 compilavit.

1016 2251 1072 2284 (‘27)
1085 2251 1271 2284 Διδάσκαλος
1284 2251 1346 2284 τοῖς
1359 2251 1433 2278 πᾶσι
1445 2251 1501 2285 τῆς
1516 2252 1664 2286 Πατρικῆς
1687 2252 1770 2279 καθι-

980 2293 1086 2313 arum;
1100 2286 1246 2321 γνώσεως.
1261 2288 1296 2313 Ita
1310 2287 1419 2321 quidem
1433 2287 1458 2313 iu
1475 2288 1540 2321 Reg.
1554 2289 1648 2314 codice
1669 2287 1769 2321 legitur

980 2326 1006 2357 et
1019 2322 1043 2347 in
1058 2323 1194 2349 veteribus
1207 2323 1324 2353 sehedis,
1342 2323 1387 2348 sed
1401 2322 1427 2348 itt
1442 2323 1555 2357 optimis
1567 2323 1768 2356 exemplaribus

980 2356 1048 2383 Maz.
1072 2357 1175 2383 scilicet
1202 2364 1233 2383 ac.
1256 2357 1325 2383 Med.
1349 2356 1479 2384 scribitur
1502 2357 1658 2384 καθίστατο.
1682 2357 1768 2390 Quam

980 2392 1141 2425 scripturam
1157 2392 1283 2426 equidem
1298 2393 1383 2427 magis
1396 2393 1490 2426 probo.
1505 2393 1605 2426 quippe
1618 2400 1678 2426 qua:
1703 2400 1766 2419 ctnn

980 2427 1158 2461 sequentibus
1170 2428 1280 2454 Eusebii
1294 2429 1384 2454 verbis
1398 2429 1486 2461 aptius
1499 2429 1641 2454 coluereat.
1657 2428 1686 2454 In
1699 2427 1766 2456 Fuk.

980 2469 1011 2488 ac
1024 2461 1161 2496 Saviliauo
1178 2470 1225 2496 pro
1238 2463 1319 2489 verbo
1332 2462 1493 2489 καθίσταται
1506 2463 1604 2496 legitur
1615 2462 1719 2496 γέγονε.

1015 2497 1070 2531 (28)
1084 2494 1192 2531 τΩφθᾱι
1206 2497 1290 2532 γοῦν.
1305 2497 1350 2524 Sic
1367 2498 1452 2524 nostri
1461 2494 1570 2524 codices
1590 2494 1669 2528 lllaz.,
1684 2497 1765 2530 Med.,

979 2531 1048 2559 Fuk.
1063 2537 1090 2558 et
1102 2532 1196 2559 Savilii
1209 2533 1340 2566 scriptum
1354 2533 1463 2559 habent.
1479 2533 1515 2559 lla
1538 2540 1646 2566 quoque
1667 2533 1771 2567 legitur-

979 2568 1047 2600 apud
1071 2567 1262 2600 Nicephorum.
1277 2567 1362 2594 Porro
1375 2567 1408 2594 ab
1422 2568 1463 2594 bis
1477 2568 1567 2594 verbis
1589 2576 1649 2602 cap.
1662 2568 1679 2594 ‘2
1692 2568 1767 2595 ordi-

980 2607 1062 2628 untur
1085 2603 1164 2629 iidem
1180 2604 1297 2633 codices,
1313 2604 1411 2637 quibus
1434 2603 1544 2630 Roberti
1565 2603 1694 2636 Stephani
1709 2604 1766 2631 edi-

979 2637 1016 2663 tio
1027 2638 1173 2664 consentit.
1198 2638 1249 2664 Sed
1277 2646 1339 2669 nos,
1363 2638 1639 2672 Christophorsomtm
1666 2639 1764 2671 secuti,

978 2672 1058 2699 aliter
1077 2673 1163 2706 capita
1179 2673 1361 2705 (Lstinximus,
1376 2673 1454 2707 cujus
1467 2674 1503 2700 rei
1514 2674 1569 2707 jam
1582 2674 1706 2708 superius
1720 2682 1766 2700 ra-

982 2708 1019 2734 tio
1034 2708 1137 2734 reddita
1151 2713 1203 2734 est.

1014 2742 1202 2780 (‘29)70_Dalaif
1218 2742 1301 2780 Θεοῦ.
1316 2743 1370 2780 lloc
1380 2743 1442 2780 loco
1453 2743 1546 2770 οὐσίαν
1560 2744 1640 2771 sumit
1652 2752 1700 2778 pro
1718 2744 1764 2780 hy-

978 2778 1142 2812 postasi.lta
1155 2778 1228 2804 enim
1253 2778 1323 2811 lnqui
1346 2778 1468 2806 solebant
1494 2780 1670 2806 ecclesiastici
1697 2778 1760 2806 scri-

979 2818 1070 2849 ptores
1084 2818 1146 2849 ante
1159 2813 1289 2849 synodum
1310 2813 1456 2848 Nicaenam,
1471 2819 1500 2841 ut
1512 2815 1589 2843 docet
1602 2814 1714 2843 Photius
1737 2815 1769 2844 in

981 2847 1154 2882 Bibliotheca,
1170 2847 1229 2884 cap.
1246 2848 1305 2877 “9.
