1982 3159
110 162 145 191 65
640 163 814 192 HISTORIE
834 163 1112 191 ECCLESIASTICAS
1130 163 1195 192 LIB.
1216 164 1237 193 Ι.
1715 167 1751 197 66

109 230 157 253 νας
173 222 225 248 καὶ
242 222 368 258 σύμϐολα
386 223 518 249 σαϐϐάτου
538 223 610 255 τινος
626 223 756 258 μυστικοῦ
772 223 819 250 καὶ
835 232 908 259 περι-

962 224 995 249 ab
1019 223 1137 258 antiquis
1163 223 1217 250 illis
1235 223 1356 251 Hebraeis
1373 224 1505 260 originem
1523 226 1643 260 ducens,
1659 227 1752 255 divino

108 268 207 303 τομῆς,
229 268 338 304 ἑτέρων
351 277 379 295 τε
402 269 504 304 νοητῶν
519 269 703 305 θεωρημάτων
720 269 774 305 (45)
797 270 912 303 etcurru»

108 312 170 346 γὰς,
185 312 248 339 ἀλλ’
276 314 326 340 οὐκ
341 313 423 345 αὑτὰς
442 315 566 350 ἐναργεῖς
586 315 728 351 παρεδίδου
742 315 792 347 τὰς
809 324 911 351 μυστα-

108 360 227 393 γωγίας.
255 360 303 392 Ὠς
316 360 344 386 δὲ
360 361 409 396 τῆς
427 361 501 396 παρὰ
514 361 617 393 τούτοις
632 362 790 397 νομοθεσίας
809 362 911 398 βοωμέ-

108 414 168 440 νης,
186 406 238 432 καὶ
255 407 343 442 πνοῆς
357 407 433 442 δίκην
443 407 556 439 εὐώδους
568 409 607 440 εἰς
621 408 742 440 ἅπαντας
753 409 910 445 ἀνθρώπους

109 451 314 488 διαδιδομένης,
328 453 376 488 ἤδη
394 453 455 479 τότε
469 453 497 486 ἐξ
509 453 596 480 αὐτῶν
611 455 658 481 καὶ
674 457 730 486 τοῖς
743 456 845 483 πλείοσι
858 457 910 482 τῶν

109 498 196 524 ἐθνῶν
214 499 264 525 διὰ
287 499 341 525 τῶν
363 500 513 534 πανταχόσε
527 501 678 536 νομοθετῶν
697 511 726 528 τε
744 502 790 530 καὶ
805 503 910 538 φιλοσό-

109 552 167 578 φων
190 546 365 581 ἡμερώτατα
389 547 549 582 φρονήματα
571 547 642 583 (Μ),
669 549 717 584 τῆς
743 550 841 585 ἀγρίας
863 551 910 577 καὶ

108 590 238 625 ἀπηνοῦς
255 591 403 627 θηριωδίας
415 592 461 618 ἐπὶ
475 593 504 619 τὸ
515 595 600 629 πρᾶον
613 595 762 631 μεταὸεὸλη
768 596 860 631 μένης,
873 597 910 628 ὡς

108 638 156 665 καὶ
171 639 292 673 εἰρήνην
307 639 415 674 βαθεῖαν
432 639 521 674 φιλίας
533 649 562 667 τε
574 641 620 667 καὶ
634 642 774 676 ἐπιμιξίας
786 642 854 678 πρὸς
864 643 910 670 ἁλ-

109 684 211 721 λήλους
230 687 306 722 ἔχειν
319 697 325 703 ·
350 688 499 723 τηνικαῦτα
515 690 581 715 πᾶσι
597 689 628 724 δὴ
651 689 742 715 λοιπὸν
757 689 909 724 ἀνθρώποις

109 731 159 758 καὶ
169 733 231 763 τοῖς
248 732 302 759 ἀνὰ
319 733 367 767 τὴν
381 734 542 769 οἰκουμένην
560 733 673 766 ἔθνεσιν,
688 734 724 765 ὡς
736 734 769 761 ἂν
785 743 910 769 προωφε-

109 777 244 813 λημὲνοις
257 779 306 806 καὶ
316 780 364 814 ἤδη
381 781 556 815 τυγχάνουσιν
571 781 733 816 ἐπιτηδείοις
745 781 812 816 πρὸς
825 790 910 816 παρα-

110 822 195 858 δοχὴν
210 824 265 859 τῆς
286 824 332 851 τοῦ
358 825 462 861 Πατρὺς
487 825 622 858 γνώσεως,
643 827 657 854 ὁ
677 827 757 858 αὐτὸς
779 827 810 862 δὴ
830 828 909 855 πάλιν

111 869 220 901 ἐκεῖνος
243 871 258 896 ὁ
278 870 332 897 τῶν
355 871 460 906 ἀρετῶν
480 871 637 903 διδάσκαλος
651 872 706 907 (55)
719 893 726 904 ,
744 873 758 899 ὁ
781 873 809 899 ὲν
827 875 908 900 πᾶσιν

111 915 229 948 ἀγαθοῖς
243 915 293 942 τοῦ
306 917 412 952 Πατρὺς
429 917 578 952 ὑπουργὸς,
592 918 606 943 ὁ
629 916 699 948 θεῖος
725 917 771 944 καὶ
787 918 910 954 οὐράνιος

111 960 160 986 τοῦ
177 961 248 987 Θεοῦ
268 962 370 996 Λόγος,
392 962 424 988 δι’
439 962 581 998 ἀνθρώπου
604 962 674 989 κατὰ
690 963 771 998 μηδὲν
786 963 911 999 σώματος

111 1007 193 1042 οὐσίᾳ
207 1007 261 1042 τὴν
275 1007 412 1043 ἡμετέραν
429 1007 508 1043 φύσιν
530 1008 741 1040 διαλλάττοντος,
758 1009 910 1044 ἀρχομένης

112 1053 164 1088 τῆς
181 1053 328 1088 Ῥωμαίων
343 1053 478 1088 βασιλείας
494 1054 642 1088 ἐπιφανεὶς,
653 1054 763 1080 τοιαῦτα
776 1054 871 1089 ἔδρασε
881 1063 910 1080 τε

114 1098 162 1124 καὶ
188 1099 343 1130 πέπονθεν,
366 1097 409 1125 οἶα
435 1101 495 1131 ταῖς
515 1099 693 1135 προφητείαις
714 1100 848 1127 ἀκόλουθα
865 1099 910 1136 ἦν,

114 1144 263 1180 ἄνθρωπον
276 1144 344 1180 ὁμὸῦ
361 1145 407 1172 καὶ
419 1145 484 1172 Θεὸν
499 1146 677 1181 ἐπιδημήσειν
693 1146 730 1181 τῷ
752 1146 801 1181 βίῳ
822 1155 910 1182 παρα-

115 1190 198 1222 δόξων
213 1191 305 1227 ἔργων
323 1192 447 1227 ποιητὴν,
465 1192 511 1219 καὶ
532 1193 597 1219 πᾶσι
611 1195 667 1224 τοῖς
681 1193 768 1219 ἔθνεσι
782 1193 910 1220 διδάσκα-

116 1236 160 1263 λον
176 1236 228 1271 τῆς
243 1237 293 1263 τοῦ
305 1237 411 1273 Πατρός
423 1238 562 1270 εὐσεϐείας
574 1238 824 1274 ἀναδειχθήσεσθαι,
838 1239 869 1265 τό
881 1248 910 1266 τε

117 1282 271 1317 παράδοξον
286 1283 368 1309 αὑτοῦ
388 1283 437 1319 τῆς
453 1284 585 1317 γενέσεως
597 1284 643 1311 καὶ
666 1284 714 1320 τὴν
730 1285 824 1319 καινὴν
841 1285 912 1311 διδα-

118 1328 245 1359 σκαλίαν,
263 1329 310 1355 καὶ
321 1329 374 1355 τῶν
389 1329 475 1364 ἔργων
496 1330 531 1356 τὰ
552 1329 688 1364 θαύματα,
706 1330 751 1356 ἐπί
771 1339 799 1357 τε
808 1331 911 1362 τούτοις

118 1372 163 1399 τοῦ
179 1373 298 1401 θανάτου
313 1374 357 1401 τὸν
370 1375 480 1410 τρόπον,
490 1376 539 1411 τήν
550 1384 579 1401 τε
594 1376 626 1402 ὲκ
636 1376 740 1412 νεκρῶν
752 1376 909 1408 ἀνάστασιν,

120 1420 165 1446 καὶ
180 1420 227 1446 ἐπὶ
242 1422 325 1447 πᾶσιν
340 1421 389 1457 τὴν
410 1422 448 1453 εἰς
462 1421 590 1457 οὐρανοὺς
607 1421 696 1448 ἔνθεον
720 1422 910 1450 ἀποκατάστα-

119 1474 160 1493 σιν
175 1467 259 1493 αὺτοῦ
285 1467 544 1503 προκηρυττούσαις.
561 1468 616 1503 Τὴν
632 1467 698 1502 γοῦν
715 1468 761 1495 ἐπὶ
778 1469 849 1496 τέλει
865 1470 911 1504 βα-

120 1511 224 1539 σιλείαν
239 1513 323 1539 αὑτοῦ
338 1513 435 1549 Δανιὴλ
446 1515 459 1539 ὁ
474 1515 615 1549 προφήτης
630 1514 694 1550 θείῳ
703 1514 841 1550 Πνεῦματι
854 1524 911 1542 συν-

119 1558 200 1593 ορῶν,
223 1555 278 1585 ὧδὲ
292 1568 330 1594 πη
342 1559 520 1596 ὲθεοφορεῖτο,
534 1560 774 1596 ἀνθρωπινώτερον
790 1562 840 1596 τὴν
851 1560 910 1587 θεοη

120 1604 200 1632 πτίαν
225 1605 404 1641 ὑπογράφωψ
425 1616 434 1631 ι
446 1606 594 1642 Ἐθεώρουν
610 1607 679 1642 γὰρ,
696 1608 787 1642 φησὶν,
811 1607 862 1640 ἕως
879 1604 909 1634 οὗ

120 1649 209 1685 θρόνοι
225 1651 358 1687 ἐτέθησαν
369 1671 375 1683 ,
395 1651 442 1678 καὶ
457 1652 573 1683 Παλαιὸς
587 1651 699 1688 ἡμερῶν
715 1652 842 1687 ἐκάθητο.
856 1654 909 1680 Καὶ

121 1695 150 1722 τὺ
163 1696 267 1733 ἔνδυμα
280 1697 361 1724 αὐτοῦ
385 1697 480 1724 λευκὸν
500 1697 567 1738 ὡσεὶ
585 1696 661 1734 χιὼν,
685 1697 733 1724 καὶ
760 1697 849 1734 ήθρὶξ
861 1699 910 1734 τῆς

147 1744 158 1760 ⁹
169 1744 238 1779 Cap.
256 1752 304 1771 vn.

120 1800 146 1827 in
163 1801 306 1828 mollitiem
323 1800 387 1828 labi.
408 1800 482 1828 Unde
494 1800 717 1836 ὲκδεδιῃτημένος
732 1801 788 1836 βίος
802 1806 843 1828 est
857 1802 911 1829 vita

121 1836 208 1863 mollis
230 1844 261 1862 ac
283 1837 388 1865 soluta;
408 1836 586 1863 translatione
614 1838 647 1863 ab
667 1837 910 1871 intetuperantihus

120 1871 290 1902 hominibus,
307 1872 352 1906 qui
372 1871 470 1898 nullam
489 1871 515 1898 in
545 1871 605 1898 cibo
631 1878 663 1898 ac
681 1877 743 1906 potu
760 1877 788 1898 et
805 1872 830 1899 in
856 1876 911 1900 toto

121 1913 219 1939 genere
236 1906 342 1943 vivendi
353 1905 697 1943 _legemioltservant.__Quae
711 1914 762 1934 vox
782 1906 909 1943 frequen-

122 1945 162 1968 ter
171 1942 295 1968 occurrit
311 1942 335 1967 in
353 1941 428 1968 libris
443 1942 532 1968 Dionis
546 1941 643 1968 Cassii.

155 1977 211 2011 (45)
231 1975 352 2009 Νοητῶιν
365 1975 567 2012 θεωρημάτωιξ
577 1976 622 2003 Sic
636 1984 666 2003 ex
683 1977 776 2004 codice
787 1977 870 2012 Regio
881 1983 909 2005 et

122 2018 153 2038 ex
167 2010 311 2038 veteribus
326 2012 435 2039 schedis
451 2012 535 2038 edidit
552 2010 620 2038 Rob.
636 2011 799 2045 Stephanus»
816 2010 868 2039 Sed
882 2014 906 2040 in

122 2047 236 2079 reliquis
251 2046 460 2079 exemplaribus,
472 2045 540 2072 Maz.
567 2047 681 2079 scilicet,
699 2046 781 2076 Med.
797 2047 863 2074 Fuk.
882 2053 908 2074 et

123 2081 207 2108 Savil.
229 2082 358 2115 scriptum
375 2082 631 2118 inveni,pucttx®v
648 2081 844 2118 θεωρημάτων.
858 2082 906 2109 Ni—

124 2117 257 2152 cepltorus
277 2124 340 2152 vero
358 2125 405 2150 pro
426 2117 573 2152 hisihahel,
595 2117 741 2152 θειοτέρων
754 2119 906 2152 νοημάτων.

124 2151 160 2178 Ex
175 2159 231 2186 quo
247 2151 381 2186 conjicere
396 2156 437 2178 est
455 2151 637 2184 Nicephorum
653 2151 909 2186 vulgatamdectio-

125 2194 183 2213 neut
201 2188 230 2213 in
249 2194 297 2213 suo
310 2186 404 2213 codice
426 2187 579 2221 reperisse;
597 2195 711 2221 cumque
733 2195 793 2214 eam
819 2188 909 2215 minus

126 2223 272 2253 Droharet,
296 2221 353 2255 ejus
379 2223 436 2249 loco
457 2223 528 2249 hanc
553 2230 635 2256 quam
662 2223 780 2250 diximus
810 2224 909 2250 substi-

126 2258 218 2284 tuisse.

245 2292 425 2326 Ἡμερώτατα
444 2292 626 2326 φρονήματα.
644 2292 722 2320 Hunc.
740 2292 826 2320 locum
855 2301 908 2320 non

127 2327 319 2354 intellexerunt
341 2328 516 2361 interpretes,
546 2332 575 2354 ut
602 2335 635 2354 ex
662 2328 788 2355 versione
812 2335 908 2355 eorum

127 2367 254 2398 apparet;
277 2370 338 2388 nam
354 2370 446 2389 vocem
461 2363 621 2398 φρονήματα
635 2363 791 2390 retulerunt
805 2363 837 2389 ad
864 2371 908 2390 νο-

129 2396 319 2432 μοθετῶννκαὶ
333 2396 495 2431 φιλοσόφων.
517 2396 781 2430 Cliristophorsonus
799 2398 907 2432 quidem

129 2433 205 2459 vertit
224 2441 230 2458 :
246 2431 362 2467 Cumque
379 2438 483 2467 propter
505 2433 729 2460 mansuetissimus
750 2431 909 2467 legumlato-

130 2474 182 2493 rum
196 2473 221 2494 et
241 2467 455 2503 philosophorum
466 2473 502 2494 tot
520 2468 614 2501 ubique
626 2468 856 2494 commentationes
877 2477 908 2493 ac

129 2507 266 2536 ιιι-(ιἐερια,
294 2509 336 2529 etc
374 2503 508 2529 Musculus
538 2511 613 2534 vero,
640 2511 681 2537 pet
713 2503 907 2535 placidissimo:

129 2543 215 2564 eorum
234 2538 279 2571 qui
309 2539 403 2571 ubique
417 2538 484 2573 leges
501 2538 618 2572 ferebant
643 2542 667 2564 et
694 2537 906 2571 philosophorum

130 2579 226 2603 scmus,
243 2579 295 2600 etc.
316 2574 395 2606 Atqui
411 2573 489 2607 longe
505 2573 555 2599 alia
568 2573 677 2600 Eusebii
693 2581 768 2599 mens
781 2577 831 2599 est.
852 2573 906 2599 Ne-

130 2613 178 2640 que
194 2609 266 2634 enim
293 2613 398 2635 tantum
419 2609 513 2635 tribuit
540 2608 761 2642 lcguntlaloribus
784 2608 906 2642 philoso-

131 2642 238 2676 phisque
252 2643 403 2677 gentilium,
423 2648 451 2669 ut
468 2643 556 2678 prisca
579 2643 622 2669 illa
637 2643 790 2670 mortalium
813 2643 907 2669 feritas

131 2682 205 2710 atque
223 2679 376 2705 immanitas
396 2679 538 2713 praeceptis
554 2679 661 2704 illorqu
678 2683 759 2710 atque
775 2678 906 2704 institutis

132 2713 251 2744 paulatim
277 2714 309 2740 ad
328 2714 515 2740 humaniorem
531 2714 631 2741 cultum
646 2717 770 2740 revocata
786 2713 841 2745 sit;
859 2714 905 2739 sed

132 2748 203 2779 hujus
217 2747 256 2775 rei
272 2756 381 2775 causam
398 2748 503 2776 conl'ert
518 2749 545 2776 in
570 2749 655 2783 legem
671 2748 827 2779 Mosaieam,
846 2756 905 2782 qtue

132 2788 184 2809 cum
209 2784 338 2810 universo
355 2788 487 2811 terrarum
502 2784 561 2811 orbi
587 2784 759 2815 iuuotuisset,
783 2784 903 2810 omnium

133 2816 262 2853 hominum
278 2826 367 2845 mores
382 2819 488 2846 tandem
506 2818 694 2846 mansuefecit.
709 2818 812 2845 Etenim
825 2819 906 2853 legis-

133 2850 222 2880 latores
245 2861 277 2880 ac
294 2854 444 2888 philosophi
464 2855 616 2888 gentilium,
635 2862 696 2881 cum
709 2854 811 2887 optima
830 2850 905 2887 quae-

132 2893 177 2920 que
191 2895 326 2924 praecepta
339 2895 373 2916 ex
386 2889 457 2917 illius
473 2889 539 2924 legis
551 2889 669 2916 fontibus
694 2889 858 2919 hausissent,
872 2897 902 2917 ea

964 269 1047 296 cultui
1069 269 1158 296 dedita
1175 274 1266 303 esset;
1287 275 1413 304 tanquam
1441 271 1603 299 multitudini
1630 273 1751 306 priorum

965 315 1054 341 adhuc
1072 315 1258 342 institutorum
1283 315 1343 343 labe
1367 322 1512 350 corruptae,
1525 325 1572 352 per
1594 319 1752 353 prophetam

965 360 1076 397 Moysen
1093 362 1224 396 imagines
1242 366 1269 389 et
1285 361 1363 396 signa
1377 363 1469 388 arcani
1488 363 1625 396 cujusdam
1648 365 1752 391 sabbati

964 414 991 436 et
1021 409 1247 441 circumcisiouis,
1264 408 1434 444 aliorumque
1449 410 1628 444 spiritualium
1652 418 1754 446 prince-

964 459 1071 488 ptorum
1086 454 1279 486 institutiones,
1301 455 1348 481 sed
1365 462 1418 481 non
1434 455 1519 489 ipsam
1535 463 1676 484 sacrorum
1697 465 1754 484 uta-

964 500 1089 527 nifcstam
1102 500 1234 527 visionem
1254 500 1306 528 illis
1328 500 1448 528 tradidit.
1468 501 1585 528 Tandem
1610 509 1674 529 vero
1703 502 1753 529 lle-

963 547 1098 574 brmorum
1115 547 1174 582 lege
1189 547 1259 582 apud
1271 555 1366 575 omnes
1379 548 1526 582 divulgata,
1543 553 1569 575 et
1591 549 1676 575 lnstar
1692 557 1755 576 sua-

963 593 1065 620 vissimi
1097 594 1189 621 odoris
1207 601 1254 628 per
1282 594 1424 621 universas
1449 599 1542 629 gentes
1559 594 1613 621 late
1634 594 1752 622 dillusa:

963 646 1023 665 cum
1049 646 1082 666 ex
1109 639 1151 665 illa
1184 640 1320 674 pleraque
1341 641 1467 667 nationes
1489 640 1696 675 legumlatorem
1723 648 1755 668 ac

963 684 1185 718 philosophorum
1209 692 1290 720 opera
1315 685 1438 713 mitiores
1450 685 1505 719 jam
1524 693 1622 713 sensus
1647 686 1755 713 hausis-

962 735 1032 763 sent,
1050 734 1077 757 et
1092 738 1195 757 mortun
1212 730 1308 758 feritas
1320 735 1402 766 atque
1415 731 1571 759 immanitas
1588 732 1614 758 in
1627 739 1754 759 mansuc-

964 776 1059 803 tiorem
1085 776 1187 803 cultum
1213 784 1343 804 conversa
1367 781 1465 809 esset,
1483 778 1550 804 adeo
1568 782 1598 804 ut
1622 778 1752 813 profunda

962 829 1014 856 pax
1031 822 1185 849 etamicitia
1202 827 1349 856 mutuaque
1365 823 1436 850 inter
1447 823 1576 850 mortales
1588 824 1754 851 commercia

965 867 1016 902 ιο
1028 867 1227 895 intercederent
1241 876 1249 898 :
1268 869 1457 896 tuncldcmum
1482 869 1593 904 reliquis
1607 871 1688 896 etiam
1704 870 1754 896 lto-

961 913 1094 945 minihus,
1115 905 1276 948 cunctisque
1291 921 1339 948 per
1358 915 1450 941 orbem
1465 919 1598 942 terrarum
1618 915 1753 950 gentibus,

962 963 1056 994 utpote
1078 958 1136 992 jam
1164 959 1323 994 praeparatis
1345 964 1372 986 et
1390 960 1423 986 ad
1449 960 1573 987 notitiam
1602 961 1646 987 Dei
1664 959 1754 988 Patris

961 1005 1161 1040 percipiendam
1191 1005 1305 1037 idoneis,
1324 1006 1381 1040 ipse
1396 1005 1441 1033 ille
1464 1006 1593 1033 virtutum
1613 1007 1752 1041 magister,

961 1059 987 1080 et
1000 1053 1087 1080 Patris
1104 1054 1145 1081 sui
1163 1054 1189 1080 in
1206 1054 1331 1081 omnibus
1343 1054 1422 1081 bonis
1440 1055 1575 1086 minister,
1590 1054 1710 1081 divinum
1726 1059 1754 1082 e‘.

962 1099 1073 1127 caeleste
1086 1099 1134 1127 Dei
1150 1099 1282 1134 Verbum,
1302 1100 1328 1127 in
1341 1100 1458 1127 hominis
1479 1100 1580 1135 specie,
1599 1100 1754 1128 nullatenus

962 1152 976 1172 a
994 1153 1138 1180 corporum
1165 1151 1319 1172 nostrorum
1345 1151 1439 1172 natura
1459 1146 1568 1177 diversi,
1592 1146 1671 1173 simul
1690 1153 1752 1173 cum

962 1191 1021 1226 ipso
1037 1191 1152 1218 Romani
1177 1192 1283 1226 imperii
1305 1192 1418 1219 exordio
1443 1200 1587 1226 apparens,
1603 1200 1633 1219 ea
1647 1192 1711 1220 fecit
1727 1197 1754 1219 et

961 1237 1081 1273 pertulit,
1102 1246 1162 1272 qua
1178 1238 1371 1273 prophetarum
1386 1239 1506 1266 oraculis
1521 1239 1730 1266 consentiebant
1744 1248 1752 1266 :

961 1285 1058 1320 quibus
1081 1285 1218 1312 hominem
1245 1286 1349 1320 pariter
1375 1293 1407 1313 ac
1438 1286 1520 1312 Deum
1552 1286 1752 1313 admirabilium

961 1340 1072 1366 operum
1081 1332 1235 1360 eﬂ'ectorem
1245 1333 1270 1360 iu
1282 1338 1367 1360 terras
1379 1339 1521 1360 venturum
1544 1341 1613 1366 esse,
1625 1339 1652 1360 et
1664 1333 1753 1361 Patris

961 1377 1063 1404 cultum
1081 1385 1113 1405 ac
1128 1378 1285 1413 religionem
1299 1380 1407 1406 cunctis
1420 1378 1545 1413 gentibus
1568 1379 1729 1405 traditurum
1743 1388 1750 1406 :

961 1423 1118 1450 inusitatam
1141 1431 1249 1458 quoque
1265 1423 1323 1457 ejus
1341 1424 1469 1451 nascendi
1495 1424 1640 1455 rationem,
1653 1431 1750 1451 novam

961 1469 1123 1502 doctrinam,
1141 1469 1288 1503 miracula,
1312 1469 1345 1496 ad
1364 1470 1421 1497 lnec
1444 1470 1539 1497 mortis
1556 1478 1640 1504 genus
1657 1475 1683 1497 et
1708 1478 1752 1496 re-

961 1514 1170 1546 surrectionem,
1185 1521 1324 1550 postremo
1338 1515 1458 1542 divinum
1482 1516 1509 1542 in
1525 1515 1609 1542 caelos
1634 1516 1750 1542 reditum

961 1561 1024 1588 olim
1039 1561 1231 1594 przedixerant.
1247 1561 1370 1596 Regnum
1388 1569 1469 1596 porro
1483 1561 1555 1588 illius
1564 1561 1634 1595 quod
1653 1562 1678 1587 in
1698 1561 1751 1588 line

963 1606 1122 1634 saaculorum
1145 1608 1322 1635 adventurutn
1340 1612 1391 1640 est,
1418 1608 1511 1634 Daniel
1528 1607 1620 1635 divino
1646 1605 1752 1633 alilatus

963 1653 1064 1688 Spiritu
1076 1662 1138 1681 cum
1156 1655 1273 1688 videret,
1291 1655 1323 1682 ad
1345 1655 1485 1682 hominum
1500 1660 1608 1688 captqu
1633 1661 1692 1680 sese
1709 1661 1752 1680 ac-

963 1700 1150 1735 commodans,
1165 1701 1299 1728 visionem
1324 1701 1371 1728 Dei
1393 1700 1434 1727 sic
1448 1699 1620 1728 describit’:
1645 1708 1654 1724 (
1674 1700 1752 1734 Aspi-

965 1805 1088 1837 posthaec
1105 1802 1259 1829 auditorum
1276 1809 1386 1828 suorum
1400 1800 1537 1837 mentibus
1563 1800 1720 1837 infuderunt
1741 1809 1748 1828 :

965 1836 1062 1871 quibus
1081 1837 1180 1865 exculti
1199 1838 1331 1868 homines,
1355 1838 1388 1864 ad
1405 1836 1570 1870 evangeliea:
1595 1836 1662 1869 legis
1676 1837 1748 1862 noti-

966 1874 1028 1899 tiam
1044 1873 1230 1906 accipiendam
1247 1872 1334 1898 idonei
1345 1872 1451 1898 tandem
1462 1872 1636 1898 exstiterun't.
1645 1871 1749 1904 Quippe

964 1907 1005 1935 lex
1025 1908 1141 1934 Mosaica
1162 1907 1235 1933 velut
1250 1907 1347 1940 prmvia
1373 1914 1405 1933 ac
1423 1906 1573 1940 pr:eitti|ttia
1591 1906 1642 1931 fuit
1659 1906 1749 1932 Evan—

962 1943 1036 1976 gelii,
1049 1943 1204 1976 Christique
1219 1939 1402 1975 praedicatioui
1415 1939 1748 1976 vi'autstt-avitaScrilwrn-

962 1974 1025 2004 dum
1045 1982 1087 2004 est
1106 1974 1187 2011 igitur
1211 1974 1262 2003 huc
1286 1977 1365 2003 loco:
1383 1977 1445 2007 Τοῖς
1463 1974 1568 2011 πλείοσι
1583 1974 1640 2001 τῶν
1663 1974 1748 2011 ὲθνῷν

961 2013 1004 2039 διὰ
1023 2012 1076 2039 τῶν
1090 2010 1241 2047 πανταχόσε
1252 2011 1404 2046 νομοθετῶν
1417 2019 1446 2037 τε
1459 2011 1504 2036 καὶ
1516 2010 1666 2047 φιλοσόφων
1681 2010 1750 2047 ᾑμέ-

962 2057 1032 2084 ρωτο
1049 2047 1083 2073 τὰ
1104 2048 1277 2084 φρονήματα,
1305 2051 1343 2084 ut
1357 2047 1458 2084 (Περι-ἓξ
1472 2047 1634 2084 _script_um”
1646 2046 1748 2084 habent

962 2080 1046 2110 itostri
1078 2080 1198 2109 codices"
1212 2082 1295 2111 Maz..
1316 2082 1400 2112 Med.,
1431 2080 1498 2107 Fuk.
1519 2086 1545 2107 et
1561 2080 1644 2106 Savil.
1666 2081 1711 2106 Cet
1721 2084 1747 2107 te

961 2119 1012 2145 nisi
1030 2119 1065 2144 ita
1086 2117 1240 2151 scripseris,
1255 2125 1307 2143 non
1325 2117 1472 2143 colum-cuit
1492 2116 1591 2142 oratio.
1607 2116 1746 2151 Quoeuiui

963 2153 1097 2180 referetur
1112 2150 1244 2186 particula
1260 2152 1304 2178 illa
1321 2151 1358 2183 ὡς
1369 2151 1408 2184 δὲ,
1427 2159 1487 2185 quas
1509 2152 1594 2184 posita
1609 2157 1649 2177 est
1671 2150 1748 2176 initio

962 2189 1065 2222 periodi
1084 2188 1095 2214 ?
1112 2188 1159 2214 Est
1172 2192 1199 2214 et
1214 2188 1265 2213 alia
1285 2186 1428 2214 diﬂicultas
1443 2189 1468 2212 in
1485 2187 1535 2222 hoc
1552 2186 1659 2222 Eusebii
1676 2186 1747 2222 loco,

962 2221 1089 2257 quidnam
1106 2223 1157 2249 sibi
1173 2222 1255 2248 velint
1273 2223 1330 2249 haec
1347 2223 1428 2248 verba
1454 2221 1483 2254 ἐξ
1497 2221 1658 2257 αὑτῷνηΑιι
1674 2221 1745 2247 cuitu

962 2258 1103 2290 Eusebius,
1127 2258 1177 2293 ἤδη
1189 2257 1249 2284 τότε
1266 2256 1296 2290 ἐξ
1309 2256 1398 2284 αὐτῶν
1415 2257 1463 2283 καὶ
1481 2258 1536 2288 τοῖς
1547 2256 1662 2288 πλείοσι,
1680 2261 1745 2293 et_c.,

960 2297 991 2320 ut
1004 2301 1096 2328 supra.
1115 2290 1180 2325 Quae
1194 2293 1304 2326 quidem
1322 2293 1402 2319 verba
1420 2293 1643 2328 nonisiueeausa
1652 2290 1743 2328 posita

960 2335 1020 2355 esse
1035 2325 1100 2355 mihi
1117 2325 1258 2359 videntur,
1277 2333 1306 2354 ut
1323 2328 1448 2354 ostendat
1465 2327 1599 2353 Eusebius
1613 2325 1743 2360 quidquid

960 2370 974 2389 a
997 2363 1217 2396 leguutlaturibus
1237 2371 1268 2389 ac
1287 2363 1455 2396 philosophis
1483 2363 1623 2388 commode
1640 2360 1742 2386 dictum

958 2402 1009 2430 est,
1025 2399 1050 2424 id
1071 2405 1151 2424 omne
1171 2398 1205 2424 ab
1223 2397 1341 2424 Helnazis
1360 2405 1407 2424 eos
1418 2405 1479 2423 esse
1495 2402 1640 2422 mutuatos.
1657 2396 1744 2427 Atque

959 2433 996 2459 ila
1020 2433 1093 2460 hunc
1110 2433 1198 2459 locum
1219 2434 1324 2466 accepit
1342 2432 1467 2462 Rutilius,
1484 2437 1512 2457 ut
1525 2439 1558 2457 ex
1579 2432 1744 2462 interpreta-

960 2468 1031 2495 tione
1045 2468 1216 2504 ejtislitttiitlt;
1230 2465 1350 2502 apparet.
1361 2468 1445 2504 Multa
1463 2467 1489 2493 iu
1501 2467 1571 2492 hanc
1581 2465 1742 2504 sententiam

959 2499 1068 2530 disserit
1093 2499 1225 2530 Eusebius
1247 2499 1275 2529 'u'.
1306 2503 1391 2539 |ibris_
1409 2503 1445 2528 De
1468 2501 1673 2539 praeparatione,
1699 2499 1743 2539 ubi

958 2539 1077 2565 ostendit
1092 2538 1161 2565 Grani
1171 2546 1249 2564 orum
1262 2537 1434 2571 philosophos
1451 2545 1484 2563 ex
1503 2536 1584 2562 Musis
1596 2535 1674 2561 libris
1689 2534 1742 2568 ple-

959 2580 1043 2609 raque
1056 2573 1202 2609 suliuratos
1219 2574 1324 2609 fuisset
1347 2608 1353 2609 ί
1371 2607 1376 2609 _
1451 2608 1455 2609 γ
1524 2604 1539 2609 Α
1736 2604 1741 2609 _

993 2604 1050 2643 (45)
1072 2609 1102 2634 '0
1118 2607 1177 2634 τῶν
1191 2607 1503 2643 ἀρετῶνδιδάιζκᾳλος.
1520 2604 1642 2643 Quatuor
1656 2604 1741 2630 "Osiri

958 2641 1147 2675 codices,.'llaz.
1163 2645 1278 2675 scilteel,
1293 2643 1373 2674 Med.,
1389 2642 1456 2668 Fuit.
1473 2646 1498 2668 et
1512 2641 1742 2673 Satil..s€rtptutu

959 2680 1056 2705 habent
1067 2679 1194 2715 ἀρρήτων
1202 2677 1369 2715 διδάσκαλος.
1378 2677 1405 2715 lu
1419 2678 1526 2715 optimo
1534 2683 1621 2702 tamen
1634 2675 1743 2715 MDL-ﬁla

959 2710 1120 2747 marginem,
1133 2710 1220 2739 altera
1235 2713 1315 2740 lectio
1330 2714 1446 2745 ascripta
1469 2717 1506 2747 est
1522 2712 1571 2747 hoc
1586 2711 1664 2736 modo
1676 2710 1743 2747 :_I‘p.

957 2744 1073 2784 ἀρετῦν.
1099 2749 1183 2775 Paulo
1196 2754 1255 2781 post
1271 2748 1314 2774 ubi
1337 2744 1436 2782 legitur
1452 2746 1506 2784 τῷν
1522 2746 1610 2784 ἔργων
1622 2746 1657 2771 τὰ
1678 2744 1742 2771 θαι)-

958 2782 1039 2819 ματα,
1057 2785 1135 2811 iidem
1159 2785 1266 2809 codices
1296 2783 1442 2819 prtel'erunt
1457 2782 1616 2819 θαυμάσια,
1636 2786 1741 2819 et_u|ox

956 2815 1003 2846 ἱιαὶ
1019 2815 1069 2856 τὴν
1083 2819 1128 2845 ἐπὶ
1145 2819 1226 2846 πᾶσιν
1244 2819 1284 2850 εἰς
1297 2815 1431 2854 οὐρανοὺς
1450 2815 1540 2844 ἔνθεον
1554 2815 1740 2843 ἀποκατάστα-

958 2863 999 2882 σιν
