1982 3159
1089 102 1095 114 Ι

227 159 259 187 Ἠ
578 156 711 184 EUSEBII
730 154 968 183 CIESARIENSIS
987 153 1061 182 OPP.
1083 153 1173 181 PARS
1193 154 1213 181 l.
1234 169 1268 173 —-
1287 152 1484 180 lliSTORlC;\.
1815 152 1850 179 72

228 218 350 247 meditati
376 222 441 246 sunt
465 217 585 244 inania?
605 217 757 244 Astiterunt
784 224 860 251 reges
882 221 961 244 terra:
982 220 1007 243 et

1063 215 1165 251 σόμεθα
1189 215 1218 241 ὲν
1234 215 1291 246 τοῖς
1317 213 1421 241 ἔθνεσι·
1437 223 1447 239 ›
1467 213 1528 240 τοτὲ
1543 212 1572 239 δὲ
1591 212 1738 248 ἀμηχανῶν
1759 211 1849 244 Aemili,

226 265 363 301 principes
385 268 571 291 convenerunt
595 264 621 290 in
646 271 748 294 unum,
774 263 904 290 adversus
920 263 1010 289 Domi.

227 319 290 338 num
302 316 329 338 et
345 310 475 337 adversus
488 309 626 336 Christum
641 309 709 342 eius.
728 318 736 334 ι
747 307 850 341 Quibus
866 309 923 335 [nec
936 308 1011 335 dein-

227 357 259 383 de
274 354 411 390 subjuugit
426 362 459 381 ex
483 361 600 388 persona
623 353 725 380 Christi
743 361 749 378 :
771 361 780 377 ε
799 352 929 380 Doruinus
944 351 1010 379 dixit

225 401 259 428 ad
274 408 316 428 me
333 399 437 427 :Filius
452 407 528 426 meus
539 406 568 426 es
582 404 608 425 tu
626 406 691 433 ,σεο
709 398 788 426 hodie
809 398 888 433 genui
908 402 943 424 te.
959 397 1010 424 Po-

224 445 294 473 stula
310 454 324 472 a
341 453 395 478 me,
411 452 439 472 et
456 445 524 472 dabo
543 445 589 471 tibi
605 449 700 479 gentes
715 444 904 471 [nereditatem
924 448 1008 474 tuam,

223 497 250 520 et
266 493 465 528 possessionem
484 497 554 518 tuam
569 491 699 518 terminos
713 496 802 517 teme.
823 499 832 515 ι
843 489 933 524 Neque
946 497 1009 516 vero

223 537 273 563 soli
294 537 392 564 smumi
408 537 579 567 sacerdotes,
596 540 688 570 utpote
710 535 758 570 qui
770 535 832 562 oleo
847 534 880 561 ad
900 534 925 560 id
941 541 1010 568 prte-

224 588 320 617 parato
336 583 426 609 arcani
452 583 591 616 cujusdam
619 581 740 617 mysterii
768 588 850 607 causa
874 588 1010 616 ungeren-

225 633 279 661 tur,
293 628 396 655 Christi
412 628 519 654 nomine
535 628 705 654 ornabantur
717 627 787 662 apud
802 627 948 658 llebrzeos;
963 633 1009 652 ve-

225 683 283 702 rum
298 674 380 701 etiam
404 681 501 708 reges,
525 681 593 707 quos
619 673 758 706 propheta:
785 673 875 699 divino
905 672 1007 699 incitati

223 720 325 756 Spiritu
341 727 400 747 cum
417 721 557 747 unxisseut
571 739 579 752 ,
596 721 698 754 typicos
714 719 843 753 quosdam
864 725 891 747 et
913 721 1009 746 adum-

222 766 315 793 bratos
334 766 455 793 Cltristos
472 764 638 792 elleeerunt:
654 766 785 800 siquidem
799 770 826 792 et
847 765 899 800 ipsi
925 765 1005 799 regia!

225 811 300 837 illius
315 811 453 844 potestatis
469 819 499 837 ac
511 810 704 838 dominationis
728 810 772 837 Dei
788 811 878 843 Verbi,
901 811 945 845 qui
962 819 1003 838 so-

224 856 267 883 lus
284 863 417 890 verusque
431 855 557 882 Christus
571 859 613 882 est
625 875 632 887 ,
648 855 791 890 imaginem
803 857 839 882 -in
854 857 1007 891 semetipsis

223 902 364 937 gerebant.
379 902 449 935 Quin
463 902 543 928 etiam
559 910 590 928 ex
605 901 746 935 prophetis
761 902 904 929 nonnullos
925 911 1004 929 sacro
1023 898 1043 925 Β

220 950 280 977 oleo
295 949 427 975 delihtttos
440 967 448 979 ,
466 948 559 983 typice
582 947 705 975 Christus
731 947 813 980 fuisse
836 949 999 982 accepimus.

219 995 295 1022 Adeo
308 1000 337 1021 ut
347 1002 442 1021 omnes
459 994 485 1020 hi
500 993 532 1020 ad
551 1001 642 1020 verum
659 993 797 1020 Christum
808 1013 816 1024 .
833 994 954 1021 divinum
974 1003 1005 1022 ac

220 1041 331 1068 caeleste
351 1040 467 1067 Verbum
482 1039 652 1071 referantur;
669 1040 768 1072 quippe
790 1039 836 1073 qui
854 1039 928 1067 solus
945 1048 1003 1066 om-

220 1088 294 1114 nitttn
308 1087 426 1122 gentium
442 1086 573 1120 pontifex,
590 1086 664 1112 solus
685 1094 732 1112 rex
752 1093 784 1112 ac
798 1085 929 1113 Dominus
943 1093 1004 1113 om-

220 1135 262 1162 nis
277 1139 419 1165 creaturte,
433 1133 506 1159 solus
522 1133 638 1167 denique
648 1133 719 1159 inter
728 1133 874 1167 prophetas
886 1140 1008 1159 summus

220 1180 350 1214 propheta
373 1179 459 1206 Patris
483 1179 610 1205 exsistat.
636 1177 721 1212 llujus
745 1183 835 1204 autent
863 1178 901 1204 rei
924 1185 1007 1212 argu-

221 1231 341 1252 mentum
357 1225 421 1252 illud
438 1229 491 1255 est,
508 1224 623 1258 quodex
638 1224 765 1250 omnibus
780 1223 824 1257 qui
841 1223 913 1257 apud
930 1228 1005 1250 vete-

220 1279 264 1299 res
281 1271 340 1298 oleo
364 1279 444 1297 sacro
465 1271 554 1306 typice
570 1271 814 1302 consecrabantur,
833 1270 890 1296 sive
912 1276 946 1296 ex
964 1276 1006 1296 sa—

220 1317 386 1349 rerdotibus,
402 1317 459 1343 sive
473 1324 505 1343 ex
522 1317 641 1351 regibus,
664 1316 721 1343 sive
743 1323 774 1343 ex
791 1316 942 1350 prophetis,
960 1323 1007 1342 ne-

220 1371 264 1391 mo
278 1364 365 1390 adhuc
380 1367 480 1390 tantam
495 1363 593 1388 divina:
609 1361 716 1388 virtutis
731 1362 880 1396 potentiam
894 1362 1006 1388 sortitus

219 1415 278 1442 est,
296 1414 426 1444 quantam
441 1409 573 1436 Sen-ator
588 1416 620 1436 ac
636 1409 767 1435 Dominus
790 1413 883 1435 noster
905 1407 983 1435 Jesus
997 1427 1005 1440 ,

219 1457 267 1491 qui
291 1456 363 1483 solus
378 1463 512 1489 verusque
538 1455 663 1482 Christus
678 1459 742 1487 est,
757 1455 887 1481 ostendit.
913 1454 1007 1481 Nullus

219 1507 293 1529 certe
311 1509 404 1529 eorum
422 1501 597 1535 quantumvis
622 1501 753 1535 dignitate
768 1505 795 1528 et
819 1501 922 1527 honore
936 1501 1006 1535 apud

219 1554 283 1574 suos
293 1554 338 1580 per
350 1547 505 1574 continuam
525 1546 724 1580 autiquiSsinue
735 1546 829 1580 stirpis
843 1548 941 1573 seriem
958 1552 1007 1572 uo-

218 1592 350 1625 bilitatus,
366 1600 398 1619 ex
416 1599 448 1618 ea
464 1592 564 1618 Christi
581 1599 662 1626 quam
679 1592 792 1626 gerebat
807 1592 895 1626 typica
912 1593 1005 1625 appel—

219 1638 319 1666 latione
336 1639 456 1666 subditos
471 1639 522 1665 sibi
537 1637 708 1664 Christianos
722 1638 935 1672 cognominavit.
952 1637 1006 1665 Sed

218 1692 254 1712 ne
267 1685 368 1712 cultum
386 1685 492 1719 quidem
511 1685 593 1711 ullmu
608 1693 622 1711 a
640 1684 769 1718 subjectis
784 1685 927 1718 quisquam
945 1683 1005 1710 illo-

219 1738 279 1757 rum
297 1734 338 1757 est
355 1735 516 1756 consecutus
531 1737 539 1756 :
555 1737 604 1757 nec
621 1737 686 1757 vero
704 1729 730 1756 in
756 1729 838 1755 ulltnn
859 1737 891 1756 ex
911 1729 1006 1756 iisdem

219 1775 264 1810 qui
281 1776 334 1801 fato
345 1774 400 1809 jam
414 1774 521 1802 functus
546 1774 658 1806 fuisset.
675 1779 747 1801 tanta
764 1783 881 1808 ιιιιιμιιιιιι
895 1782 1007 1808 propen-

219 1822 262 1849 δίο
287 1821 392 1848 exstitit
418 1822 572 1848 animorum
587 1841 594 1854 ,
617 1826 647 1848 ιιι
671 1821 795 1848 homines
828 1821 898 1847 illius
921 1821 1007 1855 gratia

219 1872 333 1894 mortem
352 1873 482 1902 oppetere
505 1867 591 1901 parati
616 1872 716 1894 essent.
740 1867 778 1894 Ac
802 1876 835 1894 ne
859 1875 891 1894 ex
916 1868 1007 1895 omni-

219 1913 270 1941 bus
296 1914 405 1948 quidem
430 1913 483 1940 illis
513 1921 581 1948 quos
605 1914 659 1940 dixi
687 1913 757 1940 ullus
786 1922 905 1948 unquam
935 1914 1006 1946 fuit,

219 1958 296 1992 cujus
326 1967 408 1986 causa
437 1959 471 1986 ab
497 1959 632 1986 universis
658 1966 717 1993 qute
749 1959 844 1986 orbem
873 1965 1006 1986 terrarum

219 2004 341 2032 incolunt
353 2005 477 2040 gentibus
494 2009 583 2032 tantus
595 2005 695 2038 ubique
707 2010 795 2032 motus
811 2006 847 2032 sit
859 2006 1005 2033 excitatus.

218 2049 311 2084 Neque
325 2050 396 2076 enim
412 2051 504 2085 ligone
524 2050 566 2076 vis
582 2055 686 2076 tantum
706 2050 731 2075 in
749 2050 802 2077 illis
817 2055 924 2084 poterat
940 2057 1007 2082 one-

220 2095 285 2125 rari.
303 2101 433 2129 quantum
449 2095 550 2122 veritas
562 2096 620 2129 ipsa
634 2103 682 2130 per
697 2095 869 2122 Servatorem
885 2101 1006 2123 nostrum

219 2141 349 2168 exhibita.
365 2140 414 2173 Qui
434 2149 495 2167 cuin
517 2149 566 2167 nec
594 2141 709 2174 insignia
737 2142 833 2167 summi
859 2141 1007 2167 sacerdotii

219 2187 254 2214 ab
271 2187 326 2214 ullo
343 2187 503 2220 accepisset,
525 2195 556 2213 ac
570 2195 604 2213 ne
618 2187 781 2213 sacerdotali
797 2187 906 2220 quidem
925 2195 1008 2221 gene-

219 2241 249 2260 re
260 2233 408 2260 secundum
429 2240 538 2260 carnem
554 2238 626 2259 esset
640 2232 787 2263 oriundus;
804 2239 853 2258 nec
868 2232 1006 2258 hominum

219 2279 348 2308 satellitio
376 2279 409 2306 ad
428 2286 541 2313 regnum
561 2282 636 2305 esset
656 2283 784 2310 evectus,
804 2286 853 2304 nec
875 2279 1007 2312 propheta

219 2332 339 2354 veterum
356 2327 550 2360 prophetarum
572 2327 624 2352 ritu
639 2325 727 2352 l'actus
743 2324 856 2357 luisset;
872 2331 932 2351 cum
949 2325 1008 2350 lllll-

219 2372 272 2400 lam
285 2372 397 2400 omnino
414 2371 573 2406 dignitatem
587 2376 635 2398 aut
649 2371 854 2405 prmrogativam
876 2370 946 2404 apud
960 2369 1007 2397 ,ιυ-

219 2419 292 2446 (Ιιοος
307 2419 443 2446 obtineret
457 2425 463 2443 :
483 2417 660 2444 nihilominus
683 2416 810 2443 omnibus
826 2423 879 2442 non
896 2415 1004 2449 quidem

256 2490 312 2523 (ﬁli)
333 2491 434 2517 Μόνον
450 2490 610 2524 προφητῶν
620 2489 856 2524 ἀρχιπροφήτην.
874 2489 928 2515 Vox
945 2498 1008 2525 πρη-

221 2525 313 2586 φητιιᾷν
331 2527 442 2552 delenda
461 2526 525 2552 Ilttlll
549 2528 667 2558 videtur,
685 2531 776 2560 utpote
795 2526 882 2552 otiosa
906 2532 939 2551 ac
959 2533 1006 2551 su-

221 2568 269 2586 oer
292 2568 332 2586 ua.

221 2568 332 2594 perttua.

258 2595 313 2629 (ΞΠ)
334 2595 380 2622 Ἐκ
397 2595 451 2629 τῆς
464 2596 530 2629 περὶ
545 2595 638 2622 αὺτοῦ
653 2595 804 2628 εἰκονικῆς
817 2595 869 2621 τοῦ
881 2594 1008 2628 Χριστοῦ

222 2629 416 2664 προσρήσεως
430 2632 526 2667 (rdidit
538 2630 714 2666 Stephanus).
734 2629 761 2657 lu
777 2630 869 2667 codice
880 2629 1007 2667 Medicam

222 2666 382 2702 etne-nitatur
399 2665 474 2702 περὶ
485 2667 600 2698 αὐτοὺς,
618 2673 671 2699 quo
683 2667 761 2692 modo
786 2665 883 2702 etiam_
894 2665 919 2690 in
936 2671 1009 2691 vete-

225 2699 300 2727 ribUs
323 2701 430 2728 scitetlis
448 2699 563 2728 'diserte
582 2702 711 2733 scriptum
737 2700 839 2726 iuveni.
864 2700 944 2726 Certe
964 2704 1010 2726 aut

223 2735 288 2770 περὶ
302 2735 400 2766 αὐτούς
417 2737 586 2763 scribendum
609 2741 650 2762 est
674 2740 721 2762 aut
740 2735 804 2771 περὶ
826 2735 916 2767 αὐτόν,
930 2740 983 2762 etc.
1001 2743 1008 2762 :

223 2771 359 2805 pra-cessit
386 2771 456 2796 enim
472 2771 558 2803 οὐδείς
572 2771 605 2805 γέ
618 2779 659 2797 τοι
678 2771 799 2797 ἐκείνων.

259 2803 314 2839 (58)
337 2806 468 2839 Τοσαύτη
500 2803 603 2840 γέγονε
636 2806 765 2840 κίνησις,
791 2805 859 2833 Male
886 2805 1010 2832 Christo-

223 2840 377 2901 p‘horsonus
408 2843 595 2873 persecutionis
628 2842 770 2868 tumultum
803 2842 1008 2874 interpretatur.

253 2874 338 2901 ίνησις
354 2875 404 2901 hoc
424 2875 482 2901 loco
497 2876 608 2901 verbum
625 2881 665 2901 est
683 2877 811 2901 medium.
825 2876 896 2901 uuod
912 2880 964 2901 tam
982 2875 1007 2901 iu

253 2874 338 2910 ινησις
354 2875 404 2903 hoc
424 2875 482 2904 loco
497 2876 608 2904 verbum
625 2881 665 2905 est
683 2877 811 2910 medium,
825 2876 896 2911 quod
912 2880 964 2902 tam
982 2875 1007 2902 iu

1060 261 1104 288 διὰ
1119 260 1220 287 τούτων
1232 269 1238 275 ·
1268 270 1277 286 ‹
1290 260 1348 286 Ἵνα
1366 259 1392 285 τι
1415 258 1552 295 ἐφρύαξαν
1572 257 1635 292 ἔθνη
1651 257 1697 283 καὶ
1708 256 1767 283 λαοὶ
1783 258 1848 292 ἐμε-

1060 307 1174 342 λέτησαν
1189 307 1270 333 κενά·
1293 306 1468 342 παρέστησαν
1484 305 1508 331 οἱ
1523 304 1642 340 βασιλεῖς
1659 304 1707 339 τῆς
1723 304 1785 339 γῆς,
1802 303 1848 330 καὶ

1060 353 1084 379 οἱ
1098 353 1227 388 ἄρχοντες
1243 351 1414 387 συνήχθησαν
1431 351 1476 377 ἐπὶ
1499 351 1529 376 τὸ
1550 350 1624 382 αὐτὸ,
1646 350 1715 376 κατὰ
1731 349 1777 376 τοῦ
1793 351 1848 376 Κυ-

1061 399 1119 435 ρίου
1131 400 1178 426 καὶ
1194 398 1264 425 κατὰ
1282 398 1329 425 τοῦ
1354 397 1472 434 Χριστοῦ
1485 397 1567 424 αὑτοῦ
1581 405 1588 429 ;
1609 406 1617 422 ι
1637 395 1684 428 Οἷς
1699 396 1763 431 ἑξῆς
1789 397 1848 422 ἐπι-

1058 444 1132 480 λέγει
1150 445 1179 477 ἐξ
1196 444 1277 471 αὐτοῦ
1291 444 1322 479 δὴ
1337 443 1482 480 προσώπου
1500 443 1548 469 τοῦ
1567 441 1699 478 Χριστοῦ·
1718 452 1727 467 ι
1747 442 1848 477 Κύριος

1059 491 1118 518 εἷπε
1136 491 1203 527 πρὸς
1221 492 1266 526 μὲ,
1280 491 1343 522 Υἱός
1356 499 1407 526 μου
1424 488 1448 516 εἷ
1462 490 1504 522 σὺ,
1518 489 1573 524 ἐγὼ
1589 490 1706 525 σήμερον
1719 489 1847 524 γεγέννη-

1059 539 1095 565 κά
1108 547 1150 564 σε.
1168 537 1283 573 Αἴτησαι
1301 537 1364 572 παρ’
1388 536 1465 572 ἐμοῦ,
1485 535 1532 562 καὶ
1553 535 1630 561 δώσω
1642 535 1705 569 ἔθνη
1720 534 1768 569 τὴν
1782 534 1846 569 κλη-

1059 584 1187 621 ρονομίαν
1209 593 1268 615 σου,
1289 584 1336 610 καὶ
1363 583 1411 620 τὴν
1428 582 1591 617 κατάσχεσίν
1615 590 1661 608 σου
1684 581 1719 607 τὰ
1740 581 1847 616 πέρατα

1057 631 1108 666 τῆς
1121 630 1182 666 γῆς.
1199 639 1208 656 ›
1225 631 1262 656 Οὐ
1279 629 1374 665 μόνους
1390 629 1418 655 δὲ
1433 629 1488 664 ἄρα
1504 629 1565 659 τοὺς
1580 627 1767 663 ἀρχιερωσύνη
1779 635 1847 653 τετι-

1060 677 1197 712 μημένους
1217 676 1299 711 ἐλαίῳ
1318 675 1460 710 σκευαστῴ
1471 675 1516 701 τοῦ
1537 674 1670 709 συμϐόλου
1687 673 1846 709 χριομένους

1058 723 1149 755 ἕνεκα,
1167 722 1197 748 τὸ
1223 722 1269 749 τοῦ
1294 721 1412 757 Χριστοῦ
1439 721 1603 755 κατεκόσμει
1630 720 1694 756 παρ’
1713 719 1846 755 Ἑϐραίοις

1058 768 1152 803 ὄνομα,
1167 768 1235 795 ἀλλὰ
1249 767 1296 794 καὶ
1318 768 1381 798 τοὺς
1396 767 1531 802 βασιλέας,
1543 765 1589 798 οὒς
1603 766 1649 792 καὶ
1673 766 1770 798 αὐτοὺς
1786 764 1847 791 νεύ-

1061 823 1124 850 ματι
1140 814 1204 849 οείῳ
1226 813 1364 849 προφῆται
1384 813 1515 848 χρίοντες,
1533 810 1682 842 είκονικούς
1698 819 1772 842 τινας
1786 819 1846 846 χρι-

1060 860 1138 890 στοὺς
1150 857 1355 893 ἀπειργάζοντο.
1373 858 1434 883 Ὅτι
1449 857 1480 892 δὴ
1499 857 1546 884 καὶ
1560 856 1647 887 αὐτοὶ,
1665 856 1714 890 τῆς
1728 854 1774 881 τοῦ
1796 854 1846 889 μό-

1058 914 1104 931 νου
1119 905 1165 931 καὶ
1177 904 1293 940 ἀληθοῦς
1310 904 1428 940 Χριστοῦ
1444 904 1490 930 τοῦ
1513 903 1583 930 κατὰ
1597 902 1705 929 πάντων
1721 900 1846 936 βασιλεύ-

1057 959 1133 982 οντος
1155 950 1227 976 θείου
1241 950 1328 984 Λόγου
1354 950 1495 985 βασιλικῆς
1515 949 1561 976 καὶ
1586 949 1702 984 ἀρχικῆς
1723 947 1846 980 ἐξουσίας

1057 999 1119 1029 τοὺς
1133 997 1232 1029 τύπους
1248 997 1281 1023 δι’
1307 996 1410 1023 ἑαυτῶν
1430 996 1537 1031 ἔφερον.
1557 995 1624 1030 ’Ίιδη
1639 995 1667 1021 δὲ
1689 994 1736 1020 καὶ
1757 993 1846 1019 αὐτῶν

1057 1043 1111 1069 τῶν
1134 1042 1279 1078 προφητῶν
1310 1049 1388 1072 τινας
1410 1040 1454 1067 διὰ
1479 1041 1628 1075 χρίσματος
1661 1038 1788 1074 χριστοὺς
1817 1038 1846 1063 ἐν

1058 1087 1133 1123 τύπῳ
1144 1087 1283 1121 γεγονέναι
1299 1086 1507 1122 παρειλήφαμεν
1517 1094 1523 1100 ·
1539 1085 1577 1116 ὡς
1596 1084 1706 1115 τούτους
1723 1084 1844 1114 ἅπαντας

1057 1133 1105 1168 τὴν
1121 1134 1166 1159 ἐπὶ
1178 1133 1222 1159 τὸν
1234 1132 1319 1168 ἀληθῆ
1336 1132 1464 1167 Χριστὸν,
1479 1131 1525 1157 τὸν
1540 1131 1630 1156 ἔνθεον
1652 1129 1700 1156 καὶ
1721 1129 1846 1165 οὐράνιον

1058 1179 1154 1213 Λόγον,
1166 1178 1304 1214 ἀναᾳορὰν
1315 1179 1397 1213 ἔχειν·
1414 1178 1492 1212 μόνον
1503 1176 1634 1212 ἀρχιερέα
1649 1176 1701 1202 τῶν
1717 1175 1785 1202 ὅλων
1799 1174 1847 1201 καὶ

1060 1225 1138 1260 μόνον
1154 1225 1260 1259 ἁπάσης
1272 1224 1321 1259 τῆς
1331 1224 1445 1255 κτίσεως
1461 1223 1582 1258 βασιλέα,
1592 1222 1639 1248 καὶ
1649 1221 1727 1257 μόνον
1741 1228 1847 1256 προφη-

1057 1269 1110 1296 τῶν
1140 1270 1348 1305 ἁρχιπροφήτην
1376 1269 1430 1305 (Sili)
1453 1269 1500 1296 τοῦ
1531 1268 1638 1304 Πατρὸς
1667 1267 1845 1302 τυγχάνοντα,

1058 1315 1157 1342 Τούτου
1174 1316 1195 1341 δ’
1219 1315 1365 1348 ἀπόδειξις,
1386 1317 1416 1343 τὸ
1434 1316 1534 1352 μηδένα
1554 1326 1598 1342 πω
1619 1316 1673 1343 τῶν
1697 1315 1781 1342 πάλαι
1802 1315 1846 1342 διὰ

1057 1362 1105 1388 τοῦ
1119 1362 1253 1397 συμϐόλου
1267 1362 1465 1397 κεχρισμένων,
1484 1363 1552 1397 μήτε
1577 1362 1670 1397 ἱερέων
1685 1362 1753 1396 μήτε
1769 1361 1847 1396 βασι-

1057 1409 1135 1440 λέων,
1156 1409 1224 1444 μήτε
1245 1408 1296 1444 μὴν
1307 1408 1464 1444 προφητῶν,
1485 1408 1618 1443 τοσαύτην
1637 1407 1737 1443 ἀρετῆς
1755 1407 1846 1434 ἐνθέου

1057 1456 1172 1490 δύναμιν
1183 1455 1345 1490 κτήσασθαι,
1362 1455 1427 1490 ὅσην
1442 1455 1455 1481 ὁ
1472 1455 1565 1490 Σωτὴρ
1586 1455 1634 1481 καὶ
1651 1454 1752 1489 Κύριος
1768 1454 1845 1489 ἡμῶν

1064 1502 1167 1538 Ἰησοῦς
1179 1502 1192 1527 ὁ
1210 1501 1290 1536 μόνος
1303 1501 1350 1528 καὶ
1366 1501 1492 1536 ἀληθινὸς
1515 1500 1632 1536 Χριστὸς
1655 1500 1845 1526 ἐπιδέδεικται.

1060 1549 1152 1579 Οὐδείς
1165 1548 1197 1582 τέ
1211 1557 1251 1574 τοι
1263 1548 1374 1574 ἐκείνων
1392 1548 1492 1583 καίπερ
1510 1547 1641 1582 ἀξιώματι
1657 1547 1704 1573 καὶ
1717 1548 1781 1582 τιμῇ
1800 1546 1847 1572 ἐπὶ

1059 1594 1197 1625 πλείσταις
1208 1594 1284 1625 ὅσαις
1298 1595 1404 1628 γενεαῖς
1426 1594 1501 1629 παρὰ
1522 1595 1578 1625 τοῖς
1599 1594 1709 1625 οἰκείοις
1732 1593 1846 1628 διαλαμ-

1056 1641 1176 1675 ψάντων,
1191 1640 1253 1671 τοὺς
1269 1639 1407 1674 ὑπηκόους
1418 1639 1528 1666 πώποτε
1544 1640 1575 1666 ὲκ
1593 1639 1642 1674 τῆς
1668 1640 1730 1674 περὶ
1748 1638 1847 1670 αὐτοὺς

1057 1685 1194 1720 εἰκονικῆς
1213 1684 1260 1711 τοῦ
1278 1685 1395 1720 Χριστοῦ
1411 1685 1586 1720 προσρήσεως
1601 1685 1655 1719 (57)
1668 1685 1847 1720 Χριστιανοὺς

1057 1732 1242 1767 ὲπεῳήμισεν·
1260 1731 1317 1758 ἀλλ’
1333 1731 1392 1757 οὐδὲ
1411 1730 1556 1765 σεϐάσμιός
1579 1739 1632 1756 τινι
1656 1731 1759 1756 τούτων
1779 1729 1847 1766 πρὸς

1057 1778 1112 1804 τῶν
1128 1778 1256 1813 ὑπηκόων
1278 1777 1384 1813 ὑπῆρξε
1406 1779 1471 1813 τιμή
1482 1787 1488 1792 -
1501 1777 1557 1804 ἀλλ’
1573 1778 1632 1804 οὐδὲ
1654 1777 1723 1812 μετὰ
1737 1776 1784 1812 τὴν
1800 1785 1846 1803 τε-

1058 1824 1153 1859 λευτὴν
1167 1824 1284 1859 τοσαύτη
1301 1824 1430 1856 διάθεσις,
1447 1824 1516 1851 ὥστε
1533 1824 1580 1850 καὶ
1595 1824 1846 1860 ὑπεραποθνήσκειν

1058 1869 1173 1904 ἑτοίμως
1190 1868 1262 1904 ἔχειν
1277 1867 1322 1895 τοῦ
1338 1869 1504 1904 τιμωμένου.
1520 1869 1588 1895 Ἀλλ’
1602 1869 1661 1896 οὐδὲ
1673 1870 1781 1896 πάντων
1792 1868 1846 1894 τῶν

1058 1915 1109 1942 ἀνὰ
1120 1916 1169 1951 τὴν
1181 1915 1343 1950 οἰκουμένην
1361 1915 1445 1941 ἐθνῶν
1461 1915 1524 1951 περί
1538 1925 1598 1942 τινα
1609 1915 1661 1942 τῶν
1679 1915 1737 1942 τότε
1749 1914 1848 1942 τοσαύ-

1057 1969 1091 1996 τη
1106 1961 1200 1994 γέγονε
1216 1961 1323 1996 κίνησις
1343 1960 1407 1996 (58),
1424 1961 1483 1987 ἐπεὶ
1499 1961 1566 1997 μηδὲ
1579 1961 1705 1988 τοσοῦτον
1722 1962 1750 1987 ὲν
1772 1960 1846 1988 ἐκεί-

1058 2013 1114 2036 νοις
1129 2006 1146 2040 ἡ
1163 2005 1209 2032 τοῦ
1222 2005 1356 2040 συμϐόλου
1368 2005 1481 2040 δύναμις
1496 2006 1539 2031 οἵα
1553 2014 1582 2032 τε
1592 2004 1625 2041 ἦν
1642 2007 1771 2040 ἐνεργεῖν,
1783 2006 1845 2032 ὅσον

1058 2051 1074 2085 ἡ
1095 2052 1144 2086 τῆς
1157 2051 1285 2086 ἀληθείας
1308 2050 1478 2086 παράστασις
1492 2051 1536 2077 διὰ
1552 2051 1599 2077 τοῦ
1623 2051 1747 2086 Σωτῆρος
1767 2051 1846 2086 ἡμῶν

1059 2097 1247 2132 ἐπιδεικνυμένη
1259 2106 1265 2112 ·
1279 2097 1307 2128 ὃς
1323 2097 1383 2123 οὔτε
1398 2097 1518 2131 σύμϐολα
1531 2097 1577 2123 καὶ
1593 2097 1692 2128 τύπους
1715 2097 1847 2132 ἀρχιερω-

1060 2144 1142 2178 σύνης
1157 2144 1232 2178 παρά
1242 2152 1287 2169 του
1301 2142 1401 2174 λαϐὼν,
1419 2143 1474 2169 ἀλλ’
1486 2143 1546 2168 οὐδὲ
1557 2143 1634 2176 γένος
1645 2143 1674 2169 τὸ
1689 2144 1751 2179 περὶ
1766 2143 1847 2178 σῶμα

1060 2190 1088 2223 ἐξ
1105 2189 1260 2225 ἱερωμένων
1273 2189 1410 2224 κατάγων,
1423 2189 1477 2215 οὐδ’
1493 2189 1596 2224 ἀνδρῶν
1608 2189 1782 2225 δορυφορίαις
1801 2190 1847 2215 ἐπὶ

1061 2234 1199 2270 βασιλείαν
1211 2235 1366 2270 προαχθεὶς,
1379 2235 1439 2260 οὐδὲ
1453 2234 1504 2269 μὴν
1523 2235 1663 2270 προφήτης
1677 2234 1776 2269 ὁμοίως
1792 2235 1848 2265 τοῖς

1061 2280 1143 2306 πάλαι
1154 2279 1307 2314 γενόμενος,
1323 2279 1377 2306 οὐδ’
1398 2280 1476 2312 ἀξίας
1490 2280 1557 2311 ὅλως
1571 2280 1587 2314 ἡ
1601 2288 1672 2311 τινος
1687 2279 1762 2314 παρὰ
1783 2280 1848 2306 Ἰου-

1060 2325 1144 2356 δαίοις
1155 2324 1243 2359 τυχὼν
1258 2325 1415 2361 προεδρίας,
1436 2325 1510 2360 ὅμως
1527 2327 1582 2356 τοῖς
1604 2326 1687 2351 πᾶσιν
1706 2327 1729 2351 εί
1747 2325 1793 2352 καὶ
1810 2325 1847 2361 μὴ

1060 2371 1116 2401 τοῖς
1133 2369 1286 2404 συμϐόλοις,
1309 2369 1366 2395 ἀλλ’
1389 2370 1456 2405 αὐτῇ
1479 2378 1509 2404 γε
1533 2371 1565 2404 τῇ
1585 2368 1696 2404 ἀληθείᾳ
1712 2368 1786 2404 παρὰ
1800 2367 1847 2394 τοῦ

1061 2414 1167 2451 [ἰατρὸς
1183 2415 1352 2450 ἐκεκόσμητο
1367 2415 1434 2450 (59).
1453 2415 1509 2450 Οὐχ
1521 2414 1621 2449 ὁμοίων
1633 2414 1654 2440 δ’
1673 2412 1718 2441 οὖν
1732 2411 1772 2445 οἷς
1783 2422 1850 2449 προ-

1061 2489 1160 2515 bonam
1176 2496 1256 2522 quam
1272 2489 1297 2514 in
1317 2488 1413 2514 malaut
1429 2494 1531 2522 partem
1550 2487 1617 2515 sumi
1633 2491 1730 2521 patest,
1744 2494 1775 2513 ac
1793 2492 1846 2513 tam

1063 2525 1096 2549 de
1109 2524 1244 2550 benevolis
1255 2529 1279 2550 et
1295 2524 1389 2550 amicis
1403 2531 1483 2554 quam
1496 2524 1528 2549 de
1542 2523 1663 2549 hostibus
1675 2530 1707 2548 ac
1723 2529 1849 2554 persecu-

1063 2559 1166 2585 toribus
1179 2559 1258 2585 deltot
1272 2559 1394 2592 intelligi.
1409 2559 1500 2590 Itaque
1515 2558 1648 2592 Eusebius
1660 2557 1727 2582 dixit
1741 2557 1847 2591 κίνησιν

1062 2593 1125 2629 περί
1138 2602 1209 2625 τινα,
1225 2602 1277 2620 non
1296 2591 1384 2619 autem
1399 2593 1469 2619 κατα
1487 2601 1567 2623 τινος.
1587 2591 1648 2629 Vult
1664 2592 1736 2618 enim
1755 2593 1848 2618 dicere

1062 2627 1199 2662 nunquam
1225 2629 1305 2655 ullius
1331 2629 1448 2654 hominis
1474 2635 1556 2654 eattsa
1583 2627 1663 2653 talem
1691 2632 1847 2660 tantumque

1064 2669 1165 2690 motum
1187 2664 1306 2690 omnium
1331 2664 1450 2696 gentium
1471 2662 1625 2693 exstitisse,
1644 2668 1760 2695 quantus
1783 2662 1847 2687 Ser-

1065 2700 1167 2726 vatoris
1189 2699 1273 2726 nostri
1294 2706 1376 2724 causa
1393 2698 1510 2727 exstitit;
1533 2697 1593 2723 aliis
1614 2697 1770 2731 religionem
1787 2696 1846 2728 ejus

1064 2733 1308 2768 autplectentilnts.
1332 2733 1392 2759 aliis
1428 2732 1656 2767 itnpugnantibus.
1690 2732 1844 2768 Eleganter,

1064 2766 1123 2795 meo
1137 2769 1245 2802 quidem
1257 2768 1371 2801 judicio,
1389 2766 1555 2801 Nicephorus
1571 2768 1642 2794 huttc
1657 2772 1756 2795 motum
1771 2766 1847 2791 σεισ-

1065 2803 1114 2839 μὸν
1127 2804 1176 2838 τῆς
1191 2803 1352 2839 οἰκουμένης
1369 2802 1494 2839 appellat.

1099 2834 1257 2879 (59)’⁷Πᾳρὰ
1269 2834 1334 2879 tot}.
1346 2834 1514 2879 ςενὲϋμᾳτος
1532 2838 1725 2879 ἐλίςχόοῖμηςρ.
1740 2834 1847 2879 ¹Οιηιιιιο

1063 2871 1149 2902 nostri
1161 2876 1279 2907 C0lllCCS,
1297 2873 1396 2908 Regius
1420 2873 1540 2907 scilicet,
1560 2873 1626 2900 Mal.
1642 2880 1674 2900 ac
1687 2871 1769 2903 Mcd..
1784 2878 1845 2897 cum
