1982 3159
160 158 191 186 19
509 154 642 183 EUSIiBll
661 156 900 184 CAEEABIERSIS
919 154 994 182 OPP.
1016 156 1105 182 PARS
1126 156 1146 182 Ι.
1165 169 1197 174 -
1219 156 1412 184 lliSTOllltlA.
1744 158 1778 185 80

154 215 226 240 nium
242 212 348 248 Moyses
370 211 455 246 typice
467 213 572 246 agenda
597 218 625 239 et
635 213 811 240 custodienda
826 212 931 246 posteri:

993 211 1075 238 αὐτον
1087 212 1185 247 ᾔδεσαν
1196 213 1240 239 τὸν
1253 213 1368 248 Χριστὸν
1379 213 1426 240 τοῦ
1448 213 1528 240 Θεοῦ·
1547 214 1602 248 εἴγε
1621 210 1709 248 ὦφθαι
1728 213 1778 248 μὲν

155 260 283 287 tradidit:
300 259 371 286 sicut
391 265 477 292 neque
501 266 573 286 nuttc
589 259 658 293 apud
675 258 846 286 Christianos
863 259 940 293 quid-

153 314 234 340 quam
252 306 345 332 horum
362 305 476 340 geritur.
500 305 553 332 Sed
578 310 605 332 et
622 305 709 339 ipsum
734 305 872 332 Christum
893 305 938 331 Dei

153 351 280 377 distincte
300 351 442 385 cognitum
463 350 643 378 habuerunt:
658 350 790 384 siquidem
817 350 892 376 illum
906 351 940 377 ab

151 397 306 423 Abrahamo
333 396 440 430 quidem
463 397 550 423 visunt
571 403 640 428 esse,
670 396 763 423 lsaaco
787 401 876 423 autent
898 402 941 422 re-

150 450 278 476 sponsum
297 442 413 472 dedisse,
436 446 464 468 et
483 449 544 468 cum
555 439 655 468 Jacoho
671 441 789 468 locutum
804 448 874 474 esse,
895 441 940 467 de-

151 491 232 523 nique
251 495 311 514 cum
326 487 428 523 Moyse,
445 491 473 514 et
488 487 590 514 secutis
615 491 708 522 postea
727 488 867 521 prophetis
883 495 940 514 ser-

149 542 257 562 monem
275 533 404 561 habuisse
417 533 542 568 superius
564 533 742 560 ostendimus.
761 531 838 560 Unde
855 533 937 559 etiam

149 581 209 608 illos
225 580 279 606 Deo
296 584 423 613 acceptos
437 578 561 605 homines
575 578 712 605 interdum
727 578 848 612 reperias
862 577 938 606 Chri-

147 628 181 654 sti
200 625 379 661 appellatione
391 625 533 651 decoratos
548 624 642 656 fuisse,
655 629 684 651 ut
697 624 724 651 in
741 624 783 651 bis
795 623 938 659 Propheta:

147 672 256 699 verbis:
274 680 283 697 ι
299 670 389 698 Nolite
399 676 507 705 tangere
516 671 633 698 ehristos
641 677 725 701 meos,
739 675 765 696 et
780 670 805 697 in
821 671 938 705 prophe-

148 718 182 745 tis
195 718 262 745 meis
271 717 355 744 nolite
371 716 489 751 maligne
503 723 583 750 agere
594 716 642 743 ⁸⁸.)
663 716 699 742 Ex
713 715 812 750 quibus
824 721 937 750 apparet

147 763 267 790 omnium
285 762 399 798 primam
416 769 448 788 ac
466 761 681 789 vetustissimam
707 769 767 788 esse
795 761 936 797 religionis

147 808 260 834 formam
279 807 352 834 illam
367 807 400 834 ab
416 807 457 834 his
471 814 541 841 quos
559 807 615 833 dixi
640 807 695 834 Deo
715 808 835 842 acceptis
849 807 935 834 homi-

147 853 225 880 nibus
248 853 411 886 institutam,
429 860 489 887 qua:
510 860 597 886 nuper
616 860 665 888 per
681 852 782 881 Christi
806 853 936 888 pratdica-

146 900 245 926 tionem
264 900 368 926 cunctis
395 899 520 934 gentibus
549 899 710 927 annuntiata
737 905 788 927 est.
811 900 886 932 Quod
911 901 932 927 si
951 893 971 920 Β

144 946 316 972 Abrahamus
329 945 409 980 longo
421 951 483 979 post
495 950 618 979 tempore
626 946 844 974 circumcisionis
860 954 935 974 man-

144 992 236 1018 datum
250 992 390 1026 accepisse
404 991 517 1023 dicitur,
530 995 593 1018 ante
608 991 674 1018 illud
687 997 777 1019 tamen
793 1000 842 1026 per
854 992 932 1019 tidem

140 1037 308 1072 justiﬁeatus
323 1037 408 1064 fuisse
427 1036 576 1072 Scripturae
598 1037 752 1065 testimonio
776 1038 934 1073 comproba-

143 1088 198 1115 tur,
212 1084 251 1110 sic
264 1083 378 1111 dicentis
393 1093 399 1110 :
419 1093 428 1109 ι
443 1083 564 1111 Credidit
579 1084 715 1111 Abraham
731 1083 796 1116 Deo,
810 1089 836 1111 et
849 1087 933 1119 depu-

144 1135 228 1156 tatutn
241 1135 281 1157 est
289 1130 314 1157 ei
331 1129 364 1156 ad
378 1129 509 1164 iustitiam
530 1130 562 1157 ¹⁷.
576 1140 586 1156 »
599 1129 785 1164 Cumquejatu
804 1135 866 1156 ante
881 1131 934 1157 cir-

143 1175 415 1204 Cnmeisionem‘talis
426 1180 508 1209 esset,
522 1183 536 1202 a
551 1176 604 1204 Deo
615 1175 660 1211 qui
674 1183 703 1203 se
718 1175 768 1210 ipsi
784 1175 932 1202 videndum

143 1223 291 1255 obtulerat,
309 1223 335 1250 id
353 1228 393 1250 est
410 1231 424 1250 a
449 1223 557 1250 Christo
583 1223 628 1250 Dei
657 1222 761 1256 Verbo,
780 1223 813 1250 de
834 1223 867 1250 iis
887 1223 931 1257 qui

142 1268 341 1303 posterioribus
355 1268 461 1295 saeculis
475 1267 558 1295 simili
585 1275 616 1295 ac
634 1267 692 1302 ipse
714 1268 932 1302 rationejustili-

141 1313 219 1341 candi
230 1317 331 1345 essent,
346 1313 486 1340 oraculum
500 1312 604 1348 accepit
615 1313 769 1348 hujusmodi
784 1321 790 1339 :
808 1321 817 1337 ι
839 1313 869 1339 Ει
886 1314 932 1340 be-

140 1359 301 1386 nedicentur
312 1359 338 1386 itt
355 1365 379 1386 te
391 1365 485 1386 omnes
509 1358 596 1385 tribus
610 1362 690 1385 terra:
701 1357 738 1393 ’3;
753 1367 761 1383 ι
780 1363 807 1384 et
823 1358 930 1386 iterum:

147 1415 157 1431 ι
170 1405 246 1439 Quod
262 1406 369 1433 futurus
384 1405 420 1432 sit
432 1405 459 1431 in
475 1409 582 1439 gentem
599 1411 723 1439 magnam
739 1408 766 1430 ct
781 1404 930 1436 robustam,

140 1457 168 1478 et
180 1450 370 1478 heuediccndae
384 1449 438 1476 sint
451 1449 476 1476 in
493 1456 524 1476 co
536 1455 630 1475 omnes
641 1447 766 1474 nationes
779 1452 860 1474 terra:
874 1447 906 1473 η.
918 1457 928 1473 ι

144 1495 223 1530 Quod
251 1495 360 1530 quidem
390 1495 416 1521 in
432 1494 510 1521 nobis
535 1493 641 1520 demutn
665 1493 829 1528 completum
847 1493 931 1521 fuisse

140 1541 230 1577 quivis
255 1539 335 1567 facile
364 1539 558 1573 deprehendet.
580 1539 687 1566 Etenim
717 1539 764 1588 ille~
783 1546 832 1573 per
849 1539 928 1566 ﬁdem
944 1559 964 1588 ϐ

140 1587 167 1616 in
184 1594 244 1614 eum
270 1585 315 1621 qui
336 1585 387 1620 ipsi
408 1589 574 1620 apparuerat
588 1584 727 1611 Christum
743 1583 861 1612 Verbum
882 1585 927 1612 Dei

140 1635 230 1663 fuerat
251 1633 417 1669 justiticatus
441 1641 449 1659 :
474 1639 535 1658 eum
562 1639 577 1658 a
606 1636 718 1666 paterna
750 1631 859 1666 quidem
884 1639 930 1659 su-

141 1679 302 1714 perstitione
332 1684 359 1705 et
391 1677 507 1712 pristino
539 1684 634 1704 errore
671 1676 841 1710 descivisset,
869 1677 929 1703 uni—

140 1734 202 1753 cum
226 1732 291 1752 vero
318 1724 516 1751 moderatorem
541 1723 661 1750 omnium
686 1722 768 1750 Deum
786 1722 929 1751 confessus

141 1777 364 1805 essctzrumque
389 1769 498 1797 virtutis
528 1769 667 1803 operibus,
683 1773 744 1803 gnon
773 1774 861 1796 autem
891 1769 928 1795 le-

140 1820 180 1854 gis
192 1825 252 1853 qua:
264 1824 279 1844 a
295 1816 387 1852 Moyse
403 1818 498 1850 postea
513 1814 610 1841 tradita
625 1818 667 1841 est
689 1814 858 1841 caeremoniis
877 1813 927 1848 17

140 1864 280 1892 coluisset.
301 1862 368 1890 Cum
396 1862 476 1896 igitur
506 1860 638 1895 ejusmodi
666 1864 747 1892 esset,
780 1859 879 1886 dicttttu
904 1861 927 1886 ei

139 1910 230 1936 fuerat
244 1914 338 1935 omnes
352 1910 433 1933 terrae
446 1905 533 1932 tribus
557 1911 588 1931 ac
611 1904 736 1931 nationes
752 1903 780 1931 in
795 1903 853 1939 ipso
867 1911 928 1931 esse

139 1954 340 1983 benedicendas
354 1953 389 1980 ³ο.
407 1952 484 1986 Apud
500 1951 572 1978 solos
590 1955 681 1979 autem
698 1950 867 1978 Christianos
880 1958 928 1985 per

140 2002 296 2029 universum
314 2005 450 2027 terrarum
462 1998 569 2029 orbem,
584 1997 714 2031 operibus
725 2004 785 2031 qua:
801 2003 927 2024 sermone

139 2048 212 2074 omni
229 2046 378 2074 ellicaciora
392 2049 464 2076 sunt,
483 2043 590 2070 exculta
606 2043 662 2070 haec
675 2042 770 2069 eadem
788 2041 927 2076 religionis

139 2092 331 2120 Abrahamica:
356 2091 444 2118 forma
469 2089 614 2123 reperitur.
641 2087 710 2120 Quid
731 2095 795 2122 ergo
812 2088 927 2122 posthac

139 2140 248 2167 obstare
273 2136 383 2169 poterit,
411 2134 556 2171 quominus
581 2141 662 2160 unam
685 2133 862 2166 eamdemque
885 2132 926 2158 vi-

137 2184 218 2214 vendi
235 2184 368 2211 rationem
396 2189 428 2208 ac
448 2180 617 2215 religionem,
644 2186 704 2206 cum
732 2178 810 2205 nobis
837 2178 884 2212 qui
911 2185 932 2204 a'

992 259 1031 294 τῷ
1046 259 1180 294 Ἀϐραὰμ,
1193 260 1361 294 χρηματίσαι
1377 260 1405 286 δὲ
1421 260 1460 296 τῷ
1480 260 1581 293 Ἰσαὰκ,
1602 260 1778 295 λελαληκέναι

991 306 1019 332 δὲ
1032 305 1071 341 τῷ
1088 306 1193 337 Ἰακὼϐ,
1203 307 1314 333 Μωῠσεῖ
1328 315 1357 332 τε
1373 307 1420 333 καὶ
1442 309 1499 339 τοῖς
1514 307 1583 342 μετὰ
1606 307 1692 334 ταῦτα
1708 317 1777 344 προ-

991 353 1089 386 φήταις
1103 351 1270 387 ὡμιληκέναι
1284 353 1481 388 προδέδεικται.
1500 353 1596 380 Ἔνθεν
1619 355 1717 386 αὐτοὺς
1743 355 1775 391 δὴ

989 395 1052 425 to);
1069 394 1202 428 θεοφιλεῖς
1219 395 1338 425 ἐκείνους
1358 395 1448 430 εὕροις
1463 395 1496 422 ἂν
1513 397 1559 422 καὶ
1574 396 1624 431 τῆς
1638 396 1686 423 τοῦ
1706 397 1776 432 Χρι·

990 438 1053 466 στοῦ
1064 439 1282 475 κατηξιωμένους
1299 441 1500 476 προσωνυμίαις,
1511 441 1580 467 κατὰ
1595 441 1644 477 τὴν
1658 442 1778 476 φάσκου-

989 494 1039 513 σαν
1054 487 1118 522 περί
1132 486 1221 512 αὐτῶν
1237 487 1337 522 φωνήν·
1357 496 1365 512 ι
1384 488 1429 522 Μὴ
1449 487 1553 522 ἆψησθε
1578 488 1632 515 τῶν
1658 489 1776 524 χριστῶν

991 541 1052 566 μου,
1068 533 1114 558 καὶ
1127 533 1155 558 ἐν
1173 534 1228 563 τοῖς
1244 533 1397 568 προφήταις
1420 541 1470 567 μου
1489 533 1525 568 μὴ
1545 534 1742 569 πονηρεύησθε.
1762 543 1773 561 ι

989 578 1070 604 Ὥστε
1086 578 1181 612 σαφῶς
1197 579 1308 613 πρώτην
1325 578 1450 613 ἡγεῖσθαι
1472 579 1526 604 δεῖν
1541 580 1588 605 καὶ
1602 580 1710 606 πάντων
1726 589 1777 606 πα-

988 623 1132 660 λαιοτὰτην
1156 633 1184 650 τε
1210 624 1257 650 καὶ
1273 624 1455 660 ἀρχαιοτάτην
1481 624 1636 656 θεοσεϐείας
1655 625 1773 660 εὖρεσιν,

988 670 1076 696 αὐτῶν
1094 669 1204 696 ἐκείνων
1219 670 1251 705 δὴ
1274 670 1326 696 τῶν
1346 671 1418 706 ἀμφὶ
1433 671 1479 696 τὸν
1497 671 1621 705 Ἀϐραὰμ
1645 671 1775 705 θεοφιλῶν

987 715 1103 751 ἀνδρῶν,
1119 716 1168 751 τὴν
1180 715 1279 752 ἀρτίως
1295 715 1339 742 διὰ
1351 716 1400 750 τῆς
1411 715 1457 742 τοῦ
1473 716 1590 752 Χριστοῦ
1599 717 1775 748 διδασκαλίας

987 763 1070 788 πᾶσιν
1089 761 1176 788 ἔθνεσι
1194 762 1429 798 κατηγγελμένην.
1454 763 1485 788 Et
1505 762 1534 788 δὲ
1551 763 1582 798 δὴ
1599 763 1696 798 μακρῷ
1713 763 1773 789 ποθ’

986 808 1099 843 ὓστερον
1113 809 1201 844 χρόνῳ
1219 809 1368 844 περιτομῆς
1379 817 1445 842 φασι
1458 809 1503 835 τὸν
1521 808 1644 844 Ἀϐραὰμ
1664 809 1774 844 ἐντολὴν

986 853 1136 889 εἰληφέναι,
1160 853 1227 880 ἀλλὰ
1238 862 1268 887 γε
1285 853 1337 889 πρὸ
1350 854 1451 889 ταύτης
1473 853 1644 888 δικαιοσύνην
1667 854 1710 880 διὰ
1729 854 1773 880 πί-

987 907 1072 931 στεως
1092 899 1275 934 μαρτυρηθεὶς
1298 899 1450 935 ἀνείρηται,
1469 896 1519 926 ὧδέ
1540 907 1599 930 πως
1626 899 1672 926 τοῦ
1702 899 1773 926 θείου

987 946 1138 980 φάσκοντος
1171 945 1268 979 λόγου·
1291 955 1300 970 ι
1321 945 1479 972 Ἐπίστεοοε
1509 945 1538 972 δὲ
1574 945 1703 981 ’Λϐραὰμ
1733 946 1773 981 τῷ

985 991 1054 1026 Θεῷ,
1072 992 1117 1018 καὶ
1130 991 1255 1027 ἐλογίσθη
1279 991 1353 1026 αὐτῷ
1368 993 1407 1023 είς
1425 992 1607 1028 δικαιοσύνην.
1629 1002 1638 1017 ι
1661 993 1715 1018 Καὶ
1739 992 1771 1027 δὴ

984 1037 1096 1072 τοιούτῳ
1111 1038 1163 1073 πρὸ
1183 1038 1232 1072 τῆς
1257 1037 1409 1073 περιτομῆς
1434 1039 1556 1072 γεγονότι
1579 1038 1701 1073 χρησμὸς
1719 1037 1771 1064 ὑπὸ

984 1082 1031 1108 τοῦ
1051 1080 1184 1117 φήναντος
1196 1081 1290 1108 ἑαυτὸν
1304 1081 1379 1116 αὐτῷ
1402 1081 1483 1108 Θεοῦ·
1499 1079 1576 1114 οὗτος
1596 1082 1618 1108 δ’
1641 1081 1674 1117 ἦν
1691 1083 1772 1114 αὐτὸς

984 1127 998 1154 ὁ
1010 1127 1126 1162 Χριστὸς
1141 1128 1155 1154 ὁ
1167 1127 1214 1154 τοῦ
1229 1127 1296 1154 Θεοῦ
1312 1127 1413 1162 Λόγος·
1428 1128 1492 1163 περὶ
1505 1127 1558 1153 τῶν
1576 1128 1603 1153 ἐν
1618 1129 1673 1159 τοῖς
1705 1134 1772 1161 μετ-

989 1173 1085 1201 έπειτα
1094 1173 1199 1210 χρόνοις
1213 1173 1258 1200 τὸν
1278 1173 1370 1208 ὅμοιον
1393 1173 1467 1208 αὺτῴ
1484 1174 1653 1200 δικαιοῦσθαι
1671 1173 1771 1209 τρόπον

986 1219 1143 1254 μελλόντων,
1163 1220 1280 1254 ῥήμασιν
1304 1219 1396 1251 αὐτοῖς
1425 1219 1644 1255 προεπήγγελται
1665 1219 1770 1253 λέγων’

988 1275 996 1290 ι
1017 1266 1070 1292 Καὶ
1085 1265 1342 1301 ἐνευλογηθήσονται
1362 1267 1390 1292 ὲν
1408 1266 1449 1292 σοὶ
1465 1267 1550 1292 πᾶσαι
1574 1267 1601 1292 αἱ
1617 1266 1698 1300 φῦλα).
1720 1266 1771 1302 τῆς

983 1311 1306 1346 γῆςΛΚαὶὼςλὸτιιὲσται
1319 1313 1359 1343 είς
1379 1311 1455 1344 ἔθνος
1473 1313 1544 1347 μέγα
1565 1312 1612 1338 καὶ
1626 1312 1703 1338 πολύ·
1721 1311 1771 1339 καὶ

982 1357 1238 1392 ἐνευλογηθήσονται
1255 1358 1283 1384 ὲν
1299 1358 1372 1393 αὐτῷ
1388 1359 1477 1385 πάντα
1494 1359 1527 1384 τὰ
1538 1358 1600 1393 ἔθνη
1615 1359 1665 1394 τῆς
1680 1358 1741 1394 γῆς.
1757 1368 1768 1385 ι

982 1402 1075 1437 Τούτῳ
1087 1402 1114 1428 δὲ
1129 1403 1176 1428 καὶ
1202 1402 1346 1437 ἐπιστῆσαι
1372 1403 1412 1434 είς
1437 1403 1510 1438 ἡμᾶς
1528 1402 1770 1437 ἑκπεπληρωμένῳ

983 1448 1109 1484 πάρεστι.
1127 1448 1221 1475 Πίστει
1236 1449 1285 1483 μὲν
1299 1448 1353 1483 γὰρ
1368 1449 1471 1480 ἐκεῖνος
1485 1450 1518 1484 τῇ
1534 1449 1574 1480 είς
1591 1448 1636 1475 τὸν
1651 1448 1769 1483 ὀφθέντα

982 1494 1114 1529 αὐτῷτοῦ
1130 1494 1196 1520 Θεοῦ
1212 1494 1297 1529 Λόγον
1311 1495 1355 1521 τὸν
1376 1495 1493 1530 Χριστὸν
1512 1495 1691 1526 ἐδεδικαίωτο,
1717 1503 1770 1521 πα-

981 1539 1072 1575 τρῴας
1095 1541 1143 1575 μὲν
1159 1540 1279 1572 ἀποστὰς
1300 1540 1510 1574 δεισιδαιμονίας
1523 1541 1570 1567 καὶ
1589 1540 1691 1576 πλάνης
1712 1540 1769 1575 βίου

983 1584 1126 1620 προτέρας,
1144 1585 1191 1611 ἕνα
1213 1586 1241 1612 δὲ
1260 1585 1305 1612 τον
1322 1585 1368 1612 ἐπὶ
1385 1586 1493 1613 πάντων
1510 1586 1677 1622 ὁμολογήσας
1691 1586 1768 1618 (debv,

981 1630 1027 1656 καί
1039 1629 1132 1657 τοῦτον
1147 1630 1237 1666 ἔργοις
1247 1631 1355 1667 ἀρετῆς,
1369 1631 1429 1666 οὐχὶ
1443 1631 1471 1657 δὲ
1487 1631 1618 1667 θρησκεία
1629 1632 1709 1666 νόμου
1721 1631 1769 1658 τοῦ

983 1676 1051 1710 μετὰ
1068 1676 1153 1702 ταῦτα
1165 1677 1304 1708 Μωῦσέως
1321 1677 1503 1713 θεραπεύσας,
1519 1678 1638 1714 Τοιούτῳ
1660 1687 1689 1704 τε
1712 1678 1768 1705 ὄντι

981 1721 1082 1756 εἴρητο,
1095 1722 1135 1748 ὅτι
1147 1722 1178 1757 δὴ
1190 1723 1274 1749 πᾶσαι
1291 1724 1318 1749 αἱ
1332 1723 1414 1757 φυλαὶ
1428 1723 1478 1758 τῆς
1488 1724 1539 1759 γῆς
1559 1725 1605 1750 καὶ
1620 1724 1709 1751 πάντα
1732 1724 1767 1751 τὰ

981 1766 1043 1802 ἔθνη
1060 1768 1088 1793 ἐν
1102 1767 1176 1803 αὐτῷ
1189 1768 1428 1805 εὐλογηθήσονται.
1438 1770 1550 1805 Ἔργοις
1563 1769 1590 1796 δὲ
1598 1770 1684 1804 λόγων
1693 1771 1769 1806 ἐναρ-

980 1813 1119 1847 γεστέρως
1129 1813 1175 1839 ἐπὶ
1192 1813 1239 1839 τοῦ
1256 1814 1390 1850 παρόντος
1403 1815 1480 1851 παρὰ
1497 1815 1587 1850 μόνοις
1597 1817 1767 1850 Χριστιανοῖς

979 1858 1039 1885 καθ’
1058 1859 1122 1894 ὅλης
1140 1860 1188 1894 τῆς
1203 1860 1364 1896 οἰκουμένης
1386 1861 1554 1897 ἀσκούμενος
1570 1862 1651 1894 αὐτὸς
1666 1864 1768 1895 ἐκεῖνος

979 1905 993 1930 ὁ
1007 1904 1056 1940 τῆς
1069 1904 1224 1937 θεοσεϐείας
1236 1906 1282 1932 τοῦ
1300 1906 1422 1942 Ἀϐραὰμ
1440 1907 1595 1943 ἀναπέφηνε
1611 1909 1718 1944 τρόπος.
1734 1909 1767 1934 Τί

978 1950 1010 1985 δὴ
1024 1949 1069 1977 οὖν
1084 1951 1176 1978 λοιπὸν
1190 1952 1314 1987 ἐμποδὼν
1332 1953 1365 1979 ἂν
1377 1953 1431 1989 εἴη,
1452 1954 1488 1990 μὴ
1505 1955 1564 1990 οὐχὶ
1583 1956 1630 1981 ἕνα
1652 1956 1698 1982 καὶ
1722 1955 1767 1982 τὸν

978 1994 1059 2020 αὐτὸν
1075 1995 1131 2030 βίον
1150 2004 1179 2022 τε
1192 1997 1238 2023 καί
1249 1997 1348 2032 τρόπον
1358 1999 1507 2031 εὐσεϐείας,
1520 2000 1585 2034 ἡμῖν
1599 2009 1628 2026 τε
1645 2002 1700 2032 τοῖς
1712 2001 1766 2027 ἀπὸ

978 2041 1097 2075 Χριστοῦ
1119 2042 1166 2068 καὶ
1192 2044 1247 2074 τοῖς
1275 2043 1414 2077 πρόπαλαι
1433 2043 1586 2079 θεοφιλέσιν
1608 2045 1765 2080 όμολογεῐν;

979 2088 1049 2114 ὥστε
1081 2090 1117 2124 μὴ
1141 2088 1204 2114 νέαν
1225 2089 1272 2114 καὶ
1299 2088 1388 2124 ξένην,
1403 2089 1471 2122 ἀλλ’,
1485 2090 1562 2116 εἰδεί
1588 2091 1671 2124 φάναι
1699 2091 1766 2126 ἀλη-

979 2134 1100 2166 θειὶοντα⁷
1112 2133 1222 2169 πρώτην
1235 2134 1366 2169 ὑπάρχειν
1380 2135 1426 2161 καὶ
1438 2136 1521 2171 μόνην
1534 2136 1581 2162 καὶ
1599 2136 1685 2172 ἀληθῆ
1701 2145 1767 2163 κατ-

978 2178 1093 2214 όρθωσιν
1122 2179 1272 2211 εὐσεϐείας,
1287 2179 1337 2215 τὴν
1357 2181 1401 2208 διὰ
1416 2183 1464 2216 τῆς
1479 2181 1525 2207 τοῦ
1553 2182 1670 2217 Χριστοῦ
1696 2182 1767 2208 διδα-

139 2231 247 2258 Christo
261 2231 470 2263 cognomentum
489 2225 631 2257 traximus,
654 2229 709 2251 tum
731 2223 925 2251 vetustissimis

984 2224 1090 2254 τκαλίας
1106 2224 1303 2259 παραδοθεῖσαν
1314 2226 1379 2260 ἡμῖν
1391 2226 1606 2254 ἀποδείκνυσθαι.
1618 2227 1672 2254 Καλ⁵
1679 2227 1767 2254 ταῦτα

138 2278 191 2305 illis
204 2277 258 2304 Deo
272 2273 405 2309 imprimis
422 2271 541 2306 acceptis
557 2270 715 2297 hominibus
731 2269 815 2295 fuisse
836 2268 918 2295 fatea-

976 2269 1024 2304 μὲν
1041 2267 1091 2296 ὧδε
1109 2270 1203 2305 ἐχέτω.

140 2333 209 2352 mur.
225 2322 342 2351 Proinde
353 2320 501 2357 perfectam
515 2318 588 2345 illam
605 2317 763 2351 religionem
775 2324 834 2351 qua:
861 2315 965 2343 Christi
993 2317 1183 2351 pratdicatione
1210 2317 1288 2346 nobis
1314 2318 1413 2346 tradita
1440 2323 1481 2347 est
1510 2326 1563 2345 non
1597 2325 1694 2345 novam
1720 2323 1766 2346 aut

138 2371 322 2409 peregrinam,
341 2369 399 2401 sed,
418 2367 440 2395 si
457 2373 551 2392 verum
569 2365 661 2392 dicere
691 2369 810 2399 oportet,
827 2362 954 2398 primam,
974 2361 1074 2395 Solam,
1104 2371 1252 2399 veramque
1274 2371 1335 2391 esse
1354 2365 1456 2399 liquido
1480 2369 1600 2399 apparet.
1619 2363 1652 2390 Et
1670 2364 1703 2391 de
1724 2364 1766 2391 his

139 2419 248 2456 quidem
264 2418 408 2445 hactenus.

438 2461 562 2490 CAPUT.
594 2460 626 2487 V.

211 2514 249 2545 De
266 2511 425 2546 temporibus
446 2509 541 2544 quibus
565 2513 679 2546 prwsen:
704 2505 854 2532 hominibus

466 2548 600 2578 apparuit.

177 2593 242 2620 Cum
257 2600 322 2620 vero
346 2596 515 2626 quaecunque
535 2588 568 2614 ad
584 2585 776 2614 ecclesiastica:
803 2585 924 2611 historiae

140 2647 220 2676 quatit
243 2638 410 2665 tractandam
425 2635 606 2670 suscepltttus,
625 2632 748 2660 notitiam
771 2636 850 2658 erant
873 2638 923 2658 ue-

178 2705 200 2722 "
213 2704 285 2733 Psal.
310 2711 364 2732 etv.
404 2703 424 2720 "
437 2703 506 2730 Gen.
520 2709 565 2729 xv.
605 2700 705 2729 “Gen.
723 2706 791 2727 xxtt.

181 2763 238 2798 (70)
258 2761 335 2797 Vulg.
351 2762 422 2796 ςεέρε
437 2762 474 2795 δὴ
495 2763 570 2796 μετὰ
591 2762 648 2795 τὴν
663 2760 881 2798 δέουσᾳννῇδη.
901 2761 930 2798 In

146 2796 326 2829 (ιοιΙιΙίΜοιιί,
344 2797 411 2823 Maz.
432 2803 457 2824 et
472 2798 539 2824 Fuk.
555 2798 650 2831 legitur
667 2798 732 2832 φέρε
750 2797 778 2823 δὲ
794 2797 843 2831 ἤδη
863 2796 931 2831 μετὰ

144 2835 193 2869 τὴν
210 2834 320 2860 δέουσαν
332 2833 564 2869 προκατασκεῦὴν,
577 2838 627 2859 ett'.
644 2834 672 2858 ln
684 2831 828 2866 esciuplari
840 2836 929 2869 autem

146 2866 231 2904 {ti-aio
246 2874 272 2898 et
285 2869 312 2896 in
327 2866 463 2896 veteribus
474 2868 581 2895 schedis
593 2869 722 2901 scriptum
741 2873 780 2894 est
796 2875 801 2892 ;
821 2867 885 2898 φέρε
901 2866 928 2892 δὲ

832 2698 852 2714 ιθ
865 2698 932 2726 Gen.
950 2707 1027 2727 xvni.

1243 2455 1440 2483 ΚΕΦᾹΛΑΙΟΝ
1463 2455 1500 2482 Ε’.

980 2506 1049 2538 Περι
1061 2503 1120 2530 τὼν
1139 2503 1255 2537 χρόνων
1279 2501 1332 2536 τῆς
1349 2501 1523 2538 ἐπιφανείας
1540 2499 1632 2538 αξξτοῦ
1644 2498 1699 2534 τῆς
1723 2500 1768 2532 εις

1154 2535 1327 2571 ἆνθρώποιὶς
1343 2538 1412 2572 (Mc.
1430 2536 1465 2563 H.
1484 2536 1517 2563 IL‘.
1530 2544 1550 2567 t,
1563 2535 1600 2571 6).

1014 2585 1081 2620 Φέρε
1099 2584 1127 2611 δὲ
1144 2583 1212 2619 μετὰ
1225 2583 1272 2618 τὴν
1289 2582 1402 2608 δέουσαν
1415 2581 1470 2616 (70)
1485 2579 1710 2616 προκατασκευὴν
1718 2581 1766 2614 τῆς

979 2631 1156 2671 προτεθείσης
1175 2631 1240 2665 ἡμῖν
1261 2628 1488 2664 ἐκκλησιαστικῆς
1502 2627 1631 2662 ἱστορίας,
1650 2625 1700 2662 ἤδη
1711 2626 1766 2653 λοι-

1073 2701 1096 2716 ¹⁰
1109 2699 1175 2727 Gen.
1190 2707 1238 2726 an.

981 2758 1050 2794 μετὰ
1062 2759 1111 2794 τὴν
1130 2759 1240 2785 δέουσαν
1253 2757 1319 2792 ἡμῖν
1339 2753 1576 2794 πρρκατασχειιήξ
1591 2751 1644 2779 Sed
1663 2756 1765 2794 utrum:

979 2784 1032 2828 que
1052 2784 1216 2828 superﬂuum
1239 2784 1280 2818 es't'
1294 2784 1410 2828 tattr_l‘)8q
1425 2797 1506 2823 quam
1523 2784 1597 2824 ἡμῖν,
1612 2794 1672 2815 cum
1694 2784 1764 2813 intra

979 2825 1006 2857 in
1018 2825 1111 2857 eadem
1125 2827 1236 2863 periodo
1249 2827 1335 2862 posita
1349 2825 1482 2859 legantur.
