1982 3159
273 170 308 198 95
634 168 769 197 EUSEBH
789 168 1030 197 CtESARIENSlS
1049 168 1124 196 OPP.
1145 168 1238 196 PARS
1256 169 1278 196 ι.
1298 183 1335 190 -
1353 166 1550 196 HISTORICA.
1873 167 1908 194 96

275 230 336 267 dit),
351 230 422 258 ﬁlius
444 230 544 265 Joseph
572 230 618 265 qui
647 231 697 257 luit
718 229 786 261 Heli,
803 231 849 264 qui
872 230 924 257 fuit.
950 230 1049 258 Melchi

1114 239 1169 262 τες,
1192 230 1345 265 παρέδοσαν
1370 230 1418 257 καὶ
1440 230 1550 258 ταῦταιτ
1574 227 1611 260 tit:
1641 228 1784 264 Ἰδουμαῖοι
1810 228 1908 264 λῃσταὶ

273 277 367 312 Neque
385 276 457 305 enim
475 281 582 311 poterat
608 276 738 303 disertius
759 276 875 310 exprimi
901 276 995 303 ﬁctitia
1020 276 1064 303 illa

272 322 420 357 generandi
442 322 512 349 ratio
532 329 591 356 quae.
618 328 651 348 ex
674 321 733 355 lege
748 321 869 356 profecta
884 326 936 349 est.
954 321 1015 348 Ideo
1038 322 1064 348 in

272 367 430 402 huiusmodi
459 367 608 395 liberorum
637 368 824 402 generatione,
842 367 955 394 verbum
987 367 1062 399 illud,

271 414 375 449 genuit,
397 414 430 440 ad
453 413 533 440 ﬁnem
555 420 641 447 usque
664 413 783 444 reticuit,
799 421 859 440 cum
873 414 906 440 ad
923 413 1010 447 ipsum
1023 421 1065 440 us-

271 467 323 495 que
336 460 480 491 Adamum,
494 459 539 493 qui
551 458 601 486 fuit
612 459 670 492 Dei,
687 459 819 494 gradatim
829 460 1009 492 ascendendo,
1023 462 1064 486 to-

272 507 326 534 tius
335 506 442 541 generis
455 506 553 533 seriein
568 505 751 540 perduxisset.
765 504 856 539 Neque
865 512 929 532 vero
946 505 972 532 id
987 509 1062 532 certa

271 552 376 579 ratione
392 553 549 579 destitutum
564 556 610 578 aut
624 556 726 578 temere
740 551 883 579 conﬁetum
895 555 944 578 est.
956 550 1062 585 Cogna-

272 600 292 626 ti
309 600 380 626 enim
395 598 549 626 Servatoris
567 598 663 629 nostri,
681 598 737 625 sive
752 598 785 624 ad
809 597 1001 624 ostendendam
1016 605 1062 632 ge-

271 647 346 673 neris
360 646 401 672 sui
414 646 595 678 nobilitatem,
609 645 666 672 sive
680 649 709 671 ut
729 644 890 678 simpliciter
909 651 966 670 rem
981 644 1061 671 doce-

270 696 343 725 rent,
363 692 457 718 veraci
481 692 574 725 utique
601 697 729 717 sermone
755 691 811 716 haec
834 688 910 716 nobis
940 689 1062 715 tradide-

269 742 335 765 runt
361 747 367 765 :
395 738 516 765 latrones
539 737 645 764 sciliCet
672 735 814 767 iduinazos,
844 743 904 762 cuni
933 735 1058 762 Ascaloni

270 783 423 811 Palmstiuae
439 783 541 810 civitati
562 782 794 816 supervenissent,
815 789 848 807 ex
865 780 978 808 delubro
995 788 1059 815 quo-

269 830 331 857 dam
347 829 481 864 Apollinis
497 829 568 864 qiiod
583 829 615 855 ad
638 829 712 863 ipsos
737 828 815 855 urbis
833 835 926 854 muros
941 828 1057 861 positum

267 880 338 909 erat,
355 876 527 910 Antipatrum
551 875 665 902 Herodis
695 873 837 908 cujusdam
865 873 998 900 hieroduli
1027 872 1057 899 ﬁ-

268 921 333 949 lium
350 922 429 949 simul
448 930 508 948 cum
527 922 627 955 reliqua
645 928 722 948 saera
741 922 829 954 pr'eda
857 921 992 954 captivum
1007 920 1058 946 du-

269 968 354 994 xisse.
370 967 437 994 Cum
453 975 519 994 vero
535 974 583 1002 pro
598 967 783 1001 redemptione
796 966 842 992 ﬁlii
855 966 978 992 minister
990 970 1057 991 tem-

267 1013 302 1047 pli
318 1014 433 1047 pretium
448 1013 554 1040 solvere
570 1020 623 1040 non
640 1012 754 1044 valeret,
772 1011 913 1046 Antipater
928 1011 1057 1038 Idumaeo-

267 1066 326 1084 rum
343 1065 417 1085 more
439 1058 619 1092 institutoque
646 1058 788 1089 educatus,
803 1057 973 1092 postmodum
989 1057 1055 1083 Hir-

265 1102 326 1128 cani
354 1103 451 1129 sumini
475 1103 628 1130 Judteorum
655 1104 793 1138 pontiﬁcis
820 1103 926 1130 amicus
941 1103 1053 1130 ellectus

265 1153 317 1175 est.
334 1147 395 1175 Mox
412 1148 518 1183 legatus
532 1149 566 1175 ad
582 1148 740 1184 Pompeium
757 1149 856 1176 missus
873 1149 905 1175 ab
922 1148 1053 1181 Hircano,

266 1202 328 1221 cum
343 1195 366 1222 ei
385 1202 497 1230 regnum
514 1196 586 1230 quod
599 1195 774 1222 Aristobulus
789 1195 908 1222 maxima
925 1202 958 1222 ex
976 1199 1054 1228 parte

265 1246 458 1275 occupaverat,
475 1242 589 1269 liberum
603 1242 778 1274 restitu'sset,
794 1243 827 1268 ad
841 1249 973 1269 summam
993 1241 1053 1268 feli-

264 1286 375 1313 citatem
411 1288 545 1321 pervenit,
575 1292 685 1315 curator
721 1288 873 1315 Palaestinae
901 1293 1053 1321 promotus.

265 1328 385 1356 Tandem
406 1330 439 1356 ab
460 1331 492 1357 iis
515 1331 559 1365 qui
585 1331 710 1359 felicitati
732 1333 790 1367 ejus
812 1333 983 1364 invidebant,
1004 1340 1051 1367 per

264 1374 379 1402 insidias
404 1376 574 1409 interfectus,
601 1377 736 1405 Herodem
761 1378 844 1404 ﬁlium
863 1385 1050 1405 successorem

264 1420 385 1454 reliquit,
413 1422 455 1448 cui
482 1426 577 1456 postea
603 1423 738 1449 Antonius
754 1423 806 1457 23
822 1427 849 1449 et
868 1423 1006 1457 Augustus
1019 1431 1051 1450 ex

263 1466 501 1492 scnatusrmisulto
516 1474 628 1500 regnum
642 1465 742 1493 Juda'a:
755 1467 954 1501 ailjiidicarunt.
967 1465 1052 1500 Hujus

264 1510 379 1537 Herodis
401 1510 473 1538 ﬁlius
501 1511 551 1538 fuit
571 1511 691 1539 Herodes
712 1512 812 1546 aliique
839 1512 992 1539 tetrarchae.
1018 1511 1052 1539 Et

1124 276 1273 303 Ἀσκάλωνι
1295 276 1370 303 πόλει
1392 276 1443 311 τῆς
1473 275 1655 310 Παλαιστίνης
1678 274 1854 307 ἐπελθόντες,
1879 275 1908 308 ἐξ

1116 322 1249 349 εἰδωλείου
1273 322 1450 354 Ἀπόλλωνος,
1468 321 1482 347 ὃ
1496 321 1563 357 πρὸς
1586 321 1643 352 τοῖς
1664 320 1782 355 τείχεσιν
1805 320 1906 356 ἵδρυτο,

1122 369 1298 404 Ἀντίπατρον
1327 368 1446 403 Ἡρώδου
1465 367 1536 399 τινὸς
1563 367 1616 402 (98)
1639 367 1788 403 ξ-εροδούλου
1812 366 1906 398 παῖδα,

1107 413 1183 450 Δ’πρὸς
1201 417 1257 447 τοῖς
1274 415 1362 446 ἄλλοις
1386 414 1474 445 σύλοις
1495 413 1667 448 αἰχμάλωτον
1688 413 1810 448 ὰτὴγοψ
1826 412 1864 447 τῷ
1877 412 1905 439 δὲ

1114 461 1200 497 λύτρα
1218 461 1287 496 ὑπὲρ
1307 459 1353 487 τοῦ
1381 459 1439 486 υἱοῦ
1463 458 1628 485 καταθέσθαι
1649 458 1686 494 μὴ
1705 458 1834 485 δύνασθαι
1858 457 1904 485 τὸν

1115 508 1190 542 ἱερέα
1203 503 1268 542 (99),
1285 507 1299 536 ὁ
1320 507 1497 541 Ἀντίπατρος
1508 507 1565 537 τοῖς
1575 505 1629 531 τῶν
1647 505 1802 539 Ἰδουμαίων
1818 504 1905 531 ἔθεσιν

1113 553 1266 587 ἐντραφεὶς,
1291 552 1403 587 ὕστερον
1434 550 1558 587 Ὑρκανῷ
1582 550 1715 585 φιλιοῦται
1733 550 1770 586 (1)
1792 550 1832 585 τῷ
1856 550 1905 585 τῆς

1119 599 1247 630 Ἰουδαίας
1267 599 1398 634 ἀρχιερεῖ.
1416 597 1592 633 Πρεσὸεύσας
1616 596 1644 623 δὲ
1670 597 1737 632 πρὸς
1761 597 1904 632 Πομπήϊον

1113 645 1182 680 ὑπὲρ
1199 645 1245 671 τοῦ
1265 643 1410 680 Ὑρκανοῦ,
1428 644 1475 670 καὶ
1496 644 1544 678 τὴν
1562 643 1700 679 βασιλείαν
1718 643 1904 679 ἐλευθεριῦσας

1112 690 1188 725 αὑτῷ
1206 690 1259 716 ὑπὸ
1292 689 1495 725 Ἀριστοϐούλου
1524 689 1570 715 τοῦ
1595 689 1710 724 ἀδελφοῦ
1736 697 1902 724 περικοπτο-

1112 737 1205 772 μένην,
1223 736 1303 767 atii-:6;
1327 735 1478 772 ηὑτύχησεν
1501 735 1667 771 ἐπιμελητὴς
1684 735 1734 770 τῆς
1758 734 1904 760 Παλαιστί-

1110 790 1158 816 νης
1180 781 1319 817 προκόψας
1342 781 1389 815 ('2)‘
1411 781 1564 815 διαδέχεται
1590 780 1618 806 δὲ
1643 779 1688 805 τὸν
1726 779 1901 813 Ἀντίπατρον

1110 827 1199 862 φθόνῳ
1219 827 1269 861 τῆς
1294 826 1394 861 πολλῆς
1415 826 1540 861 εὐτυχίας
1562 823 1782 860 δολοφονηθέντα,
1806 826 1820 851 ὁ
1843 825 1901 856 υἱὸς

1114 873 1247 909 Ἡρώδης,
1273 873 1302 905 ὃς
1327 874 1438 908 ὕστερον
1462 873 1507 899 ὑπ’
1539 871 1680 898 Ἀντωνίου
1705 872 1751 898 καὶ
1776 871 1823 897 τοῦ
1845 872 1900 897 Αὑ-

1109 920 1235 953 γούστου,
1262 919 1413 954 συγκλήτου
1431 918 1546 954 δόγματι
1569 917 1622 944 τῶν
1647 917 1781 944 Ἰουδαίων
1803 917 1900 953 ἐκρίθη

1111 965 1278 1000 βασιλεύειν·
1307 963 1338 992 οὗ
1366 965 1470 996 παῖδες,
1506 964 1629 1001 Ἡρώδης
1655 963 1683 989 οἵ
1703 963 1727 989 τ’
1752 963 1826 989 ἄλλοι
1853 972 1899 989 τε-

1109 1010 1238 1046 τράρχαι.
1259 1010 1351 1037 Ταῦτα
1379 1010 1427 1045 μὲν
1450 1010 1481 1044 δὴ
1509 1009 1586 1036 κοινὰ
1612 1008 1658 1035 καὶ
1684 1009 1743 1039 ταῖς
1765 1008 1901 1043 Ἑλλήνων

1110 1057 1250 1092 ἱστορίαις.
1273 1056 1468 1092 Ἀναγρὰπτων
1479 1055 1508 1081 δὲ
1523 1055 1562 1086 εἰς
1575 1055 1635 1081 τότε
1655 1055 1684 1080 ὲν
1705 1055 1761 1085 τοῖς
1778 1054 1899 1088 ἀρχείοις

1106 1103 1190 1129 ὅντων
1201 1102 1255 1130 τῶν
1272 1101 1424 1137 Ἑϐραϊκῶν
1443 1100 1540 1135 γενῶν,
1561 1100 1607 1127 καὶ
1620 1100 1673 1126 τῶν
1689 1099 1752 1135 ἄχρι
1764 1099 1900 1135 προσηλύ-

1106 1149 1207 1183 των(5)
1222 1147 1443 1183 ἀναφερομένων,
1467 1146 1504 1178 ὡς
1525 1145 1623 1181 Ἀχιὼρ
1644 1146 1690 1171 τοῦ
1719 1145 1898 1180 ’Δμμανίτου,

1107 1194 1154 1220 καὶ
1174 1193 1251 1220 Ῥοὺθ
1271 1194 1323 1228 τῆς
1340 1191 1522 1223 Μωαϐίτιδος,
1551 1191 1605 1217 τῶν
1627 1198 1656 1216 τε
1683 1190 1730 1216 ἀπ’
1758 1191 1897 1224 Αἰγύπτου

1107 1239 1327 1265 συνεκπεσόντων
1347 1237 1510 1271 ἐπιμίκτων,
1539 1234 1661 1270 Ἡρώδης
1680 1234 1755 1261 οὐδέν
1779 1244 1805 1262 τι
1827 1244 1898 1270 συμ-

1108 1285 1272 1321 ϐαλλομένου
1288 1284 1334 1311 τοῦ
1345 1283 1399 1310 τῶν
1413 1281 1587 1319 Ἰσραηλιτῶν
1595 1281 1690 1315 γένους
1702 1281 1786 1316 αὐτῷ,
1798 1282 1843 1308 καὶ
1857 1281 1896 1316 τῷ

1105 1331 1235 1358 συνειδότι
1246 1331 1296 1365 τῆς
1313 1329 1470 1364 δυσγενείας
1490 1328 1665 1364 κρουόμενος,
1682 1327 1833 1363 ἐνέπρησεν
1849 1328 1898 1354 αὑ-

1104 1377 1157 1404 τῶν
1180 1377 1229 1408 τὰς
1251 1376 1413 1411 ἀναγραφὰς
1429 1376 1465 1411 (4)
1478 1375 1533 1401 τῶν
1550 1374 1647 1409 γενῶν,
1676 1374 1798 1409 οἰόμενος
1818 1375 1897 1408 εὖγε-

1104 1423 1152 1458 νὴς
1163 1423 1370 1458 ἀναφανεϊσθαι,
1385 1421 1425 1457 τῷ
1446 1420 1511 1456 μηδὲ
1534 1421 1612 1448 ἄλλον
1628 1420 1699 1455 ἔχειν
1715 1421 1747 1446 ὲκ
1764 1420 1895 1455 δημοσίου

1105 1469 1264 1505 συγγραφῆς
1286 1469 1316 1495 τὸ
1335 1469 1413 1504 γένος
1439 1468 1550 1501 ἀνάγειν
1569 1467 1615 1493 ἐπὶ
1642 1465 1704 1497 τοὺς
1724 1466 1896 1502 πατριάρχας

1104 1512 1120 1548 ἢ
1151 1512 1335 1548 προσηλύτους
1369 1513 1417 1548 (5),
1451 1511 1514 1543 τούς
1546 1519 1575 1537 τε
1608 1510 1790 1545 καλουμένους
1815 1512 1897 1546 γειώ-

299 1589 355 1625 (98)
384 1590 577 1631 ᾉγτζπατροιέ
602 1590 726 1624 Ἡρώδου
749 1590 840 1631 artic.
855 1590 923 1631 ‘l‘la‘c
933 1588 1050 1631 narratio
1064 1591 1086 1622 ο
1102 1596 1161 1631 esse
1174 1589 1698 1631 zévﬁxpt‘ct‘uvﬁpxtﬁpoaqliitwv,cim.
1708 1597 1734 1631 iit
1744 1593 1895 1631 ἀρχιπροσ-

262 1633 376 1660 prorsus
395 1625 512 1652 fabulosa
536 1630 577 1652 est
594 1630 619 1651 et
640 1626 835 1652 coniuienlitia.
855 1625 920 1651 Nam
938 1625 1049 1660 Antipa-

262 1659 305 1688 ter
316 1665 419 1693 patrem
435 1661 526 1687 habuit
545 1669 595 1686 nou
613 1660 757 1691 Herodem,
775 1660 942 1687 bieroduliiiii
957 1659 1049 1691 templi

262 1695 405 1729 Apollinis,
425 1697 470 1721 sed
488 1695 661 1730 Antipatrum
681 1695 837 1726 lduinzeiim,
852 1700 880 1721 iit
894 1695 989 1721 scribit
1004 1694 1050 1730 Jo-

262 1731 362 1769 seplius
383 1731 408 1769 in
426 1730 473 1769 lib.
499 1738 555 1762 xw,
577 1738 636 1764 cap,
652 1730 679 1756 2.
699 1731 783 1769 Quem
801 1730 971 1769 Antipatrum
987 1729 1048 1755 Ale-

263 1763 367 1792 xander
390 1765 543 1792 Juda-oruni
574 1763 619 1792 rei:
645 1765 799 1798 put-fectum
823 1763 904 1791 totius
926 1763 1049 1791 ldunirea:

262 1800 411 1827 constituit.
441 1800 601 1833 Primusque
623 1801 666 1827 hic
688 1800 830 1834 Antipater
850 1804 943 1826 auctor
967 1799 1050 1826 luisse

262 1835 369 1861 videtur
384 1835 463 1866 huius
480 1836 616 1869 potentiae,
631 1835 662 1861 ad
672 1843 751 1868 quam
766 1835 864 1869 posteri
878 1835 962 1869 ipsius
976 1839 1050 1866 post-

262 1877 294 1896 ea
313 1875 504 1904 pervenerunt.
519 1870 585 1897 Nam
598 1876 625 1897 et
646 1870 834 1904 prmlecturam
853 1870 975 1896 liluiiiime
989 1877 1050 1904 ges-

261 1906 298 1931 sit
310 1905 462 1932 Alexandro
477 1910 502 1931 et
519 1906 672 1932 Alexandra
695 1905 885 1938 regnantibus;
903 1909 930 1930 et
957 1905 1047 1938 hospi—

263 1940 301 1966 tio
325 1946 405 1974 atque
432 1940 551 1967 amicitia
576 1949 635 1968 cum
661 1941 824 1967 Ascalonitis
849 1946 875 1966 et
896 1939 1000 1967 Gazaeis
1022 1945 1049 1967 et.

261 1975 395 2001 Arabibus
414 1975 489 2005 inita,
503 1977 632 2002 maximas
646 1976 696 2003 sibi
712 1983 776 2009 opes
788 1976 966 2008 comparavit.

299 2010 355 2045 (99)
372 2010 427 2037 Τὸν
447 2010 533 2045 ἱερέα.
558 2011 706 2045 lmproprie
725 2011 894 2037 sacerdotem
911 2015 988 2037 vocat
1000 2011 1046 2045 qui

262 2050 321 2071 erat
339 2046 503 2073 hiemdulus.
524 2046 612 2080 Longe
630 2047 701 2073 enim
718 2046 853 2072 hiet-inter
864 2054 893 2072 se
907 2045 1046 2079 dilferunt,

262 2084 293 2105 ut.
317 2087 397 2114 supra
412 2082 515 2109 notavi.
532 2081 601 2108 Fieri
621 2086 709 2108 tamen
730 2081 826 2114 potuit,
843 2085 872 2107 ut
888 2080 956 2107 idem
978 2087 1051 2108 esset

261 2116 392 2142 sacerdos
407 2120 434 2142 et
462 2116 616 2143 bierodnliis
629 2125 639 2147 ;-
657 2121 719 2150 puta
740 2116 762 2141 si
781 2116 837 2142 ha-c
855 2120 913 2142 erat
929 2116 1049 2142 conditio

262 2150 418 2181 sacerdotii,
440 2156 469 2177 ut
492 2159 544 2178 non
571 2151 622 2178 nisi
644 2157 726 2178 exuta
752 2150 877 2177 libertate
894 2151 1049 2177 sacerdotes

262 2190 436 2217 caperentur.

297 2220 335 2254 (l)
353 2219 481 2253 Ὑρκανῷ
495 2220 653 2255 φιλιοῦται.
670 2220 726 2247 Hoc
737 2227 843 2254 quoque
853 2220 951 2255 inloco
964 2219 1047 2246 nostri

261 2255 369 2281 Codices
386 2256 494 2290 Regius.
507 2256 668 2288 Mazarinus,
686 2255 868 2282 llleihcmusac
882 2254 1047 2290 Fiiketianus

262 2294 419 2317 constanter
431 2289 562 2324 scriptum
576 2289 818 2323 Ιιειὶιεηιφιλοῦται.
830 2290 915 2322 Quam
931 2289 1048 2323 scriptu-

263 2332 319 2351 ram
336 2326 426 2352 nescio
441 2333 490 2352 cur
507 2325 641 2352 liobertus
654 2325 808 2357 Stephanus
828 2325 991 2358 repudiavit.
1004 2324 1049 2350 Ψι-

262 2359 354 2396 λοῦται
364 2361 440 2396 enim
459 2361 557 2387 dicitur
574 2365 602 2386 ut
613 2359 766 2396 ἑχθροῦται.

298 2395 336 2429 (2)
362 2395 562 2429 Ἐπιμελητὴς
587 2395 642 2429 τῆς
652 2395 859 2429 Παλαιστίνης
880 2395 1047 2428 προκόψας.

261 2430 404 2462 Antipater
422 2431 535 2457 Herodis
561 2438 668 2464 parens.
686 2431 737 2457 sub
763 2430 880 2457 Hii'caiio
892 2430 1047 2456 ludii-orum

262 2472 325 2499 rege
334 2466 551 2499 procurationem
563 2466 645 2493 totius
658 2466 729 2499 regni
740 2465 833 2499 gessit,
841 2470 868 2491 et
878 2466 982 2499 negotia
993 2472 1048 2491 tam

262 2500 351 2526 civilia
369 2508 449 2533 quam
465 2501 593 2527 militaria
614 2501 825 2526 administravit.
845 2500 937 2534 Itaque
951 2501 1049 2534 ἐπιμε-

261 2534 344 2571 λητὴς
359 2536 408 2571 τῆς
422 2535 552 2567 Ἰουδαίας
575 2540 601 2562 et
619 2535 764 2571 ἐπίτροπος
779 2541 911 2562 vocatura
930 2534 1048 2568 Joseplio

262 2569 288 2605 iii
308 2569 476 2597 dicto'libro.
496 2571 579 2597 Porro
602 2569 687 2597 codex
713 2570 781 2596 Meti.
800 2576 826 2596 et.
842 2570 924 2605 δεμ-ιι.
942 2578 1049 2605 χρημα-

259 2604 336 2640 τίσας
351 2605 480 2640 scriptum
493 2605 601 2635 habent,
614 2613 665 2631 non
683 2605 829 2640 προκόψας.
844 2604 871 2631 In
881 2604 1047 2632 llI.iz.uuteiti

261 2644 288 2676 et
300 2639 366 2666 Fuk.
379 2639 480 2676 legitur
496 2641 672 2676 χρηματίσαι.
694 2639 779 2673 Quam
802 2642 963 2675 scripturam
984 2648 1048 2666 con-

263 2674 355 2701 lirmat
377 2674 631 2709 Nii-etilio'iiiis'._b':c
653 2676 724 2702 enim
753 2675 832 2701 habet
857 2684 917 2709 cap.
946 2683 971 2702 ix
1000 2676 1045 2702 lib.

261 2709 352 2741 primi,
378 2710 530 2746 ηὑτὺχησεν
547 2707 623 2742 οὗτος
652 2710 817 2746 ἐπιμελητὴς
831 2711 880 2746 τῆς
892 2707 1049 2746 ’Παλαιστίέ

261 2745 473 2805 νηςέσξενέσοαι.
490 2747 633 2780 Eleganter
659 2745 746 2773 Grieci
762 2745 864 2780 dicunt,
878 2746 998 2781 εὐτυχεῖν
1017 2745 1048 2772 τὸ

262 2786 310 2805 γεν
359 2788 398 2805 αι.

262 2786 398 2812 γενεσθαι.
705 2810 708 2813 γ

299 2815 335 2850 (5)
347 2814 482 2850 Τῷνάχρι
496 2816 704 2850 προσηλύτων.
715 2816 809 2843 Mirum
820 2822 859 2844 est
874 2817 898 2843 in
912 2816 1048 2843 codicibus

263 2849 365 2886 nostris
379 2849 462 2886 Maz..
478 2851 559 2881 Med..
573 2851 639 2878 Fuit.
656 2860 687 2878 ac
705 2852 787 2879 Savil.
804 2852 886 2879 scribi
898 2851 951 2878 τῶν
970 2852 1047 2886 ἁρχι-

264 2884 450 2919 προσηλύτων.
476 2885 550 2915 Unde
566 2887 700 2921 conjicere
715 2888 775 2922 quis
799 2892 888 2923 posset
903 2884 1046 2922 legi-inluni

1102 1624 1194 1660 ήλυτοι
1215 1624 1564 1662 εἰιιζρτῐιιςιβοεοὶναιιιιςί
1587 1628 1747 1661 patriarcha:
1764 1624 1895 1662 pres—cly-

1104 1659 1210 1689 torum;
1227 1659 1376 1692 cuiusmodi
1398 1660 1447 1686 fuit
1469 1661 1572 1688 Aeliior
1587 1659 1814 1691 'Animanites.’et
1828 1659 1894 1689 (‘Oll-

1102 1695 1230 1731 venrerilli
1243 1695 1289 1728 qui
1312 1694 1441 1731 Israelitis
1457 1703 1489 1722 ex
1504 1695 1621 1730 [Egypto
1636 1697 1838 1731 egredientibus
1850 1706 1894 1722 sv—

1102 1737 1131 1756 se
1146 1730 1336 1765 adjunveriint.
1347 1730 1411 1761 Qua:
1423 1730 1531 1764 quidem
1549 1732 1737 1765 interpretatio
1751 1732 1816 1757 inihi
1828 1740 1891 1758 cor—

1103 1769 1129 1790 te
1146 1772 1196 1791 non
1214 1764 1348 1798 displicet.
1366 1765 1394 1790 lii
1409 1765 1503 1800 codice
1519 1766 1602 1800 Regio
1614 1767 1744 1800 scriptum
1763 1772 1804 1793 est
1817 1774 1845 1793 ut
1865 1768 1890 1794 iii

1098 1800 1191 1831 editis,
1223 1800 1286 1835 ἄχρι
1299 1799 1485 1835 προσηλύτων.
1519 1800 1685 1834 Nicephorus
1712 1809 1818 1835 quoque
1834 1803 1892 1828 viil-

1099 1838 1188 1868 gatam
1218 1835 1361 1861 lectionem
1393 1840 1491 1862 tuetur.
1522 1835 1606 1862 Paulo
1635 1842 1698 1863 ante
1730 1838 1814 1863 nostri
1842 1845 1890 1863 co-

1098 1869 1172 1906 dices
1202 1869 1283 1898 Maz..
1298 1869 1366 1906 Med.
1397 1878 1428 1896 ac
1444 1869 1511 1898 Fiik.
1527 1872 1657 1906 scriptum
1683 1872 1784 1899 habent
1804 1872 1844 1904 εἰς
1859 1873 1890 1900 τὸ

1096 1903 1168 1937 τότε,
1186 1913 1217 1931 (:u
1224 1914 1246 1930 ιιι
1264 1914 1277 1931 a
1284 1905 1379 1931 rtieiilo
1388 1906 1569 1939 pra-positivo.

1134 1939 1171 1975 (4)
1178 1940 1360 1976 Ἐνέπρησεν
1366 1940 1465 1967 αὐτῶν
1473 1941 1524 1974 τὰς
1532 1941 1715 1976 ἀναγραφάς.
1725 1942 1760 1968 Ha
1767 1950 1798 1969 nc
1806 1944 1888 1970 etiam

1101 1975 1284 2012 narratiOnem
1297 1984 1392 2008 parum
1411 1981 1515 2003 certam
1533 1975 1742 2004 existimoﬂam
1755 1977 1890 2012 Iosephus

1101 2010 1129 2036 in
1148 2010 1217 2037 libro
1238 2010 1274 2037 De
1285 2012 1337 2037 vita
1351 2020 1399 2038 sua
1418 2012 1549 2046 originem
1572 2017 1598 2038 et
1614 2013 1799 2046 antiquitatem
1820 2010 1889 2040 stir-

1101 2046 1142 2079 pis
1156 2053 1211 2072 Sua:
1226 2053 1454 2076 commemorans.
1468 2054 1500 2072 ex
1510 2046 1624 2080 publicis
1638 2048 1755 2073 archivis
1767 2055 1825 2074 eum
1844 2057 1888 2074 re-

1101 2081 1177 2116 petit.
1188 2080 1270 2114 Igitur
1287 2082 1426 2116 restabant
1443 2081 1531 2116 adhuc
1547 2086 1629 2108 tetate
1649 2080 1757 2115 Iosephi
1781 2084 1887 2116 publica

1102 2115 1243 2152 tabularia,
1260 2116 1285 2141 iti
1298 2116 1396 2152 quibus
1409 2115 1581 2152 Judaicariiin
1596 2115 1757 2152 familiarum
1768 2115 1888 2152 origines

1100 2150 1322 2176 continebantur.
1337 2150 1374 2176 Ac
1390 2150 1504 2184 proinde
1525 2151 1620 2177 falsum
1634 2156 1676 2177 est
1695 2150 1827 2179 Herodem
1855 2162 1886 2180 ea

1099 2185 1294 2222 combiississe.
1310 2184 1395 2222 Porro
1412 2186 1468 2211 hare
1488 2186 1619 2222 tabularia
1644 2191 1719 2212 erant
1743 2187 1768 2212 iu
1787 2189 1887 2222 templo

1100 2218 1344 2255 Hierosolymjtano
1356 2220 1404 2246 sub
1416 2220 1536 2247 custodia
1549 2221 1710 2251 scribarum.
1721 2227 1749 2248 ut
1761 2218 1885 2255 equidem

1065 2247 1235 2282 Dexislimo'.
1264 2253 1356 2288 Itaque
1383 2255 1487 2287 optime
1512 2255 1626 2282 Ruﬁnus
1651 2247 1731 2282 verba
1764 2247 1884 2285 Αἰτιέέᾀήίὲ

1101 2288 1136 2314 ita
1153 2289 1254 2316 vertit:
1279 2289 1374 2316 Omnes
1396 2289 1566 2316 Hebra’oriim
1584 2292 1763 2324 generationes
1784 2293 1885 2318 deseri-

1098 2328 1161 2359 plet,
1181 2324 1207 2350 in
1223 2325 1335 2350 are/rivis
1353 2326 1442 2359 templi
1459 2326 1643 2351 secretioribus
1661 2326 1832 2353 habebantur.

1135 2358 1173 2396 (5)
1188 2360 1222 2386 Ἢ
1239 2358 1459 2396 προσηλύτρυς.
1475 2360 1577 2387 Mallem
1588 2361 1713 2396 scribere
1733 2362 1884 2396 ἀρχιπροσ-

1099 2393 1251 2428 ηλύτουςιιι
1274 2402 1364 2428 supra.
1379 2395 1472 2429 Neque
1487 2396 1559 2421 enim
1578 2395 1610 2422 de
1622 2396 1731 2422 novitiis
1743 2393 1885 2424 acre-cen-

1100 2430 1171 2464 tibus
1186 2429 1329 2464 proselytis
1353 2430 1397 2456 hic
1416 2431 1534 2462 loquitur
1553 2430 1708 2462 Africanus,
1725 2432 1771 2457 sed
1793 2433 1825 2458 ile
1839 2441 1885 2459 uo-

1100 2463 1239 2491 hilissiinis
1259 2463 1413 2499 quibusque
1434 2471 1461 2492 et
1481 2465 1687 2498 antiquissimis,
1703 2473 1818 2500 quorum
1835 2476 1885 2493 no-

1100 2507 1160 2536 i_iieii
1180 2500 1209 2536 in,
1223 2501 1309 2536 sacris
1321 2499 1397 2527 libris
1410 2505 1652 2536 commemoratum
1669 2499 1723 2533 est;
1735 2504 1883 2536 cujusmodi

1100 2533 1150 2570 [uit
1163 2535 1275 2568 Achior,
1286 2535 1325 2570 de
1340 2543 1393 2568 quo
1415 2536 1439 2561 in
1453 2536 1521 2561 libro
1534 2534 1626 2561 Judith
1639 2543 1709 2570 s:epe
1726 2537 1754 2562 ﬁt
1766 2533 1882 2565 iiieiitio.

1099 2568 1203 2602 Quippe
1219 2570 1270 2597 hoc
1286 2569 1344 2597 loco
1362 2573 1417 2605 agit
1433 2569 1578 2597 Africanus
1593 2571 1625 2597 de
1640 2568 1791 2602 nobilitate.
1807 2573 1883 2605 cuius

1099 2606 1264 2640 praecipuum
1281 2605 1387 2639 insigne
1405 2610 1445 2632 cst
1458 2606 1603 2639 antiquitas
1615 2607 1733 2640 generis.
1754 2608 1797 2634 Ait
1809 2611 1882 2634 enim

1099 2639 1231 2667 Herodem
1247 2640 1366 2673 origines
1379 2640 1544 2667 familiarum
1564 2639 1625 2667 ideo
1637 2648 1836 2674 concremasse,
1849 2651 1883 2669 tie

1099 2675 1159 2711 quis
1179 2682 1211 2701 ex
1230 2675 1344 2708 publicis
1356 2676 1539 2711 monumentis
1555 2677 1669 2710 probare
1684 2683 1774 2711 pOSsel.
1796 2685 1824 2703 se
1849 2678 1882 2704 ab

1099 2710 1163 2743 ipsis
1179 2710 1342 2746 patriarchis
1357 2716 1403 2736 aut
1419 2710 1559 2744 prophetis
1574 2712 1705 2745 originem
1722 2713 1828 2746 generis
1840 2714 1881 2739 sui

1099 2745 1206 2781 ducere.
1228 2745 1304 2781 Quod
1321 2745 1354 2781 isi
1368 2745 1489 2781 novellos
1515 2747 1665 2781 proselytos
1688 2745 1881 2781 intelligamus,

1098 2780 1169 2814 perit
1182 2781 1271 2807 omnis
1282 2780 1419 2814 Iiiijusloci
1432 2782 1578 2812 sententia,
1594 2780 1654 2807 cum
1675 2781 1788 2808 Herodis
1801 2787 1882 2809 aetate

1099 2814 1309 2842 innumerabiles
1321 2820 1413 2842 essent
1431 2815 1457 2842 in
1478 2815 1568 2843 Iudaea
1587 2817 1632 2850 qui
1653 2824 1737 2850 genus
1753 2824 1831 2842 suum
1847 2818 1880 2844 ad

1098 2850 1217 2877 novellos
1239 2851 1387 2886 proselytos
1402 2851 1543 2881 referrent.
1560 2856 1652 2885 utpote
1666 2858 1715 2877 avo
1731 2852 1784 2877 nati
1802 2859 1876 2886 prus-

1099 2888 1179 2921 elyto.
1198 2885 1247 2919 Qui
1267 2884 1387 2921 proiecto
1409 2884 1726 2920 archivorumsuffragio
1743 2884 1876 2921 ομυέἰιεε-
