1982 3159
256 155 291 183 99

605 150 740 179 EUSEBH
759 149 997 178 CESARIENSIS
1016 150 1037 177 Ο

1090 149 1204 187 ,_PARS
1223 149 1243 176 1.
1264 164 1298 168 -
1318 147 1514 176 HISTORICA.

1832 149 1892 176 {UO

256 213 336 241 avita:
346 211 494 240 nobilitatis
509 211 667 238 memoriam
686 214 905 237 conservassent.
918 209 955 236 Ex
969 217 1033 243 quo-

1091 209 1282 240 ἀποθανόντος,
1306 209 1320 234 ὁ
1350 206 1448 234 Ἰακὼῦ
1474 206 1624 242 ἀνέστησεν
1653 207 1726 242 αὐτῷ
1753 207 1889 243 σπέρμα,

257 267 317 286 rum
338 265 454 285 nuntero
476 261 553 284 erant
579 256 605 283 hi
631 256 664 284 de
689 255 787 290 quibus
809 263 891 289 supra
919 255 985 287 dixi,
1007 255 1042 282 ob

257 306 487 339 propinquitatem
502 304 609 338 generis
627 310 679 335 qua
695 302 833 328 Servatori
853 300 1041 335 nostrojuncti

255 355 333 378 erant
355 350 513 376 δεσπόσυνοι
539 349 678 383 appellati.
701 348 751 381 Qui
772 355 787 374 e
805 347 919 374 Nazaris
944 352 971 373 et
994 345 1043 372 Co-

255 396 340 424 cliaba
362 396 461 423 Judmm
482 395 546 421 vicis
567 395 594 420 in
615 394 705 420 varias
722 393 844 427 regiones
859 391 983 425 dispersi,
999 399 1043 418 su-

254 442 406 477 pradiclam
424 441 532 476 generis
550 440 660 472 seriem,
686 447 719 465 ex
745 437 952 473 Ephemeridum
971 436 1040 463 libro

254 496 335 522 quain
351 491 477 521 poterant
492 486 650 513 fidelissime
662 487 861 518 exposuerunt.
879 482 945 509 Sive
957 482 1041 516 igitur

254 532 290 558 ita
309 539 339 558 se
357 539 400 558 res
417 532 506 564 habet,
521 532 579 558 sive
594 531 685 562 aliter,
709 529 858 564 planiorem
871 531 945 554 certe
960 528 1041 553 inter-

254 579 444 611 pretationem,
468 584 528 604 meo
549 576 659 612 quidem
680 575 783 611 judicio
809 574 980 608 alioruutque
995 573 1040 608 qtti

253 624 321 658 mqui
341 631 432 650 rerum
449 624 631 649 :estimatores
657 628 717 648 esse
732 620 835 652 volent,
862 627 941 646 nemo
963 618 1042 646 facile

252 669 396 703 repererit.
430 668 546 694 Proinde
572 667 628 693 haec
654 665 733 692 nobis
761 665 897 697 suﬂiciat,
929 664 1038 691 tametsi

253 714 326 741 nullo
342 715 498 741 testimonio
515 713 599 744 fulta;
619 712 727 747 quando
737 718 786 738 nec
801 710 941 738 meliorem
958 711 1038 737 aliam

1092 255 1224 289 γεννήσας
1238 253 1283 280 τὸν
1300 253 1408 288 Ἰωσὴφ,
1430 252 1500 279 κατὰ
1519 252 1600 285 φύσιν
1619 253 1667 288 μὲν
1687 253 1785 288 ἐαυτῷ,
1809 254 1890 281 κατὰ

1092 301 1172 336 νόμον
1185 300 1212 326 δὲ
1225 297 1267 333 τῷ
1283 299 1349 326 Ἦλί.
1369 298 1461 330 Οὕτως
1481 298 1643 334 ἀμφοτέρων
1660 299 1717 330 υἱὸς
1733 298 1766 335 ἦν
1786 301 1799 326 ὁ
1826 301 1890 327 Ἰω-

1093 347 1158 381 σήφ.
1186 356 1194 371 ι
1211 345 1335 371 Τοσαῦτα
1352 345 1384 380 δὴ
1401 346 1414 371 ὁ
1438 344 1609 380 Ἀφρικανός.
1631 345 1686 371 Καὶ
1704 345 1735 380 δὴ
1756 345 1802 372 τοῦ
1829 346 1891 372 Ἰω-

1093 393 1145 427 σὴφ
1156 388 1206 418 ὦδέ
1221 400 1278 423 πως
1291 390 1546 426 γενεαλογουμένου,
1562 390 1674 425 δυνάμει
1692 391 1739 417 καὶ
1753 392 1768 426 ἡ
1787 391 1890 426 Μαρία

1093 439 1140 464 σὺν
1155 437 1227 472 αὐτῷ
1242 437 1361 472 πέφηνεν
1384 437 1416 463 ὲκ
1437 437 1487 471 τῆς
1511 437 1595 472 αὐτῆς
1612 434 1678 463 οὖσα
1697 436 1793 471 φυλῆς,
1822 437 1889 471 εἴγε

1089 483 1159 510 κατὰ
1172 483 1216 509 τὸν
1229 483 1366 514 Μωῦσὲως
1381 483 1461 517 νόμον
1475 483 1524 508 οὐκ
1536 482 1596 517 ἐξῆν
1612 482 1718 517 ἑτέραις
1735 483 1888 517 ἐπιμίγνυ-

1090 529 1152 555 σθαι
1165 529 1279 563 φυλαῖς·
1298 529 1337 554 ἑνὶ
1351 528 1406 564 γὰρ
1420 528 1473 554 τῶν
1494 529 1526 554 ἐκ
1547 527 1594 554 τοῦ
1620 528 1703 554 αὐτοῦ
1724 528 1811 564 δήμου
1833 529 1889 556 καὶ

1090 574 1275 610 πατριᾶς(ἲ5)
1284 574 1334 609 τῆς
1347 574 1432 609 αὐτῆς
1446 573 1608 608 ζεῦγνυςθαι
1628 574 1694 610 πρὸς
1715 575 1804 609 γάμον
1826 583 1887 601 πα-

1092 620 1277 656 ρακελεύεται,
1295 620 1332 651 ὼς
1352 620 1384 647 ἂν
1409 620 1445 655 μὴ
1464 620 1671 656 περιστρέφοιτο
1695 620 1750 655 (14)
1763 620 1810 646 τοῦ
1833 620 1886 654 γὲο

1092 674 1154 697 νους
1164 667 1178 692 ὁ
1189 665 1287 701 κλῆρος
1302 665 1355 692 ἀπὸ
1369 665 1455 701 φυλῆς
1475 666 1521 692 ἐπὶ
1533 665 1628 701 φυλήν.
1648 666 1702 692 Ὠὃὶ
1718 667 1765 701 μὲν
1777 665 1824 692 οὖν
1833 666 1887 694 καὶ

1092 710 1178 737 ταῦτα
1199 711 1294 746 ἐχέτω.

253 767 303 787 nec
323 760 457 787 veriorem
480 759 602 794 proferre
623 765 779 793 possumus.
814 757 948 784 Cteterum
970 758 1035 791 quin
1055 765 1120 784 vera
1139 758 1173 785 sit
1188 757 1325 793 Evangelii
1341 758 1462 785 narratio
1493 757 1609 785 dttbitari
1634 765 1686 784 non
1708 762 1806 792 potest.
1824 757 1882 785 »1η

252 808 306 835 fine
325 812 413 835 autent
426 808 543 842 ejusdem
557 806 683 840 Epistola:
699 805 844 832 Africanus
865 805 922 832 lucc
941 806 1034 832 addit:
1051 814 1060 831 ι
1079 805 1197 832 Mattlian
1211 813 1225 831 a
1238 804 1382 832 Salomone
1403 813 1486 840 genus
1505 805 1616 837 ducens,
1628 804 1756 832 Iacobum
1774 805 1881 838 genuit.

252 854 358 882 Mortuo
381 854 476 881 deinde
499 852 651 883 Matthaue,
674 851 770 879 Melehi
794 851 926 878 oriundus
940 859 971 878 ex
989 850 1119 879 Natbanis
1148 852 1243 884 stirpe,
1264 859 1298 879 ex
1316 852 1409 879 eadem
1445 851 1558 879 muliere
1594 851 1687 886 genuit
1710 850 1779 877 lleli.
1803 851 1882 884 Quo-

252 903 322 930 circa
346 901 461 928 Jacobus
483 907 510 928 et
533 900 589 927 lleli
617 900 716 926 fratres
738 905 817 926 erant
850 899 959 925 uterini.
987 898 1045 925 lleli
1066 899 1162 926 deinde
1176 898 1235 926 sine
1248 898 1339 926 liberis
1351 898 1488 931 defuncto,
1503 898 1617 926 Jacobus
1649 899 1673 924 ei
1706 905 1797 925 semen
1814 907 1882 925 sus-

252 949 355 980 citavit,
369 947 487 982 Josepho
508 947 600 982 genito
615 956 621 973 :
636 947 681 981 qui
697 951 794 973 natura
807 946 915 980 quidem
933 945 1038 977 Jacobi,
1059 945 1117 980 lege
1134 950 1223 972 autem
1241 944 1299 972 lleli
1321 945 1393 973 filius
1425 945 1485 972 fuit.
1503 945 1548 972 Sic
1577 949 1690 979 uterque
1705 944 1814 980 Joseplti
1829 953 1882 979 pa-

253 1001 294 1023 ter
310 1001 382 1023 recte
398 996 507 1022 dicitur.
532 1004 541 1020 ι
557 994 620 1022 llaec
635 994 791 1022 Africanus.
810 994 896 1021 Porro
928 995 1061 1021 recensita
1082 995 1133 1021 hoc
1148 993 1227 1021 modo
1239 993 1348 1028 Josephi
1364 994 1458 1028 stirpe,
1473 993 1553 1021 simul
1568 994 1649 1020 etiam
1662 993 1751 1020 Marim
1781 1001 1881 1028 genus,

252 1050 311 1077 qua:
324 1050 354 1069 ex
367 1042 460 1069 cadent
478 1042 549 1069 tribu
568 1047 627 1070 erat
641 1043 767 1074 oriunda,
786 1042 868 1069 tacite
882 1042 1034 1076 expositum
1055 1041 1109 1078 24
1139 1047 1198 1076 est,
1223 1041 1281 1076 lege
1297 1041 1430 1076 siquidem
1451 1042 1553 1078 Moysis
1572 1042 1642 1069 inter
1662 1043 1774 1069 diversm
1790 1042 1882 1070 tribus

252 1088 374 1116 homines
388 1094 465 1116 erant
483 1089 565 1116 vetita
581 1090 728 1117 connubia.
747 1088 797 1117 Uni
812 1089 885 1116 enim
917 1096 950 1115 ex
982 1090 1076 1116 eodem
1096 1089 1195 1124 populo
1209 1089 1359 1123 eademque
1375 1094 1455 1124 gente
1477 1089 1573 1117 mulier
1590 1090 1693 1117 nubere
1706 1090 1881 1124 praecipitur,

252 1143 285 1162 ne
302 1143 362 1163 sors
385 1136 539 1170 patrimonii
565 1137 592 1164 in
614 1137 695 1164 aliam
715 1137 816 1164 tribum
842 1137 1042 1164 transferatur.‘
1055 1137 1088 1164 Et
1102 1138 1135 1164 de
1156 1137 1199 1165 bis
1214 1137 1322 1172 quidem
1339 1138 1483 1165 hactenus.

544 1208 657 1236 CAPUT
679 1208 747 1237 Vlll.
1054 1213 1075 1240 Β

252 1253 291 1281 De
304 1254 418 1282 Herodi:
436 1255 561 1281 adt-crsu:
582 1255 698 1289 infantes
713 1256 883 1290 crudelitate,
896 1260 920 1283 et
933 1254 1038 1291 qualem

463 1292 484 1317 is
495 1290 593 1317 exitum
610 1291 670 1317 υἰιιε
685 1292 818 1318 habuerit.

285 1372 396 1400 Christo
420 1371 504 1406 igitur
530 1371 677 1398 secundum
707 1372 900 1406 prophetarum
927 1371 1038 1399 oracula

250 1418 279 1446 in
304 1417 463 1445 Bethlebem
486 1416 585 1444 Iudaeae
613 1422 677 1444 nato
699 1417 732 1444 iis
753 1417 854 1452 quibus
874 1424 954 1452 supra
983 1417 1038 1444 dixi

252 1464 430 1498 temporibus,
443 1462 563 1490 Herodes
579 1470 640 1489 cutn
655 1463 726 1497 magi
741 1463 853 1496 quidam
872 1470 904 1489 ex
926 1462 1039 1489 Oriente

249 1509 389 1536 venientes
405 1508 493 1542 ipsum
508 1508 726 1543 interrogassent
738 1509 849 1536 ubinam
872 1514 954 1535 natus
968 1514 1039 1536 esset

250 1561 298 1582 rex
319 1553 607 1588 Judmorum:quippe
635 1554 742 1581 stellam
770 1554 829 1589 ejus
849 1554 902 1582 sibi
923 1562 1037 1589 conspe-

250 1607 320 1629 ctam
337 1601 460 1634 aiebant,
486 1601 610 1637 hancque
629 1602 696 1628 tanti
720 1602 827 1629 itineris
854 1603 906 1629 sibi
926 1611 1037 1630 causatn

249 1648 345 1680 fuisSe,
370 1648 441 1683 quod
468 1648 541 1675 illum
567 1653 660 1681 utpote
676 1648 759 1676 Deum
784 1650 899 1677 adorare
913 1649 1038 1677 ontnibus

249 1696 320 1723 votis
336 1696 464 1723 arderent
481 1703 489 1722 2
503 1703 533 1722 ea
548 1703 576 1722 re
592 1704 645 1722 non
665 1696 843 1723 mediocriter
856 1697 1037 1723 conturbatus

249 1741 326 1776 quasi
347 1749 459 1775 regnum
485 1741 570 1775 ipsius
586 1741 613 1767 in
630 1740 779 1767 maximum
805 1741 949 1768 discrimen
967 1746 1039 1769 esset

248 1787 405 1817 adductum,
423 1790 599 1820 percontatus
622 1791 664 1813 est
687 1794 718 1813 ex
738 1786 806 1821 legis
819 1787 976 1814 doctoribus
992 1788 1036 1822 qui

251 1832 276 1859 in
298 1840 347 1859 sua
368 1837 449 1866 gente
472 1836 569 1864 erant,
594 1832 706 1858 ubinam
726 1831 867 1859 Christum
891 1838 984 1859 natum
1005 1834 1036 1861 iri

1354 1210 1552 1236 ΚΕΦΑΛΑῘΟΝ
1569 1210 1609 1236 H'.

1090 1256 1159 1290 Περὶ
1180 1255 1236 1289 τῆς
1254 1255 1383 1290 Ἡρώδου
1403 1256 1477 1282 κατὰ
1496 1255 1555 1282 τῶν
1568 1255 1683 1282 παίδων
1702 1256 1878 1290 ἐπιϐουλῆς,

1124 1290 1239 1353 ᾕαὶὲἷα
1412 1292 1506 1318 αὐτὸν
1519 1291 1710 1325 καταστροφὴ
1717 1291 1788 1323 ,ϐίου
1803 1293 1877 1327 (Nte.

1154 1346 1161 1353 .
1206 1346 1213 1353 .
1228 1335 1246 1358 I,
1302 1346 1309 1358 ,
1374 1346 1380 1352 .

1130 1371 1210 1398 Ἀλλὰ
1229 1371 1284 1407 γὰρ
1296 1370 1343 1398 τοῦ
1357 1370 1475 1406 Χριστοῦ
1497 1371 1673 1407 γεννηθέντος
1687 1372 1747 1403 ταῖς
1767 1380 1879 1408 προφη-

1089 1419 1173 1451 τείαις
1186 1417 1338 1450 ἀκολούθως
1352 1417 1380 1443 ὲν
1391 1417 1514 1453 Βηθλεὲμ
1529 1417 1579 1452 τῆς
1593 1417 1719 1449 Ἰουδαίας
1730 1418 1800 1445 κατὰ
1815 1419 1880 1448 τοὺς

1089 1464 1288 1501 δεδηλωμένους
1304 1457 1556 1498 χρόνους,Ἡριίιδης
1574 1464 1620 1489 ἐπὶ
1633 1465 1666 1498 τῇ
1683 1463 1736 1490 τῶν
1753 1464 1782 1496 ἐξ
1797 1464 1879 1490 Ἀνα-

1089 1512 1167 1548 τολῆς
1187 1511 1281 1546 μάγων
1296 1510 1472 1546 ἀνερωτήσει,
1490 1510 1544 1544 ὅπη
1561 1510 1603 1544 εἴη
1623 1509 1879 1545 διαπυνθανομένων

1088 1559 1103 1585 ό
1120 1557 1227 1593 τεχθεὶς
1251 1556 1376 1590 βασιλεὺς
1403 1555 1457 1581 τῶν
1482 1554 1634 1581 Ἰουδαίων·
1657 1556 1806 1592 ἑωρακέναι
1823 1557 1879 1593 γὰρ

1089 1603 1170 1631 αὑτοῦ
1190 1602 1235 1629 τὸν
1256 1602 1372 1637 ἀστέρα,
1396 1601 1443 1628 καὶ
1463 1601 1512 1636 τῆς
1537 1601 1649 1636 τοσῆσδε
1675 1602 1787 1637 πορείας
1803 1602 1877 1629 τοῦτ’

1089 1650 1175 1677 αἴτιον
1196 1649 1287 1681 αὐτοῖς
1304 1648 1455 1683 γεγονέναι,
1478 1645 1522 1674 οἷα
1545 1647 1604 1683 Θεῷ
1627 1648 1813 1684 ’προσκυνῆσαι
1837 1649 1878 1684 τῷ

1088 1696 1209 1732 τεχθέντι
1224 1695 1268 1722 διὰ
1283 1694 1400 1729 σπουδῆς
1416 1694 1625 1729 πεποιημένοις·
1645 1695 1675 1720 οὐ
1690 1694 1815 1730 σμικρῶς
1829 1696 1876 1721 ἐπὶ

1088 1742 1128 1777 τῷ
1153 1742 1295 1778 πράγματι
1316 1739 1364 1767 ἅτε
1389 1739 1604 1774 κινδυνευούσης,
1632 1739 1669 1771 ὣς
1684 1748 1716 1773 γε
1731 1740 1762 1775 δὴ
1790 1739 1876 1775 ᾤετο,

1089 1786 1162 1822 αὐτῷ
1174 1787 1222 1822 τῆς
1234 1787 1320 1822 ἀρχῆς
1333 1785 1507 1820 διακινηθεὶς,
1517 1785 1667 1820 πυθόμενος
1677 1784 1730 1811 τῶν
1747 1785 1822 1821 παρὰ
1835 1785 1873 1820 τῷ

1089 1834 1161 1861 ἔθνει
1177 1832 1412 1869 νομοδιδασκάλων
1420 1832 1470 1858 ποῦ
1479 1832 1524 1859 τὸν
1538 1832 1559 1858 Χ
1566 1831 1655 1867 ριστὸν
1664 1831 1876 1867 γεννηθήσεσθαι

249 1882 451 1913 exspectarent.
477 1877 626 1912 Postquam
648 1885 714 1905 vero
737 1877 854 1906 Michm
874 1879 1034 1907 vaticinium

1090 1879 1270 1916 προσδοκῷεν,
1297 1879 1335 1911 ὡς
1357 1879 1427 1913 ἔγνω
1447 1878 1496 1914 τὴν
1516 1878 1632 1913 Μιχαίου
1655 1879 1823 1914 προφητείαν
1847 1880 1876 1905 ἐν

249 1969 359 1989 uxorem
374 1962 482 1997 ducere.
494 1965 522 1988 et
534 1968 567 1988 ex
579 1968 610 1989 ea
624 1961 724 1989 liberos
737 1969 881 1997 procreare
893 1962 918 1989 in
934 1970 1033 1990 nomen

250 2004 282 2024 ac
300 1997 429 2023 familiam
445 1996 538 2023 fratris
552 1997 593 2023 sui
615 1996 788 2024 transituros.
805 1997 861 2024 Lex
877 1998 949 2025 enim
963 1997 1035 2024 Deu-

249 2032 392 2059 tcronomii
406 2039 465 2065 cap.
482 2031 517 2057 25
535 2032 654 2065 loquitur
667 2032 700 2059 de
716 2031 803 2060 fratre
821 2033 865 2067 qui
891 2033 995 2060 habitat
1010 2032 1035 2059 in

248 2067 342 2093 eadem
368 2067 459 2096 domo,
486 2072 514 2093 et
536 2067 582 2100 qui
607 2071 650 2094 est
667 2068 812 2102 συγγενής.
829 2069 906 2101 Quod
926 2068 1035 2101 quidem

250 2101 313 2128 solis
338 2101 476 2137 germanis
499 2107 545 2128 aut
568 2101 785 2137 consanguineis
799 2103 939 2137 competit.
969 2102 1035 2128 Nam

250 2138 373 2162 nterlnns
396 2136 480 2162 frater
501 2144 554 2163 non
576 2141 617 2163 est
639 2145 671 2163 ex
685 2138 780 2164 eadem
805 2136 884 2165 domo
905 2145 991 2171 neque
1003 2144 1036 2163 ex

249 2171 342 2197 eodem
356 2178 472 2205 genere;
496 2179 555 2198 cum
578 2179 662 2206 genus
674 2173 823 2206 przesertim
841 2172 911 2206 apud
929 2171 1036 2198 Jndmos

249 2213 282 2232 ex
297 2210 406 2239 paterna
431 2208 514 2240 stirpe
528 2208 652 2233 ducatur.
680 2207 759 2233 Certe
778 2208 922 2233 Africanus
935 2206 1036 2233 diserte

251 2245 375 2271 testatur,
390 2240 519 2267 Jacubum
533 2247 560 2268 et
571 2241 627 2268 Heli
643 2242 740 2268 fratres
753 2243 873 2268 uterinns
891 2242 1034 2268 contribu—

250 2275 290 2302 les
303 2276 411 2309 quidem
431 2276 522 2307 fuisse,
537 2284 569 2303 ex
585 2276 691 2303 diverso
703 2281 791 2302 tamen
809 2277 961 2310 genere,éx
976 2276 1036 2302 δια-

250 2310 341 2347 φόρων
353 2310 404 2347 νδύο
420 2311 515 2345 γενῶν.
535 2311 659 2338 Secundo
683 2312 743 2338 loco
755 2311 879 2338 dubitare
895 2312 957 2345 quis
982 2319 1035 2338 tton

251 2346 388 2372 immerito
412 2347 497 2381 possit
509 2352 597 2372 ntrnnt
612 2347 636 2380 in
658 2347 878 2380 generatinuilms
894 2353 1049 2373 recensen-'

251 2381 292 2407 dis
310 2381 379 2407 ratio
393 2389 406 2407 ο
423 2380 523 2408 Iudaeis
536 2381 627 2408 habita
653 2384 688 2407 sit
712 2387 819 2415 patrttm
834 2382 1033 2414 :uloptivnrnm.

253 2416 409 2451 rixentplum
436 2417 566 2442 habemus
581 2416 685 2442 illustre
698 2417 723 2442 in
737 2417 822 2447 Obed,
847 2417 923 2451 cujus
948 2416 974 2442 iu
989 2423 1035 2450 ge-

250 2450 370 2485 nealogia
385 2451 485 2477 Christi
500 2452 528 2477 fit
553 2452 662 2478 mentio.
677 2451 744 2477 Nam
758 2459 818 2477 cum
833 2451 936 2478 Maalon
960 2458 1035 2477 mnr-

252 2490 313 2512 tuus
335 2486 429 2512 luisset
443 2486 469 2512 iit
495 2487 654 2518 Moabitide,
677 2491 702 2512 et
719 2487 789 2512 ltuth
804 2487 911 2512 viduam
932 2486 1035 2520 absque

251 2520 342 2546 liberis
369 2521 531 2554 reliquisset,
547 2520 617 2547 Booz
639 2527 753 2555 agnatns
779 2521 917 2554 Mnalonis,
943 2522 1035 2555 proxi-

252 2556 336 2581 miore
356 2556 505 2590 aguatujus
519 2564 595 2583 suum
610 2557 660 2590 ipsi
686 2556 861 2588 concedente,
882 2556 953 2583 Ruth
967 2564 1033 2583 uxo-

1088 1970 1146 1990 sum
1166 1962 1268 1989 idcirco
1287 1960 1422 1988 nominari
1440 1960 1467 1987 in
1488 1959 1664 1993 generatione
1679 1959 1789 1991 Christi,
1805 1959 1874 1993 quod

1088 1998 1219 2025 illustrior
1232 1997 1383 2024 exstitisset
1396 2004 1476 2030 quam
1490 1995 1605 2023 Maalon.

1122 2033 1178 2066 (15)
1198 2032 1246 2058 Ἐκ
1269 2032 1322 2058 τοῦ
1344 2028 1437 2057 αὑτοῦ
1459 2030 1557 2066 δήμου
1571 2030 1620 2056 καὶ
1635 2028 1770 2063 πατριᾶς.
1789 2029 1874 2066 Judaei

1088 2065 1166 2094 divisi
1183 2071 1262 2094 erant
1276 2067 1301 2092 in
1320 2066 1416 2097 tribus,
1436 2073 1496 2100 qua:
1510 2065 1592 2099 φυλαί
1609 2065 1780 2091 dicebantur.
1811 2065 1874 2090 Sin-

1106 2103 1155 2128 nhe
1168 2107 1257 2128 autent
1273 2101 1357 2127 tribus
1369 2101 1560 2127 dividebantur
1573 2101 1599 2126 in
1615 2100 1727 2134 δήμους,
1746 2104 1771 2125 ιιι
1787 2101 1872 2125 mani-

1106 2111 1155 2128 ΙΙΙὶΙξ
1168 2111 1257 2128 {NN-CIII
1273 2111 1357 2127 ll'IDllS
1369 2111 1560 2127 (IIVIUCUHHIUI'
1574 2111 1599 2126 Ill
1615 2111 1727 2134 οημους,
1746 2111 1771 2125 ΙΙΙ
1787 2111 1872 2125 ιιιιιιιι-

1086 2111 1155 2164 geste
1170 2141 1243 2171 patet
1254 2144 1286 2162 ex
1300 2136 1389 2171 capite
1405 2143 1486 2171 x_.xxvr
1502 2134 1694 2171 Numerorum.
1709 2135 1796 2168 Δῆμοι
1810 2141 1872 2171 ergo

1086 2173 1156 2198 idem
1170 2169 1233 2199 sunt
1244 2170 1316 2204 quod
1330 2170 1398 2203 apud
1416 2169 1555 2197 Romanos
1569 2170 1696 2201 familiae;
1712 2170 1781 2196 sicut
1793 2169 1872 2204 φυλαί

1085 2206 1186 2234 ,Ιιιιίωὶδ
1209 2202 1271 2232 sunt
1295 2202 1363 2238 quas
1395 2204 1510 2231 Romani
1535 2210 1628 2238 gentes
1647 2202 1791 2231 vocabant.
1815 2203 1871 2230 Jam

1086 2249 1151 2268 vero
1164 2240 1277 2276 πατριαί
1291 2241 1361 2276 idem
1374 2244 1453 2276 erant
1465 2241 1538 2274 quod
1555 2239 1698 2276 6ipot._i§t
1709 2243 1784 2276 recte
1796 2243 1871 2276 vetns

1086 2273 1228 2309 interpres
1247 2276 1273 2302 in
1292 2275 1362 2302 libro
1384 2273 1566 2302 Numerorum
1580 2273 1698 2310 familias
1714 2274 1804 2310 vertit.
1829 2273 1871 2300 ubi

1086 2307 1338 2344 Lxx'lnterpretes
1352 2310 1470 2344 πατριάς
1486 2307 1644 2344 posuerant.
1668 2309 1754 2335 llorus
1779 2307 1873 2344 Grnlnf
1902 2333 1908 2340 _

1087 2342 1497 2380 ηιςηὶςυςεῷατριωσύνταγμαξ
1513 2342 1568 2372 οἷον
1591 2344 1703 2380 πατρία,
1725 2343 1768 2380 οῖ’
1779 2342 1811 2380 ἂν
1827 2343 1870 2380 ἀφ’

1086 2381 1145 2412 ἑνὸς
1161 2382 1207 2407 καὶ
1223 2377 1351 2414 εὐγενοῦς
1364 2377 1471 2415 ἀνδρδς,
1487 2380 1523 2411 ὡς
1539 2377 1653 2415 πατρδςζ
1669 2378 1737 2404 κατὰ
1749 2377 1870 2415 ξιαδοχὰς

1085 2416 1231 2443 ἐπέκτασιν
1244 2412 1314 2451 λᾶὃῃ
1329 2416 1362 2442 τὰ
1374 2412 1450 2451 γένη,
1461 2415 1491 2441 τό
1501 2424 1532 2451 fre
1548 2412 1666 2451 éﬁf'ctva
1678 2412 1867 2451 ἀναφέρεσθαι.

1085 2451 1123 2483 ὡς
1135 2446 1317 2487 Ἡρακλεῖδαί
1334 2446 1425 2478 Exstat
1434 2446 1600 2487 'hic_i|lustr_is
1614 2450 1687 2487 locus
1700 2447 1762 2487 μοι-ι
1774 2446 1868 2487 Gratu-

1085 2482 1176 2513 matiei
1204 2489 1274 2521 apud
1299 2491 1438 2512 auctorem
1473 2484 1660 2519 Elymologici.
1695 2482 1869 2521 Atquedtinc

1087 2516 1445 2558 naepﬁpiacpocabantur
1458 2516 1566 2558 generis
1584 2516 1722 2558 juctores
1734 2516 1803 2550 apud
1824 2516 1868 2542 Ju-

1088 2554 1170 2589 daeos,
1186 2554 1317 2590 a'quibus
1330 2562 1499 2590 unaquzeque
1526 2554 1631 2581 familia
1647 2559 1868 2590 netnen__accepe-

251 2597 307 2615 rem
319 2586 434 2625 accepit,
459 2586 513 2625 quo
524 2586 744 2618 semen'Maaloni
771 2586 925 2618 suscitaret.
950 2592 988 2618 Ex
1001 2599 1032 2618 ea
1049 2597 1071 2624 ι)
1086 2597 1138 2623 rat,
1151 2586 1378 2625 quemadmodum
1393 2586 1483 2617 videre
1496 2595 1538 2616 est
1552 2591 1648 2625 in_cap.
1664 2595 1727 2625 sunt
1742 2586 1868 2625 Numero-

252 2629 340 2662 tamen
355 2627 460 2659 genitus
473 2626 592 2657 Obedus,
618 2634 671 2653 non
691 2626 821 2653 lllaalonis
844 2627 890 2653 sed
908 2627 985 2654 Boosi
1001 2628 1033 2652 fi-

252 2659 303 2684 lius
314 2659 413 2686 dicitur
426 2662 460 2686 ab
475 2662 647 2694 evangelistis
684 2662 729 2696 qni
750 2662 849 2689 Christi
876 2662 1030 2696 prosapiam

253 2698 413 2731 texuerunt,
436 2702 463 2721 et
486 2696 511 2722 itt
526 2696 597 2722 libro
620 2697 664 2731 qtti
682 2698 840 2724 inscribitur
867 2696 946 2724 Rulli.
969 2697 1032 2724 Seio

251 2729 315 2767 quid
341 2731 495 2767 responderi
519 2729 764 2767 possitz'Moysem
778 2732 882 2759 scilicet
902 2735 935 2759 de
950 2732 1032 2759 fratre

257 2763 382 2790 tuntaxat
395 2764 511 2792 locutum
520 2763 533 2791 ἐ
549 2765 661 2794 Boosum
675 2763 738 2795 vero
753 2767 862 2794 fratrem
876 2775 928 2794 non
950 2767 1032 2793 fuisse

210 2815 214 2818 .
254 2796 390 2839 Maaluuis,
405 2801 564 2839 ac‘proinde
578 2802 668 2839 legem
679 2810 730 2838 qua
742 2803 896 2836 jubebatur,
908 2807 949 2839 qut
962 2801 1032 2829 ﬁlius

253 2839 284 2871 ex
296 2832 388 2871 fratris
402 2832 480 2860 vidua
496 2832 636 2871 susceptus
647 2832 704 2870 ejn's
719 2832 826 2865 nomine
838 2832 1030 2871 appellaretur,

255 2867 284 2892 ἰιι
296 2867 408 2895 Uuusutzt
423 2878 473 2896 non
488 2867 669 2905 pertinuisse.—
677 2874 776 2900 Deinde
792 2874 843 2900 dici
857 2867 948 2907 potest
962 2872 1029 2899 Buo-
1049 2872 1067 2911 ν’

1087 2621 1373 2661 Γιιιιιίῦιιτγεοςιοιηιις
1387 2625 1497 2652 homilia
1509 2625 1523 2651 7
1536 2626 1562 2651 in
1576 2621 1720 2661 Epistolam
1734 2623 1768 2649 ad
1787 2621 1866 2656 Ephe-

1085 2662 1149 2693 sios,
1167 2660 1283 2696 πατριάς
1295 2666 1321 2687 et
1333 2661 1398 2696 γένη
1417 2661 1487 2687 idem
1505 2666 1565 2686 esse
1577 2660 1624 2696 ait.

1119 2692 1328 2734 (174)7Vtilgacbg
1339 2692 1382 2734 ’ἂν
1393 2692 1446 2734 ’μὴ
1463 2694 1679 2734 ἐπιστρέφοιζρ.
1699 2692 1736 2719 Ita
1757 2692 1860 2734 quidem

1083 2728 1170 2762 codex.
1186 2728 1294 2765 Regius.
1309 2728 1363 2758 Sed
1386 2728 1481 2764 reliqui
1504 2731 1621 2761 codices,
1639 2728 1738 2765 Maizar.
1753 2728 1860 2758 Scilicet,

1083 2777 1115 2796 ac
1130 2769 1210 2798 Med.,
1224 2776 1285 2794 cum
1299 2767 1366 2794 Fuk.
1384 2774 1415 2793 ac
1431 2765 1513 2792 Savil.
1531 2766 1660 2798 scriptum
1677 2764 1775 2789 habent
1789 2770 1860 2798 περι-

1084 2803 1360 2840 στρέφοιτοηίιυὶῠυε
1377 2801 1510 2840 consentit
1525 2797 1606 2826 etiam
1629 2799 1812 2840 Nicepltorus.

1083 2832 1124 2867 sic'
1139 2832 1239 2872 legitur
1250 2832 1351 2872 in'rcap.
1365 2844 1409 2864 xrt
1427 2835 1618 2868 Numerorum,
1630 2834 1663 2861 ad
1673 2839 1759 2868 quem
1774 2832 1858 2859 locum

1083 2871 1178 2905 alludit
1191 2871 1333 2899 Eusebius.
