1982 3159
215 117 267 145 105

565 113 700 142 EUSEBH
719 111 961 141 CESARIENSIS
979 111 1055 140 OPP.
1077 111 1167 139 PARS
1185 111 1205 139 Ι.
1225 128 1259 133 —-
1279 111 1476 140 HISTORICA.

1783 114 1838 141 104

213 175 325 203 insidias
341 174 471 202 adversus
484 172 659 200 Servatorem
676 171 851 207 reliquosque
878 172 996 199 infantes

1049 171 1176 206 θεήλατος
1189 171 1269 197 αὐτὸν
1279 169 1468 197 καταλαϐοῦσα
1482 169 1580 205 μάστιξ
1589 170 1628 201 εἰς
1642 170 1756 198 θάνατον
1772 179 1838 197 συν-

213 226 381 258 comparatas
393 240 401 253 ,
416 219 509 246 statim
532 219 655 246 immisso
676 218 786 245 coalitus
805 218 900 245 morbo
923 218 1000 252 quasi

213 267 324 295 verbere
339 266 371 292 ad
389 269 505 292 mortem
532 264 646 291 adactus
664 267 715 295 est,
730 271 782 290 non
799 264 917 291 alienum
940 263 1001 289 tue-

211 316 248 341 rit
273 320 307 340 ex
331 313 391 346 ipso
411 311 547 345 scriptore
569 318 736 344 cognoscere
749 329 755 341 ,
776 311 821 344 qui
842 310 866 336 in
884 302 1001 343 septimo

209 357 406 393 Antiquitatum
428 357 499 384 libro
524 355 641 383 Herodis
655 356 756 383 exitum
775 355 859 383 refert
881 355 924 382 his
940 363 1001 382 ver-

209 404 271 432 bis:
289 411 298 428 l
320 402 454 430 Herodem
480 409 563 436 porro
577 421 585 433 ,
605 401 714 435 inquit,
733 401 820 428 morbi
845 401 886 428 vis
909 401 999 428 acrius

209 450 237 478 in
253 449 310 476 dies
328 447 507 483 exagitabat,
523 447 579 475 Deo
592 454 686 481 pinnas
702 447 833 474 scelerum
848 446 921 474 illius
941 447 999 473 exi-

208 500 299 530 gente.
314 494 386 528 Ignis
399 493 508 528 quidam
525 497 585 520 crat
598 491 688 519 lentus
704 493 749 526 qui
770 499 822 519 non
838 496 942 519 tantum
957 500 1000 519 cu-

209 546 263 568 tem
285 539 518 568 contrectantibus
536 538 663 565 ardorem
681 538 825 565 nuntiabat
840 558 847 571 ,
864 542 997 571 quantum

210 587 282 613 intus
297 585 404 612 viscera
422 582 632 618 depascebatur.
645 581 743 617 Ingens
766 587 897 617 praeterea
911 583 999 610 avidi-

210 637 250 659 tas
267 630 414 665 accipiendi
433 629 485 657 cibi
499 649 506 660 ,
522 628 564 655 cui
583 628 718 663 denegare
733 628 883 663 quidquam
898 636 952 656 non
965 629 998 655 li-

209 675 296 703 cebat.
315 674 462 702 Scatebant
478 673 615 700 ulceribus
640 673 768 699 intestina
782 693 789 705 ,
805 677 833 700 et
853 675 998 701 acerbissi-

209 722 261 749 mis
273 721 325 748 coli
347 720 485 747 doloribus
500 719 682 746 cruciabatur.
702 718 789 746 Pedes
811 720 929 747 humore
943 720 999 753 pel-

209 767 298 796 lucido
322 766 450 797 distenti,
467 765 615 799 eademque
637 765 711 792 circa
734 765 916 793 ventriculum
935 765 998 793 mali

209 813 284 841 labes
299 818 366 841 erat.
383 812 441 847 Ipsa
455 819 560 846 quoque
576 811 704 845 genitalia
721 812 875 846 putrefacta
899 812 997 840 veruti-

1051 215 1160 252 ήλασεν,
1181 216 1211 242 οὐ
1231 216 1320 250 χεῖρον
1336 214 1383 240 καὶ
1405 214 1458 240 τῶν
1490 214 1585 248 φωνῶν
1599 214 1646 241 τοῦ
1658 216 1838 250 συγγραφέως

1051 260 1212 290 ἐπακοῦσαι,
1228 260 1299 287 κατὰ
1322 260 1393 292 λέξιν
1407 262 1435 287 ἐν
1448 260 1668 297 ἑπτακαιδεκάτῃ
1690 261 1741 296 τῆς
1761 262 1836 288 Ἰου-

1046 304 1433 344 διιῒκῆςἈρχαιολογίας-τὴν
1445 306 1636 342 καταστροφὴν
1649 306 1696 333 τοῦ
1712 307 1771 334 κατ’
1786 308 1835 334 αὐ-

1048 351 1094 377 τὸν
1110 350 1167 386 βίου
1187 350 1280 377 τοῦτον
1297 351 1448 386 γράφοντος
1464 351 1510 379 τὸν
1528 351 1638 387 τρόπον’
1656 362 1666 377 ι
1684 351 1789 388 Ἡρώδῃ
1806 352 1835 378 δὲ

1051 395 1180 432 μειζόνως
1191 397 1207 432 ἡ
1220 397 1296 428 νόσος
1309 397 1522 433 ἐνεπικραίνετο,
1534 397 1612 433 δίκην
1624 395 1660 424 ὧν
1675 399 1834 434 παρανομή-

1050 451 1130 475 σειεν,
1145 443 1367 478 ἐκπρασσομένου
1382 442 1430 469 τοῦ
1444 443 1522 469 Θεοῦ.
1542 443 1601 479 Πῦρ
1618 443 1667 478 μὲν
1682 445 1735 480 γὰρ
1748 444 1833 479 μαλα-

1049 488 1096 515 κὸν
1112 486 1156 524 ἦν,
1173 489 1222 524 οὐχ
1235 485 1285 515 ὧδε
1299 489 1398 524 πολλὴν
1418 490 1605 524 ἀποσημαῖνον
1617 490 1674 521 τοῖς
1686 491 1833 525 ἐπαφωμέ-

1049 542 1105 565 νοις
1118 533 1166 569 τὴν
1181 534 1326 568 φλόγωσιν,
1340 534 1405 569 ὅσην
1427 536 1484 565 τοῖς
1506 534 1582 566 ἐντὸς
1610 535 1763 570 προσετίθει
1785 535 1833 571 τὴν

1049 580 1186 606 κόικωσιν⁸
1210 580 1341 615 ἐπιθυμία
1357 581 1385 607 δὲ
1402 580 1475 616 δεινὴ
1490 580 1536 607 τοῦ
1561 580 1686 614 δέξασθαί
1711 589 1737 607 τι
1765 581 1831 617 (18),

1048 625 1108 651 οὐδὲ
1117 623 1150 660 ἦν
1166 625 1202 660 μὴ
1214 626 1262 661 οὐχ
1277 626 1431 661 ὑπουργεῖν·
1447 626 1493 652 καὶ
1506 626 1634 658 ἑλκώσεις
1650 627 1703 653 τῶν
1716 635 1745 653 τε
1759 627 1832 653 ἐντέ-

1051 680 1104 708 ρων
1119 672 1185 707 (19),
1203 672 1249 698 καὶ
1272 671 1388 707 μάλιστα
1404 671 1450 698 τοῦ
1464 671 1551 698 κώλου
1570 672 1655 699 δειναὶ
1669 672 1830 708 ἀλγηδόνες·

1049 719 1095 746 καὶ
1113 718 1220 754 φλέγμα
1231 719 1314 754 ὑγρὸν
1329 719 1393 754 περὶ
1406 719 1469 750 τοὺς
1484 719 1567 750 πόδας
1578 719 1624 745 καὶ
1637 719 1756 753 διαυγές.
1778 719 1833 746 Πα-

1051 764 1187 800 ραπλησία
1203 764 1230 790 δὲ
1250 765 1295 791 καὶ
1317 766 1332 800 ή
1348 765 1411 801 περὶ
1425 765 1456 791 τὸ
1475 763 1557 801 ἦτρον
1573 766 1692 798 κάκωσις
1715 764 1759 802 ἦν.
1779 766 1833 793 Ναὶ

1052 812 1103 847 μὴν
1129 811 1177 837 καὶ
1199 810 1246 837 τοῦ
1274 811 1373 838 αἰδοίου
1398 811 1479 847 σῆψις
1506 812 1648 848 σκώληκας
1670 813 1831 848 ἐμποιοῦσα,

209 859 278 887 culis
291 858 485 886 scaturiebanl.
504 856 660 884 Accedebat
683 856 819 883 anhelitus
840 857 994 889 contentio,

1049 856 1202 892 πνεύματός
1230 865 1259 883 τε
1284 857 1362 892 ὀρθία
1391 857 1497 890 ἔντασις
1520 858 1585 893 ('20,,
1608 859 1654 885 καὶ
1681 859 1748 895 αὐτὴ
1773 859 1832 886 λίαν

209 909 265 932 tum
282 904 317 931 ob
333 903 447 930 fetorem
466 907 521 930 tum
536 902 571 930 ob
593 901 704 928 nimiam
725 902 899 929 crebritatem
914 902 998 929 mole-

210 950 343 978 stissima.
363 950 486 983 Denique
501 947 694 976 convulsiones
719 956 768 983 per
793 949 920 976 universa
934 956 998 982 pro-

209 997 353 1032 pemodum
370 995 492 1023 membra
506 1014 514 1027 ,
539 994 724 1028 insuperabile
747 994 798 1029 ipsi
821 995 905 1021 robur
919 994 999 1022 adde-

210 1042 286 1070 bant.
313 1042 432 1069 Aiebam
456 1047 539 1076 porro
565 1039 648 1067 divini
675 1044 702 1067 et
724 1040 769 1074 qui
793 1039 820 1067 in
845 1039 998 1074 hujusmodi

211 1086 374 1114 vaticinandi
397 1085 511 1113 scientia
534 1085 655 1113 studium
678 1093 756 1112 suum
779 1085 996 1118 collocaveram,

211 1134 282 1160 hanc
306 1132 464 1166 multiplicis
489 1131 638 1166 impietatis
661 1139 769 1166 pinnam
796 1132 879 1159 Deum
896 1139 913 1158 τι
935 1139 998 1167 rege

210 1185 369 1214 exposcere.
384 1187 393 1203 ι
411 1177 472 1205 Ηαξς
487 1182 551 1205 sunt
565 1185 627 1213 quae
639 1179 666 1205 in
680 1177 835 1212 supradicto
851 1177 920 1204 libro
931 1178 998 1204 scri-

211 1231 273 1260 ptor
285 1225 341 1260 jam
358 1232 373 1252 a
388 1225 467 1251 nobis
481 1224 605 1253 laudatus
622 1228 828 1252 commemorat.
838 1223 866 1250 In
880 1222 999 1250 secundo

211 1275 300 1299 autem
322 1271 390 1299 libro
413 1271 474 1299 belli
487 1272 597 1299 Iudaici
621 1274 717 1300 eadem
740 1272 773 1299 de
794 1271 840 1298 illo
859 1270 942 1298 tradit
958 1269 999 1296 his

210 1317 320 1345 verbis:
336 1327 346 1344 ι
364 1317 429 1346 Post
452 1319 508 1345 lucc
520 1339 527 1352 ,
543 1319 651 1354 inquit,
670 1318 756 1345 morbi
773 1318 814 1345 vis
828 1324 878 1352 per
890 1316 1000 1343 univer-

209 1371 270 1391 sum
285 1364 344 1399 ejus
361 1371 460 1399 corpus
475 1363 581 1396 diffusa,
601 1364 701 1391 diversi
723 1362 834 1398 generis
857 1361 999 1389 doloribus

211 1409 362 1437 distrahere
386 1409 451 1436 illud
475 1409 569 1444 coepit.
590 1409 685 1436 Febris
705 1408 828 1443 quzrdam
849 1411 909 1434 erat
933 1407 1000 1440 tepi-

212 1453 292 1486 dior;
308 1453 428 1488 pruritus
444 1462 491 1489 per
505 1454 661 1481 universam
675 1452 818 1480 cuticulam
835 1451 998 1479 intolerabi-

213 1500 260 1534 lis;
279 1501 332 1528 coli
347 1508 454 1535 quoque
479 1500 587 1527 dolores
601 1499 732 1526 continui.
757 1499 835 1526 Circa
859 1498 940 1533 pedes
955 1502 997 1524 tu-

215 1554 276 1574 mor
295 1547 373 1581 quasi
389 1553 456 1581 aqua
477 1546 609 1573 intercute
621 1545 779 1572 laborantis.
798 1544 838 1572 Ad
851 1545 907 1570 haec
923 1542 998 1571 inﬂa-
1012 1535 1032 1563 (ἶ

216 1593 253 1620 tio
272 1592 427 1623 ventriculi,
448 1595 475 1619 et
494 1591 650 1626 genitalium
672 1591 808 1618 vermibus
836 1590 998 1617 scatentium

216 1638 303 1667 tabes.
318 1638 459 1665 Postremo
478 1637 617 1665 contentio
633 1636 785 1669 anhelitus,
802 1641 827 1663 et
847 1634 999 1669 respirandi

215 1684 357 1712 dilIicultas
371 1704 378 1717 ,
394 1689 422 1711 et
446 1683 628 1711 membrorum
651 1683 776 1710 omnium
794 1681 935 1709 convulsio
950 1681 999 1708 bo-

251 1759 306 1795 (18)
322 1759 377 1786 Τοῦ
391 1759 535 1792 δέξασθαι
559 1769 595 1787 τι.
622 1759 650 1787 In
662 1759 772 1794 Josephi
795 1758 959 1795 editiOnibus
973 1764 1000 1785 et

216 1795 286 1830 apud
311 1795 493 1829 Nicephorum
511 1801 571 1830 post
599 1796 647 1822 has
682 1802 762 1821 voces
791 1794 1000 1830 adduulurrhmc

215 1829 356 1858 verbmdtrr‘
370 1830 462 1861 αὑτοῦ,
473 1829 533 1864 (ιιιὼ
544 1835 633 1857 tamen
646 1830 850 1864 superﬂuaresse
861 1829 998 1856 existimo.

252 1864 306 1899 (19)
318 1864 372 1891 Καὶ
386 1863 529 1898 ἑλχώσὲις
543 1865 601 1891 τῶν
620 1864 756 1898 ἐντέρων.
778 1863 840 1890 Hinc
861 1863 1000 1899 estilectio

216 1897 319 1926 codicis
333 1899 421 1933 Regii.
434 1904 461 1926 et
477 1907 507 1927 ca
517 1897 628 1934 quidem
642 1908 694 1927 non
709 1899 895 1934 improbanda.
906 1897 999 1934 Nostri

216 1939 306 1961 tamen
321 1935 428 1962 codices
444 1935 511 1961 Maz.
530 1933 565 1962 ac
580 1934 662 1968 Med.,
679 1943 742 1962 cum
758 1933 825 1961 Fuk.
841 1941 873 1960 ac
901 1933 999 1966 Savil.,

216 1969 411 2004 aliquantulum
430 1970 601 2004 discrepant;
621 1971 660 1997 sic
675 1971 746 1996 enim
764 1970 885 2004 habent;
897 1968 943 1994 ml.
956 1968 1000 1994 ἐλ-

216 2002 301 2041 ειωσις
320 2003 373 2041 τῷν
389 2013 420 2030 τε
436 2002 562 2041 ἐντέρων,
578 2006 625 2031 καὶ
639 2005 754 2040 μάλιστα
770 2003 816 2030 τοῦ
832 2002 929 2037 κώλου,
945 2010 999 2032 etc.

217 2039 246 2067 In
258 2039 410 2074 Nicephoro
426 2039 508 2066 etiam
527 2039 657 2067 scribitur
671 2040 796 2071 ἕλκωσις.

253 2074 309 2109 (20)
326 2073 500 2108 Πνεύματός
512 2083 542 2101 τε
556 2075 638 2108 ὀρθία
658 2075 790 2107 ἔντασις.
814 2073 1001 2108 Sigismundus

218 2108 346 2137 Gelenius
366 2110 516 2143 tentiginem
531 2111 725 2144 interpretatus
739 2116 790 2137 est.
808 2110 923 2138 llutiuus
938 2118 1001 2137 vero

220 2150 366 2178 utrumque
381 2152 491 2171 sensum
510 2145 536 2171 in
552 2145 677 2171 versione
700 2153 747 2172 sua
776 2146 933 2178 complexus
949 2150 999 2172 est.

218 2179 336 2212 Spiritus
349 2187 450 2214 quoque
463 2179 623 2205 incredibilis
637 2179 748 2213 inﬂatio,
764 2185 786 2206 et
799 2180 894 2214 lentigo
910 2181 1000 2206 obsce-

1048 903 1141 939 ἀηδὴς,
1159 903 1284 938 ἀχθηδόνι
1296 912 1325 930 τε
1343 902 1392 938 τῆς
1409 904 1550 939 ἀποφορᾶς
1561 905 1607 931 καὶ
1622 904 1659 940 τῷ
1678 905 1831 940 πυκνῷτοῦ

1047 949 1194 985 ἄσθματος.
1213 949 1399 984 Ἐσπασμένος
1412 958 1442 976 τε
1459 951 1514 985 (21)
1531 951 1593 986 περὶ
1609 952 1661 978 πᾶν
1683 949 1716 986 ἦν
1739 952 1830 988 μέρος,

1049 995 1125 1031 ἰσχὺν
1139 996 1188 1030 οὐχ
1202 995 1374 1030 ὑπομενητὴν
1389 996 1609 1032 προστιθέμενος.
1634 997 1754 1032 Ἐλέγετο
1767 998 1832 1029 γοῦν

1048 1041 1100 1069 ὑπὸ
1109 1041 1160 1068 τῶν
1166 1041 1327 1073 θειαζόντων
1341 1042 1389 1068 καὶ
1405 1039 1445 1072 οἷς
1458 1042 1545 1069 ταῦτα
1559 1044 1832 1078 προαποφθέγγεσθαι

1048 1087 1129 1122 σοφίᾳ
1154 1087 1318 1123 προῦκειτο,
1343 1087 1437 1123 ποινὴν
1467 1087 1515 1114 τοῦ
1545 1089 1642 1115 πολλοῦ
1668 1091 1714 1116 καὶ
1737 1090 1833 1117 δυσσεο

1049 1133 1112 1165 ϐοῦς
1138 1133 1192 1169 (22)
1212 1133 1314 1168 ταύτην
1336 1135 1349 1160 ὁ
1372 1133 1438 1164 Θεὸς
1461 1134 1671 1170 εἰσπράττεσθαι
1695 1135 1771 1170 παρὰ
1785 1136 1831 1162 τοῦ

1050 1178 1191 1213 βασιλέως.
1207 1188 1216 1204 ι
1232 1179 1324 1205 Ταῦτα
1341 1179 1389 1214 μὲν
1405 1177 1451 1206 οὖν
1466 1180 1494 1206 ἐν
1518 1181 1551 1215 τῇ
1569 1179 1719 1215 δηλωθεί¹σῃ
1739 1183 1831 1216 γραφῇ

1049 1225 1285 1260 παρασημαίνεται
1303 1225 1316 1251 ό
1334 1224 1540 1260 προειρημένος.
1558 1225 1613 1252 Καὶ
1627 1225 1656 1251 ἐν
1671 1226 1702 1260 τῇ
1720 1225 1832 1261 δευτέρᾳ

1048 1269 1077 1296 δὲ
1090 1269 1143 1296 τῶν
1153 1268 1305 1304 Ἰστοριῶν
1313 1268 1370 1304 (Ξὸ)
1377 1270 1409 1297 τὰ
1421 1270 1597 1306 παραπλήσια
1611 1272 1675 1307 περὶ
1689 1271 1735 1297 τοῦ
1750 1272 1832 1298 αὑτοῦ

1049 1315 1226 1350 παραδίδωσι,
1250 1313 1300 1342 ὧδέ
1323 1325 1381 1347 πως
1407 1316 1536 1351 γράφων”
1553 1326 1563 1342 ι
1585 1317 1680 1343 Ἔνθεν
1703 1317 1784 1344 αὑτοῦ
1803 1317 1833 1344 τὸ

1050 1361 1129 1396 σῶμα
1146 1362 1197 1388 πᾶν
1223 1362 1239 1397 ἠ
1264 1362 1339 1394 νόσος
1358 1361 1531 1394 διαλαϐοῦσα,
1561 1363 1692 1395 ποικίλοις
1719 1364 1832 1392 πάθεσιν

1049 1407 1169 1442 ἐμέριζε.
1186 1407 1306 1442 Πυρετὺς
1323 1408 1372 1443 μὲν
1387 1408 1441 1444 γὰρ
1451 1406 1485 1443 ἦν
1502 1409 1611 1444 χλιαρὸς
1626 1409 1698 1444 (24),
1712 1410 1832 1444 κνησμὸς

1049 1453 1071 1479 δ’
1086 1453 1220 1488 ἀφόρητος
1231 1454 1281 1488 τῆς
1295 1454 1454 1488 ἐπιφανείας
1463 1454 1536 1489 ὅλης,
1550 1455 1595 1482 καὶ
1608 1454 1695 1481 κώλου
1713 1457 1832 1491 συνεχεῖς

1049 1498 1203 1534 ἀλγηδόνες,
1221 1499 1283 1534 περί
1299 1508 1328 1525 τε
1344 1499 1406 1531 τοὺς
1421 1500 1504 1532 πόδας
1517 1500 1554 1531 ὡς
1562 1501 1750 1535 ὑδρωπιῶντος
1761 1501 1832 1537 οἰδή-

1051 1553 1133 1580 ματα,
1150 1544 1196 1571 τοῦ
1212 1553 1242 1571 τε
1261 1546 1344 1581 ἤτρου
1366 1545 1514 1581 φλεγμονὴ,
1535 1547 1582 1573 καὶ
1596 1547 1695 1573 αἰδοίου
1709 1547 1833 1583 σηπεδὼν

1050 1590 1193 1626 σκώληκας
1218 1590 1350 1624 γεννῶσα.
1380 1591 1451 1627 Πρὸς
1475 1592 1579 1623 τούτοις
1605 1593 1759 1628 ὀρθόπνοια,
1785 1594 1832 1621 καὶ

1049 1637 1188 1669 δύσπνοια,
1203 1637 1249 1663 καὶ
1274 1637 1393 1672 σπασμοὶ¹
1410 1637 1536 1664 ἁπάντων
1557 1637 1611 1664 τῶν
1640 1639 1738 1674 μελῶν,
1763 1639 1832 1667 ὥστε

1048 1683 1112 1715 τοὺς
1127 1683 1337 1716 ἐπιθειάζοντας,
1349 1683 1444 1719 ποινὴν
1458 1681 1527 1711 εἶναι
1535 1683 1568 1710 τὰ
1575 1685 1833 1720 νοσήματα,λέγειν.

1051 1760 1131 1792 Maz.,
1148 1759 1217 1787 Med.
1236 1764 1263 1787 et
1284 1760 1353 1794 apud
1370 1759 1516 1794 Josephum
1539 1759 1663 1787 habetur.
1691 1760 1721 1787 Et
1736 1767 1831 1794 parum

1051 1796 1158 1829 quidem
1168 1794 1277 1831 referre
1290 1795 1429 1828 existimo,
1452 1795 1623 1831 Gfructus;th
1644 1802 1677 1821 an
1695 1796 1833 1831 ἐσπασμέ-

1050 1839 1094 1862 νος
1110 1830 1154 1857 hic
1167 1830 1298 1864 legamus,
1320 1838 1381 1857 cum
1405 1830 1430 1857 in
1450 1836 1564 1863 utraque
1582 1829 1696 1857 lectione
1713 1829 1833 1858 idem'sit

1051 1873 1154 1892 sensus.
1169 1865 1222 1892 Sed
1238 1865 1381 1892 diﬂicultas
1393 1870 1434 1891 est
1451 1865 1476 1891 in
1494 1865 1525 1891 iis
1538 1865 1627 1890 verbis
1639 1873 1697 1897 qua:
1714 1873 1833 1898 sequun-

1052 1904 1114 1927 tur:
1134 1900 1208 1935 ἰσχὺν
1222 1900 1271 1935 οὐχ
1294 1899 1464 1935 ὑπομενητὴν
1493 1899 1712 1934 προστιθέμενος.
1732 1899 1833 1928 Omnes

1050 1935 1121 1962 enim
1139 1934 1299 1968 interpretes
1326 1934 1382 1962 hiee
1400 1935 1509 1968 Iosephi
1538 1934 1619 1961 verba
1633 1936 1665 1962 de
1680 1936 1704 1961 vi
1725 1942 1757 1962 ac
1775 1937 1832 1962 vio-

1051 1969 1132 1997 lentia
1145 1970 1229 1997 morbi
1249 1970 1454 2000 intellexerunt,
1470 1977 1530 2003 quae
1555 1974 1626 1996 esset
1642 1970 1830 1998 intolerabilis.

1052 2005 1108 2039 Ego
1123 2013 1186 2032 vero
1202 2005 1236 2031 de
1249 2005 1332 2039 ipsius
1355 2004 1447 2038 a-groti
1460 2004 1565 2031 viribus
1581 2005 1606 2030 id
1627 2005 1728 2032 dictum
1753 2011 1830 2039 puto,

1050 2047 1118 2073 quas
1129 2047 1274 2066 nervorum
1300 2039 1449 2066 contractio
1475 2047 1638 2073 magnopere
1663 2040 1831 2069 intendebat.

1051 2075 1131 2102 Certe
1145 2074 1220 2109 ἰσχύς
1234 2074 1266 2100 de
1279 2075 1303 2100 vi
1326 2074 1412 2101 morbi
1430 2073 1485 2109 dici
1501 2082 1552 2101 non
1572 2079 1670 2108 potest.
1695 2074 1780 2102 Porro
1803 2076 1830 2103 in

1051 2110 1142 2137 codice
1156 2109 1240 2143 Regio
1251 2109 1422 2144 ὑπομονητήν
1433 2108 1562 2143 scriptum
1580 2110 1680 2141 iuveni,
1695 2111 1831 2144 quomodo

1051 2144 1132 2171 etiam
1147 2144 1243 2178 legitur
1261 2145 1329 2178 apud
1345 2144 1501 2178 Josephum.

1088 2178 1143 2213 (2'2)
1155 2177 1266 2212 Ποινὴν
1279 2177 1331 2205 τοῦ
1344 2178 1461 2205 πολλοῦ
1472 2178 1520 2205 καὶ
1534 2178 1713 2212 δυσσεϐοῦς.
1739 2178 1766 2205 1η
1783 2187 1830 2206 co-

219 2205 254 2241 ni:
270 2215 334 2240 satis
348 2205 370 2240 έι
385 2205 554 2241 εέεεεῖαηάα.
571 2215 623 2241 Sed
639 2205 773 2248 Jiisephus
785 2205 998 2249 suime'tipseiin-
1015 2205 1036 2233 Ι)
1051 2205 1110 2245 dice
1125 2205 1205 2245 Μυκη
1218 2205 1285 2242 Fhk.
1302 2221 1333 2240 ac
1352 2214 1434 2240 Savil.
1452 2221 1554 2241 necnon
1571 2215 1639 2249 apud
1652 2205 1830 2248 Nicephorum

220 2254 326 2282 terpres
342 2254 392 2276 est.
409 2249 476 2286 Nam
503 2249 529 2286 in
545 2249 606 2286 >lib.
630 2257 643 2286 ι
662 2249 699 2275 De
713 2249 778 2275 bella
795 2248 910 2277 Judaicb
923 2249 1000 2286 ὀρθό-

219 2292 314 2310 πνοιαν
331 2291 378 2318 pro
390 2285 484 2310 eodem
499 2284 573 2310 dicit.
591 2284 644 2311 Sed
660 2289 687 2310 et
700 2292 759 2318 qure
780 2284 1001 2317 sequuntur‘ma—

219 2319 317 2346 ttil‘este
334 2323 451 2354 arguunt
478 2318 655 2354 intentionem
677 2320 788 2354 spiritus
805 2320 847 2345 hic
877 2320 999 2354 intelligi.

220 2361 275 2390 rion
287 2353 531 2390 autemobscenam
543 2353 700 2390 tentigineui
718 2354 781 2380 ικαὶ
795 2354 863 2390 αὑτὴ
874 2354 934 2390 λίαν
949 2353 1000 2390 ἀη-

318 2388 443 2424 ἀχΘηδόνι
455 2396 485 2413 τε
499 2389 548 2423 τῆς
565 2387 703 2424 ἀποφορᾶς
716 2391 762 2416 καὶ
777 2389 817 2424 τῷ
840 2387 932 2424 πύκνῷ
954 2387 1000 2416 τοῦ

220 2423 367 2458 ἄσοματος,
385 2424 429 2450 ubi
444 2424 584 2459 ἀποφοράν
599 2423 1001 2458 respirationemvertuntLan-

221 2465 280 2492 gus.
293 2459 430 2485 Musculus
446 2465 474 2486 et
487 2458 760 2493 Christophorsmms.
786 2461 822 2486 At
836 2460 947 2487 Rutinus
962 2460 1001 2494 [e—

222 2497 303 2519 torem
316 2494 411 2525 vertit;
426 2501 506 2527 quem
523 2501 570 2520 nos
581 2501 641 2521 cum
661 2494 774 2521 Gelenio
795 2496 880 2522 secuti
896 2502 997 2522 smnus.

257 2526 313 2562 (2|)
334 2526 541 2562 Ἐσπαὲτμένος
554 2537 596 2555 τε.
611 2528 638 2555 In
650 2530 741 2556 codice
755 2528 819 2556 Fuk.
836 2535 863 2557 et
876 2530 960 2557 Savil.
973 2534 1000 2557 et.

223 2563 292 2600 apud
306 2562 483 2596 Nicephorum
498 2564 594 2598 legitur
607 2564 729 2600 σπασμός
739 2573 785 2590 τε·
799 2573 878 2599 quam
892 2565 999 2600 quidem

224 2599 386 2635 scripturam
404 2603 514 2624 secutus
538 2603 579 2625 est
596 2599 878 2635 _Christophorsonus.
901 2599 934 2627 ut
965 2607 999 2626 ex

225 2632 349 2668 versione
364 2632 422 2668 ejus
445 2638 567 2667 apparet.
590 2632 735 2661 .Vervoruin
749 2639 874 2668 prwterea
892 2641 999 2662 contra-

225 2667 279 2703 rtto‘
288 2673 334 2699 per
346 2667 433 2705 omnia
446 2668 559 2705 membra
573 2671 694 2703 pervasit,
707 2667 764 2705 qua:
784 2670 887 2705 quidem
910 2671 961 2696 vim
974 2674 998 2696 et

224 2702 397 2740 acrimoniam
420 2702 516 2740 in/Iia‘it
530 2704 559 2740 rei
573 2702 652 2739 plane
671 2702 870 2740 intorleruliilem.
888 2705 999 2732 Rulinus

222 2737 420 2774 veropessinre
436 2737 515 2764 vertit
530 2737 580 2766 hoc
603 2740 680 2767 modo
696 2747 701 2764 :
716 2739 759 2766 Ita
782 2748 813 2767 ex
833 2741 903 2767 omni
924 2746 999 2773 parte

225 2770 473 2832 cmciutibusﬂfesso,
491 2773 570 2801 nullm
582 2775 695 2810 sufﬁcere
708 2777 774 2802 vires
788 2775 821 2802 ad
832 2770 997 2802 tolerantiam

225 2808 354 2832 poterant.
403 2814 418 2832 ι
436 2814 490 2832 mm
511 2813 599 2832 tantum
615 2815 722 2832 annm-et
746 2818 808 2832 eum
829 2809 997 2832 ἐσπασμένος

225 2808 354 2845 poterant.
373 2808 418 2845 Ἐκ
436 2814 490 2845 quo
511 2813 599 2837 tamen
613 2808 724 2844 apparet
746 2818 808 2838 eum
829 2809 998 2844 ἐσπασμένος

226 2837 331 2872 legisse,
358 2840 427 2870 sicut
442 2837 468 2870 in
485 2846 592 2875 optimis
613 2837 756 2874 codicibus
779 2846 878 2875 nostris
894 2837 997 2876 Regio;

1052 2249 1127 2276 deest
1140 2249 1271 2283 particula
1283 2249 1464 2282 conjunctivn.

1087 2282 1146 2319 (25)
1161 2284 1208 2310 Ἑν
1219 2283 1257 2318 τῇ
1269 2283 1392 2318 δευτέρᾳ
1403 2283 1462 2310 τῶν
1481 2282 1736 2319 Ἰστοριῶνκνεινιιιι
1752 2282 1829 2319 ,ιοξο-

1052 2317 1097 2354 phi
1116 2317 1193 2346 hodie
1207 2319 1333 2354 leguntur
1347 2320 1372 2346 in
1391 2319 1440 2346 lib.
1458 2326 1478 2351 ι,
1496 2327 1555 2353 cap.
1573 2319 1618 2350 2:,
1637 2318 1673 2345 De
1696 2318 1762 2354 bello
1777 2317 1826 2343 Ju-

1052 2351 1139 2381 daico.
1164 2351 1264 2380 Veruin
1291 2354 1318 2381 in
1344 2351 1536 2389 manuscriptis
1551 2355 1688 2389 codicibus
1704 2351 1827 2386 Josephi.

1051 2389 1103 2415 alia
1128 2389 1177 2416 fuit
1191 2389 1322 2416 librorum
1344 2387 1494 2421 distinctio;
1519 2396 1599 2423 quant
1622 2387 1735 2414 Ruﬁnus
1754 2388 1829 2422 siqui

1051 2424 1137 2450 noluit
1151 2425 1212 2458 :qui
1226 2423 1322 2451 librum
1339 2424 1455 2458 primum
1470 2424 1503 2451 ad
1519 2422 1629 2450 nimiam
1650 2422 1745 2458 molem
1764 2430 1829 2456 pro-

1051 2459 1137 2493 duxit,
1153 2456 1182 2485 ut
1193 2458 1227 2485 ad
1238 2456 1353 2486 Herodis
1365 2466 1451 2493 usque
1460 2464 1572 2485 mortem
1586 2465 1646 2485 eum
1658 2456 1828 2493 perduceret.

1050 2492 1143 2528 Itaque
1158 2494 1183 2521 in
1198 2494 1249 2521 hoc
1262 2494 1370 2521 Eusebii
1388 2492 1446 2520 loco
1459 2493 1524 2520 nihil
1537 2492 1694 2520 mutandum
1713 2497 1763 2528 est.
1777 2492 1830 2518 Su-

1050 2525 1131 2556 viliits
1144 2529 1216 2556 hunc
1229 2529 1338 2556 Eusebii
1353 2529 1439 2555 locum
1464 2528 1541 2555 aliter
1555 2528 1697 2554 intellexit.
1720 2525 1830 2554 Putavit

1050 2563 1275 2600 enimr'ésutépad
1289 2564 1342 2590 τῶν
1360 2563 1505 2596 Ἱστοριῶν
1519 2564 1552 2589 ab
1569 2562 1613 2600 illo
1634 2562 1685 2589 dici
1709 2569 1781 2600 opus
1792 2561 1830 2589 De

1050 2599 1152 2626 excidio
1165 2598 1237 2626 urbis
1251 2598 1589 2633 Hierosolymitunwtquod
1604 2598 1828 2633 opussecundum

1049 2638 1092 2661 est
1104 2639 1226 2668 respectu
1248 2631 1475 2668 Ἄρχαιολογίας.
1493 2631 1579 2668 Verba
1595 2636 1656 2658 sunt
1671 2631 1757 2668 ipsius
1777 2631 1827 2657 Sa-

1049 2669 1118 2701 vilii,
1132 2667 1192 2704 quae
1203 2668 1412 2704 protectortanto
1427 2669 1484 2704 vi_ro
1501 2667 1633 2704 excidisse
1644 2667 1758 2704 pellem.

1086 2699 1284 2739 (2ἰ)”ΙΙυρετὸς
1296 2703 1354 2739 μὲν
1366 2703 1420 2739 γὰρ
1439 2700 1478 2739 ἦν
1489 2702 1622 2739 χλιαρός.
1639 2701 1704 2739 _l_l:ec
1721 2699 1827 2739 quidem

1049 2733 1095 2766 est
1107 2733 1242 2773 scriptura
1267 2733 1375 2765 co'dieis'
1394 2733 1565 2773 Regiifﬁed’
1585 2733 1613 2763 in
1633 2733 1828 2773 >Maz.,_llled.,

1049 2774 1116 2801 Fuk.
1129 2771 1283 2808 ac'Savilii.
1299 2778 1326 2808 et
1345 2773 1415 2808 apud
1431 2772 1613 2808 Nicephorum
1632 2771 1731 2806 legitur
1746 2776 1830 2804 πυρε-

1049 2810 1093 2842 τὸς
1107 2808 1156 2844 μὲν
1166 2808 1220 2844 γὰρ
1231 2805 1264 2843 ἦν
1275 2808 1306 2833 οὐ
1318 2806 1426 2842 λαϐρός.
