1982 3159
125 169 173 197 105

128 227 156 255 ’θ
168 227 193 254 δὲ
208 228 327 255 παλαίων
345 228 478 263 τοσούτοις
492 230 615 263 πάθεσιν,
625 232 698 266 ὅμως
711 231 756 258 τοῦ
770 232 821 267 ζῇν
833 233 897 259 ἀντ-
911 235 933 263 Α

125 273 215 308 είχετο,
233 275 368 310 σωτηρίαν
383 285 412 302 τε
437 276 542 312 ἤλπιζε,
562 277 609 304 καὶ
625 276 770 312 θεραπείας
781 278 893 304 ἐπενόει.

124 320 219 351 Διαϐὰς
229 320 292 354 γοῦν
304 321 350 346 τὸν
367 322 508 357 Ἰορδάνην,
522 324 576 354 τοῖς
591 323 659 349 κατὰ
674 323 824 359 Καλλιρόην
838 323 896 358 θερ-

125 365 179 400 μοῖς
197 366 304 401 ὲχρῆτο.
319 367 409 393 Ταῦτα
420 367 448 393 δὲ
460 368 540 399 ἔξεισι
556 368 603 402 μὲν
614 370 651 400 εἰς
665 369 713 404 τὴν
727 370 895 404 Ἀσφαλτῖτιν

122 411 223 446 λίμνην,
242 412 293 438 ὑπὸ
310 412 474 448 γλυκύτητος
490 413 518 440 δέ
540 415 597 440 ἐστι
614 416 660 440 καὶ
678 416 789 451 πότιμα.
813 415 895 448 Δόξαν

122 456 146 483 δὲ
164 457 277 484 ἐνταῦθα
293 460 349 490 τοῖς
363 460 474 495 ίατροίς,
485 459 565 495 ἐλαίῳ
573 460 665 496 θερμῷ
679 462 731 488 πᾶν
744 461 894 498 ἁναθάλιξαι

121 502 148 529 τὸ
166 503 243 538 σῶμα
264 504 396 538 χαλασθὲν
414 505 454 536 είς
466 505 553 532 ἐλαίου
572 506 660 542 πλήρη
686 507 791 537 πύελον,
806 507 895 534 ἐκλύει

121 548 178 580 τοῦς
187 549 340 584 ὀφθαλμοὺς
353 551 399 577 καὶ
413 551 450 582 ὼς
464 551 576 583 τεθνεὼς
588 542 757 587 ἀνέστρειβεν.
776 553 894 588 Θορύϐου

119 593 144 620 δὲ
157 594 208 620 τῶν
222 594 393 631 θεραπόντων
411 596 564 631 γενομένω,
575 597 640 632 πρὸς
655 598 702 633 μὲν
713 598 761 633 τὴν
773 599 894 634 κραυγὴν

119 639 274 675 ἀνήνεγκεν.
291 642 336 673 Εἰς
352 642 379 668 δὲ
391 641 421 668 τὸ
431 642 521 668 λοιπὸν
538 644 670 676 ἀπογνοὺς
686 644 735 678 τὴν
750 644 892 680 σωτηρίαν,

118 687 169 717 τοῖς
187 695 215 712 τε
240 688 417 723 στρατιώταις
436 688 486 714 ἀνὰ
505 688 628 724 δραχμὰς
650 690 816 724 πεντήκοντα
836 689 895 716 ἐκέ-

118 735 191 758 λευσε
210 732 362 768 διανεῖμαι.
386 734 433 761 καὶ
457 734 540 760 πολλὰ
558 735 684 770 χρήματα
708 737 763 766 τοῖς
780 736 893 771 ἡγεμόσι

117 777 227 810 καὶτοῖς
238 779 335 812 φίλοις.
351 779 434 812 Αὐτὸς
449 781 470 806 δ’
482 781 660 816 ὑποστρέψας,
675 781 714 812 είς
735 781 894 816 Ἱεριχοῦντα

117 823 302 859 παραγίνεται,
322 825 493 860 μελαγχολῶν
510 826 570 861 ἤδη,
594 827 640 853 καὶ
664 828 802 862 μονονουχὶ
821 828 894 864 αὐτῷ

116 877 140 895 τι
151 869 187 905 τῷ
200 870 309 906 θανάτῳ
319 871 445 903 ἀπειλῶν,
459 872 608 907 προέκοψεν
626 873 664 904 είς
675 873 819 908 ἐπιϐουλὴν
833 874 894 900 ἀθε-

118 915 190 950 μίτου
215 916 342 951 πράξεως
359 917 425 953 (25).
449 918 517 949 Τοὺς
534 918 587 953 γὰρ
609 919 654 952 ἀφ’
666 918 781 954 ἑκάστης
800 919 894 955 κώμης
910 916 930 943 Β

116 960 263 996 ἐπισήμους
282 962 380 997 ἄνδρας
396 962 425 994 ἐξ
442 962 505 997 ὅλης
527 963 656 995 Ἰουδαίας
669 963 838 998 συναγαγὼν,
856 965 895 996 εἰς

117 1006 156 1032 τὸν
183 1006 350 1042 καλούμενον
381 1008 546 1044 ἱππόδρομον
571 1009 696 1035 ἐκέλευσε
728 1009 892 1044 συγκλεῖσαι.

117 1052 370 1088 Προσκαλεσὰμενος
385 1053 413 1080 δὲ
428 1053 560 1090 Σαλώμην
579 1055 629 1090 τὴν
645 1054 761 1090 ἀδελφὴν
782 1056 829 1082 καὶ
850 1049 895 1082 τὸν

116 1097 192 1133 ἄνδρα
199 1099 304 1134 ταύτης
314 1099 493 1135 Ἀλέξανδροψ
507 1110 516 1125 ι
525 1098 599 1131 Οἶδα,
619 1100 680 1136 ἔφη,
698 1100 837 1132 Ἰουδαίους
850 1101 894 1127 τὸν

116 1143 176 1177 ἐμὸν
192 1144 373 1180 ἑορτάσοντας
399 1145 523 1172 Θάνατον.
553 1145 674 1182 Δύναμαι
699 1147 726 1173 δὲ
741 1147 895 1174 πενθεῖσθαι

116 1189 145 1216 δι’
158 1191 256 1226 ἐτέρων
275 1193 321 1218 καὶ
337 1191 461 1227 λαμπρὸν
484 1193 625 1228 ἐπιτάφιον
646 1195 729 1228 σχεῖν,
758 1194 792 1220 ἂν
817 1194 894 1228 ὑμεῖς

115 1235 254 1273 ἐθελήσητε
269 1239 330 1269 ταῖς
348 1239 426 1274 ὲμαίς
444 1239 563 1270 ἐντολαῖς
587 1240 766 1276 ὑπουργῆσαι.
795 1238 894 1266 Τούσδε

115 1281 172 1313 τοὺς
201 1283 423 1319 φρουρουμένους
450 1284 568 1320 ἄνδρας,
601 1285 709 1311 ἐπειδὰν
735 1284 892 1317 ἐκπνεύσω,

115 1327 221 1362 τάχιστα
240 1329 367 1356 κτείνατε
394 1331 606 1366 περιστήσαντες
630 1331 692 1362 τοὺς
717 1329 893 1366 στρατιώτας,

116 1373 154 1400 ῖνα
168 1375 242 1401 πᾶσα
255 1376 274 1410 ἠ
292 1375 405 1402 Ἰουδαία
414 1376 461 1402 καὶ
476 1377 528 1407 πᾶς
543 1374 624 1408 οἶκος,
641 1377 688 1403 καὶ
702 1377 775 1404 ἄκων
784 1377 894 1412 ἐπ’ὲμοὶ

114 1419 239 1455 δακρύσῃ.
256 1430 265 1445 ι
291 1421 344 1446 Καὶ
361 1420 430 1456 μετὰ
447 1421 547 1457 βραχέα
561 1422 651 1456 φησίν·
668 1431 677 1446 ‹
695 1420 777 1453 Αὖθις
794 1422 832 1453 δὲ,
848 1422 895 1448 καὶ

115 1466 164 1501 γὰρ
183 1466 272 1502 ἐνδείᾳ
298 1467 399 1503 τροφῆς
418 1468 464 1494 καὶ
481 1467 544 1503 βηχὶ
562 1467 718 1503 σπασμώδει
742 1467 892 1500 διετείνετο,

114 1511 163 1537 τῶν
179 1512 336 1548 ἀλγηδόνων
352 1512 476 1547 ἡττηθεὶς
488 1532 495 1544 ,
523 1513 624 1548 φθάσαι
651 1513 700 1549 τὴν
726 1514 893 1550 εἱμαρμένην

114 1556 265 1583 ἐπεϐάλετο.
291 1555 388 1583 Λαϐὼν
399 1557 427 1583 δὲ
448 1557 531 1592 μῆλον
545 1557 611 1593 (26),
635 1557 718 1593 ᾔτησε
734 1559 780 1584 καὶ
794 1558 893 1593 μαχαί-

116 1610 175 1637 ριον,
194 1602 288 1628 εἰώθει
310 1602 365 1637 γὰρ
381 1602 538 1638 ἀποτέμνων
559 1602 667 1634 ἐσθίειν,
685 1603 780 1630 ἔπειτα
799 1612 894 1639 περια-

113 1647 209 1682 θρήσας
228 1649 264 1684 μή
283 1656 325 1680 τις
337 1649 351 1674 ὁ
363 1648 472 1675 κωλύων
483 1649 562 1675 αὑτὸν
578 1649 629 1684 εἴη,
643 1647 728 1685 ἐπῆρε
739 1649 893 1685 τὴν¹δεξιὰν

113 1692 152 1725 ὡς’
160 1693 268 1728 πλήξων
286 1692 392 1720 ἑαυτόν.
411 1703 419 1718 ι
443 1694 502 1727 Ἐπὶ
516 1694 544 1720 δὲ
559 1692 660 1724 τούτοις
670 1695 684 1720 ὀ
700 1694 780 1726 αὐτὸς
796 1694 896 1730 ἱστορεῖ

113 1737 298 1772 συγγραφεὺς,
329 1737 421 1773 ἕτερον
437 1738 518 1764 αὑτοῦ
539 1739 649 1772 γνήσιον
671 1739 753 1766 παῖδα
778 1739 831 1775 πρὸ
845 1740 895 1775 τῆς

113 1781 222 1817 ἐσχάτης
244 1782 295 1809 τοῦ
319 1783 375 1818 βίου
398 1783 534 1818 τελευτῆς,
557 1783 645 1819 τρίτον
668 1785 713 1810 ἐπὶ
743 1784 817 1811 δυσὶν
843 1784 893 1821 ήδη

112 1829 348 1864 προανῃρημένοις
362 1828 396 1855 δι’
407 1829 557 1861 ὲπιτάξεως
574 1829 710 1861 ἀνελόντα,
726 1830 893 1865 παραχρῆμα

112 1872 156 1907 τὴν
168 1871 238 1908 ζωὴν
250 1873 284 1899 οὺ
298 1873 365 1908 μετὰ
377 1873 497 1908 σμικρῶν
508 1873 658 1908 ἀλγηδόνων
668 1873 828 1910 ἀπορρῆξαι.
839 1875 894 1901 Καὶ

112 1918 209 1945 τοιοῦτο
221 1919 275 1954 μὲν
295 1918 326 1944 τὸ
351 1918 436 1953 πέρας
452 1919 503 1954 τῆς
522 1918 639 1954 Ἡρώδου
651 1919 743 1953 γέγονε
755 1919 893 1954 τελευτῆς,

112 1962 199 1998 ποινὴν
218 1963 332 1990 δικαίαν
356 1963 511 1995 ὲκτίσαντος
540 1961 576 1991 ὧν
602 1965 673 2000 ἀμφὶ
694 1965 742 2000 τὴν
770 1965 893 2000 Βηθλεὲμ

111 2007 191 2035 ursas
217 2010 335 2040 παίδων,
362 2010 411 2044 τῆς
428 2009 474 2036 τοῦ
495 2010 619 2046 Σωτῆρος
644 2010 721 2045 ἡμῶν
749 2010 893 2045 ἐπιϐουλῆς

111 2054 196 2081 ἕνεκα.
219 2055 292 2082 Μεθ’
311 2055 344 2090 ἣν
370 2054 483 2089 ἄγγελος
499 2055 565 2090 ὄναρ
589 2055 701 2086 ἐπιστὰς
716 2056 744 2081 ἐν
763 2055 892 2090 Αἰγύπτῳ

110 2098 267 2136 διατρίϐοντι
283 2100 324 2135 τῷ
345 2100 453 2136 Ἰωσὴφ,
466 2101 569 2136 ἀπᾶραι
587 2101 644 2136 ἅμα
659 2101 697 2136 τῷ
708 2101 782 2128 παιδὶ
798 2101 845 2127 καὶ
859 2102 892 2136 τῇ

110 2145 198 2173 τούτου
227 2147 317 2183 μητρὶ
347 2146 393 2173 ἐπὶ
418 2147 468 2182 τὴν
502 2147 631 2173 Ἰουδαίαν
659 2147 890 2182 παρακελεύεται,

109 2190 262 2227 τεθνηκέναι
274 2191 366 2227 δηλῶν
384 2193 446 2224 τοὺς
462 2192 659 2228 ἀναζητοῦντας
672 2192 720 2228 τὴν
732 2192 819 2228 ψυχὴν
845 2191 891 2218 τοῦ

110 2238 220 2264 παιδίου.
239 2237 354 2268 Τούτοις
373 2238 394 2264 δ’
407 2239 421 2264 ὀ
436 2238 630 2274 εὐαγγελιστὴς
652 2238 776 2273 ἐπιφέρει
792 2238 888 2272 λέγων·

113 2291 121 2306 ι
145 2283 274 2315 Ἀκούσας
290 2283 313 2309 δ’
325 2284 366 2309 ὅτι
390 2283 531 2319 Ἀρχέλαος
543 2283 675 2318 βασιλεύει
694 2284 743 2318 τῆς
764 2283 890 2315 Ἰουδαίας

111 2326 164 2354 ἀντὶ
187 2328 310 2364 Ἡρώδου
326 2328 373 2355 τοῦ
385 2329 486 2365 πατρὸς
499 2330 591 2361 αὑτοῦ,
607 2330 726 2365 ἐφοϐήθη
741 2332 798 2357 ἐκεῖ
810 2330 891 2356 ἀπελ-

111 2372 171 2402 θεῖν.
184 2374 393 2412 Χρηματισθεὶς
405 2375 433 2401 δὲ
448 2377 507 2402 κατ’
523 2376 599 2412 ὖναρ,
616 2376 785 2411 ἀνεχώρησεν
804 2377 842 2408 είς
858 2376 892 2403 τὰ

113 2419 176 2455 μέρη
191 2421 242 2456 τῆς
258 2420 416 2452 Γαλιλαίας.
436 2430 446 2446 ι

907 1584 927 1613 C

625 169 799 199 HlSTORle
819 169 1096 199 ECCLESIASTICE
1116 172 1179 199 LIB.
1201 171 1220 200 l.

1672 173 1720 201 1οο

948 233 1046 260 minem
1063 233 1213 266 cruciabat,
1228 232 1296 259 adeo
1317 237 1345 260 ut
1367 233 1461 261 harioli
1481 233 1632 268 bujusmodi
1648 241 1720 261 mor-

946 278 1007 305 bum
1030 285 1137 313 penam
1159 285 1219 306 esse
1241 279 1362 306 dicerent
1386 279 1491 306 coalitus
1513 280 1670 314 irrogatam.
1688 280 1720 305 At

945 324 990 351 illc
1014 325 1120 351 tamet~i
1143 332 1203 352 cum
1222 329 1259 352 tot
1275 325 1429 353 morborum
1445 327 1587 360 generibus
1602 326 1719 352 luctare-

946 375 999 400 tur.
1017 378 1091 405 spem
1107 375 1194 397 tamen
1209 371 1296 398 adhuc
1310 371 1371 398 vitae
1385 371 1504 398 retinens
1517 392 1524 404 ,
1542 371 1657 398 remedia
1673 379 1721 398 cx-

945 416 1093 450 cogitabat.
1112 417 1207 450 Itaque
1232 416 1347 452 trajccto
1369 416 1505 447 Jordaue.
1527 417 1602 451 aquis
1626 418 1720 444 calidis

945 469 1004 496 qua:
1024 461 1098 495 juxta
1115 462 1267 489 Callirhoen
1284 467 1348 489 sunt
1361 483 1368 494 .
1393 469 1457 489 usus
1472 467 1522 489 est.
1540 462 1585 489 lla:
1601 462 1716 489 ἰηαιιιιιιι

945 507 1051 540 quidem
1063 508 1088 534 in
1105 508 1282 542 Aspbaltitem
1296 508 1392 539 lacum.
1407 508 1454 535 sed
1469 508 1535 534 adeo
1547 508 1636 534 dulces
1647 514 1718 538 sunt.

945 557 974 579 ut
987 552 1068 579 etiam
1083 553 1157 588 potui
1173 554 1320 580 commodae
1336 553 1400 580 sint.
1416 552 1452 579 lbi
1467 560 1527 579 cum
1551 553 1662 579 medicis
1679 554 1717 578 vi-

945 605 1002 624 sum
1021 603 1093 625 esset
1116 605 1144 625 ttt
1157 603 1265 634 tepente
1290 600 1348 626 oleo
1371 599 1516 629 foveretur.
1537 599 1670 626 demissus
1693 599 1718 625 itt

940 637 1039 671 dolium.
1056 645 1161 679 plenum
1175 645 1236 677 olei,
1251 650 1305 672 toto
1316 652 1427 680 corpore
1444 647 1510 671 adeo
1523 643 1654 672 re5nlutus
1667 651 1718 676 est,

945 693 972 715 ιιι
988 690 1069 716 etiam
1082 690 1152 717 oculi
1165 691 1250 717 instar
1263 691 1378 717 hominis
1394 690 1490 716 mortui
1507 690 1716 717 revolverentur.

946 732 1046 759 Deinde
1069 734 1250 762 ministrorum
1275 735 1495 761 tumultuantium
1517 735 1634 762 clamore
1648 735 1721 761 exci-

944 783 1025 810 tatus,
1040 780 1072 806 ad
1087 787 1116 807 se
1131 780 1238 814 quidem
1253 781 1342 806 rediit.
1362 779 1493 807 Caeterum
1511 787 1557 814 spe
1584 780 1677 807 salutis
1694 780 1719 807 lit

944 830 1078 858 posterum
1097 826 1212 860 abjecta,
1228 826 1423 860 quinquaginta
1439 825 1580 852 dracltmas
1592 825 1722 852 militibus

945 869 1045 896 viritim
1061 890 1068 900 .
1085 871 1195 898 ducibus
1218 877 1282 897 vero
1305 876 1332 897 et
1355 871 1451 897 amicis
1464 878 1589 904 magnam
1603 871 1721 904 pecunias

944 915 998 942 vim
1021 916 1143 942 distribui
1168 916 1258 951 jussit.
1284 915 1347 943 lude
1374 915 1572 943 Hiericbuntcm
1598 924 1721 943 reversus

945 968 995 993 est,
1007 961 1118 996 jamque
1135 966 1193 988 atra
1212 962 1264 988 bile
1278 966 1426 996 correptus.
1444 967 1471 989 ct
1484 962 1532 996 ipsi
1546 963 1721 996 quodammo-

945 1007 978 1034 do
992 1007 1070 1040 morti
1094 1007 1223 1034 minitans
1235 1027 1242 1040 ,
1262 1008 1428 1034 teterrimtttn
1446 1007 1550 1034 facinus
1567 1013 1721 1042 perpetrare

944 1053 1044 1080 statuit.
1065 1053 1170 1079 Etenim
1183 1053 1512 1088 illustrissimosquosque
1526 1053 1608 1080 totius
1624 1052 1721 1080 Iudaea:

944 1099 1016 1125 viros
1039 1105 1071 1125 ex
1097 1099 1209 1134 singulis
1226 1099 1293 1125 vicis
1320 1099 1468 1129 collectos,
1492 1098 1518 1125 in
1542 1097 1721 1133 Hippodmmo

944 1143 1064 1170 concludi
1088 1144 1226 1178 pracepit.
1240 1143 1307 1170 Tum
1329 1143 1461 1171 accersita
1478 1143 1596 1178 Salome.
1607 1143 1720 1177 viroque

943 1189 1001 1224 ejus
1015 1189 1167 1216 Alexandro
1180 1198 1186 1216 :
1208 1198 1218 1214 ‹
1234 1188 1300 1216 Novi
1314 1208 1322 1221 ,
1339 1189 1434 1224 inquit,
1446 1188 1551 1217 Judazos
1563 1194 1649 1216 morte
1663 1197 1720 1216 mea

943 1235 1134 1263 exsultaturos.
1149 1235 1202 1263 Sed
1216 1236 1300 1271 lugeri
1319 1236 1431 1262 aliorqu
1445 1243 1538 1268 causa,
1562 1240 1589 1262 et
1606 1235 1721 1262 illustres

944 1282 1084 1316 exsequias
1102 1282 1231 1316 consequi
1248 1289 1358 1315 possum
1373 1301 1380 1314 ,
1398 1282 1544 1308 dummodo
1559 1281 1626 1308 meis
1643 1289 1720 1308 man-

944 1328 1012 1355 datis
1020 1328 1132 1363 obseqm
1148 1328 1247 1356 velitis.
1267 1328 1320 1356 Hos
1334 1328 1407 1355 viros
1420 1335 1489 1362 quos
1504 1327 1630 1355 custodite
1645 1334 1721 1354 mau-

943 1373 1027 1407 davi,
1053 1374 1133 1401 simul
1157 1380 1238 1409 atque
1262 1375 1380 1401 animam
1407 1373 1569 1400 exhalavero
1592 1372 1721 1401 militibus

944 1420 1134 1452 circumdatos,
1152 1427 1246 1448 omnes
1262 1419 1475 1454 interlicite,quo
1487 1424 1515 1446 et
1533 1419 1659 1446 universa
1672 1417 1719 1446 Ju-

944 1467 999 1494 dara
1016 1470 1043 1493 et
1065 1465 1179 1500 singula:
1194 1466 1288 1493 domus
1309 1465 1351 1492 vel
1377 1465 1466 1492 invita:
1484 1471 1542 1492 mea
1556 1468 1643 1492 morte
1664 1464 1721 1491 illa-

943 1517 1109 1549 crymentur.
1136 1522 1146 1540 ι
1164 1513 1195 1540 Et
1221 1511 1301 1547 paulo
1326 1514 1385 1546 post
1401 1519 1409 1538 :
1429 1519 1439 1537 ί
1467 1511 1570 1538 Rursus
1584 1530 1591 1543 ,
1610 1511 1696 1545 inquit
1711 1531 1719 1541 ,

945 1565 1005 1584 cum
1021 1558 1116 1593 partim
1139 1558 1236 1589 inedia,
1255 1556 1351 1591 partiut
1371 1555 1452 1582 tussis
1468 1555 1594 1583 violentia
1609 1555 1717 1582 crucia-

945 1609 1029 1636 retur,
1044 1604 1132 1631 victus
1155 1603 1292 1630 doloribus
1315 1597 1399 1629 fatum
1418 1605 1591 1629 antevertere
1613 1601 1718 1628 statuit.

942 1646 1056 1682 Sumpto
1081 1648 1162 1683 igitur
1185 1655 1264 1682 pomo
1279 1667 1285 1679 ,
1301 1647 1437 1674 cultellum
1461 1643 1592 1681 poposcit.
1620 1646 1721 1672 Solitus

944 1693 1015 1719 enim
1036 1696 1094 1719 erat
1112 1699 1191 1727 poma
1222 1700 1301 1719 manu
1319 1699 1365 1719 sua
1382 1692 1467 1719 incisa
1485 1691 1634 1718 comedere.
1651 1689 1720 1718 Tum

944 1738 1164 1772 circumspiciens
1179 1745 1212 1765 ne
1227 1737 1287 1772 quis
1309 1742 1382 1765 esset
1403 1737 1449 1772 qui
1475 1737 1626 1771 impediret,
1660 1741 1719 1763 tan-

944 1791 1025 1818 quam
1045 1792 1074 1812 se
1089 1792 1265 1818 percussurus
1281 1785 1404 1812 dextram
1425 1784 1533 1812 levarit.
1553 1793 1563 1810 ι
1579 1783 1721 1811 Postremo

945 1828 1014 1855 idem
1026 1828 1141 1864 scriptor
1155 1834 1259 1862 narrat,
1275 1836 1327 1863 quo
1344 1833 1422 1863 pacto
1436 1829 1515 1863 paulo
1540 1833 1602 1855 ante
1617 1829 1729 1856 exitum'

944 1874 1005 1901 vitae
1017 1877 1156 1909 proprium
1172 1875 1254 1901 ﬁliuni
1268 1895 1276 1908 ,
1294 1880 1354 1909 post
1367 1876 1434 1902 duos
1447 1882 1514 1908 quos
1527 1874 1583 1909 jam
1598 1879 1659 1901 ante
1674 1883 1720 1901 ne-

944 1924 1062 1952 caverat,
1079 1920 1159 1955 impie
1173 1920 1253 1954 jussit
1276 1921 1376 1953 occidi,
1393 1926 1474 1956 atque
1495 1920 1531 1947 ita
1545 1920 1650 1948 demum
1666 1928 1719 1947 non

943 1964 1002 1993 sine
1018 1966 1144 1993 maximis
1167 1966 1332 1994 cruciatibus
1356 1967 1472 1993 animam
1486 1965 1593 1993 eﬂlavit.
1620 1966 1720 2001 llujus~

944 2011 1015 2038 nodi
1043 2012 1146 2038 exitum
1161 2012 1223 2038 vita:
1237 2011 1330 2038 habuit
1346 2012 1482 2045 Herodes,
1498 2013 1591 2040 merita
1608 2019 1720 2046 perpes-

943 2063 989 2082 sus
1010 2055 1141 2090 supplicia
1156 2063 1205 2089 pro
1228 2055 1330 2083 scelere
1352 2056 1421 2090 quod
1445 2056 1574 2084 adversus
1601 2056 1718 2083 infantes

942 2101 1151 2128 Bcthlehemitas
1167 2101 1321 2135 admiserat,
1338 2101 1400 2128 dum
1419 2102 1557 2130 Servatori
1571 2107 1666 2139 postro
1680 2102 1718 2129 in-

942 2147 1026 2174 sidias
1051 2151 1230 2181 compararet.
1255 2145 1318 2173 Post
1343 2146 1420 2181 cujus
1444 2147 1583 2174 interitum
1608 2147 1718 2183 angelus

943 2192 1060 2227 Josepho
1073 2193 1154 2219 etiam
1173 2197 1230 2219 tum
1253 2193 1280 2219 iu
1301 2192 1419 2228 Egypto
1441 2193 1556 2221 moranti
1572 2194 1597 2220 in
1616 2194 1719 2221 somnis

907 2255 929 2282 ι)
944 2246 1076 2274 apparens
1089 2258 1096 2271 ,
1113 2246 1174 2266 eum
1197 2239 1223 2266 in
1248 2239 1365 2266 Judzeam
1382 2240 1469 2267 redire
1486 2247 1538 2266 una
1561 2247 1620 2266 cum
1636 2247 1719 2274 puero

945 2290 972 2312 et
989 2289 1076 2311 matre
1091 2285 1219 2319 praecepit
1231 2305 1238 2316 ,
1254 2290 1373 2312 mortuos
1390 2286 1514 2312 nuntians
1527 2304 1535 2317 ,
1549 2285 1592 2318 qui
1607 2292 1717 2318 puerum

943 2337 960 2358 e
979 2331 1067 2357 medio
1084 2330 1179 2357 tollere
1190 2330 1346 2364 cupiebant.
1362 2330 1465 2363 Quibus
1480 2331 1537 2358 haec
1553 2331 1717 2363 evangelista

944 2376 1100 2412 subjungit:
1116 2385 1125 2402 ‹
1154 2376 1272 2403 Audiens
1295 2382 1384 2404 autem
1411 2377 1481 2411 quod
1507 2376 1651 2404 Archelaus
1674 2384 1717 2402 re-

945 2426 1040 2457 gnaret
1054 2423 1080 2449 in
1092 2421 1182 2450 Judtua
1197 2430 1245 2457 pro
1259 2422 1365 2450 Hcrode
1381 2428 1458 2457 patre
1472 2430 1520 2450 suo
1532 2441 1540 2455 ,
1560 2422 1648 2450 timuit
1673 2421 1719 2448 illo

112 2465 156 2494 ire.
170 2467 202 2496 Et
215 2469 375 2496 admonitus
389 2469 415 2495 in
433 2468 536 2496 somnis
556 2471 670 2497 secessit
693 2470 718 2497 in
732 2474 822 2505 partes
833 2469 960 2498 Galilaer.
978 2479 988 2496 ο

370 2527 569 2555 ΚΕΦΑΛΑΙΟΝ
586 2525 621 2555 8'.

237 2573 312 2608 Περὶ
323 2571 384 2600 τῶν
400 2573 476 2600 κατὰ
487 2574 618 2601 Πιλᾶτον
630 2575 756 2609 χρόνων.

142 2618 179 2654 τῇ
191 2618 213 2645 δ’
228 2620 276 2645 ἐπὶ
289 2619 339 2654 τὴν
353 2618 440 2654 ἀρχὴν
457 2618 526 2654 μετὰ
541 2619 586 2646 τὸν
603 2618 725 2655 Ἡρώδην
734 2619 781 2646 τοῦ
797 2619 891 2655 ’Δρχε-

143 2679 197 2713 (25)
205 2678 382 2714 Προέκοψεν
387 2681 431 2712 εις
435 2679 598 2714 ἐπιϐουλὴν
602 2680 739 2714 ἀθεμίτου
747 2679 890 2714 πράξεως.

111 2712 178 2748 Lego
184 2716 223 2746 είς
228 2712 390 2749 ἐπιϐουλήν,
399 2716 469 2748 quod
476 2716 534 2742 sine
541 2712 620 2742 dubio
636 2712 735 2742 rectius
743 2712 794 2746 est,
811 2723 890 2749 quam

111 2754 185 2776 antea
196 2750 302 2777 editutu
313 2749 700 2785 ἐπιϐολήν,ιιιιιιειείεόίιίοιιεε
708 2749 817 2784 Josephi
826 2750 891 2777 nihil

112 2785 219 2810 variant.
235 2784 428 2817 Coniecturam
447 2790 566 2812 nostram
584 2784 726 2812 conﬁrmat
739 2785 892 2812 vetustissi-

114 2825 168 2854 mus
174 2821 260 2846 codex
268 2819 350 2851 hit-2.,
361 2821 387 2846 iit
394 2827 447 2854 quo
458 2819 536 2852 plane
544 2820 672 2852 scriptum
682 2823 722 2846 est.
732 2821 771 2851 εἰς
783 2820 892 2846 ἐπιϐου-

112 2851 164 2891 λήν
171 2855 242 2891 sicut
248 2851 434 2891 coniecerant.
445 2854 574 2881 Facessat
589 2851 670 2891 igitur
679 2854 831 2888 conjectura
841 2855 891 2881 Sa-

113 2888 229 2923 ‘ilii,qui
241 2890 275 2916 ad
285 2897 360 2916 cram
371 2889 432 2916 libri
445 2890 487 2917 sui
501 2888 624 2918 notarat:
634 2888 714 2925 Ιίονιε
723 2891 890 2924 scribendum

269 2936 404 2966 ΡΑτιιοι..
420 2937 478 2967 Gn.
493 2937 564 2968 XX.

1206 2528 1259 2562 27
1284 2527 1394 2555 carur
1415 2526 1459 2553 tx.

1162 2573 1200 2599 De
1232 2572 1314 2599 Pilatt‘
1343 2572 1509 2606 temporibus.

980 2617 1018 2647 De
1039 2619 1165 2647 Archelai
1187 2624 1250 2653 post
1272 2618 1383 2645 llerodis
1408 2617 1510 2644 obitqu
1539 2616 1719 2644 dominatione

942 2680 1052 2742 ἓουλήν.
1069 2680 1153 2706 Porro
1164 2680 1189 2706 in
1202 2678 1294 2706 codice
1307 2678 1374 2711 Reg.
1390 2679 1517 2712 Scriptum
1532 2682 1573 2704 est
1584 2677 1718 2713 προέκοψε

958 2716 964 2725 “
977 2717 1016 2742 εὶς
1027 2714 1183 2742 ἐπιϐουλήν.
1196 2719 1260 2742 etc..
1275 2720 1335 2742 qua:
1347 2713 1425 2740 lectio
1442 2712 1602 2740 conﬁrmare
1615 2713 1718 2740 videtur

958 2716 964 2725 ‘
977 2712 1260 2750 εὶς⁷ἐπιὸουλήν,ειο.,
1275 2713 1425 2750 quaa_l_ectio
1442 2712 1719 2750 conﬁrmare'videtur

943 2751 1123 2784 conjecturam
1134 2747 1240 2784 Savilii.
1248 2748 1324 2784 Apud
1335 2747 1514 2782 Nicephorum
1529 2747 1625 2783 legitur
1637 2749 1718 2775 etiam

942 2784 1076 2820 προέκοψε
1088 2784 1116 2810 δὲ
1128 2784 1167 2816 εἰς
1178 2783 1331 2820 επιϐουλήν.

978 2817 1153 2854 (26)’Ἀα6’ὼν
1174 2819 1208 2845 δὲ
1227 2817 1337 2853 μῆλον.
1362 2817 1476 2845 Omnino
1492 2817 1663 2845 scribendum
1677 2821 1719 2844 est

943 2855 1032 2882 λαϐὼν
1044 2855 1075 2890 δὴ
1088 2855 1181 2890 μῆλον.
1209 2854 1261 2881 Has
1276 2853 1346 2890 enim
1363 2854 1508 2888 particulas
1525 2854 1594 2880 inter
1610 2860 1639 2881 se
1654 2860 1718 2881 con-

947 2891 1021 2918 l'uudi
1036 2889 1192 2924 frequenter
1206 2889 1417 2917 observavimus.
