1982 3159
183 131 239 161 1ίῖ

693 132 867 161 Ηιετοιιικε
888 130 1168 161 ΕΟΕΕΕΞΙΑΞΤΙΕΕ
1189 130 1253 158 LIB.
1274 130 1296 158 l;

1756 126 1807 155 “8

182 189 256 218 κατὰ
279 189 328 226 τὴν
351 189 435 227 αὐτὴν
459 189 506 217 τοῦ
529 190 744 227 συγγράμματος
770 192 889 226 ἱστορίαν
916 188 965 217 ὧδέ

1023 190 1191 225 temporibus
1206 188 1284 216 Jesus
1301 187 1410 222 quidam
1431 187 1481 215 fuit
1495 187 1537 214 vir
1552 187 1671 222 sapiens,
1683 187 1704 213 si
1716 192 1805 213 tann-n

184 246 243 268 πως
259 237 412 272 μέμνηται·
438 246 447 262 ι
460 237 565 263 Γίνεται
580 236 607 263 δὲ
624 236 694 263 κατὰ
710 237 803 267 τοῦτον
817 237 861 263 τὸν
875 236 969 271 χρόνον

190 282 293 318 Ἰησοῦς
314 291 357 313 τις
380 282 461 317 σοφὸς
482 283 562 318 ἀνὴρ,
583 282 640 316 εἴγε
666 282 752 319 ἄνδρα
777 283 857 309 αὑτδν
881 282 970 316 λέγειν

182 328 246 363 χρή.
259 326 315 355 Ἦν
330 328 383 363 γὰρ
399 328 555 364 παραδόξων
569 328 657 364 ἔργων
671 329 795 365 ποιητὴς,
813 329 970 360 διδάσκαλος

181 373 333 409 ἀνθρώπων
353 374 407 400 τῶν
432 375 480 401 σὺν
503 374 581 410 ἡδονῇ
604 375 706 410 τάληθῆ
731 375 892 409 δεχομένων.
916 374 970 401 Καὶ

182 419 296 452 πολλοὺς
313 420 363 455 μὲν
377 421 430 447 τῶν
454 421 597 453 Ἰουδαίων,
616 422 726 452 πολλοὺς
741 422 768 448 δὲ
791 422 835 447 καὶ
858 422 910 447 ἀπὸ
923 422 969 447 τοῦ

187 465 344 500 Ἑλληνικοῦ
370 467 534 501 ἐπηγάγετο.
566 467 594 494 '0
616 468 729 503 Χριστὸς
750 466 825 499 οὗτος
849 466 891 503 ἦν.
915 469 969 494 Καὶ

181 511 263 538 αὐτὸν
276 512 386 544 ἐνδείξει
396 512 450 539 τῶν
467 513 582 548 πρώτων
593 514 696 550 ἀνδρῶν
707 516 769 549 περ’
783 516 797 549 ἡ
804 516 847 549 μῖν
862 523 926 542 sua
932 515 970 550 ρῷ

181 557 406 593 ἐπιτετιμηκότος
439 559 566 591 Πιλάτου,
596 561 644 586 οὐκ
677 561 860 593 ἐξπιύταντο
890 562 914 587 οἱ
940 562 969 586 τὸ

181 603 289 638 πρῶτον
302 604 383 630 αὐτὸν
400 605 599 640 ἀγαπήσαντες.
623 607 723 641 Ἐξάνη
739 607 790 641 γὰρ
806 608 897 638 αὐτοῖς
912 608 969 642 τρί-

182 657 232 684 την
249 649 316 684 ἔχων
334 651 440 686 ἡμέραν
462 651 542 678 πάλιν
558 651 621 684 ζῶν,
645 653 697 678 τῶν
722 653 800 679 θείων
823 654 969 689 προφητῶν

180 694 268 722 ταῦτα
283 704 312 721 τε
326 696 372 722 καὶ
382 696 552 732 ἄλλαομυρία
567 699 631 734 περὶ
643 699 725 725 αὑτοῦ
739 700 877 734 θαυμάσια
895 701 969 735 εἰρη-

180 740 277 767 κότων.
303 742 392 768 Εἰσὲτι
421 751 449 768 τε
473 743 520 770 νῦν
549 743 604 770 τῶν
624 745 793 780 Χριστιανῶν
818 746 872 772 ἀπὸ
892 746 968 773 τοῦδε

178 786 381 823 ὠνομασμένων
400 789 449 815 οὐκ
468 789 578 816 ἐπέλιπε
598 791 627 816 τὸ
648 791 739 824 φῦλον.
769 802 777 817 ι
807 791 898 819 Ταῦτα
920 792 967 819 τοῦ

178 832 209 864 ἐξ
220 833 309 860 αὐτῶν
329 834 460 870 Ἑϐραίων
478 837 658 872 συγγραφέως
673 837 805 864 ἀνέκαθεν
821 839 853 873 τῇ
871 838 966 865 ἑαυτοῦ

177 880 283 914 γραφῇ,
308 881 371 915 περί
392 889 420 906 τε
442 881 488 907 τοῦ
514 881 665 909 Βαπτιστοῧ
701 883 823 909 Ἰωάννου
848 883 895 910 καὶ
920 883 967 910 τοῦ

178 925 305 961 Σωτῆρος
323 927 403 962 ἡμῶν
425 928 657 964 παραδεδωκότος,
678 929 719 961 τίς
739 929 771 956 ἂν
791 929 830 956 ἔτι
849 928 968 956 λείποιτο

177 970 317 1006 ἀποφυγὴ,
341 972 388 998 τοῦ
411 972 448 1008 μὴ
470 973 662 1008 ἀναισχύντους
685 974 884 1009 ἀπελέγχεσθαι
906 975 968 1006 τοὺς

177 1018 238 1043 κατ’
259 1017 347 1044 αὐτῶν
364 1018 553 1054 πλασαμένους
573 1020 774 1055 ὑπομνήματα;
790 1020 868 1046 Ἀλλὰ
881 1020 967 1046 ταῦτα

178 1063 229 1098 μὲν
246 1064 330 1098 ἐχέτω
342 1064 438 1100 ταύτῃ.

437 1111 637 1138 ΚΕΦΛΛΑῘΟΝ
661 1112 710 1138 IB’.

176 1156 244 1189 Περὶ
258 1155 318 1182 τῶν
328 1157 468 1191 μαθητῶν
482 1157 534 1183 τοῦ
552 1157 687 1191 Σωτῆρος
718 1157 810 1191 ἡμῶν.
842 1156 910 1184 (Nic.
929 1156 964 1185 11.

367 1191 398 1218 Ε.
416 1200 434 1224 I,
446 1193 491 1224 2|,
503 1192 548 1223 ‘22.
566 1201 651 1228 usque
671 1194 703 1219 .d
722 1193 780 1227 lin.)

210 1238 272 1265 Τῶν
288 1247 320 1273 γε
339 1239 392 1274 μὴν
415 1239 462 1266 τοῦ
489 1239 615 1275 Σωτῆρος
631 1239 798 1270 ἀποστόλων,
825 1239 906 1266 παντί
929 1248 967 1275 τῳ

176 1285 266 1321 σαφὴς
294 1287 327 1312 ἐκ
361 1285 416 1312 τῶν
438 1285 611 1319 Εὐαγγελὶων
638 1286 654 1320 ὴ
676 1285 835 1321 πρόσρησις.
861 1284 921 1311 Τῶν
944 1286 966 1312 δ’

174 1330 359 1366 ἑϐδομήκοντα
377 1330 515 1366 μαθητῶν,
534 1331 682 1365 κατάλογος
697 1331 746 1366 μὲν
764 1331 851 1362 οὐδεὶς
863 1331 966 1366 οὐδαμῆ

174 1376 304 1412 φέρεται·
327 1377 436 1410 λέγεται
453 1386 485 1412 γε
507 1377 556 1412 μὲν
570 1374 610 1409 εἷς
627 1377 716 1403 αὐτῶν
735 1377 876 1413 Βαρνάϐας
888 1386 967 1412 γεγο-

174 1424 260 1455 νέναι,
275 1421 305 1451 οἵ)
321 1424 457 1460 διαερόρως
473 1424 520 1459 μὲν
539 1425 587 1450 καὶ
604 1419 631 1451 αἶ
645 1424 762 1459 Πράξεις
779 1424 832 1450 τῶν
852 1423 966 1450 ἀποστό-

173 1470 228 1496 λων
241 1470 459 1505 ἐμνημόνευσαν,
470 1470 519 1504 οὐχ
533 1470 633 1505 ἥκιστα
649 1470 676 1495 δὲ
690 1469 737 1496 καὶ
748 1470 762 1496 ό
774 1469 881 1501 Παῦλος
895 1469 965 1505 γρά-

175 1525 233 1550 φων
250 1516 392 1547 Γαλάταις.
412 1516 522 1543 Τούτων
538 1516 560 1542 δ’
580 1513 648 1542 εἶναι
669 1524 734 1550 φασι
756 1515 803 1542 καὶ
823 1515 975 1551 Σωσθένην-

1022 237 1109 262 virum
1125 243 1186 262 eum
1201 234 1340 269 appellare
1360 233 1402 260 fas
1418 239 1469 261 est.
1483 233 1549 260 Erat
1570 233 1670 268 quippe
1687 233 1806 260 admira-

1021 282 1113 309 bilium
1129 289 1240 316 opertuu
1258 280 1378 311 ell'ector,
1392 281 1642 315 doctorqueeorum
1664 279 1709 314 qtti
1731 280 1805 306 veri-

1022 334 1103 355 tatem
1134 328 1226 355 libenti
1251 327 1342 354 animo
1358 325 1619 361 complectebatur.
1646 325 1746 353 Multos
1761 325 1807 352 ille

1020 376 1121 410 partim
1142 382 1174 402 ex
1190 374 1297 401 Judzuis.
1318 372 1416 408 partim
1432 380 1465 399 ex
1486 371 1634 406 gentilibus
1657 376 1807 399 sectatores

1021 423 1071 449 sibi
1095 422 1229 454 adiunxit.
1258 421 1305 448 llic
1329 424 1388 448 erat
1411 419 1545 446 Christus.
1567 419 1652 452 Quem
1674 427 1687 446 a
1717 419 1806 454 gentis

1022 473 1121 496 nostra!
1134 469 1300 504 primorilms
1312 467 1440 499 delatum,
1453 473 1513 493 cum
1526 465 1630 493 Pilatus
1640 467 1730 493 crucis
1741 473 1807 500 sup-

1022 516 1102 550 plicio
1129 515 1288 545 addixisset,
1308 514 1334 541 hi
1356 519 1444 540 tamen
1469 512 1513 547 qui
1539 512 1613 539 illum
1642 512 1805 543 dilexerant,

1021 571 1081 589 cum
1100 563 1226 597 deinceps
1244 561 1333 589 colere
1352 569 1402 588 non
1431 560 1603 588 destiterunt.
1625 558 1717 586 Tertio
1733 559 1805 586 enim

1022 611 1064 635 dit.-
1079 610 1156 636 vivus
1168 616 1200 636 ac
1215 609 1321 643 spirans
1334 608 1374 634 eis
1389 607 1526 641 apparuit,
1544 611 1625 639 prout
1644 606 1726 633 divini
1744 613 1807 640 pro-

1022 657 1106 690 pheta:
1120 656 1176 682 iure
1190 655 1279 682 etalia
1297 653 1495 689 quamplurima
1511 653 1543 679 de
1553 652 1598 679 illo
1612 651 1725 679 miriﬁca
1739 659 1807 686 pm-

1020 702 1154 728 diserant.
1184 700 1290 727 Abhinc
1313 706 1395 734 porro
1412 697 1629 725 Christianorum
1650 704 1735 730 genus
1761 696 1806 731 qui

1020 749 1054 775 ab
1068 755 1100 775 eo
1121 754 1219 774 nomen
1242 753 1392 780 sumpSere.
1411 745 1445 772 ad
1459 749 1578 772 nostram
1598 751 1684 777 usque
1697 748 1807 770 aetatem

1020 792 1406 821 contin-Iattun'manet.tHaac
1421 792 1502 825 igitur
1515 799 1576 818 cum
1587 790 1703 824 scriptor
1717 789 1760 816 ille
1772 797 1807 816 ex
1838 816 1841 819 ,

1021 840 1140 867 ll-brzeis
1158 840 1292 866 oriundus
1304 840 1336 865 de
1351 838 1457 865 Joanne
1473 837 1591 872 Baptista
1609 840 1635 863 et
1656 836 1689 863 de
1705 835 1806 863 Serva—

984 877 1004 904 Β
1022 890 1079 912 tore
1097 891 1189 912 nostro
1215 885 1241 911 in
1259 884 1340 912 libris
1367 884 1423 911 suis
1451 881 1719 913 commemoraverit,
1736 881 1806 915 quod

1016 931 1071 964 jam
1084 929 1211 963 ell'ugium
1233 925 1394 964 relinquitur
1406 929 1451 957 his
1465 928 1511 963 qui
1525 928 1658 955 adversus
1673 934 1720 955 eos
1739 927 1805 953 Acta

1020 976 1062 1003 illa
1089 976 1290 1007 conﬁnxerunt,
1316 973 1465 1010 quominus
1490 972 1716 1009 impudentissimi
1746 979 1806 999 esse

1019 1021 1233 1050 convincautur?
1248 1021 1300 1049 Sed
1315 1021 1349 1048 de
1359 1020 1402 1051 his
1413 1020 1490 1049 satis.

1316 1113 1430 1141 CAPUT
1453 1113 1509 1140 XII.
1574 1155 1577 1157 _

1176 1160 1215 1188 De
1231 1159 1380 1187 Seruatorit
1395 1161 1478 1187 nostri
1498 1159 1647 1194 discipulis.

1054 1237 1086 1265 Et.
1097 1237 1280 1272 apostolorum
1293 1237 1402 1272 quidem
1425 1236 1579 1264 Servatoris
1596 1236 1683 1263 nostri
1695 1236 1804 1264 nomina

1017 1291 1050 1311 ex
1070 1283 1279 1319 Evangeliorum
1309 1283 1384 1310 libris
1411 1283 1551 1310 notiSsima
1578 1286 1641 1309 sunt
1666 1282 1804 1309 omnibus.

1018 1328 1093 1362 Quod
1108 1335 1171 1356 vero
1187 1329 1219 1356 ad
1236 1329 1406 1363 septuaginta
1421 1328 1570 1362 discipulos
1587 1327 1695 1359 attinet,
1708 1334 1803 1354 eorum

1018 1374 1104 1401 series
1117 1374 1210 1401 nullibi
1223 1374 1376 1409 perscripta
1393 1373 1537 1407 reperitur.
1555 1372 1654 1400 Fertur
1669 1377 1759 1400 tamen
1771 1380 1804 1399 ex

1017 1421 1123 1448 illorqu
1143 1428 1257 1448 numero
1275 1427 1345 1447 unus
1372 1420 1455 1447 fuisse
1478 1419 1624 1451 Barnabas,
1652 1418 1728 1453 cujus
1743 1426 1804 1446 cum

1017 1466 1044 1493 in
1059 1466 1175 1494 Actibus
1198 1466 1382 1502 apostolorum
1404 1466 1500 1492 crebra
1527 1465 1555 1492 lit
1573 1466 1684 1498 mentio,
1706 1470 1761 1492 tttm
1777 1465 1803 1492 in

1016 1514 1092 1541 Pauli
1106 1515 1139 1541 ad
1149 1513 1260 1541 Galatas
1274 1512 1404 1547 Epistula.
1419 1512 1457 1539 Ex
1476 1512 1570 1539 iisdem
1593 1512 1674 1539 etiam
1691 1511 1805 1539 Sostbe-

174 1563 219 1589 τὴν
238 1563 296 1598 ἅμα
312 1562 410 1598 Παύλῳ
430 1562 583 1598 Κορινθίοις
594 1561 794 1590 ἑπιστέίλαντα.
814 1563 845 1589 Ἦ
859 1562 881 1589 δ’
894 1563 965 1589 ἱστο-

1020 1567 1076 1587 uem
1095 1559 1179 1587 fuisse
1193 1560 1348 1595 perhibent,
1363 1567 1423 1586 eum
1441 1560 1485 1593 qui
1503 1567 1554 1585 una
1571 1565 1632 1585 cum
1658 1558 1740 1585 Paulo
1761 1558 1804 1585 lit-

173 1608 221 1643 ρῐα
243 1607 320 1643 παρὰ
342 1607 480 1642 Κλήμεντι
494 1606 566 1633 κατὰ
584 1607 633 1643 τὴν
652 1607 779 1643 πέμπτην
799 1606 853 1633 τῶν
880 1607 967 1634 Ὑπο-

173 1653 346 1683 τιιπώσεων,
363 1653 392 1678 ἐν
434 1652 481 1678 καὶ
493 1653 600 1686 Κηφᾶν,
614 1653 676 1688 περὶ
690 1649 720 1678 οὗ
731 1661 811 1687 φησιν
822 1653 836 1679 ὁ
846 1652 964 1685 Παῦλος·

178 1709 187 1724 ι
206 1699 269 1725 Ὅτε
282 1699 311 1725 δὲ
322 1697 387 1735 ἦλθε
403 1699 501 1734 Κηφᾶς
520 1699 558 1730 εἰς
582 1698 756 1734 Ἀντιόχειαν,
772 1699 843 1725 κατὰ
857 1699 965 1734 πρόσω-

176 1753 226 1771 πον
240 1744 315 1780 αὐτῷ
329 1744 459 1779 ἀντέστην
479 1744 547 1779 (52),
570 1754 578 1770 ι
601 1744 649 1770 ἕνα
666 1745 733 1780 φησὶ
751 1744 892 1779 γεγονέναι
912 1745 966 1772 τῶν

176 1791 361 1825 ἑϐδομήκοντα
378 1790 517 1826 μαθητῶν,
530 1790 673 1826 ὁμώνυμον
689 1792 784 1828 Πέτρῳ
798 1792 966 1827 τυγχάνοντα

175 1835 215 1871 τῷ
232 1836 382 1871 ἀποστόλῳ.
404 1836 459 1862 Καὶ
475 1836 598 1863 Ματθίαν
621 1836 649 1862 δὲ
666 1837 711 1863 τὸν
728 1837 789 1864 ἀντὶ
812 1837 896 1864 Ἰούδα
917 1836 965 1864 τοῦ

175 1882 306 1918 προδότου
320 1884 376 1913 τοῖς
388 1882 547 1914 ἀποστόλοις
566 1883 794 1917 ὲγκαταλεγέντα,
813 1883 860 1911 τόν
875 1892 905 1909 τε
918 1884 966 1910 σὺν

176 1928 251 1963 αὐτῷ
268 1930 299 1963 τῇ
313 1928 394 1964 ὁμοίᾳ
409 1928 492 1964 ψήφῳ
509 1929 667 1964 τιμηθέντα,
681 1930 730 1965 τῆς
747 1930 833 1964 αὐτῆς
852 1929 905 1956 τῶν
922 1929 966 1956 ἑδ-

175 1974 326 2009 δομήκοντα
355 1974 477 2010 κλήσεως
500 1975 633 2010 ἠξιῶσθαι
660 1976 769 2010 κατέχει
797 1976 884 2010 λόγος.
911 1975 966 2002 Καὶ

175 2018 304 2045 Θαδδαῖον
321 2018 350 2044 δὲ
364 2019 412 2045 ἕνα
429 2019 484 2045 τῶν
502 2020 591 2046 αὐτῶν
606 2018 679 2047 εἶναί
701 2029 776 2055 φασι·
792 2021 856 2055 περὶ
871 2017 901 2048 οὗ
918 2020 966 2047 καὶ

177 2064 298 2099 ἱστορίαν
311 2064 441 2091 ἐλθοῦσαν
455 2066 494 2097 εἰς
506 2067 590 2101 ἡμᾶς,
603 2067 701 2093 αὐτίκα
717 2067 788 2102 μάλα
802 2067 964 2102 ἐκθήσομαι.

175 2112 232 2138 Καὶ
246 2111 300 2138 τῶν
315 2112 496 2148 ἐϐδομήκοντα
509 2102 663 2145 esitato-1;.
673 2114 718 2140 τοῦ
736 2114 863 2149 Σωτῆρος
878 2122 966 2149 πειρη-

175 2157 250 2184 νέναι
273 2157 395 2193 μαθητὰς
410 2158 499 2194 εὕροις
516 2159 548 2185 ἂν
571 2160 748 2195 ἐπιτηρήσας,
764 2160 881 2198 μάρτυρι
895 2160 966 2196 χρώ-

178 2212 258 2239 μενος
268 2204 306 2239 τῷ
324 2205 432 2240 Παύλῳ,
448 2206 515 2240 μετὰ
529 2206 578 2241 τὴν
591 2207 622 2232 ὲκ
638 2206 741 2242 νεκρῶν
753 2206 862 2242 ἔγερσιν
875 2204 964 2241 ὦφθαι

181 2251 263 2277 αὑτὸν
283 2251 409 2286 φήσαντι,
423 2251 530 2286 πρῶτον
546 2252 595 2287 μὲν
616 2253 698 2288 Κηφᾷ
714 2252 780 2287 (55),
796 2252 888 2279 ἔπειτα
909 2254 965 2284 τοῖς

1017 1611 1091 1634 teras
1108 1607 1140 1632 ad
1168 1606 1324 1633 Corinthios
1348 1605 1467 1640 scripsit.
1483 1605 1529 1632 Sic
1553 1604 1624 1631 enirn
1642 1604 1726 1631 refert
1741 1604 1804 1632 Cle-

1018 1662 1094 1681 mens
1105 1653 1132 1680 in
1147 1653 1318 1687 libroquinto
1333 1651 1546 1687 Hypolyposean.
1558 1651 1585 1678 In
1601 1658 1653 1685 quo
1664 1651 1744 1678 etiam
1753 1651 1805 1679 Ce-

1017 1700 1097 1735 pham
1115 1700 1189 1727 illum
1206 1702 1250 1727 cui
1269 1699 1441 1727 Antiochiam
1458 1699 1579 1733 ingresso
1594 1698 1692 1725 Paulus
1707 1706 1736 1726 se
1755 1706 1804 1732 pa-

1018 1746 1070 1772 lam
1090 1746 1223 1773 restitisse
1242 1745 1317 1777 dicit,
1331 1746 1459 1780 quoniam
1473 1745 1684 1780 reprehensione
1706 1745 1804 1779 dignus

1017 1796 1086 1824 erat,
1107 1799 1187 1818 unum
1201 1791 1238 1817 ait
1251 1790 1335 1818 fuisse
1344 1798 1375 1818 ex
1388 1791 1559 1826 septuaginta
1572 1790 1712 1825 discipulis
1724 1790 1804 1818 Petro

1017 1836 1139 1871 apostolo
1156 1836 1357 1871 cognominem.
1374 1835 1516 1863 Matthiam
1536 1843 1657 1870 quoque.
1674 1843 1734 1863 eum
1757 1836 1802 1869 qui

1017 1883 1093 1910 ludas
1118 1882 1268 1917 proditoris
1300 1882 1359 1909 loco
1385 1882 1411 1909 in
1446 1889 1589 1909 numerum
1620 1882 1803 1917 apostolorum

1017 1929 1068 1964 31
1087 1929 1224 1961 ascriptus
1238 1933 1326 1960 est,et
1339 1929 1453 1955 alterum
1470 1928 1544 1955 illum
1559 1928 1676 1963 quicum
1691 1927 1802 1954 Matthia

1017 1976 1076 2010 pari
1095 1974 1224 2009 sulIragio
1242 1975 1290 2001 fuit
1306 1976 1465 2007 honoratus,
1482 1973 1551 2001 fatua
1566 1979 1608 2001 est
1624 1982 1656 2002 ex
1675 1974 1720 2001 illo
1729 1979 1802 2002 cmtu

1017 2021 1189 2056 septuaginta
1205 2020 1401 2055 discipulorum
1431 2020 1527 2047 fuisse.
1552 2020 1717 2048 'l‘hadda‘um
1735 2029 1805 2055 prae-

1019 2072 1092 2095 terea
1111 2074 1195 2094 unum
1211 2074 1245 2093 ex
1261 2066 1315 2093 illis
1325 2066 1410 2093 luisse
1422 2067 1522 2093 lerunt.
1539 2067 1576 2093 De
1590 2074 1644 2101 quo
1659 2067 1804 2096 historiam

1017 2121 1076 2147 qua:
1094 2113 1126 2140 ad
1142 2120 1191 2139 nos
1203 2120 1288 2146 usque
1304 2113 1439 2146 pervenit,
1463 2121 1523 2139 mox
1549 2118 1710 2140 narraturus
1730 2121 1803 2143 sunt.

1017 2159 1093 2192 Quod
1121 2158 1142 2185 si
1173 2159 1234 2193 quis
1261 2158 1408 2186 observare
1438 2158 1502 2185 velit
1534 2159 1684 2192 attentius1
1713 2159 1804 2193 plures

1017 2214 1098 2241 quam
1136 2206 1306 2240 septuaginta
1329 2207 1447 2240 reperiet
1478 2206 1631 2234 Servatoris
1655 2206 1738 2233 nostri
1760 2206 1803 2233 di-

1018 2251 1151 2286 scipulos,
1168 2252 1209 2278 vel
1219 2259 1250 2278 ex
1267 2251 1346 2278 unius
1369 2251 1446 2279 Pauli
1465 2252 1618 2279 testim0nio
1632 2261 1638 2280 :
1654 2252 1698 2287 qui
1724 2252 1804 2279 Chri-

176 2310 277 2341 qnippe
303 2307 347 2342 qui
373 2308 421 2332 sub
447 2312 572 2334 extrema
590 2308 733 2334 Domitiani
753 2313 875 2342 tempora
891 2308 965 2335 Αηιὶ-
983 2309 1003 2336 D
1020 2308 1137 2339 bantur;
1154 2308 1252 2341 quibus
1264 2307 1387 2341 prolatis.
1404 2307 1562 2335 facillimum
1576 2307 1672 2335 fuisse!
1694 2307 1801 2336 Eusebii

176 2341 427 2378 quimtesJudujcas
443 2342 617 2378 pphlicassM.
633 2344 671 2369 Ad
689 2344 752 2369 illud
767 2341 856 2370 autem
881 2351 962 2375 argn-

177 2376 300 2405 iuentum
317 2377 387 2410 quod
402 2385 434 2403 ex
452 2376 567 2410 Origene
581 2379 698 2409 ducitur,
713 2377 800 2405 facilis
814 2383 856 2405 est
869 2383 896 2404 et
913 2386 962 2405 ex—

178 2414 269 2448 pedita
287 2412 437 2448 responsio.
454 2412 541 2445 Negat
567 2413 676 2445 quidem
692 2413 822 2448 Origenes
840 2414 866 2439 in
887 2413 963 2439 libris

177 2446 271 2475 contra
281 2447 394 2477 Celsum,
406 2446 551 2480 Josepbuut
563 2448 704 2480 agnovisse
715 2446 806 2474 Je'sum
814 2448 961 2480 Christum,

178 2485 205 2510 id
229 2487 273 2509 est
288 2482 438 2509 credidisse
452 2483 572 2514 Christo,
598 2490 645 2509 seu
661 2482 844 2509 Christian-tut
866 2483 961 2510 fuisse.

179 2518 233 2545 Sed
249 2524 335 2551 neque
346 2524 377 2543 ex
395 2518 446 2544 hoc
459 2517 568 2550 Josephi
595 2518 653 2544 loco
674 2526 752 2551 quem
769 2519 812 2544 hic
826 2518 891 2545 citat
911 2519 965 2545 Eu-

179 2553 283 2582 sebius.
297 2552 423 2586 sequitur
437 2551 582 2586 Josephum
593 2553 693 2586 Christi
713 2554 790 2579 Iidem
807 2554 960 2586 amplexum

179 2589 273 2615 fuisse.
288 2587 415 2619 Quamvis
431 2585 668 2620 enim'dicaloinog
683 2586 716 2623 ἦν
727 2588 742 2613 ὁ
758 2588 884 2623 Χριστός,
900 2589 963 2615 sub-

177 2624 342 2658 audiendum
366 2628 407 2649 est
423 2623 584 2658 λεγόμενος,
603 2624 628 2650 id
648 2629 699 2654 est,
715 2623 755 2649 llic
773 2629 808 2649 est
829 2625 872 2657 qui
889 2624 961 2649 dice-

180 2659 260 2685 batur
271 2657 402 2685 Christus.
418 2657 476 2686 lam
491 2657 556 2684 vero
580 2659 651 2692 quod
668 2658 762 2685 scribit
776 2665 871 2686 auctor
888 2659 960 2685 illius

180 2693 274 2723 libelli,
293 2693 438 2720 Eusebium
460 2699 581 2720 uostrttm
597 2694 677 2727 hujus
697 2693 823 2720 falsitatis
843 2694 960 2719 art-bite-

179 2734 252 2755 ctttm
271 2728 366 2759 fuisse,
379 2736 516 2762 nunquam
534 2728 656 2762 profecto
671 2729 787 2755 cordatis
806 2729 959 2755 hominibus

179 2763 206 2790 id
221 2764 385 2797 persuadere
398 2764 508 2797 poterit.
530 2764 596 2790 Nam
615 2764 657 2790 cui
682 2765 753 2791 bono
778 2764 802 2789 id
828 2764 959 2791 Eusebius

178 2799 334 2833 contingere
346 2798 494 2825 voluisset?
505 2799 545 2825 An
558 2807 590 2825 ex
604 2799 759 2827 testimonio
771 2798 880 2832 Jusephi
896 2807 960 2833 peu-

178 2833 261 2860 debat
283 2833 411 2859 divinitas
435 2834 554 2861 Christi?
566 2835 665 2864 ,Aunou
682 2834 788 2863 Eusebii
803 2838 881 2861 aetate
900 2835 958 2860 Ithri

177 2868 374 2903 Antiquitotum
394 2866 503 2903 Iotephi
520 2868 547 2896 itt
564 2869 688 2897 omnibus
707 2869 876 2897 bibliothecis
895 2870 959 2897 vise-

1019 2343 1141 2369 lraudem
1156 2343 1329 2369 convincere.

1053 2378 1110 2413 (52)
1124 2378 1205 2404 Κατὰ
1230 2378 1392 2411 πρόσωπον
1408 2377 1487 2410 αὐτῷ
1500 2377 1659 2412 ἀντέστην.
1674 2377 1738 2405 Post
1755 2378 1803 2405 has

1017 2421 1097 2439 voces
1112 2414 1136 2439 in
1150 2414 1267 2440 editione
1281 2413 1426 2439 l’arisiensi
1445 2422 1477 2440 ac
1491 2414 1640 2440 Geueveusi
1652 2419 1803 2446 sequuntur

1019 2449 1075 2484 haec
1098 2448 1191 2484 verba,
1211 2448 1251 2474 ὅτι
1269 2447 1564 2484 κατεγνυισμένοςῗῆν,
1591 2456 1650 2484 qua;
1677 2449 1803 2483 leguntur

1018 2483 1099 2510 etiam
1118 2483 1143 2509 in
1166 2483 1284 2516 Epistola
1301 2485 1334 2509 ad
1348 2483 1467 2510 Galatas.
1494 2483 1547 2510 Sed
1566 2483 1693 2517 quoniatn
1710 2491 1759 2509 nec
1775 2484 1801 2510 in

1018 2518 1160 2545 codicibus
1176 2518 1277 2545 nostris
1288 2518 1370 2549 Μίδα..
1388 2518 1469 2550 Med.,
1490 2518 1558 2545 Fuk.
1576 2526 1625 2545 uec
1637 2518 1708 2552 ame
1724 2518 1803 2545 Ruti-

1015 2561 1078 2580 num
1097 2553 1241 2585 habentur,
1269 2559 1297 2580 et
1321 2554 1420 2587 alioqui
1442 2561 1539 2588 parum
1565 2554 1720 2580 necessaria
1737 2559 1802 2580 sunt

1015 2588 1066 2614 hoc
1081 2588 1149 2619 loco,
1164 2589 1262 2615 merito
1273 2597 1303 2614 ea
1323 2589 1482 2615 delevimus.
1493 2588 1564 2615 Idem
1583 2597 1597 2614 a
1613 2589 1692 2615 nobis
1701 2589 1800 2616 factum

1015 2628 1057 2649 est
1073 2623 1151 2657 patilo
1168 2629 1260 2654 postea
1271 2624 1296 2649 in
1313 2623 1362 2650 hoc
1379 2624 1437 2657 ipso
1450 2624 1549 2657 capite.
1568 2624 1632 2650 Nam
1645 2629 1704 2657 post
1720 2623 1801 2650 verba

1014 2658 1126 2690 ίΙΙίι,καὶ
1138 2658 1269 2685 Θαδδαῖον
1283 2657 1322 2688 δέ.
1342 2659 1439 2685 lineam
1455 2659 1585 2692 integrant
1598 2660 1777 2692 expunximus
1791 2667 1800 2689 ς

1012 2693 1068 2719 haec
1081 2694 1183 2729 scilicet
1191 2694 1283 2729 verba,
1295 2693 1341 2719 τὸν
1354 2694 1405 2719 ὑπὸ
1419 2693 1504 2729 Θωμᾶ
1514 2693 1584 2720 κατὰ
1599 2694 1744 2729 πρόσταξιν
1754 2693 1801 2720 τοῦ

1021 2728 1108 2763 Ἰησοῦ
1124 2728 1163 2762 τῷ
1182 2727 1308 2764 Ἀγὸάρῳ
1324 2729 1392 2764 πρὸς
1417 2727 1489 2755 ἴασιν
1514 2727 1700 2756 ἀποσταλέντα
1714 2738 1720 2744 ·
1742 2738 1802 2761 quae

1014 2763 1148 2799 leguntur
1161 2764 1267 2796 quidem
1298 2766 1323 2789 in
1348 2763 1449 2790 't-odice
1470 2764 1563 2799 Regio,
1592 2766 1638 2791 sed
1665 2765 1765 2792 absunt
1785 2773 1800 2790 ει

1015 2799 1101 2834 tribus
1114 2798 1234 2833 reliquis,
1252 2806 1302 2826 nec
1318 2800 1452 2826 habentur
1466 2800 1491 2826 in
1508 2798 1730 2834 iiutet'prctatimie
1745 2799 1800 2826 Ru-

1014 2833 1073 2860 lini.

1050 2868 1106 2904 (55)
1125 2869 1245 2904 Πρῶτον
1263 2869 1427 2906 μὲν-Κηφᾷ.
1443 2871 1552 2899 Rectius
1570 2873 1593 2898 iu
1614 2871 1713 2898 nostris
1727 2871 1800 2897 codi—
