1982 3159
164 117 175 130 )

185 117 193 130 Ι

139 161 281 195 στήσαιτο·
302 160 387 187 εἰσέτι
408 169 436 186 τε
466 160 512 186 νῦν
537 160 564 193 ἐξ

144 206 317 241 Ἐδεσσηνῶν
341 206 429 237 πόλις,
457 208 489 241 τῇ
509 207 556 233 τοῦ
581 206 697 242 Χριστοῦ
721 206 930 242 προσανάκειται

138 253 325 288 προσηγορίᾳ,
345 253 376 279 οὐ
402 252 431 278 τὸ
447 253 525 288 τυχὸν
550 253 734 288 ἐπιφερομένη
756 253 852 287 δεῖγμα
883 253 931 287 τῆς

135 298 188 325 τοῦ
206 298 333 333 Σωτῆρος
349 298 427 333 ἡμῶν
444 299 492 325 καὶ
511 299 551 330 εἰς
570 299 667 330 αὐτοὺς
682 299 847 334 εὐεργεσίας.
876 299 930 325 Καὶ

135 344 227 370 ταῦτα
247 344 296 378 μὲν
309 343 347 375 ὡς
360 344 389 376 ἐξ
407 344 527 379 ἀρχαίων
545 345 665 379 ἱστορίας
679 345 806 380 εἰρήσθω.
823 344 928 371 Μετίω-

137 398 193 424 μεν
207 389 230 414 δ’
249 387 327 420 αὖθις
350 389 395 415 ἐπὶ
413 389 461 424 τὴν
476 388 550 415 θείαν
564 389 685 424 Γραφήν.
704 381 929 424 Γενομένουδῆτα

135 435 186 462 ἐπὶ
203 436 236 470 τῇ
258 435 303 461 τοῦ
319 435 456 470 Στεφάνου
475 435 613 471 μαρτυρίᾳ
624 435 732 471 πρώτου
744 436 790 462 καὶ
802 436 928 471 μεγίστου

134 480 208 515 πρὸς
228 480 317 507 αὐτῶν
347 480 479 507 Ἰουδαίων
509 480 578 507 κατὰ
609 481 660 515 τῆς
683 482 711 507 ἐν
735 481 928 516 Ἱεροσολύμοις

140 527 308 561 Ἐκκλησίας
323 526 454 562 διωγμοῦ,
471 527 579 554 πάντων
597 536 625 553 τε
639 527 691 554 τῶν
710 527 847 562 μαθητῶν,
860 527 931 563 πλὴν

132 572 178 598 ὅτι
190 572 244 598 τῶν
258 571 361 598 δώδεκα
381 572 478 607 μόνων,
494 572 545 598 ἀνὰ
558 572 607 609 τὴν
628 572 757 599 Ἰουδαίαν
766 581 794 599 τε
812 573 859 599 καὶ
876 573 928 599 Σα-

135 617 256 652 μάρειαν
274 617 487 652 διασπαρέντων·
504 618 584 649 τινὲς,
604 617 641 649 ὣς
659 618 767 653 φησινὴ
792 617 849 644 θεία
864 619 929 653 Γρα-

133 663 186 698 φὴ,
198 663 346 695 διελθόντες
365 664 418 696 ἓως
430 665 555 700 Φοινίκης
570 665 617 691 καὶ
632 664 744 700 Κύπρου
759 665 805 691 καὶ
829 664 929 691 Ἀντιο-

131 708 223 743 χείας,
237 708 312 734 οὔπω
334 709 381 744 μὲν
410 708 512 735 ἔθνεσιν
529 706 580 736 οἷοί
599 718 628 735 τε
655 707 725 744 ἦσαν
748 708 795 735 τοῦ
817 709 865 743 τῆς
882 709 927 735 πί-

133 763 222 786 στεως
238 755 405 789 μεταδιδόναι
428 755 507 790 λόγου
530 755 650 790 τολμᾷν.
680 755 769 790 μόνοις
783 754 811 781 δὲ
834 755 928 781 τοῦτον

139 800 281 831 Ἰουδαίοις
299 801 491 836 κατήγγελλον.
515 800 669 836 Τηνικαῦτα
682 801 728 826 καὶ
750 800 855 832 Παῦλος
868 800 927 826 ἐλυ-

133 845 249 880 μαίνετο
263 846 347 872 εἰσέτι
364 846 423 873 τότε
437 847 486 881 τὴν
506 846 677 881 Ἐκκλησίαν,
696 847 753 872 κατ’
767 846 856 878 οἴκους
871 847 924 873 τῶν

131 890 240 917 πιστῶν
258 892 492 927 εἰσπορευόμενος,
516 893 605 927 σύρων
623 900 652 918 τε
676 891 774 928 ἄνδρας
800 894 846 919 καὶ
874 901 924 926 γυ-

131 939 248 970 ναῖκας,
273 938 320 964 καὶ
348 939 388 969 εἰς
417 938 538 973 φυλακὴν
565 939 737 975 παραδιδούς.
773 938 852 965 Ἀλλὰ
878 939 924 965 καὶ

129 984 276 1016 Φίλιππος,
291 983 332 1016 εἷς
342 984 396 1011 τῶν
414 985 470 1020 ἃμα
484 986 611 1020 Στεφάνῳ
628 985 872 1021 προχειρισθέντων
884 985 924 1016 εἰς

130 1030 182 1065 τὴν
198 1030 346 1062 διακονίαν,
364 1031 392 1057 ὲν
410 1033 465 1062 τοῖς
481 1032 652 1067 διασπαρεῐσι
660 1031 815 1067 γενόμενος,
834 1031 923 1057 κάτει-

130 1085 175 1102 σιν
190 1077 231 1107 εῐς
247 1077 296 1112 τὴν
312 1077 477 1113 Σαμάρειαν,
496 1077 570 1108 θείας
596 1086 624 1103 τε
642 1076 766 1112 ἔμπλεως
779 1077 817 1103 ὢν
843 1077 922 1103 δυνά-

133 1131 218 1156 μεως,
237 1123 366 1158 κηρύττει
380 1123 484 1159 πρῶτος
499 1124 553 1154 τοῖς
572 1122 665 1149 αὐτόοι
682 1123 727 1149 τὸν
756 1123 842 1156 λόγον.
871 1123 921 1148 Το-

131 1167 220 1202 σαύτη
230 1168 252 1194 δ’
263 1168 336 1204 αὖτῷ
353 1168 410 1194 θεία
426 1169 554 1203 συνήργει
569 1168 656 1203 χάρις,
679 1167 716 1199 ὡς
745 1168 791 1194 καὶ
813 1167 921 1202 Σίμωνα

129 1214 177 1240 τὸν
194 1214 289 1248 Μάγον
308 1214 375 1249 μετὰ
393 1214 525 1241 πλείστων
538 1214 639 1250 ἐτέρων
656 1214 759 1248 ἀνδρῶν
777 1213 842 1248 (90),
866 1214 921 1244 τοῖς

129 1259 214 1286 αὐτοῦ
234 1260 324 1294 λόγοις
337 1261 472 1296 ἑλχθῆναι.
490 1259 551 1286 Ἐπί
559 1260 683 1286 τοσοῦτον
696 1260 718 1286 δ’
734 1262 748 1286 ό
765 1260 855 1295 Σίμων
875 1259 920 1294 βε-

129 1305 265 1341 ϐοημένος
284 1307 343 1332 κατ¹
356 1307 442 1333 ἐκεῖνο
455 1305 549 1340 καιροῦ
563 1306 616 1331 τῶν
635 1306 819 1340 ἠπατημένων
838 1306 920 1340 ἐκρά-

129 1359 171 1377 τει
185 1352 307 1387 γοητείᾳ,
320 1352 357 1383 ὡς
379 1351 426 1386 τὴν
447 1351 568 1386 μεγάλην
594 1351 675 1378 αὑτὸν
698 1351 821 1386 ἡγεῖσθαι
852 1349 920 1377 εἶναι

127 1396 245 1432 δύναμιν
261 1397 307 1423 τοῦ
325 1396 402 1423 Θεοῦ.
416 1397 482 1423 Τότε
496 1397 517 1423 δ’
529 1395 575 1423 οὖν
593 1397 639 1422 καὶ
653 1394 729 1428 οὗτος
742 1396 790 1428 τὰς
809 1396 860 1422 ὑπὸ
872 1390 918 1422 τοῦ

129 1442 263 1468 Φιλίππου
275 1443 386 1478 δυνάμει
397 1442 456 1478 θείᾳ
467 1442 628 1478 τελουμένας
638 1441 823 1475 καταπλαγεὶς
835 1450 920 1476 παρα-

128 1487 294 1520 δοξοποιῖας,
312 1488 488 1524 παραδύεται,
504 1489 551 1514 καὶ
572 1489 652 1523 μέχρι
677 1487 788 1523 λουτροῦ
813 1488 861 1522 τὴν
878 1488 917 1518 είς
932 1505 953 1533 C

129 1534 246 1570 Χριστὸν
259 1535 349 1561 πίστιν
366 1534 604 1570 καθυποκρίνεται.
634 1535 665 1560 Ὃ
693 1535 739 1560 καὶ
767 1533 916 1568 θαυμάζειν

129 1579 204 1613 ἄξιον
220 1581 260 1612 εἰς
275 1580 356 1616 δεῦρο
370 1581 510 1616 γινόμενον
525 1580 593 1616 πρὸς
603 1581 657 1607 τῶν
670 1580 708 1606 ἔτι
721 1580 767 1606 καὶ
794 1580 840 1606 νῦν
868 1579 917 1614 τὴν

129 1627 175 1653 ἀπ’
190 1626 296 1653 ἐκείνου
328 1627 502 1662 μιαρωτάτην
519 1627 663 1661 μετιόντων
687 1626 808 1660 αἵρεσιν·
836 1626 860 1652 οἳ
883 1627 915 1661 τῇ

128 1672 174 1698 τοῦ
193 1672 268 1706 σφῶν
284 1673 454 1708 προπάτορος
470 1672 590 1707 μεθόδῳ,
609 1672 657 1707 τὴν
678 1671 839 1706 Ἐκκλησίαν
859 1671 916 1697 λοι-

131 1717 232 1753 μώδους
246 1718 294 1745 καὶ
314 1718 457 1754 ψωραλέας
480 1718 557 1744 νόσου
573 1718 649 1753 δίκην
670 1717 856 1752 ὑποδυόμενοι,
883 1717 917 1743 τὰ

131 1763 246 1798 μέγιστα
258 1763 431 1797 λυμαίνονται
445 1764 518 1795 τοὺς,
529 1760 569 1794 οἷς
583 1763 804 1798 ὲναπομὰξασθαι
821 1760 871 1789 οἷοί
886 1771 916 1789 τε

130 1809 162 1835 ἂν
175 1807 229 1834 εἷεν
245 1809 291 1835 τὸν
307 1809 336 1835 ἐν
351 1809 441 1840 αὐτοῖς
459 1809 702 1844 ἀποκεκρυμμένον
724 1809 842 1844 δυσαλθῆ
869 1809 916 1835 καὶ

129 1854 245 1890 χαλεπὸν
264 1855 312 1882 ἰόν.
330 1855 400 1890 Ἤδη
416 1856 447 1889 γὲ
460 1864 501 1881 τοι
520 1855 627 1886 πλείους
643 1854 744 1881 τούτων
770 1855 915 1890 ἁπεώσθη-

130 1909 188 1933 σαν,
204 1900 290 1927 ὁποῖοί
303 1909 373 1932 τινες
386 1898 440 1927 εἶεν
461 1900 515 1936 (91)
531 1901 579 1935 τὴν
608 1900 695 1935 ,μοχθη
702 1900 760 1935 ρίαν
790 1900 912 1931 ἁλόντες·

128 1947 220 1981 ὡσπερ
235 1944 280 1972 οὖν
297 1946 344 1972 καὶ
367 1948 381 1972 ὁ
404 1947 492 1982 Σίμων
524 1947 604 1978 αὐτὸς
637 1947 704 1981 πρὸς
736 1946 782 1972 τοῦ
811 1946 913 1981 Πέτρου

128 1992 336 2026 καταφωραθεὶς
351 1992 380 2023 ὃς
391 1990 435 2027 ἦν,
452 1992 499 2026 τὴν
518 1992 707 2027 προσήκουσαν
734 1992 806 2018 ἔτισε
834 2002 915 2028 τιμω-

130 2038 197 2072 ρίαν.
221 2036 302 2062 Ἀλλὰ
319 2037 373 2072 γὰρ
390 2037 429 2068 είς
443 2036 554 2071 αὖξησιν
567 2036 702 2072 ὁσημέραι
716 2038 853 2072 προϊόντος
868 2038 913 2064 τοῦ

127 2083 260 2118 σωτηρίου
275 2082 460 2118 κηρύγματος,
487 2081 626 2116 οἰκονομία
640 2091 680 2113 τις
692 2080 759 2118 ἦγεν
784 2084 829 2109 καὶ
860 2084 913 2109 ἀπὸ

126 2128 173 2163 τῆς
187 2128 322 2154 Αἰθιόπων
336 2129 386 2163 γῆς
405 2128 454 2162 τῆς
471 2127 563 2154 αὐτόθι
577 2127 710 2162 βασιλίδος
730 2129 843 2163 (κατατι
861 2130 912 2155 πά-

125 2181 198 2209 τριον
215 2173 274 2204 ἔθος
291 2173 344 2199 ὑπὸ
354 2173 481 2206 γυναικὸς
491 2173 537 2199 τοῦ
552 2173 642 2204 ἔθνους
653 2173 736 2200 εἰσέτι
755 2174 802 2200 νῦν
833 2174 910 2209 βασι-

126 2217 282 2253 λευομένου)
297 2218 430 2253 δυνάστην
443 2226 449 2232 ·
466 2218 495 2244 ὃν
511 2217 617 2253 πρῶτον
634 2218 662 2251 ἐξ
677 2218 760 2244 ἐθνῶν
777 2219 844 2254 πρὸς
863 2220 909 2245 τοῦ

127 2264 257 2291 Φιλίππου
276 2263 310 2290 δι’
325 2263 486 2298 ἐπιφανείας
500 2264 534 2290 τὰ
556 2264 602 2290 τοῦ
633 2264 704 2290 θείου
726 2265 803 2299 λόγου
830 2266 910 2301 ὄργια

129 2311 302 2345 μετασχόντα,
329 2310 382 2336 τῶν
413 2319 442 2336 τε
469 2309 520 2336 ἀνὰ
546 2309 594 2344 τὴν
618 2311 777 2346 οἰκουμένην
806 2312 909 2338 πιστῶν

128 2357 248 2394 ἀπαρχὴν
267 2357 420 2392 γενόμενον,
435 2357 542 2392 πρῶτον
562 2357 669 2391 κατέχει
690 2358 767 2392 λόγος
791 2359 836 2384 ἐπὶ
862 2358 911 2394 τὴν

128 2404 236 2438 πάτριον
264 2403 496 2437 παλινοστήσαντα
524 2403 586 2437 γῆν⁷
613 2403 836 2436 εὐαγγελίσασθαι
860 2404 908 2439 τὴν

127 2449 169 2474 τοῦ
182 2450 235 2474 τῶν
250 2448 317 2475 ὅλων
333 2448 398 2474 Θεοῦ
413 2448 522 2482 γνῶσιν,
540 2449 587 2475 καὶ
602 2448 650 2483 τὴν
670 2447 800 2479 ζωοποιὸν
812 2450 851 2480 εἰς
865 2450 908 2476 ἀν-

127 2495 245 2530 θρώπους
262 2494 309 2520 τοῦ
323 2493 448 2530 Σωτῆρος
460 2493 538 2529 ἡμῶν
551 2494 706 2529 ἐπιδημίαν,
738 2494 810 2530 ἔργῳ
836 2495 906 2530 πλη-

127 2540 253 2576 ρωθείσης
273 2540 306 2566 δι’
321 2539 402 2567 αὑτοῦ
419 2540 476 2575 τῆς,
498 2549 506 2564 t
522 2539 648 2566 Αἰθιοπία
664 2540 814 2575 προφθάσει
827 2542 905 2576 χεῖρα

126 2587 204 2621 αὐτῆς
215 2586 253 2621 τῷ
265 2586 334 2620 Θεῷ,
355 2596 363 2611 ι
384 2585 562 2620 περιεχούσης
577 2586 754 2621 προφητείας.
775 2587 834 2612 Ἐπί
845 2587 906 2614 τού-

124 2639 176 2662 τοις
189 2631 294 2662 Παῦλος
309 2631 339 2656 τὸ
355 2631 403 2665 τῆς
415 2630 530 2665 ἐκλογῆς
545 2630 649 2662 σκεῦος,
677 2631 726 2657 οὐκ
750 2632 778 2664 ἐξ
801 2632 905 2667 ἀνθρώ-

141 2678 161 2693 ’τ
175 2678 245 2705 I’s;.l.
260 2686 342 2704 Lavn.

156 2724 208 2758 (ΩΟ,
223 2725 303 2751 Μετὰ
317 2725 468 2751 πλείστων
481 2725 587 2759 ἐτέρων
600 2725 726 2759 ἀνδρῶν.
743 2725 828 2759 Magis
843 2728 902 2758 pla-

126 2760 255 2786 cetlcctio
285 2760 409 2786 codicum
431 2766 598 2791 nostrorum,
627 2760 756 2787 Mazarini
785 2761 901 2791 scilicet,

126 2795 199 2831 Mei,
212 2794 287 2831 VFnk.
299 2802 332 2831 ac
343 2795 484 2831 Saviliani,
502 2795 569 2830 μετὰ
580 2794 713 2822 πλείστων
728 2794 831 2831 ἀνδρῶν
846 2796 903 2826 τοῖς

130 2830 157 2855 αὖ
162 2830 202 2857 τοῦ
211 2830 301 2864 λόγοις
306 2828 431 2863 ἑλχθῆναι
436 2850 442 2855 .

300 2875 436 2905 Parum.
453 2875 512 2905 Gtt.
536 2875 602 2906 XX.

656 103 827 140 HISTORLE
848 102 1129 130 IZCCLESIASTICEE
1150 103 1213 131 LII}.
1236 104 1266 130 ll.

1712 107 1760 134 158

594 161 696 186 ἐκείνου
722 162 738 195 ή
774 161 847 186 πᾶσα
880 160 917 185 τῶ

985 167 1036 192 set.
1056 162 1163 187 tandem
1187 161 1313 187 salutaris
1338 161 1464 187 doctrina:
1490 162 1627 189 auditores
1637 160 1762 188 reddidit.

982 206 1088 233 Abhinc
1103 206 1227 232 universa
1250 206 1448 233 Edessenorum
1462 207 1558 234 civitas
1568 227 1575 240 ,
1593 207 1694 243 quippe
1706 215 1766 242 qum

982 260 1033 279 non
1046 252 1157 287 vulgare
1170 251 1325 279 Servatoris
1343 252 1426 278 nostri
1443 260 1506 287 erga
1530 261 1558 281 se
1571 253 1766 282 benevolenlizn

981 298 1109 325 indicium
1128 298 1282 332 possideat,
1308 298 1367 332 ejus
1391 299 1491 325 nomini
1518 299 1649 328 hactenus
1675 301 1764 328 dicata

981 343 1135 378 permansit.
1153 343 1185 370 Et
1203 343 1259 370 haec
1272 344 1380 378 quidem
1398 352 1431 371 ex
1448 349 1566 372 veterum
1582 349 1765 375 monumentis

980 388 1120 423 desumpta
1134 393 1205 416 sunt.
1223 389 1298 416 Nune
1314 389 1346 416 ad
1356 390 1474 416 divinam
1490 389 1659 425 Scripturam
1678 398 1765 420 trans-

980 440 1083 461 eamus.
1110 433 1176 461 Post
1198 434 1358 469 martyrium
1383 434 1523 470 Stephani,
1543 444 1604 463 cum
1619 439 1704 472 prima
1719 446 1765 465 ea-

980 480 1095 513 demque
1111 480 1272 514 gravissima
1291 479 1444 507 .Iudatorutu
1464 482 1616 514 persecutio
1633 483 1764 510 adversus

980 523 1250 559 Hierosolymitanam
1274 524 1423 552 Ecclesium
1446 531 1538 552 coorta
1553 531 1625 554 esset
1641 547 1646 559 ,
1662 528 1764 554 cunctis

979 569 1079 596 Christi
1105 570 1246 604 discipulis
1267 575 1364 604 prmter
1388 570 1528 597 duodecim
1552 571 1692 605 apostolos
1715 579 1764 606 per

979 615 1096 643 Judzeam
1127 615 1333 650 Sumat-iamque
1358 616 1507 652 dispersis;
1523 617 1642 643 nonnulli
1669 624 1762 644 eorum

979 669 1063 696 usque
1078 661 1112 688 ad
1128 661 1284 689 thnicem
1298 666 1324 688 et
1337 662 1452 697 Cyprum
1471 668 1498 689 et
1514 663 1684 690 Antiochiam
1700 670 1764 698 pro-

979 707 1064 741 gressi
1081 707 1123 742 (ut
1136 715 1213 734 sacra
1227 711 1341 735 testatur
1353 707 1504 743 Scriptura)
1521 709 1580 735 lidci
1600 709 1764 736 Christianae

979 760 1132 780 sermonem
1157 753 1283 787 gentibus
1299 753 1408 786 quidem
1428 754 1544 780 nonduin
1563 754 1764 781 comnmnicare

981 798 1124 830 audebant,
1143 799 1188 825 sed
1205 798 1269 825 solis
1284 797 1385 826 Iudaeis
1401 799 1476 826 illum
1495 800 1689 833 praedicabant.
1705 800 1762 833 Qua

940 837 962 863 Β
979 850 1137 879 tempestate
1151 845 1249 873 Paulus
1268 847 1414 873 etiamnum
1429 847 1575 874 Ecclesium
1592 847 1738 875 infestabat
1753 869 1760 881 ,

976 891 1003 918 in
1019 891 1090 918 aedes
1104 891 1221 918 lidclinm
1236 891 1398 927 irrttmpens,
1406 897 1432 919 et
1444 893 1518 920 viros
1529 901 1589 920 cum
1605 894 1762 921 mulieribus

976 937 1039 964 inile
1061 936 1214 964 abstractos
1228 938 1359 965 custodia:
1385 939 1556 972 mancipans.
1577 939 1653 966 Tunc
1677 940 1760 966 etiam

976 980 1115 1016 Philippus
1129 1003 1136 1014 ,
1154 990 1222 1010 unus
1235 990 1268 1010 ex
1282 983 1315 1010 iis
1333 981 1376 1016 qui
1391 991 1453 1010 eum
1469 984 1606 1018 Stephano
1619 984 1651 1011 ad
1666 985 1759 1011 diaco-

976 1032 1053 1055 natus
1070 1027 1186 1056 nllieium
1201 1028 1308 1057 fuerant
1331 1030 1422 1063 electi,
1441 1030 1547 1064 fugiens
1569 1038 1628 1057 cum
1655 1031 1761 1057 czclcris

976 1073 1127 1102 Samariam
1140 1075 1295 1107 descendit,
1311 1081 1338 1103 et
1352 1077 1441 1103 divina
1458 1077 1553 1111 plenus
1566 1078 1664 1104 virtute
1677 1098 1684 1110 ,
1700 1084 1761 1104 ver-

975 1120 1036 1147 bum
1058 1120 1104 1147 Dei
1119 1121 1221 1154 primus
1238 1121 1334 1150 incolis
1349 1123 1493 1150 nuntiavit.
1517 1123 1602 1151 Tanta
1620 1133 1702 1160 porro
1718 1126 1760 1152 vis

975 1165 1071 1192 divina:
1096 1168 1189 1201 grati-te
1211 1168 1260 1202 ipsi
1285 1168 1377 1195 aderat
1392 1188 1399 1200 ,
1426 1173 1454 1195 ut
1478 1169 1617 1197 Simonem
1652 1169 1758 1205 Magum

974 1210 1094 1245 aliosque
1117 1212 1328 1240 innumerabiles
1350 1214 1588 1248 prtedicationibus
1605 1215 1661 1241 suis
1677 1215 1710 1242 ad
1730 1223 1759 1243 se

974 1258 1147 1292 pertraxerit.
1157 1257 1207 1285 Hic
1222 1258 1314 1286 Simon
1330 1264 1395 1287 tunc
1410 1260 1539 1294 temporis
1554 1260 1757 1292 celeberrimus.

972 1307 1074 1330 tantam
1098 1305 1284 1332 auctoritatem
1311 1305 1424 1339 adeptus
1451 1311 1510 1332 erat
1528 1306 1597 1340 apud
1621 1313 1668 1333 eos
1690 1315 1758 1341 quos

971 1351 1117 1386 praestigiis
1131 1352 1188 1378 suis
1206 1352 1359 1386 deceperat,
1381 1357 1410 1379 ut
1424 1360 1549 1387 magnam
1565 1352 1609 1379 Dei
1626 1353 1756 1380 Virtutem

971 1396 1059 1431 ipsum
1078 1403 1138 1423 esse
1152 1397 1349 1424 existimarent.
1361 1397 1433 1424 Idem
1447 1403 1537 1424 tamen
1553 1398 1763 1432 obstupefactus

971 1440 1108 1468 miraculis
1131 1449 1190 1476 quae
1205 1440 1341 1476 Philippus
1354 1442 1442 1469 divina
1465 1443 1562 1470 virtute
1575 1443 1757 1478 perpetrabat.

971 1487 1067 1515 callide
1090 1487 1208 1522 irrepsit,
1224 1487 1359 1522 iidemque
1370 1488 1396 1514 in
1418 1488 1557 1516 Christum
1573 1489 1704 1516 hactenus
1719 1489 1757 1516 si-

971 1533 1103 1564 mulavit,
1129 1539 1158 1560 lit
1182 1534 1345 1567 baptismum
1370 1534 1532 1568 susciperet.
1557 1534 1631 1568 Quod
1648 1536 1755 1569 quidem

968 1577 1117 1604 etiamnum
1134 1578 1191 1605 ﬁeri
1207 1579 1241 1605 ab
1266 1579 1309 1605 bis
1323 1579 1366 1612 qui
1386 1580 1554 1606 teterrimam
1574 1581 1632 1615 ejus
1651 1585 1754 1608 sectam

968 1625 1128 1658 prolitentnr
1154 1632 1206 1651 non
1235 1624 1294 1652 sine
1319 1625 1502 1652 admiratione
1525 1626 1681 1659 cernimus;
1707 1628 1754 1661 qui

968 1678 1043 1697 more
1061 1671 1182 1703 parentis
1195 1671 1237 1697 sui
1252 1671 1278 1698 in
1299 1671 1446 1698 Ecclesiam
1464 1677 1592 1706 tanquam
1611 1673 1694 1706 pestis
1706 1678 1755 1700 aut

968 1715 1041 1750 lcpra
1061 1716 1184 1750 quzcdam
1211 1717 1360 1752 irrepentes
1372 1738 1380 1751 ,
1397 1718 1585 1752 gravissimum
1604 1718 1659 1754 40
1676 1719 1754 1746 dam-

969 1770 1031 1788 num
1049 1762 1170 1789 inferunt
1189 1762 1223 1789 iis
1240 1763 1338 1797 quibus
1350 1764 1500 1797 pessimum
1516 1763 1580 1791 illud
1593 1770 1620 1791 et
1632 1765 1754 1792 immedi-

968 1808 1056 1835 cabile
1073 1816 1205 1836 venenum
1222 1809 1292 1843 quod
1311 1809 1447 1837 mentibus
1471 1807 1609 1837 occultant
1624 1810 1754 1838 instillare

966 1854 1115 1887 potuerint.
1135 1856 1175 1882 Ac
1200 1855 1321 1889 plerique
1334 1855 1390 1889 jam
1402 1863 1494 1882 eorum
1512 1856 1546 1882 ab
1562 1855 1682 1884 Ecclesia
1698 1857 1750 1891 eje-

967 1900 1002 1927 cti
1019 1906 1090 1932 sunt,
1105 1907 1166 1927 cum
1184 1900 1260 1927 fraus
1283 1901 1404 1935 ipsorum
1423 1899 1530 1928 detecta
1547 1907 1619 1929 esset
1634 1911 1641 1930 :
1656 1909 1752 1936 quem-

966 1947 1108 1973 admodum
1135 1946 1228 1973 Simon
1244 1954 1351 1980 quoque
1367 1947 1425 1980 ipse
1450 1955 1465 1974 a
1482 1946 1562 1974 Petro
1579 1948 1686 1975 tandem
1703 1948 1752 1975 de-

966 1992 1117 2025 prehensus
1130 1991 1236 2019 debitas
1250 1999 1345 2026 pinnas
1356 1992 1439 2019 dedit.
1450 1992 1535 2020 Porro
1551 2000 1612 2019 cum
1625 1993 1753 2021 salutaris

965 2039 1104 2074 Evangelii
1133 2038 1291 2074 praedicatio
1323 2038 1400 2065 nOVis
1428 2038 1549 2073 quotidie
1575 2039 1753 2066 incrementis

965 2089 1121 2120 augesceret
1132 2105 1139 2117 ,
1153 2085 1242 2111 divina
1260 2085 1428 2119 providentia
1444 2076 1588 2119 quemdam
1605 2092 1637 2112 ex
1655 2092 1752 2119 pr0ce-

965 2132 1039 2159 ribus
1057 2131 1214 2167 Ethiopnm
1232 2132 1331 2167 reginae
1347 2131 1373 2158 in
1397 2129 1515 2158 Judaaam
1531 2131 1642 2158 adduxit
1654 2142 1659 2158 :
1671 2132 1752 2166 quip-

928 2173 949 2200 Ι)
965 2185 997 2212 pe
1013 2177 1096 2205 moris
1117 2183 1158 2204 est
1172 2177 1323 2204 etiamnum
1340 2175 1393 2203 illis
1415 2177 1540 2210 gentibus
1555 2177 1679 2204 muliebri
1698 2178 1750 2203 im-

964 2225 1040 2259 perio
1049 2223 1203 2258 gubernari.
1214 2222 1265 2256 Qui
1282 2230 1344 2250 eum
1361 2229 1375 2249 a
1389 2221 1513 2263 Philippo
1525 2222 1632 2249 cmlesti
1647 2223 1750 2250 visione

965 2270 1103 2296 admonito
1116 2269 1219 2304 primus
1234 2276 1267 2295 ex
1281 2267 1409 2303 gentibus
1423 2267 1510 2302 divini
1524 2267 1605 2295 Verbi
1620 2268 1748 2303 mysteria

963 2313 1129 2348 percepisset
1143 2333 1152 2346 ,
1168 2313 1250 2339 totius
1265 2313 1340 2339 orbis
1362 2312 1479 2339 fidelium
1497 2312 1623 2347 primitim
1638 2312 1725 2340 factus
1740 2321 1748 2344 ;

963 2359 1025 2385 inde
1041 2359 1066 2385 in
1081 2358 1195 2393 patriam
1215 2365 1352 2389 reversus.
1371 2357 1418 2384 Dei
1438 2357 1563 2384 notitiam
1579 2362 1606 2384 et
1620 2357 1749 2385 Servato-

962 2405 1000 2432 ris
1014 2405 1097 2431 nostri
1112 2403 1258 2431 salutarem
1274 2403 1300 2429 in
1315 2408 1403 2430 terras
1413 2403 1556 2429 adventum
1565 2402 1669 2436 primus
1681 2410 1748 2437 pra:-

962 2450 1068 2477 dicasse
1092 2448 1189 2476 fertur.
1207 2449 1296 2483 Atque
1311 2448 1349 2474 ita
1364 2455 1412 2482 per
1436 2447 1524 2481 ipsum
1552 2448 1686 2480 completa
1704 2452 1747 2475 est

959 2495 1099 2531 prophetae
1115 2494 1254 2529 praedictio
1279 2501 1339 2527 quae
1365 2493 1405 2519 sic
1428 2492 1509 2520 habet
1533 2500 1541 2519 :
1572 2501 1581 2518 ι
1605 2492 1744 2528 ΑέιΙιὶορίιι

958 2539 1107 2575 praeveniet
1126 2547 1235 2566 manum
1247 2539 1305 2573 ejus
1319 2539 1373 2565 Deo
1386 2537 1420 2563 ⁸⁷.
1438 2546 1446 2562 ι
1467 2537 1746 2572 lntereaPaulus,vas

959 2585 1025 2613 illud
1039 2575 1200 2616 electionis.
1219 2592 1272 2612 non
1286 2592 1319 2612 ex
1344 2582 1499 2610 hominibus
1522 2590 1573 2610 nec
1594 2590 1642 2618 per
1660 2583 1747 2611 homi-

960 2639 1007 2658 nes
1021 2652 1029 2665 ,
1045 2632 1092 2658 sed
1108 2639 1156 2666 per
1173 2630 1367 2658 revelationem
1381 2628 1444 2657 Jesu
1461 2628 1572 2661 Christi,
1590 2633 1617 2655 et
1634 2629 1681 2656 Dei
1696 2629 1745 2656 Pa-

993 2725 1048 2760 (9i)
1069 2722 1358 2760 'Onoi_01_rtr§q_elsr.
1379 2723 1503 2760 Quatuor
1516 2724 1602 2760 nostri
1624 2724 1743 2756 codices.

958 2756 1121 2791 Ma‘zarinus,
1136 2757 1220 2792 Med"
1235 2756 1301 2784 Fuk.
1328 2765 1360 2784 ac
1378 2757 1462 2784 Savil.
1490 2758 1620 2792 scriptum
1642 2760 1745 2787 habent

959 2794 1046 2820 ὁποῖοί
1062 2790 1132 2824 τινες
1156 2790 1237 2828 ἦσαν,
1254 2793 1324 2827 quod
1339 2793 1438 2828 rectius
1454 2790 1570 2828 videtur.
1598 2794 1643 2821 Sic
1670 2802 1743 2821 enim

939 2866 946 2871 μ
961 2830 1039 2863 paulo
1047 2835 1107 2864 post
1117 2825 1192 2860 dicit,
1205 2825 1410 2864 καταφωραθεὶς
1424 2827 1454 2859 ὃς
1468 2825 1511 2860 ἦν.

1540 2874 1559 2905 5
