1982 3159
256 123 304 150 159

606 122 740 150 EUSEBH
760 122 996 151 CESARIENSIS
1015 123 1090 152 OPP.
1111 124 1201 153 PARS
1221 126 1240 152 l.
1259 112 1295 146 -έ
1314 126 1508 156 illSTORlCA.

1820 132 1874 161 MO

255 185 305 212 tris
318 184 362 220 qui
383 183 457 212 illum
480 182 624 211 suscitavit
641 192 655 211 a
676 185 804 219 mortuis,
821 186 956 220 apostolus
970 193 1018 213 con

1088 195 1145 212 πων
1161 186 1220 213 οὐδὲ
1235 186 1270 213 δι’
1291 187 1452 223 ἀνθρώπων,
1475 188 1508 215 δι’
1525 189 1720 226 ἀποκαλύψεως
1742 190 1764 217 δ’
1789 192 1872 218 αὐτοῦ

253 230 386 262 stituitur,
397 229 498 257 cmlesti
515 230 617 257 visione
630 237 661 256 ac
675 237 741 257 voce
754 238 815 265 quae
828 236 949 266 tempore
963 231 1035 258 illius

253 277 426 304 revelatimtis
441 277 474 304 ad
489 277 576 311 ipsum
592 276 678 304 delata
697 280 750 310 est,
764 276 796 304 ad
813 277 884 305 hunc
904 278 1034 305 honorem

252 327 375 350 νοεῖιιυδ.

558 414 673 443 CAPUT
686 414 717 442 Il.

267 461 412 494 Quomodo
426 460 545 488 Tiberius
560 461 669 496 affectus
681 462 724 494 sit,
741 470 800 489 cum
812 470 852 489 res
868 470 883 489 a
901 461 1005 488 Christo

443 503 528 531 gestas
543 496 642 523 Pilatus
657 496 679 523 ei
697 497 839 524 retulisset.

284 541 350 569 Cum
380 542 539 569 admiranda
567 542 721 570 Servatoris
752 543 838 570 nostri
868 543 1032 571 resurrectio

247 587 424 622 ejusdemque
448 588 475 614 in
494 588 592 615 coelum
610 589 734 616 ascensio
750 589 870 615 omnium
887 596 954 624 pene
975 596 1030 616 ser-

247 633 374 660 monibus
386 633 441 667 jatn
457 634 614 668 pervulgata
628 639 701 661 esset
715 655 721 667 ,
738 635 864 669 quoniam
879 638 958 662 vetus
974 635 1030 662 haec

246 685 305 707 erat
318 681 489 707 consuetudo
504 680 706 715 provinciarum
722 681 872 708 rectoribus
887 701 893 713 ,
907 686 936 708 ut
953 682 1032 716 quid-

246 726 310 760 quid
328 725 389 753 novi
414 727 484 759 apud
505 725 578 760 ipsos
593 726 751 761 contigisset
763 747 771 759 .
787 727 945 761 imperatori
961 736 1031 755 nun-

246 773 346 800 tiarent
358 793 365 805 ,
384 779 418 800 ne
437 772 500 807 quid
525 772 614 807 ipsum
631 773 750 806 lateret,
765 773 868 801 Pilatus
889 777 922 801 de
939 782 1030 802 resur-

245 819 364 846 rectione
384 819 537 846 Servatoris
559 819 645 846 nostri
661 818 724 846 Jesu
746 819 867 852 Christi,
890 820 968 855 cujus
982 827 1030 854 per

1093 229 1178 265 Ἰησοῦ
1194 230 1312 266 Χριστοῦ
1335 231 1382 257 xal.
1403 231 1469 258 Θεοῦ
1497 233 1613 269 Πατρδς,
1641 234 1687 261 τοῦ
1715 235 1872 271 ἐγείραντος

1085 275 1165 302 αὐτὸν
1178 276 1210 302 ἐκ
1225 276 1338 312 νεκρῶν,
1363 277 1509 310 ἀπόστολος
1522 279 1723 312 ἀναδείκνυται,
1739 281 1771 307 δι’
1784 282 1869 308 ὀπτα-

1086 318 1146 350 σίας
1161 321 1207 346 καὶ
1223 320 1273 356 τῆς
1287 321 1358 348 κατὰ
1372 322 1421 358 τὴν
1434 322 1600 358 ἀποκάλυψιν
1620 325 1745 360 οὐρανίου
1766 328 1868 362 φωνῆς,

1084 364 1209 398 ἀξιωθεὶς
1221 367 1270 402 τῆς
1289 367 1420 403 κλήσεως.

1344 414 1540 441 ΚΕΦΛΛΔΙΟΝ
1566 415 1602 442 B’.

1085 458 1180 491 Ὅπως
1195 459 1392 497 τιξέριος-ὑπιὸ
1403 460 1534 497 Πιλάτου
1544 461 1580 488 τὰ
1594 463 1659 497 περὶ
1673 463 1724 490 τοῦ
1739 465 1868 497 Χριστου

1199 495 1346 529 διδαχθεὶς
1360 495 1481 529 ἐκινήθη
1495 496 1562 528 (Nic.
1578 497 1613 524 ll.
1679 507 1707 529 tt.
1722 500 1760 533 8).

1117 540 1172 566 Καὶ
1188 540 1219 576 δὴ
1236 541 1284 576 τῆς
1295 541 1444 577 παραδόξου
1455 542 1501 568 τοῦ
1517 543 1641 578 ἃυτῆρος
1659 544 1736 579 ἡμῶν
1748 545 1865 572 ἀναστά-

1083 587 1151 618 σεὼς
1165 596 1194 613 τε
1207 587 1253 613 καὶ
1266 588 1306 617 εἰς
1326 588 1456 623 οὐρανοὺς
1473 588 1630 624 ἀναλήψεως
1655 592 1710 621 τοῖς
1732 590 1867 623 πλείστοις

1081 632 1130 668 ἤδη
1146 626 1306 668 περιὸοήτου
1324 634 1508 670 κατεστώσης,
1525 635 1638 662 παλαιοῦ
1664 638 1866 673 κεκρατηκότος

1082 677 1158 709 ἔθους
1167 678 1221 713 (92)
1238 681 1293 710 τοῖς
1307 679 1361 705 τῶν
1383 679 1466 706 ἐθνῶν
1480 681 1602 715 ἄρχουσι,
1619 681 1653 708 τὰ
1684 682 1758 718 παρὰ
1791 684 1865 718 σφίσι

1081 725 1312 760 καινοτομούμενα
1333 725 1371 761 τῷ
1399 726 1448 762 τὴν
1481 726 1615 761 βασίλειον
1636 728 1723 763 ἀρχὴν
1750 730 1865 765 ἐπικρα-

1080 771 1170 798 τοῦντι
1186 771 1337 807 σημαίνειν,
1358 771 1396 804 ὡς
1422 772 1454 800 ἂν
1478 773 1560 808 μηδὲν
1582 774 1662 800 αὐτὸν
1685 774 1865 810 διαδιδράσκοι

1080 819 1134 845 τῶν
1153 820 1311 854 γινομένων,
1327 819 1361 846 τὰ
1380 820 1443 855 περὶ
1460 821 1509 855 τῆς
1520 821 1551 847 ἐκ
1568 821 1671 856 νεκρῶν
1691 823 1866 856 ἀναστάσεως

244 864 398 891 universam
417 864 587 892 Pala-stinam
605 864 721 892 celebris
737 870 796 892 erat
809 865 880 892 fama
893 886 899 898 ,
924 866 958 893 ad
981 865 1018 892 Tit

1080 863 1126 890 τοῦ
1142 864 1264 899 Σωτῆρος
1278 864 1355 900 ἡμῶν
1376 865 1460 899 Ἰησοῦ
1487 866 1605 901 Χριστοῦ
1628 868 1668 898 είς
1691 867 1792 899 πάντας
1813 867 1863 904 ῇδη

243 911 346 938 bcrium
369 910 517 945 principem
535 910 629 938 retulit
645 919 653 938 :
669 911 751 938 multa
765 919 872 946 quoque
886 911 937 939 alia
953 912 1025 947 ejus-

243 956 302 983 dem
326 956 456 983 miracula
473 963 503 983 se
532 957 625 983 auditu
643 957 784 992 accepisse
800 957 958 992 signiﬁcans
970 979 978 990 ,
1000 963 1026 985 et

241 1001 357 1036 qualiter
373 1001 407 1028 ad
421 1002 503 1029 vitam
517 1002 608 1029 denuo
622 1007 776 1036 revocatus,
794 1010 809 1029 a
824 1002 959 1038 plerisque
970 1003 1024 1038 jam

241 1047 312 1074 Deus
327 1047 482 1075 haberetur.
506 1047 545 1074 Ac
561 1047 700 1075 Tiberium
715 1047 825 1082 quidem
851 1055 906 1075 rem
931 1049 964 1076 ad
981 1057 1026 1076 se-

239 1098 330 1122 natum
356 1093 489 1122 detulisse
512 1094 668 1128 perhibent,
695 1094 742 1121 sed
770 1098 894 1121 senatum
922 1094 1024 1130 hujus-

238 1143 312 1172 ntodi
339 1143 494 1170 relationem
519 1146 691 1177 aspernatqu
723 1149 784 1169 esse
811 1150 817 1168 :
843 1141 934 1176 specie
963 1143 1023 1176 qui-

238 1190 300 1216 dem
323 1196 355 1216 eo
367 1188 439 1224 quod
456 1193 569 1215 senatus
585 1188 735 1215 auctoritas
749 1187 782 1214 ad
806 1187 831 1214 id
856 1195 908 1214 tton
923 1195 1023 1223 exspe-

237 1239 309 1262 ctata
324 1235 480 1266 videbatur,
504 1237 670 1261 cumtamen
695 1238 771 1260 vetus
796 1233 839 1260 lex
855 1237 928 1261 esset
952 1233 1022 1268 apud

235 1281 288 1319 ῆι
309 1281 444 1308 Romanos
461 1288 494 1307 tte
509 1279 571 1314 quis
586 1280 690 1314 absque
710 1279 819 1306 decreto
836 1283 948 1306 senatus
975 1285 1023 1314 pro

236 1328 287 1354 deo
300 1326 446 1354 haberetur
462 1335 468 1352 :
488 1332 517 1352 re
531 1329 620 1353 autem
636 1325 692 1360 ipsa
707 1331 740 1351 eo
751 1325 823 1359 quod
838 1323 967 1351 salutaris
983 1323 1024 1350 di-

234 1372 304 1400 vina:
319 1372 450 1400 doctrinae
463 1371 620 1405 pmdicatio
637 1370 800 1398 auctoritate
811 1374 840 1397 et
860 1369 961 1396 auxilio
974 1370 1017 1397 ho-

235 1418 338 1445 minum
355 1418 467 1445 minime
483 1417 626 1452 indigeret.
648 1416 714 1443 Cutn
728 1416 811 1452 igitur
825 1420 937 1443 senatus
951 1422 1020 1442 reta-

235 1465 337 1492 tionem
355 1466 388 1491 de
399 1464 546 1491 Serratore
563 1468 657 1490 nostro
669 1463 706 1490 ita
722 1467 751 1489 ut
767 1463 867 1490 dictum
883 1466 925 1490 est
939 1469 1020 1498 repu-

234 1510 348 1542 diasset,
364 1509 490 1536 Tiberius
509 1513 611 1543 tamen,
628 1509 655 1536 in
672 1509 787 1543 pristina
804 1509 938 1536 sententia
959 1516 1021 1543 per-

234 1563 375 1587 scverans,
393 1554 460 1582 nihil
476 1555 606 1582 adversus
621 1555 773 1582 doctrinam
796 1554 898 1582 Christi
923 1555 1018 1582 durius

234 1600 343 1628 molitus
355 1607 416 1628 esse
430 1600 541 1628 dicitur.
554 1600 617 1627 llaec
637 1599 821 1627 Tertullianus
836 1619 844 1632 ,
868 1600 910 1626 vir
929 1599 1017 1634 legum

233 1646 416 1674 Romanarum
433 1647 615 1681 peritissimus
629 1651 657 1674 et
675 1646 746 1674 inter
763 1646 877 1674 Latinos
901 1647 1017 1681 scripto-

233 1700 277 1719 res
291 1692 486 1720 celeberrimus
499 1693 525 1720 in
538 1693 667 1728 Apologia
682 1694 715 1719 ab
729 1693 787 1727 ipso
800 1692 908 1727 quidem
922 1692 1018 1720 Latine

232 1738 395 1773 conscripta,
409 1743 501 1773 postea
517 1745 581 1766 vero
593 1738 620 1765 in
631 1738 755 1765 Graecum
767 1745 920 1765 sermonem
930 1743 1018 1765 trans-

231 1785 285 1812 lata
305 1784 394 1819 prodit
409 1784 453 1812 his
467 1783 578 1811 verbis:
596 1792 605 1809 ι
625 1783 670 1817 υι,
684 1783 781 1818 inquit,
798 1783 832 1811 de
845 1783 953 1818 origine
969 1783 1017 1810 ali-

266 1887 465 1923 (92)Ha.latoﬁ
479 1889 694 1922 κεκρατηκότος
717 1888 815 1921 ἔθους.
835 1888 943 1921 Quaeret
970 1889 1012 1916 hic

227 1923 344 1950 fortasse
360 1923 456 1958 aliquis
473 1931 522 1950 cur
539 1924 610 1951 hunc
626 1931 739 1954 morem.
760 1930 788 1950 ut
804 1924 906 1951 scilicet
922 1929 1011 1951 recto-

230 1959 499 1995 resprovinciarum,
510 1959 532 1995 si
544 1958 607 1992 quid
624 1959 693 1995 apud
705 1967 736 1986 se
752 1959 812 1986 novi
841 1960 1009 1995 contigisset,

230 1993 363 2028 referrent
382 1993 415 2020 ad
431 1993 591 2028 principem.
607 1994 749 2025 antiquum
777 1998 854 2020 vocet
872 1994 1013 2021 Eusebius.

228 2027 321 2061 Neque
340 2030 411 2055 enim
428 2027 485 2055 mos
500 2028 544 2055 ille
559 2033 622 2056 tunc
641 2029 749 2063 quidem
778 2029 907 2063 temporis
935 2029 1014 2055 valde

228 2067 352 2098 vetustus
364 2067 508 2094 erat,cum
529 2070 623 2090 recens
648 2062 738 2090 adhuc
766 2062 838 2090 esset
869 2064 1011 2098 imperium

229 2096 394 2128 Romanum,
407 2103 435 2124 et
457 2098 610 2132 nuperrime
626 2098 659 2124 ab
675 2098 798 2132 Augusto
820 2096 1011 2125 constitutum.

227 2133 281 2168 Attt
298 2132 538 2168 igiturdicendum
553 2137 604 2164 est,
622 2132 769 2168 Eusebium
784 2132 816 2159 de
837 2134 894 2160 suis
909 2137 1012 2168 tempo-

229 2166 304 2202 ribus
321 2166 494 2198 intellexisse.
511 2175 571 2194 cum
593 2174 696 2195 morem
712 2167 786 2194 illum
803 2168 943 2202 antiquum
964 2166 1012 2195 vo-

227 2201 309 2240 cavit,
322 2207 369 2228 aut
380 2206 455 2240 certe
470 2202 558 2240 prisca
574 2201 619 2228 illa
632 2207 751 2240 tempora
764 2201 935 2240 designasse,
952 2203 1011 2240 qui—
1028 2213 1049 2240 ο

228 2236 279 2262 bus
299 2236 452 2270 respublica
478 2235 600 2264 Romana
618 2237 741 2271 populari
764 2237 877 2270 imperio
897 2235 1010 2271 regeba-

228 2276 282 2297 tur.
305 2270 382 2298 Tunc
393 2271 464 2298 enitn
479 2270 694 2304 proconsules’et
707 2275 837 2304 prtetores
853 2272 897 2305 qui
912 2270 937 2298 iri
950 2281 1012 2306 pro-

226 2305 326 2333 vinciis
341 2310 428 2337 erant,
446 2307 536 2334 tnissis
551 2307 583 2332 ad
598 2311 722 2333 senatum
748 2306 855 2338 litteris,
877 2305 1011 2342 quidquid

226 2341 288 2368 ttovi
302 2342 465 2375 contigerat,
485 2341 689 2368 renuntiabant.

260 2376 318 2411 (9‘5)
336 2376 382 2412 ᾮς
394 2375 447 2409 τάς
459 2384 491 2402 τε
505 2376 605 2412 ἄλλαςὲ
618 2376 710 2403 αὑτοῦ
737 2377 905 2411 πυθόμενος
928 2385 1012 2412 τερα-

223 2412 316 2446 εειας.
334 2411 424 2439 Nostri
445 2411 564 2443 codices.
591 2410 700 2446 Regius,
731 2410 819 2442 Mam;
840 2412 921 2444 Med,
948 2410 1009 2439 cum

224 2444 292 2473 Fuk.
305 2454 337 2482 ac
353 2446 449 2480 Savil.,
463 2453 557 2482 omnes
571 2454 624 2473 uno
633 2444 780 2474 ‘consensu
802 2447 933 2482 scriptum
960 2447 1009 2474 ha-

226 2482 292 2516 bent
306 2481 335 2513 ὃς
349 2481 398 2513 τάς
409 2490 438 2507 τε
451 2481 544 2513 ἄλλας,
570 2482 673 2515 absque
687 2490 780 2510 sensu.
815 2481 898 2508 Recte
929 2482 1010 2516 igitur

227 2514 294 2550 μοι).
313 2517 465 2550 Stephanus
480 2514 644 2549 emendavit,
665 2516 702 2549 ὡς
717 2517 766 2548 τάς
779 2525 809 2543 τε
832 2517 915 2544 ἄλλας
930 2514 1007 2548 ,—etc.

224 2549 301 2587 Quod
316 2549 405 2578 autem
424 2551 548 2587 sequitur
578 2552 625 2578 καὶ
643 2551 680 2583 ὡς
707 2554 748 2579 ὅτι
768 2552 941 2587 pleonasmus
958 2556 1009 2587 rest

225 2584 342 2613 Eusebio
357 2584 508 2619 familiaris,
524 2591 554 2613 ut
565 2587 603 2622 μὴ
624 2587 684 2622 οὐχί
710 2593 737 2614 et
765 2584 875 2614 Similia.
901 2586 1007 2612 Mallem

226 2622 551 2658 tamenposteriusistud
568 2622 605 2653 ὡς
632 2629 798 2657 expungere.
829 2631 862 2648 ne
894 2622 1007 2648 molesta

224 2654 260 2681 sit
272 2654 390 2690 eiusdem
405 2656 545 2690 particulae
559 2654 692 2690 repetitio.

260 2689 328 2724 (93‘)
344 2689 424 2718 Forte
437 2691 579 2724 legendum
590 2689 626 2718 se
639 2700 686 2725 pro
702 2700 742 2718 τε.
760 2691 838 2718 Eutr.

259 2725 315 2765 (94)
330 2725 409 2765 Vulg.
428 2729 539 2765 ταύτης
559 2728 586 2755 δ’
610 2728 666 2756 οὖν
681 2731 894 2765 ἀπωσαμένης.
910 2731 1009 2759 Procul

224 2761 308 2800 dubio
331 2763 504 2800 scribendum
528 2764 678 2800 estactum
703 2765 725 2791 δ’
747 2761 803 2797 οῦν,
822 2761 904 2800 quam
919 2774 1012 2793 emcn-

223 2795 362 2835 d_atio_n_em
385 2796 529 2835 conﬁrmat
549 2795 761 2835 Nicephorusrin
785 2795 884 2831 lihftt,
901 2808 961 2835 cap.
976 2802 1009 2835 8;

223 2830 263 2859 sit:
278 2830 350 2858 cttim
367 2831 406 2858 ait
425 2839 432 2858 :
447 2831 526 2859 Οὕτω
546 2832 575 2860 δὲ
590 2830 641 2870 τῆς
657 2834 809 2871 συγκλήτου
832 2835 928 2871 βουλῆς
936 2830 1011 2864 ’ἀττοὲ

1078 909 1211 945 καθ’ὃλης
1231 910 1410 946 Παλαιστίνης
1432 911 1593 947 βεϐοημένα,
1617 913 1730 945 Πιλᾶτος
1747 913 1864 950 Τιϐερίῳ

1077 954 1182 989 βασιλεῖ
1193 956 1337 988 κοινοῦται,
1353 955 1391 988 ὡς
1407 957 1455 988 τάς
1474 966 1503 983 τε
1529 957 1611 989 ἄλλας
1634 959 1715 985 αὑτοῦ
1747 959 1863 994 πυθόμε-

1076 1010 1120 1032 νος
1127 1002 1267 1037 τερατείας
1277 1002 1344 1038 (95),
1354 1003 1399 1029 καὶ
1409 1003 1445 1034 ὡς
1458 1003 1497 1030 ὅτι
1511 1004 1578 1038 μετὰ
1589 1004 1701 1032 θάνατον
1713 1006 1744 1032 ὲκ
1758 1005 1863 1041 νεκρῶν

1075 1048 1204 1079 ἀναστὰς,
1225 1048 1274 1083 ἤδη
1295 1047 1360 1079 Θεὸς
1381 1046 1540 1084 εἶναιπαρὰ
1559 1051 1614 1081 τοῖς
1636 1051 1742 1082 πολλοῖς
1766 1052 1863 1079 ἐπεπί-

1077 1102 1180 1120 στευτο.
1190 1094 1240 1120 Τὸν
1251 1093 1280 1120 δὲ
1299 1094 1422 1129 Τιϐέριον
1441 1095 1594 1129 ἀνενεγκεῖν
1606 1096 1654 1131 μὲν
1665 1098 1697 1132 τῇ
1709 1098 1860 1134 συγκλήτῳ,

1076 1138 1182 1174 ἐκείνην
1195 1139 1218 1164 τ’
1228 1138 1294 1173 (95·)
1304 1138 1464 1165 ἀπώσασθαί
1475 1149 1539 1174 φασι
1550 1141 1594 1166 τὸν
1607 1141 1694 1175 λόγον,
1706 1142 1743 1176 τῷ
1755 1143 1803 1177 μὲν
1816 1143 1860 1169 δο-

1075 1186 1142 1215 κεῖν,
1154 1185 1194 1210 ὅτι
1223 1184 1259 1220 μὴ
1278 1185 1408 1220 πρότερον
1437 1186 1504 1221 αὑτὴ
1528 1186 1606 1213 τοῦτο
1635 1187 1802 1223 δοκιμάσασα
1827 1187 1862 1225 ἦν

1075 1230 1201 1264 (παλαιοῦ
1216 1231 1298 1265 νόμου
1315 1231 1523 1266 κεκρατηκότος,
1539 1232 1576 1267 μὴ
1599 1232 1684 1264 ἄλλως
1696 1233 1756 1260 τινὰ
1785 1235 1861 1270 παρὰ

1080 1276 1225 1312 Ῥωμαίοις
1235 1275 1425 1308 θεοποιεῖσθαι,
1444 1276 1480 1312 μὴ
1489 1278 1549 1312 οὐχ).
1571 1277 1652 1313 ψήφῳ
1676 1279 1721 1305 καὶ
1745 1279 1860 1315 δόγματι

1074 1323 1253 1358 συγκλήτου),
1269 1324 1301 1358 τῇ
1318 1323 1340 1349 δ’
1356 1323 1479 1359 ἀληθείᾳ,
1497 1324 1536 1350 ὅτι
1553 1324 1619 1360 μηδὲ
1637 1325 1685 1360 τῆς
1713 1325 1742 1357 ἐξ
1755 1326 1860 1360 ἀνθρώ-

1074 1377 1132 1396 πων
1147 1369 1310 1405 ὲπικρίσεώς
1322 1378 1352 1395 τε
1372 1370 1418 1396 καὶ
1438 1370 1601 1402 συστάσεως,
1621 1372 1637 1407 ἡ
1655 1372 1786 1408 σωτήριος
1811 1373 1858 1400 τοῦ

1073 1414 1146 1442 θείου
1166 1415 1343 1451 κηρύγματος
1356 1415 1440 1442 ἐδεῖτο
1457 1416 1623 1443 διδασκαλία.
1649 1417 1741 1453 Ταύτῃ
1773 1418 1795 1445 δ’
1812 1417 1859 1446 οὖν

1072 1461 1255 1496 ἀπωσαμένης
1272 1461 1328 1496 (94)
1342 1461 1388 1488 τὸν
1404 1462 1641 1497 προσαγγελθέντα
1661 1464 1723 1500 περὶ
1741 1464 1788 1490 τοῦ
1799 1465 1858 1491 Σω.

1072 1507 1154 1544 τῆρος
1173 1507 1250 1542 ἡμῶν
1267 1507 1343 1541 λόγον
1359 1507 1409 1542 τῆς
1427 1508 1569 1543 Ῥωμαίων
1586 1508 1699 1544 βουλῆς,
1714 1509 1759 1536 τὸν
1780 1510 1858 1536 Τιϐέ-

1074 1562 1140 1589 ριον,
1159 1554 1190 1589 ἣν
1203 1553 1250 1580 καὶ
1262 1553 1392 1588 πρότερον
1407 1551 1463 1588 εἶχε
1476 1553 1588 1589 γνώμην
1600 1556 1763 1590 τηρήσαντα,
1776 1556 1858 1590 μηδὲν

1072 1599 1170 1626 ἄτοπον
1186 1598 1255 1625 κατὰ
1272 1598 1320 1633 τῆς
1332 1598 1378 1624 τοῦ
1391 1598 1508 1634 Χριστοῦ
1517 1599 1687 1631 διδασκαλίας
1704 1601 1855 1636 ἐπινοῆσαι.

1071 1645 1162 1671 Ταῦτα
1182 1644 1385 1680 Τερτυλλιανὸς,
1395 1645 1458 1676 τοὺς
1471 1645 1612 1680 Ῥωμαίων
1628 1645 1725 1681 νόμους
1738 1647 1857 1682 ἠκριϐω-

1072 1691 1127 1722 κὼς
1144 1691 1199 1726 (Θῖὶ)
1214 1689 1293 1725 ἀνὴρ.
1305 1690 1338 1717 τά
1353 1699 1382 1717 τε
1401 1690 1467 1717 ἄλλα
1482 1690 1595 1723 ἔνδοξος,
1611 1691 1657 1717 καὶ
1670 1691 1724 1718 τῶν
1739 1681 1856 1727 μαλιστα

1072 1737 1118 1763 ἐπὶ
1134 1736 1241 1771 Ῥώμης
1253 1736 1386 1771 λαμπρῶν
1404 1735 1472 1770 (96),
1487 1737 1515 1762 ἐν
1529 1738 1561 1772 τῇ
1573 1738 1708 1773 γραφείσῃ
1720 1737 1768 1772 μὲν
1781 1738 1855 1773 αὐτῷ

1071 1784 1103 1818 τῇ
1121 1783 1263 1818 Ῥωμαίων
1286 1784 1370 1818 ερωνῇ,
1393 1782 1590 1818 μεταϐληθείσῃ
1617 1783 1645 1809 δὲ
1668 1784 1712 1809 καὶ
1739 1784 1784 1810 ἐπὶ
1806 1784 1856 1821 τὴν

1069 1883 1219 1919 ὕαλομένης
1236 1885 1280 1912 τον
1294 1884 1357 1920 περὶ
1369 1885 1415 1910 τοῦ
1430 1885 1554 1920 Σωτῆρος
1567 1886 1654 1918 λογον,
1671 1889 1722 1920 etc.

1105 1919 1160 1954 (95)
1174 1919 1397 1953 Τερτυλλιίινὸς,
1409 1919 1479 1952 τοὺς
1493 1919 1637 1953 Ῥωμαίων
1650 1919 1761 1953 νόμους
1773 1919 1855 1953 ’ἠκρι-

1067 1957 1173 1990 ϐωκώς.
1187 1957 1225 1984 Ex
1245 1957 1295 1984 hoc
1310 1958 1368 1984 loco
1386 1957 1493 1990 quidam
1508 1956 1638 1990 suspicati
1654 1961 1727 1988 sunt,
1745 1956 1853 1990 Tertul-

1067 1993 1168 2019 lianutn
1186 1992 1259 2019 illum
1273 1993 1318 2026 qui
1336 1992 1408 2018 inter
1424 1991 1623 2017 ecclesiasticos
1639 1991 1785 2024 scriptores
1801 2000 1850 2019 ceu

1066 2028 1148 2054 lebris
1165 2025 1291 2058 habetur;
1316 2026 1537 2060 jltl‘isCOIISlllltltl)
1553 2025 1645 2053 fuisse.
1661 2026 1738 2052 Certe
1759 2026 1784 2052 iu
1807 2027 1851 2053 in»

1065 2063 1124 2089 dice
1138 2063 1345 2094 Pandectarum,
1372 2062 1443 2088 inter
1457 2061 1526 2094 juris
1554 2065 1680 2087 auctores
1700 2068 1732 2087 ex
1753 2061 1850 2094 quibus

1064 2105 1133 2131 opus
1153 2097 1215 2124 illud
1235 2097 1376 2124 collecttttn
1403 2101 1454 2127 est,
1483 2101 1641 2131 recensetur
1665 2094 1850 2131 Tertullianus

1064 2130 1109 2168 qui
1125 2132 1211 2168 libros
1219 2137 1279 2159 octo
1295 2131 1474 2168 quaestionum
1489 2130 1608 2168 scripsit,
1626 2134 1654 2156 et
1669 2130 1848 2168 decastrensi

1064 2164 1170 2202 peculio
1186 2167 1282 2193 librum
1295 2164 1470 2202 singularem.
1496 2164 1550 2202 Sed
1579 2173 1649 2202 ιιοη⁸
1664 2165 1757 2202 dubito
1784 2167 1848 2202 quin

1066 2199 1108 2229 hic
1120 2203 1241 2229 diversus
1252 2202 1287 2228 sit
1311 2199 1350 2227 ab
1370 2200 1414 2228 illo
1444 2200 1601 2234 presbytero
1630 2199 1847 2233 Cartltaginensi.

1065 2238 1157 2272 Neque
1180 2244 1245 2264 vero
1262 2237 1393 2272 Eusebius
1421 2235 1496 2272 illum
1511 2234 1733 2272 juriscousultum
1764 2234 1849 2262 fuisse

1063 2269 1139 2304 dicit,
1158 2272 1204 2298 sed
1223 2275 1325 2297 tantum
1339 2271 1376 2297 ait
1391 2277 1451 2297 eutn
1478 2269 1550 2303 leges
1582 2269 1718 2296 Romanas
1741 2276 1849 2296 accura-

1064 2307 1165 2334 tissime
1178 2306 1314 2333 calluisse.
1328 2305 1404 2338 Quod
1433 2305 1544 2338 quidem
1576 2304 1616 2331 vel
1644 2311 1677 2331 ex
1705 2311 1758 2331 uno
1785 2305 1847 2338 ejus

1063 2341 1229 2376 Apologetico
1244 2341 1306 2367 licet
1320 2347 1494 2376 cognoscere,
1509 2340 1535 2365 in
1555 2347 1611 2376 quo
1629 2338 1715 2376 legum
1745 2339 1846 2376 [ionia-

1063 2373 1157 2403 narutn
1170 2376 1318 2410 saepissime
1329 2373 1461 2410 meminﬂ.
1479 2375 1528 2410 Ach
1542 2374 1726 2410 mihiquidem
1736 2373 1847 2410 videtur

1062 2411 1192 2438 Eusebius
1208 2408 1289 2437 'hunc
1321 2417 1405 2436 unum
1428 2408 1586 2436 Tertulliani
1611 2409 1708 2441 librum
1736 2408 1845 2442 legisse,

1062 2454 1122 2473 cmn
1140 2446 1216 2472 solus
1231 2446 1274 2472 hic
1288 2452 1319 2472 ex
1339 2444 1497 2471 Tertulliani
1511 2444 1586 2470 libris
1606 2444 1632 2470 in
1645 2443 1769 2470 Graecum
1788 2451 1846 2471 ser-

1048 2489 1168 2508 'mouem
1187 2488 1335 2507 COﬂVL’l‘SIlS
1349 2479 1451 2506 fuisset.

1095 2516 1151 2551 (96)
1174 2515 1233 2542 Τῶν
1257 2514 1307 2541 ἐπὶ
1324 2513 1433 2551 Ῥώμῃς
1449 2513 1602 2551 λαμπρῶν.
1618 2512 1668 2551 __Ex
1687 2512 1728 2539 bis
1754 2513 1844 2551 verbis

1061 2547 1186 2586 colligere
1210 2551 1271 2583 quis
1289 2547 1379 2583 pOsset
1393 2549 1591 2586 'l‘ertulliauum
1614 2547 1710 2586 lioma:
1734 2547 1844 2578 vixisse.

1059 2591 1086 2613 et
1103 2583 1183 2612 unum
1199 2585 1282 2612 fuisse
1295 2592 1326 2611 ex
1341 2584 1479 2610 senatorio
1493 2584 1598 2609 ordine.
1613 2583 1639 2609 ld
1657 2583 1727 2609 enim
1746 2587 1847 2608 sonant

1060 2622 1116 2648 hinc
1132 2621 1222 2647 verba.
1243 2620 1355 2646 Constat
1376 2624 1464 2645 tamen
1483 2625 1514 2643 ex
1531 2617 1693 2651 llieronytno
1715 2617 1741 2643 in
1763 2617 1846 2644 C/tro-

1060 2656 1117 2682 "ica
1139 2661 1168 2682 et
1184 2656 1208 2681 in
1233 2656 1301 2681 libro
1315 2654 1352 2680 I)e
1374 2652 1547 2684 scriptoribus
1567 2652 1761 2683 ecclesiasticis,
1779 2651 1846 2678 Ter-

1062 2691 1203 2717 tullianum
1221 2690 1301 2717 domo
1316 2688 1556 2725 Cartltaginettsem
1573 2687 1676 2725 fuisse,
1686 2691 1762 2721 patre
1777 2693 1845 2725 ccu-

1061 2727 1166 2753 turEOne
1191 2724 1390 2759 proconsularis
1412 2721 1503 2749 otlicii.
1527 2722 1591 2759 Qum
1615 2722 1732 2759 quidn.-tt_
1748 2721 1843 2759 militia

1058 2769 1112 2788 tton
1129 2755 1271 2787 admodum
1288 2758 1339 2785 fuit
1355 2760 1501 2788 honorata,
1521 2757 1619 2790 quippe
1636 2764 1696 2783 cum
1711 2755 1842 2788 ejusmodi

1059 2796 1157 2822 milites
1173 2796 1269 2821 nudum
1287 2799 1382 2820 nomen
1400 2792 1516 2818 militum
1534 2793 1673 2828 haberent,
1691 2793 1777 2828 reipsa
1795 2797 1844 2828 au-

1060 2835 1112 2857 tent
1136 2830 1302 2864 apparitores
1316 2831 1405 2855 essent
1423 2826 1616 2860 proconsulum
1638 2830 1664 2853 et
1679 2825 1776 2852 vilibus
1792 2825 1843 2850 mi-
