1982 3159
114 145 172 173 “5

390 209 584 236 ΚΕΦΑΛΔΙΟΝ
611 211 648 238 Δ’.

117 250 173 289 Ὧς
187 252 264 286 μετὰ
281 255 410 288 Τιϐέριον
425 255 514 289 Γάτος
539 256 684 283 Ἰουδαίων
696 257 827 289 βασιλέα
841 258 909 283 καθ-

152 288 281 321 ίστησιν
299 290 471 326 Ἀγρίππαν,
496 288 548 318 τὸν
565 291 697 326 Ἡρώδην
713 292 796 325 ἀϊδίῳ
807 291 907 326 (rum-3.

152 330 213 355 σας
228 323 312 358 φυγῇ
324 324 394 359 (Nic.
421 325 453 352 Η.
470 326 502 353 E.
525 335 555 359 ii,
568 323 608 361 9)]

151 369 282 406 Τιϐέριος
299 371 348 406 μὲν
363 369 409 399 οὖν
423 372 494 408 ἀμφὶ
511 372 543 399 τὰ
558 372 604 399 δύο
617 373 663 400 καὶ
681 373 767 399 εἴκοσι
784 371 907 408 βασιλεύ-

112 424 169 448 σας
187 416 246 451 ἐτη,
263 417 392 453 τελευτᾷ·
413 418 480 453 μετὰ
495 418 523 445 δὲ
544 418 637 445 τοῦτον
651 419 729 450 Γάϊος
743 418 791 454 τὴν
806 420 907 453 ἠγεμο-

110 462 176 488 νίαν
187 462 362 498 παραλαϐὼν,
372 464 468 491 αὐτίκα
479 465 528 499 τῆς
545 465 678 492 Ἰουδαίων
693 465 779 501 ἀρχῆς
794 465 906 500 ’Δγριπ-

110 516 155 543 πᾳ
172 508 204 535 τὸ
220 509 339 545 διάδημα
353 510 390 544 (6)
406 510 586 546 περιτίθησιν,
602 510 712 545 βασιλέα
733 511 906 546 καταστήσας

110 553 202 579 αὑτὸν
216 554 264 588 τῆς
277 562 305 580 τε
320 554 452 581 Φιλιππου
464 556 511 582 καὶ
522 555 571 590 τῆς
585 556 719 582 Λυσανίου
734 555 904 592 τετραρχίας.

109 598 190 634 Πρὸς
206 599 250 630 αῖς
267 600 326 634 μετ’
339 600 370 626 "ob
387 600 469 627 πολὺν
483 601 576 636 χρόνον
593 601 667 636 αὐτῷ
688 601 734 628 καὶ
750 601 798 637 τὴν
817 601 904 636 Ἡρώ-

107 644 161 671 δου
183 646 347 682 τετραρχίαν
363 647 554 682 παραδίδωσιν,
572 647 650 683 ἀϊδίῳ
666 649 737 683 φυγῇ
753 647 798 674 τὸν
817 647 904 683 Ἡρώ-

107 693 161 729 δην
180 690 267 728 (οὗτος
283 693 305 719 δ’
323 691 356 729 ἦν
369 695 383 720 ὁ
402 693 471 720 κατὰ
485 694 515 720 τὸ
534 693 620 725 πάθος
639 693 686 720 τοῦ
704 694 838 729 Σωτῆρος)
857 693 905 719 σὺν

108 740 161 767 καὶ
179 742 212 776 τῇ
233 741 342 776 γυναικὶ
363 740 504 776 Ἡρωδιάδι
522 740 570 775 (7),
597 740 729 767 πλείστων
746 740 825 767 ἕνεκα
855 739 903 775 ζη-

108 840 175 859 cum
199 830 334 862 Barnaba,
352 835 486 865 assumpto
505 837 528 858 ei
547 831 615 858 Tito.
630 831 742 858 Atcemli
757 835 843 858 autem
859 839 899 858 se-
916 833 936 862 Β

107 867 230 893 niiidum
250 866 432 893 reuelationem
445 874 454 892 :
467 871 490 892 et
506 867 604 893 contuli
625 874 683 893 cum
704 866 757 893 illis
781 865 899 901 Evange-

107 903 189 930 lium.
207 901 277 936 quod
296 902 411 936 prafilico
428 901 454 927 in
473 903 601 935 gentibus,
615 907 667 929 etc.
681 901 747 935 Quis
760 909 811 928 non
826 902 898 929 videt

107 937 169 963 haec
186 935 258 964 inter
273 944 302 963 se
319 944 429 970 prorsus
447 937 616 970 discrepare.
640 945 700 964 cum
719 935 819 963 Paulus
838 937 898 970 qui-

107 973 172 999 dem
189 976 268 1006 neget
287 979 317 1007 se
333 971 439 998 venisse
455 970 639 1007 Hierosolyma
660 972 751 999 statim
770 976 829 1006 post
851 972 899 997 ba-

107 1008 242 1041 ptismum
265 1016 271 1034 :
295 1006 382 1033 Lucas
408 1013 471 1033 vero
497 1011 558 1040 post
589 1007 751 1042 baptismum
775 1014 789 1033 a
815 1007 897 1034 Paulo

107 1046 283 1076 susceptum,
298 1047 332 1071 .et
355 1041 456 1076 aliquot
480 1042 684 1076 praedicationes
703 1042 825 1069 Damasci
849 1042 898 1068 ha-

108 1078 193 1107 bitas.
207 1077 282 1104 illum
302 1078 433 1104 Damasco
453 1076 685 1112 clainiaul'ugisse,
702 1083 728 1104 et
744 1083 817 1112 recta
835 1077 898 1104 Ilic-

107 1114 246 1148 rosolyma
261 1113 367 1148 venisse
380 1112 514 1148 testetur?
529 1111 602 1139 llanc
617 1111 695 1140 Lucae
707 1117 734 1139 et
751 1111 824 1148 Pauli
843 1113 897 1138 dis-

108 1148 265 1175 sonantium
284 1147 363 1183 l‘ateri
383 1147 539 1183 compulsus
555 1153 596 1175 est
609 1148 793 1183 Hieronymus
810 1147 836 1174 in
850 1155 897 1174 ex-

106 1183 246 1217 positione
266 1182 391 1216 Epistolas
407 1182 440 1209 ad
456 1182 576 1211 Galatas.
601 1182 686 1216 Quam
712 1182 741 1208 ut
765 1183 896 1210 concilia-

107 1223 171 1244 rent
189 1218 298 1252 quidam
318 1223 450 1249 veterum,
466 1222 534 1244 teste
552 1218 714 1252 Hieronymo
733 1217 768 1244 ita
786 1225 896 1244 censue-

106 1257 192 1281 runt:
209 1253 319 1280 Paulum
345 1252 520 1286 profectionis
544 1253 614 1280 illius
630 1261 685 1280 Sine
710 1252 895 1287 Hierosolyma

106 1288 199 1314 statim
216 1293 276 1322 post
291 1287 455 1321 baptismum
479 1295 538 1322 quin
563 1293 728 1316 memoratur
743 1295 758 1314 a
781 1288 851 1314 Luca
870 1288 894 1315 iii

106 1323 181 1348 dicto
204 1323 294 1356 capite
310 1330 335 1348 ix
353 1322 451 1350 nullam
470 1323 596 1350 habuisse
611 1324 755 1354 rationem,
769 1331 802 1350 eo
824 1324 894 1356 quod

106 1357 170 1391 fuga
200 1359 290 1391 potius
319 1365 400 1391 quam
431 1357 562 1391 profectio
586 1359 689 1385 fuisset.
714 1357 811 1385 Verum
838 1359 894 1385 haec

106 1393 211 1420 solutio
232 1394 298 1420 levis
324 1397 364 1420 est
384 1393 538 1420 admodum.
558 1394 662 1421 Etenim
690 1393 777 1420 Lucas
802 1393 895 1420 scribit

105 1428 221 1455 Paulum
240 1433 304 1455 tunc
324 1436 338 1454 a
357 1427 480 1455 liarnaba
507 1429 589 1456 fuisse
615 1429 756 1456 deductum
779 1429 811 1455 ad
831 1436 894 1462 apo-

107 1463 203 1496 stolos,
220 1469 244 1499 et
266 1463 332 1490 satis
353 1463 396 1499 diu
414 1464 549 1491 mansisse
573 1463 780 1499 Hierosolymis.
796 1468 820 1490 et
845 1464 893 1490 ad-

634 149 807 178 HlSTORle
829 149 1104 180 ECCLESlASTICIE
1124 150 1188 178 LIB.
1208 151 1239 178 ll.

928 212 950 239 A
1271 208 1384 237 CAPUT
1399 209 1443 237 IV.

1697 150 1745 178 Hb'

960 254 1109 286 'Quomodo
1124 259 1180 286 post
1195 258 1302 280 "nouem
1316 253 1412 280 Tiberii
1431 253 1511 281 Gaius
1528 255 1669 289 Agrippam
1694 254 1746 281 Ju-

997 291 1114 316 dworum
1136 297 1221 324 regem
1243 289 1396 320 constituit,
1422 295 1445 316 ei
1470 289 1600 317 Herodem
1620 296 1743 321 perpetuo

997 325 1090 352 exsilio
1103 324 1248 353 damnat-it,

996 371 1100 398 Interea
1117 370 1251 404 Tiberius,
1271 377 1331 397 cum
1347 369 1452 397 duobus
1467 371 1577 397 circiter
1596 378 1626 398 ac
1644 371 1742 406 Viginti

961 417 1042 445 annis
1054 418 1224 451 imperasset,
1238 421 1387 443 extremum
1402 416 1474 444 diem
1492 416 1569 444 obiit.
1585 417 1634 444 Cui
1649 425 1743 445 succc-

961 465 1030 491 dens
1043 463 1125 490 Caius
1138 462 1237 489 Judzezc
1249 470 1361 497 regnum
1377 463 1469 489 Statim
1484 463 1595 490 tradidit
1607 463 1744 498 Agrippm,

960 517 1108 545 regemque
1127 508 1200 536 illum
1218 513 1273 535 tum
1294 508 1321 535 in
1339 507 1463 543 Philippi.
1491 514 1546 536 tum
1574 508 1600 535 in
1619 507 1744 543 Lysania:

961 555 1105 583 tetrarchia
1120 554 1271 582 constituit.
1289 554 1343 582 Nec
1361 555 1448 582 multo
1469 560 1530 590 post
1547 554 1663 582 Herodis
1675 563 1743 589 quo-

958 609 1010 637 que
1025 601 1199 629 tetrarchiam
1215 601 1302 628 eidem
1319 601 1440 634 donavit,
1457 609 1517 629 cum
1529 601 1663 628 Herodem
1677 609 1743 636 per-

958 653 1039 682 petuo
1065 647 1162 674 exsilio
1185 647 1339 675 damnasset
1355 667 1362 679 ,
1391 655 1443 674 una
1472 655 1532 675 cum
1559 655 1642 674 uxore
1658 648 1744 681 ipsius

957 693 1108 721 Herodiade
1116 694 1149 721 ob
1158 693 1231 720 varia
1245 693 1347 721 scelera
1360 694 1451 721 debito
1463 695 1594 730 supplicio
1602 694 1740 727 allectum.

958 745 988 768 ut
1004 744 1119 768 testatur
1136 740 1220 768 etiam
1245 739 1390 776 Josephus.
1419 740 1468 769 llic
1495 746 1539 769 est
1554 741 1676 769 Herodes
1695 741 1741 776 qui

951 830 1049 858 Paulus
1073 830 1100 858 in
1124 829 1243 864 Epistula
1267 830 1299 857 ad
1314 830 1435 862 Galatas.
1459 830 1539 864 hujus
1561 830 1742 865 profectionis

950 873 1006 893 suae
1031 866 1195 893 mentionem
1223 866 1326 893 merito
1344 866 1534 900 praetermisit,
1561 870 1655 900 utpote
1678 873 1738 900 qua:

949 901 1015 928 nihil
1040 902 1073 928 ad
1104 901 1256 928 institutum
1279 909 1357 928 suum
1387 900 1501 929 faceret.
1526 900 1581 927 Nec
1611 908 1662 927 vox
1678 901 1734 930 illa.

949 945 1042 963 rursus
1056 937 1174 969 arcendi,
1199 936 1344 963 Secundam
1365 935 1560 971 profectionem
1580 936 1735 962 necessario

949 971 1080 1006 designat,
1095 971 1141 998 sed
1156 971 1236 999 etiam
1249 971 1284 998 de
1303 970 1381 998 tertia
1397 971 1448 998 dici
1466 975 1563 1003 potest.
1577 970 1653 1003 Quod
1672 978 1737 1006 vero

949 1005 1106 1040 noo’possit
1118 1014 1178 1034 esse
1192 1006 1236 1032 illa
1259 1014 1339 1041 quam
1353 1011 1452 1041 quarto
1471 1007 1667 1033 locorecenset
1682 1005 1738 1033 Ln-

948 1048 1004 1073 cas,
1020 1046 1047 1068 ut
1069 1042 1175 1069 \idetur
1187 1042 1305 1076 sensisse
1322 1041 1544 1076 Chrysostonuis,
1568 1049 1601 1068 ex
1615 1048 1647 1068 eo
1669 1049 1736 1068 con-

948 1077 1075 1108 vincitur.
1101 1077 1170 1110 quod
1195 1075 1293 1104 Paulus
1317 1075 1413 1103 scribit
1436 1084 1466 1103 se
1487 1076 1640 1103 ascendisse
1671 1084 1731 1103 cum

948 1110 1081 1138 Bai-italia.
1096 1112 1130 1138 At
1145 1111 1170 1139 in
1189 1116 1286 1145 quarta
1308 1111 1475 1145 profectione
1497 1111 1595 1138 Paulus
1616 1119 1669 1138 non
1685 1111 1736 1137 fuit

948 1154 1009 1173 cum
1034 1145 1166 1181 Barnaba.
1186 1146 1353 1181 Jampriilem
1375 1147 1446 1173 enim
1470 1146 1504 1173 ab
1523 1154 1555 1174 eo
1578 1153 1638 1174 sese
1654 1147 1736 1174 abru-

947 1185 1033 1215 perat.
1057 1180 1155 1208 Verum
1172 1187 1201 1208 ut
1214 1180 1255 1209 ad?
1271 1181 1417 1209 Eusebium
1441 1186 1562 1208 nostrum
1580 1182 1732 1213 redeamus.

947 1217 1054 1243 videtur
1074 1216 1097 1243 is
1120 1217 1267 1244 secundani
1284 1217 1360 1244 Pauli
1378 1216 1649 1251 Hierusolymitauam
1673 1225 1734 1249 pro-

947 1251 1090 1313 :ectiouein
1103 1252 1256 1280 confudisse
1267 1260 1326 1280 cuiu
1341 1252 1439 1286 prima,
1451 1256 1479 1279 et
1491 1260 1523 1278 ex
1536 1252 1640 1278 duabus
1651 1260 1732 1278 uuam

958 1295 1055 1313 ecisse.

958 1295 1055 1314 CCISSE.

982 1322 1021 1357 (6)
1042 1321 1099 1355 Τῆς
1117 1321 1263 1348 Ἰουδαίων
1275 1322 1371 1356 ἀρχῆς
1386 1322 1526 1356 Ἀγρίππᾳ
1542 1322 1574 1348 τὸ
1593 1320 1730 1356 διάδημα.

947 1357 1055 1384 Falsum
1073 1362 1114 1384 est
1128 1358 1272 1392 Agrippam
1292 1365 1383 1392 regem
1401 1357 1501 1384 Juda'a:
1516 1365 1530 1383 a
1547 1357 1611 1384 Caio
1628 1356 1729 1383 factum

946 1401 1016 1419 esse.
1040 1391 1161 1427 Agrippa
1181 1391 1253 1419 enim
1275 1401 1289 1418 a
1309 1391 1375 1419 Caio
1389 1392 1495 1420 Caesare
1517 1393 1568 1427 sub
1587 1391 1662 1418 initia
1682 1392 1732 1418 iiii-

944 1430 1012 1463 perii
1028 1426 1114 1455 factus
1128 1433 1170 1454 est
1187 1436 1243 1463 rex,
1258 1428 1375 1461 primum
1390 1428 1497 1462 quidem
1519 1426 1729 1463 Tracbpiiitidis,

945 1461 1005 1496 ipne
1023 1463 1169 1490 tetrarchia
1190 1462 1304 1497 Philippi
1327 1461 1424 1493 fuerat.
1441 1467 1471 1489 ut
1486 1462 1582 1489 scribit
1603 1461 1732 1497 Pbiloniu

106 1505 204 1526 versus
222 1498 332 1526 Grmeos
347 1497 509 1533 disputasse.
525 1499 588 1530 Alii.
603 1499 673 1525 inter
688 1496 756 1533 quos
773 1498 843 1525 Beda
867 1505 893 1525 et
908 1504 928 1532 ε
946 1499 1071 1525 Flaccum
1086 1503 1113 1525 et
1126 1496 1323 1532 JoScpbus'lib.
1341 1506 1418 1524 xviii.
1433 1497 1493 1525 Mox
1519 1505 1583 1524 vero
1605 1504 1665 1524 cum
1682 1496 1734 1523 Hc-

105 1533 257 1564 ltaronius.
281 1534 395 1568 primani
422 1533 494 1561 illam
522 1535 714 1568 profectionem
740 1533 815 1565 cujus
836 1541 893 1560 ine-

105 1569 185 1596 iniiiit
203 1568 319 1600 Paulus,
341 1573 466 1596 asserunt
488 1577 546 1596 eam
573 1570 656 1603 ipsam
681 1576 741 1595 esse
766 1576 825 1602 quin
851 1576 894 1594 re-

106 1603 193 1630 fertur
217 1611 231 1630 a
250 1603 321 1630 Luca
349 1604 374 1630 iu
392 1611 450 1638 cap.
465 1612 491 1631 ix
506 1605 619 1631 Actuum
637 1613 643 1630 ε
660 1605 704 1630 sed
721 1603 822 1630 Lucam
847 1604 892 1630 iti-

106 1639 180 1665 m-ris
194 1639 305 1666 Arabici
323 1639 382 1665 ideo
399 1641 605 1673 praetermisisse
623 1639 798 1670 mentionem,
821 1640 891 1672 quo-l

104 1674 172 1709 nihil
189 1675 321 1701 memoria
339 1674 449 1709 dignum
465 1675 522 1701 illic
536 1683 550 1701 a
567 1675 649 1701 Paulo
663 1679 767 1709 gestmu
784 1674 889 1701 iuisaei.

106 1708 226 1742 Quorum
246 1708 386 1736 sententiae
407 1709 523 1736 libenter
545 1708 674 1743 equideni
692 1709 800 1737 accedo.
826 1709 889 1736 Nam

106 1745 139 1770 de
161 1745 277 1779 adventu
297 1744 342 1771 illo
369 1744 443 1771 Pauli
467 1744 650 1779 Hierosolyma
675 1744 831 1778 planissime
854 1745 888 1770 ibi

105 1778 224 1813 loquitur
246 1778 352 1813 Lucas;
376 1779 476 1814 quippe
499 1781 544 1814 qui
565 1778 725 1807 collocutum
744 1786 804 1806 eum
827 1787 888 1807 cum

106 1815 236 1849 apostolis
253 1820 316 1841 tunc
338 1822 399 1842 esse
419 1815 496 1847 dicit.
512 1820 539 1841 et
561 1815 645 1842 multa
666 1815 717 1841 alia
733 1814 888 1848 singillatim

106 1850 202 1884 refert.
214 1850 344 1884 additque
359 1859 365 1876 :
383 1849 416 1880 Et
429 1855 485 1876 erat
503 1858 561 1877 cum
578 1850 630 1876 illis
646 1850 747 1876 intrans
762 1855 785 1875 et
801 1850 888 1876 exiens

105 1885 132 1910 iii
156 1883 317 1911 Jerusalem.
342 1884 419 1912 Nunc
441 1885 474 1912 tle
499 1885 626 1916 secunda_
643 1885 687 1911 illa
721 1884 889 1919 profectione

105 1927 185 1953 quam
210 1919 310 1946 Paulus
325 1925 386 1954 post
401 1928 446 1947 xiv
470 1928 554 1947 annos
578 1920 728 1946 instituisse
752 1928 780 1946 se
806 1920 886 1952 dicit,

105 1954 296 1988 inquirendum
316 1962 369 1983 est.
384 1955 580 1986 Theodoretus.
602 1960 631 1981 et
645 1960 708 1981 ante
732 1955 804 1981 illum
829 1956 888 1989 qui-

104 1990 164 2016 dam
178 1995 296 2022 veteres,
310 1991 443 2017 referente
460 1991 634 2025 Hieronymo,
651 1991 720 2016 hanc
737 1990 819 2024 ipsam
828 1997 888 2017 esse

104 2025 307 2056 existimarunt.
321 2025 399 2059 cujus
420 2026 522 2052 mentio
540 2026 568 2052 lit
586 2026 610 2051 in
627 2025 749 2057 Actibus,
769 2032 828 2059 cap.
841 2033 884 2056 xv,

105 2060 211 2094 quando
228 2060 326 2087 Paulus
348 2068 403 2088 una
423 2069 483 2087 cum
506 2060 630 2087 Baruaba
655 2059 690 2086 ob
709 2065 832 2086 exortam
854 2060 887 2086 de

103 2095 308 2122 circumcisione
325 2096 537 2123 controversiain
564 2094 701 2129 profectus
724 2101 766 2122 est
790 2094 886 2122 Hiero—

105 2130 216 2165 solyma.
239 2129 314 2156 Hanc
331 2131 492 2158 sententiain
506 2136 616 2157 secutus
639 2135 681 2157 est
698 2130 837 2157 lhronius.
855 2130 887 2157 Et

106 2165 178 2191 Pauli
197 2166 280 2192 verba
305 2166 331 2193 id
349 2166 459 2193 omnino
483 2165 597 2192 suadere
612 2166 750 2193 videntur.
773 2165 887 2199 Suhjicit

105 2201 173 2227 enim
194 2201 305 2233 Paulos,
325 2209 354 2228 se
369 2201 541 2235 Evangelium
558 2201 629 2236 quod
643 2200 769 2236 gentibus
792 2201 887 2235 prjudi-

105 2236 181 2262 cabat
203 2236 331 2271 detulisse
351 2237 383 2263 ad
399 2236 546 2271 apostolos.
567 2236 661 2270 eisque
687 2236 886 2271 dijtidicaiiduni

106 2271 243 2298 obtulisse.
258 2270 313 2298 Hoc
336 2272 407 2299 enim
418 2270 476 2298 isibi
495 2271 586 2298 volunt
601 2279 632 2297 ea
647 2270 729 2298 verba
751 2270 885 2306 ἀνεθέμην

105 2306 192 2337 αὐτοῖς
205 2306 236 2332 τὸ
255 2307 429 2341 Εὑαγγέλιον.
444 2306 511 2333 Τιιιιι
529 2306 666 2340 subjuugit
687 2308 720 2333 de
741 2306 815 2333 falsis
831 2305 885 2332 fra-

107 2341 252 2376 lribus.qui
267 2343 406 2369 veritatem
420 2341 554 2376 Evangelii
567 2342 718 2375 opprimere
732 2342 883 2372 tentabant.

105 2382 129 2402 et
152 2376 325 2404 Christianos
346 2378 371 2404 in
397 2377 553 2404 servitutem
571 2377 638 2410 legis
664 2377 794 2411 redigere.
820 2378 884 2409 Quae

105 2411 207 2445 quidem
232 2412 323 2438 omnia
342 2413 474 2446 pertinent
489 2412 546 2438 sine
564 2412 644 2438 dubio
668 2412 699 2438 ad
724 2417 880 2438 controver-

104 2454 167 2473 siam
184 2447 258 2473 illam
275 2447 308 2474 de
327 2445 542 2474 circumcisione.
561 2445 656 2473 Verum
672 2446 735 2480 quid
759 2454 826 2481 opus
841 2453 882 2474 est

104 2481 232 2515 pluribus.
245 2489 306 2509 cum
323 2490 353 2509 ea
371 2490 414 2509 res
428 2483 579 2509 certissimo
598 2486 758 2516 argumento
781 2483 816 2508 ita
834 2484 882 2509 de—

103 2517 244 2544 monstrari
255 2516 500 2550 possit?Prol’ectio
513 2517 557 2544 illa
570 2524 649 2552 quam
664 2521 723 2550 post
739 2524 782 2543 xiv
796 2525 880 2546 annos

104 2558 130 2577 se
143 2552 292 2579 instituisse
313 2553 350 2579 ait
364 2552 473 2584 Paulus.
492 2560 544 2579 non
562 2557 649 2587 potest
669 2559 729 2579 esse
750 2559 780 2578 ea
798 2560 878 2586 quam

103 2587 214 2613 secundo
237 2588 297 2614 loco
318 2593 442 2615 numerat
467 2587 564 2614 Lucas.
589 2587 643 2614 Nec
667 2595 761 2614 rursus
784 2592 878 2615 eadem

103 2626 140 2648 est
152 2629 212 2657 eum
230 2622 275 2649 illa
295 2630 375 2657 quam
398 2628 493 2656 quarto
513 2623 571 2650 loco
589 2628 713 2650 recenset
738 2623 808 2650 idem
826 2623 879 2649 Lu-

103 2663 154 2683 cas.
167 2656 268 2684 Eadem
283 2656 324 2685 est
339 2659 418 2692 igitur
433 2667 493 2686 cuin
511 2658 556 2686 illa
570 2666 651 2693 quam
669 2658 775 2686 tertiani
791 2657 878 2686 Lucas

102 2697 299 2728 commemorat.
309 2693 385 2726 Quod
399 2701 450 2720 non
463 2695 547 2728 possit
558 2701 618 2721 esse
632 2693 675 2720 illa
687 2701 746 2727 qua:
759 2695 877 2722 secundo

103 2725 154 2754 loco
167 2725 328 2757 numeratur
341 2736 355 2754 a
372 2725 534 2760 Lucafhinc
552 2734 664 2763 apparet
676 2737 682 2754 :
693 2725 791 2756 Paulus
813 2734 876 2757 tunc

102 2763 129 2788 ad
145 2763 303 2790 deferendas
326 2763 438 2790 fratrum
453 2764 636 2798 eleeniosynas
659 2769 760 2790 tantum
777 2764 881 2792 missus.

102 2802 154 2834 est;
170 2806 219 2825 nec
238 2806 300 2834 cuin
321 2799 451 2833 apostolis
470 2799 618 2826 collocutus
633 2805 684 2829 est.
697 2800 796 2834 quippe
814 2807 875 2826 cum

102 2831 241 2868 Ecclesium
265 2831 424 2860 Judieorum
449 2839 511 2860 tunc
534 2836 650 2860 maxime
668 2831 874 2868 persequeretur

102 2866 220 2904 “crudos,
239 2874 269 2897 et
285 2869 384 2896 Petrus
408 2869 434 2896 in
451 2869 564 2897 vinculis
589 2866 673 2896 esset.
693 2866 872 2902 Quafnobmni

947 1534 1026 1561 rodes
1051 1533 1185 1560 teirarclia
1218 1533 1350 1565 Galilaeaa,
1379 1532 1537 1560 llerodiailis
1562 1534 1654 1559 uxorls
1678 1533 1731 1559 iiii-

944 1568 1022 1603 pulsu
1047 1568 1160 1595 Romam
1183 1568 1343 1600 navigasset,
1367 1574 1397 1594 Iit
1416 1567 1697 1603 regiamddignitatem
1715 1577 1728 1593 a

943 1601 1008 1631 Caio
1037 1604 1215 1636 impetraret:
1234 1603 1316 1630 Caius
1336 1601 1489 1637 ademptam
1513 1601 1613 1630 Herodi
1635 1607 1730 1629 tetrar-

943 1639 1044 1670 chiam.
1062 1638 1201 1666 Galilaeam
1224 1639 1330 1665 scilicet
1351 1639 1462 1665 donavit
1485 1638 1621 1672 Agrippas,
1637 1645 1730 1671 quem-

943 1674 1087 1702 admodum
1111 1674 1193 1700 tradit
1213 1673 1346 1708 .loseplius
1370 1674 1396 1700 in
1420 1673 1486 1699 libro
1507 1674 1677 1707 supradicto,
1703 1678 1729 1700 et

941 1709 1019 1736 Philo
1035 1710 1062 1736 in
1091 1708 1230 1743 Legatione
1246 1709 1279 1735 ad
1305 1708 1397 1735 Caium
1420 1709 1469 1736 sub
1496 1708 1586 1734 linem.
1610 1707 1729 1735 Tandem

941 1752 1006 1771 vero
1023 1748 1084 1779 post
1099 1751 1193 1779 necent
1210 1744 1279 1775 Caii,
1293 1744 1421 1771 Claudius
1442 1751 1553 1779 regnum
1576 1744 1701 1776 Agrippa:
1714 1753 1730 1770 ιι

941 1780 1006 1806 Caio
1023 1778 1114 1806 datum
1129 1778 1309 1810 conﬁrmavit.
1325 1779 1437 1812 adjectis
1449 1778 1539 1806 Judma
1559 1786 1589 1805 ac
1604 1779 1728 1806 Samaria

940 1823 1008 1848 quas
1031 1814 1151 1841 Herodes
1175 1822 1241 1841 avus
1268 1814 1435 1841 obtinuerat.
1461 1813 1549 1848 Atque
1574 1814 1610 1840 ita
1643 1818 1727 1840 totum

941 1850 1055 1876 Herodis
1069 1849 1157 1883 Magni
1174 1856 1284 1884 regnum
1299 1849 1331 1876 ad
1352 1850 1497 1884 Agrippam
1523 1849 1657 1882 pervenit.
1676 1849 1726 1882 Qui

941 1893 1002 1912 mox
1020 1884 1212 1919 Hierosolymis
1228 1891 1277 1911 suo
1299 1884 1431 1911 arbitratu
1452 1884 1609 1918 pontiﬁcem
1635 1892 1729 1910 creare

940 1921 1038 1954 coepit,
1062 1920 1162 1954 quippe
1191 1919 1235 1953 qui
1262 1924 1318 1945 tum
1334 1919 1434 1946 Judaaie
1464 1926 1509 1945 rex
1536 1923 1627 1950 esset,
1652 1919 1745 1954 cujus-

940 1960 1021 1990 capiit
1040 1959 1097 1982 erat
1113 1955 1177 1981 urbs
1201 1954 1398 1989 Hierosolyma.
1421 1954 1505 1990 Rei-te
1525 1961 1588 1985 ergo
1606 1954 1729 1987 Scaliger

920 1991 927 1998 '
940 1989 1265 2017 inanimadversionibus
1290 1990 1465 2024 reprehendit
1481 1989 1637 2021 Eusebium,
1655 1991 1727 2022 quod

939 2026 1085 2060 Agrippam
1101 2031 1191 2058 regem
1211 2024 1310 2051 Judzeai
1332 2032 1347 2051 a
1366 2025 1432 2052 Caio
1453 2024 1552 2052 factum
1574 2032 1633 2051 esse
1651 2026 1728 2051 dixe—

941 2061 987 2087 rit.
1003 2061 1056 2087 Sed
1074 2059 1175 2095 fallitur
1191 2059 1248 2094 ipse
1267 2067 1376 2095 quoque
1393 2060 1525 2095 Scaliger,
1546 2067 1608 2086 cum
1631 2060 1727 2087 scribit

939 2095 1084 2130 Agrippam
1106 2094 1219 2122 Romam
1242 2094 1366 2126 venisse.
1389 2100 1417 2122 ut
1439 2094 1573 2122 [lcrodem
1600 2100 1726 2129 patruum

939 2129 1090 2158 accusaret.
1099 2129 1202 2166 iNeque
1217 2131 1288 2157 enim
1309 2132 1426 2166 Agrippa
1452 2131 1568 2166 Romam
1587 2130 1734 2164 profectus.

940 2171 990 2198 est,
1018 2166 1064 2193 sed
1098 2165 1276 2193 Fortunatum
1308 2165 1436 2193 libertum
1470 2174 1531 2192 cum
1563 2165 1660 2192 litteris
1690 2167 1724 2192 ad

939 2201 1032 2229 Gaium
1049 2201 1132 2232 misit.
1151 2205 1179 2227 ut
1199 2201 1281 2227 tradit
1303 2200 1447 2234 Josephus.
1463 2201 1549 2228 Porro
1564 2201 1723 2234 jamdudum

938 2243 1002 2264 ante
1029 2236 1196 2271 Scaligeruin
1225 2236 1387 2263 soboli-astus
1408 2237 1517 2271 quidam
1547 2236 1573 2262 in
1603 2236 1724 2269 margine

938 2273 1040 2299 codicis
1057 2271 1186 2298 Ma’zarini
1211 2271 1282 2298 hunc
1298 2271 1408 2299 Eusebii
1430 2279 1552 2298 errorem
1571 2276 1722 2297 notaverat.

937 2307 1003 2334 Nam
1018 2307 1108 2342 adgilla
1123 2307 1216 2339 verba,
1229 2306 1279 2341 τῆς
1299 2305 1431 2334 Ἰουδαίων
1445 2307 1532 2342 ἀρχῆς
1544 2306 1576 2332 τὸ
1588 2306 1706 2341 διάδημα
1717 2325 1725 2339 ,

937 2343 988 2371 hoc
1009 2343 1130 2369 scholion
1160 2342 1307 2376 ascriptum
1332 2347 1386 2375 est,
1411 2351 1462 2369 non
1487 2342 1595 2376 quidem
1629 2343 1723 2368 eadem

936 2386 1027 2409 manu,
1049 2378 1096 2405 sed
1115 2374 1290 2407 nihilominus
1302 2383 1407 2404 vetusta
1425 2387 1431 2404 :
1449 2374 1513 2411 00f
1532 2374 1619 2408 οὗτος,
1641 2376 1698 2402 ἀλλ’
1710 2377 1724 2403 ὁ

935 2413 1077 2444 Κλαύδιος.
1101 2411 1230 2440 Excusari
1255 2416 1344 2439 tamen
1369 2416 1509 2439 commode
1526 2416 1615 2446 potest
1637 2411 1723 2438 Euse-

934 2449 1004 2476 bius.
1016 2449 1073 2475 Non
1087 2449 1159 2475 enim
1173 2447 1243 2474 dixit
1254 2447 1398 2481 Agrippam
1411 2448 1510 2475 Judazze
1524 2455 1613 2482 regem
1627 2455 1641 2473 ιι
1656 2447 1723 2473 Caio

933 2484 1034 2510 factum
1053 2483 1147 2514 fuisse,
1163 2482 1211 2510 sed
1231 2482 1398 2514 .liidzeorum.
1422 2491 1517 2510 eorum
1544 2482 1649 2509 scilicet
1676 2483 1722 2516 qui

933 2520 958 2546 in
975 2519 1168 2546 Trachouitide
1180 2522 1207 2544 et
1223 2519 1247 2545 in
1270 2517 1394 2553 Lysanite
1415 2519 1565 2545 tetrarchia
1577 2519 1721 2552 degebant.

933 2555 1004 2581 Sane
1016 2554 1092 2581 Philo
1108 2555 1133 2580 in
1151 2553 1270 2581 oratione
1281 2552 1405 2580 adversus
1422 2552 1559 2584 Flaccum,
1572 2553 1721 2588 Agrippam

932 2590 1012 2620 hunc.
1028 2591 1073 2624 qui
1089 2595 1144 2616 tum
1168 2589 1257 2616 adhuc
1271 2589 1354 2624 solius
1369 2588 1570 2624 ’l‘i'aclionitidis
1584 2596 1630 2615 rex
1652 2595 1721 2621 erat,

930 2623 1106 2653 nihilominus
1120 2629 1198 2651 vocat
1214 2631 1305 2659 regem
1321 2623 1488 2659 iud-.eorum.
1506 2623 1633 2659 Loquens
1649 2624 1720 2650 enim

929 2661 963 2688 de
975 2660 1177 2690 Alexandrinis,
1195 2659 1234 2686 sic
1248 2658 1314 2686 fait:
1332 2658 1485 2694 ἼΙσχαλλον
1509 2658 1556 2685 ἐπὶ
1579 2658 1619 2694 τῷ
1640 2667 1720 2693 γεγε-

928 2696 1026 2732 νῆσθαι
1040 2703 1100 2732 τινα
1118 2694 1232 2732 βασιλέα.
1249 2694 1393 2732 Ἰουδαξων.

964 2732 1002 2767 (7)
1020 2730 1081 2757 Σὺν
1103 2729 1341 2767 καὶᾷτῇγυναικὶ
1367 2729 1529 2767 Ἡρωδιάδι.
1550 2729 1624 2767 ΔᾉΙιιίε
1636 2730 1722 2767 _hunc

928 2764 1016 2794 locum
1030 2767 1136 2800 accepit
1150 2765 1428 2800 Christophorsonus,
1444 2766 1520 2799 quasi
1540 2764 1613 2800 dicat
1635 2765 1718 2791 Euse-

927 2804 986 2830 bius
1003 2799 1136 2829 Herodem
1153 2802 1225 2827 hunc
1243 2799 1295 2827 una
1315 2808 1376 2827 cum
1400 2808 1485 2828 uxore
1501 2808 1549 2828 sua
1567 2799 1720 2827 Herodiade

929 2837 1085 2865 interfuisse
1111 2836 1231 2870 passioni
1257 2836 1467 2870 Cbristi..Aiqui
1497 2844 1550 2863 non
1579 2836 1631 2862 hoc
1656 2835 1723 2862 dicit

929 2873 1073 2905 Eusebius,
1090 2873 1136 2900 sed
1153 2871 1332 2899 Herodiadem
1349 2871 1427 2898 simul
1454 2879 1513 2898 cuni
1532 2871 1589 2898 viro
1615 2870 1720 2905 relega-
