1982 3159
147 159 200 186 155

640 154 817 183 ΙΙΙΞΤΟῘΙΙᾸΕ
837 153 1114 182 ECClESlASTlCE
1135 153 1198 182 LIB.
1219 154 1239 182 ll

1717 152 1766 180 l5";

147 217 290 252 ξάνδρειαν
306 215 496 251 συμϐεϐηκότα
515 214 661 246 Ἰουδαίοις,
676 215 722 241 ἐπὶ
739 214 785 241 τοῦ
807 214 930 250 δηλουμὲ·

990 213 1292 249 virtutibusiuscripsit,
1317 211 1417 239 Iudaeis
1437 211 1630 239 Alexandriam
1648 210 1770 237 incolent-

144 271 203 294 νου,
213 264 242 289 ἐν
257 261 376 296 δευτέρῳ
393 261 586 296 συγγράμματι
597 256 619 293 ᾧ
632 259 770 295 ἐπέγραψε
783 260 852 293 Περὶ
867 260 934 293 ἀρε-

97 308 105 315 ”
145 309 206 336 τῶν
217 308 284 342 (20),
305 308 414 342 ἱστορεῖ.
437 307 546 342 Συνᾴδει
564 306 587 332 δ’
603 305 677 340 αὖτῷ
695 307 740 332 καὶ
757 307 772 332 ὁ
794 305 932 341 Ἰώσηπος,

145 354 247 389 ὁμοίως
271 352 325 380 ἀπὺ
345 352 398 379 τῶν
416 351 532 378 Πιλάτου
548 352 649 387 χρόνων
667 352 780 378 καὶτῶν
801 351 871 379 κατὰ
887 351 933 378 τοῦ

146 400 273 436 Σωτῆρος
289 400 367 435 ἡμῶν
385 400 604 436 τετολμημένων,
619 400 668 432 τὰς
688 399 757 426 κατὰ
775 398 872 429 παντὸς
887 397 933 424 τοῦ

145 446 240 477 ἔθνους
253 445 414 481 ἐνάρξασθαι
429 446 567 482 σημαίνων
580 446 730 482 συμφοράς.
749 446 846 471 Ἀκουε
855 444 877 470 δ’
888 441 933 470 οὖν

146 489 192 518 οἷα
199 492 246 519 καὶ
255 488 331 523 οὗτος
341 493 370 518 ἐν
381 492 456 518 δευτέ
461 501 499 528 ρῳ
507 493 553 519 τοῦ
563 492 727 519 Ἰουδαϊκοῦ
736 490 871 525 Πολέμου
883 491 932 517 αὺ-

145 539 209 569 ταῖς
225 537 366 569 συλλαϐαῖς
381 538 456 573 δηλοῖ
468 538 568 572 λέγων’
590 547 598 563 ι
613 537 750 573 Πεμφθεὶς
763 537 791 563 δὲ
807 537 847 568 εἰς
867 537 932 563 Ἰου-

145 584 226 610 δαίαν
240 583 386 619 ἐπίτροπος
401 583 453 610 ὑπὸ
463 584 587 620 Τιϐερίου
599 584 721 615 Πιλάτος,
735 583 841 618 νύκτωρ
852 591 934 610 κεκα-

146 630 286 665 λυμμένας
300 631 339 662 εἰς
361 630 532 666 Ἰεροσόλυμα
547 629 753 666 παρεισκομίζει
769 629 819 660 τὰς
829 628 933 655 Καίσα-

147 685 196 712 ρος
211 677 315 708 εἰκόνας
326 685 332 691 ·
347 678 461 712 σημαῖαι
473 675 626 702 καλοῦνται.
643 676 728 702 Τοῦτο
744 675 802 711 μεθ’
814 675 931 710 ἡμέραν,

147 723 280 759 μεγίστην
305 724 426 758 ταραχὴν
451 724 545 759 ήγειρε
569 725 625 755 τοῖς
654 722 798 754 Ἰουδαίοις.
822 723 853 748 Oi
878 722 932 757 γὰρ

144 770 175 804 ἐγ
181 771 241 803 γῦς,
256 769 322 804 πρὸς
331 769 380 804 τὴν
392 770 453 804 ὄψιν
467 769 601 804 ἐξεπλάγη
607 778 665 800 σαν,
677 769 715 800 ὡς
732 768 932 803 πεπατημένων

144 815 238 848 αὐτοῖς
252 815 306 842 τῶν
327 815 425 850 νόμων.
448 815 529 841 Οὐδὲν
544 815 599 850 γὰρ
621 815 740 848 ἀξιοῦσιν
761 815 789 841 ὲν
805 816 837 849 τῇ
856 814 931 840 πόλει

143 861 268 897 δείκηλον
298 861 427 888 τίθεσθαι.
442 871 450 887 ι
481 861 573 888 Ταῦτα
598 861 625 888 δὲ
654 860 800 897 συγκρίνας
823 862 854 896 τῇ
877 860 931 887 τῶν

990 261 1060 288 libus
1086 258 1234 293 supradicti
1260 257 1318 284 Gaii
1334 258 1487 292 principatu
1504 257 1649 292 contigisse
1672 257 1766 284 refert.

987 305 1036 333 Cui
1053 304 1215 339 astipulatur
1231 304 1312 331 etiam
1335 302 1483 337 Iosephus,
1497 303 1542 337 qui
1557 309 1692 330 aerumnas
1709 301 1771 329 illas

987 351 1085 386 quibus
1097 350 1249 378 Iudaeorum
1265 357 1332 383 gens
1345 348 1497 376 conﬂictata
1511 352 1562 379 est,
1580 349 1635 383 jam
1652 349 1714 375 inde
1735 347 1772 375 ab

987 397 1054 432 ipsis
1069 397 1149 424 Pilati
1175 395 1351 430 temporibus,
1364 399 1390 422 et
1416 402 1430 422 a
1454 394 1556 422 scelere
1573 395 1618 421 illo
1640 393 1771 421 adversus

988 443 1161 470 Servatorem
1174 446 1296 470 nostrum
1312 441 1432 468 admisso
1448 444 1524 467 ortas
1538 447 1600 466 esse
1623 438 1768 474 signiﬁcat.

986 490 1145 522 Audiamus,
1160 489 1181 517 si
1198 489 1294 525 placet,
1311 495 1371 523 qua:
1382 486 1427 514 ille
1448 486 1475 513 in
1491 485 1611 513 secundo
1636 484 1704 511 Belli
1717 483 1770 511 Ju-

985 537 1057 563 daici
1073 536 1142 563 libro
1157 535 1240 562 refert
1254 535 1296 562 his
1316 533 1425 561 verbis:
1443 542 1451 559 ι
1470 532 1585 561 Pilatus.
1602 532 1699 566 inquit,
1722 531 1768 566 qui

985 590 999 609 a
1021 582 1130 610 Tiberio
1145 585 1303 616 procurator
1318 581 1343 607 in
1358 580 1478 607 Iudaeam
1497 578 1598 606 missus
1613 577 1710 610 fuerat,
1728 586 1770 604 ve-

986 630 1053 656 latas
1064 629 1179 656 Caesaris
1191 627 1324 663 imagines
1335 634 1394 662 qua:
1407 627 1482 662 signa
1495 625 1674 660 appellantur,
1688 631 1770 652 noctu

986 675 1075 702 intulit
1090 674 1284 709 Hierosolyma.
1299 673 1335 700 Ea
1349 681 1392 701 res
1408 673 1487 700 simul
1503 677 1585 706 atque
1596 671 1653 699 dies
1669 671 1766 703 illuxit.

985 721 1130 747 maximum
1147 720 1293 746 tumultum
1318 719 1447 746 excitavit
1460 719 1624 746 Iudaeorum.
1643 718 1708 745 Nam
1724 718 1772 752 qui

985 767 1011 793 in
1039 766 1163 800 proximo
1177 770 1266 797 erant,
1285 772 1353 792 novo
1373 765 1530 800 spectaculo
1545 765 1652 792 attoniti
1674 764 1770 791 obstu-

984 819 1078 846 puere,
1094 818 1203 846 prorsus
1221 811 1298 844 quasi
1314 811 1406 845 patria:
1419 810 1491 845 leges
1504 810 1672 838 conculcata)
1685 810 1771 837 viola-

985 864 1072 893 Imque
1097 862 1199 885 essent.
1226 857 1306 885 Nefas
1333 852 1433 892 quippe
1453 857 1505 885 illis
1530 862 1572 885 est
1593 857 1768 885 simulacrum

147 908 325 943 Εὑαγγελίων
347 908 449 943 γραφῇ,
467 906 526 942 εἴσῃ
539 907 576 938 ὡς
590 907 639 933 οὐκ
657 907 696 939 εἰς
713 907 820 942 μακρὰν
836 907 930 938 αὐτοὺς

984 905 1067 931 ullum
1085 905 1112 931 in
1128 904 1193 930 urbe
1205 908 1335 931 statuere.
1352 913 1362 929 ι
1378 904 1443 937 Qum
1455 904 1561 938 quidem
1575 903 1597 931 si
1610 911 1670 930 cum
1685 911 1767 930 evan-

147 953 279 988 μετῆλθεν
291 953 356 988 (2i),
373 954 406 988 ἦν
421 952 536 988 tamin
550 953 593 979 ἐπ’
608 952 689 979 αὑτοῦ
702 952 817 979 Πιλάτου
830 952 930 988 φωνὴν,

145 1000 180 1026 δι’
192 998 226 1036 ἧς
240 1001 290 1026 οὐκ
303 999 408 1035 ἄλλονῆ
424 1000 502 1034 μόνον
517 999 587 1034 ἔχειν
613 999 732 1026 ἐπεϐόων
747 998 873 1034 Καίσαρα
885 999 932 1034 βα-

148 1046 234 1073 σιλέα.
249 1044 315 1073 Εἶτα
333 1046 361 1072 δὲ
384 1046 430 1072 καὶ
447 1045 529 1081 ἄλλην
551 1045 614 1080 ἑξῆς
637 1046 651 1071 ὁ
668 1045 747 1076 αὐτὸς
760 1045 932 1081 συγγραφεὺς

145 1092 250 1127 επορεῖ
261 1091 397 1127 μετελθεῖν
408 1091 505 1122 αὐτοὺς
517 1090 658 1126 συμφορὰν
669 1091 697 1116 ὲν
707 1090 810 1122 τούτοις
819 1099 825 1105 ·
841 1089 931 1116 «Μετὰ

148 1135 179 1162 δὲ
196 1134 284 1161 ταῦτα
301 1135 423 1170 ταραχὴν
440 1135 535 1170 ἑτέραν
554 1135 652 1166 ἐκίνει,
671 1134 716 1160 τὸν
736 1134 807 1169 ἱερὸν
829 1132 932 1168 θησαυ-

149 1179 199 1215 ρὸν
217 1179 349 1214 (καλεῖται
369 1180 396 1206 δὲ
416 1180 556 1216 κορὸονᾶς)
576 1182 616 1212 εἰς
641 1180 804 1214 καταγωγὴν
829 1179 932 1206 ὑδάτων

148 1226 342 1258 ἐξαναλίσκων.
365 1227 469 1262 Κατῄει
491 1227 520 1254 δὲ
548 1228 602 1254 ἀπὸ
625 1227 786 1262 τριακοσίων
808 1226 932 1254 σταδίων.

147 1272 222 1307 Πρὸς
243 1273 322 1300 τοῦτο
343 1273 390 1300 τοῦ
415 1273 533 1305 πλήθους
555 1273 738 1307 ἀγανάκτησις
751 1271 794 1307 ἦν.
817 1273 870 1299 Καὶ
884 1271 932 1298 τοῦ

148 1317 266 1344 Πιλάτου
288 1319 420 1355 παρόντος
440 1321 480 1351 εἰς
504 1319 691 1354 Ἰεροσόλυμα,
715 1319 890 1354 περιστάντες
903 1316 934 1344 τὸ

149 1362 226 1398 βῆμα
238 1364 305 1399 (9.2).
322 1365 468 1391 κατεῦόων.
488 1365 516 1391 '0
530 1365 568 1396 δὲ,
587 1364 698 1400 προῄδει
716 1364 769 1399 γὰρ
784 1363 870 1390 αὐτῶν
885 1363 934 1398 τὴν

147 1410 280 1446 ταραχὴν,
298 1410 335 1446 τῷ
353 1411 449 1447 πλήθει
466 1411 528 1442 τοὺς
545 1411 713 1446 στρατιώτας
727 1410 853 1441 ἐνόπλους
877 1410 933 1445 (23)

147 1455 260 1491 ἐσθῆσιν
275 1457 420 1489 ἰδιωτικαῖς
435 1457 657 1493 κεκαλυμμένους
678 1456 871 1492 ἐγκαταμίξας,
888 1456 935 1482 καὶ

985 951 1068 986 gelica
1081 951 1193 977 historia
1208 950 1332 978 conferre
1348 950 1478 982 volueris,
1495 950 1629 985 intelliges
1643 949 1767 984 profecto

985 996 1210 1024 acclamationem
1239 996 1323 1029 illam,
1337 1004 1388 1030 qua
1410 996 1497 1023 Pilato
1519 997 1607 1024 testati
1626 1000 1698 1028 sunt,
1713 1004 1766 1023 non

985 1043 1068 1070 alium
1084 1043 1134 1070 sibi
1148 1050 1236 1077 regem
1253 1051 1313 1070 esse
1331 1051 1411 1077 quam
1432 1043 1576 1077 Ctesarem,
1592 1043 1667 1071 brevi
1683 1043 1708 1070 in
1728 1043 1768 1078 ip-

984 1097 1077 1117 sorum
1095 1089 1206 1116 exitium
1223 1090 1347 1116 vertisse.
1368 1089 1455 1116 Aliam
1470 1090 1566 1117 deinde
1583 1089 1766 1116 calamitatem

984 1135 1073 1162 divina
1090 1135 1192 1162 ultione
1209 1136 1274 1170 ipsis
1291 1134 1392 1162 illatam
1418 1135 1488 1162 idem
1504 1136 1621 1170 scriptor
1635 1140 1768 1163 memorat

981 1180 1023 1208 his
1038 1181 1147 1208 verbis:
1168 1189 1178 1206 t
1197 1181 1262 1208 Post
1285 1180 1352 1213 htec,
1370 1181 1468 1215 inquit,
1491 1182 1574 1208 alium
1595 1189 1704 1216 quoque
1723 1187 1766 1208 tu-

981 1225 1096 1253 multum
1110 1226 1180 1253 idem
1192 1225 1295 1253 Pilatus
1319 1227 1458 1259 excitavit,
1469 1234 1530 1254 cum
1544 1228 1684 1262 pecuniam
1695 1227 1765 1255 sacri

982 1271 1070 1298 tmarii
1089 1272 1160 1306 quod
1183 1272 1331 1299 corbonam
1350 1273 1439 1307 patria
1461 1272 1552 1306 lingua
1572 1273 1719 1308 appellant,
1738 1273 1766 1301 in

983 1318 1212 1345 constructionem
1243 1318 1421 1352 aquaaductus
1456 1319 1632 1353 impenderet.
1662 1319 1765 1348 Aberat

983 1367 1072 1390 autem
1089 1370 1157 1397 aqua
1170 1370 1251 1399 quam
1265 1363 1398 1390 deducere
1412 1363 1438 1390 in
1453 1364 1545 1390 urbem
1570 1363 1671 1392 Pilatus
1688 1365 1764 1393 vole-

983 1410 1039 1440 bat.
1055 1409 1184 1436 trecentis
1202 1409 1235 1436 ab
1251 1409 1317 1436 urbe
1333 1410 1439 1437 stadiis.
1460 1410 1486 1436 ld
1502 1410 1577 1445 plebs
1587 1418 1659 1445 aegre
1673 1411 1764 1439 admo-

984 1456 1046 1482 dum
1063 1454 1176 1482 I'erehat.
1195 1454 1290 1489 Itaque
1305 1463 1365 1482 cum
1383 1455 1485 1483 Pilatus
1503 1456 1621 1483 venisset
1638 1455 1764 1484 Hieroso-

181 1535 237 1570 (ΞΟ)
264 1536 320 1571 ‘Evr
339 1535 466 1570 δευτέρῳ
498 1536 702 1571 σπηνγγφάιιματι
732 1533 756 1569 ᾧ
787 1537 930 1571 ἐπέγραψε

989 1535 1090 1563 Christi
1109 1541 1222 1563 mortem
1237 1536 1391 1570 comigisse.
1406 1536 1486 1570 Atqui
1509 1536 1640 1569 Josr-phus
1655 1536 1711 1571 ipse
1726 1542 1765 1564 te-

145 1570 215 1605 Περὶ
237 1570 358 1604 ἀρετῶν.
386 1571 413 1597 In
432 1570 577 1602 superiori
595 1570 682 1604 capite
708 1570 930 1603 observavimus,

146 1605 245 1641 librum
263 1605 382 1641 Philonis
402 1607 427 1633 in
456 1605 581 1641 Flaccum
597 1607 782 1634 collocandum
799 1615 857 1634 esse
871 1612 931 1641 post

145 1639 246 1668 librum
274 1640 311 1667 De
327 1641 456 1675 legatione
475 1642 508 1667 ad
523 1640 628 1673 Caium,
653 1649 705 1669 non
721 1646 810 1669 autem
828 1639 931 1677 priapo-

146 1677 274 1707 nendum,
287 1681 317 1702 ut
346 1677 424 1710 vulgo
442 1677 470 1703 ﬁt
485 1677 511 1702 in
527 1676 608 1703 editis
634 1681 661 1703 et
687 1677 713 1704 in
741 1676 931 1710 nian113criptis

145 1710 356 1744 exemplaribus.
371 1711 451 1745 idque
463 1711 568 1737 duobus
581 1711 750 1745 argumentis
765 1713 932 1739 demonstra-

145 1746 317 1780 vimus.quaa
337 1746 380 1772 hic
405 1750 527 1778 repetere
552 1746 715 1780 superﬂuum
741 1746 831 1774 luerit.
855 1746 931 1774 Nune

145 1788 210 1807 vero
223 1781 267 1807 hie
290 1780 399 1808 Eusebii
425 1780 500 1808 locus
519 1788 599 1815 quem
627 1789 681 1814 pra:
707 1782 830 1809 manibus
846 1782 927 1809 babe-

145 1823 217 1847 mus,
231 1816 392 1843 sententiam
414 1820 531 1842 nostram
558 1821 650 1849 aperte
679 1816 830 1843 conlirmat.
852 1816 930 1843 Post-

145 1857 225 1884 quam
264 1851 336 1877 enim
363 1851 491 1877 Eusebius
511 1850 582 1876 maia
610 1851 707 1884 quibus
732 1850 817 1878 Iudaei
836 1859 849 1877 a
866 1851 931 1879 Caio

146 1885 235 1912 vexati
249 1891 321 1917 sunt,
334 1893 367 1912 ex
381 1885 500 1912 Philonis
519 1885 587 1912 libro
599 1885 637 1912 lle
651 1885 779 1920 legatione
792 1887 825 1913 ad
838 1886 930 1913 Caium

147 1920 303 1955 singillatim
329 1921 561 1956 commemoravit,
590 1920 674 1956 addit.
704 1921 804 1948 inultas
825 1929 931 1956 quoque

147 1954 214 1982 alias
237 1956 412 1989 gravi~simas
437 1955 606 1982 calamitates
621 1954 723 1982 Iudaeis
739 1954 931 1983 Alexandrinis

145 1997 206 2017 esse
228 1991 317 2017 illatas
343 1990 462 2024 ejusdem
487 1990 545 2017 Caii
572 1991 736 2025 principatu,
764 1999 831 2025 quas
850 1991 931 2018 refert

147 2025 223 2052 Philo
240 2026 265 2052 iu
280 2025 398 2052 secundo
418 2025 487 2052 libro
502 2025 541 2052 De
560 2025 709 2053 virtutibus.
728 2025 776 2052 llic
799 2027 931 2052 secundus

147 2060 214 2087 liber
229 2068 281 2087 non
300 2065 389 2094 potest
406 2067 465 2087 esse
489 2060 557 2086 alius
572 2068 651 2094 quam
667 2060 735 2087 liber
751 2061 777 2087 in
793 2060 929 2087 Flaccum.

146 2094 203 2122 Non
226 2096 298 2122 enim
318 2095 368 2122 dici
384 2100 472 2129 potest
488 2103 548 2122 eum
569 2095 656 2129 ipsum
681 2103 742 2123 esse
765 2096 863 2122 librum
885 2095 930 2129 qui

147 2130 185 2157 De
198 2131 328 2165 legatione
344 2130 378 2156 ad
396 2130 492 2157 Caium
504 2130 674 2162 inscribitur,
691 2138 751 2157 CIIII]
764 2130 930 2165 Legutionem

146 2167 180 2191 ad
197 2164 292 2192 Caium
315 2165 414 2192 diserte
441 2165 589 2199 distinguat
608 2165 740 2193 Eusebius
756 2167 789 2193 ab
803 2164 861 2192 hoc
885 2174 930 2192 se-

146 2201 234 2227 cundo
249 2199 287 2226 De
306 2200 444 2227 virtutibus
459 2200 537 2227 libro.
555 2199 647 2227 Restat
662 2208 726 2234 ergo
742 2205 772 2227 ut
797 2202 929 2228 sccuudus

146 2236 191 2262 hic
208 2235 275 2262 liber
289 2235 324 2262 sit
349 2235 391 2262 ille
416 2236 473 2269 ipse
499 2235 544 2270 qui
566 2236 594 2262 in
621 2234 745 2261 Flaccum
761 2235 927 2262 inscribitur.

146 2271 221 2297 Adde
235 2270 306 2304 quod
320 2278 372 2296 non
399 2271 425 2298 iu
444 2271 497 2297 alio
513 2278 594 2305 quam
609 2270 638 2297 in
659 2270 703 2297 illo
715 2271 841 2297 adversus
853 2271 931 2296 ("lar-

147 2314 205 2332 cum
237 2305 324 2336 libro,
341 2306 517 2339 gravissimas
544 2305 603 2332 illas
638 2305 807 2332 calamitates
830 2305 929 2332 Iudaris

147 2340 338 2367 Alexandrinis
354 2341 441 2368 illatas
455 2340 547 2367 retulit
566 2340 654 2367 Philo.
673 2340 713 2367 Ex
731 2348 786 2374 quo
809 2348 931 2367 necessa-

149 2376 188 2401 rio
204 2376 356 2406 coniicitur,
371 2376 517 2402 secundum
535 2375 608 2401 illum
634 2376 672 2402 De
689 2375 830 2402 uirtutibus
844 2375 931 2402 Philo-

149 2410 189 2445 nis
202 2410 310 2442 librum,
320 2418 371 2436 non
385 2411 467 2437 alium
482 2418 540 2437 esse
551 2418 631 2445 quam
646 2410 742 2438 librum
754 2411 781 2437 in
794 2410 928 2437 Iv‘lacutm.

149 2444 196 2478 Qui
214 2445 322 2479 quidem
341 2445 408 2472 liber
422 2444 567 2480 inscriptus
590 2446 677 2472 fuerat
693 2453 706 2472 a
725 2446 836 2473 Philone
860 2445 930 2479 Περὶ

148 2480 270 2514 ἀρετῶν,
294 2481 403 2513 perinde
420 2488 452 2507 ac
475 2482 548 2515 prior
568 2481 612 2507 ille
632 2481 676 2515 qui
700 2480 867 2515 Legutionem
895 2481 929 2508 ad

148 2515 241 2542 Cuium
257 2515 386 2542 continet.
407 2515 502 2543 Docuit
529 2516 553 2542 id
575 2523 625 2542 uos
650 2515 692 2542 hic
707 2516 813 2542 Eusebii
832 2516 927 2548 locus;

148 2551 189 2588 cui
200 2550 351 2588 iungendus
361 2555 400 2588 est
414 2551 481 2588 alter
497 2551 634 2588 egeapite
650 2551 681 2588 l8
697 2551 776 2588 hujus
789 2551 927 2588 libritubi

149 2585 261 2612 testatur
273 2585 404 2612 Eusebius
429 2585 520 2620 plures
542 2585 625 2612 libros
641 2587 674 2612 de
699 2585 846 2612 sceleribus
869 2586 926 2612 Caii

148 2627 162 2645 a
182 2619 296 2647 Philone
326 2619 492 2655 conscriptos
514 2628 575 2647 esse
601 2628 667 2654 quos
685 2621 728 2647 ille
755 2622 868 2654 ligni-ate
891 2621 927 2648 De

147 2655 284 2681 virtutibus
309 2655 454 2689 inscripsit.
479 2655 568 2688 Quare
590 2656 643 2689 hoc
664 2655 722 2682 loco
739 2656 829 2681 malint
855 2656 927 2689 lege-

148 2697 184 2721 re,
211 2691 240 2716 ὲν
263 2688 603 2726 δευτέριμσυγγρὰμματι
627 2688 663 2717 ὧν
691 2690 828 2725 ἐπέγραψε
857 2688 926 2725 Πὲρὶ

147 2725 267 2751 ἀρετῶν.

161 2733 267 2758 ιρι-των.

181 2761 236 2796 (2i)
247 2760 325 2794 Εἴσῃ
337 2759 377 2792 ὡς
389 2761 443 2787 οὐκ
464 2763 508 2793 εὶς
515 2761 633 2795 μακρὰν
646 2761 755 2794 αὐτοὺς
765 2761 924 2796 μετῆλθεν.

148 2793 200 2822 lloi:
217 2793 279 2822 loco
293 2796 433 2830 perspicue
448 2793 627 2822 halluciuatur
642 2793 781 2828 Eusebius,
807 2797 853 2830 qui
876 2805 925 2830 pu-

149 2830 214 2866 tavit
227 2836 259 2856 ea
272 2837 333 2864 quae
345 2829 477 2866 Iosephus
492 2831 574 2858 refert
599 2831 631 2866 de
649 2829 924 2866 imaginibus'riberii

146 2864 257 2892 aPilato
273 2865 422 2900 importatis
437 2865 463 2892 in
489 2867 582 2893 urbem
608 2864 830 2901 Hierosolymam,
866 2871 925 2900 post

986 1575 1082 1603 statur,
1100 1571 1125 1597 id
1148 1571 1281 1598 accidisse
1304 1571 1382 1598 initio
1406 1572 1650 1598 administrationis
1673 1572 1762 1599 Pilati.

982 1606 1114 1643 Sieenitu
1127 1606 1234 1643 scribit
1258 1606 1283 1643 in
1303 1606 1370 1643 libro
1383 1614 1399 1632 ιι
1417 1606 1454 1632 De
1465 1606 1530 1643 bello
1543 1606 1658 1643 Iudaico
1671 1615 1680 1634 :
1693 1607 1764 1643 Πεμ-

982 1641 1057 1675 φθεὶς
1068 1641 1095 1667 δὲ
1109 1641 1296 1677 εἰςῇιουδαίαν
1308 1641 1452 1677 ἐπίτροπος
1473 1642 1524 1668 ὑπὸ
1540 1642 1662 1677 Τιϐερίου
1681 1641 1763 1669 Πιλά-

982 1685 1037 1707 τος,
1053 1681 1105 1703 etc.
1119 1676 1189 1702 idem
1201 1684 1308 1711 (proque
1322 1676 1443 1709 apertius
1453 1681 1566 1703 testatur
1580 1676 1685 1704 in'libro
1696 1686 1759 1705 xvnt

982 1711 1184 1745 Antiquitatum.
1201 1711 1298 1738 Missus
1313 1717 1353 1738 est
1370 1716 1459 1737 autem
1482 1712 1507 1738 in
1526 1711 1645 1739 Ittdxam
1662 1712 1762 1740 [titulus

982 1754 1054 1773 anno
1068 1745 1168 1782 Tiberii
1185 1746 1356 1782 duodecimo,
1379 1746 1405 1772 id
1416 1751 1456 1773 est
1470 1747 1586 1774 triennio
1601 1753 1664 1775 ante
1678 1748 1765 1782 bapti-

982 1788 1069 1818 smum
1082 1781 1191 1818 Christi.
1208 1781 1362 1818 Absurdum
1381 1781 1463 1815 igitur
1474 1782 1630 1818 estdicere,
1657 1791 1687 1809 ea
1703 1781 1762 1818 qua:

982 1815 1081 1843 Iudaeis
1094 1817 1251 1843 acciderunt
1265 1815 1309 1843 diu
1326 1820 1389 1842 aute
1407 1817 1562 1849 passionem
1580 1817 1689 1848 Christi.
1709 1815 1761 1845 non

981 1852 1016 1876 ob
1029 1851 1109 1877 aliain
1126 1859 1234 1877 causam
1247 1859 1326 1885 quam
1345 1851 1379 1878 ob
1396 1851 1484 1878 scelus
1499 1851 1562 1878 illud
1584 1853 1608 1878 iu
1624 1853 1763 1882 Christum

982 1886 1139 1922 admissum,
1155 1887 1219 1922 ipsis
1232 1886 1386 1922 contigisse.
1405 1885 1455 1922 Est
1476 1891 1503 1913 et
1518 1887 1590 1913 aliud
1609 1888 1760 1922 quidpiam,

981 1921 1051 1954 quod
1066 1921 1091 1946 in
1109 1920 1224 1948 Eusebio
1237 1921 1351 1948 fortasse
1365 1921 1426 1954 quis
1445 1921 1529 1955 possit
1553 1920 1760 1954 reprehendere.

982 1955 1151 1990 Existimavit
1175 1956 1245 1982 enim
1265 1955 1406 1986 Eusebius,
1428 1964 1509 1982 unum
1533 1956 1656 1990 idemque
1681 1956 1760 1984 Pilali

982 1989 1087 2017 facinus
1104 1995 1157 2016 tum
1174 1998 1187 2016 a
1204 1990 1324 2022 l’biIOne,
1344 1994 1398 2016 tum
1418 1998 1432 2017 a
1456 1990 1572 2025 Ioseplto
1596 1989 1762 2018 commemo-

983 2026 1055 2059 rari};
1071 2033 1130 2051 cum
1149 2031 1236 2052 tatnen
1254 2025 1275 2052 si
1291 2025 1352 2059 quis
1367 2025 1520 2059 diligentius
1535 2026 1688 2059 intenderit,
1702 2028 1761 2054 diue

983 2060 1034 2095 illa:
1046 2068 1078 2086 ac
1093 2060 1205 2087 diversa:
1226 2067 1268 2086 res
1284 2067 1344 2086 esse
1367 2061 1517 2087 videantur.
1535 2060 1667 2095 Iosephus
1687 2062 1760 2089 enim

982 2094 1100 2130 loquitur
1125 2096 1158 2122 de
1176 2094 1259 2129 signis
1278 2102 1323 2122 seu
1339 2095 1371 2121 de
1395 2096 1556 2129 imaginibus
1579 2094 1761 2130 imperatoris,

981 2129 1058 2156 Philo
1076 2137 1138 2157 vero
1153 2131 1184 2157 de
1199 2130 1297 2165 elypeis
1313 2131 1424 2162 auratis,
1439 2131 1483 2164 qui
1498 2131 1596 2158 nullam
1614 2129 1758 2165 imaginem

981 2165 1123 2196 haberent,
1140 2166 1186 2192 sed
1200 2173 1296 2192 nomen
1313 2165 1444 2192 duntaxat
1459 2165 1561 2193 Tiberii
1585 2165 1700 2193 Caesaris
1716 2167 1760 2194 cui

944 2220 969 2249 υ
982 2200 1186 2249 trra-293:3“:
1199 2208 1273 2249 .t'L":
1291 2201 1493 2249 ".°.":‘:Le.".““"
1509 2202 1562 2249 ,ιιιιί
1649 2201 1759 2249 artic"-

982 2235 1035 2260 bat.
1051 2234 1182 2262 l’rtetcrea
1198 2236 1222 2262 id
1239 2236 1309 2269 quod
1321 2241 1413 2261 narrat
1427 2234 1570 2270 Iosephus,
1582 2236 1760 2264 acciditanno

981 2270 1068 2303 primo
1080 2270 1322 2297 administrationis
1338 2270 1426 2302 l’ilali,
1445 2277 1508 2298 tunc
1519 2280 1579 2298 cum
1595 2271 1696 2298 Pilatus
1713 2280 1759 2297 ur-

982 2306 1041 2331 bem
1059 2305 1330 2340 llierosolymilanam
1346 2305 1461 2338 primum
1478 2307 1616 2340 ingressus
1628 2312 1678 2333 est.
1690 2306 1756 2334 Illud

983 2347 1072 2366 autent
1090 2341 1160 2374 quod
1183 2339 1266 2368 refert
1284 2339 1368 2373 Philo,
1395 2349 1442 2367 seu
1469 2339 1557 2375 potius
1574 2348 1621 2367 rex
1640 2341 1758 2375 Agrippa

981 2375 1049 2409 apud
1064 2375 1214 2408 Philonem,
1233 2381 1295 2402 tttnc
1311 2375 1423 2410 contigit
1437 2385 1498 2403 cum
1513 2376 1613 2402 Pilatus
1628 2376 1683 2410 jam
1700 2377 1758 2410 plu-

980 2417 1024 2436 res
1035 2418 1120 2437 aunos
1132 2411 1374 2437 administrationis
1393 2419 1445 2437 sum
1463 2411 1631 2445 complesset,
1656 2415 1684 2437 ttt
1706 2411 1755 2438 ibi-

980 2445 1039 2471 dem
1059 2450 1171 2472 testatur
1185 2445 1270 2472 Philo.

1015 2479 1070 2515 (22)
1083 2480 1280 2514 Περιστὰντες
1294 2479 1326 2506 τὸ
1346 2479 1440 2514 βῆμα.
1457 2480 1502 2507 Sic
1526 2481 1595 2514 apud
1612 2479 1757 2513 Iosephum

979 2520 1006 2550 et
1021 2515 1200 2549 Nicephorum
1220 2515 1376 2550 legiturtln
1392 2517 1490 2542 nostris
1516 2521 1602 2542 tamen
1619 2515 1756 2542 codicibus

979 2549 1048 2577 Maz.
1067 2552 1170 2578 scilicet
1190 2549 1258 2577 Med.
1273 2549 1389 2586 ctrFuk.
1411 2551 1539 2586 scriptum
1553 2556 1594 2577 est
1611 2550 1757 2586 περιστάντ

978 2593 1023 2615 τες
1038 2585 1148 2619 τόλμαν,
1167 2586 1237 2613 haud
1253 2585 1333 2611 dubio
1351 2592 1399 2619 pro
1411 2585 1440 2611 τὸ
1454 2585 1537 2620 βῆμα.

1003 2622 1059 2655 (25)
1090 2621 1169 2656 Vulg.
1196 2622 1345 2654 ἐνόπλους
1373 2622 1506 2655 ἵστησιν.
1531 2621 1669 2648 Postrema
1701 2629 1751 2647 vox

968 2656 1044 2684 deest
1059 2657 1085 2684 in
1108 2657 1201 2684 codice
1224 2657 1307 2691 Regio
1322 2662 1349 2684 et
1371 2658 1440 2691 apud
1457 2656 1621 2690 Joscphum;
1643 2664 1674 2683 ac
1693 2664 1754 2682 meo

968 2693 1076 2725 quidem
1093 2692 1196 2726 judicio
1211 2692 1388 2726 expungenda
1405 2696 1445 2719 est
1462 2697 1589 2726 tanquam
1606 2691 1752 2726 superﬂua.

968 2726 1028 2753 Mox
1047 2727 1073 2753 in
1089 2728 1173 2756 tribus
1189 2729 1290 2754 nostris
1302 2727 1440 2754 codicibus
1452 2727 1530 2757 Μαι..
1546 2727 1615 2754 Med.
1630 2735 1660 2753 ac
1674 2726 1752 2757 Fuk.,

969 2762 1102 2796 scriptum
1127 2762 1216 2789 inverti
1237 2762 1378 2797 ἐσθήσεσιν
1394 2762 1549 2794 ἰδιωτικαῖς,
1563 2767 1643 2796 atque
1661 2762 1697 2788 ita
1713 2762 1752 2787 le-

969 2797 1127 2859 pypud
1143 2797 1291 2832 Iosrphum
1307 2806 1338 2825 ac
1352 2797 1544 2832 Nicephorum,
1559 2798 1687 2824 mendose
1704 2804 1753 2832 pro

985 2840 1088 2867 ςυησιν.
