1982 3159
231 145 277 171 (Ἠ

581 141 715 170 EUSEBll
733 119 973 169 CAESARIENSIS
990 139 1003 168 (

1058 162 1064 167 .
1086 139 1177 167 PARS
1196 139 1216 166 Ι.
1236 155 1272 160 -
1292 139 1485 167 ιιιδτοιιιελ.

1799 143 1851 170 173

229 203 266 230 tni
282 203 323 230 sui
338 200 471 229 sententia
484 199 618 227 victurum
637 206 698 227 esse
713 199 965 234 speravit.Tandetn
978 207 1003 226 at

1070 198 1182 230 Ἐπιϐὰς
1212 199 1241 224 δὲ
1269 198 1319 233 τῆς
1349 197 1490 233 Ῥωμαίων
1524 198 1635 230 πόλεως,
1656 200 1853 235 συναιρομὲνης

228 250 321 276 urbem
339 248 451 274 Romam
468 246 585 277 delatus,
601 254 652 280 ope
664 251 744 280 atque
755 246 911 280 adiumento
925 246 1012 272 subsi-

228 294 315 322 dentis
328 294 426 320 ibidem
443 293 588 324 daemonis,
605 292 679 319 brevi
696 297 810 319 conatus
832 299 896 319 suos
922 297 1011 318 tanto-

226 348 292 376 pere
301 339 445 375 promovit,
458 344 487 366 ttt
500 339 571 366 illius
580 338 695 366 civitatis
709 339 832 365 homines
845 339 868 365 ei
882 343 1009 372 tanquatn

224 388 275 414 deo
299 392 416 414 statuant
435 385 603 413 collocarint.
621 384 673 411 Sed
691 384 747 411 haec
760 391 812 411 non
829 384 874 411 diu
898 391 931 410 ex
948 388 1010 410 voto

226 435 263 460 illi
277 433 425 461 (luxerunt.
445 431 594 459 Confestim
611 431 682 457 enim
695 430 760 463 ipsis
773 429 877 457 Claudii
895 429 1009 463 Augusti

226 479 407 514 temporibus,
429 478 542 512 benigna
566 481 593 503 et
617 476 826 503 clementissima
851 475 896 502 Dei
919 476 1008 510 provi-

225 525 316 553 dentia
340 524 517 552 fortissimum
537 528 572 550 ~et
598 522 745 549 maximum
774 522 844 548 inter
872 522 1009 556 apostolos

224 570 333 598 Petrum
363 575 391 596 et
417 569 525 596 virtutis
553 568 651 595 merito
689 567 852 602 reliquorum
888 567 1008 593 omnium

225 617 374 652 principetn
392 623 422 643 ac
436 621 579 651 patronum
593 614 703 641 llomant
725 614 856 640 adversus
875 613 945 640 illam
961 620 1009 648 ge-

226 663 300 690 neris
314 662 424 690 humaui
446 661 534 688 labettt
551 667 582 686 ac
598 664 698 694 pestem
720 658 854 694 perducit.
882 659 932 692 Qui
948 665 1008 686 tau-

224 716 304 743 quam
333 713 458 735 strenuus
484 706 581 733 divinae
606 705 707 732 militiae
732 705 828 732 ductor
850 705 1008 733 caelestibus

225 754 308 781 armis
321 754 452 784 munitus,
474 753 622 787 pretiosam
646 751 718 778 illam
738 751 805 780 lucis
832 751 1008 786 iutelligibilis

224 803 338 822 mercem
366 796 399 823 ab
428 797 530 822 oriente
554 795 587 822 ad
614 803 662 823 eos
687 795 733 829 qui
760 802 855 822 versus
881 801 1008 821 occasum

224 841 396 874 habitabant,
423 841 519 868 detulit
546 848 551 864 :
583 841 669 868 lucem
697 841 782 875 ipsatn
809 845 835 866 et
862 841 1006 866 salutarent

1065 244 1138 280 αὐτῷ
1154 244 1188 271 τὰ
1205 244 1308 280 μεγάλα
1322 244 1372 279 τῆς
1385 243 1583 279 ὲφεδρευούσης
1600 244 1655 278 (Si)
1675 244 1793 271 ἐνταῦθα
1805 245 1853 272 δυ-

1065 291 1181 326 νάμεως,
1212 292 1240 317 ἐν
1262 290 1345 326 ὀλίγῳ
1367 289 1494 316 τοσοῦτον
1520 290 1555 316 τὰ
1576 290 1626 325 τῆς
1655 291 1853 327 ἐπιχειρήσεως

1064 337 1172 373 ἤνυστο,
1189 337 1226 368 ὡς
1241 337 1288 363 καὶ
1308 336 1464 372 ἀνδριάντος
1483 336 1608 363 ἀναθέσει
1626 337 1695 372 7:96;
1718 337 1772 363 τῶν
1787 338 1852 373 τῇδε

1064 378 1106 407 οἷα
1123 381 1182 409 θεὸν
1195 381 1352 416 τιμηθῆναι.
1369 381 1405 408 Οὺ
1422 382 1475 417 μὴν
1487 381 1527 412 εἰς
1549 382 1654 418 μακρὸν
1669 382 1743 417 αὐτῷ
1766 383 1854 411 ταῦτα.

1063 427 1226 463 προύχώρει.
1243 427 1405 463 Παραπόδας
1416 427 1480 462 γοῦν
1494 428 1540 454 ἐπὶ
1554 428 1605 463 τῆς
1619 429 1704 464 αὐτῆς
1719 429 1853 456 Κλαυδίου

1064 473 1211 508 βασιλείας,
1241 474 1256 508 ἡ
1279 474 1434 508 πανάγαθος
1455 475 1502 500 καὶ
1530 474 1773 510 φιλανθρωποτάτη
1797 475 1852 502 τῶν

1063 518 1130 546 ὅλων
1145 520 1270 555 Πρόνοια,
1287 519 1332 546 τὸν
1345 520 1477 556 καρτερὸν
1500 521 1546 546 καὶ
1564 520 1650 555 μέγαν
1666 521 1719 547 τῶν
1736 521 1852 547 ἀποστό-

1062 565 1125 597 λων,
1140 565 1185 592 τὺν
1201 566 1300 601 ἀρετῆς
1314 565 1395 592 ἕνεκα
1408 566 1463 592 τῶν
1475 566 1574 592 λοιπῶν
1587 567 1712 594 ἁπάντων
1732 569 1852 603 προήγο-

1063 620 1118 647 ρον,
1136 612 1248 648 Πέτρον,
1265 613 1311 639 ἐπὶ
1329 612 1376 648 τὴν
1398 611 1506 647 Ῥώμην
1519 613 1557 644 ὡς
1571 613 1617 639 ἐπὶ
1635 614 1791 649 τηλικοῦτον
1805 614 1853 640 λυ-

1064 657 1153 692 μεῶνα
1167 657 1223 692 βίου
1235 659 1412 696 χειραγωγεῖι
1423 657 1451 689 ὃς
1466 654 1512 684 οἷά
1524 666 1565 689 τις
1587 660 1708 692 γενναῖος
1723 659 1770 685 τοῦ
1782 659 1851 685 Θεοῦ

1062 704 1213 740 στρατηγὸς
1227 705 1283 735 τοῖς
1293 704 1375 736 θείοις
1389 704 1481 736 ὅπλοις
1501 704 1682 739 φραξάμενος,
1703 705 1752 740 τὴν
1765 705 1849 732 πολυ-

1061 750 1173 785 τίμητον
1197 750 1346 786 ἑμπορείαν
1367 750 1415 777 τοῦ
1433 751 1528 785 νοητοῦ
1555 752 1642 785 φωτὸς
1668 750 1697 783 ἐξ
1713 751 1849 778 ἀνατολῶν

1060 798 1115 828 τοῖς
1135 796 1204 823 κατὰ
1217 796 1293 822 δύσιν
1308 796 1444 832 ἐκόμιζεν.
1455 796 1514 831 φῶς
1530 797 1594 823 αὐτὸ
1609 797 1656 823 καὶ
1667 797 1744 831 λόγον
1755 798 1850 833 ψυχῶν

1061 843 1203 878 σωτήριον.
1229 843 1259 870 τὸ
1282 844 1412 879 κήρυγμα
1427 844 1476 879 τῆς
1497 843 1550 870 τῶν
1566 843 1688 879 οὐρανῶν
1710 844 1850 879 βασιλείας

223 888 359 915 mentibus
378 887 546 919 doctrinam,
567 894 679 922 regnum
699 887 801 914 scilicet
820 887 949 913 cm‘ornm
969 885 1003 912 eis

1058 887 1307 924 εὐαγγελιζόμενος.

222 933 397 960 annuntians.

513 976 627 1003 CAPUT
657 976 712 1004 XV.

362 1021 397 1047 De
414 1020 554 1055 Evangelia
574 1024 716 1047 secundum
733 1021 864 1050 Marcum.

255 1067 340 1100 Igitur
358 1075 418 1094 cum
448 1068 494 1094 Dei
516 1067 637 1093 doctritta
658 1066 796 1096 Romanos
816 1069 933 1096 adventu
957 1077 1006 1097 suo

221 1113 392 1146 illustrassel,
408 1112 526 1139 Simonis
549 1113 657 1147 quidem
683 1114 723 1140 vis
746 1122 778 1141 ac
799 1116 918 1149 potentia
944 1123 1005 1143 cum

221 1160 279 1193 ipso
293 1158 372 1186 simul
389 1162 500 1186 auctore
514 1158 589 1185 brevi
602 1159 734 1186 exstincta
752 1165 833 1195 atque
851 1161 937 1188 deleta
950 1167 1004 1188 est.

220 1203 324 1231 Tantus
335 1208 426 1231 autem
438 1204 562 1231 veritatis
576 1203 663 1239 fulgor
682 1206 794 1232 emicuit
819 1206 846 1233 in
870 1208 1006 1235 mentibus

219 1257 312 1278 eorum
336 1250 382 1284 qui
400 1249 510 1277 Petrum
526 1251 680 1283 audierant,
697 1257 726 1278 ut
755 1259 850 1286 parum
875 1253 1005 1281 haberent

218 1295 300 1322 semel
314 1295 430 1326 audisse,
440 1294 492 1329 53
504 1301 553 1321 nec
569 1295 687 1321 contenti
698 1300 789 1322 essent
800 1296 917 1323 caelestis
929 1296 1003 1323 verbi

218 1341 372 1368 doctrinam
391 1341 452 1367 viva
473 1347 550 1371 voce,
565 1340 648 1367 nullis
662 1342 790 1368 traditam
806 1341 915 1376 scriptis
931 1350 1005 1369 acce-

216 1388 291 1423 pisse
306 1396 313 1415 :
333 1388 380 1415 sed
396 1387 516 1414 Marcum
541 1387 613 1414 Petri
637 1392 798 1414 sectatorem
813 1388 889 1421 cujus
906 1389 1003 1416 hodie—

217 1442 270 1468 que
284 1438 374 1462 exstat
388 1433 580 1469 Evangelium,
599 1435 679 1462 enixe
693 1440 802 1462 orarent
823 1440 851 1461 ut
872 1435 1003 1462 doctrina:

218 1481 290 1508 i‘iius
313 1488 395 1515 quam
416 1481 508 1507 audittt
538 1486 712 1514 acceperant,
737 1481 867 1515 scriptum
896 1480 1003 1514 aliquod

217 1531 424 1554 monumentum
438 1526 509 1560 apttd
527 1534 556 1553 se
570 1526 744 1561 relinqueret.
759 1526 815 1553 Nec
835 1527 907 1567 prius
919 1527 1003 1553 desti-

1320 975 1515 1002 ΙὶΕΦΑΛΑῐΟΝ
1529 976 1580 1002 ῙΕ’.

1057 1021 1124 1055 Περὶ
1135 1021 1187 1047 τοῦ
1197 1021 1270 1047 κατὰ
1277 1021 1398 1054 Μάρκον
1406 1023 1588 1055 Είιαγνγελίου
1596 1020 1667 1057 (Nic.
1679 1021 1783 1053 (LE-tt.
1791 1023 1798 1049 Ι
1805 1022 1844 1057 εἰ).

1092 1067 1169 1094 Οὕτω
1184 1068 1214 1102 δὴ
1231 1065 1276 1093 οὖν
1288 1067 1504 1102 ἐπιδημήσαντος
1512 1068 1602 1099 αὐτοῖς
1612 1067 1658 1094 τοῦ
1671 1068 1743 1094 θείου
1753 1068 1845 1103 λόγου,

1055 1114 1071 1149 ἡ
1088 1113 1136 1149 μὲν
1150 1113 1197 1139 τοῦ
1220 1113 1340 1148 Σίμωνος
1356 1113 1463 1148 ἀπέσϐη
1479 1113 1525 1139 καὶ
1544 1114 1715 1149 παραχρῆμα
1733 1115 1781 1141 σὺν
1797 1115 1846 1141 καὶ

1054 1160 1093 1196 τῷ
1108 1160 1183 1195 ἀνδρὶ
1194 1160 1357 1186 καταλέλυτο
1370 1160 1424 1195 (52)
1434 1159 1558 1194 δύναμις,
1574 1160 1683 1186 τοσοῦτο
1693 1160 1714 1186 δ’
1725 1160 1844 1195 ἐπέλαμ-

1055 1205 1104 1240 ψεν
1127 1207 1185 1237 ταῖς
1202 1205 1254 1232 τῶν
1272 1205 1413 1241 ἀκροατῶν
1435 1206 1481 1231 τοῦ
1502 1206 1604 1241 Πέτρου
1618 1205 1752 1237 -διανοίαις
1766 1207 1844 1232 εὐσε-

1056 1251 1131 1282 ϐείας
1144 1251 1253 1285 φέγγος,
1265 1251 1302 1282 ὡς
1316 1251 1352 1286 μὴ
1367 1253 1399 1286 τῇ
1421 1251 1537 1283 εἰσάπαξ
1553 1251 1652 1282 ἱκανῶς
1663 1251 1734 1286 ἔχειν
1748 1252 1842 1286 ἀρκεῖ-

1055 1296 1116 1322 σθαι
1141 1297 1220 1331 ἀκοῇ,
1243 1296 1309 1332 μηδὲ
1328 1298 1359 1332 τῇ
1381 1298 1496 1332 ἀγράφῳ
1514 1297 1560 1323 τοῦ
1576 1297 1647 1323 Θείου
1667 1297 1844 1333 κηρύγματος

1053 1342 1417 1379 διδασκαὶ.ία,ξπαρακλήσεσι
1433 1343 1461 1369 δὲ
1476 1344 1616 1375 παντοίαις
1631 1344 1753 1379 Μάρκον,
1768 1341 1798 1370 οὗ
1811 1344 1842 1370 τὸ

1054 1388 1218 1424 Εὑαγγέλιον
1232 1389 1353 1425 φέρεται,
1367 1389 1511 1416 ἀκόλουθον
1531 1391 1593 1416 ὄντα
1612 1390 1715 1425 Πέτρου
1729 1390 1843 1428 λιπαρῆ-

1055 1444 1110 1466 σαι,
1126 1435 1162 1466 ὼς
1176 1435 1207 1461 ἂν
1224 1435 1270 1462 καὶ
1291 1435 1333 1462 διὰ
1352 1436 1459 1470 γραφῆς
1476 1436 1624 1470 ὑπόμνημα
1641 1436 1689 1469 τῆς
1702 1436 1746 1462 διὰ
1763 1436 1842 1470 λόγου

1054 1480 1250 1516 παραδοθείσης
1265 1481 1355 1511 αὐτοῖς
1368 1480 1525 1515 καταλείψοι
1540 1481 1721 1513 διδασκαλίας,
1732 1482 1768 1516 μὴ
1780 1482 1844 1517 πρό-

1054 1526 1132 1562 τερόν
1150 1535 1179 1552 τε
1196 1527 1309 1558 ἀνεῖναι,
1335 1526 1351 1561 ἦ
1376 1526 1597 1561 κατεργάσασθαι
1620 1527 1665 1553 τὸν
1685 1528 1779 1563 ἄνδρα,
1795 1529 1843 1554 καὶ

220 1576 308 1599 terunt
326 1579 408 1606 quam
422 1572 559 1599 hominem
582 1579 794 1607 expugnassent,
823 1579 1001 1608 auctoresque

1058 1570 1137 1606 ταύτῃ
1149 1571 1250 1602 αἰτίους
1263 1571 1389 1605 γενέσθαι
1402 1571 1451 1606 τῆς
1464 1571 1510 1597 τοῦ
1525 1571 1669 1607 λεγομένου
1683 1573 1752 1599 κατὰ
1764 1573 1843 1609 Μάρ-

218 1617 356 1645 scribeudi
375 1618 446 1645 illius
474 1619 546 1652 quod
573 1619 719 1645 secundum
744 1618 864 1646 Marcum
891 1619 1001 1652 dicitur,

216 1664 355 1700 Evangelii
369 1664 547 1691 exstitissent.
564 1663 639 1697 Quod
655 1672 716 1692 cum
729 1664 825 1692 Petrus
838 1673 884 1699 per
900 1665 1003 1692 revela-

218 1712 318 1737 tioncttt
326 1711 410 1737 sancti
423 1710 539 1744 Spiritus
548 1711 729 1746 cognovisset,
742 1711 891 1738 delectatus
899 1711 1003 1739 ardenti

221 1756 361 1783 hominum
374 1756 472 1785 studio.
485 1756 584 1783 librttttt
599 1755 671 1783 illum
687 1757 848 1784 auctoritate
861 1764 908 1784 sua
925 1765 1003 1784 com-

216 1801 348 1837 probasse
363 1802 472 1832 dicitur.
483 1806 512 1828 ut
523 1802 650 1837 deinceps
675 1803 701 1828 iu
718 1803 841 1830 ecclesiis
855 1803 1001 1838 legeretur.

216 1848 344 1876 Refertur
359 1849 384 1875 id
403 1856 416 1874 a
429 1848 567 1876 Clemente
578 1849 604 1876 in
620 1854 696 1876 sexto
709 1849 908 1876 lnuilttliaimm
922 1850 1001 1876 libro.

216 1895 265 1921 Cui
295 1894 371 1922 testis
399 1895 480 1922 etiam
511 1895 615 1922 accedit
642 1895 755 1930 Papias,
782 1895 999 1929 Hiet-apolitanus

216 1939 366 1973 episcopus.
395 1938 478 1966 Porro
509 1939 592 1967 Marci
612 1941 777 1968 mentionem
802 1940 859 1968 ﬁeri
883 1941 957 1968 aiunt
983 1948 999 1968 a

251 2034 309 2070 (5t)
329 2033 384 2068 Τῆς
398 2033 630 2070 ἐφεδρευούσηςν.
647 2033 714 2062 Male
731 2034 803 2070 hunc
821 2034 910 2061 locum
932 2034 1004 2067 cepit

217 2068 342 2097 Rttlinus.
355 2071 394 2097 sic
407 2068 477 2096 enim
492 2071 572 2096 vertit
588 2079 594 2096 :
614 2069 641 2096 Ιε
654 2070 743 2096 urbem
766 2068 876 2096 Romam
900 2070 1003 2103 ingres-

216 2112 273 2136 sus,
290 2110 363 2131 utens
377 2105 537 2130 adminiculo
562 2105 707 2131 assistentis
727 2105 776 2131 sibi
800 2110 822 2131 et
845 2105 1003 2131 adltrerentis

216 2140 387 2165 dwittoniaca:
400 2139 513 2171 virtutis,
528 2147 606 2174 quam
625 2139 765 2173 paredrum
782 2145 885 2166 vocant.
905 2139 1001 2166 V'eruut

216 2174 351 2200 Eusebius
365 2174 484 2208 loquitur
509 2175 543 2201 de
562 2173 694 2205 da‘tnone,
718 2175 764 2207 qtti
787 2175 813 2200 iu
837 2175 903 2200 urbe
918 2174 1001 2200 Roma

216 2208 295 2243 quasi
313 2209 339 2235 itt
356 2209 445 2240 capite
458 2208 540 2235 totius
557 2209 662 2243 mrtttnli,
684 2209 774 2236 sedem
787 2217 818 2235 ac
834 2209 1002 2235 domicilium

216 2242 355 2279 posuerat.
381 2244 410 2270 ltt
427 2244 522 2271 codice
540 2242 692 2271 Fuketiauo
705 2249 733 2270 et
748 2243 885 2270 Saviliano
902 2243 1002 2278 legitur

216 2278 437 2316 ouv§§peuoticnc.

252 2312 309 2349 (52)
328 2315 391 2341 Σὺν
405 2312 455 2340 καὶ
477 2313 517 2347 τῷ
531 2314 616 2348 ἀνδρὶ
629 2312 824 2340 καταλένιυτο.
841 2313 883 2349 Exi
892 2313 936 2349 his
949 2313 1001 2339 En-

217 2348 286 2376 sebii
297 2351 390 2377 verbis
406 2350 549 2383 perspicue
567 2349 713 2381 colligitur,
741 2350 860 2376 Simonis
876 2348 945 2382 Magi
962 2349 1002 2374 itt-

216 2385 326 2411 teritutu
338 2385 429 2412 Roma:
437 2385 587 2418 contigisse
596 2384 747 2418 principatu
758 2384 863 2411 Claudii
876 2383 1000 2416 Augusti.

215 2419 284 2446 Nam
301 2419 433 2446 Eusebius
445 2419 541 2446 scribit
555 2419 664 2446 Petrum
679 2424 809 2453 regnante
826 2419 937 2446 Claudio
949 2418 1002 2444 Ro-

216 2462 287 2480 mam
315 2455 438 2486 vvnisse;
465 2454 613 2488 statimque
639 2454 758 2481 Simonis
782 2455 901 2488 magicas
929 2460 999 2480 artes

216 2488 289 2516 l’etri
307 2490 426 2515 adventu
454 2489 605 2521 discusses,
622 2494 649 2516 et
674 2497 734 2515 cum
751 2495 863 2515 auctore
881 2489 939 2523 ipso
955 2490 998 2514 de-

215 2529 333 2551 structas
350 2525 444 2552 fuisse.
463 2524 609 2551 Eusebium
633 2528 742 2551 secutus
768 2524 886 2559 Syuteou
917 2523 999 2550 Meta—

215 2559 339 2592 phrastes
355 2580 362 2592 ,
388 2559 506 2586 Simonis
534 2559 674 2586 interitum
703 2559 808 2586 Claudii
834 2559 1001 2592 temporibus

216 2593 348 2621 accidisse
363 2595 467 2621 scribit.
481 2596 514 2621 At
529 2594 660 2621 Baronius
673 2594 698 2620 itt
710 2593 868 2625 Annalibus,
882 2599 909 2618 et
923 2593 1000 2627 S:go—

217 2628 277 2654 nius
295 2628 320 2654 in
335 2628 432 2655 libruttt
458 2629 606 2656 secundum
634 2628 761 2655 Historia:
784 2636 868 2655 sacra:
885 2627 999 2661 Sulpicii

215 2661 314 2697 Severi,
326 2663 353 2689 id
366 2663 480 2690 Neronis
494 2664 660 2697 temporibus
671 2664 804 2691 accidisse
815 2663 998 2690 contendunt:

216 2696 292 2732 cujus
307 2697 346 2724 rei
369 2702 495 2725 auctores
518 2696 620 2725 habent
640 2699 785 2730 Severum,
808 2698 998 2732 Augustinum,

216 2731 391 2766 ifhilaslriuut
409 2738 435 2759 et
450 2732 594 2760 Maximum
620 2733 830 2759 Taurinettsem.
857 2732 912 2766 Ego
935 2739 1000 2758 vero

217 2765 324 2792 Eusebii
339 2769 497 2802 sententiam
518 2769 649 2794 wrioreut
669 2774 744 2802 puto.
759 2767 825 2794 Cum
848 2765 920 2794 enim
933 2774 998 2793 cou-

217 2805 269 2826 stet
288 2808 321 2827 ex
336 2799 443 2827 Iustino
471 2807 498 2828 et
520 2803 634 2834 lrenzeo,
652 2799 791 2829 Simonem
814 2803 864 2829 sub
885 2802 999 2829 Claudio

218 2836 330 2861 ltotnatn
348 2836 454 2862 venisse
469 2840 495 2862 ct
521 2837 691 2864 fraudulenta
710 2837 828 2864 edidisse
845 2837 996 2868 miracula;

215 2877 330 2903 cumque
340 2870 422 2896 etiam
434 2875 551 2903 constet,
563 2871 671 2898 i‘etrutn
682 2871 802 2905 ejusdem
815 2872 917 2899 Claudit
932 2877 998 2898 lctu-

1055 1626 1102 1645 κον
1117 1618 1281 1652 Εὑαγγελίου
1295 1618 1413 1653 γραφῆς.
1434 1618 1534 1644 Γνόντα
1551 1618 1579 1644 δὲ
1594 1619 1623 1644 τδ
1639 1618 1758 1654 πραχθὲν
1775 1619 1843 1654 φασὶ

1055 1663 1100 1690 τὸν
1115 1664 1261 1690 ἀπόστολον
1276 1663 1498 1698 ἀποκαλύψαντος
1513 1664 1585 1699 αὐτῷ
1604 1664 1650 1690 τοῦ
1670 1665 1841 1700 Πνεύματος,

1055 1709 1172 1745 ἡσθῆναι
1187 1710 1219 1744 τῇ
1235 1709 1288 1735 τῶν
1311 1709 1414 1745 ἀνδρῶν
1431 1709 1578 1745 προθυμίᾳ,
1596 1710 1716 1746 κνρῶσαί
1737 1719 1767 1737 τε
1790 1711 1840 1746 τὴν

1055 1755 1163 1791 γραφὴν
1189 1756 1228 1786 εἰς
1253 1755 1371 1787 ἔντευξιν
1392 1757 1451 1788 ταῖς
1477 1756 1644 1791 ἐκκλησίαις.
1673 1756 1788 1792 Κλήμης
1811 1758 1840 1782 ὲν

1056 1802 1127 1836 ἕκτῳ
1153 1801 1206 1828 τῶν
1234 1801 1464 1828 Ὑποτυπώσεων
1490 1801 1545 1837 (55)
1574 1802 1763 1837 παρατέθειται
1790 1803 1840 1838 τὴν

1058 1847 1186 1883 ἱστορίαν,
1204 1849 1433 1883 συνεπιμαρτυρεῖ
1447 1848 1469 1874 δ’
1483 1848 1556 1884 αὐτῷ
1567 1848 1612 1875 καὶ
1628 1849 1641 1874 ὁ
1657 1848 1840 1885 Ἱεραπολίτης

1053 1895 1211 1926 ἐπίσκοπος,
1224 1894 1335 1930 ὀνόματι
1354 1895 1469 1926 Παπίας.
1483 1894 1534 1921 Τοῦ
1551 1895 1578 1921 δὲ
1596 1894 1708 1929 Μάρκου
1733 1903 1840 1932 μνημο-

1053 1941 1139 1968 νεύειν
1155 1941 1207 1976 (54)
1223 1941 1267 1967 τὸν
1290 1941 1392 1976 Πέτρον
1421 1941 1449 1967 ὲν
1464 1941 1497 1975 τῇ
1513 1940 1632 1976 προτέρᾳ
1644 1939 1839 1976 Ἐπιστολῇ,ἢν

1057 2035 1167 2069 poribus
1185 2035 1296 2062 Romam
1322 2043 1350 2062 se
1374 2034 1521 2061 contulisse
1544 2034 1578 2061 ad
1595 2033 1714 2061 Simonis
1730 2033 1839 2060 fraudes

1057 2071 1245 2102 coulutandas,
1261 2070 1408 2097 verisimile
1424 2078 1477 2096 tton
1494 2075 1536 2096 est
1555 2070 1691 2096 Simonem
1710 2075 1763 2095 tam
1781 2069 1837 2100 diu,

1057 2109 1188 2139 prtesettte
1202 2110 1282 2139 atque
1295 2109 1400 2132 astante
1422 2105 1502 2132 Petro
1519 2103 1661 2131 insultasse
1677 2104 1737 2130 fidei
1759 2102 1838 2139 Chri-

1056 2137 1161 2166 stiaute.
1180 2137 1295 2175 Sed‘qui
1310 2140 1428 2167 Simonis
1444 2140 1556 2167 exitium
1572 2139 1598 2165 in
1614 2139 1728 2175 Neronis
1745 2137 1840 2175 confes

1058 2180 1118 2201 rttttt
1136 2173 1267 2208 tempora,
1286 2176 1310 2201 id
1336 2175 1431 2202 fecisse
1446 2175 1581 2205 videntur,
1606 2179 1634 2200 ut
1662 2173 1839 2208 triumphide

1054 2210 1164 2236 Simone
1180 2207 1231 2236 arcti
1249 2210 1384 2243 particeps
1410 2215 1482 2237 esset
1508 2209 1619 2236 Paulus.
1636 2207 1739 2235 Norant
1765 2207 1836 2235 enim

1054 2244 1166 2270 Paulum
1181 2245 1329 2277 apostolum
1345 2245 1452 2272 Nerone
1463 2245 1571 2271 demuttt
1588 2248 1716 2277 regnante
1730 2243 1838 2270 venisse

1054 2278 1178 2306 Romam.
1193 2280 1286 2313 Itaque
1307 2284 1335 2306 ιιι
1351 2280 1491 2306 certamini
1508 2280 1543 2305 illi
1562 2279 1632 2305 Petri
1647 2286 1708 2304 cum
1727 2277 1838 2304 Simone

1053 2315 1207 2346 interesset,
1225 2320 1365 2341 certamen
1379 2314 1443 2341 illud
1461 2314 1487 2341 in
1506 2314 1620 2341 Neronis
1635 2318 1755 2346 tempera
1770 2320 1837 2339 con-

1054 2349 1183 2376 tulerunt.
1209 2349 1295 2376 Porro
1321 2352 1353 2375 de
1371 2349 1521 2376 certamine
1537 2349 1583 2376 illo
1608 2353 1634 2374 et
1662 2348 1696 2374 de
1717 2347 1837 2374 Simonis

1053 2384 1155 2415 volatu,
1173 2385 1274 2411 nulltttu
1293 2383 1336 2410 hic
1359 2385 1469 2410 Verbum
1494 2384 1561 2409 dixtt
1588 2383 1731 2410 Eusebius.
1750 2381 1838 2409 Silenl

1052 2420 1132 2445 etiattt
1149 2420 1267 2447 lrenatus
1281 2425 1308 2445 et
1322 2417 1451 2445 Justinus.
1461 2418 1539 2445 Certe
1549 2419 1648 2444 lravius
1661 2417 1704 2443 ille
1717 2418 1836 2443 Simonis

1054 2454 1192 2486 interitus,
1210 2455 1345 2488 quomodo
1372 2454 1528 2480 consentire
1546 2453 1630 2487 possit
1659 2460 1719 2488 cunt
1745 2457 1834 2478 statua

1054 2489 1100 2515 illa
1114 2487 1230 2515 Simonis
1243 2489 1336 2516 Sancti
1352 2488 1410 2519 Dei,
1429 2488 1552 2522 equidem
1572 2495 1624 2513 ttott
1636 2487 1726 2522 video.

1086 2524 1142 2558 (55)
1151 2524 1275 2558 Κλήμης
1285 2523 1319 2549 ἐν
1330 2523 1406 2558 ἕκτῳ
1416 2521 1475 2558 τῷν
1492 2521 1734 2558 ’Υίοτυςῑῴσεωη
1747 2521 1836 2558 bocus

1051 2555 1198 2586 Clctnetttis
1208 2555 1289 2592 quem
1306 2559 1350 2584 hic
1375 2556 1507 2592 designat
1533 2555 1686 2588 Eusebius,
1719 2555 1838 2592 reicitur

1055 2594 1125 2620 infra
1159 2595 1186 2621 in
1222 2591 1297 2620 rlibro
1319 2600 1344 2619 vt
1371 2591 1498 2628 Historia?
1522 2592 1722 2628 ecclesiasticas,
1747 2591 1836 2628 rapite

1051 2628 1157 2655 decimo
1173 2633 1285 2662 quarto,
1303 2628 1337 2654 ad
1356 2627 1544 2661 quetulocum,
1556 2627 1609 2652 Deo
1619 2625 1743 2658 juvaute,
1756 2625 1834 2659 plura

1051 2663 1150 2690 dicturi
1169 2670 1272 2689 sumus.

1085 2697 1141 2732 (54)
1164 2697 1218 2724 Τοῦ
1237 2697 1271 2723 δὲ
1293 2696 1415 2730 Μάρκου
1435 2695 1646 2730 μνημονεύειν.
1665 2694 1736 2732 ΗΜΔ
1751 2694 1834 2732 verba

1049 2729 1206 2763 siciac'cepit
1219 2729 1426 2765 Rutilius-(quasi
1437 2729 1467 2757 id
1477 2729 1586 2764 a'i’apia
1599 2731 1711 2756 relatum
1726 2729 1832 2756 fuisset.

1050 2767 1095 2794 Sic
1104 2768 1174 2794 enim
1186 2769 1285 2794 vertit:
1300 2766 1399 2800 Gaique
1413 2765 1495 2792 simile
1510 2766 1554 2791 dat
1567 2765 1743 2791 testimonium
1755 2771 1834 2800 etiam

1050 2801 1227 2835 Hierapolim
1245 2798 1377 2835 episcopi”
1395 2800 1492 2833 Papias
1506 2800 1603 2835 :quiret
1617 2801 1665 2826 Itac
1678 2801 1751 2830 dicit,
1764 2798 1834 2832 quod

1051 2834 1146 2872 Petrus
1171 2839 1197 2863 in
1223 2838 1307 2872 prium
1338 2836 1458 2869 Epistola
1485 2843 1532 2872 sun
1563 2834 1649 2860 Marci
1674 2834 1833 2860 meminerit.

1051 2871 1180 2898 Eumdent
1193 2870 1302 2898 sensum
1320 2871 1346 2897 itt
1361 2870 1583 2904 interpretatione
1609 2877 1656 2896 sua
1672 2875 1782 2896 secutus
1793 2874 1834 2896 est
