1993 3164
123 151 177 179 εει

634 153 810 182 HISTORIA)
830 136 1111 182 ECCLESIASTICE
1131 153 1195 180 LIB.
1216 153 1260 181 ΙΙΙ.

1709 155 1762 183 222

127 212 264 248 Τιμόθεον
276 213 449 250 Ἐπιστολὴν,
459 213 567 250 πρῶτος
585 214 654 250 μετὰ
672 215 774 250 Πέτρον
791 214 840 249 τῆς
861 214 923 240 Ῥω-

979 213 1055 240 Pauli
1071 213 1216 241 comitibus
1232 212 1364 240 Crescens
1386 213 1496 248 quidem
1512 213 1545 240 ab
1566 221 1599 242 eo
1616 214 1714 241 missus
1738 215 1763 241 in

131 260 221 295 μαίων
237 260 405 295 Ἐκκλησίας
422 260 470 296 τὴν
486 260 638 296 ἐπισκοπὴν
651 261 700 296 ἥδη
717 260 850 296 πρότερον
863 260 926 295 κλη-

132 304 233 340 ρωθεὶς
253 304 414 340 δεδήλωται.
442 305 521 332 Ἀλλὰ
545 305 591 332 καὶ
616 305 631 330 ὁ
647 305 762 340 Κλήμης
788 305 837 339 τῆς
859 304 925 330 Ῥω-

134 350 224 385 μαίων
249 351 296 377 καὶ
318 351 399 382 αὐτὸς
418 351 579 386 Ἐκκλησίας
595 350 685 386 τρίτος
703 350 852 381 ἐπίσκοπος
876 359 926 377 κα-

130 396 244 429 ταστὰς,
264 397 371 424 Παύλου
388 397 517 433 συνεργὸς
539 398 584 424 καὶ
601 396 769 432 συναθλητὴς
784 397 924 431 γεγονέναι

133 442 203 477 πρὸς
237 442 320 469 αὑτοῦ
355 444 541 478 μαρτυρεῖται.
572 443 633 469 Ἐπὶ
666 442 772 474 τούτοις
804 442 853 468 καὶ
880 442 925 468 τὸν

136 488 167 514 Ἀ
174 489 349 523 ρειοπαγίτην
366 489 479 520 ἐκεῖνον,
495 488 631 519 Διονύσιος
654 488 738 524 ὄνομα
754 487 837 522 αὐτῷ,
853 487 882 514 ὃν
897 489 926 515 ὲν

131 534 255 568 Πράξεσι
278 534 345 569 μετὰ
360 534 408 569 τὴν
422 534 451 560 ἐν
470 534 566 569 Ἀρείῳ
589 534 668 570 πάγῳ
682 534 750 570 πρὸς
770 534 926 568 Ἀθηναίους

130 579 242 606 Παύλου
266 580 446 614 δημηγορίαν,
470 579 577 615 πρῶτον
610 579 754 606 πιστεῦσαι
778 579 833 614 (46)
862 579 925 606 ἀνέ-

129 624 237 658 γραψεν
251 625 266 650 ὁ
278 624 453 658 Λουκᾶς,τῆς
469 624 498 649 ὲν
520 623 646 659 Ἀθήναις
662 623 836 658 .Έκκλησίας
853 623 926 659 πρῶ-

129 678 179 696 τον
201 669 360 702 ἐπίσκοπον,
383 669 505 704 ἀρχαίων
529 678 570 701 τις
595 669 689 705 ἕτερος
717 669 854 701 Διονύσιος
876 670 926 705 τῆς

128 713 285 748 Κορινθίων
321 714 469 749 παροικίας
504 715 606 749 ποιμὴν
636 715 737 750 ἱστορεί
773 715 924 749 γεγονέναι.

135 759 220 786 Ἀλλὰ
230 760 286 795 γὰρ
299 760 350 795 ὁδῷ
364 761 566 795 προϐαίνουσιν,
579 761 625 787 ἐπὶ
640 761 735 797 καιροῦ
747 761 782 787 τὰ
794 762 843 796 τῆς
856 762 926 788 κατὰ

127 805 245 840 χρόνους
274 805 328 832 τῶν
353 806 509 832 ἀποστόλων
537 806 662 841 διαδοχῆς
687 807 752 841 ἡμῖν
774 807 924 843 εἰρήσεται.

127 849 189 878 Νῦν
200 851 229 878 δὲ
244 852 290 878 ὲπὶ
302 851 336 879 τὰ
351 850 414 888 ἑξῆς
429 853 513 888 ἴωμεν
525 853 573 888 τῆς
591 852 720 888 ίστορίας.

400 985 598 1013 ΚΕΦΑΛΑῘΟΝ
617 985 655 1013 Ε’.

130 1029 202 1064 Περὶ
228 1030 284 1064 τῆς
300 1031 375 1064 μετὰ
396 1031 448 1068 τὸν
465 1031 760 1068 Χρισζρνηῠιγτάτης.
777 1030 924 1059 Ἰουδαίων

273 1066 446 1100 πολιορκίας
457 1067 523 1101 (Nic.
546 1066 581 1094 11.
596 1065 628 1093 E.
648 1074 688 1097 ιιι,
703 1065 777 1100 5-8).

168 1110 245 1137 Μετὰ
268 1110 382 1147 Νέρωνα
398 1111 463 1138 δέκα
479 1111 545 1147 πρὸς
572 1111 660 1146 τρισὶν
679 1111 749 1138 ἔτεσι
773 1111 821 1147 τὴν
837 1112 924 1148 ἀρχὴν

132 1156 366 1191 ὲπικρατήσαντα,
387 1157 439 1184 τῶν
451 1157 521 1192 ἀμφὶ
535 1157 639 1183 Γάλϐαν
655 1157 700 1184 καὶ
716 1157 822 1185 ’Ὄθωνα
839 1159 925 1184 ἐνιαυ-

132 1201 177 1228 τὸν
197 1202 243 1228 ἐπὶ
261 1202 343 1236 μησὶν
364 1201 394 1234 ἒξ
409 1202 616 1238 διαγενομένων,
639 1203 841 1235 Οὐεσπασιανὸς
865 1205 925 1235 ταῖς

132 1246 204 1272 κατὰ
222 1247 356 1274 Ἰουδαῗων
371 1248 537 1282 παρατάξεσι
553 1249 786 1285 λαμπρυνόμενος,
802 1249 925 1284 βασιλεὺς

132 1292 174 1319 ἐπ’
188 1293 274 1326 αὐτῆς
295 1293 485 1321 ἀναδείκνυται
509 1295 560 1330 τῆς
582 1295 726 1326 Ἰουδαίας,
747 1295 925 1330 αὐτοκράτωρ

132 1338 201 1373 πρὸς
214 1338 268 1365 τῶν
285 1339 378 1365 αὐτόοι
393 1340 581 1374 στρατοπέδων
599 1340 798 1376 ἀναγορευθείς.
809 1341 864 1376 Τὴν
878 1340 925 1366 ἐπὶ

137 1382 248 1419 Ῥώμης
265 1381 311 1410 οὖν
326 1383 426 1410 αὐτίκα
441 1384 627 1420 στειλάμενος,
645 1385 717 1420 Τίτῳ
733 1385 771 1420 τῷ
790 1386 863 1412 παιδὶ
879 1385 925 1412 τὸν

131 1428 203 1454 κατὰ
222 1428 357 1454 Ἰουδαίων
370 1428 515 1464 ἐγχειρίζει
529 1429 655 1464 πόλεμον.
673 1429 750 1456 Μετὰ
764 1438 794 1463 γε
811 1430 863 1465 μὴν
876 1430 926 1465 τὴν

130 1473 178 1499 τοῦ
195 1473 321 1509 Σωτῆρος
334 1474 412 1509 ἡμῶν
423 1474 564 1509 ἀνάληψιν,
583 1474 715 1501 Ἰουδαίων
732 1474 799 1509 πρὸς
813 1475 850 1510 τῷ
866 1475 925 1500 κατ’

103 1524 109 1530 ⁸
132 1519 214 1546 αὐτοῦ
229 1519 394 1555 τολμήματι,
414 1521 463 1555 ἤδη
480 1520 526 1546 καὶ
543 1519 614 1546 κατὰ
636 1520 689 1547 τῶν
705 1521 862 1548 ἀποστόλων
876 1521 925 1547 αὺ-

131 1566 178 1592 τῠῦ
200 1566 329 1597 πλείστας
342 1567 407 1597 ὅσοις
423 1566 569 1598 ἐπιϐουλὰς
587 1567 836 1603 μεμηχανημένων,
853 1566 923 1602 πρώ-
937 1558 957 1586 C

130 1621 177 1638 του
190 1620 220 1638 τε
243 1611 379 1646 Στεφάνου
395 1611 476 1643 λίθοις
494 1612 538 1638 ὑπ’
553 1612 642 1638 αὐτῶν
660 1613 844 1648 ἀνῃρημένου,
865 1610 924 1639 εἶτα

130 1657 158 1684 δὲ
182 1658 241 1692 μετ’
258 1656 339 1684 αὐτὸν
358 1658 495 1690 Ἰακώϐου,
515 1658 543 1690 ὂς
557 1656 590 1693 ἦν
610 1658 750 1685 Ζεϐεδαίου
774 1659 822 1693 μὲν
841 1661 921 1691 παῖς,

129 1703 244 1737 ἀδελφὸς
257 1703 284 1729 δὲ
303 1703 436 1733 Ἰωάννου,
453 1702 501 1738 τὴν
517 1703 636 1739 κεφαλὴν
652 1704 864 1739 ἀποτμηθέντος,
877 1705 923 1730 ἐπὶ

130 1748 198 1774 πᾶσί
215 1756 244 1774 τε
262 1747 390 1774 Ἰακώϐου
405 1747 451 1774 τοῦ
467 1748 512 1775 τὸν
527 1748 619 1775 αὐτόοι
632 1748 682 1784 τῆς
694 1749 846 1783 ἐπισκοπῆς
861 1749 923 1786 θρό-

128 1802 186 1825 νον,
200 1793 309 1829 πρώτου
328 1794 396 1829 μετὰ
413 1793 462 1829 τὴν
480 1794 526 1820 τοῦ
546 1794 671 1830 Σωτῆρος
690 1794 767 1830 ἡμῶν
790 1794 922 1829 ἀνάληψιν

129 1839 353 1875 κεκληρωμένου,
375 1839 420 1866 τὸν
436 1840 643 1875 προδηλωθέντα
668 1841 767 1876 τρόπον
789 1840 921 1876 μεταλλά-

129 1885 236 1918 ξαντος,
251 1885 306 1912 τῶν
329 1894 359 1912 τε
375 1885 475 1912 λοιπῶν
498 1886 653 1913 ἀποστόλων
672 1886 756 1922 μυρία
775 1887 814 1917 εἰς
838 1886 920 1913 θάνα-

128 1938 176 1957 τον
203 1931 479 1966 ὲπιϐεὸουλευμένων,
502 1932 548 1958 καὶ
578 1931 627 1965 τῆς
653 1932 701 1967 μὲν
720 1932 848 1963 Ἰουδαίας
870 1932 922 1967 γῆς

130 1978 353 2014 ἀπεληλαμένων,
366 1978 412 2004 ἐπὶ
427 1978 455 2004 δὲ
467 1979 499 2014 τῇ
515 1977 563 2005 τοῦ
575 1978 751 2013 κηρύγματος
765 1977 922 2013 διδασκαλίᾳ

128 2024 180 2060 τὴν
196 2024 236 2055 είς
251 2023 395 2058 σύμπαντα
412 2022 446 2048 τὰ
467 2022 529 2057 ἔθνη
548 2022 730 2057 στειλαμένων
748 2022 859 2057 πορείαν
875 2023 921 2049 σὺν

127 2069 243 2103 δυνάμει
267 2068 314 2095 τοῦ
343 2067 459 2103 Χριστοῦ
490 2069 625 2103 φήσαντος
651 2068 761 2099 αὐτοῖς·
793 2068 920 2103 (Πορευ-

129 2114 224 2146 θέντες
241 2113 429 2150 μαθητεύσατε
455 2114 543 2141 πάντα
568 2114 603 2140 τὰ
624 2114 687 2149 ἔθνη
707 2115 736 2140 ὲν
750 2114 788 2149 τῷ
811 2114 921 2149 ὀνόματί

130 2169 192 2194 μου·
205 2170 213 2184 ι
233 2160 263 2186 οὺ
283 2159 336 2195 μὴν
355 2160 423 2187 ἀλλὰ
447 2160 494 2187 καὶ
510 2159 557 2186 τοῦ
575 2160 639 2186 λαοῦ
658 2160 707 2194 τῆς
727 2161 755 2186 ὲν
777 2159 922 2195 Ἰεροσολύ-

130 2213 191 2241 μοις
218 2205 395 2241 Ἐκκλησίας,
420 2206 491 2232 κατά
516 2214 575 2232 τινα
600 2205 723 2240 χρησμὸν
747 2206 802 2237 τοῖς
828 2206 920 2233 αὐτόθι
939 2223 958 2250 D

128 2250 250 2286 δοκίμοις
266 2251 301 2277 δι’
312 2250 510 2285 ἀποκαλύψεως
525 2250 647 2282 δοθέντα,
668 2251 721 2286 πρὸ
737 2250 784 2277 τοῦ
802 2251 919 2286 πολέμου

131 2297 332 2331 μεταναστῆναι
359 2297 408 2333 τῆς
432 2297 549 2329 πόλεως,
572 2297 618 2323 καί
644 2306 705 2324 τινα
727 2297 777 2332 τῆς
802 2297 920 2333 Περαίας

130 2342 207 2369 πόλιν
225 2343 310 2369 οἰκεῖν
332 2342 562 2378 κεκελευσμένου,
586 2342 689 2369 Πέλλαν
712 2342 796 2378 αὐτὴν
819 2343 919 2378 ὀνομά-

132 2386 222 2418 ζουσιν
247 2388 313 2423 (47),
334 2388 362 2414 ὲν
425 2388 480 2414 τῶν
503 2388 543 2420 είς
564 2388 680 2424 Χριστὸν
701 2389 920 2416 πεπιστευκότων

164 2481 223 2519 (46)
254 2482 383 2519 Πρῶτοι(
399 2481 571 2519 πιστεῦσαι.
595 2482 679 2510 Antea
693 2483 801 2519 editum
813 2483 921 2519 πρῶτον

131 2516 280 2544 ἐπίσκοπον
289 2517 536 2549 πιστεῦσαι,ιι·ἱὶ)υε
545 2518 648 2549 verbis;
661 2525 775 2552 quorttm
788 2516 841 2545 duo
852 2520 922 2553 prie-

133 2560 161 2579 ra
175 2553 200 2579 itt
227 2553 334 2579 lineolis
344 2553 488 2579 subnotala
505 2557 576 2580 sunt.
593 2557 620 2579 et
634 2553 666 2579 ad
682 2553 831 2587 marginem
851 2555 920 2580 scri-

130 2591 204 2621 ptum
225 2593 267 2614 est
288 2595 319 2613 ea
336 2586 552 2621 superﬁttaesse.
567 2587 647 2614 Certe
657 2587 919 2621 Christophorsonns

131 2622 158 2649 in
170 2623 397 2656 interpretatione
413 2630 459 2648 sua
474 2628 617 2656 utramque
628 2630 719 2649 vocem
733 2624 917 2657 prietermisit.

132 2657 186 2691 Ego
212 2665 276 2684 vero
303 2657 482 2690 posteriorem
517 2658 659 2689 duntaxat,
686 2665 781 2691 nempe
808 2657 919 2684 ἐπίσκο-

130 2700 190 2722 πον.
220 2692 438 2726 expungendum,
470 2692 588 2725 priorem
617 2699 680 2718 Vero
710 2699 770 2718 esse
802 2694 921 2719 retinen-

130 2729 190 2761 {lam
207 2732 281 2759 puto.
299 2726 382 2759 quue
396 2726 542 2753 conﬁrmat
566 2727 656 2754 versio
672 2727 773 2760 Ruﬁni,
788 2727 832 2761 qui
847 2727 919 2755 hunc

130 2760 216 2788 locum
232 2762 267 2788 ita
283 2762 479 2794 interpretatus
491 2766 533 2788 est
546 2770 552 2788 ε
567 2761 617 2788 Sed
629 2767 652 2787 et
668 2761 822 2796 Dionysium
837 2763 919 2788 Areo-

129 2797 242 2830 pngt'tum
260 2797 331 2830 apud
348 2796 477 2826 Allienus,
495 2804 569 2830 quem
584 2796 670 2822 Lucas
688 2798 790 2830 scripsit
804 2798 918 2829 primum

130 2830 215 2859 Paula
229 2832 391 2865 praedicante
413 2831 565 2861 credidisse.
587 2835 641 2859 etc.
657 2831 849 2865 Coniectura")
867 2839 916 2859 no-

130 2872 211 2894 stram
235 2867 317 2898 plane
335 2866 503 2894 conﬁrmant
518 2867 597 2894 codd.
615 2865 696 2900 Maz.,
716 2867 820 2894 Med.et
836 2865 916 2899 ηιμ,

977 259 1080 286 Gallias
1105 259 1182 286 Pauli
1205 258 1290 294 ipsius
1312 259 1467 286 testimonio
1493 259 1657 287 declaratur.
1680 259 1764 287 Linus

975 313 1049 337 vero,
1068 312 1149 340 quem
1180 305 1208 332 in
1239 303 1356 331 secunda
1385 305 1418 332 ad
1443 305 1615 333 Timotheum
1645 305 1762 340 Epistola

976 350 1067 377 Routtc
1082 357 1173 378 secum
1193 349 1296 377 versari
1314 355 1441 382 testatur,
1455 351 1558 384 primus
1570 356 1630 386 post
1642 351 1762 385 Petrum,

975 400 1005 422 ut
1019 403 1099 430 supra
1114 396 1170 430 jam
1200 396 1329 428 diximus,
1351 395 1477 423 Ecclesiae
1506 396 1633 423 Romana»:
1657 398 1765 430 episco—

976 445 1066 474 patum
1080 440 1193 474 adeptus
1206 445 1258 467 est.
1275 439 1402 467 Clemens
1419 448 1539 475 quoque.
1556 442 1578 467 is
1603 441 1647 475 qui
1669 442 1765 468 tertius

976 485 1104 512 Ecclesitr
1119 485 1247 512 Romante
1255 487 1398 519 episcopus
1409 490 1450 513 est
1466 486 1639 517 constitutus.
1657 487 1765 522 adjutor

976 530 1050 559 Pauli
1073 531 1220 565 sociusque
1236 530 1416 558 certaminum
1447 530 1543 563 fuisse,
1564 531 1705 565 ipsiustuet
1725 536 1765 558 te-

975 576 1104 603 stimonio
1129 576 1296 610 perhibetur.
1322 576 1442 610 Denique
1470 577 1661 611 Areopagitam
1690 577 1762 604 illum

976 622 1084 649 nomine
1115 621 1285 658 Dionysium,
1308 630 1389 657 quem
1415 628 1477 658 post
1502 624 1663 650 concionem
1692 623 1764 649 illam

975 676 1056 703 quant
1081 668 1181 695 Paulus
1199 669 1225 695 in
1242 669 1382 705 Areopago
1399 670 1432 696 ad
1457 669 1634 697 Atheuienses
1659 669 1765 701 habuit,

976 713 1091 748 primum
1107 713 1255 741 credidisse
1271 714 1360 742 Lucas
1373 715 1399 741 in
1422 715 1536 742 Actibus
1552 715 1659 747 scribit,
1679 715 1766 741 Athe-

977 761 1078 788 niensis
1099 760 1227 787 Ecclesiae
1250 762 1366 796 primtttn
1393 763 1550 797 episcopum
1573 761 1658 789 fuisse
1683 762 1766 791 tradit

976 806 1046 833 alter
1075 806 1184 840 quidam
1211 807 1356 842 Dionysius
1379 807 1582 835 Corinthiorum
1612 808 1764 842 episcopus,

977 851 1181 885 antiquissimus
1191 852 1317 886 scriptar.
1330 853 1382 880 Sed
1393 853 1502 888 quinam
1520 852 1636 880 subinde
1659 861 1707 888 per
1721 861 1767 880 or-

939 890 960 918 Β
975 896 1362 932 dinetntemporumapostolis
1376 898 1570 930 successerint,
1582 899 1607 924 in
1621 905 1765 933 progressu

973 942 1063 977 operis
1077 950 1127 971 suo
1139 943 1196 971 loco
1210 944 1339 972 dicemus.
1354 944 1430 971 Nunc
1448 945 1481 971 ad
1499 944 1598 979 reliqua
1611 952 1764 980 pergamus.

1286 990 1401 1018 CAPUT
1421 990 1450 1018 V.

975 1034 1013 1063 De
1037 1040 1169 1069 postrema
1194 1035 1348 1064 Juda‘orum
1372 1038 1563 1072 expugnatione
1588 1041 1645 1072 post
1667 1035 1766 1063 Christi

1318 1080 1416 1099 necem.

1010 1115 1074 1143 Post
1086 1116 1233 1149 Neronem,
1247 1117 1292 1151 qtti
1310 1125 1357 1152 per
1369 1117 1497 1146 tredecim
1517 1125 1604 1145 annos
1620 1116 1765 1153 imperium

977 1162 1072 1193 tenuit,
1090 1170 1149 1189 eum
1163 1162 1247 1190 Galba
1259 1168 1340 1198 atque
1353 1163 1423 1191 Otho
1441 1171 1513 1190 anno
1529 1164 1661 1191 duntaxat
1676 1167 1704 1190 et
1717 1170 1765 1191 sex

977 1207 1112 1234 mensibus
1133 1213 1303 1242 rcgnassent,
1335 1208 1517 1243 Vespasianus
1541 1209 1566 1236 in
1592 1208 1696 1243 prmliis
1718 1208 1766 1234 atl-

978 1251 1190 1280 vcrsuslndwos
1207 1257 1356 1287 spectatus.
1379 1254 1526 1288 imperator
1546 1253 1573 1280 in
1590 1253 1647 1287 ipsa
1672 1252 1764 1279 .ludaca

977 1296 1142 1324 abexercitu
1162 1298 1208 1333 qui
1228 1298 1282 1325 illic
1305 1303 1375 1330 erat,
1394 1298 1577 1326 renuntiatur.
1593 1298 1643 1331 Qui
1668 1297 1763 1324 (cnfe-

977 1342 1037 1368 stim
1056 1341 1168 1369 Romam
1182 1350 1276 1370 versus
1292 1343 1467 1374 contendens.
1483 1351 1578 1371 curam
1589 1343 1654 1370 belli
1669 1343 1764 1369 adrer-

977 1394 1023 1414 sus
1037 1385 1144 1414 Indicos
1165 1387 1225 1414 Tito
1248 1387 1302 1415 ﬁlio
1327 1389 1472 1415 commisit.
1492 1389 1578 1416 Porro
1599 1396 1660 1416 cttm
1679 1387 1764 1415 Judaei

977 1437 1037 1465 post
1055 1432 1211 1460 Servaloris
1227 1433 1312 1459 nostri
1326 1433 1351 1459 in
1365 1433 1448 1460 cmlos
1462 1441 1615 1466 ascensum,
1633 1441 1685 1460 non
1699 1440 1764 1460 con-

979 1478 1045 1503 tenti
1070 1485 1102 1504 co
1119 1478 1224 1505 Scelere
1252 1479 1324 1513 qttod
1343 1479 1369 1505 itt
1386 1478 1473 1513 ipsutn
1504 1479 1680 1511 admiserant,
1705 1478 1764 1512 ejus

978 1532 1085 1559 quoque
1103 1524 1239 1559 apostolos
1255 1525 1403 1559 smpissime
1414 1525 1519 1551 insidiis
1530 1524 1714 1559 appetissem;
1732 1531 1764 1551 ac

976 1572 1092 1606 primum
1108 1572 1217 1606 quidem
1235 1572 1401 1606 Stephanum
1428 1571 1561 1605 lapidibus
1577 1572 1732 1599 obruisscnt
1755 1580 1762 1598 :

976 1617 1074 1644 deinde
1089 1616 1220 1644 Jacobum
1246 1617 1369 1644 Zebedmi
1392 1616 1488 1650 ﬁlium,
1514 1616 1626 1644 Joannis
1649 1617 1762 1644 fratrem

974 1663 1064 1697 capite
1097 1667 1292 1690 trttncasscnt:
1308 1670 1339 1690 ac
1364 1667 1501 1697 postremo
1525 1662 1657 1690 Iacobum
1685 1662 1761 1690 illum

973 1707 1018 1742 qui
1034 1709 1136 1742 primus
1150 1713 1209 1743 post
1225 1715 1370 1735 ascensum
1389 1708 1494 1735 Domini
1511 1708 1692 1742 episcopalem
1711 1707 1763 1734 Ec-

973 1753 1062 1781 clesite
1080 1753 1150 1780 illius
1161 1753 1253 1780 sedem
1270 1753 1396 1786 obtinuit,
1415 1761 1447 1781 eo
1470 1761 1550 1789 quem
1567 1754 1687 1781 diximus
1709 1761 1764 1781 mo-

973 1799 1008 1826 do
1019 1800 1198 1833 percmisseut
1217 1810 1222 1826 :
1240 1807 1301 1826 cum
1319 1799 1415 1833 reliqui
1433 1800 1496 1826 item
1519 1799 1635 1834 apostoli
1650 1799 1762 1826 inﬁnitis

974 1852 1056 1878 prope
1073 1844 1162 1871 modis
1181 1851 1234 1871 n0n
1255 1845 1314 1872 sine
1338 1852 1434 1879 magno
1448 1845 1509 1871 \ita:
1531 1852 1587 1871 sua:
1603 1843 1761 1871 discrimine

974 1890 1007 1916 ab
1021 1889 1117 1916 iisdem
1134 1890 1222 1916 vexati
1235 1893 1335 1921 essent,
1348 1894 1375 1916 et
1388 1897 1420 1916 cx
1435 1888 1525 1916 .ludtea
1540 1889 1636 1923 fugati,
1650 1889 1765 1922 atlprtc-_

974 1935 1115 1961 dicandam
1133 1935 1270 1969 Evangelii
1283 1935 1434 1961 doctrinam
1445 1942 1540 1961 omnes
1552 1934 1653 1968 ubique
1671 1939 1760 1960 terra-

974 1989 1032 2007 rntu
1046 1985 1140 2015 gentes
1151 1981 1226 2007 adire
1238 1981 1395 2014 coepissent,
1408 1981 1467 2007 freti
1479 1981 1596 2014 potentia
1605 1980 1705 2007 Christi
1715 1979 1759 2014 qui

973 2027 1026 2062 75
1055 2026 1118 2053 olim
1151 2026 1216 2060 ipsis
1243 2026 1370 2053 dixerat:
1390 2036 1398 2052 t
1414 2026 1515 2054 Euutes
1542 2027 1635 2053 docete
1660 2033 1757 2052 omnes

972 2077 1066 2106 gentes
1079 2071 1105 2098 in
1121 2072 1231 2098 nomine
1245 2079 1316 2104 meo;
1330 2081 1339 2097 ι
1354 2072 1410 2099 'sed
1428 2076 1455 2099 et
1467 2079 1528 2099 cum
1543 2072 1669 2098 universa
1685 2071 1761 2106 plebs

974 2116 1090 2144 ﬁdelium
1125 2116 1252 2144 Ecclesia:
1287 2116 1555 2152 llierosolymitanaa,
1586 2125 1620 2144 ex
1648 2117 1761 2145 oraculo

973 2164 1044 2197 quod
1072 2163 1138 2189 viris
1163 2163 1326 2198 quibusdam
1338 2163 1521 2190 sanctissimis
1546 2163 1676 2191 divinitus
1701 2163 1759 2190 edi—

975 2214 1030 2235 tttm
1044 2208 1143 2242 fuerat,
1169 2213 1233 2236 ante
1246 2209 1353 2236 initium
1379 2209 1440 2236 belli
1454 2215 1486 2236 ex
1503 2209 1612 2236 civitate
1632 2209 1758 2242 migrare.

974 2259 1001 2281 et
1037 2254 1165 2289 oppidum
1198 2255 1334 2290 quoddam
1367 2259 1442 2281 trans
1472 2253 1628 2286 Jurdanem,
1659 2253 1759 2281 Pellam

975 2300 1092 2333 nomine,
1110 2300 1227 2328 incolere
1239 2301 1323 2335 jnssa,
1336 2300 1448 2333 fuisset;
1471 2300 1584 2335 jamque
1606 2306 1699 2327 omnes
1714 2299 1759 2333 qtti

974 2345 1001 2371 in
1031 2345 1169 2372 Christum
1203 2346 1390 2377 crediderant,
1425 2346 1526 2372 relictis
1554 2344 1758 2380 Hierosolymis,

974 2391 1052 2418 sedes
1066 2399 1130 2419 suas
1147 2391 1246 2419 Pellam
1263 2392 1480 2420 transtulissent:
1497 2390 1532 2419 ita
1552 2397 1579 2419 et
1592 2391 1665 2426 regia
1679 2390 1757 2424 urbe,

974 2483 1001 2511 in
1019 2482 1116 2517 quibus
1133 2481 1234 2510 diserte
1248 2482 1378 2510 scribitur
1389 2481 1496 2517 πρῶτον
1507 2480 1661 2517 πιστεῦσαι.
1674 2479 1759 2507 Porro

974 2516 1046 2545 hunc
1063 2517 1171 2544 Eusebii
1184 2517 1272 2543 locum
1289 2517 1315 2543 in
1328 2522 1416 2543 tuente
1432 2517 1526 2543 habuit
1538 2516 1681 2546 Maximus,
1694 2522 1756 2541 cum

973 2554 1011 2579 ait
1029 2554 1054 2580 in
1066 2552 1177 2586 prologo
1190 2551 1443 2586 Commenlariorum
1456 2552 1482 2577 t'u
1501 2550 1655 2584 Dionysium
1675 2549 1758 2586 Areo-

972 2585 1086 2622 pagitaut
1101 2594 1110 2612 :
1123 2586 1338 2622 bimum/suetos
1353 2585 1399 2622 tofi
1421 2585 1623 2622 Ἀρειοπαγίὶου
1641 2585 1688 2622 καὶ
1702 2585 1758 2611 Διο-

972 2617 1062 2654 νύσιος
1070 2617 1182 2657 ἀρχαῖος
1188 2617 1343 2657 ’Κορινθίων
1352 2617 1511 2657 ἐπίσκοποςε
1523 2617 1569 2646 καὶ
1579 2619 1758 2657 ῌολύκαρπος

971 2658 1000 2684 ἐν
1017 2659 1049 2692 τῇ
1069 2655 1139 2692 «pa;
1159 2655 1316 2692 Ἀθηναίους
1332 2655 1470 2690 ἐπιστολῇ.
1493 2655 1541 2682 Ubi
1559 2655 1672 2682 delenda
1691 2660 1757 2690 puto

972 2691 1126 2720 haec'rerba
1143 2691 1189 2717 καὶ
1205 2691 1393 2725 Πολύκαρπος.

1005 2728 1061 2761 (47)
1088 2725 1208 2753 Πέλλαν
1231 2723 1560 2761 αὺτίρίχόνομάζουσιν.
1579 2724 1650 2761 Idem
1675 2725 1758 2761 tradit.

971 2759 1139 2796 Epiphanius
1154 2762 1180 2787 itt
1208 2760 1302 2796 lucri-si
1331 2759 1533 2796 Nazarteorutn,
1556 2767 1615 2792 cap.
1635 2759 1661 2791 7,
1679 2759 1758 2796 Chriv

969 2794 1072 2823 stiaitos
1085 2796 1189 2822 scilicet
1203 2796 1248 2829 qui
1266 2794 1459 2829 Hierosolymis
1474 2795 1643 2829 habitabant,
1661 2795 1693 2820 de
1706 2794 1758 2820 im-

969 2832 1088 2859 minente
1103 2828 1241 2858 obsidione
1254 2837 1270 2857 a
1289 2828 1397 2857 Christo
1411 2831 1597 2863 praemonitos,
1611 2828 1712 2856 Pellam
1726 2835 1757 2856 so

967 2866 1124 2894 contulisse.
1137 2866 1164 2893 ln
1182 2865 1251 2892 libro
1265 2870 1354 2894 autem
1375 2864 1413 2893 De
1432 2865 1591 2900 ponderibus
1608 2869 1631 2892 et
1651 2871 1756 2891 mensus
