1993 3164
96 156 152 184 9νὶ5

602 158 777 188 HISTORIA:
798 159 1080 188 ECCLESIASTICIE
1099 159 1164 188 LIB.
1185 160 1231 188 ιῐι.

1687 166 1741 194 ⁸226

97 214 221 251 ήκμαζε.
232 216 282 244 καὶ
304 217 366 243 καθ’
377 218 480 253 ἡμέραν
498 219 640 255 ἀμφότερα
654 219 851 256 προσεξε›ἀ;το
867 221 895 248 τὲ

954 228 1024 253 rum,
1040 226 1067 249 et
1082 225 1230 256 utrumque
1244 221 1345 249 malum
1363 223 1450 258 magis
1466 231 1497 252 ac
1519 224 1604 260 magis
1621 226 1741 260 quotidie

97 261 186 288 δεινά.
201 262 323 298 Φανερὸς
343 263 393 298 μέν
411 272 442 298 γε
462 264 580 300 οὐδαμοῦ
603 267 675 297 σῖτος
702 264 746 302 ἦν,
767 267 900 302 ἐπεισπη-

96 307 200 340 δῶντες
224 307 254 334 δὲ
277 309 427 344 διηρεύνων
456 310 504 342 τὰς
527 311 625 342 οἰκίας,
651 312 756 338 Ἔπειθ’
774 312 899 348 εὑρόντες

99 352 165 389 μὲν,
178 353 217 385 ὼς
231 354 439 390 ἀρνησαμένους
453 355 587 391 ᾐκίζοντο·
605 356 642 392 μὴ
664 357 790 393 εὑρόντες
805 357 844 389 δέ,
861 357 899 389 ὡς

98 399 317 435 ἐπιμελέστερον
353 401 509 436 κρύψαντας
542 402 711 436 ἐϐασάνιζον.
745 404 898 440 Τεκμήριον

99 443 130 470 δὲ
148 443 198 471 τοῦ
218 446 244 471 τ’
260 445 331 480 ἔχειν
352 446 399 472 καὶ
417 447 464 482 μὴ,
487 448 522 474 τὰ
536 448 651 483 σώματα
667 448 721 475 τῶν
737 444 896 485 ἀθλίωνῆν,

98 486 151 517 Ὧν
173 491 198 517 οἱ
221 491 270 526 μὲν
294 492 333 517 ἔτι
359 493 539 526 συνεστῶτες,
564 494 688 530 εὐπορεῖν
711 495 815 530 τροφῆς
842 495 898 522 ἐδό-

98 545 178 568 κουν,
198 538 224 563 οἱ
247 538 389 573 τηκόμενοι
409 539 438 565 δὲ
458 539 524 575 ἤδη,
548 539 738 575 παρωδεύοντο
755 540 826 576 (49),
850 540 898 567 καὶ

99 583 220 610 κτείνειν
247 583 343 617 ἄλογον
375 584 463 611 ἐδόκει
494 585 559 616 τοὺς
590 586 635 623 ὐπῗ
664 586 767 617 ἐνδείας
800 586 896 622 τεθνη-

100 629 233 664 ξομένους
270 629 377 658 αὐτίκα.
413 631 508 657 Πολλοὶ
524 631 552 657 δὲ
581 631 668 668 λάθρα
703 632 753 663 τὰς
786 633 897 667 κτήσεις

98 674 161 705 ἐνὸς
179 674 443 710 ἀντικατηλλάξαντο
463 676 574 712 μέτρου,
591 677 686 714 πυρῶν
704 677 763 713 μὲν,
779 678 802 703 εἰ
817 676 898 704 πλου-

99 718 227 754 σιώτεροι
247 721 404 755 τυγχάνοιεν
418 721 503 754 ὄντες,
517 722 542 748 ol
556 722 584 749 δὲ
603 723 771 758 πενέστεροι,
788 722 894 758 κριθῆς.

99 767 221 796 Ἔπειτα
248 767 455 800 κατακλείοντες
479 769 592 801 ἑαυτοὺς
616 770 656 801 είς
682 770 716 797 τὰ
744 772 896 807 μυχαίτατα

97 813 153 841 τῶν
171 814 276 847 οίκιῶν,
291 815 361 847 τινες
380 815 429 850 μὲν
443 815 487 841 ὑπ’
499 815 587 851 ἄκρας
601 816 713 849 ἐνδείας,
730 818 896 854 ἀνέργαστον

96 859 142 886 τὸν
162 861 237 887 σῖτον
251 860 355 896 ἤσθιον,
370 861 395 886 οἱ
411 860 438 886 δὲ
456 860 581 893 ἔπεσσον,
594 861 632 893 ὡς
647 862 664 897 ἢ
679 871 708 889 τε
725 863 831 899 ἀνάγκη
849 866 894 891 καὶ

97 906 127 932 τὸ
141 907 204 938 δέος
220 906 346 942 παρῄνει.
367 906 423 933 Καὶ
445 906 569 942 τράπεζα
588 907 638 942 μὲν
663 908 782 944 οὐδαμοῦ
807 897 894 946 παρε-
910 897 931 923 Β

96 951 199 985 τίθετο,
219 952 267 978 τοῦ
292 952 322 978 δὲ
340 952 426 988 πυρὸς
451 951 610 986 ἐφέλκοντες
632 953 698 988 (50),
716 954 754 980 ἔτ’
773 954 838 990 ὠμὰ
861 955 894 982 τὰ

99 999 174 1025 σιτία
190 997 351 1034 διήρπαζον.
368 998 486 1033 Ἐλεεινὴ
498 998 519 1024 δ’
530 996 564 1034 ἦν
580 999 596 1034 ή
609 1000 696 1034 τροφὴ
709 1000 757 1027 καὶ
769 1001 893 1036 δακρύων

96 1044 173 1076 ἄξιος
190 1045 207 1079 ὴ
230 1044 288 1075 θέα,
304 1044 359 1070 τῶν
375 1044 422 1078 μὲν
441 1043 634 1080 δυνατωτέρων
650 1045 892 1078 πλεονεκτούντων,

99 1090 153 1118 τῶν
170 1091 198 1117 δὲ
213 1090 334 1117 ἀσθενῶν
350 1090 528 1126 ὀδυρομένων.
549 1091 661 1117 Πάντων
683 1093 731 1126 μὲν
746 1092 778 1128 δὴ
800 1093 894 1120 παθῶν

99 1137 280 1172 ὑπερίσταται
306 1135 399 1172 λιμός”
425 1135 502 1162 οὐδὲν
525 1136 658 1168 δ’μοῦτως
683 1133 830 1165 ἀπόλλυσιν
856 1139 894 1170 ὡς

99 1183 175 1210 αἰδῶ.
189 1183 225 1210 Τὸ
239 1183 294 1219 γὰρ
308 1182 394 1215 άλλως
411 1183 543 1218 ἐντροπῆς
560 1183 644 1216 ἄξιον,
664 1184 692 1210 ἐν
709 1184 795 1220 τούτῳ
811 1194 894 1211 κατα-

100 1229 249 1264 φρονεῖται.
271 1227 401 1259 Γυναῖκες
420 1228 484 1262 γοῦν
498 1228 613 1264 ἀνδρῶν,
631 1229 678 1255 καὶ
696 1229 789 1260 παῖδες
813 1229 894 1256 πατέ-

101 1282 165 1309 ρων,
179 1273 227 1300 καὶ
242 1273 272 1299 τὺ
288 1273 473 1308 οἰκτρότατον,
492 1274 609 1309 μητέρες
624 1275 728 1310 νηπίων
741 1275 893 1311 ἐξήρπαζον

99 1320 128 1352 ἐξ
150 1319 241 1347 αὐτῶν
256 1319 311 1346 τῶν
328 1320 469 1355 στομάτων
492 1320 542 1357 τὰς
557 1321 668 1356 τροφάς.
685 1321 738 1347 Καὶ
758 1321 811 1347 τῶν
834 1321 894 1356 φιλ-

99 1365 187 1392 τάτων
199 1365 228 1391 ἐν
242 1365 321 1400 χερσὶ
337 1365 554 1400 μαραινομένων,
565 1365 615 1392 οὐκ
629 1363 662 1400 ἦν
675 1366 757 1400 φειδὼ
769 1366 832 1398 τοὺς
846 1366 892 1393 τοῦ

100 1407 149 1444 ζῇν
178 1409 327 1444 ἀφελέσθαι
351 1410 532 1445 σταλαγμούς.
556 1411 675 1437 Τοιαῦτα
698 1411 725 1437 δὲ
746 1411 891 1443 ἐσθίοντες,

101 1455 174 1490 ὅμως
191 1455 222 1481 οὐ
230 1455 419 1494 διελάνθανον.
442 1456 584 1492 Πανταχοῦ
603 1457 625 1483 δ’
638 1455 684 1484 οὖν
705 1457 848 1492 ἐφίσταντο
868 1458 892 1483 οἱ

101 1501 263 1528 σ’τασιασυτα)⁵
281 1501 329 1527 καὶ
349 1500 451 1528 τούτων
473 1503 534 1533 ταῖς
550 1502 700 1538 ἁρπαγαῖς.
726 1502 821 1529 Ὁπότε
839 1503 892 1539 γὰρ

100 1547 233 1573 κατίδοιεν
249 1547 499 1584 ἀποκεκλεισμένην
512 1548 611 1580 οἰκίαν,
627 1550 739 1583 σημεῖον
753 1547 787 1585 ἦν
801 1549 889 1582 τοῦτο,
905 1563 926 1592 C

99 1593 162 1625 τοὺς
182 1593 256 1620 ἔνδον
281 1593 482 1629 προσφέρεσθαι
503 1595 617 1629 τροφήν.
639 1594 749 1626 Εὐθέως
767 1595 795 1621 δέ
819 1595 892 1622 είσα-

101 1639 230 1675 pagum;
246 1639 296 1671 τὰς
316 1639 402 1676 θύρας
423 1639 491 1675 (5i),
507 1641 657 1676 εἰσεπήδων
673 1641 719 1667 καὶ
745 1641 824 1676 μόνον
842 1642 892 1668 οὐκ

100 1685 131 1712 ἐκ
153 1685 208 1712 τῶν
230 1685 379 1721 φαρύγγων
404 1685 592 1718 ἀναθλίϐοντες
618 1687 681 1718 τοὺς
701 1687 814 1718 ἀκόλους
829 1687 892 1714 ἀνέ-

101 1738 191 1766 φερον.
212 1730 372 1757 Ἐτύπτοντο
391 1730 420 1756 δὲ
433 1731 561 1766 γέροντες
581 1731 756 1766 ἀντεχόμενοι
778 1731 831 1758 τῶν
853 1740 892 1757 σι-

99 1775 174 1806 τίων,
196 1775 244 1801 καὶ
263 1775 352 1810 κόμης
382 1776 588 1810 ἐσπαράσσοντο
618 1777 762 1809 γυναῖκες,
788 1784 891 1810 συγκα-

100 1819 248 1846 λύπτουσαι
264 1820 299 1846 τὰ
319 1821 348 1846 ὲν
362 1820 455 1856 χερσιν
467 1827 473 1835 '
489 1820 550 1847 οὐδέ
564 1829 606 1852 τις
623 1818 658 1855 ἦν
676 1819 765 1853 οἶκτος
786 1821 890 1853 πολιᾶς,

101 1864 116 1900 ἦ
137 1865 252 1900 νηπίων,
272 1865 339 1893 ἀλλά
363 1866 570 1901 συνεπαίροντες
593 1867 627 1893 τὰ
643 1866 735 1903 νήπια
759 1867 815 1902 (52)
831 1868 892 1894 -τῶν

101 1910 204 1946 ψωμῶν
227 1911 437 1947 ἐκκρεμάμενα,
466 1912 604 1938 κατέσειον
634 1913 673 1944 είς
705 1912 815 1946 ἔδαφος,
837 1913 893 1944 τοῖς

100 1956 128 1983 δὲ
141 1956 260 1991 φθάσασι
280 1957 330 1992 τὴν
346 1957 491 1992 εἰσδρομὴν
505 1957 594 1984 αὐτῶν
610 1957 655 1984 καὶ
676 1958 893 1994 προκαταπιοῦσι

79 2021 83 2024 ι
101 2002 130 2028 τὸ
145 2002 384 2038 ἁρπαγησόμενον,
407 2002 444 2033 ὠς
467 2002 640 2037 ἀδικηθέντες
660 2001 730 2038 ἦσαν
749 2003 892 2039 ὠμότεροι.

100 2047 195 2079 Δεινὰς
208 2047 237 2073 δέ
251 2047 374 2082 βασάνων
391 2047 467 2079 ὁδοὺς
480 2048 608 2075 ἐπενόουν
623 2049 691 2084 πρὸς
710 2048 823 2084 ἔρευναν
836 2058 894 2084 τρο-

103 2093 164 2128 φῆς,
184 2092 291 2128 ὀρόϐοις
307 2093 356 2128 μὲν
371 2093 574 2128 ἐμφράττοντες
589 2095 645 2125 τοῖς
662 2093 764 2125 ἀθλίοις
778 2094 833 2121 τῶν
852 2096 894 2121 αἰ-

100 2139 179 2166 δοίων
192 2139 257 2170 τοὺς
274 2139 384 2174 πόρους,
408 2139 516 2174 ῥάϐδοις
538 2140 566 2166 δὲ
580 2139 681 2173 ὀξείαις
702 2141 894 2177 ἀναπείροντες

99 2184 149 2216 τὰς
160 2184 253 2220 ἔδρας.
274 2184 315 2211 Τὰ
336 2185 438 2220 φρικτά
454 2185 482 2212 δὲ
498 2186 545 2212 καὶ
560 2186 655 2218 ἀκοαῖς
676 2186 777 2221 ἔπασχέ
794 2195 835 2218 τις
854 2188 894 2218 εις

951 266 1170 300 ingravescebat.
1194 265 1228 293 Et
1248 266 1337 300 palam
1359 267 1470 302 quidem
1497 269 1600 297 nullum
1625 270 1651 297 in
1675 270 1741 298 urbe

951 310 1112 339 frumentum
1127 317 1196 338 erat.
1211 311 1265 339 Sed
1281 313 1403 340 seditiosi
1422 316 1559 343 irruentes
1581 316 1607 343 in
1631 316 1739 349 domos,

949 358 1040 384 omnia
1056 357 1270 386 scrutabantur:
1284 362 1312 386 et
1324 358 1348 386 si
1363 360 1427 394 quid
1449 361 1626 396 reperissent,
1641 362 1739 389 a-diutn

949 403 1086 434 dominos,
1104 407 1197 438 utpote
1212 403 1259 438 qui
1275 403 1442 431 frumentum
1468 412 1498 432 se
1515 405 1618 433 habere
1643 415 1740 441 negas-

951 452 1023 481 sent,
1046 449 1195 476 crudeliter
1211 449 1406 477 verberabant.
1425 450 1504 483 Quod
1530 451 1553 477 si
1570 450 1642 478 forte
1672 451 1740 478 nihil

949 494 1120 533 invenerant,
1130 494 1208 529 quasi
1217 494 1376 529 diligentius
1389 495 1584 528 occultassent,
1599 498 1739 525 tormentis

948 540 1153 567 excruciabant.
1170 539 1254 568 Porro
1271 548 1304 568 an
1321 541 1396 568 cibos
1421 541 1565 574 haberent,
1581 549 1674 573 necne,
1696 543 1740 568 in-

948 586 1019 612 dicio
1044 590 1124 613 erant
1142 593 1257 621 corpora
1273 587 1449 614 miserorum.
1478 586 1546 613 Nam
1576 588 1620 621 qui
1651 588 1739 615 adlmc

948 630 1026 657 ﬁrma
1055 636 1134 658 erant
1160 632 1331 665 valetudine,
1358 639 1405 659 eos
1436 633 1628 660 alimentorum
1661 634 1738 668 copia

948 675 1086 703 abundare
1101 676 1259 703 censebant.
1275 676 1325 709 Qui
1346 684 1410 704 vero
1424 676 1480 711 iam
1499 678 1740 711 contabescerent,

947 728 995 748 eos
1017 721 1114 748 inissos
1136 721 1282 748 faciebant.
1315 721 1421 756 Quippe
1445 730 1459 749 a
1491 723 1597 750 ratione
1621 723 1739 750 alienum

948 766 1104 798 videbatur,
1124 767 1250 795 homines
1271 768 1440 803 jamjamque
1466 776 1522 803 prte
1548 769 1638 796 inedia
1661 769 1742 797 mori-

949 817 1034 845 turos,
1052 812 1126 839 ferro
1143 813 1402 849 ittterficerc.;ltlulti
1419 822 1484 842 vero
1504 816 1574 842 clam
1593 815 1739 843 facultates

947 866 1011 886 suas
1037 867 1090 885 uno
1111 858 1238 886 frumenti
1264 860 1387 894 quidem,
1406 861 1428 888 si
1445 862 1545 889 divites
1575 866 1678 894 essent,
1695 863 1738 890 sin

947 911 1090 938 pauperes,
1118 904 1213 931 hordei
1243 905 1332 932 modio
1354 906 1554 940 permutabanl.
1585 907 1687 934 Deinde
1711 908 1738 934 itt

946 950 1055 977 intimos
1070 949 1168 976 mdium
1191 958 1318 978 rcce=sus
1349 959 1409 978 sese
1435 951 1586 985 abdenles,
1616 953 1736 980 nonnulli

946 996 1053 1030 quidem
1069 995 1151 1024 famis
1169 997 1263 1024 ultima
1280 998 1445 1025 necessitate
1461 997 1548 1026 adacti
1561 998 1654 1034 fruges
1667 1007 1736 1026 non-

945 1042 1008 1068 dum
1023 1042 1130 1070 molitas
1141 1042 1335 1076 comedebanl;
1354 1043 1399 1071 alii
1417 1051 1483 1071 vero
1497 1051 1594 1079 panem
1610 1045 1738 1073 conﬁcie-

945 1087 1020 1120 bant,
1037 1093 1168 1121 quantum
1191 1090 1340 1115 necessitas
1365 1094 1507 1124 metusque
1534 1090 1677 1117 suadebat.
1702 1091 1736 1118 Et

945 1141 1037 1159 mensa
1066 1134 1175 1167 quidem
1207 1133 1302 1161 nullihi
1327 1136 1533 1168 apponebautr:
1554 1135 1600 1162 sed
1634 1136 1737 1164 crudos

944 1179 1031 1206 adhuc
1045 1181 1121 1208 cibos
1142 1188 1175 1207 ex
1201 1180 1264 1214 igne
1280 1180 1471 1209 abstrahentes
1495 1182 1594 1218 singuli
1621 1183 1738 1218 diripie-

946 1225 1020 1252 hant.
1039 1225 1202 1254 Miserahilis
1219 1234 1301 1260 porro
1315 1231 1375 1253 erat
1397 1227 1527 1255 alimonia
1543 1248 1550 1260 ,
1568 1228 1737 1263 dignumque

944 1272 1072 1308 lacrymis
1099 1272 1284 1307 spectaculum
1302 1281 1310 1300 :
1328 1281 1388 1300 cum
1420 1273 1588 1302 valentiores
1626 1275 1734 1309 quidem

944 1323 1042 1345 cuncta
1056 1318 1246 1352 prmripcrcnt,
1266 1318 1433 1346 infirmiores
1456 1326 1521 1345 vero
1548 1319 1634 1346 vicem
1658 1326 1735 1346 suam

945 1364 1079 1390 dolerent.
1096 1363 1198 1391 Omnes
1214 1364 1322 1398 quidem
1337 1365 1420 1391 animi
1438 1364 1551 1392 affectus
1566 1364 1644 1399 longe
1657 1371 1737 1399 supe-

945 1415 987 1437 rat
1004 1411 1089 1437 famcs
1106 1419 1112 1436 :
1127 1410 1229 1438 nullum
1246 1415 1335 1438 tamctt
1348 1418 1425 1446 teque
1436 1413 1537 1438 evertit
1554 1419 1585 1438 ac
1598 1404 1746 1439 verecun-°

944 1457 1030 1482 diam.
1063 1456 1130 1483 Nam
1147 1455 1276 1491 quidquid
1301 1457 1368 1484 alias
1390 1459 1493 1484 honore
1516 1457 1625 1492 dignum
1644 1462 1686 1484 cst
1704 1465 1737 1485 ac

944 1502 1110 1534 reverentia,
1124 1502 1150 1529 in
1165 1502 1244 1530 famis
1258 1503 1421 1530 necessitate
1435 1503 1631 1530 contemnitur.
1650 1504 1734 1530 Deni-

943 1556 996 1582 que
1008 1556 1106 1575 nxores
1118 1548 1195 1580 viris,
1212 1548 1259 1575 lilii
1273 1549 1433 1583 parentibus
1443 1568 1450 1580 ,
1478 1553 1505 1575 et
1527 1550 1599 1584 quod
1613 1549 1735 1576 omnium

944 1594 1062 1621 maxime
1076 1593 1231 1621 miserabile
1247 1598 1316 1626 erat,
1340 1599 1442 1622 matres
1468 1594 1618 1622 infantibus
1641 1595 1734 1622 cibum

942 1648 975 1667 ex
993 1640 1045 1675 77
1059 1640 1116 1674 ipso
1131 1647 1178 1667 ore
1194 1639 1350 1674 rapiebant.
1366 1640 1400 1667 Et
1412 1640 1646 1667 marcescentibus
1663 1641 1736 1668 inter

942 1686 1054 1714 brachia
1070 1686 1175 1718 liberis,
1198 1687 1298 1714 vitales
1316 1687 1395 1714 Iactis
1417 1692 1509 1722 guttas
1536 1687 1657 1714 adimere
1681 1694 1734 1714 non

943 1733 1063 1767 pigebat.
1097 1732 1256 1767 Huiusmodi
1286 1733 1363 1760 cibus
1385 1733 1447 1760 dum
1474 1738 1628 1767 caperent,
1649 1732 1736 1760 latere

944 1782 1034 1805 tanten
1047 1785 1099 1805 non
1116 1781 1252 1812 poterant.
1267 1777 1334 1804 Nam
1350 1778 1451 1812 ubique
1463 1778 1658 1806 seditiosorum
1677 1786 1736 1805 ma.

944 1831 1005 1855 nus,
1022 1824 1119 1858 praeda:
1134 1824 1248 1851 istorum
1273 1831 1304 1851 ac
1327 1824 1429 1859 rapinis
1447 1823 1735 1859 imminebatzqnippe

945 1869 971 1896 hi
986 1869 1072 1896 sicubi
1091 1869 1210 1896 clausam
1233 1869 1345 1897 domum
1370 1874 1584 1904 conspexerant,
1613 1877 1660 1897 eos
1688 1869 1735 1904 qui

945 1915 1018 1942 intus
1034 1919 1146 1948 essent,
1163 1915 1253 1942 cibum
1274 1922 1384 1942 sumere
1399 1915 1459 1950 hoc
1486 1915 1588 1942 ittdicio
1612 1915 1735 1950 suspica-

945 1961 1061 1990 bantur,
1087 1961 1235 1996 statimque
1257 1960 1377 1988 effractis
1392 1960 1497 1988 foribus
1520 1961 1682 1993 irruebant,
1707 1964 1736 1987 et

944 2014 1027 2041 prope
1055 2015 1088 2034 ex
1116 2007 1181 2041 ipsis
1204 2007 1327 2034 faucibus
1353 2014 1484 2040 expressa
1503 2007 1626 2033 cibormn
1648 2005 1734 2033 frusta

945 2053 1119 2080 revocabant.
1139 2052 1309 2087 Vapulabant
1324 2059 1402 2080 senes
1419 2052 1463 2086 qui
1479 2060 1569 2080 escam
1584 2060 1599 2079 e
1611 2052 1735 2079 manibus

945 2093 1080 2124 dimittere
1092 2096 1231 2124 nolebant.
1248 2096 1374 2124 Mulieres
1389 2104 1501 2132 quoque
1515 2089 1686 2124 occultantes
1701 2103 1733 2123 ea

945 2150 1004 2177 quae
1018 2143 1045 2169 in
1058 2142 1183 2169 manibus
1199 2142 1344 2174 habebant.
1361 2143 1463 2178 sparsis
1486 2143 1608 2170 crinibus
1632 2147 1725 2178 rapta-

945 2189 1055 2216 bantur.
1078 2188 1156 2215 Nulla
1180 2182 1322 2220 canorum,
1349 2189 1420 2215 nulla
1440 2188 1561 2216 infantia:
1590 2189 1731 2217 miseratio

104 2230 297 2266 ἐξομολόγησιν
311 2231 369 2262 ἐνὸς
382 2230 464 2266 ἄρτου
483 2231 529 2258 καὶ
544 2232 588 2258 ἵνα
607 2232 714 2268 μηνύσῃ
728 2232 816 2268 δράκα
832 2233 895 2267 μίαν

950 2238 1011 2261 erat
1025 2242 1031 2260 :
1045 2234 1093 2260 sed
1124 2238 1216 2267 raptos
1240 2234 1266 2260 in
1292 2233 1408 2261 sublime
1429 2234 1556 2269 parvulos
1578 2240 1639 2260 cum
1669 2234 1735 2268 ipsis

104 2277 297 2312 κεκρυμμένην
320 2277 451 2312 ἀλφίτων.
469 2278 500 2304 Ol
518 2278 679 2313 βασανισταὶ
700 2278 722 2304 δ’
745 2279 795 2305 ούκ
817 2279 892 2305 ἐπεί-

104 2330 166 2353 νων,
193 2323 240 2349 καὶ
256 2323 310 2358 γὰρ
322 2322 355 2350 ἂν
368 2321 449 2358 ἦττον
471 2323 546 2359 ὠμὸν
569 2322 602 2359 ἦν
623 2323 653 2350 τὺ
671 2324 730 2359 μετ’
751 2324 874 2359 ἀνάγκης
886 2345 893 2357 ,

139 2412 196 2447 (49)
212 2412 299 2446 Ἤδη.
309 2418 313 2421 ’
324 2413 542 2446 παρωδεύοντο.
557 2412 641 2439 Prava
656 2413 735 2447 huius
747 2413 797 2440 loci
813 2413 898 2440 inter-

86 2453 90 2456 ‘
107 2449 215 2482 punctio
228 2455 288 2482 quae
304 2449 421 2474 habetur
436 2449 461 2474 in
476 2448 597 2475 editione
613 2448 755 2481 Stephani.
772 2448 896 2475 Christo-

107 2483 270 2516 phorsomnn
295 2482 321 2508 iu
347 2490 468 2509 errorem
495 2483 610 2510 induxit.
637 2483 717 2516 Atqui
739 2483 819 2509 facile
838 2488 898 2510 erat

107 2525 164 2552 eam
193 2517 336 2552 restituere
360 2518 386 2543 in
408 2517 481 2544 hunc
509 2518 630 2550 modum,
655 2518 687 2544 οἱ.
704 2517 851 2552 τηκόμενοι
869 2517 896 2544 δὲ

108 2551 167 2587 ῇὸη,
182 2551 380 2587 παρωδεύοντο,
403 2552 584 2587 titiseribitur
610 2553 681 2586 apud
701 2551 896 2587 Nicephorum,

107 2592 131 2613 et
150 2586 177 2612 in
193 2587 285 2613 codice
298 2587 366 2612 Maz.
385 2591 412 2613 et
425 2586 493 2614 Med.

140 2621 196 2656 (50)
216 2621 271 2648 Τοῦ
282 2621 317 2648 δὲ
330 2621 425 2654 πηούς
436 2622 625 2655 ἐφέλκοντες.
642 2620 806 2656 Νἰορριιοιιυς
819 2622 899 2649 habet

109 2655 278 2690 ὑφέλκοντες.
315 2658 368 2683 Sed
409 2657 516 2691 vulgata
551 2657 631 2684 lectio
669 2655 755 2691 magis
793 2657 895 2691 placet,

109 2691 202 2725 quippe
236 2699 296 2725 qua:
332 2690 488 2718 violentiam
523 2691 603 2718 famis
633 2690 733 2718 clarius
762 2690 894 2725 designat.

109 2724 221 2760 Singuli,
245 2724 338 2760 inquit
366 2725 508 2760 Josephus,
529 2727 628 2753 crudos
648 2726 736 2754 adhuc
757 2731 785 2753 et
810 2724 894 2753 serui-

109 2767 195 2796 τοί-ωε
223 2761 301 2788 cibos
330 2761 364 2788 ad
389 2768 449 2788 sese
472 2761 644 2788 attrahebant
666 2769 698 2787 ac
721 2761 893 2796 diripiebant.

109 2794 132 2820 ld
155 2797 227 2822 enim
257 2796 414 2829 significant
439 2803 523 2831 voces"
545 2796 597 2831 illa:
627 2794 787 2830 ἐφέλκοντες
818 2796 895 2831 διήρο

109 2831 198 2862 παζον.
226 2831 304 2865 Quod
328 2836 418 2857 tamen
436 2837 489 2857 nec
509 2830 623 2858 Rufinus
639 2838 688 2858 nec
705 2830 896 2865 Christopltur-

109 2871 185 2894 SUIIUS
200 2866 409 2898 intellexerunt,
425 2870 455 2892 ut
470 2872 504 2893 ex
519 2866 658 2901 utriusque
675 2866 798 2894 versione
814 2872 896 2901 appa-

948 2279 1045 2313 quibus
1058 2279 1170 2314 penduli
1196 2280 1367 2307 inhaerebant
1390 2280 1530 2311 buccellis,
1560 2279 1617 2307 solo
1641 2279 1735 2306 aliide-

949 2326 1025 2352 bant.
1054 2325 1082 2352 Si
1099 2325 1144 2360 qui
1161 2333 1226 2352 vero
1252 2325 1390 2352 incursum
1417 2332 1510 2352 eorum
1527 2325 1734 2359 praevenisset“,

947 2417 998 2440 ret.
1017 2412 1084 2439 Nam
1105 2413 1369 2446 Christophorsonus
1390 2412 1481 2445 vertit,
1498 2412 1576 2439 'aeide
1593 2420 1638 2438 ore
1663 2412 1735 2438 abri-

946 2448 1059 2481 piebattt,
1077 2449 1148 2482 quod
1164 2456 1178 2474 a
1204 2453 1292 2475 mente
1312 2448 1420 2481 Joscphi
1444 2448 1522 2481 longe
1540 2447 1626 2474 abest.
1645 2447 1735 2481 Signi-

948 2483 1010 2509 ficat
1022 2483 1094 2509 enitn
1116 2482 1261 2517 Jusephns,
1284 2484 1395 2509 miseros
1411 2483 1470 2509 illus
1487 2482 1587 2517 cihatia
1610 2482 1659 2508 sibi
1673 2489 1734 2517 mn-

948 2522 993 2544 tno
1006 2518 1138 2550 rapuisse.
1156 2515 1237 2550 ld'que
1262 2525 1295 2544 ex
1313 2517 1489 2551 sequentibus
1515 2515 1623 2550 Joscphi
1644 2516 1735 2542 verbis

948 2552 1090 2578 manifeste
1117 2552 1298 2579 convincitur.
1331 2552 1358 2577 In
1387 2552 1479 2578 codice
1509 2551 1573 2577 Maz.
1605 2555 1632 2577 et
1663 2551 1733 2578 Med.

947 2586 1045 2648 lsi-gitrr
1075 2587 1249 2621 ἀφέλκοντες.
1273 2586 1318 2613 Sic
1345 2586 1427 2613 etimit
1454 2586 1481 2613 in
1513 2586 1590 2613 codd.
1614 2585 1680 2612 Fuk.
1705 2589 1734 2612 et

968 2628 1008 2648 av:
1024 2642 1030 2648 .

968 2628 1030 2649 avu.

981 2655 1035 2691 (51)
1052 2656 1275 2689 Εἰσαράξαντες
1294 2656 1348 2688 τὰς
1369 2656 1469 2689 θύρας.
1491 2655 1536 2682 Sic
1553 2654 1685 2691 Iosephus
1702 2661 1735 2683 ac

945 2689 1129 2724 Nicephorius;
1145 2692 1179 2717 ita
1196 2698 1303 2724 quoque
1315 2692 1391 2717 codd.
1411 2692 1511 2717 Mazar.
1528 2695 1554 2716 et
1571 2689 1649 2722 Fuk.,
1662 2690 1734 2718 hanc

946 2726 1088 2752 lectionem
1111 2733 1207 2752 omnes
1230 2726 1390 2759 interpretes
1417 2733 1470 2752 uno
1488 2733 1620 2752 consensu
1648 2726 1734 2752 secuti

944 2765 1017 2787 sunt.
1037 2761 1064 2786 In
1083 2759 1209 2787 Medica-0
1225 2759 1418 2795 εῑσαράξαντες
1436 2761 1559 2788 trahetur.
1573 2760 1655 2793 Editi,
1672 2760 1735 2792 ἐξά-

946 2803 1043 2838 ραγεξς
1051 2795 1106 2838 ξᾲς
1118 2796 1220 2838 κεῖραςτ

979 2831 1037 2866 (5:!)
1051 2831 1088 2857 Τὰ
1097 2829 1199 2863 νήπια.
1216 2829 1310 2866 Μείῑυε
1321 2830 1389 2866 apud
1402 2829 1547 2864 Josephum
1558 2834 1585 2859 et
1598 2829 1734 2864 NiCepho-

944 2873 1003 2893 rum
1020 2866 1119 2901 legitur
1132 2866 1167 2892 τά
1187 2865 1290 2893 παιδία.
