1993 3164
117 159 174 187 953
610 157 782 187 lllSTOlll/E
801 158 898 186 ECtZLI

950 157 1078 185 ASTICE
1098 156 1160 185 LIB.
1181 157 1223 185 ΙΙῐ.
1688 159 1740 189 εδι

119 221 176 244 tem
193 223 233 243 .se
263 223 418 245 reservasse
443 218 628 252 respondens,
653 218 782 252 reliquias
806 217 853 244 filii
881 218 922 244 sui
954 217 1064 244 detexit.
1095 215 1198 243 Horror
1223 216 1365 244 confestim
1392 222 1538 252 stuporque
1556 225 1602 245 eos
1629 216 1738 247 invasit.

120 262 238 290 Stabant
251 265 404 298 spectaculo
418 265 534 292 attoniti.
551 264 620 292 Tum
639 265 747 296 mulier,
760 264 846 296 Meus,
863 264 959 299 inquit,
980 269 1024 292 est
1036 264 1119 296 filius,
1133 270 1222 290 meum
1247 264 1298 290 hoc
1325 263 1440 291 facinus.
1460 263 1537 292 Edite
1549 271 1608 297 vos,
1631 266 1740 299 quando

124 315 153 337 et
176 310 233 344 ipsa
249 311 366 338 comedi.
389 311 477 339 Nolite
499 317 545 339 aut
569 312 669 340 femina
691 312 840 345 molliores,
858 316 904 338 aut
920 315 1006 338 matre
1022 311 1193 346 benigniores
1217 309 1313 336 videri.
1341 309 1417 342 Quod
1445 310 1467 337 si
1488 310 1605 338 fortasse
1622 311 1739 345 religiosi

119 355 207 388 estis,
223 360 249 382 et
271 355 306 382 ab
327 363 376 383 esu
399 357 514 384 victima:
542 365 609 385 mea:
638 357 808 390 abhorretis,
835 364 885 393 ego
916 357 1054 385 dimidiam
1075 356 1183 391 quidem
1204 360 1307 390 partem
1326 354 1382 389 jam
1408 357 1580 391 consumpsi,
1607 356 1738 391 reliquum

118 402 232 436 perinde
256 401 320 429 mihi
345 408 463 430 maneat.
491 403 554 430 Post
575 404 633 431 lucc
655 403 693 430 illi
713 409 860 431 trementes
888 403 1066 434 abscessere,
1096 404 1130 430 ad
1160 403 1211 430 boc
1236 409 1319 430 unum
1342 401 1431 436 pavidi
1454 407 1534 437 atque
1553 403 1692 437 imbelles,
1712 409 1740 430 et

120 447 174 474 hoc
189 454 289 482 genere
303 447 424 475 alimenti
439 456 510 483 aegre
546 453 626 476 matn
651 453 755 476 reucto.
782 449 866 476 Fama
896 449 1024 477 continuo
1049 449 1118 476 tanti
1152 448 1262 476 sceleris
1281 455 1330 483 per
1352 453 1436 475 totam
1462 449 1597 476 civitatem
1619 449 1739 484 dispersa

117 496 182 524 est,
198 496 226 519 et
238 492 354 527 quisque
371 492 477 520 facinus
491 493 554 520 illud
568 499 633 522 ante
654 495 749 522 oculos
766 501 918 530 proponens
934 515 941 528 ,
963 500 1090 529 tanquam
1118 501 1132 521 a
1157 493 1246 528 seipso
1270 499 1454 528 perpetratum
1479 498 1550 521 esset
1563 513 1571 526 ,
1600 492 1738 522 horrebat.

115 537 225 564 Exinde
237 538 329 565 cuncti
343 537 415 565 fame
429 540 550 574 oppressi
566 540 599 567 ad
627 546 744 568 mortem
774 541 846 567 omni
869 540 958 568 studio
985 540 1202 571 contendebant.
1235 544 1263 567 ct
1286 540 1378 567 beatos
1405 539 1466 566 illos
1495 539 1662 572 censebant,
1691 539 1738 574 qui

114 588 266 618 antequam
289 588 378 611 tantas
395 585 562 613 calamitates
585 591 631 613 aut
647 587 734 614 oculis
749 591 795 614 aut
808 587 901 614 auditu
918 588 1088 622 accepissont
1099 607 1106 620 ,
1123 586 1178 613 fato
1194 586 1300 620 abrepti
1325 586 1443 612 fuerant.
1469 585 1553 620 lgitur
1583 585 1736 614 Judzaorum

113 631 209 658 scelus
236 636 318 666 atque
346 632 512 666 impietatem
541 633 668 661 adversus
681 633 766 662 Deum
793 633 885 662 Jesum
902 634 1046 662 Christum
1062 633 1218 668 huiusmodi
1229 632 1295 660 ultio
1308 636 1454 660 consecuta
1468 635 1521 659 est.

383 678 581 706 ΚΕΦΑΛΔΙΟΝ
600 680 639 706 Ζ¹.

113 722 185 756 Περὶ
196 721 257 748 τῶν
265 722 453 757 τοῦξΧριστοῦ
460 724 652 758 προρῤήσεων
658 726 726 760 (Nic.
737 725 762 752 Η
766 747 772 753 .
778 726 810 754 Ε.
820 727 905 763 HM).

151 779 318 815 Παραθεῖναι
340 779 361 806 δ’
374 780 465 812 αὐτοῖς
485 780 572 814 ἄξιον,
585 782 634 818 τὴν
650 782 752 819 ἀψευδῆ
775 783 821 810 τοῦ
844 784 900 810 Σωι

111 824 197 862 τῆρος
213 825 292 860 ἡμῶν
312 826 474 862 πρόρρησιν,
489 827 521 853 δι’
533 825 567 864 ἦς
583 828 651 855 αὐτὰ
666 829 751 856 ταῦτα
766 829 840 865 δηλοῖ
853 826 904 856 ὧδέ

112 879 174 902 πως
191 871 386 906 προφητεύων·
407 881 417 898 ί
433 873 502 899 Οὐαὶ
523 873 551 900 δὲ
577 874 637 906 ταῖς
659 874 688 900 ὲν
704 876 803 911 γαστρὶ
826 876 905 911 ἑχού-

113 925 176 948 σαις
193 918 240 944 καὶ
254 918 314 950 ταῖς
328 918 506 952 θηλαζούσαις
524 921 552 946 ὲν
566 920 684 953 ἐκείναις
697 923 758 952 ταῖς
770 921 886 958 ἡμέραις
895 930 902 937 ·

113 964 301 1000 προσεύχεσθε
316 966 354 997 δὲ,
371 965 412 992 ἵνα
429 966 466 1001 μὴ
495 966 603 1002 γένηται
623 967 700 1003 ὑμῶν
721 969 738 1003 ἠ
759 968 830 1004 φυγὴ
849 978 905 1005 χει-

114 1010 219 1046 μῶνος,
249 1011 315 1046 μηδὲ
351 1012 487 1047 σαϐϐάτῳ.
521 1013 617 1040 Ἔσται
643 1013 697 1050 γὰρ
723 1014 784 1041 τότε
817 1015 905 1050 ολίψις

114 1055 232 1091 μεγάλη,
254 1056 296 1082 οἶα
313 1056 362 1082 οὐκ
378 1056 485 1090 ἐγένετο
501 1057 546 1083 ἀπ’
564 1058 652 1093 ἀρχῆς
671 1059 772 1095 κόσμου
789 1060 841 1092 ἔως
857 1060 903 1087 τοῦ

113 1101 172 1132 νῦν,
195 1101 255 1127 οὐδὲ
282 1101 319 1137 μὴ
341 1102 460 1137 γένηται.
475 1111 484 1128 ι
513 1103 676 1138 Συναγαγὼν
696 1105 725 1131 δὲ
751 1106 839 1132 πάντα
859 1107 904 1133 τὸν

112 1146 167 1172 τῶν
184 1146 362 1183 ἀνῃρημένων
387 1148 501 1185 ἀριθμὸν
520 1151 534 1177 ό
552 1152 739 1186 συγγραφεὺς,
761 1151 832 1187 λιμῷ
857 1152 904 1179 καὶ

114 1190 186 1226 ξίφει
212 1193 346 1228 μυριάδας
363 1194 459 1221 ἑκατὸν
473 1196 520 1222 καὶ
533 1196 598 1223 δέκα
617 1196 797 1232 διαφθαρῆναί
822 1206 902 1232 φησι,

112 1238 176 1270 τοὺς
194 1238 222 1264 δὲ
237 1238 346 1270 λοιποὺς
365 1240 522 1273 στασιώδεις
536 1242 584 1268 καὶ
603 1241 774 1278 λῃστρικοὺς,
790 1243 842 1270 ὑπὸ
857 1243 903 1270 ἀλ-

112 1283 203 1319 λήλων
221 1284 291 1320 μετὰ
306 1285 355 1321 τὴν
372 1286 472 1313 ᾶλωσιν
489 1287 717 1324 ἐνδεικνυμένους,
739 1289 902 1325 ἀνῃρῆσθαι,

112 1329 168 1356 τῶν
190 1329 219 1355 δὲ
241 1329 309 1357 νέων
324 1331 386 1363 τοὺς
403 1331 585 1367 ὑψηλοτάτους
603 1333 651 1360 καὶ
673 1333 764 1360 κάλλει
779 1334 902 1370 σώματος

113 1373 303 1409 διαψέροντας,
328 1376 491 1411 τετηρῆσθαι
518 1377 658 1413 θριάμϐῳ,
685 1378 732 1405 τοῦ
755 1378 783 1405 δὲ
808 1378 900 1406 λοιποῦ

113 1420 250 1455 πλήθους,
274 1421 337 1453 τοὺς
360 1422 430 1458 ὑπὲρ
452 1424 634 1451 ἑπτακαίδεκα
651 1424 709 1460 ἔτη,
724 1425 849 1461 δεσμίους
863 1427 902 1458 εις

113 1466 154 1492 τὰ.
165 1468 226 1493 κατ’
239 1467 376 1501 Αἴγυπτον
392 1468 461 1503 ἔργα
485 1470 729 1505 παραπεμφθῆναι,
745 1470 854 1503 πλείους
874 1471 902 1497 δὲ

114 1513 153 1544 εις
168 1513 218 1544 τὰς
249 1513 381 1548 ἐπαρχίας
404 1514 610 1550 διανενεμῆσθαι
630 1515 849 1551 φθαρησομένους
873 1518 901 1544 ὲν

114 1560 167 1591 τοῖς
196 1559 325 1595 θεάτροις
351 1559 452 1596 σιδήρῳ
475 1561 522 1588 καὶ
546 1561 665 1598 θηρίοις,
689 1563 752 1594 τοὺς
782 1563 805 1589 δ’
828 1563 902 1594 ὲντὺς

114 1605 300 1632 ἑπτακαίδεκα
325 1605 404 1638 ἐτῶν,
428 1606 617 1642 αἰχμαλώτους
649 1607 781 1643 ἀχθέντας
807 1609 901 1635 διαπε-

115 1651 250 1686 πρᾶσθαι,
272 1651 375 1678 τούτων
399 1652 427 1679 δὲ
445 1653 532 1688 μόνων
556 1651 601 1680 τὸν
625 1653 748 1690 ἀριθμὸν,
769 1655 809 1686 εἰς
825 1655 901 1681 ὲννέα

116 1696 249 1731 μυριάδας
269 1697 323 1732 (64)
345 1697 448 1733 ἀνδρῶν
464 1698 638 1734 συναχθῆναι.
654 1699 745 1727 Ταῦτα
759 1700 787 1726 δὲ
808 1700 900 1727 τοῦτον

115 1740 238 1776 ἐπράχθη
267 1741 313 1768 τὸν
337 1742 446 1778 τρόπον,
475 1743 593 1780 δευτέρῳ
620 1744 671 1779 τῆς
697 1745 899 1772 Οὐεσπασιανοῦ

116 1784 252 1820 βασιλείας
274 1786 340 1819 ἔτει,
363 1787 515 1821 ἀκολούθως
533 1790 593 1821 ταῖς
611 1792 828 1825 προγνωστικαῖς
853 1790 900 1817 τοῦ

115 1832 212 1869 Κυρίου
229 1834 277 1861 καὶ
293 1835 419 1871 Σωτῆρος
432 1836 510 1871 ἡμῶν
530 1836 617 1872 Ἰησοῦ
639 1837 757 1873 Χριστοῦ
777 1838 900 1873 προρρή-

115 1886 194 1912 σεσιν,
217 1880 282 1915 Θείᾳ
302 1881 415 1916 δυνάμει
435 1881 529 1917 ὥσπερ
552 1882 602 1918 ἤδη
625 1883 746 1918 παρόντα
760 1892 900 1919 προεωρα-

115 1925 187 1957 κότος
204 1926 288 1958 αὐτὰ,
306 1927 535 1963 ὲπιδακρύσαντός
550 1937 579 1954 τε
597 1928 643 1955 καὶ
657 1929 898 1964 ἁποκλαυσαμένου

115 1971 180 1997 κατὰ
196 1972 250 2008 τὴν
272 1971 326 1999 τῶν
346 1972 425 2008 ἱερῶν
449 1973 647 2008 εὐαγγελιστῶν
663 1975 682 2000 Γ
686 1974 784 2010 ραςρὴν,
804 1975 827 2001 οἳ
851 1974 898 2001 καὶ

113 2015 194 2048 αὑτὰς
208 2017 293 2044 αὐτοῦ
314 2018 521 2053 παρατέθεινται
535 2019 584 2051 τὰς
598 2019 692 2052 λέξεις,
705 2020 765 2046 τοτὲ
783 2020 832 2055 μὲν
847 2021 898 2056 φή-

114 2069 203 2094 σαντος
218 2062 257 2094 ὡς
279 2063 348 2098 πρὸς
364 2063 447 2099 αὐτὴν
462 2063 510 2100 τὴν
527 2064 718 2101 Ἰερουσαλήμ·
736 2075 745 2091 ‹
759 2066 790 2092 Et
812 2065 897 2100 ἔγνως

115 2107 158 2134 καί
171 2116 201 2142 γε
216 2110 248 2135 σὺ
265 2109 295 2135 ὲν
312 2110 344 2144 τῇ
365 2109 457 2145 ἡμέρᾳ
476 2110 560 2146 ταύτῃ
575 2111 610 2137 τὰ
627 2111 693 2147 πρὸς
707 2111 817 2148 εἰρήνην
836 2120 896 2138 σοι·

114 2152 158 2179 νῦν
171 2153 197 2179 δὲ
214 2153 320 2190 ἐκρύϐη
335 2154 388 2180 ἀπὸ
401 2154 546 2190 ὀφθαλμῶν
562 2165 619 2185 σου.
632 2157 692 2183 ’Ότι
707 2157 816 2191 ἥξουσιν
831 2157 897 2192 ἠμέ-

116 2206 157 2234 ραι
175 2199 219 2225 ἐπὶ
235 2199 279 2231 σὲ,
295 2200 341 2226 καὶ
361 2200 535 2236 περιϐαλοῦσί
553 2210 593 2228 σοι
615 2202 638 2228 οἱ
661 2202 752 2238 ἐχθροί
775 2211 821 2229 σου
845 2203 894 2238 χά-

116 2252 197 2279 ρακα,
219 2246 267 2272 καὶ
296 2246 528 2282 περικυκλώσουσι
559 2256 598 2280 σε,
624 2248 671 2275 καὶ
698 2248 837 2282 συνέξουσί
864 2257 894 2275 σε

116 2289 249 2323 πάντοθεν,
274 2291 322 2317 καὶ
347 2292 485 2326 ὲδαφιοῦσί
510 2301 539 2319 σε
561 2293 606 2319 καὶ
632 2293 665 2320 τὰ
690 2294 771 2320 τέκνα
803 2302 863 2320 σου·
883 2304 891 2319 ι

116 2334 171 2359 τοτὲ
183 2334 220 2366 δὲ,
232 2335 272 2367 ὡς
287 2335 350 2370 περὶ
361 2335 408 2362 τοῦ
424 2335 503 2362 λαοῦ’
521 2345 530 2361 ι
545 2337 639 2363 Ἔσται
654 2336 707 2372 γὰρ
722 2337 827 2372 ἀνάγκη
847 2346 895 2372 με·

1258 679 1372 707 CAPUT
1390 678 1442 705 VII.

1161 725 1199 753 De
1210 725 1421 761 pradictionibu:
1434 724 1543 752 Cltrisu.

992 780 1086 818 Operae
1105 781 1222 816 pretium
1246 785 1334 808 autem
1353 781 1435 808 fuerit
1457 781 1501 808 bis
1520 781 1666 816 adiungere
1678 789 1739 810 cer-

957 827 1091 856 tissimum
1105 827 1260 854 Servatoris
1275 826 1359 854 nostri
1374 827 1525 860 oraculum,
1539 833 1592 861 quo
1604 827 1662 855 hac
1679 827 1737 862 ipsa

957 874 1118 909 prmdixerat
1134 873 1177 900 bis
1191 873 1279 900 verbis
1298 881 1305 900 ε
1323 883 1332 898 ι
1355 872 1399 900 Vat
1426 873 1628 908 prtegnantibns
1644 879 1672 901 et
1687 882 1737 901 nu-

957 919 1070 946 tricibus
1092 919 1120 946 in
1145 919 1199 945 illls
1222 918 1326 946 diebus.
1343 918 1424 946 Orate
1445 923 1535 946 autem
1551 926 1585 946 ne
1602 919 1664 954 fuga
1681 919 1734 954 ει

957 970 1046 993 vestra
1061 965 1199 1000 contingat
1212 965 1300 992 hieme
1313 965 1355 992 vel
1369 965 1498 993 Sabbato.
1514 966 1572 993 Erit
1588 967 1660 994 enim
1673 971 1738 994 tunc

955 1010 1085 1045 temporis
1099 1009 1238 1038 calamitas
1255 1017 1352 1044 magna
1364 1029 1372 1042 ,
1389 1009 1540 1045 cujusmodi
1556 1010 1673 1037 nondum
1687 1010 1737 1037 fuit

955 1056 990 1084 ab
1007 1056 1084 1084 initio
1109 1055 1224 1089 mundi,
1243 1062 1292 1082 nec
1315 1055 1428 1090 posthac
1441 1055 1502 1082 erit.
1530 1065 1540 1082 ι
1563 1055 1651 1084 Porro
1665 1055 1735 1082 idem

955 1101 1001 1129 ille
1025 1101 1146 1129 historia:
1162 1101 1279 1135 scriptor
1301 1100 1460 1128 universum
1482 1108 1624 1128 numerum
1640 1109 1734 1129 eorum

955 1146 1000 1180 qui
1017 1145 1057 1172 vel
1074 1144 1164 1180 gladio
1184 1145 1226 1171 vel
1245 1145 1315 1171 fame
1326 1145 1481 1179 perierunt,
1497 1145 1576 1172 simul
1594 1145 1736 1181 colligens,

954 1192 1083 1220 undecies
1096 1196 1208 1218 centena
1225 1191 1364 1218 hominum
1383 1190 1467 1218 millia
1489 1191 1601 1225 periisse
1619 1192 1734 1220 scribit:

956 1237 1105 1266 seditiosos
1125 1244 1190 1264 vero
1202 1241 1228 1263 et
1244 1237 1384 1270 praedones
1403 1236 1448 1270 qui
1465 1237 1665 1271 superfuerant,
1676 1243 1737 1271 post

952 1286 1029 1314 urbis
1041 1285 1175 1313 excidium
1191 1288 1284 1312 mutuo
1299 1283 1397 1311 ittdicio
1412 1282 1564 1314 damnatos;
1581 1289 1675 1317 pmnas
1687 1283 1736 1309 de-

953 1333 1026 1360 disse
1040 1341 1047 1360 :
1061 1338 1088 1360 et
1100 1340 1133 1359 ex
1156 1331 1298 1365 iuventute
1315 1330 1422 1364 quidem
1435 1336 1492 1361 eos;
1508 1329 1553 1363 qui
1570 1329 1735 1362 proceritate

917 1375 938 1402 Β
952 1378 1075 1413 corporis
1088 1382 1116 1405 et
1126 1377 1213 1404 forma
1230 1375 1337 1404 caeteris
1351 1379 1522 1410 prmstarent,
1540 1375 1572 1402 ad
1588 1381 1734 1401 ornamen-

953 1427 1009 1450 tum
1028 1422 1157 1457 triumphi
1177 1425 1350 1450 reservatos:
1367 1428 1400 1448 ex
1416 1420 1520 1454 reliqua
1547 1424 1638 1447 autent
1666 1419 1734 1446 tnui-

954 1468 1068 1496 titudine
1081 1475 1138 1501 eos,
1157 1468 1202 1502 qui
1217 1468 1360 1502 septimum
1380 1467 1516 1494 decimum
1530 1465 1617 1493 aetatis
1633 1473 1734 1492 annum

953 1517 1138 1544 excesserant,
1155 1512 1261 1540 vinctos
1273 1512 1306 1539 ad
1321 1511 1430 1538 metalla
1444 1510 1594 1538 exercenda
1615 1510 1640 1537 in
1652 1509 1735 1546 Egy-

953 1565 1028 1594 ptum
1047 1560 1193 1594 perductos
1207 1566 1268 1586 esse
1291 1567 1298 1586 :
1324 1558 1457 1593 plurimos
1472 1565 1537 1586 vero
1554 1564 1602 1592 per
1625 1557 1735 1592 provin-

952 1606 1008 1632 cias
1033 1606 1212 1638 distributos,
1237 1605 1282 1640 qui
1309 1605 1335 1631 in
1360 1604 1477 1639 publicis
1502 1604 1663 1639 spectaculis
1687 1609 1735 1631 aut

953 1651 1029 1679 ferro
1043 1657 1089 1679 aut
1104 1651 1198 1679 bestiis
1211 1654 1435 1678 consumerentur
1453 1658 1459 1676 :
1479 1644 1633 1684 quicunque
1644 1654 1732 1676 autem

953 1697 1072 1725 minores
1094 1701 1184 1724 essent
1200 1697 1278 1724 annis
1299 1695 1491 1730 septemdecim
1504 1714 1512 1727 ,
1529 1702 1576 1722 eos
1599 1695 1626 1722 in
1649 1695 1734 1722 servi-

951 1747 1035 1770 tutem
1053 1743 1184 1770 abductus
1201 1741 1250 1769 sub
1264 1747 1365 1768 corona
1388 1741 1513 1768 veniisse.
1537 1740 1657 1773 Quorum
1673 1740 1734 1774 qni-

951 1789 1009 1816 dem
1026 1795 1168 1815 numerum
1183 1787 1215 1814 ad
1230 1786 1375 1821 nonaginta
1391 1792 1476 1820 usque
1494 1786 1634 1813 hominum
1647 1785 1732 1812 milia

950 1835 1106 1869 pervenisse
1125 1833 1252 1860 afﬁrmat.
1273 1832 1305 1860 Et
1320 1832 1377 1860 haec
1391 1832 1499 1866 quidem
1520 1838 1589 1859 anno
1612 1832 1733 1858 secundo

949 1880 1118 1915 principatus
1132 1878 1291 1914 Vespasiani
1308 1877 1419 1912 Augusti
1433 1877 1466 1904 ad
1480 1877 1552 1904 hunc
1566 1877 1675 1904 modum
1689 1885 1733 1911 ge-

950 1931 991 1954 sta
1008 1929 1090 1958 sunt,
1103 1924 1179 1959 juxta
1201 1923 1358 1951 Servatoris
1377 1922 1471 1950 nostri
1491 1922 1664 1949 vaticinium.
1679 1923 1730 1954 Qui

950 1971 1039 1998 divina
1056 1971 1184 2005 praeditus
1195 1969 1305 2001 virtute,
1318 1975 1351 1996 ea
1368 1975 1427 2002 qua:
1444 1971 1555 1995 ventura
1570 1972 1658 1998 erant,
1670 1972 1732 1995 tan-

950 2024 1031 2051 quam
1046 2015 1189 2051 praasentia
1205 2013 1289 2042 multo
1301 2018 1365 2041 ante
1378 2013 1542 2048 praeviderat
1555 2022 1563 2041 :
1579 2018 1607 2041 et
1623 2013 1731 2050 illacry-

950 2068 1038 2089 matus
1055 2060 1142 2088 fuerat
1158 2065 1239 2095 atque
1255 2059 1422 2094 ingemuerat
1433 2078 1439 2090 ,
1459 2063 1488 2086 ιιι
1503 2059 1729 2093 evangelistarum

949 2108 1047 2143 scripta
1065 2111 1208 2134 testantur.
1226 2105 1258 2132 Hi
1271 2106 1342 2132 enim
1367 2105 1425 2138 ipsa
1440 2111 1547 2139 quoque
1562 2104 1634 2132 illius
1648 2105 1730 2132 verba

949 2153 1119 2186 retulerunt,
1136 2151 1233 2186 quibus
1252 2150 1332 2178 modo
1347 2150 1486 2177 civitatem
1509 2149 1595 2185 ipsam
1609 2151 1730 2185 compel-

947 2200 1026 2233 lans,
1042 2198 1132 2226 aiebat
1144 2198 1166 2214 '°
1184 2209 1190 2225 ;
1206 2207 1215 2223 ι
1236 2197 1265 2225 Si
1286 2197 1458 2231 cognovisses
1479 2200 1507 2222 et
1531 2197 1600 2223 tuin
1615 2197 1658 2224 die
1683 2197 1730 2224 illo

947 2253 1007 2281 quae
1032 2246 1064 2272 ad
1080 2251 1177 2280 pacem
1195 2249 1267 2271 tuam
1284 2243 1448 2271 conducunt.
1461 2241 1536 2269 Nunc
1551 2247 1643 2270 autem
1659 2243 1729 2271 abs-

945 2291 1053 2317 condita
1077 2294 1141 2317 sunt
1164 2289 1198 2316 ab
1214 2287 1301 2316 oculis
1323 2288 1376 2315 tuis
1391 2297 1398 2314 :
1413 2287 1476 2320 quia
1485 2287 1596 2314 venient
1612 2288 1670 2315 dies
1685 2296 1730 2315 su-

944 2342 993 2369 per
1009 2339 1045 2366 te,
1062 2339 1090 2362 et
1107 2333 1317 2362 circuntdabunt
1331 2337 1357 2360 te
1372 2332 1473 2360 inimici
1491 2333 1527 2359 tui
1539 2333 1620 2365 vallo,
1636 2338 1663 2361 et
1675 2334 1730 2361 cin-

117 2377 179 2414 γάλη
195 2381 239 2407 ἐπὶ
263 2380 314 2415 τῆς
339 2382 405 2416 γῆς,
429 2382 475 2408 καὶ
502 2382 570 2417 ὀργὴ
586 2382 625 2417 τῷ
643 2381 699 2418 λαῷ
723 2382 819 2418 τούτῳ.
839 2382 893 2408 Καὶ

950 2385 1007 2414 gent
1023 2385 1048 2407 te
1065 2379 1183 2414 undique
1195 2398 1203 2410 ,
1225 2383 1253 2406 et
1268 2378 1461 2412 expugnabunt
1479 2381 1505 2405 te
1516 2397 1524 2410 ,
1539 2382 1565 2405 et
1579 2378 1639 2406 solo
1656 2379 1728 2406 adu:-

118 2424 252 2452 τιεσοῦνται
268 2427 298 2453 ὲν
315 2427 426 2462 πόματι
447 2427 584 2463 μαχαίρας
608 2428 655 2454 καὶ
676 2427 894 2463 αἰχμαλωτισθή-

950 2426 1066 2459 quabunt
1078 2445 1086 2457 ,
1105 2430 1134 2452 et
1156 2424 1226 2451 filios
1250 2428 1310 2450 tuos
1327 2423 1440 2455 clident;
1459 2432 1468 2449 ι
1485 2424 1566 2451 modo
1580 2424 1613 2451 de
1629 2425 1728 2459 popqu

119 2476 199 2496 σονται
217 2473 255 2503 εἰς
282 2472 369 2498 πάντα
390 2472 424 2499 τὰ
445 2472 508 2508 ἔθνη
522 2482 528 2488 ·
550 2473 597 2499 καὶ
617 2473 791 2509 Ἰερουσαλὴμ
815 2473 891 2500 ἔσται

950 2470 1004 2505 ipso
1027 2470 1117 2497 aiebat
1133 2479 1140 2496 :
1159 2479 1168 2495 ι
1187 2469 1247 2495 Erit
1266 2468 1338 2496 enim
1361 2467 1450 2495 clades
1465 2476 1560 2503 magna
1577 2473 1605 2496 el
1619 2469 1660 2496 ira
1680 2469 1725 2497 Dei

118 2517 263 2553 πατουμένη
286 2517 337 2544 ὑπὸ
358 2518 452 2550 ἐθνῶν,
467 2519 546 2554 ἄχρις
563 2516 593 2546 οὗ
612 2519 774 2554 πληρωθῶσι
801 2520 890 2555 καιροὶ

950 2517 1072 2543 adversus
1097 2516 1168 2542 hunc
1186 2514 1331 2549 populum;
1349 2519 1376 2541 et
1391 2514 1487 2541 cadent
1514 2514 1540 2540 in
1558 2521 1605 2541 ore
1620 2515 1700 2549 gladii
1716 2534 1725 2548 ,

119 2557 221 2587 ἐθνῶν.»
241 2562 297 2588 Καὶ
321 2562 416 2589 πάλι-ι’
436 2572 445 2588 ι
462 2564 545 2590 Ὅταν
559 2564 587 2592 δὲ
611 2564 683 2599 ἴδητε
705 2563 890 2599 κυκλουμένην

950 2567 971 2589 et
982 2563 1080 2596 captivi
1095 2562 1227 2589 ducentur
1243 2561 1270 2587 in
1283 2568 1378 2588 omnes
1391 2565 1496 2595 gentes.
1520 2560 1552 2586 Et
1577 2559 1725 2588 Jerusalem

119 2602 166 2630 ὑπὸ
185 2607 369 2642 στρατοπέδων
385 2608 434 2643 τὴν
454 2608 638 2645 Ἰερουσαλὴμ,
652 2609 712 2636 τότε
735 2609 831 2643 γνῶτε,
850 2610 890 2636 ὅτι

950 2608 1093 2635 calcabitur
1114 2615 1128 2634 a
1154 2606 1297 2642 gentibus,
1314 2607 1399 2634 donec
1421 2605 1583 2640 impleantur
1605 2610 1724 2642 tempora
1767 2629 1769 2631 .

118 2647 220 2683 ἡτγιιιεν
235 2653 251 2687 ἠ
272 2653 410 2688 ἐρήμωσις
425 2653 521 2688 αὐτῆς.
534 2663 543 2680 ι
560 2655 711 2691 Συγκρινας
728 2655 756 2682 δέ
778 2664 820 2687 τις
842 2654 891 2686 τὰς

950 2654 1075 2688 gentium.
1093 2663 1103 2679 ›
1119 2652 1153 2680 Et
1170 2660 1283 2680 rursus:
1309 2661 1318 2678 ‹
1342 2652 1407 2680 Cum
1424 2656 1512 2679 autem
1526 2651 1647 2680 videritis
1670 2653 1726 2680 cir-

149 2705 170 2721 ³⁰
181 2706 244 2736 Luc.
259 2717 315 2737 ιιι.

150 2762 201 2799 (64)
213 2765 263 2798 Εἰς
272 2766 361 2801 ἐννέα
372 2766 528 2801 μυριάδας.
542 2765 726 2794 Ilailucinalur
739 2766 881 2794 Eusebius.

119 2793 201 2831 Neque
214 2793 281 2826 enim
297 2793 428 2835 Jusep'titts
448 2793 591 2834 Ιιορίιὶειι,
613 2803 658 2828 sed
680 2807 784 2829 tantum
809 2793 882 2829 aﬂlr;

121 2836 178 2871 litat,
193 2842 328 2871 munerum
348 2844 442 2863 eorum
460 2836 505 2870 qui
521 2841 577 2862 toto
596 2836 657 2863 belli
677 2842 796 2871 tempore
811 2837 883 2871 capti

121 2870 176 2894 funt
193 2877 207 2895 ιι
225 2869 362 2901 Romanis.
389 2872 422 2898 ad
449 2869 592 2906 nunaginta
623 2869 883 2906 septem-luminum

305 2916 440 2948 Ριτιιοι..
465 2917 523 2948 Gn.
547 2915 617 2947 XX.

936 2766 1017 2794 millia
1036 2767 1202 2801 pervenisse.
1220 2765 1308 2794 Locus
1323 2771 1364 2794 est
1380 2767 1406 2794 in
1428 2766 1480 2794 fine
1493 2766 1554 2794 libri
1577 2775 1613 2794 νι.
1630 2766 1724 2801 Itaque

937 2802 1034 2829 merito
1058 2802 1320 2836 Chrristopborsonus
1343 2803 1393 2830 hoc
1421 2802 1480 2830 loco
1507 2802 1616 2831 Eusebii
1643 2803 1723 2830 \‘etba

937 2835 1131 2871 aliquantulum
1150 2835 1313 2865 immutavit.
