1993 3164
263 126 318 157 355

615 127 747 156 EUSEBII
765 127 1002 156 CESARIENSIS
1023 127 1097 155 OPP.
1118 126 1207 154 PARS
1227 127 1246 155 l.
1268 143 1301 147 ——
1321 127 1517 158 HISTORICA.

1830 119 1882 161 ἐΰς.

263 188 385 216 eumdari
400 187 434 215 ab
462 186 582 214 exercitu
597 186 745 216 Jerusalem
758 208 766 220 .
792 193 855 216 tunc
873 189 969 216 scitote
981 189 1032 224 qui:

1095 187 1140 214 τοῦ
1158 187 1281 222 Σωτῆρος
1296 187 1374 222 ἡμῶν
1389 187 1474 221 λέξεις
1487 189 1547 219 ταῖς
1569 188 1674 220 λοιπαῖς
1695 188 1741 215 τοῦ
1759 197 1880 226 συγγρα-

265 232 490 268 appropinquavit
511 232 643 260 desolatio
666 233 725 268 ejus
746 233 780 260 ³¹.
809 242 819 259 ι
841 233 919 267 Quod
936 233 958 261 si
983 233 1044 268 quis

264 278 418 307 Servatoris
441 278 529 306 nostri
546 279 628 306 verba
644 287 705 306 cum
721 280 754 307 iis
768 283 918 314 comparet,
935 287 994 315 qua:
1009 279 1042 307 ab

263 325 372 359 eodean
385 324 526 358 Scriptore
551 325 584 352 de
600 325 728 352 universo
745 325 817 353 bello
830 330 1042 353 commemorata

260 376 335 405 sunt,
350 371 409 398 ﬁeri
425 378 478 398 non
495 375 583 406 potest
596 371 661 405 quin
678 371 827 398 admiretur
842 371 1042 406 pnescientiam

260 426 293 446 ac
318 418 520 453 praedictionem
542 417 697 444 Servatoris
719 418 827 450 nostri,
846 425 962 452 eamque
979 425 1042 445 vere

259 464 382 492 divinam
397 468 425 491 et
441 470 521 498 supra
543 462 598 498 82
623 463 734 490 modum
753 463 913 498 stupendam
929 471 989 491 esse
1003 463 1042 490 fa-

259 515 359 539 teatur.
375 510 415 537 Ac
430 510 465 537 de
486 509 520 536 iis
534 509 641 543 quidem
661 516 721 543 qua:
735 509 870 537 universze
885 509 1040 537 Judaeorum

257 556 331 591 genti
352 561 412 591 post
428 555 581 590 passionem
607 555 712 582 Domini
727 555 918 590 contigerunt,
936 560 964 583 et
979 560 1041 590 post

257 609 338 629 voces
360 601 421 628 illas
436 600 534 635 quibus
560 599 692 626 latronem
710 600 817 634 quidem
832 605 860 627 et
874 600 1039 627 homicidam

256 646 355 674 mortis
373 645 504 680 supplicio
520 644 641 677 liberari,
660 644 746 679 ipsum
767 652 832 672 vero
847 650 984 672 auctorem
999 645 1040 672 \‘i-

256 696 290 720 ta:
303 700 318 720 e
331 692 419 720 medio
434 691 489 718 tolli
504 690 619 726 populus
635 691 724 718 omnis
749 691 976 724 succlamaverat,
993 690 1039 719 Jo-

255 739 333 772 seplti
355 737 503 765 narrationi
517 736 665 771 quidquam
687 736 787 764 addere
803 737 914 765 minime
925 745 1038 765 necesse

253 789 306 812 est.
321 784 367 811 illa
382 791 445 811 vero
459 783 577 817 adjicere
597 790 702 817 mquum
719 782 800 810 iueril
813 802 821 814 ,
837 783 936 818 quibus
953 783 1038 812 divini

254 828 380 857 Numinis
395 827 536 855 clementia
551 834 584 854 ac
596 827 767 862 providentia
783 827 938 855 declaratur
955 837 962 855 :
977 836 1037 863 quae

254 874 361 910 quidem
376 877 438 908 post
449 873 585 908 piaculum
602 873 629 900 in
643 872 783 900 Christum
799 873 1035 909 admissum,qua-
1053 863 1073 890 Β

253 919 378 955 draginta
389 926 522 946 annorum
537 918 626 953 spatio
637 939 644 952 ,
663 919 778 946 exitium
793 919 902 946 illorum
918 920 1033 948 distulit.

253 966 313 1000 Quo
329 965 356 992 in
370 970 491 1000 tempore
507 963 622 998 apostoli
642 972 675 992 ac
697 964 824 1000 discipuli
845 972 913 1000 pene
927 973 1033 998 omnes.

252 1017 281 1040 et
301 1011 418 1038 Jacobus
433 1009 492 1045 ipse
506 1009 609 1044 printus
625 1009 676 1037 loci
693 1009 765 1038 illius
779 1010 933 1046 episcopus,
950 1011 973 1040 is
987 1012 1033 1047 qui

253 1058 338 1085 frater
355 1057 461 1085 Domini
480 1056 632 1088 dicebatur,
647 1056 737 1084 adhuc
750 1057 910 1091 superstites
922 1078 930 1091 ,
951 1062 979 1086 et
1004 1058 1033 1086 in

252 1104 312 1139 ipsa
335 1101 584 1138 Hierosolymorum
611 1101 720 1130 civitate
743 1102 892 1137 degentes,
908 1104 1034 1132 ﬁrmissi-

252 1157 326 1176 mum
342 1148 394 1176 ioci
404 1148 598 1175 munimentum
607 1148 772 1182 perstabant,
785 1156 847 1176 cum
861 1149 952 1177 divina
966 1150 1033 1178 Pro-

252 1194 370 1221 videntia
384 1194 472 1221 adhuc
484 1201 530 1221 eos
547 1193 743 1228 patientissime
760 1195 917 1229 sustineret,
928 1196 950 1223 si
963 1195 1034 1224 forte

252 1240 459 1267 commissorum
475 1239 618 1267 criminum
642 1240 828 1275 paenitentiam
849 1247 971 1276 agentes,
984 1249 1034 1270 ve-

251 1286 324 1313 niam
346 1291 374 1313 et
394 1285 508 1313 salutem
522 1286 652 1319 consequi
674 1291 785 1320 possent
801 1295 808 1313 :
827 1295 942 1322 cutnque
955 1288 1030 1323 ejus-

249 1333 322 1359 modi
341 1332 474 1367 patientia
498 1332 610 1359 mininte
638 1338 766 1360 contenta
783 1333 831 1360 Dei
853 1333 1028 1369 benignitas,

251 1379 395 1406 horrendis
411 1379 570 1413 quibusdam
595 1378 678 1413 signis
692 1386 724 1406 ac
741 1379 875 1413 portentis
899 1380 1030 1409 divinitus

249 1423 340 1455 editis.
358 1423 526 1450 calamitates
538 1422 615 1458 ipsis.
632 1423 683 1450 nisi
696 1424 882 1458 paenitentiam
897 1425 1028 1460 egissent,

1095 233 1166 268 φέως
1185 233 1314 269 ἱστορίαις
1335 234 1394 264 ταῖς
1407 234 1470 269 περὶ
1491 233 1537 260 τοῦ
1555 234 1654 265 παντὸς
1670 234 1799 270 πολέμου,
1821 236 1880 267 πῶς

1093 280 1143 306 οὑκ
1158 279 1189 306 ἂν
1205 279 1432 315 ἀποθαυμάσειεν,
1454 279 1528 306 θείαν
1542 280 1578 311 ὡς
1596 280 1702 316 ἀληθῶς
1726 281 1772 307 καὶ
1797 282 1882 317 {map—

1094 325 1167 360 φυῶς
1183 325 1330 361 παράδοξον
1344 325 1392 362 τὴν
1404 326 1554 361 πρόγνωσίν
1566 335 1596 352 τε
1610 326 1656 352 καὶ
1669 327 1820 363 πρόρρησιν
1832 327 1878 354 τοῦ

1094 373 1217 408 Σωτῆρος
1235 372 1313 408 ἡμῶν
1328 373 1506 408 ὁμολογήσας.
1524 372 1592 407 Περὶ
1608 372 1656 407 μὲν
1675 370 1721 399 οὖν
1739 373 1792 399 τῶν
1809 373 1879 408 μετὰ

1092 417 1122 444 τὸ
1139 419 1270 454 σωτήριον
1285 418 1370 450 πάθος
1388 418 1435 445 καὶ
1455 417 1504 449 τὰς
1526 419 1617 452 φωνὰς
1634 418 1741 450 ὲκείνας
1762 420 1790 445 ἐν
1804 417 1847 451 αἷς
1860 420 1877 455 ἡ

1091 463 1146 490 τῶν
1162 463 1294 490 Ἰουδαίων
1311 463 1414 498 πληθὺς
1430 463 1474 489 τὸν
1491 463 1544 499 μὲν
1558 462 1657 499 λῃστὴν
1674 463 1719 490 καὶ
1734 463 1813 498 φονέα
1831 463 1877 489 τοῦ

1092 508 1205 535 θανάτου
1231 509 1403 545 παρῄτηται,
1426 508 1471 535 τὸν
1495 508 1522 534 δὲ
1546 508 1665 544 ἀρχηγὸν
1688 509 1737 544 τῆς
1759 508 1832 544 ζωῆς
1847 509 1877 542 ἐξ

1091 554 1180 581 αὐτῶν
1202 554 1337 581 ἱκέτευσεν
1359 554 1484 590 ἀρθῆναι,
1506 554 1544 589 τῷ
1568 555 1649 581 παντὶ
1667 554 1876 590 συμϐεϐηκότων

1091 600 1175 633 ἔθνει,
1195 601 1270 628 οὐδὲν
1287 601 1319 628 ἂν
1342 601 1394 627 δέοι
1417 602 1477 632 ταῖς
1500 600 1631 636 ἱστορίαις
1651 599 1786 634 ἐπιλέγειν
1808 601 1877 635 (63).

1091 646 1183 672 Ταῦτα
1195 646 1216 672 δ’
1231 645 1263 673 ἂν
1277 647 1319 680 εἴη
1334 646 1436 672 δῖκαιον
1456 646 1495 671 ἔτι
1519 645 1683 681 προσθῆναι,
1697 645 1714 672 ἃ
1731 644 1828 679 γένοιτ’
1843 644 1876 672 ἂν

1091 692 1281 728 παραστατικὰ
1316 691 1517 726 φιλανθρωπίας
1541 692 1590 726 τῆς
1616 691 1773 725 παναγάθου
1807 699 1875 726 προ-

1090 737 1173 771 νοίας,
1187 738 1390 774 τεσσαράκοντα
1405 739 1447 773 ἐφ’
1467 738 1537 770 ὅλοις
1558 737 1629 764 ἔτεσι
1645 738 1712 773 μετὰ
1733 737 1781 773 τὴν
1805 737 1877 763 κατᾶ

1089 783 1136 810 τοῦ
1151 784 1268 820 Χριστοῦ
1283 784 1395 820 τόλμαν⁷
1411 784 1456 810 τὸν
1468 783 1525 810 κατ’
1540 783 1628 810 αὐτῶν
1640 783 1749 818 ὂλεθρον
1759 782 1875 819 ὑπερθε-

1091 831 1187 866 μένης,
1209 831 1238 857 ὲν
1260 828 1332 861 ὅσοις
1359 829 1412 856 τῶν
1437 829 1591 856 ἀποστόλων
1605 829 1651 856 καὶ
1672 829 1726 855 τῶν
1747 828 1876 864 μαθητῶν

1088 876 1210 908 πλείους,
1230 875 1355 908 Ἰάκωϐος
1375 884 1405 902 τε
1428 876 1507 907 αὐτὸς
1521 876 1534 902 ό
1557 875 1619 910 τῇδε
1636 875 1743 909 πρῶτος
1763 876 1875 902 ἐπίσκο-

1087 931 1151 955 πος,
1173 921 1220 948 τοῦ
1241 921 1342 956 Κυρίου
1366 921 1539 956 χρηματίζων
1562 921 1689 955 ἀδελφὸς,
1704 920 1742 947 ἔτι
1763 920 1800 956 τῷ
1823 921 1875 956 βίῳ

1087 969 1239 1004 περιόντες,
1265 968 1311 995 καὶ
1327 967 1369 994 ἐπ’
1389 968 1473 1003 αὐτῆς
1489 967 1538 1002 τῆς
1558 967 1750 1003 Ἱεροσολύμων
1770 967 1874 998 πόλεως

1087 1014 1135 1047 τὰς
1151 1013 1290 1050 διατριϐὰς
1310 1013 1475 1048 ποιούμενοι,
1494 1013 1574 1048 ἕρκος
1593 1012 1631 1039 ὥσ
1637 1022 1667 1039 πε
1670 1022 1686 1048 ρ
1704 1011 1874 1048 ὀχυρώτατον

1085 1060 1238 1096 παρέμενον
1261 1059 1300 1095 τῷ
1322 1059 1414 1095 τόπῳ,
1435 1059 1484 1094 τῆς
1511 1059 1586 1091 θείας
1612 1057 1764 1093 ἐπισκοπῆς
1788 1057 1874 1084 εἰσέτι

1085 1106 1145 1133 τότε
1171 1104 1414 1141 μακροθυμούσης,
1435 1105 1458 1131 εί
1475 1104 1528 1140 ἄρα
1543 1104 1607 1130 ποτὲ
1625 1103 1761 1139 δυνηθεῖεν
1777 1103 1819 1136 ἐφ’
1832 1099 1874 1134 οἷς

1085 1151 1200 1187 ἔδρασαν
1229 1151 1460 1186 μετανοήσαντες,
1485 1149 1648 1184 συγγνώμης
1669 1149 1715 1175 καὶ
1737 1148 1873 1184 σωτηρίας

1086 1198 1187 1231 τυχεῖν,
1209 1197 1255 1223 καὶ
1280 1196 1346 1232 πρὸς
1371 1197 1404 1231 τῇ
1428 1194 1543 1230 τοσαύτῃ
1568 1194 1757 1230 μακροθυμίᾳ,
1783 1202 1873 1229 παρα-

1086 1242 1176 1275 δόξους
1199 1242 1346 1278 θεοσημίας
1370 1241 1422 1268 τῶν
1443 1241 1591 1277 μελλόντων
1617 1241 1707 1272 αὐτοῖς
1727 1240 1763 1275 μὴ
1787 1247 1871 1274 μετα-

1087 1289 1198 1324 νοήσασι
1225 1287 1410 1324 συμϐήσεσθαι
1438 1286 1657 1323 παρασχομένης,
1676 1287 1710 1312 Ἂ
1731 1286 1777 1312 καὶ
1802 1285 1873 1312 αὐτὰ

1085 1335 1194 1370 μνήμης
1218 1334 1357 1369 ἠξιωμένα
1383 1333 1450 1368 πρὸς
1473 1332 1518 1359 τοῦ
1543 1327 1725 1367 δεδηλωμένον
1752 1339 1873 1367 συγγρα-

1083 1379 1170 1414 φέως,
1198 1379 1272 1406 οὐδὲν
1300 1376 1354 1405 οἷον
1385 1380 1440 1411 τοῖς
1464 1378 1527 1414 τῇδε
1551 1377 1692 1412 προσιοῦσι
1717 1377 1751 1411 τῇ
1777 1376 1871 1411 γραφῇ

1083 1425 1252 1461 παραθεῖναι.

249 1475 395 1496 evcuturas
408 1469 613 1504 praenuntiaret.
636 1469 700 1503 Qua:
717 1470 824 1504 quidem
844 1471 919 1507 signa
936 1480 997 1500 cum
1021 1479 1037 1499 a
1067 1473 1223 1507 supradicto
1252 1471 1373 1499 historia:
1392 1471 1527 1506 scriptore
1542 1470 1641 1498 litteris
1666 1468 1791 1496 mandata
1802 1468 1870 1495 sint?

253 1524 306 1543 non
324 1516 526 1542 incommodum
545 1514 628 1541 fuerit
653 1517 736 1543 nostri
753 1525 861 1553 quoque
883 1520 972 1554 operis
987 1519 1135 1547 lectoribus
1152 1518 1282 1546 exhibere

549 1561 661 1589 CAPUT
676 1561 742 1591 Vill.

478 1606 517 1634 De
530 1607 613 1642 signi:
625 1612 686 1634 ante
698 1606 804 1634 bellum.

286 1656 399 1691 Sumpto
415 1656 497 1690 igitur
515 1656 540 1683 in
564 1662 659 1683 manus
685 1655 755 1682 libro
768 1675 776 1688 ,
791 1655 875 1683 recita
890 1655 955 1684 mibi
971 1663 1030 1691 quae

250 1703 277 1730 in
293 1708 370 1730 sexto
386 1703 565 1730 Historiarum
579 1702 714 1729 volumine
735 1701 892 1729 referuntur
913 1702 955 1729 itis
970 1710 1030 1729 ver-

247 1749 305 1777 bis:
324 1758 333 1775 ι
346 1748 379 1776 Ει
389 1749 465 1777 falsis
480 1750 588 1784 quidem
614 1749 667 1776 illis
689 1749 806 1782 vatibus,
837 1757 920 1784 seque
946 1758 960 1776 a
977 1749 1030 1778 Deo

247 1796 345 1823 missos
369 1795 564 1823 mentientibus
577 1815 584 1828 ,
609 1795 702 1823 infelix
722 1795 838 1830 populus
857 1795 938 1822 ﬁdem
953 1796 1030 1824 adhi-

249 1842 339 1869 bebat.
360 1841 537 1868 Evidentibus
550 1846 640 1868 autem
655 1841 798 1877 prodigiis,
810 1846 837 1869 et
853 1841 971 1869 futuram
986 1849 1030 1869 so-

247 1887 388 1914 litudinem
404 1887 659 1922 praenuntiantibus,
672 1895 760 1922 neque
773 1888 953 1915 advertebant
969 1888 1028 1915 ani-

249 1940 306 1960 mos
329 1940 416 1968 neque
433 1933 590 1960 credebant.
607 1934 660 1961 Sed
684 1937 811 1968 tanquam
826 1933 946 1965 attoniti,
961 1940 1028 1960 ocu-

246 1978 335 2013 lisque
343 1983 370 2006 et
380 1984 470 2006 mente
479 1979 560 2013 captil
572 1979 655 2012 ipsius
664 1979 709 2006 Dei
719 1979 852 2013 praeconia
862 1987 894 2006 ac
901 1979 1028 2006 vaticinia

247 2025 359 2059 insuper
376 2025 544 2055 habuerunt;
564 2025 680 2058 primum
702 2033 763 2052 cum
786 2032 868 2059 supra
889 2025 1028 2052 civitatem

247 2069 322 2096 stetit
337 2070 412 2096 sidus
422 2069 509 2096 simile
519 2070 618 2105 gladio,
630 2074 658 2097 et
675 2070 739 2097 anni
752 2070 841 2105 spatio
857 2069 954 2097 ardere
967 2077 1028 2104 pcr-

246 2115 381 2142 severavit
394 2119 528 2150 cometes;
551 2115 649 2142 deinde
673 2123 734 2142 cum
759 2121 823 2143 ante
848 2115 1027 2144 deiectionem

245 2160 402 2194 primosque
427 2160 489 2187 belli
516 2164 624 2192 motus,
651 2160 749 2195 pupulo
775 2160 808 2187 ad
834 2159 932 2188 festum
957 2160 1028 2188 diem

244 2207 409 2241 Azymorum
433 2209 617 2240 congregato,
640 2210 718 2233 sexto
746 2205 807 2234 idus
832 2206 934 2240 Aprilis
960 2206 1026 2233 hora

1348 1560 1545 1589 ΚΕΦΑΛΑΙΟΝ
1561 1560 1601 1586 li'.

1079 1609 1149 1642 Περὶ
1157 1609 1214 1635 τῶν
1224 1608 1279 1642 πμ)
1289 1608 1342 1634 τοῦ
1350 1608 1482 1642 πολέμου
1490 1606 1621 1641 σημείων
1628 1605 1697 1642 tNic.
1709 1604 1869 1639 Η.Ε.ιιι,ι).

1115 1656 1170 1683 Καὶ
1186 1655 1217 1691 δὴ
1236 1654 1324 1681 λαϐὼν
1347 1653 1482 1688 ἀνάγνωθι
1507 1652 1541 1680 τὰ
1557 1652 1627 1679 κατὰ
1651 1653 1700 1688 τὴν
1712 1652 1794 1687 ἕκτην
1814 1651 1869 1677 τῶν

1085 1700 1231 1735 Ἰστοριῶν
1243 1700 1316 1735 αὖτῷ
1332 1699 1502 1735 δεδηλωμένα
1516 1699 1544 1725 ὲν
1561 1698 1673 1730 τούτοις·
1688 1707 1698 1723 ι
1724 1697 1774 1723 Τὸν
1802 1697 1869 1730 γοῦν

1080 1747 1170 1774 ἄθλιον
1185 1747 1279 1782 δῆμον,
1293 1747 1317 1772 οἱ
1345 1746 1392 1780 μὲν
1407 1745 1562 1776 ἀπατεῶνες
1578 1745 1624 1770 καὶ
1638 1743 1868 1778 καταψευδόμενοι

1081 1792 1126 1820 τοῦ
1136 1792 1212 1823 Θεοῦ,
1228 1791 1377 1826 τηνικαῦτα
1390 1789 1564 1826 παρέπειθον,
1578 1791 1632 1820 τοῖς
1644 1789 1664 1816 δ’
1680 1788 1805 1824 ἐναργέσι
1820 1789 1868 1814 καὶ

1080 1839 1295 1875 προσημαίνουσι
1309 1838 1358 1873 τὴν
1376 1838 1522 1873 μέλλουσαν
1536 1836 1643 1863 ἔσεσθαι
1660 1836 1775 1872 ἐρημίαν
1790 1835 1868 1870 τέρα-

1081 1894 1122 1912 σιν
1145 1885 1206 1911 οὔτε
1230 1885 1372 1920 προσεῖχον
1392 1883 1453 1910 οὔτε
1473 1883 1622 1913 ἐπίστευον,
1642 1881 1698 1908 ἀλλ’
1718 1882 1755 1912 ὼς
1784 1882 1866 1916 ἐμϐε-

1080 1930 1266 1966 ϐροντημένοι,
1282 1929 1329 1954 καὶ
1348 1929 1416 1963 μήτε
1431 1928 1541 1963 ὄμματα
1560 1928 1626 1962 μήτε
1643 1926 1730 1961 ψυχὴν
1748 1925 1866 1960 ἔχοντες,

1079 1977 1132 2003 τῶν
1154 1975 1200 2002 τοῦ
1225 1975 1292 2002 Θεοῦ
1309 1974 1493 2010 κηρυγμάτων
1518 1973 1682 2008 παρήκουον·
1704 1971 1782 1998 τοῦτο
1804 1971 1865 2007 μὲν,

1080 2023 1123 2049 ὅτε
1144 2022 1198 2058 (66)
1215 2022 1283 2057 ὑπὲρ
1296 2021 1344 2055 τὴν
1357 2019 1431 2046 πόλιν
1447 2019 1545 2054 ἄστρον
1561 2018 1624 2052 ἔστη
1640 2017 1760 2053 ῥομφαίᾳ
1778 2024 1866 2053 παρα-

1079 2069 1202 2104 πλήσιον,
1218 2069 1265 2095 καὶ
1278 2067 1443 2103 παρατείνας
1463 2065 1506 2091 ἐπ’
1520 2065 1640 2091 ἐνιαυτὸν
1658 2065 1792 2099 κομήτης·
1803 2062 1866 2090 τοῦ·

1079 2123 1108 2141 το
1119 2115 1140 2141 δ’
1157 2115 1237 2150 ἡνίκα
1255 2113 1307 2149 πρὸ
1333 2113 1382 2148 τῆς
1402 2111 1576 2142 ἀποστάσεως
1598 2110 1645 2136 καὶ⁴
1664 2109 1711 2137 τοῦ
1733 2109 1800 2145 πρὸς
1818 2109 1866 2136 τὸν

1080 2159 1196 2194 πόλεμον
1208 2159 1366 2194 κινήματος,
1382 2154 1574 2192 ἀθροιζομένου
1593 2155 1640 2182 τοῦ
1656 2154 1721 2182 λαοῦ
1733 2155 1800 2191 πρὸς
1815 2155 1865 2190 τὴν

1078 2205 1133 2231 τῶν
1147 2204 1257 2239 ἀζύμων
1274 2203 1380 2239 ἑορτὴν,
1402 2202 1480 2238 ὀγδόῃ
1494 2201 1623 2228 Ξανθικοῦ
1639 2201 1721 2236 μηνὸς
1736 2201 1804 2228 κατὰ
1819 2210 1864 2227 νυ-

244 2251 332 2278 noctis
356 2258 426 2278 nona
439 2271 447 2283 ,
468 2254 542 2278 tanta
560 2255 670 2286 repente
691 2251 736 2278 lux
760 2252 831 2279 circa
851 2252 935 2279 altare
958 2258 1026 2280 tent-

1085 2252 1142 2283 λιτὸς
1168 2251 1281 2285 ἑννάτην
1304 2249 1388 2286 ὥραν,
1411 2249 1521 2275 τοσοῦτο
1550 2248 1606 2283 φῶς
1631 2247 1796 2282 περιέλαμψε
1817 2247 1864 2273 τὸν

244 2297 373 2332 piumque
400 2297 566 2324 circumfusa
596 2302 658 2330 est,
686 2302 715 2324 ut
745 2298 789 2325 die
811 2297 866 2332 jam
897 2298 1026 2325 clarissi-

245 2351 306 2369 mus
328 2350 390 2370 esse
418 2343 556 2370 videretur
584 2351 592 2370 ε
615 2350 702 2378 eaque
731 2343 775 2371 lux
809 2344 883 2372 hora:
908 2345 961 2380 83
991 2345 1027 2371 ιΙί-

244 2385 333 2414 inidia:
363 2387 451 2421 spatio
464 2388 620 2421 permansit.
651 2389 727 2421 Quod
756 2389 890 2423 imperitis
917 2389 1025 2423 quidem

244 2431 345 2459 bonum
377 2439 456 2460 omen
483 2439 544 2461 esse
580 2432 722 2461 videbatur
759 2441 766 2461 :
799 2435 846 2461 sed
884 2441 1023 2462 sacrorum

277 2499 300 2515 “
315 2499 380 2527 Luc.
399 2508 456 2529 nt.

280 2569 406 2604 (65)TaZ¢
424 2571 567 2604 Ιστορίαις
577 2571 736 2606 ἐπιλέγειν.
750 2571 816 2598 Male
831 2570 1022 2604 Clll‘isiﬂpimf-

200 2619 207 2624 -
243 2611 326 2632 sonus
339 2607 421 2632 vertit
435 2607 461 2633 in
474 2607 523 2632 hac
534 2607 644 2633 historia
660 2608 785 2634 disserere
798 2615 849 2633 non
863 2611 899 2632 est
917 2606 1023 2631 omnino

243 2646 354 2666 necesse.
374 2639 483 2668 Rectius
497 2640 647 2672 Muscultts,
661 2649 713 2668 non
735 2649 799 2674 opus
818 2645 854 2667 est
869 2645 895 2666 ut
907 2639 1023 2666 historiis

243 2674 371 2708 addamus
398 2676 509 2708 aliquid.
528 2676 662 2703 Historias
683 2681 761 2703 vocat
785 2675 918 2702 Eusebius
942 2674 1024 2700 libros

244 2707 352 2745 Jusepiti
372 2709 410 2736 De
426 2707 528 2737 eicidio
542 2711 614 2737 urbis
637 2711 895 2745 Hierosolymitame,
911 2717 964 2737 non
979 2709 1024 2736 iti-

243 2743 451 2780 storiam‘suarn,
463 2750 491 2780 ut
507 2745 612 2780 putavit
627 2743 901 2780 Christopliorsonus.

279 2777 335 2819 (66)
350 2776 428 2819 Vulg.
439 2776 526 2819 τοῦτο
536 2780 596 2814 μὲν
606 2776 772 2819 ὅζιίβςχὶὺο
784 2781 840 2813 ὅτε,
851 2785 886 2819 ιιι-
896 2777 1022 2819 est_apttd

242 2811 389 2846 JuSepitum
404 2811 431 2840 iu
445 2814 492 2841 lib.
500 2811 548 2845 vu'.
559 2822 620 2849 pag.
631 2811 838 2842 960.C:eteruni
857 2811 1023 2848 Nicepiturus

242 2849 350 2882 quidem
367 2853 469 2876 astrum
491 2849 542 2877 hoc
563 2850 651 2884 gladio
673 2850 772 2884 simile,
795 2855 821 2878 et
837 2855 958 2877 cemeten
977 2849 1023 2882 qui

1081 2297 1172 2332 βωμὸν
1196 2297 1243 2322 καὶ
1264 2295 1309 2322 τδν
1324 2295 1396 2326 ναὸν,
1423 2294 1461 2325 ὡς
1482 2293 1569 2320 δοκεῖν
1585 2293 1691 2328 ἡμέραν
1708 2290 1775 2318 εἶναι
1795 2292 1863 2327 λαμ-

1080 2342 1167 2378 πράν’
1185 2340 1324 2368 καὶτοῦτο
1341 2339 1498 2374 παρέτεινεν
1526 2339 1567 2372 ἐφ’
1587 2338 1711 2373 ἡμίσειαν
1725 2337 1807 2372 ὥραν.
1829 2339 1862 2362 Ὂ

1079 2386 1133 2419 τοῖς
1149 2387 1197 2422 μὲν
1213 2387 1336 2422 ἀπείροις
1353 2385 1454 2419 ἀγαθὸν
1470 2384 1558 2411 ἐδόκει
1577 2383 1656 2413 εἶναι,
1676 2384 1732 2413 τοῖς
1744 2382 1772 2408 δὲ
1789 2383 1861 2417 ἱερο-

1079 2431 1270 2470 γραμματεῦσι
1289 2431 1344 2467 (67)
1374 2430 1426 2465 πρὸ
1454 2429 1507 2456 τῶν
1531 2428 1737 2464 ἀποϐεϐηκότων
1760 2427 1861 2459 εὐθέως

1077 2577 1124 2602 per
1141 2577 1239 2596 annum
1262 2569 1419 2595 continuum
1439 2567 1572 2602 apparuit,
1588 2575 1669 2594 unum
1682 2567 1807 2602 idemque
1825 2569 1862 2595 si-

1077 2606 1126 2631 dus
1140 2612 1201 2630 esse
1216 2604 1390 2632 existimavit.
1409 2610 1460 2629 non
1476 2608 1558 2634 recte,
1574 2608 1600 2627 ιιι
1615 2604 1720 2636 Opinor.

1112 2638 1167 2674 (67)
1183 2639 1246 2671 Τοῖς
1260 2637 1294 2664 δὲ
1307 2637 1580 2674 Ιερογραμιαιτεῷσι.
1596 2636 1670 2674 Legi:
1686 2638 1783 2674 peritos
1799 2644 1861 2674 ver-

1079 2671 1250 2705 tit'Rulinns,
1276 2680 1328 2700 non
1355 2673 1434 2699 male.
1454 2672 1555 2699 Scriba:
1574 2673 1646 2707 enim
1669 2672 1737 2707 apud
1753 2671 1862 2700 Iudaeos

1079 2709 1159 2735 iidem
1173 2713 1251 2735 erant
1275 2715 1308 2734 ac
1332 2707 1397 2741 legis
1419 2707 1498 2740 periti
1520 2714 1566 2733 seu
1587 2706 1654 2740 legis
1680 2706 1816 2737 doctores,
1832 2712 1860 2732 u'

1079 2748 1154 2770 recte
1169 2743 1270 2770 notavit
1282 2740 1407 2769 Petavius
1425 2741 1450 2768 in
1467 2741 1745 2769 animadversionibus
1760 2740 1792 2766 ad
1805 2741 1859 2766 inc-

1080 2778 1160 2805 resim
1173 2785 1206 2804 xv
1222 2777 1377 2812 Epipltanii.‘
1388 2776 1487 2802 Horum
1503 2783 1600 2812 munus
1612 2781 1670 2802 erat
1685 2781 1775 2802 sacros
1793 2775 1860 2812 legis

1080 2813 1162 2840 Iibr0s
1177 2809 1324 2848 custodire.
1347 2812 1510 2845 eosdemque
1529 2811 1621 2848 regere
1635 2817 1749 2848 coram.
1763 2809 1860 2843 populo

1081 2848 1107 2874 in
1130 2847 1229 2882 tt‘lttplo
1256 2852 1283 2874 et
1302 2847 1330 2874 in
1352 2853 1496 2881 synagoga.
1529 2845 1604 2873 Unde
1634 2846 1662 2872 in
1693 2845 1780 2877 capite
1813 2851 1860 2870 vui
