  <div class='ocr_page' id='page_1' title='image "/cluster/home/n/w/nwhite01/storage/ocr_20150623/20/njp.32101077772471/130.png"; bbox 0 0 1993 3164; ppageno 0'>
   <div class='ocr_carea' id='block_1_1' title="bbox 141 154 197 183">
    <p class='ocr_par' dir='ltr' id='par_1_1' title="bbox 141 154 197 183">
     <span class='ocr_line' id='line_1_1' title="bbox 141 154 197 183; baseline -0.018 0"><span class='ocrx_word' id='word_1_1' title='bbox 141 154 197 183; x_wconf 65' lang='lat'><strong>$49</strong></span> 
     </span>
    </p>
   </div>
   <div class='ocr_carea' id='block_1_2' title="bbox 641 151 1268 181">
    <p class='ocr_par' dir='ltr' id='par_1_2' title="bbox 641 151 1268 181">
     <span class='ocr_line' id='line_1_2' title="bbox 641 151 1268 181; baseline 0.002 -2"><span class='ocrx_word' id='word_1_2' title='bbox 641 151 819 180; x_wconf 74' lang='lat' dir='ltr'><strong>IIISTORI/E</strong></span> <span class='ocrx_word' id='word_1_3' title='bbox 840 151 1119 181; x_wconf 62' lang='lat' dir='ltr'><strong>ECCLESIASTICIE</strong></span> <span class='ocrx_word' id='word_1_4' title='bbox 1139 151 1203 180; x_wconf 89' lang='lat' dir='ltr'><strong>LIB.</strong></span> <span class='ocrx_word' id='word_1_5' title='bbox 1224 151 1268 180; x_wconf 90' lang='lat' dir='ltr'>III.</span> 
     </span>
    </p>
   </div>
   <div class='ocr_carea' id='block_1_3' title="bbox 1709 155 1764 184">
    <p class='ocr_par' dir='ltr' id='par_1_3' title="bbox 1709 155 1764 184">
     <span class='ocr_line' id='line_1_3' title="bbox 1709 155 1764 184; baseline 0 -2"><span class='ocrx_word' id='word_1_6' title='bbox 1709 155 1764 184; x_wconf 70' lang='lat'><strong>250</strong></span> 
     </span>
    </p>
   </div>
   <div class='ocr_carea' id='block_1_4' title="bbox 143 211 927 255">
    <p class='ocr_par' dir='ltr' id='par_1_4' title="bbox 143 213 927 255">
     <span class='ocr_line' id='line_1_4' title="bbox 143 213 927 255; baseline -0.005 -12"><span class='ocrx_word' id='word_1_7' title='bbox 143 216 213 252; x_wconf 67' lang='grc' dir='ltr'>τέρος</span> <span class='ocrx_word' id='word_1_8' title='bbox 227 214 398 255; x_wconf 54' lang='grc' dir='ltr'>τοίς-εῐκοσιν</span> <span class='ocrx_word' id='word_1_9' title='bbox 413 213 572 249; x_wconf 74' lang='grc' dir='ltr'>ἁτοοπλήσας</span> <span class='ocrx_word' id='word_1_10' title='bbox 589 213 635 249; x_wconf 74' lang='grc' dir='ltr'><strong>ἔτη</strong></span> <span class='ocrx_word' id='word_1_11' title='bbox 652 213 706 249; x_wconf 64' lang='grc'><strong>(94)</strong></span> <span class='ocrx_word' id='word_1_12' title='bbox 724 213 835 248; x_wconf 79' lang='grc' dir='ltr'><strong>τελευτᾷ</strong></span> <span class='ocrx_word' id='word_1_13' title='bbox 847 233 854 246; x_wconf 89' lang='grc'><em>,</em></span> <span class='ocrx_word' id='word_1_14' title='bbox 870 213 927 240; x_wconf 86' lang='grc' dir='ltr'><strong>δια-</strong></span> 
     </span>
    </p>
   </div>
   <div class='ocr_carea' id='block_1_5' title="bbox 982 211 1765 255">
    <p class='ocr_par' dir='ltr' id='par_1_5' title="bbox 982 211 1765 243">
     <span class='ocr_line' id='line_1_5' title="bbox 982 211 1765 243; baseline 0.003 -2"><span class='ocrx_word' id='word_1_15' title='bbox 982 214 1084 241; x_wconf 76' lang='lat' dir='ltr'><strong>exactis</strong></span> <span class='ocrx_word' id='word_1_16' title='bbox 1098 212 1165 240; x_wconf 89' lang='lat' dir='ltr'><strong>abiit</strong></span> <span class='ocrx_word' id='word_1_17' title='bbox 1177 219 1192 240; x_wconf 94' lang='lat' dir='ltr'><strong>e</strong></span> <span class='ocrx_word' id='word_1_18' title='bbox 1205 212 1272 239; x_wconf 89' lang='lat' dir='ltr'><strong>vita.</strong></span> <span class='ocrx_word' id='word_1_19' title='bbox 1289 211 1339 238; x_wconf 91' lang='lat' dir='ltr'><strong>Cui</strong></span> <span class='ocrx_word' id='word_1_20' title='bbox 1353 211 1488 239; x_wconf 87' lang='lat' dir='ltr'><strong>secundus</strong></span> <span class='ocrx_word' id='word_1_21' title='bbox 1512 212 1608 240; x_wconf 78' lang='lat' dir='ltr'><strong>ordine</strong></span> <span class='ocrx_word' id='word_1_22' title='bbox 1633 216 1765 243; x_wconf 86' lang='lat' dir='ltr'><strong>successit</strong></span> 
     </span>
    </p>
   </div>
   <div class='ocr_carea' id='block_1_6' title="bbox 142 259 734 296">
    <p class='ocr_par' dir='ltr' id='par_1_6' title="bbox 142 259 734 296">
     <span class='ocr_line' id='line_1_6' title="bbox 142 259 734 296; baseline -0.002 -8"><span class='ocrx_word' id='word_1_23' title='bbox 142 262 249 291; x_wconf 75' lang='grc' dir='ltr'><strong>δέγεται</strong></span> <span class='ocrx_word' id='word_1_24' title='bbox 263 261 285 287; x_wconf 87' lang='grc' dir='ltr'><strong>δ’</strong></span> <span class='ocrx_word' id='word_1_25' title='bbox 297 261 379 287; x_wconf 81' lang='grc' dir='ltr'>αὐτὸν</span> <span class='ocrx_word' id='word_1_26' title='bbox 392 260 514 296; x_wconf 82' lang='grc' dir='ltr'>δεύτερος</span> <span class='ocrx_word' id='word_1_27' title='bbox 535 259 651 291; x_wconf 77' lang='grc' dir='ltr'>Ἀϐίλιος</span> <span class='ocrx_word' id='word_1_28' title='bbox 666 259 734 295; x_wconf 72' lang='lat'><strong>(95).</strong></span> 
     </span>
    </p>
   </div>
   <div class='ocr_carea' id='block_1_7' title="bbox 410 304 672 331">
    <p class='ocr_par' dir='ltr' id='par_1_7' title="bbox 410 304 672 331">
     <span class='ocr_line' id='line_1_7' title="bbox 410 304 672 331; baseline 0 0"><span class='ocrx_word' id='word_1_29' title='bbox 410 305 607 331; x_wconf 80' lang='grc' dir='ltr'><strong>ΚΕΦΑΛΑΙΟΝ</strong></span> <span class='ocrx_word' id='word_1_30' title='bbox 620 304 672 331; x_wconf 84' lang='grc' dir='ltr'><strong>1Ε’.</strong></span> 
     </span>
    </p>
   </div>
   <div class='ocr_carea' id='block_1_8' title="bbox 207 350 865 386">
    <p class='ocr_par' dir='ltr' id='par_1_8' title="bbox 207 350 865 386">
     <span class='ocr_line' id='line_1_8' title="bbox 207 350 865 386; baseline 0 -9"><span class='ocrx_word' id='word_1_31' title='bbox 207 351 254 384; x_wconf 88' lang='grc' dir='ltr'><strong>Ὧς</strong></span> <span class='ocrx_word' id='word_1_32' title='bbox 269 351 368 385; x_wconf 77' lang='grc' dir='ltr'><strong>τρίτος</strong></span> <span class='ocrx_word' id='word_1_33' title='bbox 388 350 536 386; x_wconf 67' lang='grc' dir='ltr'><strong>Ῥωμαίων</strong></span> <span class='ocrx_word' id='word_1_34' title='bbox 551 351 718 384; x_wconf 76' lang='grc' dir='ltr'><em>ἐπίσκοπος</em></span> <span class='ocrx_word' id='word_1_35' title='bbox 732 351 865 385; x_wconf 80' lang='grc' dir='ltr'><strong>Κλήμης.</strong></span> 
     </span>
    </p>
   </div>
   <div class='ocr_carea' id='block_1_9' title="bbox 176 397 929 433">
    <p class='ocr_par' dir='ltr' id='par_1_9' title="bbox 176 397 929 433">
     <span class='ocr_line' id='line_1_9' title="bbox 176 397 929 433; baseline 0 -9"><span class='ocrx_word' id='word_1_36' title='bbox 176 397 325 432; x_wconf 79' lang='grc' dir='ltr'><strong>Δωδεκάτῳ</strong></span> <span class='ocrx_word' id='word_1_37' title='bbox 337 397 365 424; x_wconf 83' lang='grc' dir='ltr'><strong>δὲ</strong></span> <span class='ocrx_word' id='word_1_38' title='bbox 381 397 436 424; x_wconf 76' lang='grc' dir='ltr'>ἔτει</span> <span class='ocrx_word' id='word_1_39' title='bbox 450 397 500 432; x_wconf 76' lang='grc' dir='ltr'><strong>τῆς</strong></span> <span class='ocrx_word' id='word_1_40' title='bbox 518 397 602 432; x_wconf 81' lang='grc' dir='ltr'>αὐτῆς</span> <span class='ocrx_word' id='word_1_41' title='bbox 619 398 776 433; x_wconf 78' lang='grc' dir='ltr'><strong>ἡγεμονίας,</strong></span> <span class='ocrx_word' id='word_1_42' title='bbox 793 398 841 433; x_wconf 78' lang='grc' dir='ltr'><strong>τῆς</strong></span> <span class='ocrx_word' id='word_1_43' title='bbox 864 397 929 424; x_wconf 83' lang='grc' dir='ltr'><strong>Ῥω-</strong></span> 
     </span>
    </p>
   </div>
   <div class='ocr_carea' id='block_1_10' title="bbox 143 443 930 479">
    <p class='ocr_par' dir='ltr' id='par_1_10' title="bbox 143 443 930 479">
     <span class='ocr_line' id='line_1_10' title="bbox 143 443 930 479; baseline 0 -9"><span class='ocrx_word' id='word_1_44' title='bbox 143 444 232 479; x_wconf 86' lang='grc' dir='ltr'>μαίων</span> <span class='ocrx_word' id='word_1_45' title='bbox 260 443 422 479; x_wconf 80' lang='grc' dir='ltr'>Ἐκκλησίας</span> <span class='ocrx_word' id='word_1_46' title='bbox 449 444 626 479; x_wconf 80' lang='grc' dir='ltr'><strong>Ἀνέγκλητον</strong></span> <span class='ocrx_word' id='word_1_47' title='bbox 647 443 736 470; x_wconf 76' lang='grc' dir='ltr'>ἐτεσιν</span> <span class='ocrx_word' id='word_1_48' title='bbox 764 444 930 471; x_wconf 80' lang='grc' dir='ltr'><strong>ὲπισκοπεύ-</strong></span> 
     </span>
    </p>
   </div>
   <div class='ocr_carea' id='block_1_11' title="bbox 142 488 930 525">
    <p class='ocr_par' dir='ltr' id='par_1_11' title="bbox 142 488 930 525">
     <span class='ocr_line' id='line_1_11' title="bbox 142 488 930 525; baseline 0 -10"><span class='ocrx_word' id='word_1_49' title='bbox 142 498 227 516; x_wconf 86' lang='grc' dir='ltr'>σαντα</span> <span class='ocrx_word' id='word_1_50' title='bbox 248 489 360 515; x_wconf 81' lang='grc' dir='ltr'>δεκαδυο</span> <span class='ocrx_word' id='word_1_51' title='bbox 373 509 380 520; x_wconf 90' lang='grc'><em>,</em></span> <span class='ocrx_word' id='word_1_52' title='bbox 406 488 557 524; x_wconf 76' lang='grc' dir='ltr'><strong>διαδέχεται</strong></span> <span class='ocrx_word' id='word_1_53' title='bbox 573 488 706 524; x_wconf 83' lang='grc' dir='ltr'><strong>Κλήμης.</strong></span> <span class='ocrx_word' id='word_1_54' title='bbox 731 489 780 515; x_wconf 87' lang='grc' dir='ltr'>Ὃν</span> <span class='ocrx_word' id='word_1_55' title='bbox 803 490 930 525; x_wconf 83' lang='grc' dir='ltr'>συνεργὸν</span> 
     </span>
    </p>
   </div>
   <div class='ocr_carea' id='block_1_12' title="bbox 141 533 930 569">
    <p class='ocr_par' dir='ltr' id='par_1_12' title="bbox 141 533 930 569">
     <span class='ocr_line' id='line_1_12' title="bbox 141 533 930 569; baseline 0.001 -9"><span class='ocrx_word' id='word_1_56' title='bbox 141 534 240 561; x_wconf 85' lang='grc' dir='ltr'>ἑαυτοῦ</span> <span class='ocrx_word' id='word_1_57' title='bbox 257 534 381 569; x_wconf 80' lang='grc' dir='ltr'>γενέσθαι</span> <span class='ocrx_word' id='word_1_58' title='bbox 393 533 582 569; x_wconf 78' lang='grc' dir='ltr'>Φιλιππησίοις</span> <span class='ocrx_word' id='word_1_59' title='bbox 600 534 764 561; x_wconf 77' lang='grc' dir='ltr'><strong>ἐπιστέλλων</strong></span> <span class='ocrx_word' id='word_1_60' title='bbox 784 535 798 561; x_wconf 84' lang='grc' dir='ltr'><strong><em>ὁ</em></strong></span> <span class='ocrx_word' id='word_1_61' title='bbox 813 535 930 561; x_wconf 84' lang='grc' dir='ltr'><strong>ἀπόστο-</strong></span> 
     </span>
    </p>
   </div>
   <div class='ocr_carea' id='block_1_13' title="bbox 141 580 930 616">
    <p class='ocr_par' dir='ltr' id='par_1_13' title="bbox 141 580 930 616">
     <span class='ocr_line' id='line_1_13' title="bbox 141 580 930 616; baseline 0.001 -9"><span class='ocrx_word' id='word_1_62' title='bbox 141 580 188 612; x_wconf 87' lang='grc' dir='ltr'>λος</span> <span class='ocrx_word' id='word_1_63' title='bbox 203 580 321 607; x_wconf 73' lang='grc' dir='ltr'><strong>διδάσκει</strong></span> <span class='ocrx_word' id='word_1_64' title='bbox 336 580 423 615; x_wconf 81' lang='grc' dir='ltr'>λέγων</span> <span class='ocrx_word' id='word_1_65' title='bbox 436 588 442 595; x_wconf 90' lang='grc'><strong>·</strong></span> <span class='ocrx_word' id='word_1_66' title='bbox 464 590 472 605; x_wconf 80' lang='grc' dir='ltr'>ι</span> <span class='ocrx_word' id='word_1_67' title='bbox 487 580 564 607; x_wconf 79' lang='grc' dir='ltr'><strong>Μετὰ</strong></span> <span class='ocrx_word' id='word_1_68' title='bbox 581 580 628 607; x_wconf 72' lang='grc' dir='ltr'>καὶ</span> <span class='ocrx_word' id='word_1_69' title='bbox 642 581 800 616; x_wconf 78' lang='grc' dir='ltr'>Κλήμεντος</span> <span class='ocrx_word' id='word_1_70' title='bbox 815 582 861 608; x_wconf 79' lang='grc' dir='ltr'>καὶ</span> <span class='ocrx_word' id='word_1_71' title='bbox 877 581 930 608; x_wconf 82' lang='grc' dir='ltr'>τῶν</span> 
     </span>
    </p>
   </div>
   <div class='ocr_carea' id='block_1_14' title="bbox 139 623 927 662">
    <p class='ocr_par' dir='ltr' id='par_1_14' title="bbox 139 623 927 662">
     <span class='ocr_line' id='line_1_14' title="bbox 139 623 927 662; baseline 0.001 -9"><span class='ocrx_word' id='word_1_72' title='bbox 139 626 240 654; x_wconf 81' lang='grc' dir='ltr'><strong>λοιπῶν</strong></span> <span class='ocrx_word' id='word_1_73' title='bbox 253 626 391 662; x_wconf 81' lang='grc' dir='ltr'><strong>συνεργῶν</strong></span> <span class='ocrx_word' id='word_1_74' title='bbox 404 635 465 662; x_wconf 81' lang='grc' dir='ltr'>μου,</span> <span class='ocrx_word' id='word_1_75' title='bbox 477 623 514 653; x_wconf 86' lang='grc' dir='ltr'>ὧν</span> <span class='ocrx_word' id='word_1_76' title='bbox 523 626 557 653; x_wconf 77' lang='grc' dir='ltr'>τὰ</span> <span class='ocrx_word' id='word_1_77' title='bbox 567 626 687 662; x_wconf 82' lang='grc' dir='ltr'>ὀνόματα</span> <span class='ocrx_word' id='word_1_78' title='bbox 697 627 725 655; x_wconf 80' lang='grc' dir='ltr'>ὲν</span> <span class='ocrx_word' id='word_1_79' title='bbox 737 627 819 662; x_wconf 71' lang='grc' dir='ltr'>βίϐλῳ</span> <span class='ocrx_word' id='word_1_80' title='bbox 829 626 910 662; x_wconf 81' lang='grc' dir='ltr'><strong>ζωῆς.</strong></span> <span class='ocrx_word' id='word_1_81' title='bbox 918 637 927 653; x_wconf 73' lang='grc' dir='ltr'>ι</span> 
     </span>
    </p>
   </div>
   <div class='ocr_carea' id='block_1_15' title="bbox 387 713 647 747">
    <p class='ocr_par' dir='ltr' id='par_1_15' title="bbox 387 713 647 747">
     <span class='ocr_line' id='line_1_15' title="bbox 387 713 647 747; baseline -0.008 -6"><span class='ocrx_word' id='word_1_82' title='bbox 387 713 585 741; x_wconf 80' lang='grc' dir='ltr'><strong>ΚΕΦΛΛΛῙΟΝ</strong></span> <span class='ocrx_word' id='word_1_83' title='bbox 606 714 647 747; x_wconf 71' lang='lat' dir='ltr'><strong>tq</strong></span> 
     </span>
    </p>
   </div>
   <div class='ocr_carea' id='block_1_16' title="bbox 281 759 788 795">
    <p class='ocr_par' dir='ltr' id='par_1_16' title="bbox 281 759 788 795">
     <span class='ocr_line' id='line_1_16' title="bbox 281 759 788 795; baseline 0 -9"><span class='ocrx_word' id='word_1_84' title='bbox 281 759 352 795; x_wconf 75' lang='grc' dir='ltr'>Περὶ</span> <span class='ocrx_word' id='word_1_85' title='bbox 366 759 421 794; x_wconf 83' lang='grc' dir='ltr'><strong>τῆς</strong></span> <span class='ocrx_word' id='word_1_86' title='bbox 431 759 602 794; x_wconf 60' lang='grc' dir='ltr'><strong>Κλήμεντος</strong></span> <span class='ocrx_word' id='word_1_87' title='bbox 617 759 788 794; x_wconf 71' lang='grc' dir='ltr'><strong>ἐπιστολῆς.</strong></span> 
     </span>
    </p>
   </div>
   <div class='ocr_carea' id='block_1_17' title="bbox 176 803 930 842">
    <p class='ocr_par' dir='ltr' id='par_1_17' title="bbox 176 803 930 842">
     <span class='ocr_line' id='line_1_17' title="bbox 176 803 930 842; baseline 0 -10"><span class='ocrx_word' id='word_1_88' title='bbox 176 805 324 842; x_wconf 82' lang='grc' dir='ltr'>Τούτου-δὴ</span> <span class='ocrx_word' id='word_1_89' title='bbox 345 803 392 832; x_wconf 84' lang='grc' dir='ltr'><strong>οὖν</strong></span> <span class='ocrx_word' id='word_1_90' title='bbox 409 805 456 832; x_wconf 82' lang='grc' dir='ltr'><strong>τοῦ</strong></span> <span class='ocrx_word' id='word_1_91' title='bbox 477 805 634 840; x_wconf 78' lang='grc' dir='ltr'><strong>Κλήμεντος</strong></span> <span class='ocrx_word' id='word_1_92' title='bbox 656 805 858 841; x_wconf 80' lang='grc' dir='ltr'><strong>ὁμολογουμένη</strong></span> <span class='ocrx_word' id='word_1_93' title='bbox 882 805 930 841; x_wconf 80' lang='grc' dir='ltr'>μία</span> 
     </span>
    </p>
   </div>
   <div class='ocr_carea' id='block_1_18' title="bbox 138 851 929 889">
    <p class='ocr_par' dir='ltr' id='par_1_18' title="bbox 138 851 929 889">
     <span class='ocr_line' id='line_1_18' title="bbox 138 851 929 889; baseline 0 -11"><span class='ocrx_word' id='word_1_94' title='bbox 138 852 269 888; x_wconf 76' lang='grc' dir='ltr'><strong>ἐπιστολὴ</strong></span> <span class='ocrx_word' id='word_1_95' title='bbox 289 853 401 889; x_wconf 77' lang='grc' dir='ltr'>φέρεται</span> <span class='ocrx_word' id='word_1_96' title='bbox 414 873 421 885; x_wconf 85' lang='lat'><strong>,</strong></span> <span class='ocrx_word' id='word_1_97' title='bbox 440 851 545 888; x_wconf 84' lang='grc' dir='ltr'><strong>μεγάλη</strong></span> <span class='ocrx_word' id='word_1_98' title='bbox 561 861 590 878; x_wconf 86' lang='grc' dir='ltr'><strong>τε</strong></span> <span class='ocrx_word' id='word_1_99' title='bbox 606 851 810 887; x_wconf 75' lang='grc' dir='ltr'>καὶ-θαυμασία</span> <span class='ocrx_word' id='word_1_100' title='bbox 820 872 826 884; x_wconf 95' lang='grc'>,</span> <span class='ocrx_word' id='word_1_101' title='bbox 841 852 873 887; x_wconf 78' lang='grc' dir='ltr'>ἣν</span> <span class='ocrx_word' id='word_1_102' title='bbox 892 852 929 884; x_wconf 85' lang='grc' dir='ltr'><strong>ὡς</strong></span> 
     </span>
    </p>
   </div>
   <div class='ocr_carea' id='block_1_19' title="bbox 139 897 928 934">
    <p class='ocr_par' dir='ltr' id='par_1_19' title="bbox 139 897 928 934">
     <span class='ocr_line' id='line_1_19' title="bbox 139 897 928 934; baseline -0.003 -9"><span class='ocrx_word' id='word_1_103' title='bbox 139 898 194 925; x_wconf 78' lang='grc' dir='ltr'>ἀπὸ</span> <span class='ocrx_word' id='word_1_104' title='bbox 209 898 258 934; x_wconf 81' lang='grc' dir='ltr'>τῆς</span> <span class='ocrx_word' id='word_1_105' title='bbox 275 898 417 933; x_wconf 84' lang='grc' dir='ltr'>Ῥωμαίων</span> <span class='ocrx_word' id='word_1_106' title='bbox 439 897 602 933; x_wconf 83' lang='grc' dir='ltr'>Έκκλησίας</span> <span class='ocrx_word' id='word_1_107' title='bbox 624 899 657 933; x_wconf 84' lang='grc' dir='ltr'><strong>τῇ</strong></span> <span class='ocrx_word' id='word_1_108' title='bbox 677 897 827 932; x_wconf 77' lang='grc' dir='ltr'><strong>Κορινθίων</strong></span> <span class='ocrx_word' id='word_1_109' title='bbox 843 897 928 924; x_wconf 87' lang='grc' dir='ltr'>διετυ-</span> 
     </span>
    </p>
   </div>
   <div class='ocr_carea' id='block_1_20' title="bbox 139 943 927 979">
    <p class='ocr_par' dir='ltr' id='par_1_20' title="bbox 139 943 927 979">
     <span class='ocr_line' id='line_1_20' title="bbox 139 943 927 979; baseline 0 -9"><span class='ocrx_word' id='word_1_110' title='bbox 139 944 262 976; x_wconf 58' lang='lat' dir='ltr'><strong>musaeo,</strong></span> <span class='ocrx_word' id='word_1_111' title='bbox 277 944 401 976; x_wconf 77' lang='grc' dir='ltr'><strong>στάσεως</strong></span> <span class='ocrx_word' id='word_1_112' title='bbox 415 944 542 979; x_wconf 81' lang='grc' dir='ltr'><strong>τηνικάδε</strong></span> <span class='ocrx_word' id='word_1_113' title='bbox 557 943 625 970; x_wconf 82' lang='grc' dir='ltr'>κατὰ</span> <span class='ocrx_word' id='word_1_114' title='bbox 641 943 690 979; x_wconf 83' lang='grc' dir='ltr'><strong>τὴν</strong></span> <span class='ocrx_word' id='word_1_115' title='bbox 705 943 836 979; x_wconf 76' lang='grc' dir='ltr'>Κόρινθον</span> <span class='ocrx_word' id='word_1_116' title='bbox 850 952 927 978; x_wconf 85' lang='grc' dir='ltr'>γενο-</span> 
     </span>
    </p>
   </div>
   <div class='ocr_carea' id='block_1_21' title="bbox 141 989 928 1025">
    <p class='ocr_par' dir='ltr' id='par_1_21' title="bbox 141 989 928 1025">
     <span class='ocr_line' id='line_1_21' title="bbox 141 989 928 1025; baseline 0 -10"><span class='ocrx_word' id='word_1_117' title='bbox 141 989 236 1025; x_wconf 79' lang='grc' dir='ltr'>μένης.</span> <span class='ocrx_word' id='word_1_118' title='bbox 264 989 372 1024; x_wconf 80' lang='grc' dir='ltr'><strong>Ταύτην</strong></span> <span class='ocrx_word' id='word_1_119' title='bbox 391 989 419 1015; x_wconf 82' lang='grc' dir='ltr'><strong>δὲ</strong></span> <span class='ocrx_word' id='word_1_120' title='bbox 436 989 484 1015; x_wconf 72' lang='grc' dir='ltr'>καὶ</span> <span class='ocrx_word' id='word_1_121' title='bbox 505 989 534 1015; x_wconf 78' lang='grc' dir='ltr'>ὲν</span> <span class='ocrx_word' id='word_1_122' title='bbox 551 989 690 1021; x_wconf 83' lang='grc' dir='ltr'><strong>πλείσταις</strong></span> <span class='ocrx_word' id='word_1_123' title='bbox 705 989 864 1024; x_wconf 80' lang='grc' dir='ltr'>ἐκκλησίαις</span> <span class='ocrx_word' id='word_1_124' title='bbox 883 990 928 1016; x_wconf 76' lang='grc' dir='ltr'><strong>ἐπὶ</strong></span> 
     </span>
    </p>
   </div>
   <div class='ocr_carea' id='block_1_22' title="bbox 139 1034 928 1071">
    <p class='ocr_par' dir='ltr' id='par_1_22' title="bbox 139 1034 928 1071">
     <span class='ocr_line' id='line_1_22' title="bbox 139 1034 928 1071; baseline 0.001 -10"><span class='ocrx_word' id='word_1_125' title='bbox 139 1035 187 1061; x_wconf 71' lang='grc' dir='ltr'><strong>τοῦ</strong></span> <span class='ocrx_word' id='word_1_126' title='bbox 206 1034 295 1061; x_wconf 81' lang='grc' dir='ltr'>κοινοῦ</span> <span class='ocrx_word' id='word_1_127' title='bbox 311 1035 557 1070; x_wconf 78' lang='grc' dir='ltr'><strong>δεδημοσιευμένην</strong></span> <span class='ocrx_word' id='word_1_128' title='bbox 574 1035 656 1062; x_wconf 83' lang='grc' dir='ltr'>πάλαι</span> <span class='ocrx_word' id='word_1_129' title='bbox 671 1044 700 1061; x_wconf 86' lang='grc' dir='ltr'>τε</span> <span class='ocrx_word' id='word_1_130' title='bbox 717 1037 763 1062; x_wconf 78' lang='grc' dir='ltr'><strong>καὶ</strong></span> <span class='ocrx_word' id='word_1_131' title='bbox 780 1036 839 1062; x_wconf 82' lang='grc' dir='ltr'><strong>καθ’</strong></span> <span class='ocrx_word' id='word_1_132' title='bbox 856 1037 928 1071; x_wconf 78' lang='grc' dir='ltr'><strong>ἡμᾶς</strong></span> 
     </span>
    </p>
   </div>
   <div class='ocr_carea' id='block_1_23' title="bbox 139 1081 928 1118">
    <p class='ocr_par' dir='ltr' id='par_1_23' title="bbox 139 1081 928 1118">
     <span class='ocr_line' id='line_1_23' title="bbox 139 1081 928 1118; baseline 0 -10"><span class='ocrx_word' id='word_1_133' title='bbox 139 1082 238 1113; x_wconf 69' lang='grc' dir='ltr'>αὐτοὺς</span> <span class='ocrx_word' id='word_1_134' title='bbox 254 1081 386 1116; x_wconf 70' lang='grc' dir='ltr'><strong>ἔγνωμεν.</strong></span> <span class='ocrx_word' id='word_1_135' title='bbox 415 1081 470 1108; x_wconf 81' lang='grc' dir='ltr'>Καὶ</span> <span class='ocrx_word' id='word_1_136' title='bbox 493 1082 534 1108; x_wconf 82' lang='grc' dir='ltr'>ὃτι</span> <span class='ocrx_word' id='word_1_137' title='bbox 559 1081 628 1108; x_wconf 88' lang='grc' dir='ltr'>κατὰ</span> <span class='ocrx_word' id='word_1_138' title='bbox 646 1081 692 1108; x_wconf 81' lang='grc' dir='ltr'><strong>τὸν</strong></span> <span class='ocrx_word' id='word_1_139' title='bbox 711 1081 874 1118; x_wconf 80' lang='grc' dir='ltr'><strong>δηλούμενον</strong></span> <span class='ocrx_word' id='word_1_140' title='bbox 894 1082 928 1108; x_wconf 70' lang='grc' dir='ltr'>τὰ</span> 
     </span>
    </p>
   </div>
   <div class='ocr_carea' id='block_1_24' title="bbox 137 1127 927 1165">
    <p class='ocr_par' dir='ltr' id='par_1_24' title="bbox 137 1127 927 1165">
     <span class='ocr_line' id='line_1_24' title="bbox 137 1127 927 1165; baseline 0.004 -12"><span class='ocrx_word' id='word_1_141' title='bbox 137 1127 189 1161; x_wconf 70' lang='grc' dir='ltr'><strong>τῆς</strong></span> <span class='ocrx_word' id='word_1_142' title='bbox 206 1127 356 1162; x_wconf 80' lang='grc' dir='ltr'>Κορινθίων</span> <span class='ocrx_word' id='word_1_143' title='bbox 374 1127 500 1154; x_wconf 65' lang='grc' dir='ltr'><strong>κεκίνῇτο</strong></span> <span class='ocrx_word' id='word_1_144' title='bbox 532 1128 667 1161; x_wconf 82' lang='grc' dir='ltr'><strong>στάσεως,</strong></span> <span class='ocrx_word' id='word_1_145' title='bbox 689 1127 836 1164; x_wconf 80' lang='grc' dir='ltr'><strong>ἀξιόχρεως</strong></span> <span class='ocrx_word' id='word_1_146' title='bbox 857 1129 927 1165; x_wconf 84' lang='grc' dir='ltr'>μάρ-</span> 
     </span>
    </p>
   </div>
   <div class='ocr_carea' id='block_1_25' title="bbox 139 1172 413 1209">
    <p class='ocr_par' dir='ltr' id='par_1_25' title="bbox 139 1172 413 1209">
     <span class='ocr_line' id='line_1_25' title="bbox 139 1172 413 1209; baseline 0.004 -11"><span class='ocrx_word' id='word_1_147' title='bbox 139 1181 187 1204; x_wconf 71' lang='grc' dir='ltr'><strong>τυς</strong></span> <span class='ocrx_word' id='word_1_148' title='bbox 200 1173 214 1199; x_wconf 81' lang='grc' dir='ltr'>ὁ</span> <span class='ocrx_word' id='word_1_149' title='bbox 230 1172 413 1209; x_wconf 82' lang='grc' dir='ltr'><strong>Ἡγήσιππος.</strong></span> 
     </span>
    </p>
   </div>
   <div class='ocr_carea' id='block_1_26' title="bbox 403 1219 663 1246">
    <p class='ocr_par' dir='ltr' id='par_1_26' title="bbox 403 1219 663 1246">
     <span class='ocr_line' id='line_1_26' title="bbox 403 1219 663 1246; baseline 0.004 -1"><span class='ocrx_word' id='word_1_150' title='bbox 403 1219 600 1246; x_wconf 77' lang='grc' dir='ltr'><strong>ΚΕΦΔΛᾹΙΟΝ</strong></span> <span class='ocrx_word' id='word_1_151' title='bbox 615 1220 663 1246; x_wconf 87' lang='lat' dir='ltr'><strong>IZ’.</strong></span> 
     </span>
    </p>
   </div>
   <div class='ocr_carea' id='block_1_27' title="bbox 138 1263 925 1302">
    <p class='ocr_par' dir='ltr' id='par_1_27' title="bbox 138 1263 925 1302">
     <span class='ocr_line' id='line_1_27' title="bbox 138 1263 925 1302; baseline 0.005 -12"><span class='ocrx_word' id='word_1_152' title='bbox 138 1263 210 1298; x_wconf 77' lang='grc' dir='ltr'><strong>Περὶ</strong></span> <span class='ocrx_word' id='word_1_153' title='bbox 219 1265 272 1292; x_wconf 84' lang='grc' dir='ltr'><strong>τοῦ</strong></span> <span class='ocrx_word' id='word_1_154' title='bbox 281 1264 670 1300; x_wconf 67' lang='grc' dir='ltr'><strong>κατὰΔομετιιη-ὸνὸιωγμοῦ</strong></span> <span class='ocrx_word' id='word_1_155' title='bbox 677 1264 745 1292; x_wconf 78' lang='lat' dir='ltr'><strong>(Nic.</strong></span> <span class='ocrx_word' id='word_1_156' title='bbox 754 1265 789 1293; x_wconf 90' lang='grc' dir='ltr'><strong>Η.</strong></span> <span class='ocrx_word' id='word_1_157' title='bbox 799 1265 831 1292; x_wconf 85' lang='lat' dir='ltr'><strong>E.</strong></span> <span class='ocrx_word' id='word_1_158' title='bbox 842 1266 925 1302; x_wconf 86' lang='lat' dir='ltr'><strong>ttt,9).</strong></span> 
     </span>
    </p>
   </div>
   <div class='ocr_carea' id='block_1_28' title="bbox 174 1310 928 1347">
    <p class='ocr_par' dir='ltr' id='par_1_28' title="bbox 174 1310 928 1347">
     <span class='ocr_line' id='line_1_28' title="bbox 174 1310 928 1347; baseline 0.001 -10"><span class='ocrx_word' id='word_1_159' title='bbox 174 1310 279 1346; x_wconf 85' lang='grc' dir='ltr'><strong>Πολλήν</strong></span> <span class='ocrx_word' id='word_1_160' title='bbox 301 1319 333 1345; x_wconf 86' lang='grc' dir='ltr'>γε</span> <span class='ocrx_word' id='word_1_161' title='bbox 354 1311 406 1347; x_wconf 84' lang='grc' dir='ltr'><strong>μὴν</strong></span> <span class='ocrx_word' id='word_1_162' title='bbox 424 1311 478 1347; x_wconf 85' lang='grc'><strong>(96)</strong></span> <span class='ocrx_word' id='word_1_163' title='bbox 500 1312 539 1343; x_wconf 85' lang='grc' dir='ltr'><strong>εἰς</strong></span> <span class='ocrx_word' id='word_1_164' title='bbox 556 1311 669 1343; x_wconf 80' lang='grc' dir='ltr'>πολλοὺς</span> <span class='ocrx_word' id='word_1_165' title='bbox 693 1311 897 1347; x_wconf 79' lang='grc' dir='ltr'><strong>ἐπιδειξάμενος</strong></span> <span class='ocrx_word' id='word_1_166' title='bbox 914 1312 928 1338; x_wconf 85' lang='grc' dir='ltr'><em>ὁ</em></span> 
     </span>
    </p>
   </div>
   <div class='ocr_carea' id='block_1_29' title="bbox 140 1355 929 1391">
    <p class='ocr_par' dir='ltr' id='par_1_29' title="bbox 140 1355 929 1391">
     <span class='ocr_line' id='line_1_29' title="bbox 140 1355 929 1391; baseline 0.001 -10"><span class='ocrx_word' id='word_1_167' title='bbox 140 1355 301 1391; x_wconf 72' lang='grc' dir='ltr'>ᾼομετιανδς</span> <span class='ocrx_word' id='word_1_168' title='bbox 318 1355 458 1391; x_wconf 77' lang='grc' dir='ltr'><strong>ὡμότητα,</strong></span> <span class='ocrx_word' id='word_1_169' title='bbox 474 1356 523 1383; x_wconf 81' lang='grc' dir='ltr'>οὐκ</span> <span class='ocrx_word' id='word_1_170' title='bbox 539 1356 627 1390; x_wconf 86' lang='grc' dir='ltr'>ὀλίγον</span> <span class='ocrx_word' id='word_1_171' title='bbox 643 1364 672 1382; x_wconf 81' lang='grc' dir='ltr'><strong>τε</strong></span> <span class='ocrx_word' id='word_1_172' title='bbox 687 1356 741 1382; x_wconf 86' lang='grc' dir='ltr'><strong>τῶν</strong></span> <span class='ocrx_word' id='word_1_173' title='bbox 756 1356 804 1382; x_wconf 74' lang='grc' dir='ltr'><strong>ἐπὶ</strong></span> <span class='ocrx_word' id='word_1_174' title='bbox 820 1355 929 1391; x_wconf 87' lang='grc' dir='ltr'><strong>Ῥώμης</strong></span> 
     </span>
    </p>
   </div>
   <div class='ocr_carea' id='block_1_30' title="bbox 140 1399 928 1436">
    <p class='ocr_par' dir='ltr' id='par_1_30' title="bbox 140 1399 928 1436">
     <span class='ocr_line' id='line_1_30' title="bbox 140 1399 928 1436; baseline 0.003 -11"><span class='ocrx_word' id='word_1_175' title='bbox 140 1399 311 1435; x_wconf 72' lang='grc' dir='ltr'><strong>εὐπατριδῶν</strong></span> <span class='ocrx_word' id='word_1_176' title='bbox 331 1399 386 1436; x_wconf 88' lang='grc'><strong>(97)</strong></span> <span class='ocrx_word' id='word_1_177' title='bbox 409 1401 456 1427; x_wconf 73' lang='grc' dir='ltr'><strong>καὶ</strong></span> <span class='ocrx_word' id='word_1_178' title='bbox 479 1401 621 1436; x_wconf 79' lang='grc' dir='ltr'><strong>ἐπισήμων</strong></span> <span class='ocrx_word' id='word_1_179' title='bbox 641 1400 744 1436; x_wconf 80' lang='grc' dir='ltr'>ἀνδρῶν</span> <span class='ocrx_word' id='word_1_180' title='bbox 774 1400 875 1436; x_wconf 79' lang='grc' dir='ltr'>πλῆθος</span> <span class='ocrx_word' id='word_1_181' title='bbox 898 1400 928 1427; x_wconf 83' lang='grc' dir='ltr'>οὐ</span> 
     </span>
    </p>
   </div>
   <div class='ocr_carea' id='block_1_31' title="bbox 141 1444 929 1481">
    <p class='ocr_par' dir='ltr' id='par_1_31' title="bbox 141 1444 929 1481">
     <span class='ocr_line' id='line_1_31' title="bbox 141 1444 929 1481; baseline 0.001 -11"><span class='ocrx_word' id='word_1_182' title='bbox 141 1444 201 1480; x_wconf 81' lang='grc' dir='ltr'>μετ’</span> <span class='ocrx_word' id='word_1_183' title='bbox 213 1444 322 1479; x_wconf 78' lang='grc' dir='ltr'><strong>εὐλόγου</strong></span> <span class='ocrx_word' id='word_1_184' title='bbox 338 1445 454 1480; x_wconf 82' lang='grc' dir='ltr'><strong>κρίσεως</strong></span> <span class='ocrx_word' id='word_1_185' title='bbox 471 1446 643 1478; x_wconf 79' lang='grc' dir='ltr'><strong>ἀποκτείνας,</strong></span> <span class='ocrx_word' id='word_1_186' title='bbox 660 1446 772 1481; x_wconf 85' lang='grc' dir='ltr'><strong>μυρίους</strong></span> <span class='ocrx_word' id='word_1_187' title='bbox 790 1454 818 1472; x_wconf 84' lang='grc' dir='ltr'>τε</span> <span class='ocrx_word' id='word_1_188' title='bbox 833 1445 929 1477; x_wconf 81' lang='grc' dir='ltr'>ἄλλους</span> 
     </span>
    </p>
   </div>
   <div class='ocr_carea' id='block_1_32' title="bbox 140 1481 930 1527">
    <p class='ocr_par' dir='ltr' id='par_1_32' title="bbox 140 1481 930 1527">
     <span class='ocr_line' id='line_1_32' title="bbox 140 1481 930 1527; baseline 0.004 -12"><span class='ocrx_word' id='word_1_189' title='bbox 140 1490 281 1525; x_wconf 58' lang='grc' dir='ltr'>ἐπιφανεῖς</span> <span class='ocrx_word' id='word_1_190' title='bbox 296 1481 408 1526; x_wconf 44' lang='grc' dir='ltr'>ἄνδρας</span> <span class='ocrx_word' id='word_1_191' title='bbox 418 1493 478 1523; x_wconf 79' lang='grc' dir='ltr'>ταῖς</span> <span class='ocrx_word' id='word_1_192' title='bbox 499 1491 568 1527; x_wconf 78' lang='grc' dir='ltr'>ὑπὲρ</span> <span class='ocrx_word' id='word_1_193' title='bbox 591 1491 640 1527; x_wconf 87' lang='grc' dir='ltr'><strong>τὴν</strong></span> <span class='ocrx_word' id='word_1_194' title='bbox 662 1491 767 1527; x_wconf 79' lang='grc' dir='ltr'>ὲνορίαν</span> <span class='ocrx_word' id='word_1_195' title='bbox 788 1491 930 1527; x_wconf 79' lang='grc' dir='ltr'><strong>ζημιώσας</strong></span> 
     </span>
    </p>
   </div>
   <div class='ocr_carea' id='block_1_33' title="bbox 141 1536 929 1572">
    <p class='ocr_par' dir='ltr' id='par_1_33' title="bbox 141 1536 929 1572">
     <span class='ocr_line' id='line_1_33' title="bbox 141 1536 929 1572; baseline 0.003 -10"><span class='ocrx_word' id='word_1_196' title='bbox 141 1537 240 1572; x_wconf 76' lang='grc' dir='ltr'>φυγαῖς</span> <span class='ocrx_word' id='word_1_197' title='bbox 254 1537 300 1563; x_wconf 79' lang='grc' dir='ltr'>καὶ</span> <span class='ocrx_word' id='word_1_198' title='bbox 317 1538 376 1568; x_wconf 82' lang='grc' dir='ltr'>ταῖς</span> <span class='ocrx_word' id='word_1_199' title='bbox 388 1536 442 1564; x_wconf 77' lang='grc' dir='ltr'><strong>τῶν</strong></span> <span class='ocrx_word' id='word_1_200' title='bbox 459 1537 556 1564; x_wconf 79' lang='grc' dir='ltr'>οὐσιῶν</span> <span class='ocrx_word' id='word_1_201' title='bbox 573 1537 716 1569; x_wconf 80' lang='grc' dir='ltr'>ἀποϐολαῖς</span> <span class='ocrx_word' id='word_1_202' title='bbox 732 1537 868 1570; x_wconf 82' lang='grc' dir='ltr'>ἀναιτίως,</span> <span class='ocrx_word' id='word_1_203' title='bbox 883 1546 929 1564; x_wconf 85' lang='grc' dir='ltr'><strong>τε-</strong></span> 
     </span>
    </p>
   </div>
   <div class='ocr_carea' id='block_1_34' title="bbox 139 1583 928 1620">
    <p class='ocr_par' dir='ltr' id='par_1_34' title="bbox 139 1583 928 1620">
     <span class='ocr_line' id='line_1_34' title="bbox 139 1583 928 1620; baseline 0.001 -11"><span class='ocrx_word' id='word_1_204' title='bbox 139 1583 240 1610; x_wconf 74' lang='grc' dir='ltr'>λευτῶν</span> <span class='ocrx_word' id='word_1_205' title='bbox 262 1584 312 1619; x_wconf 84' lang='grc' dir='ltr'><strong>τῆς</strong></span> <span class='ocrx_word' id='word_1_206' title='bbox 330 1583 457 1618; x_wconf 79' lang='grc' dir='ltr'><strong>Νέρωνος</strong></span> <span class='ocrx_word' id='word_1_207' title='bbox 479 1583 636 1619; x_wconf 82' lang='grc' dir='ltr'><strong>θεοεχΟρίας</strong></span> <span class='ocrx_word' id='word_1_208' title='bbox 659 1592 687 1610; x_wconf 85' lang='grc' dir='ltr'>τε</span> <span class='ocrx_word' id='word_1_209' title='bbox 712 1584 760 1610; x_wconf 69' lang='grc' dir='ltr'>καὶ</span> <span class='ocrx_word' id='word_1_210' title='bbox 782 1584 928 1620; x_wconf 81' lang='grc' dir='ltr'>θεομαχίας</span> 
     </span>
    </p>
   </div>
   <div class='ocr_carea' id='block_1_35' title="bbox 139 1629 928 1667">
    <p class='ocr_par' dir='ltr' id='par_1_35' title="bbox 139 1629 928 1667">
     <span class='ocr_line' id='line_1_35' title="bbox 139 1629 928 1667; baseline 0 -11"><span class='ocrx_word' id='word_1_211' title='bbox 139 1629 257 1666; x_wconf 80' lang='grc' dir='ltr'><strong>διάδοχον</strong></span> <span class='ocrx_word' id='word_1_212' title='bbox 271 1629 366 1656; x_wconf 72' lang='grc' dir='ltr'><strong>ἑαυτὸν</strong></span> <span class='ocrx_word' id='word_1_213' title='bbox 379 1631 571 1666; x_wconf 82' lang='grc' dir='ltr'><strong>κατεστήσατο.</strong></span> <span class='ocrx_word' id='word_1_214' title='bbox 590 1630 720 1667; x_wconf 78' lang='grc' dir='ltr'><strong>Δεύτερος</strong></span> <span class='ocrx_word' id='word_1_215' title='bbox 731 1630 798 1666; x_wconf 83' lang='grc' dir='ltr'><strong>δῆτα</strong></span> <span class='ocrx_word' id='word_1_216' title='bbox 811 1631 856 1657; x_wconf 84' lang='grc' dir='ltr'><strong>τὸν</strong></span> <span class='ocrx_word' id='word_1_217' title='bbox 869 1631 928 1657; x_wconf 75' lang='grc' dir='ltr'><strong>καθ’</strong></span> 
     </span>
    </p>
   </div>
   <div class='ocr_carea' id='block_1_36' title="bbox 139 1721 926 1758">
    <p class='ocr_par' dir='ltr' id='par_1_36' title="bbox 139 1721 926 1758">
     <span class='ocr_line' id='line_1_36' title="bbox 139 1721 926 1758; baseline 0.003 -9"><span class='ocrx_word' id='word_1_218' title='bbox 139 1722 262 1758; x_wconf 83' lang='grc' dir='ltr'><strong>Μάρκον,</strong></span> <span class='ocrx_word' id='word_1_219' title='bbox 280 1727 310 1749; x_wconf 89' lang='lat' dir='ltr'><strong>ut</strong></span> <span class='ocrx_word' id='word_1_220' title='bbox 323 1721 387 1750; x_wconf 81' lang='lat' dir='ltr'><strong>fecit</strong></span> <span class='ocrx_word' id='word_1_221' title='bbox 400 1722 578 1757; x_wconf 85' lang='lat' dir='ltr'><strong>Nicephorus.</strong></span> <span class='ocrx_word' id='word_1_222' title='bbox 593 1722 662 1750; x_wconf 84' lang='lat' dir='ltr'><strong>Vide</strong></span> <span class='ocrx_word' id='word_1_223' title='bbox 680 1722 789 1750; x_wconf 90' lang='lat' dir='ltr'><strong>Seldcni</strong></span> <span class='ocrx_word' id='word_1_224' title='bbox 803 1728 880 1751; x_wconf 86' lang='lat' dir='ltr'><strong>notas</strong></span> <span class='ocrx_word' id='word_1_225' title='bbox 894 1724 926 1752; x_wconf 87' lang='lat' dir='ltr'><strong>ad</strong></span> 
     </span>
    </p>
   </div>
   <div class='ocr_carea' id='block_1_37' title="bbox 142 1757 754 1792">
    <p class='ocr_par' dir='ltr' id='par_1_37' title="bbox 142 1757 754 1792">
     <span class='ocr_line' id='line_1_37' title="bbox 142 1757 754 1792; baseline 0.002 -8"><span class='ocrx_word' id='word_1_226' title='bbox 142 1757 307 1792; x_wconf 75' lang='lat' dir='ltr'><strong>Euiycbium</strong></span> <span class='ocrx_word' id='word_1_227' title='bbox 325 1757 510 1791; x_wconf 88' lang='lat' dir='ltr'><strong>patriarcham</strong></span> <span class='ocrx_word' id='word_1_228' title='bbox 528 1757 754 1785; x_wconf 81' lang='lat' dir='ltr'><strong>Alexandrinum.</strong></span> 
     </span>
    </p>
   </div>
   <div class='ocr_carea' id='block_1_38' title="bbox 176 1791 926 1829">
    <p class='ocr_par' dir='ltr' id='par_1_38' title="bbox 176 1791 926 1829">
     <span class='ocr_line' id='line_1_38' title="bbox 176 1791 926 1829; baseline 0.003 -9"><span class='ocrx_word' id='word_1_229' title='bbox 176 1793 231 1829; x_wconf 73' lang='lat'><strong>(94)</strong></span> <span class='ocrx_word' id='word_1_230' title='bbox 253 1793 310 1829; x_wconf 86' lang='grc' dir='ltr'><strong>Δύο</strong></span> <span class='ocrx_word' id='word_1_231' title='bbox 330 1791 407 1829; x_wconf 56' lang='grc' dir='ltr'><strong>πρὸς</strong></span> <span class='ocrx_word' id='word_1_232' title='bbox 427 1792 839 1829; x_wconf 25' lang='grc' dir='ltr'><strong>τοῐςλεῖκοσινῖὰξιοπλήσας</strong></span> <span class='ocrx_word' id='word_1_233' title='bbox 862 1795 926 1829; x_wconf 78' lang='grc' dir='ltr'><strong>ἐτη.</strong></span> 
     </span>
    </p>
   </div>
   <div class='ocr_carea' id='block_1_39' title="bbox 139 1826 927 1863">
    <p class='ocr_par' dir='ltr' id='par_1_39' title="bbox 139 1826 927 1863">
     <span class='ocr_line' id='line_1_39' title="bbox 139 1826 927 1863; baseline 0.003 -9"><span class='ocrx_word' id='word_1_234' title='bbox 139 1826 230 1854; x_wconf 76' lang='lat' dir='ltr'><strong>Nostri</strong></span> <span class='ocrx_word' id='word_1_235' title='bbox 244 1828 357 1863; x_wconf 80' lang='lat' dir='ltr'><strong>codices</strong></span> <span class='ocrx_word' id='word_1_236' title='bbox 382 1827 464 1859; x_wconf 85' lang='lat' dir='ltr'><strong>Maz.,</strong></span> <span class='ocrx_word' id='word_1_237' title='bbox 483 1827 553 1855; x_wconf 78' lang='lat' dir='ltr'><strong>Med.</strong></span> <span class='ocrx_word' id='word_1_238' title='bbox 581 1836 612 1854; x_wconf 89' lang='lat' dir='ltr'><strong>ac</strong></span> <span class='ocrx_word' id='word_1_239' title='bbox 638 1828 719 1859; x_wconf 80' lang='lat' dir='ltr'><strong>Fuk.,</strong></span> <span class='ocrx_word' id='word_1_240' title='bbox 734 1826 863 1863; x_wconf 83' lang='lat' dir='ltr'><strong>scriptum</strong></span> <span class='ocrx_word' id='word_1_241' title='bbox 879 1826 927 1857; x_wconf 81' lang='lat' dir='ltr'><strong>ha-</strong></span> 
     </span>
    </p>
   </div>
   <div class='ocr_carea' id='block_1_40' title="bbox 140 1861 924 1898">
    <p class='ocr_par' dir='ltr' id='par_1_40' title="bbox 140 1861 924 1898">
     <span class='ocr_line' id='line_1_40' title="bbox 140 1861 924 1898; baseline 0.006 -11"><span class='ocrx_word' id='word_1_242' title='bbox 140 1863 205 1890; x_wconf 84' lang='lat' dir='ltr'><strong>bent</strong></span> <span class='ocrx_word' id='word_1_243' title='bbox 220 1861 267 1889; x_wconf 83' lang='grc' dir='ltr'><strong>δύο</strong></span> <span class='ocrx_word' id='word_1_244' title='bbox 288 1863 357 1897; x_wconf 81' lang='grc' dir='ltr'>πρὸς</span> <span class='ocrx_word' id='word_1_245' title='bbox 372 1863 473 1898; x_wconf 74' lang='grc' dir='ltr'>είκοσιν</span> <span class='ocrx_word' id='word_1_246' title='bbox 491 1862 650 1898; x_wconf 82' lang='grc' dir='ltr'>ἀναπλήσας</span> <span class='ocrx_word' id='word_1_247' title='bbox 666 1863 724 1898; x_wconf 74' lang='grc' dir='ltr'><strong>ἐτη.</strong></span> <span class='ocrx_word' id='word_1_248' title='bbox 749 1861 881 1892; x_wconf 43' lang='lat' dir='ltr'><strong>Praeterea</strong></span> <span class='ocrx_word' id='word_1_249' title='bbox 898 1865 924 1892; x_wconf 92' lang='lat' dir='ltr'><strong>in</strong></span> 
     </span>
    </p>
   </div>
   <div class='ocr_carea' id='block_1_41' title="bbox 139 1897 928 1932">
    <p class='ocr_par' dir='ltr' id='par_1_41' title="bbox 139 1897 928 1932">
     <span class='ocr_line' id='line_1_41' title="bbox 139 1897 928 1932; baseline 0.003 -8"><span class='ocrx_word' id='word_1_250' title='bbox 139 1898 242 1931; x_wconf 79' lang='lat' dir='ltr'><strong>optimo</strong></span> <span class='ocrx_word' id='word_1_251' title='bbox 257 1898 351 1925; x_wconf 87' lang='lat' dir='ltr'><strong>codice</strong></span> <span class='ocrx_word' id='word_1_252' title='bbox 373 1897 455 1929; x_wconf 83' lang='lat' dir='ltr'><strong>Maz.,</strong></span> <span class='ocrx_word' id='word_1_253' title='bbox 470 1898 556 1925; x_wconf 79' lang='grc' dir='ltr'>εἴκοσι</span> <span class='ocrx_word' id='word_1_254' title='bbox 579 1897 823 1932; x_wconf 62' lang='grc' dir='ltr'>δοτίὺίιυιίιιὺειμιο</span> <span class='ocrx_word' id='word_1_255' title='bbox 837 1908 861 1925; x_wconf 92' lang='grc' dir='ltr'>ν.</span> <span class='ocrx_word' id='word_1_256' title='bbox 879 1900 928 1926; x_wconf 84' lang='lat' dir='ltr'><strong>At-</strong></span> 
     </span>
    </p>
   </div>
   <div class='ocr_carea' id='block_1_42' title="bbox 140 1932 927 1968">
    <p class='ocr_par' dir='ltr' id='par_1_42' title="bbox 140 1932 927 1968">
     <span class='ocr_line' id='line_1_42' title="bbox 140 1932 927 1968; baseline 0.004 -10"><span class='ocrx_word' id='word_1_257' title='bbox 140 1940 193 1967; x_wconf 88' lang='lat' dir='ltr'><strong>que</strong></span> <span class='ocrx_word' id='word_1_258' title='bbox 208 1932 245 1959; x_wconf 85' lang='lat' dir='ltr'><strong>ita</strong></span> <span class='ocrx_word' id='word_1_259' title='bbox 261 1940 369 1968; x_wconf 84' lang='lat' dir='ltr'><strong>semper</strong></span> <span class='ocrx_word' id='word_1_260' title='bbox 384 1933 436 1960; x_wconf 88' lang='lat' dir='ltr'><strong>hoc</strong></span> <span class='ocrx_word' id='word_1_261' title='bbox 449 1941 549 1961; x_wconf 82' lang='lat' dir='ltr'><strong>nomen</strong></span> <span class='ocrx_word' id='word_1_262' title='bbox 561 1933 586 1960; x_wconf 91' lang='lat' dir='ltr'><strong>in</strong></span> <span class='ocrx_word' id='word_1_263' title='bbox 602 1941 634 1960; x_wconf 88' lang='lat' dir='ltr'><strong>eo</strong></span> <span class='ocrx_word' id='word_1_264' title='bbox 643 1934 736 1960; x_wconf 82' lang='lat' dir='ltr'><strong>codice</strong></span> <span class='ocrx_word' id='word_1_265' title='bbox 748 1936 927 1968; x_wconf 67' lang='lat' dir='ltr'><strong>perscriptum</strong></span> 
     </span>
    </p>
   </div>
   <div class='ocr_carea' id='block_1_43' title="bbox 139 1967 926 2003">
    <p class='ocr_par' dir='ltr' id='par_1_43' title="bbox 139 1967 926 2003">
     <span class='ocr_line' id='line_1_43' title="bbox 139 1967 926 2003; baseline 0.003 -9"><span class='ocrx_word' id='word_1_266' title='bbox 139 1967 374 2003; x_wconf 25' lang='lat' dir='ltr'><strong>esserbservavi,</strong></span> <span class='ocrx_word' id='word_1_267' title='bbox 393 1968 519 2002; x_wconf 83' lang='lat' dir='ltr'><strong>quamvis</strong></span> <span class='ocrx_word' id='word_1_268' title='bbox 544 1975 660 2002; x_wconf 84' lang='lat' dir='ltr'><strong>sequens</strong></span> <span class='ocrx_word' id='word_1_269' title='bbox 676 1969 759 1995; x_wconf 92' lang='lat' dir='ltr'><strong>dictio</strong></span> <span class='ocrx_word' id='word_1_270' title='bbox 787 1969 926 2003; x_wconf 77' lang='lat' dir='ltr'><strong>incipiata</strong></span> 
     </span>
    </p>
   </div>
   <div class='ocr_carea' id='block_1_44' title="bbox 138 2001 928 2063">
    <p class='ocr_par' dir='ltr' id='par_1_44' title="bbox 138 2001 928 2063">
     <span class='ocr_line' id='line_1_44' title="bbox 138 2001 928 2063; baseline 0.006 -36"><span class='ocrx_word' id='word_1_271' title='bbox 138 2001 237 2063; x_wconf 60' lang='grc' dir='ltr'><strong>νορῗιΙῘ.</strong></span> <span class='ocrx_word' id='word_1_272' title='bbox 255 2003 295 2029; x_wconf 85' lang='lat' dir='ltr'><strong>Ac</strong></span> <span class='ocrx_word' id='word_1_273' title='bbox 315 2003 382 2030; x_wconf 87' lang='lat' dir='ltr'><strong>mihi</strong></span> <span class='ocrx_word' id='word_1_274' title='bbox 398 2001 508 2037; x_wconf 76' lang='lat' dir='ltr'><strong>quidem</strong></span> <span class='ocrx_word' id='word_1_275' title='bbox 521 2001 676 2038; x_wconf 71' lang='lat' dir='ltr'><strong>huiusmodi</strong></span> <span class='ocrx_word' id='word_1_276' title='bbox 695 2004 831 2038; x_wconf 88' lang='lat' dir='ltr'><strong>scriptura</strong></span> <span class='ocrx_word' id='word_1_277' title='bbox 842 2001 928 2040; x_wconf 72' lang='lat' dir='ltr'><strong>inagis</strong></span> 
     </span>
     <span class='ocr_line' id='line_1_45' title="bbox 138 2042 280 2063; baseline 0 0"><span class='ocrx_word' id='word_1_278' title='bbox 138 2042 280 2063; x_wconf 73' lang='lat' dir='ltr'><strong>nrotatur.</strong></span> 
     </span>
    </p>
   </div>
   <div class='ocr_carea' id='block_1_45' title="bbox 158 2042 280 2064">
    <p class='ocr_par' dir='ltr' id='par_1_45' title="bbox 158 2042 280 2064">
     <span class='ocr_line' id='line_1_46' title="bbox 158 2042 280 2064; baseline 0.008 -1"><span class='ocrx_word' id='word_1_279' title='bbox 158 2042 280 2064; x_wconf 85' lang='lat' dir='ltr'><strong>rohalur.</strong></span> 
     </span>
    </p>
   </div>
   <div class='ocr_carea' id='block_1_46' title="bbox 138 2045 927 2108">
    <p class='ocr_par' dir='ltr' id='par_1_46' title="bbox 138 2045 927 2108">
     <span class='ocr_line' id='line_1_47' title="bbox 138 2045 927 2108; baseline 0.003 -9"><span class='ocrx_word' id='word_1_280' title='bbox 138 2045 396 2108; x_wconf 48' lang='grc' dir='ltr'><strong>ῗηὲἓέἶυῖεὐτερος</strong></span> <span class='ocrx_word' id='word_1_281' title='bbox 428 2072 560 2106; x_wconf 79' lang='grc' dir='ltr'><strong>Ἀϐίλιος.</strong></span> <span class='ocrx_word' id='word_1_282' title='bbox 590 2071 668 2100; x_wconf 82' lang='lat' dir='ltr'><strong>Hunc</strong></span> <span class='ocrx_word' id='word_1_283' title='bbox 693 2073 808 2100; x_wconf 81' lang='lat' dir='ltr'><strong>Abilium</strong></span> <span class='ocrx_word' id='word_1_284' title='bbox 829 2078 927 2101; x_wconf 84' lang='lat' dir='ltr'><strong>vocant</strong></span> 
     </span>
    </p>
   </div>
   <div class='ocr_carea' id='block_1_47' title="bbox 140 2107 927 2144">
    <p class='ocr_par' dir='ltr' id='par_1_47' title="bbox 140 2107 927 2144">
     <span class='ocr_line' id='line_1_48' title="bbox 140 2107 927 2144; baseline 0.001 -10"><span class='ocrx_word' id='word_1_285' title='bbox 140 2107 255 2134; x_wconf 81' lang='lat' dir='ltr'><strong>Ruﬁnus</strong></span> <span class='ocrx_word' id='word_1_286' title='bbox 271 2113 307 2144; x_wconf 87' lang='lat' dir='ltr'><strong>et_</strong></span> <span class='ocrx_word' id='word_1_287' title='bbox 316 2108 413 2144; x_wconf 85' lang='lat' dir='ltr'><strong>reliqui</strong></span> <span class='ocrx_word' id='word_1_288' title='bbox 424 2108 598 2144; x_wconf 85' lang='lat' dir='ltr'><strong>interpretes,</strong></span> <span class='ocrx_word' id='word_1_289' title='bbox 614 2109 724 2144; x_wconf 87' lang='lat' dir='ltr'><strong>ipseque</strong></span> <span class='ocrx_word' id='word_1_290' title='bbox 744 2110 813 2136; x_wconf 86' lang='lat' dir='ltr'><strong>adeo</strong></span> <span class='ocrx_word' id='word_1_291' title='bbox 828 2109 927 2136; x_wconf 87' lang='lat' dir='ltr'><strong>Hiero-</strong></span> 
     </span>
    </p>
   </div>
   <div class='ocr_carea' id='block_1_48' title="bbox 139 2142 925 2178">
    <p class='ocr_par' dir='ltr' id='par_1_48' title="bbox 139 2142 925 2178">
     <span class='ocr_line' id='line_1_49' title="bbox 139 2142 925 2178; baseline 0.004 -9"><span class='ocrx_word' id='word_1_292' title='bbox 139 2150 236 2177; x_wconf 81' lang='lat' dir='ltr'><strong>nymus</strong></span> <span class='ocrx_word' id='word_1_293' title='bbox 250 2144 277 2170; x_wconf 93' lang='lat' dir='ltr'><strong>in</strong></span> <span class='ocrx_word' id='word_1_294' title='bbox 292 2142 429 2176; x_wconf 79' lang='lat' dir='ltr'><strong>Chronica,</strong></span> <span class='ocrx_word' id='word_1_295' title='bbox 445 2143 535 2170; x_wconf 84' lang='lat' dir='ltr'><strong>minus</strong></span> <span class='ocrx_word' id='word_1_296' title='bbox 549 2142 633 2176; x_wconf 66' lang='lat' dir='ltr'><strong>recte,</strong></span> <span class='ocrx_word' id='word_1_297' title='bbox 649 2142 811 2178; x_wconf 61' lang='lat' dir='ltr'><strong>ufequidetu</strong></span> <span class='ocrx_word' id='word_1_298' title='bbox 827 2145 925 2172; x_wconf 89' lang='lat' dir='ltr'><strong>sentio.</strong></span> 
     </span>
    </p>
   </div>
   <div class='ocr_carea' id='block_1_49' title="bbox 138 2177 924 2212">
    <p class='ocr_par' dir='ltr' id='par_1_49' title="bbox 138 2177 924 2212">
     <span class='ocr_line' id='line_1_50' title="bbox 138 2177 924 2212; baseline 0.003 -8"><span class='ocrx_word' id='word_1_299' title='bbox 138 2177 256 2204; x_wconf 77' lang='lat' dir='ltr'><strong>Acilium</strong></span> <span class='ocrx_word' id='word_1_300' title='bbox 275 2178 347 2205; x_wconf 88' lang='lat' dir='ltr'><strong>enim</strong></span> <span class='ocrx_word' id='word_1_301' title='bbox 367 2179 419 2205; x_wconf 91' lang='lat' dir='ltr'><strong>dici</strong></span> <span class='ocrx_word' id='word_1_302' title='bbox 433 2178 643 2212; x_wconf 87' lang='lat' dir='ltr'><strong>oportuit,quod</strong></span> <span class='ocrx_word' id='word_1_303' title='bbox 660 2177 758 2206; x_wconf 83' lang='lat' dir='ltr'><strong>nomen</strong></span> <span class='ocrx_word' id='word_1_304' title='bbox 772 2179 924 2206; x_wconf 77' lang='lat' dir='ltr'><strong>Romanum</strong></span> 
     </span>
    </p>
   </div>
   <div class='ocr_carea' id='block_1_50' title="bbox 943 892 964 921">
    <p class='ocr_par' dir='ltr' id='par_1_50' title="bbox 943 892 964 921">
     <span class='ocr_line' id='line_1_51' title="bbox 943 892 964 921; baseline 0 0"><span class='ocrx_word' id='word_1_305' title='bbox 943 892 964 921; x_wconf 82' lang='grc' dir='ltr'><strong>Β</strong></span> 
     </span>
    </p>
   </div>
   <div class='ocr_carea' id='block_1_51' title="bbox 942 1570 963 1599">
    <p class='ocr_par' dir='ltr' id='par_1_51' title="bbox 942 1570 963 1599">
     <span class='ocr_line' id='line_1_52' title="bbox 942 1570 963 1599; baseline 0 0"><span class='ocrx_word' id='word_1_306' title='bbox 942 1570 963 1599; x_wconf 90' lang='lat' dir='ltr'><strong>C</strong></span> 
     </span>
    </p>
   </div>
   <div class='ocr_carea' id='block_1_52' title="bbox 979 258 1092 288">
    <p class='ocr_par' dir='ltr' id='par_1_52' title="bbox 979 258 1092 288">
     <span class='ocr_line' id='line_1_53' title="bbox 979 258 1092 288; baseline -0.027 0"><span class='ocrx_word' id='word_1_307' title='bbox 979 258 1092 288; x_wconf 79' lang='lat' dir='ltr'><strong>Avilius.</strong></span> 
     </span>
    </p>
   </div>
   <div class='ocr_carea' id='block_1_53' title="bbox 1277 301 1468 331">
    <p class='ocr_par' dir='ltr' id='par_1_53' title="bbox 1277 301 1468 331">
     <span class='ocr_line' id='line_1_54' title="bbox 1277 301 1468 331; baseline 0.005 -2"><span class='ocrx_word' id='word_1_308' title='bbox 1277 301 1392 330; x_wconf 80' lang='lat' dir='ltr'><strong>CAPUT</strong></span> <span class='ocrx_word' id='word_1_309' title='bbox 1411 303 1468 331; x_wconf 80' lang='lat' dir='ltr'><strong>XV.</strong></span> 
     </span>
    </p>
   </div>
   <div class='ocr_carea' id='block_1_54' title="bbox 981 348 1762 385">
    <p class='ocr_par' dir='ltr' id='par_1_54' title="bbox 981 348 1762 385">
     <span class='ocr_line' id='line_1_55' title="bbox 981 348 1762 385; baseline 0.006 -10"><span class='ocrx_word' id='word_1_310' title='bbox 981 348 1016 375; x_wconf 85' lang='lat' dir='ltr'><strong>Ut</strong></span> <span class='ocrx_word' id='word_1_311' title='bbox 1037 350 1128 376; x_wconf 79' lang='lat' dir='ltr'><strong>tertius</strong></span> <span class='ocrx_word' id='word_1_312' title='bbox 1145 349 1274 378; x_wconf 72' lang='lat' dir='ltr'><strong>Ectlesiw</strong></span> <span class='ocrx_word' id='word_1_313' title='bbox 1291 350 1415 377; x_wconf 70' lang='lat' dir='ltr'><strong>Romamn</strong></span> <span class='ocrx_word' id='word_1_314' title='bbox 1424 351 1558 384; x_wconf 76' lang='lat' dir='ltr'><strong>episcopus</strong></span> <span class='ocrx_word' id='word_1_315' title='bbox 1574 351 1623 385; x_wconf 77' lang='lat' dir='ltr'><strong>fuit</strong></span> <span class='ocrx_word' id='word_1_316' title='bbox 1635 350 1762 380; x_wconf 75' lang='lat' dir='ltr'><strong>Clemens.</strong></span> 
     </span>
    </p>
   </div>
   <div class='ocr_carea' id='block_1_55' title="bbox 1016 393 1762 431">
    <p class='ocr_par' dir='ltr' id='par_1_55' title="bbox 1016 393 1762 431">
     <span class='ocr_line' id='line_1_56' title="bbox 1016 393 1762 431; baseline 0.005 -10"><span class='ocrx_word' id='word_1_317' title='bbox 1016 393 1095 422; x_wconf 84' lang='lat' dir='ltr'><strong>Anno</strong></span> <span class='ocrx_word' id='word_1_318' title='bbox 1122 400 1212 422; x_wconf 91' lang='lat' dir='ltr'><strong>autem</strong></span> <span class='ocrx_word' id='word_1_319' title='bbox 1240 396 1361 431; x_wconf 75' lang='lat' dir='ltr'><strong>ejusdem</strong></span> <span class='ocrx_word' id='word_1_320' title='bbox 1386 396 1558 429; x_wconf 73' lang='lat' dir='ltr'><strong>imperatoris</strong></span> <span class='ocrx_word' id='word_1_321' title='bbox 1583 396 1762 431; x_wconf 87' lang='lat' dir='ltr'><strong>duodecimo,</strong></span> 
     </span>
    </p>
   </div>
   <div class='ocr_carea' id='block_1_56' title="bbox 980 440 1762 476">
    <p class='ocr_par' dir='ltr' id='par_1_56' title="bbox 980 440 1762 476">
     <span class='ocr_line' id='line_1_57' title="bbox 980 440 1762 476; baseline 0.003 -8"><span class='ocrx_word' id='word_1_322' title='bbox 980 440 1156 475; x_wconf 80' lang='lat' dir='ltr'><strong>Ancucletus,</strong></span> <span class='ocrx_word' id='word_1_323' title='bbox 1170 442 1274 469; x_wconf 81' lang='lat' dir='ltr'><strong>exactis</strong></span> <span class='ocrx_word' id='word_1_324' title='bbox 1288 442 1315 469; x_wconf 91' lang='lat' dir='ltr'><strong>in</strong></span> <span class='ocrx_word' id='word_1_325' title='bbox 1331 442 1489 476; x_wconf 88' lang='lat' dir='ltr'><strong>episcopatu</strong></span> <span class='ocrx_word' id='word_1_326' title='bbox 1507 443 1585 469; x_wconf 89' lang='lat' dir='ltr'><strong>annis</strong></span> <span class='ocrx_word' id='word_1_327' title='bbox 1599 443 1738 470; x_wconf 87' lang='lat' dir='ltr'><strong>duodecim</strong></span> <span class='ocrx_word' id='word_1_328' title='bbox 1753 463 1762 476; x_wconf 91' lang='lat'><strong>,</strong></span> 
     </span>
    </p>
   </div>
   <div class='ocr_carea' id='block_1_57' title="bbox 980 489 1762 524">
    <p class='ocr_par' dir='ltr' id='par_1_57' title="bbox 980 489 1762 524">
     <span class='ocr_line' id='line_1_58' title="bbox 980 489 1762 524; baseline 0.004 -9"><span class='ocrx_word' id='word_1_329' title='bbox 980 495 1165 516; x_wconf 87' lang='lat' dir='ltr'><strong>successorem</strong></span> <span class='ocrx_word' id='word_1_330' title='bbox 1195 489 1304 523; x_wconf 83' lang='lat' dir='ltr'><strong>reliquit</strong></span> <span class='ocrx_word' id='word_1_331' title='bbox 1332 489 1509 517; x_wconf 80' lang='lat' dir='ltr'><strong>Clementem.</strong></span> <span class='ocrx_word' id='word_1_332' title='bbox 1543 489 1628 522; x_wconf 84' lang='lat' dir='ltr'><strong>Quem</strong></span> <span class='ocrx_word' id='word_1_333' title='bbox 1655 491 1762 524; x_wconf 86' lang='lat' dir='ltr'><strong>quidem</strong></span> 
     </span>
    </p>
   </div>
   <div class='ocr_carea' id='block_1_58' title="bbox 980 534 1763 572">
    <p class='ocr_par' dir='ltr' id='par_1_58' title="bbox 980 534 1763 572">
     <span class='ocr_line' id='line_1_59' title="bbox 980 534 1763 572; baseline 0.001 -10"><span class='ocrx_word' id='word_1_334' title='bbox 980 534 1079 562; x_wconf 79' lang='lat' dir='ltr'><strong>Paulus</strong></span> <span class='ocrx_word' id='word_1_335' title='bbox 1091 535 1230 570; x_wconf 83' lang='lat' dir='ltr'><strong>apostolus</strong></span> <span class='ocrx_word' id='word_1_336' title='bbox 1243 536 1269 562; x_wconf 93' lang='lat' dir='ltr'><strong>in</strong></span> <span class='ocrx_word' id='word_1_337' title='bbox 1280 535 1399 570; x_wconf 87' lang='lat' dir='ltr'><strong>Epistola</strong></span> <span class='ocrx_word' id='word_1_338' title='bbox 1413 537 1446 562; x_wconf 88' lang='lat' dir='ltr'><strong>ad</strong></span> <span class='ocrx_word' id='word_1_339' title='bbox 1456 536 1644 571; x_wconf 85' lang='lat' dir='ltr'><strong>Philippenses</strong></span> <span class='ocrx_word' id='word_1_340' title='bbox 1651 537 1763 572; x_wconf 88' lang='lat' dir='ltr'><strong>scripta,</strong></span> 
     </span>
    </p>
   </div>
   <div class='ocr_carea' id='block_1_59' title="bbox 980 573 1764 615">
    <p class='ocr_par' dir='ltr' id='par_1_59' title="bbox 980 573 1764 615">
     <span class='ocr_line' id='line_1_60' title="bbox 980 573 1764 615; baseline 0.003 -8"><span class='ocrx_word' id='word_1_341' title='bbox 980 573 1131 615; x_wconf 75' lang='lat' dir='ltr'><strong>ailjutorctn</strong></span> <span class='ocrx_word' id='word_1_342' title='bbox 1150 589 1229 609; x_wconf 88' lang='lat' dir='ltr'><strong>suum</strong></span> <span class='ocrx_word' id='word_1_343' title='bbox 1257 581 1340 609; x_wconf 82' lang='lat' dir='ltr'><strong>fuisse</strong></span> <span class='ocrx_word' id='word_1_344' title='bbox 1365 582 1445 609; x_wconf 87' lang='lat' dir='ltr'><strong>docet</strong></span> <span class='ocrx_word' id='word_1_345' title='bbox 1470 582 1513 609; x_wconf 88' lang='lat' dir='ltr'><strong>his</strong></span> <span class='ocrx_word' id='word_1_346' title='bbox 1540 581 1652 609; x_wconf 86' lang='lat' dir='ltr'><strong>verbis:</strong></span> <span class='ocrx_word' id='word_1_347' title='bbox 1669 591 1678 607; x_wconf 80' lang='grc' dir='ltr'>ι</span> <span class='ocrx_word' id='word_1_348' title='bbox 1696 582 1764 609; x_wconf 88' lang='lat' dir='ltr'><strong>Cum</strong></span> 
     </span>
    </p>
   </div>
   <div class='ocr_carea' id='block_1_60' title="bbox 980 627 1765 662">
    <p class='ocr_par' dir='ltr' id='par_1_60' title="bbox 980 627 1765 662">
     <span class='ocr_line' id='line_1_61' title="bbox 980 627 1765 662; baseline 0 -8"><span class='ocrx_word' id='word_1_349' title='bbox 980 627 1128 661; x_wconf 81' lang='lat' dir='ltr'><strong>Clemente,</strong></span> <span class='ocrx_word' id='word_1_350' title='bbox 1148 628 1246 662; x_wconf 85' lang='lat' dir='ltr'><strong>inquit,</strong></span> <span class='ocrx_word' id='word_1_351' title='bbox 1261 632 1288 655; x_wconf 89' lang='lat' dir='ltr'><strong>et</strong></span> <span class='ocrx_word' id='word_1_352' title='bbox 1301 628 1408 655; x_wconf 62' lang='lat' dir='ltr'><strong>caeteris</strong></span> <span class='ocrx_word' id='word_1_353' title='bbox 1430 627 1598 662; x_wconf 85' lang='lat' dir='ltr'><strong>adjutoribus</strong></span> <span class='ocrx_word' id='word_1_354' title='bbox 1617 627 1685 655; x_wconf 89' lang='lat' dir='ltr'><strong>meis</strong></span> <span class='ocrx_word' id='word_1_355' title='bbox 1697 634 1765 662; x_wconf 56' lang='lat' dir='ltr'><strong>quo.</strong></span> 
     </span>
    </p>
   </div>
   <div class='ocr_carea' id='block_1_61' title="bbox 980 673 1487 700">
    <p class='ocr_par' dir='ltr' id='par_1_61' title="bbox 980 673 1487 700">
     <span class='ocr_line' id='line_1_62' title="bbox 980 673 1487 700; baseline -0.004 0"><span class='ocrx_word' id='word_1_356' title='bbox 980 680 1039 700; x_wconf 89' lang='lat' dir='ltr'><strong>rum</strong></span> <span class='ocrx_word' id='word_1_357' title='bbox 1056 673 1164 700; x_wconf 90' lang='lat' dir='ltr'><strong>nomina</strong></span> <span class='ocrx_word' id='word_1_358' title='bbox 1184 677 1248 700; x_wconf 93' lang='lat' dir='ltr'><strong>sunt</strong></span> <span class='ocrx_word' id='word_1_359' title='bbox 1261 673 1288 700; x_wconf 88' lang='lat' dir='ltr'><strong>in</strong></span> <span class='ocrx_word' id='word_1_360' title='bbox 1305 673 1372 700; x_wconf 89' lang='lat' dir='ltr'><strong>libro</strong></span> <span class='ocrx_word' id='word_1_361' title='bbox 1383 673 1455 700; x_wconf 76' lang='lat' dir='ltr'><strong>vitae.</strong></span> <span class='ocrx_word' id='word_1_362' title='bbox 1477 682 1487 698; x_wconf 73' lang='grc' dir='ltr'>ι</span> 
     </span>
    </p>
   </div>
   <div class='ocr_carea' id='block_1_62' title="bbox 1235 717 1507 754">
    <p class='ocr_par' dir='ltr' id='par_1_62' title="bbox 1235 717 1507 754">
     <span class='ocr_line' id='line_1_63' title="bbox 1235 717 1507 754; baseline -0.004 -9"><span class='ocrx_word' id='word_1_363' title='bbox 1235 719 1291 754; x_wconf 74' lang='lat' dir='ltr'><strong><em>ss</em></strong></span> <span class='ocrx_word' id='word_1_364' title='bbox 1307 718 1420 746; x_wconf 80' lang='lat' dir='ltr'><strong>CAPUT</strong></span> <span class='ocrx_word' id='word_1_365' title='bbox 1438 717 1507 745; x_wconf 80' lang='lat' dir='ltr'><strong>xvt.</strong></span> 
     </span>
    </p>
   </div>
   <div class='ocr_carea' id='block_1_63' title="bbox 1207 763 1529 798">
    <p class='ocr_par' dir='ltr' id='par_1_63' title="bbox 1207 763 1529 798">
     <span class='ocr_line' id='line_1_64' title="bbox 1207 763 1529 798; baseline 0.003 -7"><span class='ocrx_word' id='word_1_366' title='bbox 1207 763 1246 791; x_wconf 87' lang='lat' dir='ltr'><strong>De</strong></span> <span class='ocrx_word' id='word_1_367' title='bbox 1257 764 1367 798; x_wconf 77' lang='lat' dir='ltr'><strong>epistola</strong></span> <span class='ocrx_word' id='word_1_368' title='bbox 1378 764 1529 793; x_wconf 79' lang='lat' dir='ltr'><strong>Clementis.</strong></span> 
     </span>
    </p>
   </div>
   <div class='ocr_carea' id='block_1_64' title="bbox 1015 810 1765 845">
    <p class='ocr_par' dir='ltr' id='par_1_64' title="bbox 1015 810 1765 845">
     <span class='ocr_line' id='line_1_65' title="bbox 1015 810 1765 845; baseline 0.003 -9"><span class='ocrx_word' id='word_1_369' title='bbox 1015 810 1100 845; x_wconf 82' lang='lat' dir='ltr'><strong>Hujus</strong></span> <span class='ocrx_word' id='word_1_370' title='bbox 1115 810 1262 838; x_wconf 84' lang='lat' dir='ltr'><strong>Clementis</strong></span> <span class='ocrx_word' id='word_1_371' title='bbox 1288 814 1376 838; x_wconf 81' lang='lat' dir='ltr'><strong>exstat</strong></span> <span class='ocrx_word' id='word_1_372' title='bbox 1395 810 1508 845; x_wconf 83' lang='lat' dir='ltr'><strong>epistola</strong></span> <span class='ocrx_word' id='word_1_373' title='bbox 1524 811 1558 837; x_wconf 89' lang='lat' dir='ltr'><strong>ab</strong></span> <span class='ocrx_word' id='word_1_374' title='bbox 1574 810 1700 838; x_wconf 79' lang='lat' dir='ltr'><strong>omnibus</strong></span> <span class='ocrx_word' id='word_1_375' title='bbox 1712 818 1765 838; x_wconf 91' lang='lat' dir='ltr'><strong>uno</strong></span> 
     </span>
    </p>
   </div>
   <div class='ocr_carea' id='block_1_65' title="bbox 979 856 1764 891">
    <p class='ocr_par' dir='ltr' id='par_1_65' title="bbox 979 856 1764 891">
     <span class='ocr_line' id='line_1_66' title="bbox 979 856 1764 891; baseline 0 -7"><span class='ocrx_word' id='word_1_376' title='bbox 979 864 1111 884; x_wconf 82' lang='lat' dir='ltr'><strong>consensu</strong></span> <span class='ocrx_word' id='word_1_377' title='bbox 1126 861 1235 890; x_wconf 77' lang='lat' dir='ltr'><strong>recepta</strong></span> <span class='ocrx_word' id='word_1_378' title='bbox 1254 866 1259 883; x_wconf 91' lang='lat'>:</span> <span class='ocrx_word' id='word_1_379' title='bbox 1276 856 1375 883; x_wconf 79' lang='lat' dir='ltr'><strong>eximia</strong></span> <span class='ocrx_word' id='word_1_380' title='bbox 1392 864 1503 891; x_wconf 84' lang='lat' dir='ltr'><strong>prorsus</strong></span> <span class='ocrx_word' id='word_1_381' title='bbox 1525 860 1606 891; x_wconf 88' lang='lat' dir='ltr'><strong>atque</strong></span> <span class='ocrx_word' id='word_1_382' title='bbox 1620 856 1764 888; x_wconf 83' lang='lat' dir='ltr'><strong>mirabilis.</strong></span> 
     </span>
    </p>
   </div>
   <div class='ocr_carea' id='block_1_66' title="bbox 979 901 1764 935">
    <p class='ocr_par' dir='ltr' id='par_1_66' title="bbox 979 901 1764 935">
     <span class='ocr_line' id='line_1_67' title="bbox 979 901 1764 935; baseline 0 -7"><span class='ocrx_word' id='word_1_383' title='bbox 979 910 1059 935; x_wconf 81' lang='lat' dir='ltr'><strong>quain</strong></span> <span class='ocrx_word' id='word_1_384' title='bbox 1081 901 1189 928; x_wconf 84' lang='lat' dir='ltr'><strong>nomine</strong></span> <span class='ocrx_word' id='word_1_385' title='bbox 1211 901 1343 929; x_wconf 74' lang='lat' dir='ltr'><strong>Ecclesia:</strong></span> <span class='ocrx_word' id='word_1_386' title='bbox 1368 902 1497 929; x_wconf 77' lang='lat' dir='ltr'><strong>Romana:</strong></span> <span class='ocrx_word' id='word_1_387' title='bbox 1510 901 1544 929; x_wconf 80' lang='lat' dir='ltr'><strong>ad</strong></span> <span class='ocrx_word' id='word_1_388' title='bbox 1561 901 1764 928; x_wconf 90' lang='lat' dir='ltr'><strong>Corinthiorum</strong></span> 
     </span>
    </p>
   </div>
   <div class='ocr_carea' id='block_1_67' title="bbox 981 947 1765 982">
    <p class='ocr_par' dir='ltr' id='par_1_67' title="bbox 981 947 1765 982">
     <span class='ocr_line' id='line_1_68' title="bbox 981 947 1765 982; baseline -0.001 -7"><span class='ocrx_word' id='word_1_389' title='bbox 981 947 1129 975; x_wconf 80' lang='lat' dir='ltr'><strong>Ecclesiatn</strong></span> <span class='ocrx_word' id='word_1_390' title='bbox 1149 947 1268 982; x_wconf 87' lang='lat' dir='ltr'><strong>scripsit,</strong></span> <span class='ocrx_word' id='word_1_391' title='bbox 1282 955 1343 974; x_wconf 92' lang='lat' dir='ltr'><strong>cum</strong></span> <span class='ocrx_word' id='word_1_392' title='bbox 1361 948 1431 981; x_wconf 88' lang='lat' dir='ltr'><strong>apud</strong></span> <span class='ocrx_word' id='word_1_393' title='bbox 1449 954 1496 974; x_wconf 89' lang='lat' dir='ltr'><strong>eos</strong></span> <span class='ocrx_word' id='word_1_394' title='bbox 1518 948 1608 982; x_wconf 75' lang='lat' dir='ltr'><strong>gravis</strong></span> <span class='ocrx_word' id='word_1_395' title='bbox 1628 952 1699 974; x_wconf 82' lang='lat' dir='ltr'><strong>esset</strong></span> <span class='ocrx_word' id='word_1_396' title='bbox 1715 954 1765 974; x_wconf 78' lang='lat' dir='ltr'><strong>cx-</strong></span> 
     </span>
    </p>
   </div>
   <div class='ocr_carea' id='block_1_68' title="bbox 980 992 1766 1027">
    <p class='ocr_par' dir='ltr' id='par_1_68' title="bbox 980 992 1766 1027">
     <span class='ocr_line' id='line_1_69' title="bbox 980 992 1766 1027; baseline -0.001 -6"><span class='ocrx_word' id='word_1_397' title='bbox 980 999 1040 1021; x_wconf 81' lang='lat' dir='ltr'><strong>orta</strong></span> <span class='ocrx_word' id='word_1_398' title='bbox 1053 993 1197 1020; x_wconf 83' lang='lat' dir='ltr'><strong>dissensio.</strong></span> <span class='ocrx_word' id='word_1_399' title='bbox 1214 993 1288 1020; x_wconf 86' lang='lat' dir='ltr'><strong>llanc</strong></span> <span class='ocrx_word' id='word_1_400' title='bbox 1301 993 1326 1020; x_wconf 94' lang='lat' dir='ltr'><strong>in</strong></span> <span class='ocrx_word' id='word_1_401' title='bbox 1343 992 1480 1027; x_wconf 86' lang='lat' dir='ltr'><strong>plerisque</strong></span> <span class='ocrx_word' id='word_1_402' title='bbox 1493 992 1617 1020; x_wconf 81' lang='lat' dir='ltr'><strong>ccclesiis</strong></span> <span class='ocrx_word' id='word_1_403' title='bbox 1633 997 1659 1019; x_wconf 88' lang='lat' dir='ltr'><strong>ct</strong></span> <span class='ocrx_word' id='word_1_404' title='bbox 1673 997 1766 1020; x_wconf 77' lang='lat' dir='ltr'><strong>nostra</strong></span> 
     </span>
    </p>
   </div>
   <div class='ocr_carea' id='block_1_69' title="bbox 979 1038 1766 1074">
    <p class='ocr_par' dir='ltr' id='par_1_69' title="bbox 979 1038 1766 1074">
     <span class='ocr_line' id='line_1_70' title="bbox 979 1038 1766 1074; baseline -0.004 -7"><span class='ocrx_word' id='word_1_405' title='bbox 979 1045 1005 1067; x_wconf 85' lang='lat' dir='ltr'><strong>ct</strong></span> <span class='ocrx_word' id='word_1_406' title='bbox 1021 1039 1154 1074; x_wconf 89' lang='lat' dir='ltr'><strong>superiori</strong></span> <span class='ocrx_word' id='word_1_407' title='bbox 1185 1039 1316 1066; x_wconf 75' lang='lat' dir='ltr'><strong>memoria</strong></span> <span class='ocrx_word' id='word_1_408' title='bbox 1347 1039 1436 1073; x_wconf 88' lang='lat' dir='ltr'><strong>palam</strong></span> <span class='ocrx_word' id='word_1_409' title='bbox 1456 1038 1563 1065; x_wconf 87' lang='lat' dir='ltr'><strong>recitari</strong></span> <span class='ocrx_word' id='word_1_410' title='bbox 1589 1038 1766 1066; x_wconf 83' lang='lat' dir='ltr'><strong>consuevisse</strong></span> 
     </span>
    </p>
   </div>
   <div class='ocr_carea' id='block_1_70' title="bbox 979 1084 1766 1120">
    <p class='ocr_par' dir='ltr' id='par_1_70' title="bbox 979 1084 1766 1120">
     <span class='ocr_line' id='line_1_71' title="bbox 979 1084 1766 1120; baseline -0.004 -7"><span class='ocrx_word' id='word_1_411' title='bbox 979 1086 1170 1120; x_wconf 81' lang='lat' dir='ltr'><strong>cetnperitnus.</strong></span> <span class='ocrx_word' id='word_1_412' title='bbox 1191 1086 1276 1113; x_wconf 84' lang='lat' dir='ltr'><strong>Porro</strong></span> <span class='ocrx_word' id='word_1_413' title='bbox 1304 1085 1452 1120; x_wconf 83' lang='lat' dir='ltr'><strong>supradicti</strong></span> <span class='ocrx_word' id='word_1_414' title='bbox 1468 1084 1614 1112; x_wconf 73' lang='lat' dir='ltr'><strong>Clementis</strong></span> <span class='ocrx_word' id='word_1_415' title='bbox 1646 1088 1766 1118; x_wconf 85' lang='lat' dir='ltr'><strong>tempore</strong></span> 
     </span>
    </p>
   </div>
   <div class='ocr_carea' id='block_1_71' title="bbox 979 1130 1765 1164">
    <p class='ocr_par' dir='ltr' id='par_1_71' title="bbox 979 1130 1765 1164">
     <span class='ocr_line' id='line_1_72' title="bbox 979 1130 1765 1164; baseline -0.001 -6"><span class='ocrx_word' id='word_1_416' title='bbox 979 1130 1141 1158; x_wconf 83' lang='lat' dir='ltr'><strong>seditionem</strong></span> <span class='ocrx_word' id='word_1_417' title='bbox 1157 1131 1228 1158; x_wconf 89' lang='lat' dir='ltr'><strong>inter</strong></span> <span class='ocrx_word' id='word_1_418' title='bbox 1242 1130 1396 1157; x_wconf 87' lang='lat' dir='ltr'><strong>Corinthios</strong></span> <span class='ocrx_word' id='word_1_419' title='bbox 1413 1137 1474 1157; x_wconf 89' lang='lat' dir='ltr'><strong>esse</strong></span> <span class='ocrx_word' id='word_1_420' title='bbox 1492 1135 1669 1164; x_wconf 88' lang='lat' dir='ltr'><strong>commotam,</strong></span> <span class='ocrx_word' id='word_1_421' title='bbox 1690 1130 1765 1158; x_wconf 72' lang='lat' dir='ltr'><strong>locu-</strong></span> 
     </span>
    </p>
   </div>
   <div class='ocr_carea' id='block_1_72' title="bbox 981 1174 1500 1211">
    <p class='ocr_par' dir='ltr' id='par_1_72' title="bbox 981 1174 1500 1211">
     <span class='ocr_line' id='line_1_73' title="bbox 981 1174 1500 1211; baseline -0.006 -8"><span class='ocrx_word' id='word_1_422' title='bbox 981 1176 1149 1211; x_wconf 88' lang='lat' dir='ltr'><strong>pletissimus</strong></span> <span class='ocrx_word' id='word_1_423' title='bbox 1167 1175 1244 1203; x_wconf 85' lang='lat' dir='ltr'><strong>testis</strong></span> <span class='ocrx_word' id='word_1_424' title='bbox 1265 1180 1306 1202; x_wconf 87' lang='lat' dir='ltr'><strong>est</strong></span> <span class='ocrx_word' id='word_1_425' title='bbox 1324 1174 1500 1209; x_wconf 80' lang='lat' dir='ltr'><strong>liegesippus.</strong></span> 
     </span>
    </p>
   </div>
   <div class='ocr_carea' id='block_1_73' title="bbox 1261 1218 1482 1248">
    <p class='ocr_par' dir='ltr' id='par_1_73' title="bbox 1261 1218 1482 1248">
     <span class='ocr_line' id='line_1_74' title="bbox 1261 1218 1482 1248; baseline -0.014 0"><span class='ocrx_word' id='word_1_426' title='bbox 1261 1219 1375 1248; x_wconf 79' lang='lat' dir='ltr'><strong>CAPUT</strong></span> <span class='ocrx_word' id='word_1_427' title='bbox 1401 1218 1482 1246; x_wconf 74' lang='lat' dir='ltr'>XVII.</span> 
     </span>
    </p>
   </div>
   <div class='ocr_carea' id='block_1_74' title="bbox 1026 1263 1718 1299">
    <p class='ocr_par' dir='ltr' id='par_1_74' title="bbox 1026 1263 1718 1299">
     <span class='ocr_line' id='line_1_75' title="bbox 1026 1263 1718 1299; baseline -0.001 -7"><span class='ocrx_word' id='word_1_428' title='bbox 1026 1265 1063 1292; x_wconf 88' lang='lat' dir='ltr'><strong>De</strong></span> <span class='ocrx_word' id='word_1_429' title='bbox 1075 1265 1252 1299; x_wconf 73' lang='lat' dir='ltr'><strong>persecutione</strong></span> <span class='ocrx_word' id='word_1_430' title='bbox 1265 1264 1478 1291; x_wconf 80' lang='lat' dir='ltr'><strong>Christianorum</strong></span> <span class='ocrx_word' id='word_1_431' title='bbox 1494 1264 1541 1291; x_wconf 87' lang='lat' dir='ltr'><strong>sub</strong></span> <span class='ocrx_word' id='word_1_432' title='bbox 1555 1263 1718 1291; x_wconf 85' lang='lat' dir='ltr'><strong>Domitiano.</strong></span> 
     </span>
    </p>
   </div>
   <div class='ocr_carea' id='block_1_75' title="bbox 1015 1309 1765 1344">
    <p class='ocr_par' dir='ltr' id='par_1_75' title="bbox 1015 1309 1765 1344">
     <span class='ocr_line' id='line_1_76' title="bbox 1015 1309 1765 1344; baseline 0 -7"><span class='ocrx_word' id='word_1_433' title='bbox 1015 1311 1049 1337; x_wconf 79' lang='lat' dir='ltr'><strong>At</strong></span> <span class='ocrx_word' id='word_1_434' title='bbox 1063 1311 1235 1338; x_wconf 87' lang='lat' dir='ltr'><strong>Domitianus</strong></span> <span class='ocrx_word' id='word_1_435' title='bbox 1250 1317 1313 1337; x_wconf 87' lang='lat' dir='ltr'><strong>cum</strong></span> <span class='ocrx_word' id='word_1_436' title='bbox 1328 1309 1383 1344; x_wconf 86' lang='lat' dir='ltr'><strong>jam</strong></span> <span class='ocrx_word' id='word_1_437' title='bbox 1395 1309 1477 1336; x_wconf 87' lang='lat' dir='ltr'><strong>ntulta</strong></span> <span class='ocrx_word' id='word_1_438' title='bbox 1495 1309 1520 1336; x_wconf 93' lang='lat' dir='ltr'><strong>in</strong></span> <span class='ocrx_word' id='word_1_439' title='bbox 1545 1309 1645 1335; x_wconf 89' lang='lat' dir='ltr'><strong>multos</strong></span> <span class='ocrx_word' id='word_1_440' title='bbox 1669 1309 1765 1337; x_wconf 81' lang='lat' dir='ltr'><strong>crude-</strong></span> 
     </span>
    </p>
   </div>
   <div class='ocr_carea' id='block_1_76' title="bbox 979 1354 1763 1390">
    <p class='ocr_par' dir='ltr' id='par_1_76' title="bbox 979 1354 1763 1390">
     <span class='ocr_line' id='line_1_77' title="bbox 979 1354 1763 1390; baseline -0.003 -7"><span class='ocrx_word' id='word_1_441' title='bbox 979 1356 1063 1383; x_wconf 84' lang='lat' dir='ltr'><strong>litatis</strong></span> <span class='ocrx_word' id='word_1_442' title='bbox 1080 1363 1136 1383; x_wconf 85' lang='lat' dir='ltr'><strong>snae</strong></span> <span class='ocrx_word' id='word_1_443' title='bbox 1149 1355 1297 1390; x_wconf 84' lang='lat' dir='ltr'><strong>specimina</strong></span> <span class='ocrx_word' id='word_1_444' title='bbox 1327 1355 1468 1386; x_wconf 83' lang='lat' dir='ltr'><strong>edidisset,</strong></span> <span class='ocrx_word' id='word_1_445' title='bbox 1493 1361 1542 1381; x_wconf 87' lang='lat' dir='ltr'><strong>nec</strong></span> <span class='ocrx_word' id='word_1_446' title='bbox 1570 1361 1669 1389; x_wconf 88' lang='lat' dir='ltr'><strong>paucos</strong></span> <span class='ocrx_word' id='word_1_447' title='bbox 1685 1354 1763 1381; x_wconf 86' lang='lat' dir='ltr'><strong>noni-</strong></span> 
     </span>
    </p>
   </div>
   <div class='ocr_carea' id='block_1_77' title="bbox 979 1399 1767 1435">
    <p class='ocr_par' dir='ltr' id='par_1_77' title="bbox 979 1399 1767 1435">
     <span class='ocr_line' id='line_1_78' title="bbox 979 1399 1767 1435; baseline -0.004 -6"><span class='ocrx_word' id='word_1_448' title='bbox 979 1402 1043 1430; x_wconf 90' lang='lat' dir='ltr'><strong>liutn</strong></span> <span class='ocrx_word' id='word_1_449' title='bbox 1063 1406 1144 1435; x_wconf 82' lang='lat' dir='ltr'><strong>atque</strong></span> <span class='ocrx_word' id='word_1_450' title='bbox 1161 1401 1306 1428; x_wconf 89' lang='lat' dir='ltr'><strong>illustrium</strong></span> <span class='ocrx_word' id='word_1_451' title='bbox 1324 1400 1445 1427; x_wconf 91' lang='lat' dir='ltr'><strong>virorum</strong></span> <span class='ocrx_word' id='word_1_452' title='bbox 1466 1400 1541 1427; x_wconf 89' lang='lat' dir='ltr'><strong>urhis</strong></span> <span class='ocrx_word' id='word_1_453' title='bbox 1562 1400 1653 1426; x_wconf 66' lang='lat' dir='ltr'><strong>Romae</strong></span> <span class='ocrx_word' id='word_1_454' title='bbox 1666 1399 1767 1434; x_wconf 82' lang='lat' dir='ltr'><strong>injuste</strong></span> 
     </span>
    </p>
   </div>
   <div class='ocr_carea' id='block_1_78' title="bbox 980 1444 1766 1480">
    <p class='ocr_par' dir='ltr' id='par_1_78' title="bbox 980 1444 1766 1480">
     <span class='ocr_line' id='line_1_79' title="bbox 980 1444 1766 1480; baseline -0.004 -5"><span class='ocrx_word' id='word_1_455' title='bbox 980 1447 1174 1479; x_wconf 84' lang='lat' dir='ltr'><strong>interemisset,</strong></span> <span class='ocrx_word' id='word_1_456' title='bbox 1186 1446 1254 1474; x_wconf 84' lang='lat' dir='ltr'><strong>alios</strong></span> <span class='ocrx_word' id='word_1_457' title='bbox 1266 1450 1398 1480; x_wconf 61' lang='lat' dir='ltr'><strong>praeterea</strong></span> <span class='ocrx_word' id='word_1_458' title='bbox 1415 1444 1627 1472; x_wconf 89' lang='lat' dir='ltr'><strong>innumerabiles</strong></span> <span class='ocrx_word' id='word_1_459' title='bbox 1651 1451 1766 1472; x_wconf 69' lang='lat' dir='ltr'><strong>summa)</strong></span> 
     </span>
    </p>
   </div>
   <div class='ocr_carea' id='block_1_79' title="bbox 980 1490 1766 1528">
    <p class='ocr_par' dir='ltr' id='par_1_79' title="bbox 980 1490 1766 1528">
     <span class='ocr_line' id='line_1_80' title="bbox 980 1490 1766 1528; baseline -0.006 -7"><span class='ocrx_word' id='word_1_460' title='bbox 980 1493 1197 1528; x_wconf 76' lang='lat' dir='ltr'><strong>dignitatisviros</strong></span> <span class='ocrx_word' id='word_1_461' title='bbox 1208 1492 1270 1519; x_wconf 88' lang='lat' dir='ltr'><strong>licet</strong></span> <span class='ocrx_word' id='word_1_462' title='bbox 1283 1491 1402 1518; x_wconf 88' lang='lat' dir='ltr'><strong>insontes</strong></span> <span class='ocrx_word' id='word_1_463' title='bbox 1419 1490 1514 1518; x_wconf 84' lang='lat' dir='ltr'><strong>exsilio</strong></span> <span class='ocrx_word' id='word_1_464' title='bbox 1524 1495 1552 1517; x_wconf 90' lang='lat' dir='ltr'><strong>et</strong></span> <span class='ocrx_word' id='word_1_465' title='bbox 1563 1490 1694 1517; x_wconf 88' lang='lat' dir='ltr'><strong>bottorum</strong></span> <span class='ocrx_word' id='word_1_466' title='bbox 1703 1497 1766 1524; x_wconf 68' lang='lat' dir='ltr'><strong>proo</strong></span> 
     </span>
    </p>
   </div>
   <div class='ocr_carea' id='block_1_80' title="bbox 980 1536 1765 1574">
    <p class='ocr_par' dir='ltr' id='par_1_80' title="bbox 980 1536 1765 1574">
     <span class='ocr_line' id='line_1_81' title="bbox 980 1536 1765 1574; baseline -0.005 -8"><span class='ocrx_word' id='word_1_467' title='bbox 980 1539 1128 1574; x_wconf 84' lang='lat' dir='ltr'><strong>scriptione</strong></span> <span class='ocrx_word' id='word_1_468' title='bbox 1143 1538 1299 1571; x_wconf 83' lang='lat' dir='ltr'><strong>multasset,</strong></span> <span class='ocrx_word' id='word_1_469' title='bbox 1316 1538 1348 1564; x_wconf 86' lang='lat' dir='ltr'><strong>ad</strong></span> <span class='ocrx_word' id='word_1_470' title='bbox 1367 1542 1520 1564; x_wconf 85' lang='lat' dir='ltr'><strong>extremum</strong></span> <span class='ocrx_word' id='word_1_471' title='bbox 1538 1536 1699 1563; x_wconf 77' lang='lat' dir='ltr'><strong>Neronianae</strong></span> <span class='ocrx_word' id='word_1_472' title='bbox 1714 1536 1765 1562; x_wconf 84' lang='lat' dir='ltr'><strong>iut-</strong></span> 
     </span>
    </p>
   </div>
   <div class='ocr_carea' id='block_1_81' title="bbox 981 1581 1766 1619">
    <p class='ocr_par' dir='ltr' id='par_1_81' title="bbox 981 1581 1766 1619">
     <span class='ocr_line' id='line_1_82' title="bbox 981 1581 1766 1619; baseline -0.003 -9"><span class='ocrx_word' id='word_1_473' title='bbox 981 1584 1101 1619; x_wconf 86' lang='lat' dir='ltr'><strong>pietatis,</strong></span> <span class='ocrx_word' id='word_1_474' title='bbox 1121 1584 1238 1618; x_wconf 85' lang='lat' dir='ltr'><strong>bellique</strong></span> <span class='ocrx_word' id='word_1_475' title='bbox 1253 1588 1281 1610; x_wconf 89' lang='lat' dir='ltr'><strong>et</strong></span> <span class='ocrx_word' id='word_1_476' title='bbox 1295 1583 1350 1611; x_wconf 88' lang='lat' dir='ltr'><strong>odii</strong></span> <span class='ocrx_word' id='word_1_477' title='bbox 1371 1583 1504 1609; x_wconf 68' lang='lat' dir='ltr'><strong>adversus</strong></span> <span class='ocrx_word' id='word_1_478' title='bbox 1532 1581 1615 1609; x_wconf 89' lang='lat' dir='ltr'><strong>Deum</strong></span> <span class='ocrx_word' id='word_1_479' title='bbox 1629 1601 1637 1614; x_wconf 94' lang='lat'><strong>,</strong></span> <span class='ocrx_word' id='word_1_480' title='bbox 1656 1589 1766 1609; x_wconf 84' lang='lat' dir='ltr'><strong>succes—</strong></span> 
     </span>
    </p>
   </div>
   <div class='ocr_carea' id='block_1_82' title="bbox 983 1627 1765 1666">
    <p class='ocr_par' dir='ltr' id='par_1_82' title="bbox 983 1627 1765 1666">
     <span class='ocr_line' id='line_1_83' title="bbox 983 1627 1765 1666; baseline -0.005 -8"><span class='ocrx_word' id='word_1_481' title='bbox 983 1638 1072 1658; x_wconf 84' lang='lat' dir='ltr'><strong>sorem</strong></span> <span class='ocrx_word' id='word_1_482' title='bbox 1086 1630 1204 1666; x_wconf 91' lang='lat' dir='ltr'><strong>seipsum</strong></span> <span class='ocrx_word' id='word_1_483' title='bbox 1219 1629 1360 1665; x_wconf 83' lang='lat' dir='ltr'><strong>professus</strong></span> <span class='ocrx_word' id='word_1_484' title='bbox 1373 1633 1427 1656; x_wconf 89' lang='lat' dir='ltr'><strong>est.</strong></span> <span class='ocrx_word' id='word_1_485' title='bbox 1442 1628 1546 1663; x_wconf 84' lang='lat' dir='ltr'><strong>Quippe</strong></span> <span class='ocrx_word' id='word_1_486' title='bbox 1560 1628 1605 1655; x_wconf 89' lang='lat' dir='ltr'><strong>hic</strong></span> <span class='ocrx_word' id='word_1_487' title='bbox 1629 1627 1765 1655; x_wconf 81' lang='lat' dir='ltr'><strong>secundus</strong></span> 
     </span>
    </p>
   </div>
   <div class='ocr_carea' id='block_1_83' title="bbox 1609 734 1625 749">
    <p class='ocr_par' dir='ltr' id='par_1_83' title="bbox 1609 734 1625 749">
     <span class='ocr_line' id='line_1_84' title="bbox 1609 734 1625 749; baseline 0 -6"><span class='ocrx_word' id='word_1_488' title='bbox 1609 734 1625 749; x_wconf 52' lang='grc' dir='ltr'><strong>ο</strong></span> 
     </span>
    </p>
   </div>
   <div class='ocr_carea' id='block_1_84' title="bbox 982 1721 1765 1756">
    <p class='ocr_par' dir='ltr' id='par_1_84' title="bbox 982 1721 1765 1756">
     <span class='ocr_line' id='line_1_85' title="bbox 982 1721 1765 1756; baseline 0 -7"><span class='ocrx_word' id='word_1_489' title='bbox 982 1723 1077 1756; x_wconf 81' lang='lat' dir='ltr'><strong>incipit</strong></span> <span class='ocrx_word' id='word_1_490' title='bbox 1093 1723 1128 1750; x_wconf 88' lang='lat' dir='ltr'><strong>ab</strong></span> <span class='ocrx_word' id='word_1_491' title='bbox 1143 1723 1187 1750; x_wconf 86' lang='lat' dir='ltr'><strong>his</strong></span> <span class='ocrx_word' id='word_1_492' title='bbox 1199 1723 1289 1750; x_wconf 85' lang='lat' dir='ltr'><strong>verbis</strong></span> <span class='ocrx_word' id='word_1_493' title='bbox 1301 1732 1307 1749; x_wconf 93' lang='lat'>:</span> <span class='ocrx_word' id='word_1_494' title='bbox 1325 1722 1416 1749; x_wconf 85' lang='lat' dir='ltr'><strong>Verum</strong></span> <span class='ocrx_word' id='word_1_495' title='bbox 1430 1722 1462 1749; x_wconf 89' lang='lat' dir='ltr'><strong>de</strong></span> <span class='ocrx_word' id='word_1_496' title='bbox 1475 1721 1601 1749; x_wconf 80' lang='lat' dir='ltr'><strong>seditione</strong></span> <span class='ocrx_word' id='word_1_497' title='bbox 1613 1721 1683 1756; x_wconf 79' lang='lat' dir='ltr'><strong>facta</strong></span> <span class='ocrx_word' id='word_1_498' title='bbox 1695 1722 1765 1756; x_wconf 78' lang='lat' dir='ltr'><strong>apud</strong></span> 
     </span>
    </p>
   </div>
   <div class='ocr_carea' id='block_1_85' title="bbox 981 1756 1763 1793">
    <p class='ocr_par' dir='ltr' id='par_1_85' title="bbox 981 1756 1763 1793">
     <span class='ocr_line' id='line_1_86' title="bbox 981 1756 1763 1793; baseline -0.003 -7"><span class='ocrx_word' id='word_1_499' title='bbox 981 1757 1143 1791; x_wconf 73' lang='lat' dir='ltr'><strong>Corinthios,</strong></span> <span class='ocrx_word' id='word_1_500' title='bbox 1158 1759 1383 1793; x_wconf 81' lang='lat' dir='ltr'><strong>quemadmodum</strong></span> <span class='ocrx_word' id='word_1_501' title='bbox 1398 1759 1423 1784; x_wconf 92' lang='lat' dir='ltr'><strong>iu</strong></span> <span class='ocrx_word' id='word_1_502' title='bbox 1439 1757 1506 1784; x_wconf 84' lang='lat' dir='ltr'><strong>Maz.</strong></span> <span class='ocrx_word' id='word_1_503' title='bbox 1525 1764 1558 1783; x_wconf 88' lang='lat' dir='ltr'><strong>ac</strong></span> <span class='ocrx_word' id='word_1_504' title='bbox 1583 1756 1652 1793; x_wconf 77' lang='lat' dir='ltr'><strong>Fuk.</strong></span> <span class='ocrx_word' id='word_1_505' title='bbox 1675 1757 1763 1784; x_wconf 86' lang='lat' dir='ltr'><strong>codic.</strong></span> 
     </span>
    </p>
   </div>
   <div class='ocr_carea' id='block_1_86' title="bbox 981 1792 1765 1827">
    <p class='ocr_par' dir='ltr' id='par_1_86' title="bbox 981 1792 1765 1827">
     <span class='ocr_line' id='line_1_87' title="bbox 981 1792 1765 1827; baseline -0.001 -8"><span class='ocrx_word' id='word_1_506' title='bbox 981 1793 1081 1820; x_wconf 77' lang='lat' dir='ltr'><strong>factum</strong></span> <span class='ocrx_word' id='word_1_507' title='bbox 1097 1792 1250 1821; x_wconf 83' lang='lat' dir='ltr'><strong>observavi.</strong></span> <span class='ocrx_word' id='word_1_508' title='bbox 1271 1793 1415 1827; x_wconf 83' lang='lat' dir='ltr'><strong>Vulgarem</strong></span> <span class='ocrx_word' id='word_1_509' title='bbox 1440 1797 1529 1820; x_wconf 87' lang='lat' dir='ltr'><strong>tamen</strong></span> <span class='ocrx_word' id='word_1_510' title='bbox 1555 1792 1720 1827; x_wconf 81' lang='lat' dir='ltr'><strong>scripturam</strong></span> <span class='ocrx_word' id='word_1_511' title='bbox 1734 1800 1765 1819; x_wconf 83' lang='lat' dir='ltr'><strong>ac</strong></span> 
     </span>
    </p>
   </div>
   <div class='ocr_carea' id='block_1_87' title="bbox 981 1828 1393 1862">
    <p class='ocr_par' dir='ltr' id='par_1_87' title="bbox 981 1828 1393 1862">
     <span class='ocr_line' id='line_1_88' title="bbox 981 1828 1393 1862; baseline -0.005 -7"><span class='ocrx_word' id='word_1_512' title='bbox 981 1828 1181 1856; x_wconf 84' lang='lat' dir='ltr'><strong>distinctionem</strong></span> <span class='ocrx_word' id='word_1_513' title='bbox 1198 1828 1283 1862; x_wconf 72' lang='lat' dir='ltr'><strong>magis</strong></span> <span class='ocrx_word' id='word_1_514' title='bbox 1298 1829 1393 1862; x_wconf 87' lang='lat' dir='ltr'><strong>probo.</strong></span> 
     </span>
    </p>
   </div>
   <div class='ocr_carea' id='block_1_88' title="bbox 1017 1861 1766 1899">
    <p class='ocr_par' dir='ltr' id='par_1_88' title="bbox 1017 1861 1766 1899">
     <span class='ocr_line' id='line_1_89' title="bbox 1017 1861 1766 1899; baseline -0.001 -10"><span class='ocrx_word' id='word_1_515' title='bbox 1017 1863 1059 1899; x_wconf 81' lang='lat'><strong>(97</strong></span> <span class='ocrx_word' id='word_1_516' title='bbox 1079 1863 1140 1889; x_wconf 80' lang='grc' dir='ltr'><strong>Τῶν</strong></span> <span class='ocrx_word' id='word_1_517' title='bbox 1161 1863 1210 1890; x_wconf 77' lang='grc' dir='ltr'><strong>ἐπὶ</strong></span> <span class='ocrx_word' id='word_1_518' title='bbox 1230 1861 1342 1898; x_wconf 72' lang='grc' dir='ltr'>Ῥώμης</span> <span class='ocrx_word' id='word_1_519' title='bbox 1362 1861 1558 1896; x_wconf 70' lang='grc' dir='ltr'><strong>εὐπατριδῶν.</strong></span> <span class='ocrx_word' id='word_1_520' title='bbox 1575 1861 1766 1899; x_wconf 74' lang='lat' dir='ltr'><strong>Christophor-</strong></span> 
     </span>
    </p>
   </div>
   <div class='ocr_carea' id='block_1_89' title="bbox 979 1896 1766 1932">
    <p class='ocr_par' dir='ltr' id='par_1_89' title="bbox 979 1896 1766 1932">
     <span class='ocr_line' id='line_1_90' title="bbox 979 1896 1766 1932; baseline -0.001 -7"><span class='ocrx_word' id='word_1_521' title='bbox 979 1896 1063 1926; x_wconf 83' lang='lat' dir='ltr'><strong>sonus</strong></span> <span class='ocrx_word' id='word_1_522' title='bbox 1087 1898 1214 1931; x_wconf 83' lang='lat' dir='ltr'><strong>patricios</strong></span> <span class='ocrx_word' id='word_1_523' title='bbox 1231 1896 1323 1930; x_wconf 68' lang='lat' dir='ltr'><strong>vertit,</strong></span> <span class='ocrx_word' id='word_1_524' title='bbox 1349 1905 1445 1932; x_wconf 78' lang='lat' dir='ltr'><strong>magno</strong></span> <span class='ocrx_word' id='word_1_525' title='bbox 1475 1905 1576 1924; x_wconf 83' lang='lat' dir='ltr'><strong>errore.</strong></span> <span class='ocrx_word' id='word_1_526' title='bbox 1596 1896 1645 1928; x_wconf 87' lang='lat' dir='ltr'><strong>Qui</strong></span> <span class='ocrx_word' id='word_1_527' title='bbox 1674 1902 1766 1924; x_wconf 81' lang='lat' dir='ltr'><strong>tamen</strong></span> 
     </span>
    </p>
   </div>
   <div class='ocr_carea' id='block_1_90' title="bbox 979 1931 1766 1967">
    <p class='ocr_par' dir='ltr' id='par_1_90' title="bbox 979 1931 1766 1967">
     <span class='ocr_line' id='line_1_91' title="bbox 979 1931 1766 1967; baseline -0.004 -7"><span class='ocrx_word' id='word_1_528' title='bbox 979 1941 1056 1960; x_wconf 90' lang='lat' dir='ltr'><strong>error</strong></span> <span class='ocrx_word' id='word_1_529' title='bbox 1069 1933 1221 1960; x_wconf 87' lang='lat' dir='ltr'><strong>communis</strong></span> <span class='ocrx_word' id='word_1_530' title='bbox 1235 1937 1277 1960; x_wconf 86' lang='lat' dir='ltr'><strong>est</strong></span> <span class='ocrx_word' id='word_1_531' title='bbox 1303 1933 1352 1967; x_wconf 86' lang='lat' dir='ltr'><strong>ipsi</strong></span> <span class='ocrx_word' id='word_1_532' title='bbox 1376 1931 1437 1959; x_wconf 87' lang='lat' dir='ltr'><strong>cum</strong></span> <span class='ocrx_word' id='word_1_533' title='bbox 1459 1933 1594 1967; x_wconf 77' lang='lat' dir='ltr'><strong>plerisque</strong></span> <span class='ocrx_word' id='word_1_534' title='bbox 1611 1931 1766 1967; x_wconf 72' lang='lat' dir='ltr'><strong>interpreti&lt;</strong></span> 
     </span>
    </p>
   </div>
   <div class='ocr_carea' id='block_1_91' title="bbox 979 1966 1765 2002">
    <p class='ocr_par' dir='ltr' id='par_1_91' title="bbox 979 1966 1765 2002">
     <span class='ocr_line' id='line_1_92' title="bbox 979 1966 1765 2002; baseline -0.003 -7"><span class='ocrx_word' id='word_1_535' title='bbox 979 1968 1031 1995; x_wconf 87' lang='lat' dir='ltr'><strong>bus</strong></span> <span class='ocrx_word' id='word_1_536' title='bbox 1044 1968 1139 1996; x_wconf 72' lang='lat' dir='ltr'><strong>Graece</strong></span> <span class='ocrx_word' id='word_1_537' title='bbox 1157 1966 1336 1995; x_wconf 79' lang='lat' dir='ltr'><strong>doctissimis.</strong></span> <span class='ocrx_word' id='word_1_538' title='bbox 1349 1967 1500 2002; x_wconf 49' lang='lat' dir='ltr'><strong>Gregorius</strong></span> <span class='ocrx_word' id='word_1_539' title='bbox 1525 1966 1765 2002; x_wconf 27' lang='lat' dir='ltr'><strong>Naziansettusﬂin</strong></span> 
     </span>
    </p>
   </div>
   <div class='ocr_carea' id='block_1_92' title="bbox 978 2000 1767 2039">
    <p class='ocr_par' dir='ltr' id='par_1_92' title="bbox 978 2000 1767 2039">
     <span class='ocr_line' id='line_1_93' title="bbox 978 2000 1767 2039; baseline -0.005 -9"><span class='ocrx_word' id='word_1_540' title='bbox 978 2004 1099 2039; x_wconf 82' lang='lat' dir='ltr'><strong>oratione</strong></span> <span class='ocrx_word' id='word_1_541' title='bbox 1113 2002 1305 2039; x_wconf 76' lang='grc' dir='ltr'><strong>18εΙῙαροἐνος</strong></span> <span class='ocrx_word' id='word_1_542' title='bbox 1324 2011 1366 2034; x_wconf 82' lang='grc' dir='ltr'><strong>τις</strong></span> <span class='ocrx_word' id='word_1_543' title='bbox 1385 2000 1419 2038; x_wconf 75' lang='grc' dir='ltr'>ἦν</span> <span class='ocrx_word' id='word_1_544' title='bbox 1443 2002 1496 2029; x_wconf 84' lang='grc' dir='ltr'><strong>τῶν</strong></span> <span class='ocrx_word' id='word_1_545' title='bbox 1518 2000 1696 2038; x_wconf 79' lang='grc' dir='ltr'><strong>εὐπατριδῶν.</strong></span> <span class='ocrx_word' id='word_1_546' title='bbox 1711 2001 1767 2027; x_wconf 76' lang='lat' dir='ltr'><strong>Bil-</strong></span> 
     </span>
    </p>
   </div>
   <div class='ocr_carea' id='block_1_93' title="bbox 982 2038 1764 2072">
    <p class='ocr_par' dir='ltr' id='par_1_93' title="bbox 982 2038 1764 2072">
     <span class='ocr_line' id='line_1_94' title="bbox 982 2038 1764 2072; baseline 0.003 -9"><span class='ocrx_word' id='word_1_547' title='bbox 982 2038 1034 2065; x_wconf 80' lang='lat' dir='ltr'><strong>Iius</strong></span> <span class='ocrx_word' id='word_1_548' title='bbox 1046 2038 1240 2071; x_wconf 80' lang='lat' dir='ltr'><strong>interpretatur</strong></span> <span class='ocrx_word' id='word_1_549' title='bbox 1250 2039 1361 2072; x_wconf 80' lang='lat' dir='ltr'><strong>patricio</strong></span> <span class='ocrx_word' id='word_1_550' title='bbox 1371 2046 1463 2072; x_wconf 76' lang='lat' dir='ltr'><strong>genere</strong></span> <span class='ocrx_word' id='word_1_551' title='bbox 1476 2043 1573 2069; x_wconf 84' lang='lat' dir='ltr'><strong>artant,</strong></span> <span class='ocrx_word' id='word_1_552' title='bbox 1590 2038 1764 2072; x_wconf 57' lang='lat' dir='ltr'><strong>pth-ignore.</strong></span> 
     </span>
    </p>
   </div>
   <div class='ocr_carea' id='block_1_94' title="bbox 981 2070 1763 2107">
    <p class='ocr_par' dir='ltr' id='par_1_94' title="bbox 981 2070 1763 2107">
     <span class='ocr_line' id='line_1_95' title="bbox 981 2070 1763 2107; baseline -0.001 -7"><span class='ocrx_word' id='word_1_553' title='bbox 981 2073 1053 2100; x_wconf 89' lang='lat' dir='ltr'><strong>Idem</strong></span> <span class='ocrx_word' id='word_1_554' title='bbox 1070 2070 1216 2107; x_wconf 70' lang='lat' dir='ltr'><strong>Gregorius</strong></span> <span class='ocrx_word' id='word_1_555' title='bbox 1229 2070 1254 2100; x_wconf 82' lang='lat' dir='ltr'><strong>in</strong></span> <span class='ocrx_word' id='word_1_556' title='bbox 1266 2070 1389 2099; x_wconf 74' lang='lat' dir='ltr'><strong>oratione</strong></span> <span class='ocrx_word' id='word_1_557' title='bbox 1400 2070 1610 2106; x_wconf 83' lang='lat' dir='ltr'><strong>quadragesima</strong></span> <span class='ocrx_word' id='word_1_558' title='bbox 1621 2081 1628 2099; x_wconf 89' lang='lat'><strong><em>:</em></strong></span> <span class='ocrx_word' id='word_1_559' title='bbox 1638 2070 1680 2105; x_wconf 82' lang='grc' dir='ltr'><strong>Μὴ</strong></span> <span class='ocrx_word' id='word_1_560' title='bbox 1690 2073 1763 2099; x_wconf 79' lang='grc' dir='ltr'><strong>ἀπα-</strong></span> 
     </span>
    </p>
   </div>
   <div class='ocr_carea' id='block_1_95' title="bbox 981 2107 1765 2144">
    <p class='ocr_par' dir='ltr' id='par_1_95' title="bbox 981 2107 1765 2144">
     <span class='ocr_line' id='line_1_96' title="bbox 981 2107 1765 2144; baseline 0.001 -10"><span class='ocrx_word' id='word_1_561' title='bbox 981 2107 1079 2144; x_wconf 55' lang='lat' dir='ltr'><strong>suam;</strong></span> <span class='ocrx_word' id='word_1_562' title='bbox 1091 2107 1326 2144; x_wconf 59' lang='grc' dir='ltr'>σμμϐαπτισθῆναι</span> <span class='ocrx_word' id='word_1_563' title='bbox 1340 2108 1446 2143; x_wconf 81' lang='grc' dir='ltr'><strong>πένητι,</strong></span> <span class='ocrx_word' id='word_1_564' title='bbox 1455 2107 1588 2144; x_wconf 27' lang='grc' dir='ltr'>γπλούσιος</span> <span class='ocrx_word' id='word_1_565' title='bbox 1599 2107 1646 2139; x_wconf 83' lang='grc' dir='ltr'><strong>ὢν,</strong></span> <span class='ocrx_word' id='word_1_566' title='bbox 1657 2108 1671 2133; x_wconf 84' lang='grc' dir='ltr'>ὁ</span> <span class='ocrx_word' id='word_1_567' title='bbox 1681 2108 1765 2135; x_wconf 85' lang='grc' dir='ltr'>εὐπα-</span> 
     </span>
    </p>
   </div>
   <div class='ocr_carea' id='block_1_96' title="bbox 981 2143 1765 2179">
    <p class='ocr_par' dir='ltr' id='par_1_96' title="bbox 981 2143 1765 2179">
     <span class='ocr_line' id='line_1_97' title="bbox 981 2143 1765 2179; baseline 0 -9"><span class='ocrx_word' id='word_1_568' title='bbox 981 2143 1074 2179; x_wconf 75' lang='grc' dir='ltr'>τρίδής</span> <span class='ocrx_word' id='word_1_569' title='bbox 1085 2143 1123 2178; x_wconf 79' lang='grc' dir='ltr'><strong>τῷ</strong></span> <span class='ocrx_word' id='word_1_570' title='bbox 1134 2143 1265 2177; x_wconf 85' lang='grc' dir='ltr'>δυσγενεῖ.</span> <span class='ocrx_word' id='word_1_571' title='bbox 1283 2143 1332 2170; x_wconf 91' lang='lat' dir='ltr'><strong>Hic</strong></span> <span class='ocrx_word' id='word_1_572' title='bbox 1349 2145 1430 2179; x_wconf 79' lang='lat' dir='ltr'><strong>etiam</strong></span> <span class='ocrx_word' id='word_1_573' title='bbox 1453 2143 1546 2170; x_wconf 82' lang='lat' dir='ltr'><strong>Bittius</strong></span> <span class='ocrx_word' id='word_1_574' title='bbox 1560 2144 1688 2179; x_wconf 76' lang='lat' dir='ltr'><strong>patricius</strong></span> <span class='ocrx_word' id='word_1_575' title='bbox 1701 2151 1765 2170; x_wconf 82' lang='lat' dir='ltr'><strong>ver-</strong></span> 
     </span>
    </p>
   </div>
   <div class='ocr_carea' id='block_1_97' title="bbox 981 2178 1765 2212">
    <p class='ocr_par' dir='ltr' id='par_1_97' title="bbox 981 2178 1765 2212">
     <span class='ocr_line' id='line_1_98' title="bbox 981 2178 1765 2212; baseline -0.001 -7"><span class='ocrx_word' id='word_1_576' title='bbox 981 2178 1022 2205; x_wconf 84' lang='lat' dir='ltr'><strong>tit.</strong></span> <span class='ocrx_word' id='word_1_577' title='bbox 1038 2179 1098 2205; x_wconf 73' lang='lat' dir='ltr'><strong>i&#39;ari</strong></span> <span class='ocrx_word' id='word_1_578' title='bbox 1122 2186 1217 2206; x_wconf 86' lang='lat' dir='ltr'><strong>errore</strong></span> <span class='ocrx_word' id='word_1_579' title='bbox 1245 2179 1327 2205; x_wconf 84' lang='lat' dir='ltr'><strong>vertit</strong></span> <span class='ocrx_word' id='word_1_580' title='bbox 1353 2178 1618 2212; x_wconf 79' lang='lat' dir='ltr'><strong>Christopltorsonus</strong></span> <span class='ocrx_word' id='word_1_581' title='bbox 1644 2178 1765 2205; x_wconf 82' lang='lat' dir='ltr'><strong>Socratis</strong></span> 
     </span>
    </p>
   </div>
   <div class='ocr_carea' id='block_1_98' title="bbox 138 2213 1766 2249">
    <p class='ocr_par' dir='ltr' id='par_1_98' title="bbox 138 2213 1766 2249">
     <span class='ocr_line' id='line_1_99' title="bbox 138 2213 1766 2249; baseline 0 -10"><span class='ocrx_word' id='word_1_582' title='bbox 138 2216 191 2245; x_wconf 85' lang='lat' dir='ltr'><strong>est,</strong></span> <span class='ocrx_word' id='word_1_583' title='bbox 206 2213 320 2249; x_wconf 77' lang='lat' dir='ltr'><strong>perinde</strong></span> <span class='ocrx_word' id='word_1_584' title='bbox 342 2220 374 2240; x_wconf 85' lang='lat' dir='ltr'><strong>ac</strong></span> <span class='ocrx_word' id='word_1_585' title='bbox 387 2213 522 2249; x_wconf 21' lang='lat' dir='ltr'><strong>_Annia_ttri,</strong></span> <span class='ocrx_word' id='word_1_586' title='bbox 542 2213 587 2247; x_wconf 91' lang='lat' dir='ltr'><strong>qui</strong></span> <span class='ocrx_word' id='word_1_587' title='bbox 606 2218 671 2240; x_wconf 84' lang='lat' dir='ltr'><strong>ante</strong></span> <span class='ocrx_word' id='word_1_588' title='bbox 682 2214 798 2241; x_wconf 85' lang='lat' dir='ltr'><strong>Aviliutn</strong></span> <span class='ocrx_word' id='word_1_589' title='bbox 813 2215 919 2249; x_wconf 76' lang='lat' dir='ltr'><strong>cpisco-</strong></span> <span class='ocrx_word' id='word_1_590' title='bbox 935 2217 957 2245; x_wconf 84' lang='lat'><strong>1)</strong></span> <span class='ocrx_word' id='word_1_591' title='bbox 972 2214 1059 2241; x_wconf 90' lang='lat' dir='ltr'><strong>locum</strong></span> <span class='ocrx_word' id='word_1_592' title='bbox 1083 2214 1108 2240; x_wconf 93' lang='lat' dir='ltr'><strong>in</strong></span> <span class='ocrx_word' id='word_1_593' title='bbox 1125 2213 1170 2240; x_wconf 91' lang='lat' dir='ltr'><strong>lib.</strong></span> <span class='ocrx_word' id='word_1_594' title='bbox 1189 2222 1225 2245; x_wconf 84' lang='lat' dir='ltr'><strong>vt,</strong></span> <span class='ocrx_word' id='word_1_595' title='bbox 1243 2213 1426 2249; x_wconf 19' lang='lat' dir='ltr'><strong>uhirJoanues</strong></span> <span class='ocrx_word' id='word_1_596' title='bbox 1448 2214 1657 2248; x_wconf 84' lang='lat' dir='ltr'><strong>Chrysostomus</strong></span> <span class='ocrx_word' id='word_1_597' title='bbox 1671 2214 1766 2240; x_wconf 88' lang='lat' dir='ltr'><strong>oriun-</strong></span> 
     </span>
    </p>
   </div>
   <div class='ocr_carea' id='block_1_99' title="bbox 139 2247 918 2285">
    <p class='ocr_par' dir='ltr' id='par_1_99' title="bbox 139 2247 918 2285">
     <span class='ocr_line' id='line_1_100' title="bbox 139 2247 918 2285; baseline 0.003 -11"><span class='ocrx_word' id='word_1_598' title='bbox 139 2254 189 2283; x_wconf 89' lang='lat' dir='ltr'><strong>pus</strong></span> <span class='ocrx_word' id='word_1_599' title='bbox 216 2247 319 2274; x_wconf 81' lang='lat' dir='ltr'><strong>fuerat.</strong></span> <span class='ocrx_word' id='word_1_600' title='bbox 344 2247 448 2285; x_wconf 48' lang='lat' dir='ltr'><strong>gviiius</strong></span> <span class='ocrx_word' id='word_1_601' title='bbox 474 2247 597 2285; x_wconf 85' lang='lat' dir='ltr'><strong>F_laccus,</strong></span> <span class='ocrx_word' id='word_1_602' title='bbox 626 2249 769 2285; x_wconf 62' lang='lat' dir='ltr'><strong>praefectus</strong></span> <span class='ocrx_word' id='word_1_603' title='bbox 797 2247 918 2285; x_wconf 62' lang='lat' dir='ltr'><strong>Afgypti,</strong></span> 
     </span>
    </p>
   </div>
   <div class='ocr_carea' id='block_1_100' title="bbox 140 2282 928 2318">
    <p class='ocr_par' dir='ltr' id='par_1_100' title="bbox 140 2282 928 2318">
     <span class='ocr_line' id='line_1_101' title="bbox 140 2282 928 2318; baseline 0.003 -9"><span class='ocrx_word' id='word_1_604' title='bbox 140 2288 306 2310; x_wconf 88' lang='lat' dir='ltr'><strong>memoratur</strong></span> <span class='ocrx_word' id='word_1_605' title='bbox 318 2290 333 2310; x_wconf 89' lang='lat' dir='ltr'><strong>a</strong></span> <span class='ocrx_word' id='word_1_606' title='bbox 348 2282 473 2310; x_wconf 90' lang='lat' dir='ltr'><strong>Philone.</strong></span> <span class='ocrx_word' id='word_1_607' title='bbox 487 2283 572 2310; x_wconf 84' lang='lat' dir='ltr'><strong>Porro</strong></span> <span class='ocrx_word' id='word_1_608' title='bbox 588 2282 707 2318; x_wconf 83' lang='lat' dir='ltr'><strong>capitum</strong></span> <span class='ocrx_word' id='word_1_609' title='bbox 720 2284 787 2311; x_wconf 90' lang='lat' dir='ltr'><strong>ordo</strong></span> <span class='ocrx_word' id='word_1_610' title='bbox 806 2282 859 2311; x_wconf 58' lang='lat' dir='ltr'><strong>hoc</strong></span> <span class='ocrx_word' id='word_1_611' title='bbox 869 2282 928 2312; x_wconf 86' lang='lat' dir='ltr'><strong>loco</strong></span> 
     </span>
    </p>
   </div>
   <div class='ocr_carea' id='block_1_101' title="bbox 139 2318 928 2353">
    <p class='ocr_par' dir='ltr' id='par_1_101' title="bbox 139 2318 928 2353">
     <span class='ocr_line' id='line_1_102' title="bbox 139 2318 928 2353; baseline 0.004 -9"><span class='ocrx_word' id='word_1_612' title='bbox 139 2318 315 2353; x_wconf 87' lang='lat' dir='ltr'><strong>perturbatus</strong></span> <span class='ocrx_word' id='word_1_613' title='bbox 337 2322 395 2345; x_wconf 86' lang='lat' dir='ltr'><strong>erat</strong></span> <span class='ocrx_word' id='word_1_614' title='bbox 417 2318 444 2345; x_wconf 92' lang='lat' dir='ltr'><strong>in</strong></span> <span class='ocrx_word' id='word_1_615' title='bbox 460 2318 651 2353; x_wconf 19' lang='lat' dir='ltr'><strong>reditionibus.</strong></span> <span class='ocrx_word' id='word_1_616' title='bbox 669 2318 734 2345; x_wconf 81' lang='lat' dir='ltr'><strong>Nam</strong></span> <span class='ocrx_word' id='word_1_617' title='bbox 753 2319 844 2353; x_wconf 87' lang='lat' dir='ltr'><strong>priore</strong></span> <span class='ocrx_word' id='word_1_618' title='bbox 868 2320 928 2347; x_wconf 90' lang='lat' dir='ltr'><strong>loco</strong></span> 
     </span>
    </p>
   </div>
   <div class='ocr_carea' id='block_1_102' title="bbox 139 2352 930 2387">
    <p class='ocr_par' dir='ltr' id='par_1_102' title="bbox 139 2352 930 2387">
     <span class='ocr_line' id='line_1_103' title="bbox 139 2352 930 2387; baseline 0.004 -8"><span class='ocrx_word' id='word_1_619' title='bbox 139 2352 257 2386; x_wconf 79' lang='lat' dir='ltr'><strong>positum</strong></span> <span class='ocrx_word' id='word_1_620' title='bbox 278 2358 338 2381; x_wconf 85' lang='lat' dir='ltr'><strong>erat</strong></span> <span class='ocrx_word' id='word_1_621' title='bbox 348 2358 430 2387; x_wconf 87' lang='lat' dir='ltr'><strong>caput</strong></span> <span class='ocrx_word' id='word_1_622' title='bbox 448 2352 514 2380; x_wconf 92' lang='lat' dir='ltr'><strong>illud</strong></span> <span class='ocrx_word' id='word_1_623' title='bbox 528 2353 562 2379; x_wconf 94' lang='lat' dir='ltr'><strong>de</strong></span> <span class='ocrx_word' id='word_1_624' title='bbox 575 2352 848 2385; x_wconf 41' lang='lat' dir='ltr'><strong>successione&#39;Avilii,</strong></span> <span class='ocrx_word' id='word_1_625' title='bbox 866 2355 930 2382; x_wconf 82' lang='lat' dir='ltr'><strong>Ale-</strong></span> 
     </span>
    </p>
   </div>
   <div class='ocr_carea' id='block_1_103' title="bbox 141 2388 928 2424">
    <p class='ocr_par' dir='ltr' id='par_1_103' title="bbox 141 2388 928 2424">
     <span class='ocr_line' id='line_1_104' title="bbox 141 2388 928 2424; baseline 0.004 -10"><span class='ocrx_word' id='word_1_626' title='bbox 141 2388 335 2424; x_wconf 80' lang='lat' dir='ltr'><strong>xandrinorum</strong></span> <span class='ocrx_word' id='word_1_627' title='bbox 348 2388 663 2424; x_wconf 65' lang='lat' dir='ltr'><strong>episcopigsequebatur</strong></span> <span class='ocrx_word' id='word_1_628' title='bbox 686 2389 783 2416; x_wconf 88' lang='lat' dir='ltr'><strong>deinde</strong></span> <span class='ocrx_word' id='word_1_629' title='bbox 800 2395 882 2424; x_wconf 87' lang='lat' dir='ltr'><strong>caput</strong></span> <span class='ocrx_word' id='word_1_630' title='bbox 895 2390 928 2417; x_wconf 92' lang='lat' dir='ltr'><strong>de</strong></span> 
     </span>
    </p>
   </div>
   <div class='ocr_carea' id='block_1_104' title="bbox 141 2422 928 2456">
    <p class='ocr_par' dir='ltr' id='par_1_104' title="bbox 141 2422 928 2456">
     <span class='ocr_line' id='line_1_105' title="bbox 141 2422 928 2456; baseline 0.003 -8"><span class='ocrx_word' id='word_1_631' title='bbox 141 2423 300 2456; x_wconf 82' lang='lat' dir='ltr'><strong>pontiﬁcatu</strong></span> <span class='ocrx_word' id='word_1_632' title='bbox 323 2423 476 2450; x_wconf 85' lang='lat' dir='ltr'><strong>Anencleti.</strong></span> <span class='ocrx_word' id='word_1_633' title='bbox 493 2422 548 2450; x_wconf 80' lang='lat' dir='ltr'><strong>Nos</strong></span> <span class='ocrx_word' id='word_1_634' title='bbox 565 2431 600 2449; x_wconf 85' lang='lat' dir='ltr'><strong>ex</strong></span> <span class='ocrx_word' id='word_1_635' title='bbox 615 2425 675 2451; x_wconf 72' lang='lat' dir='ltr'><strong>cod.</strong></span> <span class='ocrx_word' id='word_1_636' title='bbox 698 2424 769 2451; x_wconf 87' lang='lat' dir='ltr'><strong>Maz.</strong></span> <span class='ocrx_word' id='word_1_637' title='bbox 798 2422 928 2456; x_wconf 46' lang='lat' dir='ltr'><strong>et&#39;Fukq</strong></span> 
     </span>
    </p>
   </div>
   <div class='ocr_carea' id='block_1_105' title="bbox 141 2458 929 2487">
    <p class='ocr_par' dir='ltr' id='par_1_105' title="bbox 141 2458 929 2487">
     <span class='ocr_line' id='line_1_106' title="bbox 141 2458 929 2487; baseline 0.004 -3"><span class='ocrx_word' id='word_1_638' title='bbox 141 2464 234 2485; x_wconf 88' lang='lat' dir='ltr'><strong>verum</strong></span> <span class='ocrx_word' id='word_1_639' title='bbox 251 2458 375 2485; x_wconf 87' lang='lat' dir='ltr'><strong>ordinem</strong></span> <span class='ocrx_word' id='word_1_640' title='bbox 403 2458 581 2485; x_wconf 89' lang='lat' dir='ltr'><strong>restituimus.</strong></span> <span class='ocrx_word' id='word_1_641' title='bbox 607 2458 655 2486; x_wconf 88' lang='lat' dir='ltr'><strong>Est</strong></span> <span class='ocrx_word' id='word_1_642' title='bbox 678 2464 768 2486; x_wconf 85' lang='lat' dir='ltr'><strong>autem</strong></span> <span class='ocrx_word' id='word_1_643' title='bbox 785 2460 828 2487; x_wconf 93' lang='lat' dir='ltr'><strong>hic</strong></span> <span class='ocrx_word' id='word_1_644' title='bbox 852 2467 929 2487; x_wconf 91' lang='lat' dir='ltr'><strong>error</strong></span> 
     </span>
    </p>
   </div>
   <div class='ocr_carea' id='block_1_106' title="bbox 140 2493 930 2530">
    <p class='ocr_par' dir='ltr' id='par_1_106' title="bbox 140 2493 930 2530">
     <span class='ocr_line' id='line_1_107' title="bbox 140 2493 930 2530; baseline 0.004 -11"><span class='ocrx_word' id='word_1_645' title='bbox 140 2493 359 2530; x_wconf 63' lang='lat' dir='ltr'><strong>antiquissimus.</strong></span> <span class='ocrx_word' id='word_1_646' title='bbox 377 2493 447 2530; x_wconf 8' lang='lat' dir='ltr'><strong>Nam,</strong></span> <span class='ocrx_word' id='word_1_647' title='bbox 459 2499 487 2520; x_wconf 90' lang='lat' dir='ltr'><strong>et</strong></span> <span class='ocrx_word' id='word_1_648' title='bbox 511 2494 537 2520; x_wconf 93' lang='lat' dir='ltr'><strong>iu</strong></span> <span class='ocrx_word' id='word_1_649' title='bbox 552 2493 643 2530; x_wconf 84' lang='lat' dir='ltr'><strong>indice</strong></span> <span class='ocrx_word' id='word_1_650' title='bbox 660 2495 777 2530; x_wconf 79' lang='lat' dir='ltr'><strong>capitum</strong></span> <span class='ocrx_word' id='word_1_651' title='bbox 796 2495 842 2530; x_wconf 90' lang='lat' dir='ltr'><strong>qui</strong></span> <span class='ocrx_word' id='word_1_652' title='bbox 860 2503 930 2530; x_wconf 72' lang='lat' dir='ltr'><strong>pra:-</strong></span> 
     </span>
    </p>
   </div>
   <div class='ocr_carea' id='block_1_107' title="bbox 139 2526 929 2564">
    <p class='ocr_par' dir='ltr' id='par_1_107' title="bbox 139 2526 929 2564">
     <span class='ocr_line' id='line_1_108' title="bbox 139 2526 929 2564; baseline 0.003 -10"><span class='ocrx_word' id='word_1_653' title='bbox 139 2526 260 2564; x_wconf 61' lang='lat' dir='ltr'><strong>ﬁsusesl</strong></span> <span class='ocrx_word' id='word_1_654' title='bbox 281 2529 329 2556; x_wconf 88' lang='lat' dir='ltr'><strong>lib.</strong></span> <span class='ocrx_word' id='word_1_655' title='bbox 344 2537 386 2560; x_wconf 86' lang='grc' dir='ltr'>ιιι,</span> <span class='ocrx_word' id='word_1_656' title='bbox 399 2528 425 2555; x_wconf 95' lang='lat' dir='ltr'><strong>in</strong></span> <span class='ocrx_word' id='word_1_657' title='bbox 441 2529 668 2563; x_wconf 88' lang='lat' dir='ltr'><strong>ittterpretatione</strong></span> <span class='ocrx_word' id='word_1_658' title='bbox 680 2526 781 2564; x_wconf 70' lang='lat' dir='ltr'><strong>Ruﬁni,</strong></span> <span class='ocrx_word' id='word_1_659' title='bbox 793 2526 929 2557; x_wconf 63' lang='lat' dir='ltr'><strong>e&#39;tin&#39;om-</strong></span> 
     </span>
    </p>
   </div>
   <div class='ocr_carea' id='block_1_108' title="bbox 139 2562 928 2602">
    <p class='ocr_par' dir='ltr' id='par_1_108' title="bbox 139 2562 928 2602">
     <span class='ocr_line' id='line_1_109' title="bbox 139 2562 928 2602; baseline 0.003 -12"><span class='ocrx_word' id='word_1_660' title='bbox 139 2562 222 2602; x_wconf 74' lang='lat' dir='ltr'><strong>nibus</strong></span> <span class='ocrx_word' id='word_1_661' title='bbox 234 2562 564 2602; x_wconf 53' lang='lat' dir='ltr'><strong>Graecisjesemplaribus</strong></span> <span class='ocrx_word' id='word_1_662' title='bbox 579 2569 762 2602; x_wconf 77' lang='lat' dir='ltr'><strong>praeterquam</strong></span> <span class='ocrx_word' id='word_1_663' title='bbox 775 2562 818 2602; x_wconf 39' lang='lat' dir='ltr'><strong>’in</strong></span> <span class='ocrx_word' id='word_1_664' title='bbox 845 2564 928 2602; x_wconf 62' lang='lat' dir='ltr'><strong>Euk.,</strong></span> 
     </span>
    </p>
   </div>
   <div class='ocr_carea' id='block_1_109' title="bbox 141 2597 928 2635">
    <p class='ocr_par' dir='ltr' id='par_1_109' title="bbox 141 2597 928 2635">
     <span class='ocr_line' id='line_1_110' title="bbox 141 2597 928 2635; baseline 0.004 -11"><span class='ocrx_word' id='word_1_665' title='bbox 141 2597 211 2635; x_wconf 70' lang='lat' dir='ltr'><strong>idem</strong></span> <span class='ocrx_word' id='word_1_666' title='bbox 224 2606 304 2635; x_wconf 85' lang='lat' dir='ltr'><strong>error</strong></span> <span class='ocrx_word' id='word_1_667' title='bbox 317 2597 522 2635; x_wconf 52' lang='lat' dir='ltr'><strong>admissusest.</strong></span> <span class='ocrx_word' id='word_1_668' title='bbox 536 2597 591 2627; x_wconf 85' lang='lat' dir='ltr'><strong>Sed</strong></span> <span class='ocrx_word' id='word_1_669' title='bbox 607 2599 632 2626; x_wconf 93' lang='lat' dir='ltr'><strong>in</strong></span> <span class='ocrx_word' id='word_1_670' title='bbox 651 2597 767 2634; x_wconf 81' lang='lat' dir='ltr'><strong>corpore</strong></span> <span class='ocrx_word' id='word_1_671' title='bbox 784 2601 842 2635; x_wconf 87' lang='lat' dir='ltr'><strong>ipso</strong></span> <span class='ocrx_word' id='word_1_672' title='bbox 856 2600 928 2632; x_wconf 90' lang='lat' dir='ltr'><strong>libri,</strong></span> 
     </span>
    </p>
   </div>
   <div class='ocr_carea' id='block_1_110' title="bbox 139 2631 930 2672">
    <p class='ocr_par' dir='ltr' id='par_1_110' title="bbox 139 2631 930 2672">
     <span class='ocr_line' id='line_1_111' title="bbox 139 2631 930 2672; baseline 0.005 -13"><span class='ocrx_word' id='word_1_673' title='bbox 139 2631 208 2659; x_wconf 71' lang='grc' dir='ltr'><strong>Νη.</strong></span> <span class='ocrx_word' id='word_1_674' title='bbox 223 2634 320 2672; x_wconf 63' lang='grc' dir='ltr'><strong>ςοιιθξ,</strong></span> <span class='ocrx_word' id='word_1_675' title='bbox 334 2634 380 2672; x_wconf 85' lang='lat' dir='ltr'><strong>qui</strong></span> <span class='ocrx_word' id='word_1_676' title='bbox 394 2631 514 2668; x_wconf 85' lang='lat' dir='ltr'><strong>capitum</strong></span> <span class='ocrx_word' id='word_1_677' title='bbox 530 2635 623 2672; x_wconf 79' lang='lat' dir='ltr'><strong>titulos</strong></span> <span class='ocrx_word' id='word_1_678' title='bbox 636 2631 930 2672; x_wconf 49' lang='lat' dir='ltr'><strong>suis&#39;locisdiligenter</strong></span> 
     </span>
    </p>
   </div>
   <div class='ocr_carea' id='block_1_111' title="bbox 140 2668 805 2703">
    <p class='ocr_par' dir='ltr' id='par_1_111' title="bbox 140 2668 805 2703">
     <span class='ocr_line' id='line_1_112' title="bbox 140 2668 805 2703; baseline 0.005 -9"><span class='ocrx_word' id='word_1_679' title='bbox 140 2668 280 2702; x_wconf 78' lang='lat' dir='ltr'><strong>appositas</strong></span> <span class='ocrx_word' id='word_1_680' title='bbox 299 2668 392 2703; x_wconf 86' lang='lat' dir='ltr'><strong>habet,</strong></span> <span class='ocrx_word' id='word_1_681' title='bbox 407 2677 531 2697; x_wconf 87' lang='lat' dir='ltr'><strong>errorem</strong></span> <span class='ocrx_word' id='word_1_682' title='bbox 549 2670 622 2697; x_wconf 88' lang='lat' dir='ltr'><strong>hunc</strong></span> <span class='ocrx_word' id='word_1_683' title='bbox 639 2671 805 2697; x_wconf 89' lang='lat' dir='ltr'><strong>etnendavit.</strong></span> 
     </span>
    </p>
   </div>
   <div class='ocr_carea' id='block_1_112' title="bbox 175 2702 930 2740">
    <p class='ocr_par' dir='ltr' id='par_1_112' title="bbox 175 2702 930 2740">
     <span class='ocr_line' id='line_1_113' title="bbox 175 2702 930 2740; baseline 0.004 -10"><span class='ocrx_word' id='word_1_684' title='bbox 175 2702 229 2739; x_wconf 81' lang='lat'><strong>(96)</strong></span> <span class='ocrx_word' id='word_1_685' title='bbox 243 2703 372 2740; x_wconf 69' lang='grc' dir='ltr'><strong>Πολλὴν</strong></span> <span class='ocrx_word' id='word_1_686' title='bbox 392 2713 429 2740; x_wconf 72' lang='grc' dir='ltr'><strong><em>τε</em></strong></span> <span class='ocrx_word' id='word_1_687' title='bbox 438 2704 511 2739; x_wconf 80' lang='grc' dir='ltr'><strong>μήν.</strong></span> <span class='ocrx_word' id='word_1_688' title='bbox 535 2704 604 2732; x_wconf 87' lang='lat' dir='ltr'><strong>Male</strong></span> <span class='ocrx_word' id='word_1_689' title='bbox 619 2705 743 2732; x_wconf 55' lang='lat' dir='ltr'><strong>diutinus</strong></span> <span class='ocrx_word' id='word_1_690' title='bbox 765 2706 822 2733; x_wconf 53' lang='lat' dir='ltr'><strong>haec</strong></span> <span class='ocrx_word' id='word_1_691' title='bbox 848 2705 930 2733; x_wconf 87' lang='lat' dir='ltr'><strong>verba</strong></span> 
     </span>
    </p>
   </div>
   <div class='ocr_carea' id='block_1_113' title="bbox 140 2739 930 2775">
    <p class='ocr_par' dir='ltr' id='par_1_113' title="bbox 140 2739 930 2775">
     <span class='ocr_line' id='line_1_114' title="bbox 140 2739 930 2775; baseline 0.004 -10"><span class='ocrx_word' id='word_1_692' title='bbox 140 2744 197 2775; x_wconf 74' lang='lat' dir='ltr'><strong>esse</strong></span> <span class='ocrx_word' id='word_1_693' title='bbox 209 2741 318 2775; x_wconf 85' lang='lat' dir='ltr'><strong>putavit</strong></span> <span class='ocrx_word' id='word_1_694' title='bbox 339 2739 501 2775; x_wconf 74' lang='lat' dir='ltr'><strong>Hegesippi,</strong></span> <span class='ocrx_word' id='word_1_695' title='bbox 520 2747 601 2774; x_wconf 89' lang='lat' dir='ltr'><strong>quem</strong></span> <span class='ocrx_word' id='word_1_696' title='bbox 616 2740 643 2767; x_wconf 91' lang='lat' dir='ltr'><strong>in</strong></span> <span class='ocrx_word' id='word_1_697' title='bbox 659 2742 713 2768; x_wconf 87' lang='lat' dir='ltr'><strong>titte</strong></span> <span class='ocrx_word' id='word_1_698' title='bbox 723 2741 872 2775; x_wconf 84' lang='lat' dir='ltr'><strong>superioris</strong></span> <span class='ocrx_word' id='word_1_699' title='bbox 884 2748 930 2768; x_wconf 86' lang='lat' dir='ltr'><strong>ca-</strong></span> 
     </span>
    </p>
   </div>
   <div class='ocr_carea' id='block_1_114' title="bbox 158 2773 928 2810">
    <p class='ocr_par' dir='ltr' id='par_1_114' title="bbox 158 2773 928 2810">
     <span class='ocr_line' id='line_1_115' title="bbox 158 2773 928 2810; baseline 0.004 -11"><span class='ocrx_word' id='word_1_700' title='bbox 158 2773 202 2800; x_wconf 80' lang='lat' dir='ltr'><strong>itis</strong></span> <span class='ocrx_word' id='word_1_701' title='bbox 214 2774 338 2801; x_wconf 87' lang='lat' dir='ltr'><strong>laudavit</strong></span> <span class='ocrx_word' id='word_1_702' title='bbox 364 2773 509 2802; x_wconf 73' lang='lat' dir='ltr'><strong>Eusebius.</strong></span> <span class='ocrx_word' id='word_1_703' title='bbox 528 2773 565 2802; x_wconf 81' lang='lat' dir='ltr'><strong>Ex</strong></span> <span class='ocrx_word' id='word_1_704' title='bbox 582 2783 635 2810; x_wconf 92' lang='lat' dir='ltr'><strong>quo</strong></span> <span class='ocrx_word' id='word_1_705' title='bbox 655 2780 730 2810; x_wconf 87' lang='lat' dir='ltr'><strong>patet</strong></span> <span class='ocrx_word' id='word_1_706' title='bbox 749 2773 874 2803; x_wconf 79' lang='lat' dir='ltr'><strong>Rulinum</strong></span> <span class='ocrx_word' id='word_1_707' title='bbox 891 2775 928 2802; x_wconf 87' lang='lat' dir='ltr'><strong>ita</strong></span> 
     </span>
    </p>
   </div>
   <div class='ocr_carea' id='block_1_115' title="bbox 151 2809 928 2843">
    <p class='ocr_par' dir='ltr' id='par_1_115' title="bbox 151 2809 928 2843">
     <span class='ocr_line' id='line_1_116' title="bbox 151 2809 928 2843; baseline 0.005 -9"><span class='ocrx_word' id='word_1_708' title='bbox 151 2809 246 2842; x_wconf 75' lang='lat' dir='ltr'><strong>egisse,</strong></span> <span class='ocrx_word' id='word_1_709' title='bbox 263 2814 291 2836; x_wconf 91' lang='lat' dir='ltr'><strong>ut</strong></span> <span class='ocrx_word' id='word_1_710' title='bbox 312 2810 430 2837; x_wconf 82' lang='lat' dir='ltr'><strong>habetur</strong></span> <span class='ocrx_word' id='word_1_711' title='bbox 448 2810 473 2836; x_wconf 91' lang='lat' dir='ltr'><strong>in</strong></span> <span class='ocrx_word' id='word_1_712' title='bbox 491 2812 591 2837; x_wconf 87' lang='lat' dir='ltr'><strong>nostris</strong></span> <span class='ocrx_word' id='word_1_713' title='bbox 608 2809 747 2838; x_wconf 83' lang='lat' dir='ltr'><strong>codicibus</strong></span> <span class='ocrx_word' id='word_1_714' title='bbox 761 2811 842 2843; x_wconf 84' lang='lat' dir='ltr'><strong>Maz.,</strong></span> <span class='ocrx_word' id='word_1_715' title='bbox 858 2810 928 2838; x_wconf 83' lang='lat' dir='ltr'><strong>Med.</strong></span> 
     </span>
    </p>
   </div>
   <div class='ocr_carea' id='block_1_116' title="bbox 140 2844 928 2882">
    <p class='ocr_par' dir='ltr' id='par_1_116' title="bbox 140 2844 928 2882">
     <span class='ocr_line' id='line_1_117' title="bbox 140 2844 928 2882; baseline 0.004 -12"><span class='ocrx_word' id='word_1_716' title='bbox 140 2850 168 2869; x_wconf 81' lang='lat' dir='ltr'><strong>ac</strong></span> <span class='ocrx_word' id='word_1_717' title='bbox 182 2844 195 2870; x_wconf 62' lang='grc' dir='ltr'><strong>Ι4</strong></span> <span class='ocrx_word' id='word_1_718' title='bbox 203 2844 259 2882; x_wconf 59' lang='grc' dir='ltr'><strong>υΙί.Ρ</strong></span> <span class='ocrx_word' id='word_1_719' title='bbox 269 2844 403 2882; x_wconf 77' lang='grc' dir='ltr'>μάρτυςρ</span> <span class='ocrx_word' id='word_1_720' title='bbox 417 2845 591 2880; x_wconf 82' lang='grc' dir='ltr'>Ἡγήσιππος</span> <span class='ocrx_word' id='word_1_721' title='bbox 601 2845 698 2882; x_wconf 73' lang='grc' dir='ltr'><strong>λέγων*</strong></span> <span class='ocrx_word' id='word_1_722' title='bbox 710 2845 813 2881; x_wconf 82' lang='grc' dir='ltr'>Πολλὴν</span> <span class='ocrx_word' id='word_1_723' title='bbox 822 2854 853 2880; x_wconf 88' lang='grc' dir='ltr'>γε</span> <span class='ocrx_word' id='word_1_724' title='bbox 864 2846 928 2882; x_wconf 70' lang='grc' dir='ltr'><strong>μήν,</strong></span> 
     </span>
    </p>
   </div>
   <div class='ocr_carea' id='block_1_117' title="bbox 141 2880 927 2919">
    <p class='ocr_par' dir='ltr' id='par_1_117' title="bbox 141 2880 927 2919">
     <span class='ocr_line' id='line_1_118' title="bbox 141 2880 927 2919; baseline 0.001 -10"><span class='ocrx_word' id='word_1_725' title='bbox 141 2883 190 2914; x_wconf 85' lang='lat' dir='ltr'><strong>.th._</strong></span> <span class='ocrx_word' id='word_1_726' title='bbox 207 2880 279 2919; x_wconf 73' lang='lat' dir='ltr'><strong>Quin</strong></span> <span class='ocrx_word' id='word_1_727' title='bbox 294 2881 380 2908; x_wconf 88' lang='lat' dir='ltr'><strong>etiam</strong></span> <span class='ocrx_word' id='word_1_728' title='bbox 397 2880 424 2908; x_wconf 92' lang='lat' dir='ltr'><strong>in</strong></span> <span class='ocrx_word' id='word_1_729' title='bbox 439 2886 542 2915; x_wconf 80' lang='lat' dir='ltr'><strong>Opllnlo</strong></span> <span class='ocrx_word' id='word_1_730' title='bbox 556 2881 652 2910; x_wconf 83' lang='lat' dir='ltr'><strong>codice</strong></span> <span class='ocrx_word' id='word_1_731' title='bbox 669 2881 769 2916; x_wconf 70' lang='lat' dir='ltr'><strong>Rufini,</strong></span> <span class='ocrx_word' id='word_1_732' title='bbox 785 2880 870 2917; x_wconf 78' lang='lat' dir='ltr'><strong>caput</strong></span> <span class='ocrx_word' id='word_1_733' title='bbox 883 2881 927 2916; x_wconf 82' lang='lat' dir='ltr'><strong>I7,</strong></span> 
     </span>
    </p>
   </div>
   <div class='ocr_carea' id='block_1_118' title="bbox 982 2248 1765 2284">
    <p class='ocr_par' dir='ltr' id='par_1_118' title="bbox 982 2248 1765 2284">
     <span class='ocr_line' id='line_1_119' title="bbox 982 2248 1765 2284; baseline 0.001 -9"><span class='ocrx_word' id='word_1_734' title='bbox 982 2249 1031 2284; x_wconf 85' lang='lat' dir='ltr'><strong>dus</strong></span> <span class='ocrx_word' id='word_1_735' title='bbox 1058 2249 1140 2275; x_wconf 76' lang='lat' dir='ltr'><strong>fuisse</strong></span> <span class='ocrx_word' id='word_1_736' title='bbox 1164 2249 1262 2276; x_wconf 88' lang='lat' dir='ltr'><strong>dicitttr</strong></span> <span class='ocrx_word' id='word_1_737' title='bbox 1278 2248 1307 2282; x_wconf 74' lang='grc' dir='ltr'>ἐξ</span> <span class='ocrx_word' id='word_1_738' title='bbox 1331 2248 1511 2284; x_wconf 82' lang='grc' dir='ltr'><strong>εὐπατριδῶν.</strong></span> <span class='ocrx_word' id='word_1_739' title='bbox 1530 2249 1557 2275; x_wconf 88' lang='lat' dir='ltr'><strong>in</strong></span> <span class='ocrx_word' id='word_1_740' title='bbox 1574 2249 1616 2276; x_wconf 89' lang='lat' dir='ltr'><strong>his</strong></span> <span class='ocrx_word' id='word_1_741' title='bbox 1637 2249 1765 2276; x_wconf 80' lang='lat' dir='ltr'><strong>omnibus</strong></span> 
     </span>
    </p>
   </div>
   <div class='ocr_carea' id='block_1_119' title="bbox 981 2283 1762 2318">
    <p class='ocr_par' dir='ltr' id='par_1_119' title="bbox 981 2283 1762 2318">
     <span class='ocr_line' id='line_1_120' title="bbox 981 2283 1762 2318; baseline 0 -8"><span class='ocrx_word' id='word_1_742' title='bbox 981 2283 1050 2311; x_wconf 83' lang='lat' dir='ltr'><strong>locis</strong></span> <span class='ocrx_word' id='word_1_743' title='bbox 1066 2284 1178 2310; x_wconf 79' lang='lat' dir='ltr'><strong>nobilem</strong></span> <span class='ocrx_word' id='word_1_744' title='bbox 1195 2284 1264 2311; x_wconf 84' lang='lat' dir='ltr'><strong>verti</strong></span> <span class='ocrx_word' id='word_1_745' title='bbox 1282 2283 1486 2318; x_wconf 35' lang='lat' dir='ltr'><strong>oportuit,’non</strong></span> <span class='ocrx_word' id='word_1_746' title='bbox 1504 2284 1657 2317; x_wconf 81' lang='lat' dir='ltr'><strong>patricium.</strong></span> <span class='ocrx_word' id='word_1_747' title='bbox 1676 2284 1708 2310; x_wconf 79' lang='lat' dir='ltr'><strong>Et</strong></span> <span class='ocrx_word' id='word_1_748' title='bbox 1723 2284 1762 2310; x_wconf 88' lang='lat' dir='ltr'><strong>sic</strong></span> 
     </span>
    </p>
   </div>
   <div class='ocr_carea' id='block_1_120' title="bbox 982 2318 1766 2352">
    <p class='ocr_par' dir='ltr' id='par_1_120' title="bbox 982 2318 1766 2352">
     <span class='ocr_line' id='line_1_121' title="bbox 982 2318 1766 2352; baseline -0.003 -6"><span class='ocrx_word' id='word_1_749' title='bbox 982 2319 1097 2346; x_wconf 79' lang='lat' dir='ltr'><strong>Iluiinus</strong></span> <span class='ocrx_word' id='word_1_750' title='bbox 1121 2319 1222 2352; x_wconf 87' lang='lat' dir='ltr'><strong>optime</strong></span> <span class='ocrx_word' id='word_1_751' title='bbox 1237 2320 1318 2345; x_wconf 80' lang='lat' dir='ltr'><strong>vertit</strong></span> <span class='ocrx_word' id='word_1_752' title='bbox 1335 2320 1407 2346; x_wconf 90' lang='lat' dir='ltr'><strong>hunc</strong></span> <span class='ocrx_word' id='word_1_753' title='bbox 1423 2319 1531 2346; x_wconf 85' lang='lat' dir='ltr'><strong>Eusebii</strong></span> <span class='ocrx_word' id='word_1_754' title='bbox 1545 2319 1645 2349; x_wconf 88' lang='lat' dir='ltr'><strong>locum,</strong></span> <span class='ocrx_word' id='word_1_755' title='bbox 1661 2323 1688 2346; x_wconf 92' lang='lat' dir='ltr'><strong>et</strong></span> <span class='ocrx_word' id='word_1_756' title='bbox 1702 2318 1766 2345; x_wconf 89' lang='lat' dir='ltr'><strong>Ilie-</strong></span> 
     </span>
    </p>
   </div>
   <div class='ocr_carea' id='block_1_121' title="bbox 981 2353 1765 2389">
    <p class='ocr_par' dir='ltr' id='par_1_121' title="bbox 981 2353 1765 2389">
     <span class='ocr_line' id='line_1_122' title="bbox 981 2353 1765 2389; baseline -0.001 -9"><span class='ocrx_word' id='word_1_757' title='bbox 981 2361 1110 2389; x_wconf 77' lang='lat' dir='ltr'><strong>ronymus</strong></span> <span class='ocrx_word' id='word_1_758' title='bbox 1127 2354 1152 2380; x_wconf 93' lang='lat' dir='ltr'><strong>in</strong></span> <span class='ocrx_word' id='word_1_759' title='bbox 1180 2353 1320 2386; x_wconf 78' lang='lat' dir='ltr'><strong>Chronico,</strong></span> <span class='ocrx_word' id='word_1_760' title='bbox 1339 2362 1409 2380; x_wconf 85' lang='lat' dir='ltr'><strong>anno</strong></span> <span class='ocrx_word' id='word_1_761' title='bbox 1428 2361 1474 2380; x_wconf 91' lang='lat' dir='ltr'><strong>vnt</strong></span> <span class='ocrx_word' id='word_1_762' title='bbox 1494 2353 1654 2380; x_wconf 84' lang='lat' dir='ltr'><strong>Domitiani:</strong></span> <span class='ocrx_word' id='word_1_763' title='bbox 1671 2353 1765 2380; x_wconf 83' lang='lat' dir='ltr'><strong>Dami-</strong></span> 
     </span>
    </p>
   </div>
   <div class='ocr_carea' id='block_1_122' title="bbox 981 2388 1761 2423">
    <p class='ocr_par' dir='ltr' id='par_1_122' title="bbox 981 2388 1761 2423">
     <span class='ocr_line' id='line_1_123' title="bbox 981 2388 1761 2423; baseline 0 -8"><span class='ocrx_word' id='word_1_764' title='bbox 981 2388 1070 2416; x_wconf 82' lang='lat' dir='ltr'><strong>tiunus</strong></span> <span class='ocrx_word' id='word_1_765' title='bbox 1093 2388 1220 2423; x_wconf 81' lang='lat' dir='ltr'><strong>plurimos</strong></span> <span class='ocrx_word' id='word_1_766' title='bbox 1243 2389 1371 2416; x_wconf 83' lang='lat' dir='ltr'><strong>nobilium</strong></span> <span class='ocrx_word' id='word_1_767' title='bbox 1386 2390 1412 2415; x_wconf 83' lang='lat' dir='ltr'><strong>in</strong></span> <span class='ocrx_word' id='word_1_768' title='bbox 1433 2389 1556 2415; x_wconf 69' lang='lat' dir='ltr'><strong>exsiliunt</strong></span> <span class='ocrx_word' id='word_1_769' title='bbox 1580 2388 1661 2414; x_wconf 80' lang='lat' dir='ltr'><strong>mittit</strong></span> <span class='ocrx_word' id='word_1_770' title='bbox 1684 2393 1761 2422; x_wconf 82' lang='lat' dir='ltr'><strong>atque</strong></span> 
     </span>
    </p>
   </div>
   <div class='ocr_carea' id='block_1_123' title="bbox 980 2423 1765 2459">
    <p class='ocr_par' dir='ltr' id='par_1_123' title="bbox 980 2423 1765 2459">
     <span class='ocr_line' id='line_1_124' title="bbox 980 2423 1765 2459; baseline 0 -9"><span class='ocrx_word' id='word_1_771' title='bbox 980 2424 1084 2451; x_wconf 83' lang='lat' dir='ltr'><strong>occidit.</strong></span> <span class='ocrx_word' id='word_1_772' title='bbox 1098 2424 1270 2459; x_wconf 76' lang='grc' dir='ltr'><strong>Εὑπατρίδης</strong></span> <span class='ocrx_word' id='word_1_773' title='bbox 1287 2424 1359 2451; x_wconf 87' lang='lat' dir='ltr'><strong>enim</strong></span> <span class='ocrx_word' id='word_1_774' title='bbox 1380 2424 1450 2451; x_wconf 89' lang='lat' dir='ltr'><strong>idem</strong></span> <span class='ocrx_word' id='word_1_775' title='bbox 1472 2427 1514 2450; x_wconf 88' lang='lat' dir='ltr'><strong>est</strong></span> <span class='ocrx_word' id='word_1_776' title='bbox 1540 2430 1570 2450; x_wconf 83' lang='lat' dir='ltr'><strong>ac</strong></span> <span class='ocrx_word' id='word_1_777' title='bbox 1593 2423 1716 2458; x_wconf 56' lang='grc' dir='ltr'><strong>εὐγενήςἱ</strong></span> <span class='ocrx_word' id='word_1_778' title='bbox 1734 2427 1765 2450; x_wconf 77' lang='lat' dir='ltr'><strong>ut</strong></span> 
     </span>
    </p>
   </div>
   <div class='ocr_carea' id='block_1_124' title="bbox 981 2459 1762 2493">
    <p class='ocr_par' dir='ltr' id='par_1_124' title="bbox 981 2459 1762 2493">
     <span class='ocr_line' id='line_1_125' title="bbox 981 2459 1762 2493; baseline -0.001 -7"><span class='ocrx_word' id='word_1_779' title='bbox 981 2460 1060 2486; x_wconf 85' lang='lat' dir='ltr'><strong>docet</strong></span> <span class='ocrx_word' id='word_1_780' title='bbox 1074 2459 1221 2493; x_wconf 76' lang='lat' dir='ltr'><strong>Gregorius</strong></span> <span class='ocrx_word' id='word_1_781' title='bbox 1234 2459 1300 2486; x_wconf 70' lang='grc' dir='ltr'><strong>Νη.</strong></span> <span class='ocrx_word' id='word_1_782' title='bbox 1316 2463 1371 2485; x_wconf 92' lang='lat' dir='ltr'><strong>ttttn</strong></span> <span class='ocrx_word' id='word_1_783' title='bbox 1386 2459 1412 2485; x_wconf 87' lang='lat' dir='ltr'><strong>itt</strong></span> <span class='ocrx_word' id='word_1_784' title='bbox 1431 2459 1554 2485; x_wconf 87' lang='lat' dir='ltr'><strong>oratione</strong></span> <span class='ocrx_word' id='word_1_785' title='bbox 1570 2466 1651 2492; x_wconf 76' lang='lat' dir='ltr'><strong>supra</strong></span> <span class='ocrx_word' id='word_1_786' title='bbox 1670 2463 1762 2491; x_wconf 82' lang='lat' dir='ltr'><strong>cuata,</strong></span> 
     </span>
    </p>
   </div>
   <div class='ocr_carea' id='block_1_125' title="bbox 983 2493 1763 2527">
    <p class='ocr_par' dir='ltr' id='par_1_125' title="bbox 983 2493 1763 2527">
     <span class='ocr_line' id='line_1_126' title="bbox 983 2493 1763 2527; baseline 0.001 -7"><span class='ocrx_word' id='word_1_787' title='bbox 983 2499 1038 2520; x_wconf 93' lang='lat' dir='ltr'><strong>tum</strong></span> <span class='ocrx_word' id='word_1_788' title='bbox 1050 2495 1075 2520; x_wconf 92' lang='lat' dir='ltr'><strong>in</strong></span> <span class='ocrx_word' id='word_1_789' title='bbox 1089 2495 1209 2521; x_wconf 84' lang='lat' dir='ltr'><strong>carmine</strong></span> <span class='ocrx_word' id='word_1_790' title='bbox 1225 2495 1341 2521; x_wconf 77' lang='lat' dir='ltr'><strong>iambico</strong></span> <span class='ocrx_word' id='word_1_791' title='bbox 1357 2495 1400 2522; x_wconf 84' lang='lat' dir='ltr'><strong>I9.</strong></span> <span class='ocrx_word' id='word_1_792' title='bbox 1414 2494 1490 2527; x_wconf 83' lang='lat' dir='ltr'><strong>Quod</strong></span> <span class='ocrx_word' id='word_1_793' title='bbox 1505 2494 1526 2520; x_wconf 88' lang='lat' dir='ltr'><strong>si</strong></span> <span class='ocrx_word' id='word_1_794' title='bbox 1546 2494 1608 2526; x_wconf 85' lang='lat' dir='ltr'><strong>quis</strong></span> <span class='ocrx_word' id='word_1_795' title='bbox 1625 2493 1763 2521; x_wconf 81' lang='lat' dir='ltr'><strong>existimat</strong></span> 
     </span>
    </p>
   </div>
   <div class='ocr_carea' id='block_1_126' title="bbox 981 2528 1763 2564">
    <p class='ocr_par' dir='ltr' id='par_1_126' title="bbox 981 2528 1763 2564">
     <span class='ocr_line' id='line_1_127' title="bbox 981 2528 1763 2564; baseline 0 -9"><span class='ocrx_word' id='word_1_796' title='bbox 981 2529 1110 2564; x_wconf 84' lang='lat' dir='ltr'><strong>patricios</strong></span> <span class='ocrx_word' id='word_1_797' title='bbox 1125 2534 1153 2556; x_wconf 89' lang='lat' dir='ltr'><strong>et</strong></span> <span class='ocrx_word' id='word_1_798' title='bbox 1170 2529 1274 2556; x_wconf 89' lang='lat' dir='ltr'><strong>nobiles</strong></span> <span class='ocrx_word' id='word_1_799' title='bbox 1289 2530 1355 2556; x_wconf 89' lang='lat' dir='ltr'><strong>nihil</strong></span> <span class='ocrx_word' id='word_1_800' title='bbox 1377 2530 1448 2556; x_wconf 87' lang='lat' dir='ltr'><strong>inter</strong></span> <span class='ocrx_word' id='word_1_801' title='bbox 1465 2536 1493 2556; x_wconf 89' lang='lat' dir='ltr'><strong>se</strong></span> <span class='ocrx_word' id='word_1_802' title='bbox 1509 2528 1629 2564; x_wconf 70' lang='lat' dir='ltr'><strong>(liil&#39;erre,</strong></span> <span class='ocrx_word' id='word_1_803' title='bbox 1645 2529 1668 2554; x_wconf 90' lang='lat' dir='ltr'><strong>is</strong></span> <span class='ocrx_word' id='word_1_804' title='bbox 1680 2529 1763 2564; x_wconf 84' lang='lat' dir='ltr'><strong>vehe-</strong></span> 
     </span>
    </p>
   </div>
   <div class='ocr_carea' id='block_1_127' title="bbox 982 2563 1764 2598">
    <p class='ocr_par' dir='ltr' id='par_1_127' title="bbox 982 2563 1764 2598">
     <span class='ocr_line' id='line_1_128' title="bbox 982 2563 1764 2598; baseline 0 -8"><span class='ocrx_word' id='word_1_805' title='bbox 982 2563 1087 2592; x_wconf 83' lang='lat' dir='ltr'><strong>iueuter</strong></span> <span class='ocrx_word' id='word_1_806' title='bbox 1098 2564 1208 2591; x_wconf 72' lang='lat' dir='ltr'><strong>fallitur.</strong></span> <span class='ocrx_word' id='word_1_807' title='bbox 1223 2564 1358 2592; x_wconf 84' lang='lat' dir='ltr'><strong>Patricius</strong></span> <span class='ocrx_word' id='word_1_808' title='bbox 1372 2565 1443 2591; x_wconf 89' lang='lat' dir='ltr'><strong>enitn</strong></span> <span class='ocrx_word' id='word_1_809' title='bbox 1456 2563 1526 2598; x_wconf 86' lang='lat' dir='ltr'><strong>apud</strong></span> <span class='ocrx_word' id='word_1_810' title='bbox 1538 2563 1673 2590; x_wconf 74' lang='lat' dir='ltr'><strong>Romanos</strong></span> <span class='ocrx_word' id='word_1_811' title='bbox 1690 2563 1764 2590; x_wconf 84' lang='lat' dir='ltr'><strong>dice-</strong></span> 
     </span>
    </p>
   </div>
   <div class='ocr_carea' id='block_1_128' title="bbox 981 2599 1764 2635">
    <p class='ocr_par' dir='ltr' id='par_1_128' title="bbox 981 2599 1764 2635">
     <span class='ocr_line' id='line_1_129' title="bbox 981 2599 1764 2635; baseline -0.003 -9"><span class='ocrx_word' id='word_1_812' title='bbox 981 2600 1073 2632; x_wconf 83' lang='lat' dir='ltr'><strong>batur,</strong></span> <span class='ocrx_word' id='word_1_813' title='bbox 1089 2600 1135 2634; x_wconf 90' lang='lat' dir='ltr'><strong>qui</strong></span> <span class='ocrx_word' id='word_1_814' title='bbox 1151 2603 1209 2626; x_wconf 82' lang='lat' dir='ltr'><strong>erat</strong></span> <span class='ocrx_word' id='word_1_815' title='bbox 1223 2607 1256 2626; x_wconf 85' lang='lat' dir='ltr'><strong>ex</strong></span> <span class='ocrx_word' id='word_1_816' title='bbox 1281 2606 1358 2635; x_wconf 76' lang='lat' dir='ltr'><strong>gente</strong></span> <span class='ocrx_word' id='word_1_817' title='bbox 1384 2600 1507 2634; x_wconf 80' lang='lat' dir='ltr'><strong>patricia,</strong></span> <span class='ocrx_word' id='word_1_818' title='bbox 1533 2604 1560 2625; x_wconf 92' lang='lat' dir='ltr'><strong>ct</strong></span> <span class='ocrx_word' id='word_1_819' title='bbox 1576 2599 1764 2635; x_wconf 81' lang='lat' dir='ltr'><strong>opponebatur</strong></span> 
     </span>
    </p>
   </div>
   <div class='ocr_carea' id='block_1_129' title="bbox 980 2633 1763 2668">
    <p class='ocr_par' dir='ltr' id='par_1_129' title="bbox 980 2633 1763 2668">
     <span class='ocr_line' id='line_1_130' title="bbox 980 2633 1763 2668; baseline 0 -8"><span class='ocrx_word' id='word_1_820' title='bbox 980 2633 1167 2668; x_wconf 32' lang='lat' dir='ltr'><strong>ptebeio,’nou</strong></span> <span class='ocrx_word' id='word_1_821' title='bbox 1196 2633 1392 2661; x_wconf 53' lang='lat' dir='ltr'><strong>autem&#39;nobilii</strong></span> <span class='ocrx_word' id='word_1_822' title='bbox 1411 2635 1504 2667; x_wconf 88' lang='lat' dir='ltr'><strong>Itaque</strong></span> <span class='ocrx_word' id='word_1_823' title='bbox 1529 2633 1633 2667; x_wconf 55' lang='lat' dir='ltr'><strong>patrii-ﬁ</strong></span> <span class='ocrx_word' id='word_1_824' title='bbox 1651 2633 1763 2667; x_wconf 86' lang='lat' dir='ltr'><strong>quidam</strong></span> 
     </span>
    </p>
   </div>
   <div class='ocr_carea' id='block_1_130' title="bbox 980 2668 1763 2704">
    <p class='ocr_par' dir='ltr' id='par_1_130' title="bbox 980 2668 1763 2704">
     <span class='ocr_line' id='line_1_131' title="bbox 980 2668 1763 2704; baseline -0.003 -8"><span class='ocrx_word' id='word_1_825' title='bbox 980 2670 1093 2696; x_wconf 78' lang='lat' dir='ltr'><strong>fuerunt</strong></span> <span class='ocrx_word' id='word_1_826' title='bbox 1108 2669 1178 2704; x_wconf 87' lang='lat' dir='ltr'><strong>apud</strong></span> <span class='ocrx_word' id='word_1_827' title='bbox 1200 2669 1349 2702; x_wconf 78' lang='lat' dir='ltr'><strong>Romanos,</strong></span> <span class='ocrx_word' id='word_1_828' title='bbox 1369 2670 1414 2703; x_wconf 91' lang='lat' dir='ltr'><strong>qui</strong></span> <span class='ocrx_word' id='word_1_829' title='bbox 1434 2677 1488 2696; x_wconf 89' lang='lat' dir='ltr'><strong>non</strong></span> <span class='ocrx_word' id='word_1_830' title='bbox 1507 2673 1591 2704; x_wconf 58' lang='lat' dir='ltr'><strong>erant</strong></span> <span class='ocrx_word' id='word_1_831' title='bbox 1607 2668 1719 2700; x_wconf 87' lang='lat' dir='ltr'><strong>nobiles,</strong></span> <span class='ocrx_word' id='word_1_832' title='bbox 1733 2673 1763 2695; x_wconf 91' lang='lat' dir='ltr'><strong>ut</strong></span> 
     </span>
    </p>
   </div>
   <div class='ocr_carea' id='block_1_131' title="bbox 980 2702 1762 2739">
    <p class='ocr_par' dir='ltr' id='par_1_131' title="bbox 980 2702 1762 2739">
     <span class='ocr_line' id='line_1_132' title="bbox 980 2702 1762 2739; baseline 0 -9"><span class='ocrx_word' id='word_1_833' title='bbox 980 2705 1073 2732; x_wconf 88' lang='lat' dir='ltr'><strong>docuit</strong></span> <span class='ocrx_word' id='word_1_834' title='bbox 1088 2702 1215 2739; x_wconf 63' lang='lat' dir='ltr'><strong>Sigonius</strong></span> <span class='ocrx_word' id='word_1_835' title='bbox 1232 2706 1258 2730; x_wconf 90' lang='lat' dir='ltr'><strong>in</strong></span> <span class='ocrx_word' id='word_1_836' title='bbox 1275 2705 1343 2731; x_wconf 88' lang='lat' dir='ltr'><strong>lihro</strong></span> <span class='ocrx_word' id='word_1_837' title='bbox 1358 2702 1395 2731; x_wconf 83' lang='lat' dir='ltr'><strong>De</strong></span> <span class='ocrx_word' id='word_1_838' title='bbox 1409 2704 1558 2731; x_wconf 79' lang='lat' dir='ltr'><strong>nominibus</strong></span> <span class='ocrx_word' id='word_1_839' title='bbox 1573 2702 1762 2730; x_wconf 80' lang='lat' dir='ltr'><strong>Romanorum.</strong></span> 
     </span>
    </p>
   </div>
   <div class='ocr_carea' id='block_1_132' title="bbox 980 2739 1764 2773">
    <p class='ocr_par' dir='ltr' id='par_1_132' title="bbox 980 2739 1764 2773">
     <span class='ocr_line' id='line_1_133' title="bbox 980 2739 1764 2773; baseline -0.003 -6"><span class='ocrx_word' id='word_1_840' title='bbox 980 2740 1128 2767; x_wconf 87' lang='lat' dir='ltr'><strong>Observavt</strong></span> <span class='ocrx_word' id='word_1_841' title='bbox 1152 2744 1241 2766; x_wconf 90' lang='lat' dir='ltr'><strong>autetn</strong></span> <span class='ocrx_word' id='word_1_842' title='bbox 1269 2740 1386 2767; x_wconf 91' lang='lat' dir='ltr'><strong>nobilem</strong></span> <span class='ocrx_word' id='word_1_843' title='bbox 1414 2740 1484 2773; x_wconf 83' lang='lat' dir='ltr'><strong>apud</strong></span> <span class='ocrx_word' id='word_1_844' title='bbox 1502 2740 1639 2766; x_wconf 66' lang='lat' dir='ltr'><strong>Romanos</strong></span> <span class='ocrx_word' id='word_1_845' title='bbox 1661 2739 1764 2765; x_wconf 88' lang='lat' dir='ltr'><strong>dictum</strong></span> 
     </span>
    </p>
   </div>
   <div class='ocr_carea' id='block_1_133' title="bbox 980 2774 1762 2809">
    <p class='ocr_par' dir='ltr' id='par_1_133' title="bbox 980 2774 1762 2809">
     <span class='ocr_line' id='line_1_134' title="bbox 980 2774 1762 2809; baseline -0.004 -7"><span class='ocrx_word' id='word_1_846' title='bbox 980 2783 1051 2807; x_wconf 83' lang='lat' dir='ltr'><strong>esse,</strong></span> <span class='ocrx_word' id='word_1_847' title='bbox 1069 2779 1190 2808; x_wconf 85' lang='lat' dir='ltr'><strong>respectu</strong></span> <span class='ocrx_word' id='word_1_848' title='bbox 1215 2775 1307 2801; x_wconf 84' lang='lat' dir='ltr'><strong>habito</strong></span> <span class='ocrx_word' id='word_1_849' title='bbox 1321 2776 1354 2801; x_wconf 87' lang='lat' dir='ltr'><strong>ad</strong></span> <span class='ocrx_word' id='word_1_850' title='bbox 1366 2774 1507 2805; x_wconf 83' lang='lat' dir='ltr'><strong>familiam,</strong></span> <span class='ocrx_word' id='word_1_851' title='bbox 1521 2781 1574 2801; x_wconf 89' lang='lat' dir='ltr'><strong>non</strong></span> <span class='ocrx_word' id='word_1_852' title='bbox 1589 2775 1622 2800; x_wconf 88' lang='lat' dir='ltr'><strong>ad</strong></span> <span class='ocrx_word' id='word_1_853' title='bbox 1644 2779 1762 2809; x_wconf 82' lang='lat' dir='ltr'><strong>gentem.</strong></span> 
     </span>
    </p>
   </div>
   <div class='ocr_carea' id='block_1_134' title="bbox 980 2809 1765 2844">
    <p class='ocr_par' dir='ltr' id='par_1_134' title="bbox 980 2809 1765 2844">
     <span class='ocr_line' id='line_1_135' title="bbox 980 2809 1765 2844; baseline -0.004 -7"><span class='ocrx_word' id='word_1_854' title='bbox 980 2810 1097 2838; x_wconf 90' lang='lat' dir='ltr'><strong>Proinde</strong></span> <span class='ocrx_word' id='word_1_855' title='bbox 1108 2818 1142 2837; x_wconf 82' lang='lat' dir='ltr'><strong>ex</strong></span> <span class='ocrx_word' id='word_1_856' title='bbox 1157 2810 1252 2837; x_wconf 85' lang='lat' dir='ltr'><strong>eadem</strong></span> <span class='ocrx_word' id='word_1_857' title='bbox 1267 2815 1347 2843; x_wconf 78' lang='lat' dir='ltr'><strong>gente</strong></span> <span class='ocrx_word' id='word_1_858' title='bbox 1359 2810 1401 2836; x_wconf 85' lang='lat' dir='ltr'><strong>alii</strong></span> <span class='ocrx_word' id='word_1_859' title='bbox 1416 2813 1493 2836; x_wconf 82' lang='lat' dir='ltr'><strong>erant</strong></span> <span class='ocrx_word' id='word_1_860' title='bbox 1506 2809 1620 2841; x_wconf 88' lang='lat' dir='ltr'><strong>nobiles,</strong></span> <span class='ocrx_word' id='word_1_861' title='bbox 1634 2809 1678 2835; x_wconf 88' lang='lat' dir='ltr'><strong>alii</strong></span> <span class='ocrx_word' id='word_1_862' title='bbox 1692 2809 1765 2844; x_wconf 77' lang='lat' dir='ltr'><strong>igno-</strong></span> 
     </span>
    </p>
   </div>
   <div class='ocr_carea' id='block_1_135' title="bbox 980 2844 1762 2879">
    <p class='ocr_par' dir='ltr' id='par_1_135' title="bbox 980 2844 1762 2879">
     <span class='ocr_line' id='line_1_136' title="bbox 980 2844 1762 2879; baseline -0.003 -7"><span class='ocrx_word' id='word_1_863' title='bbox 980 2847 1060 2873; x_wconf 87' lang='lat' dir='ltr'><strong>biles.</strong></span> <span class='ocrx_word' id='word_1_864' title='bbox 1085 2844 1195 2872; x_wconf 79' lang='lat' dir='ltr'><strong>Nobiles</strong></span> <span class='ocrx_word' id='word_1_865' title='bbox 1210 2845 1330 2878; x_wconf 86' lang='lat' dir='ltr'><strong>quidem,</strong></span> <span class='ocrx_word' id='word_1_866' title='bbox 1344 2853 1460 2879; x_wconf 81' lang='lat' dir='ltr'><strong>qunrum</strong></span> <span class='ocrx_word' id='word_1_867' title='bbox 1479 2848 1554 2878; x_wconf 84' lang='lat' dir='ltr'><strong>pater</strong></span> <span class='ocrx_word' id='word_1_868' title='bbox 1575 2849 1601 2871; x_wconf 92' lang='lat' dir='ltr'><strong>et</strong></span> <span class='ocrx_word' id='word_1_869' title='bbox 1619 2852 1684 2871; x_wconf 88' lang='lat' dir='ltr'><strong>avus</strong></span> <span class='ocrx_word' id='word_1_870' title='bbox 1705 2851 1762 2871; x_wconf 84' lang='lat' dir='ltr'><strong>ma-</strong></span> 
     </span>
    </p>
   </div>
   <div class='ocr_carea' id='block_1_136' title="bbox 980 2880 1680 2917">
    <p class='ocr_par' dir='ltr' id='par_1_136' title="bbox 980 2880 1680 2917">
     <span class='ocr_line' id='line_1_137' title="bbox 980 2880 1680 2917; baseline 0 -11"><span class='ocrx_word' id='word_1_871' title='bbox 980 2882 1126 2917; x_wconf 75' lang='lat' dir='ltr'><strong>gistratum</strong></span> <span class='ocrx_word' id='word_1_872' title='bbox 1138 2882 1258 2909; x_wconf 85' lang='lat' dir='ltr'><strong>curulem</strong></span> <span class='ocrx_word' id='word_1_873' title='bbox 1271 2881 1429 2916; x_wconf 71' lang='lat' dir='ltr'><strong>gessissent,</strong></span> <span class='ocrx_word' id='word_1_874' title='bbox 1446 2880 1577 2915; x_wconf 76' lang='lat' dir='ltr'><strong>ignobiles</strong></span> <span class='ocrx_word' id='word_1_875' title='bbox 1586 2884 1680 2908; x_wconf 84' lang='lat' dir='ltr'><strong>contra</strong></span> 
     </span>
    </p>
   </div>
  </div>
