1993 3164
154 141 208 170 253

645 143 817 171 lllSTORi/E
837 143 1116 173 ECCLESIASTICJE
1134 143 1198 170 LIB.
1219 143 1261 170 lll.

1715 137 1767 165 256

155 201 216 235 φοῦ,
231 200 279 232 οὓς
294 201 519 237 ὲδηλατόρευσαν,
538 202 575 234 ὡς
593 203 626 229 ἐκ
641 203 734 237 γένους
754 204 831 235 ὄντας
846 204 932 230 Δαϐίδ.

990 203 1124 231 nonnuliis
1137 202 1239 229 delatos
1251 201 1321 236 quod
1338 208 1369 228 ex
1387 199 1459 234 regia
1475 197 1585 225 Davidis
1599 196 1681 231 stirpe
1706 203 1767 229 pro-

151 245 272 277 ’1“ουτους
289 245 311 272 δ’
323 248 337 272 ό
358 246 505 278 Ἰουόκατος
521 246 575 282 (99)
590 247 676 283 ἠγαγε
696 248 763 283 πρὸς
777 249 938 284 Δομετιανὸν

155 292 280 328 Καίσαρα
290 301 297 308 ·
319 292 443 327 ἐφοϐεῖτο
459 292 513 328 γὰρ
533 293 581 329 τὴν
600 294 748 330 παρουσίαν
762 294 809 321 τοῦ.
822 295 938 330 Χριστοῦ

154 338 192 368 ὡς
204 337 250 364 καὶ
264 337 397 373 Ἡρώδης.
409 339 464 366 Καὶ
474 339 648 374 ἐπηρώτησεν
661 340 758 372 αὐτοὺς
770 340 794 366 εί
807 341 838 367 ἐκ
857 340 938 367 Δαϐίδ

153 384 216 410 εἱσι.
233 384 289 410 Καὶ
303 384 489 419 ὡμολόγησαν.
506 385 571 412 Τότε
583 385 722 421 ἠρώτησεν
733 385 841 418 αὐτοὺς,
852 386 938 418 πόσας

154 428 264 464 κτήσεις
279 427 395 462 ἔχουσιν,
413 428 429 463 ἢ
446 428 536 455 πόσων
550 428 698 464 χρημάτων
711 428 890 464 κυριεύουσιν.
907 429 938 454 υἱ

153 473 180 499 δὲ
201 471 278 500 εἷπον
296 474 461 509 ἀμφότεροι,
479 475 664 509 ἐννακισχίλια
680 475 791 510 δηνάρια
807 475 938 510 ὑπάρχειν

152 521 245 553 αὐτοῖς
261 521 339 556 μόνα,
355 521 462 557 ἑκάστῳ
476 521 566 547 αὐτῶν
581 521 726 556 ἀνήκοντος
739 521 786 548 τοῦ
805 521 934 556 ἡμίσεως.

151 569 208 595 Καὶ
224 568 311 595 ταῦτα
328 568 377 594 οὐκ
399 569 427 594 ἐν
443 567 582 603 ἀργυρίοις
601 567 718 601 ἔφασκον
737 567 819 602 ἔχειν,
837 567 893 593 ἀλλ’
909 567 937 593 ὲν

151 614 311 649 διατιμήσει
323 614 374 649 γῆς
389 613 511 649 πλέθρων
528 614 674 648 τριάκοντα
690 612 767 639 ἐννέα
786 613 890 648 μόνων,
909 612 938 644 ἐξ

150 655 190 686 ὧν
213 659 261 685 καὶ
281 659 344 690 τοὺς
366 658 463 694 φόρους
484 659 630 693 ἀναφέρειν
646 658 698 694 (1),
716 659 763 685 καὶ
779 659 876 690 αὐτοὺς
890 658 937 685 αὺ-

126 696 129 702 .
149 703 334 740 τουργοῦντας
355 703 554 740 διατρέφεσθαι.
573 702 638 730 Εἶτα
658 703 686 730 δὲ
709 704 756 730 καὶ
774 704 822 735 τὰς
844 705 936 739 χεῖρας

150 749 201 781 τὰς
219 749 323 776 ἑαυτῶν
338 749 519 776 ἐπιδεικνύναι
531 769 538 781 ,
555 749 702 785 μαρτύριον
713 749 763 784 τῆς
775 749 936 785 αὑτουργίας

149 795 200 830 τὴν
218 794 266 821 τοῦ
286 795 411 830 σώματος
424 795 564 831 σκληρίαν,
581 795 627 821 καὶ
642 796 704 827 τοὺς
723 795 777 822 ἀπὸ
795 795 844 830 τῆς
873 803 935 822 συν-

150 840 230 876 εχοῦς
244 841 373 877 ἐργασίας
392 840 649 872 ὲναποτυπωθέντας
662 841 708 867 ἐπὶ
724 841 777 867 τῶν
791 841 860 867 [δίων
880 849 936 876 χει-

988 249 1060 285 gnati
1087 253 1188 281 essent,
1207 250 1332 274 evocatus
1357 246 1390 272 ad
1421 243 1600 271 Domitianum
1631 240 1766 268 Caesarem

990 295 1128 330 perduxit.
1153 294 1259 328 Quippe
1281 291 1447 320 Domitianus
1464 290 1498 316 de
1525 289 1640 316 adventu
1665 287 1765 314 Christi

989 340 1100 375 perinde
1119 346 1150 366 ac
1180 338 1300 366 Herodes
1320 336 1370 363 sibi
1388 334 1534 362 metuebat.
1545 332 1704 366 Interrogati
1716 331 1767 366 igi-

989 391 1032 414 tur
1046 386 1080 412 ah
1093 385 1139 412 illo
1152 389 1240 412 utrum
1260 391 1292 410 ex
1309 382 1392 416 stirpe
1412 380 1519 407 liavidis
1538 382 1630 406 essent
1646 378 1764 409 oriundi,

988 432 1014 459 id
1030 431 1200 458 verissimum
1216 436 1276 456 esse
1292 426 1410 455 confessi
1423 429 1496 453 sunt.
1521 423 1621 451 Deinde
1645 423 1767 450 sciscita-

987 483 1030 506 tus
1046 484 1087 505 est
1101 485 1134 505 ex
1152 476 1203 504 illis
1219 475 1398 507 Domitianus,
1422 479 1538 510 quantas
1559 473 1765 508 possessiones,

991 530 1154 560 quantumve
1166 523 1288 557 pecuniae
1300 521 1443 548 haberent.
1459 520 1498 547 illi
1514 527 1578 547 vero
1593 527 1687 546 novem
1706 523 1767 545 lan-

988 569 1125 597 tummodo
1137 567 1308 595 denariorum
1323 566 1406 593 millia
1419 565 1469 592 sibi
1482 565 1611 591 ambobus
1625 569 1766 599 suppetere

987 616 1124 646 dixerunt,
1144 621 1258 648 quorum
1275 612 1386 639 dimidia
1407 619 1470 646 pars
1487 611 1599 646 singulis
1627 615 1764 644 compete-

987 665 1029 687 rct
1045 667 1052 686 :
1071 667 1117 687 eas
1131 667 1196 686 vero
1217 658 1360 686 facultates
1382 665 1552 692 nequaquam
1571 664 1601 684 se
1614 656 1641 683 in
1657 659 1767 690 argento

986 706 1095 739 habere,
1119 706 1165 733 sed
1191 705 1217 732 in
1237 704 1418 732 mstimatione
1433 711 1570 739 agrorum.
1589 710 1684 730 novem
1713 702 1767 729 sci-

985 748 1048 778 licet
1065 757 1096 776 ac
1108 749 1215 784 triginta
1232 749 1280 776 soli
1291 749 1416 784 iugerum
1434 758 1441 776 :
1457 756 1489 776 ex
1504 756 1618 783 quorum
1637 747 1766 775 fructibus

984 801 1012 824 et
1027 796 1125 824 tributa
1140 795 1336 830 persolverent.
1360 799 1388 822 et
1405 795 1454 822 sibi
1479 795 1544 830 ipsis
1561 802 1613 821 non
1627 793 1686 821 sine
1701 801 1764 828 pro-

985 841 1043 876 prio
1056 840 1111 876 90
1125 839 1216 867 labore
1232 839 1331 866 victum
1343 842 1541 873 compararent.
1555 837 1696 871 Simulque
1710 844 1766 862 ma-

151 887 207 922 ρῶν
221 886 317 918 τύλους
334 887 373 922 (2)
394 887 587 922 παριστάντας.
606 887 804 922 Ἑρωτηοέντας
821 887 849 914 δὲ
870 888 932 923 περὶ

984 895 1034 915 nus
1046 886 1187 914 ostendere
1201 890 1352 920 cmperuut,
1361 885 1487 912 duritiem
1499 884 1578 915 cutis,
1591 884 1766 917 impressqu-

148 932 198 959 τοῦ
211 932 327 969 Χριστοῦ
346 933 392 960 καὶ
411 933 458 967 τῆς
473 933 609 968 βασιλείας
625 932 706 959 αὐτοῦ
717 953 723 965 ,
740 933 819 960 ὁποία
834 941 876 965 τις
892 934 934 968 εἴη

149 979 199 1005 καὶ
222 979 286 1005 ποτε
307 979 354 1005 καὶ
376 980 421 1004 ποῖ
435 979 620 1014 φανησομένη,
638 979 714 1013 λόγον
732 979 831 1011 δοῦναι,
848 979 885 1011 ὡς
903 979 934 1005 οὐ

151 1025 270 1060 κοσμικὴ
289 1024 339 1060 μὲν
363 1025 416 1051 οὐδ’
430 1025 559 1058 ἐπίγειος,
576 1025 734 1060 ἐπουράνιος
749 1025 778 1051 δὲ
795 1026 840 1052 καὶ
854 1025 936 1060 ἀγγε-

149 1070 213 1105 λικὴ
223 1071 362 1106 τυγχάνει,
379 1071 424 1097 ἐπὶ
436 1066 574 1105 συντελείᾳ
586 1071 633 1097 τοῦ
648 1071 743 1103 αἰῶνος
755 1071 933 1107 γενησομένη,

150 1115 268 1150 ὁπηνίκα
280 1115 365 1142 ἐλθὼν
380 1117 409 1142 ὲν
420 1116 482 1151 δόξῃ
493 1118 580 1152 κρινεί
590 1113 692 1152 ζῶντας
703 1109 743 1152 (ὅ)
752 1116 798 1143 καὶ
812 1117 934 1152 νεκροὺς,

149 1161 198 1187 καὶ
212 1160 345 1188 ἀποδώσει
359 1161 465 1197 ἑκάστῳ
487 1161 558 1188 κατὰ
575 1161 609 1188 τὰ
625 1162 826 1198 ἐπιτηδεύματα
840 1162 933 1190 αὐτοῦ.

144 1203 266 1241 ηἘφόῗς
284 1207 366 1242 μηδὲν
385 1207 473 1234 αὐτῶν
493 1208 683 1242 κατεγνωκότα
701 1208 747 1234 τὸν
764 1208 932 1244 Δομετιανὸν,

149 1252 219 1279 ἀλλὰ
240 1254 287 1279 καὶ
309 1253 347 1285 ὡς
367 1253 482 1280 εὐτελῶν
506 1254 758 1289 καταφρονήσαντα,
780 1254 935 1291 ἐλευθέρους

152 1297 202 1333 μὲν
215 1298 314 1330 αὐτοὺς
324 1299 437 1330 ἀνεῖναι,
451 1299 622 1325 καταπαῦσαι
633 1299 661 1326 δὲ
673 1299 715 1326 διὰ
728 1299 935 1335 προστάγματος

149 1343 196 1371 τὸν
218 1344 290 1370 κατὰ.
308 1344 357 1379 τῆς
376 1344 538 1379 Ἐκκλησίας
551 1345 679 1380 διωγμόν.
701 1345 770 1378 Τοὺς
785 1345 813 1372 δὲ
835 1345 935 1372 ἀπολυ-

151 1389 246 1421 θέντας
263 1389 415 1424 ήγήσασθαι
426 1389 478 1418 τῶν
493 1390 668 1426 Ἐκκλησιῶν,
680 1391 718 1423 ὡς
738 1391 770 1417 ἂν
783 1391 814 1426 δὴ
830 1391 934 1426 μάρτυ-

152 1442 203 1469 ρας
221 1433 289 1468 όμοῦ
308 1433 354 1460 καὶ
374 1433 428 1460 ἀπὸ
452 1434 546 1468 γένους
565 1435 644 1467 ὄντας
657 1434 704 1461 τοῦ
720 1435 822 1471 Κυρίου
833 1455 840 1467 ,
859 1444 934 1469 γενο-

152 1480 237 1515 μένης
248 1488 277 1506 τε
289 1480 409 1516 εἰρήνης,
426 1479 505 1516 μέχρι
517 1480 653 1517 Τραϊανοῦ
661 1483 827 1518 παραμεῖναι
838 1482 935 1514 αὑτοὺ-ς

148 1519 189 1562 τῷ
209 1527 268 1562 βίῳ.
283 1536 293 1553 ι
312 1527 405 1554 Ταῦτα
423 1527 473 1562 μὲν
493 1528 507 1554 ὀ
527 1528 706 1564 Ἡγήσιππος.
727 1529 764 1555 Οὐ
789 1528 843 1564 μὴν
867 1529 934 1557 ἀλλὰ

149 1574 197 1605 καὶ
223 1575 239 1601 ὁ
261 1573 453 1610 Τερτυλλιανὺς
478 1574 525 1601 τοῦ
549 1575 712 1610 Δομετιανοῦ
734 1576 860 1611 τοιαύτην
885 1585 935 1604 πε-

150 1619 259 1655 ποίηται
276 1620 404 1656 μνήμην·
429 1620 609 1656 «Πεπειράκει
630 1622 695 1648 ποτὲ
715 1623 762 1649 καὶ
774 1622 935 1657 Δομετιανὸς

149 1664 233 1692 ταύτὸ
253 1667 341 1692 ποιεῖν
364 1665 476 1701 ἐκείνῳ,
504 1666 586 1702 μέρος
612 1665 649 1694 ὢν
672 1667 722 1702 τῆς
742 1667 789 1701 τοῦ
810 1667 934 1703 Νέρωνος

146 1706 301 1746 ὧμότητος.
329 1710 398 1737 Ἀλλ’
418 1709 493 1746 οἶμαι
515 1711 563 1738 ἅτε
588 1711 656 1747 ἔχων
679 1721 705 1738 τι
731 1713 863 1744 συνέσεως
884 1712 933 1748 (1),

146 1757 264 1798 τάχιστα
279 1756 434 1790 ἐπαύσατο,
456 1758 694 1793 ἀνακαλεσάμενος
713 1758 759 1784 καὶ
772 1757 818 1790 οὓς
837 1758 933 1794 ἑξηλά-

151 1812 270 1846 cephoro
287 1812 314 1839 in
338 1812 387 1840 lib.
413 1820 434 1845 ι,
452 1820 511 1847 cap.
527 1813 572 1841 55.
587 1814 623 1841 Ex
648 1814 698 1841 hac
722 1813 806 1848 igitur
821 1814 928 1847 ,liberos

151 1848 287 1882 suscepit;
302 1847 441 1883 aquibus
461 1850 600 1883 propagati
624 1853 689 1875 sunt
711 1847 877 1881 δεσπόσυνοι,
896 1850 928 1878 de

150 1882 248 1916 quibus
275 1881 419 1910 Africanus
445 1881 469 1909 in
496 1881 608 1916 epistola
634 1884 667 1910 ad
695 1884 847 1911 Aristidem.
874 1884 928 1912 Hos

140 1916 394 1952 ‘p’orronScaligeri
422 1925 529 1945 errores
563 1919 721 1952 jamdudum
755 1920 929 1952 reprehendit

151 1951 181 1978 P.
198 1951 345 1988 ﬂailoixius
361 1954 387 1978 ln
407 1951 590 1980 natationibus
612 1953 645 1980 ad
663 1953 750 1980 Vitam
765 1951 905 1988 Hegesippi
919 1963 925 1986 ;

151 1987 347 2023 quodquidem
370 1988 459 2023 serius
476 1992 502 2016 el
528 1988 659 2015 absolutis
676 1988 733 2023 jam
758 1987 929 2016 animadver-

151 2021 273 2048 siouihus
290 2023 358 2049 meis
371 2022 463 2050 didici.

187 2055 242 2090 (99)
261 2056 288 2082 '0
307 2057 476 2090 Ἰουοκατος.
496 2058 612 2090 Ἰόκατος
636 2067 669 2085 cx
688 2059 780 2085 codice
805 2058 931 2085 Mediczco

151 2091 236 2118 edidit
258 2091 329 2127 Bob.
354 2092 520 2127 Stephanus.
536 2094 563 2119 lu
581 2093 673 2120 codice
700 2093 784 2127 Regio
799 2094 930 2127 scriptum

151 2127 240 2162 inveni
253 2126 268 2152 ὁ
285 2126 436 2158 ἰκουϐἀτος,
449 2128 519 2162 quod
536 2133 677 2155 monuerat
689 2126 770 2155 etiam
787 2129 856 2155 idem
871 2129 932 2157 Ste-

151 2161 258 2198 phanus
274 2162 301 2188 in
316 2162 399 2198 variis
413 2161 572 2198 lectionibus
585 2171 653 2198 quas
670 2164 702 2190 ad
720 2163 820 2190 calcem
831 2163 931 2189 editio-

152 2196 193 2222 nis
203 2204 264 2233 ξιιιῇ
273 2197 399 2233 coniecit.
412 2197 581 2233 lnChronica
594 2196 710 2233 ’Georgii
733 2198 847 2233 Syncelli
866 2198 930 2232 legi-

152 2231 223 2257 ture
245 2231 403 2264 'Ioudxa-roq.
423 2231 476 2259 Nos
492 2240 526 2259 ex
551 2233 636 2260 tribus
660 2231 760 2261 nostris
774 2231 926 2265 codicibus,

150 2265 233 2298 Μία..
252 2266 321 2294 Fuk.
339 2272 366 2294 et
383 2266 531 2298 Saviliano,
548 2275 638 2294 veram
655 2268 734 2301 hujus
751 2268 801 2295 loci
817 2268 931 2301 scriptu-

151 2308 208 2338 ram
218 2302 396 2338 restituimus,
408 2302 518 2334 τούτους
535 2302 583 2338 δ’,ὸ
600 2303 747 2334 Ἰαυάκατος
761 2303 932 2338 ἦγαγε.(]οιι·

152 2336 262 2372 [irritant
277 2337 358 2372 illanc
392 2337 534 2364 lectionem
559 2337 725 2372 Nicephorius
754 2336 781 2365 et
807 2339 931 2365 liulinus.

151 2370 220 2398 Nam
238 2371 264 2398 in
277 2371 375 2399 Rufino
391 2373 500 2406 quidem
514 2373 614 2400 dicitur
626 2370 791 2400 “evocatus.
810 2372 865 2399 llos
879 2372 930 2399 Re-

151 2411 258 2433 rocutu;
277 2407 387 2440 quidam
410 2409 514 2434 nomine
537 2409 581 2441 qui
598 2409 632 2434 ad
655 2408 703 2434 hoc
720 2409 815 2436 missus
831 2407 929 2441 fuerat,

151 2441 272 2476 perduxit
284 2442 317 2468 ad
334 2442 523 2469 Domitianum.
534 2442 701 2475 Nicephorus
711 2451 774 2469 vero
788 2443 813 2469 in
831 2443 876 2471 lib.
888 2449 929 2476 ιιι,

151 2483 210 2510 cap.
225 2477 267 2509 10,
287 2478 414 2511 scriptutn
428 2478 506 2504 habet
518 2478 532 2503 ὀ
549 2478 718 2510 Ἦουὸκατος.
731 2478 781 2510 Qui
798 2479 851 2504 sint
866 2485 930 2504 evo-

151 2511 215 2542 cati,
237 2517 328 2538 notum
344 2517 433 2540 estex
455 2513 548 2545 Dione,
571 2513 668 2540 milites
687 2513 791 2541 scilicet
816 2514 930 2541 honora-

152 2546 228 2573 tioris
244 2546 305 2579 loci,
325 2547 381 2580 qui,
403 2547 533 2574 confectis
553 2548 608 2582 jam
632 2548 783 2582 stipendiis,
813 2548 929 2578 dimissi,

193 2582 517 2621 _militiainrevocabantur
528 2590 545 2621 ιι
562 2583 700 2621 principe;
712 2589 812 2621 norum
827 2585 929 2621 mentio

151 2616 180 2651 fit
193 2616 219 2642 in
235 2617 350 2643 vetustis
363 2616 596 2651 inscriptionibus,
613 2617 714 2649 EVOK.
730 2617 812 2645 AUG.
831 2617 857 2644 Id
877 2623 928 2651 est,

150 2650 282 2682 Evocatus
293 2651 415 2686 Augusti.
428 2651 466 2678 Ne
478 2653 539 2686 quis
553 2650 642 2680 autem
657 2654 779 2685 miretur,
798 2652 929 2686 iiegesip-

149 2693 212 2720 pum
228 2685 353 2720 Graecum
376 2687 535 2721 scriptorem
559 2687 680 2716 Romano
704 2688 833 2714 vocabulo
842 2685 927 2714 fusum

149 2721 244 2757 fuisse.
261 2721 332 2757 Non
348 2721 374 2757 id
400 2729 498 2757 novum
516 2727 563 2748 aut.
582 2722 737 2757 infrequens
762 2721 925 2757 Hegesippo,

149 2756 250 2793 quippe
263 2757 309 2791 qni
322 2755 512 2792 δηλατορεύειν
528 2761 554 2783 et
564 2755 682 2793 emetat—at
699 2755 814 2791 usurpat
833 2755 867 2784 iu'
879 2755 928 2784 hac

148 2792 306 2823 narratione
318 2799 403 2831 quam
420 2799 476 2830 pne
490 2792 611 2820 manibus
628 2793 768 2824 habemus,
785 2797 812 2819 et
824 2793 928 2828 plebeio

147 2833 271 2857 perinane
287 2830 380 2854 utitur.

184 2861 221 2898 (1)
241 2861 290 2895 Ἐξ
314 2859 358 2890 ὧν
383 2861 433 2889 καὶ
455 2862 524 2889 τοὺρ·
545 2863 654 2898 φόρους
678 2861 844 2898 ἀναφέρειν.
861 2862 929 2891 Male

947 1554 968 1582 C

985 941 1037 968 que
1049 933 1103 961 alte
1120 932 1246 960 manibus
1263 931 1362 959 callum
1379 939 1412 959 ex
1431 930 1532 958 laboris
1551 930 1719 962 assiduitate,
1737 929 1764 956 in

986 979 1169 1007 testimonium
1187 978 1277 1014 operis
1305 978 1345 1006 sui
1372 977 1551 1013 proferentes.
1567 976 1706 1004 Postremo
1723 976 1766 1003 in-

987 1026 1116 1061 terrogati
1133 1025 1164 1053 de
1178 1024 1288 1053 Christo
1299 1029 1327 1052 et
1342 1024 1376 1052 de
1391 1031 1475 1060 regno
1494 1023 1566 1050 illius
1583 1043 1590 1055 ,
1614 1022 1765 1057 cuiusmodi

986 1071 1011 1098 id
1025 1075 1108 1103 esset,
1120 1075 1147 1098 et
1162 1070 1282 1105 quando,
1295 1069 1427 1104 quibusve
1439 1069 1466 1095 in
1483 1068 1549 1095 locis
1561 1069 1764 1103 appariturum:

987 1116 1182 1151 responderunt
1196 1123 1250 1143 non
1266 1115 1348 1151 hujus
1363 1114 1457 1141 mundi
1484 1122 1534 1142 nec
1553 1120 1686 1142 terrarum
1713 1114 1766 1140 im-

986 1162 1091 1197 perium
1108 1162 1171 1189 illud
1188 1169 1258 1194 esse,
1272 1162 1318 1190 sed
1336 1162 1488 1198 angelicum
1504 1168 1531 1191 et
1543 1163 1664 1194 ctel‘esle,
1693 1161 1765 1196 quod

985 1207 1012 1234 in
1024 1207 1077 1235 ﬁne
1092 1208 1251 1235 saaculorum
1263 1207 1383 1235 futurum
1397 1214 1481 1241 esset,
1494 1214 1559 1237 tunc
1570 1217 1630 1236 cum
1641 1209 1766 1236 Christus

986 1254 1132 1282 adveniens
1147 1262 1208 1282 cttm
1222 1254 1319 1289 gloria,
1333 1254 1411 1282 vivos
1427 1255 1506 1282 simul
1521 1260 1548 1282 et
1563 1260 1682 1282 mortuos
1693 1255 1765 1290 judi-

986 1301 1070 1334 cabil,
1084 1306 1111 1329 et
1127 1301 1274 1336 unicuique
1291 1301 1410 1336 operumf
1421 1308 1532 1328 suorum
1546 1301 1696 1328 mercedem
1718 1301 1765 1328 tri-

985 1345 1061 1374 buet.
1081 1346 1128 1374 His
1143 1347 1253 1379 auditis,
1270 1346 1439 1374 Domitianus
1455 1346 1522 1373 nihil
1551 1347 1681 1374 adversus
1704 1346 1765 1373 illos

987 1391 1109 1426 asperius
1123 1391 1244 1419 decrevit
1257 1399 1263 1418 :
1281 1391 1328 1419 sed
1343 1390 1470 1417 vilitatem
1484 1390 1621 1417 hominum
1637 1397 1763 1423 asperna-

986 1441 1040 1469 tus,
1059 1436 1158 1464 liberos
1174 1437 1251 1464 abire
1264 1437 1365 1471 jussit;
1382 1436 1518 1470 missoque
1534 1436 1623 1463 edicto
1638 1442 1767 1469 persecu-

986 1481 1086 1510 tionem
1097 1482 1227 1510 adversus
1244 1481 1396 1510 ‘Ecclesiaut
1406 1484 1571 1509 commotam
1588 1479 1765 1514 compescuit.

985 1528 1047 1555 Illos
1060 1535 1125 1555 vero
1139 1528 1172 1555 ad
1192 1527 1263 1555 hunc
1280 1527 1388 1555 modum
1405 1527 1542 1559 dimissos,
1559 1525 1685 1553 Ecclesiis
1693 1530 1767 1559 post-

987 1575 1037 1602 hac
1054 1573 1197 1609 przel'uisse
1211 1577 1333 1605 narrant,
1349 1576 1442 1607 utpote
1454 1571 1555 1599 Christi
1580 1575 1714 1604 martyres
1728 1571 1767 1598 si-

987 1620 1041 1648 mul
1053 1628 1083 1648 ac
1095 1620 1276 1655 propinquos;
1286 1623 1313 1646 et
1325 1625 1390 1653 pace
1401 1618 1509 1645 demum
1523 1617 1649 1644 Ecclesiae
1662 1616 1766 1644 reddita

985 1667 1018 1694 ad
1032 1666 1139 1701 Trajani
1156 1673 1241 1701 usque
1257 1670 1377 1700 tempora
1394 1664 1479 1692 vitam
1496 1663 1664 1698 perduxisse.
1678 1672 1687 1690 ι
1705 1662 1767 1690 lianc

985 1712 1094 1747 quidem
1114 1712 1291 1747 Hegesippus.
1303 1711 1356 1738 Sed
1375 1715 1402 1738 et
1422 1709 1605 1738 Tertullianus
1628 1709 1661 1736 de
1677 1709 1768 1737 Domi-

984 1759 1057 1786 tiano
1069 1758 1106 1786 ita
1117 1758 1211 1786 scribit
1228 1769 1234 1786 :
1255 1767 1264 1783 ι
1277 1757 1439 1785 Tentaverat
1451 1760 1477 1784 et
1485 1755 1664 1787 Domitianus,
1679 1756 1767 1790 portio

981 1815 1244 1850 Christopliorsonus
1264 1815 1344 1842 vertit
1358 1814 1510 1850 vectigalia,
1528 1813 1604 1850 quasi
1619 1814 1764 1846 vectigalia

981 1848 1105 1885 agrorum
1139 1852 1316 1878 solverentur.
1348 1851 1427 1883 Atqui
1454 1848 1538 1885 (pdpot
1563 1848 1661 1885 tributa
1690 1856 1764 1882 sunt,

1000 1883 1041 1912 {ne
1056 1893 1088 1913 ex
1104 1887 1177 1921 agris
1192 1885 1378 1915 solvebantur,
1392 1889 1473 1918 atque
1489 1884 1515 1910 in
1532 1883 1598 1917 ipsis
1623 1885 1765 1916 speciebus

980 1893 1037 1946 βενε
1060 1921 1254 1946 nendebantnr.
1282 1920 1308 1946 id
1336 1925 1378 1945 est
1399 1919 1424 1945 in
1447 1918 1548 1946 tritico.
1566 1917 1679 1946 hordeo,
1700 1920 1765 1946 vino

992 1917 1037 1947 iere
1060 1917 1254 1955 pend‘ebantnr,
1282 1920 1308 1946 id
1336 1917 1548 1955 estrinitriti_co,
1566 1917 1679 1955 hordeo,
1700 1920 1766 1955 vino

981 1959 1007 1981 et
1025 1952 1171 1987 similibus,
1185 1960 1213 1981 ut
1230 1959 1303 1988 patet
1322 1962 1354 1981 ex
1376 1954 1474 1981 Codice
1495 1952 1695 1988 Theodosiano.
1710 1953 1764 1981 Ve-

983 1990 1090 2023 ctigaiia
1106 1986 1171 2017 vero
1189 1986 1250 2017 sunt
1267 1997 1325 2021 qua:
1337 1988 1431 2016 Grzece
1443 1988 1569 2014 dicuntur
1583 1986 1659 2022 τέλη,
1675 1995 1735 2022 quae
1749 1997 1765 2016 a

982 2026 1135 2059 publicanis
1148 2025 1372 2052 conducebantur
1384 2028 1411 2050 et
1425 2023 1618 2059 exigebantur;
1636 2030 1697 2059 cum
1711 2024 1765 2059 Vtri-

982 2057 1046 2087 bula
1062 2067 1076 2086 a
1093 2059 1293 2094 susceptoribus
1306 2059 1347 2085 vel
1363 2059 1398 2086 ab
1409 2057 1608 2092 apparitoribus
1621 2058 1764 2091 prmsidum

983 2102 1014 2121 ac
1032 2095 1218 2127 prmfeutorum
1232 2094 1303 2129 exigi
1317 2094 1448 2120 solerent.

1020 2130 1057 2165 (2)
1075 2131 1198 2162 Τύλους.
1220 2127 1291 2165 Cum
1308 2128 1385 2155 initio
1414 2128 1556 2165 venissem
1573 2128 1665 2159 callos,
1683 2127 1762 2165 dubi-

984 2162 1150 2200 tar‘e'postea
1166 2164 1249 2198 coepi.
1265 2172 1298 2190 an
1314 2165 1399 2200 callus
1415 2163 1565 2200 masculino
1577 2170 1676 2200 genere
1688 2162 1763 2190 dice-

946 2202 969 2229 D
985 2195 1067 2227 rctnr'.
1087 2195 1290 2227 Totidem-vero
1315 2198 1436 2234 callosa
1458 2195 1624 2234 Vllulino‘idici
1644 2199 1764 2234 comperi

985 2234 1011 2261 in
1027 2234 1073 2263 lib.
1086 2243 1116 2266 ll,
1133 2235 1177 2262 ubi
1192 2235 1224 2260 de
1238 2238 1323 2261 morte
1343 2233 1435 2260 Jacobi
1451 2233 1543 2260 fratris
1559 2233 1675 2260 Domini.

1021 2270 1058 2305 (5)
1075 2270 1176 2305 Κρινεῖ
1189 2269 1309 2302 ζῶντας,
1320 2267 1349 2297 1η
1366 2269 1452 2305 codic.
1472 2268 1637 2305 Maz.,‘Mcd.
1650 2276 1681 2305 ac
1694 2268 1761 2296 Fuk.

983 2303 1179 2340 necii'on'apud
1202 2305 1382 2339 Nicephorum
1402 2303 1500 2340 legitur
1516 2303 1642 2340 κρίνειεν.
1664 2303 1717 2340 sed
1735 2309 1763 2331 et

983 2340 1069 2367 codex
1088 2338 1185 2375 Regius
1215 2342 1249 2368 ita
1279 2339 1378 2366 diserte
1403 2339 1532 2375 scriptum
1562 2339 1663 2375 baliet._
1675 2338 1762 2371 Quare

983 2373 1163 2407 mendumcst
1177 2374 1396 2410 typograpliicum
1422 2374 1493 2407 quod
1512 2373 1537 2399 in
1561 2373 1628 2400 Rob.
1648 2373 1761 2408 Stepha-

983 2409 1010 2435 ni
1022 2411 1163 2438 editioncm
1178 2409 1295 2445 irrepsit.

1019 2445 1055 2480 μ)
1071 2447 1135 2473 ’Ἀτε
1149 2446 1224 2480 ἔχων
1234 2442 1262 2472 τι
1276 2445 1440 2477 συνέσεως.
1460 2442 1587 2480 Quisquis
1601 2442 1761 2480 Tertulliani

982 2478 1181 2515 Apol'egeticurri
1195 2481 1287 2508 Grzcce
1302 2482 1390 2511 vertit,
1407 2480 1486 2515 verba
1502 2478 1573 2504 illius
1597 2478 1707 2515 minime
1721 2483 1762 2504 est

983 2512 1133 2544 assecutus.
1159 2517 1203 2543 Ait
1226 2516 1298 2542 enim
1321 2514 1512 2545 Tertullianus,
1540 2517 1601 2546 post
1615 2512 1761 2547 Nemucm,

982 2551 1026 2585 qui
1041 2552 1142 2585 primus
1157 2551 1243 2578 sreviit
1260 2549 1481 2585 iuVChristianos,
1499 2547 1680 2585 Domitianum
1691 2555 1756 2585 ψιυτ

982 2581 1140 2622 qum-utpote
1159 2587 1273 2613 alterum
1288 2583 1430 2622 Neronem,
1447 2584 1517 2622 idem
1540 2581 1696 2622 lentavissel,
1713 2583 1759 2620 sed

983 2617 1012 2646 tit
1029 2617 1150 2648 homines
1163 2622 1212 2648 levi
1228 2628 1259 2646 ac
1274 2619 1364 2645 mobili
1382 2623 1444 2645 sunt
1464 2617 1583 2651 ingenio,
1599 2617 1701 2651 cilorab
1721 2617 1762 2642 iu-

983 2662 1060 2691 cepto
1078 2657 1222 2683 destitisse.
1238 2656 1271 2682 At
1289 2654 1485 2691 Eusebiusseu
1499 2650 1641 2691 quisnalius
1654 2650 1705 2691 fuit
1719 2651 1762 2676 iu-

984 2686 1087 2724 terpres
1108 2690 1276 2726 Apotogetici,
1297 2689 1387 2726 verba
1405 2688 1448 2726 illa
1465 2686 1635 2726 Tertulliani,
1648 2686 1691 2713 sed
1711 2693 1761 2720 qua

981 2732 1005 2757 et
1021 2722 1107 2759 homo,
1121 2727 1155 2752 ita
1173 2722 1285 2760 accepit,
1312 2724 1389 2761 quasi
1406 2722 1586 2761 'l‘crtullianus
1601 2722 1696 2761 dicere.
1713 2728 1760 2748 vo-

982 2761 1087 2795 luisset,
1100 2757 1285 2789 Domitian—uni
1308 2757 1416 2794 quidem
1435 2757 1762 2795 aliquatenushominem

979 2791 1085 2862 lauisse,
1097 2796 1228 2825 Neronem
1243 2802 1306 2823 vero
1316 2791 1437 2823 belluam
1464 2791 1553 2828 potius
1581 2791 1664 2822 fuisse
1681 2797 1764 2827 quam

1000 2840 1126 2860 ormnem.

1000 2840 1126 2860 011111112111.
