1993 3164
247 152 302 180 255

596 151 733 180 EUSEBll
751 151 989 180 (ΖΔΕΞΑΒΙΕΝδιὸ
1007 153 1033 180 Ol

1102 151 1192 179 PARS
1211 151 1232 179 1.
1251 167 1286 172 ——
1304 151 1497 179 HISTORICA.

1812 152 1865 180 256

251 211 366 239 Neronis
395 211 428 238 de
440 209 610 238 crudelitate.
628 211 682 239 Sed
699 211 762 246 quia
787 215 814 239 et
836 212 926 244 homo,
954 211 1033 240 facile

1087 221 1136 238 κει.
1152 221 1161 238 ι
1182 210 1258 238 Μετὰ
1280 211 1309 238 δὲ
1332 211 1376 237 τὸν
1389 210 1550 246 Δομετιανὸν
1565 209 1757 237 πεντεκαίδεκα
1779 211 1866 238 ἐτεσιν

250 261 366 292 coeptum
377 255 515 290 repressit,
523 255 654 284 restitutis
661 257 741 284 etiam
753 264 821 292 quos
832 257 1010 292 relegaverat.
1018 267 1027 284 ι

250 301 316 330 Post
332 301 435 330 obitum
447 309 512 329 vero
526 301 681 335 Domitiani,
697 303 742 337 qui
759 309 808 337 per
817 311 901 330 annos
915 303 1031 338 quinde-

248 350 302 376 cim
323 348 465 383 imperium
481 349 584 381 tenuit,
598 356 660 376 eum
691 348 779 376 Nerva
808 349 834 376 in
861 349 920 384 ejus
942 349 1030 377 locum

249 397 438 424 successisset,
453 393 606 420 Domitiano
618 397 727 428 qutdem
738 401 832 422 omnes
850 395 983 422 honorum
997 395 1030 422 ti-

251 437 322 465 tulos
337 444 462 472 abrogari
476 443 587 466 senatus
595 439 716 466 decrevrt
729 448 737 472 ;
752 439 785 466 iis
796 447 860 466 vero
873 440 918 475 qui
930 440 1029 475 injuste

249 482 284 510 ab
301 481 347 510 illo
361 482 493 517 deportati
506 482 623 516 fuerant,
637 483 751 510 reditum
767 484 793 511 in
807 484 934 518 patriam,
945 490 971 512 et
981 493 1029 512 sua

249 528 348 563 cuique
361 529 429 556 bona
444 529 548 556 restitui
562 538 570 557 ε
584 529 808 564 quemadmodum
825 529 942 557 refertur
950 530 983 558 ab
997 531 1030 558 iis

249 574 296 608 qui
309 582 399 601 rerum
418 579 482 602 tunc
506 576 631 610 temporis
652 580 788 610 gestarum
809 576 948 603 historiam
963 584 1028 603 con-

248 619 386 647 diderunt.
406 620 482 648 Tune
497 621 579 655 igitur
597 625 623 648 et
635 619 766 648 Joannem
783 621 934 654 apostolum
949 621 1026 648 insu-

1083 258 1321 293 ὲπικρατήσαντα,
1353 256 1460 292 Νεροὺα
1482 256 1531 292 τὴν
1557 255 1643 291 ἀρχὴν
1663 255 1864 291 διαδεξαμένου,

1082 302 1277 338 καθαιρεθῆναι
1300 302 1349 337 μὲν
1362 302 1412 333 τὰς
1424 301 1585 336 Δομετιανοῦ
1598 301 1679 336 τιμὰς
1688 321 1694 332 ,
1710 301 1866 330 ἐπανελθεῖν

1080 349 1109 376 δὲ
1123 350 1170 375 ἐπὶ
1185 349 1219 375 τὰ
1238 350 1324 375 οἰκεῖα
1340 348 1409 383 μετὰ
1421 347 1468 374 τοῦ
1484 348 1590 380 καὶτὰς
1610 348 1703 379 οὐσίας
1718 348 1866 376 ἀπολαὸεἶν

1081 395 1144 426 τοὺς
1158 393 1258 426 ἀδίκως
1280 393 1501 429 ὲξεληλαμένους,
1520 395 1536 429 ἡ
1558 394 1697 429 Ῥωμαίων
1717 394 1867 431 σύγκλητος

1082 440 1162 476 βουλὴ
1179 439 1327 475 ψηφίζεται
1341 447 1348 454 ·
1363 439 1513 475 ἱστοροῦσιν
1528 440 1552 465 οἱ
1568 441 1658 475 γραφῇ
1670 439 1704 466 τὰ
1718 440 1788 467 κατὰ
1802 441 1866 472 τοὺς

1082 488 1196 524 χρόνους
1211 487 1387 523 παραδόντες.
1408 485 1473 511 Τότε
1489 485 1520 521 δὴ
1536 483 1582 512 οὖν
1598 485 1645 511 καὶ
1658 486 1703 512 τὸν
1718 485 1866 512 ἀπόστολον

1089 532 1217 567 Ἰωάννην
1241 531 1294 558 ἀπὸ
1311 533 1361 566 τῆς
1385 530 1454 557 κατὰ
1478 530 1528 566 τὴν
1546 531 1626 565 νῆσον
1645 531 1732 566 φυγῆς
1751 531 1800 566 τὴν
1819 531 1866 557 ἐπὶ

1081 579 1132 613 τῆς
1160 578 1271 613 Ἐφέσου
1298 577 1436 613 διατριϐὴν
1466 576 1658 612 ἀπειληφέναι,
1683 577 1699 604 ὁ
1724 577 1778 604 τῶν
1801 577 1866 613 παρ’

1083 625 1149 658 ἡμῖν
1164 623 1284 660 ἀρχαίων
1300 623 1464 659 παραδίδωσι
1478 622 1566 656 λόγος.

248 664 299 693 lari
313 666 408 693 exsilio
421 667 577 698 liberatum,
606 674 683 693 suum
702 667 729 693 iu
760 667 828 694 urbe
863 666 970 701 Epheso
1001 667 1169 696 domicilium
1197 669 1364 704 postliminio
1390 668 1548 702 recepisse,
1579 669 1753 697 vetustiorum
1786 668 1866 698 nobis

248 713 358 740 tradidit
369 713 446 740 fides.

537 757 650 786 CAPUT
672 758 741 785 XXI.

273 803 498 838 Quemadmodum
515 804 754 831 Alexandrinorum
771 803 896 832 Ecclesiae
910 807 1002 834 tertius

529 840 633 873 prefuit
650 838 744 866 Cerdo.

286 884 350 912 Post
363 884 421 912 hace
436 884 563 912 defuncto
579 883 684 918 Nerva,
704 885 750 920 qui
769 885 848 920 paulo
875 885 934 920 plus
948 894 1029 920 quam

248 930 311 957 anni
323 929 408 964 spatio
420 934 590 964 regnaverat,
600 929 733 965 Trajanus
745 930 888 965 imperium
901 931 1028 959 obtinuit.

248 975 305 1003 lloc
325 975 440 1010 primum
459 975 546 1002 adhuc
560 976 728 1011 principatus
737 984 838 1003 annum
853 981 959 1011 agente,
967 985 1030 1004 cum

247 1022 362 1054 Avilius.
372 1023 417 1057 qui
432 1030 479 1057 per
497 1022 625 1049 tredecim
641 1030 725 1049 annos
737 1023 948 1050 Alexandrinam
962 1024 1032 1050 rexit

247 1067 408 1101 Ecclesiam,
424 1072 546 1094 mortuus
564 1072 647 1099 esset,
664 1067 691 1095 in
716 1067 775 1103 ejus
791 1068 880 1095 locum
900 1069 1031 1096 successit

247 1114 347 1141 Cerdo.
366 1112 474 1140 Tertius
492 1112 535 1140 hic
547 1113 581 1141 ab
595 1113 721 1140 Anniano
737 1113 796 1149 ejus
815 1113 934 1141 civitatis
958 1114 1031 1141 anti-

248 1163 305 1186 stes
322 1158 384 1186 fuit.
403 1158 505 1186 Eodem
524 1163 644 1194 tempore
661 1164 749 1186 adnue
768 1158 893 1186 Clemens
905 1159 1032 1188 ltomanre

250 1204 377 1232 Ecclesia:
390 1205 562 1239 pra'sidebat,
577 1205 624 1239 qui
638 1204 690 1240 91
700 1210 727 1232 et
738 1205 796 1239 ipse
811 1205 906 1232 tertius
921 1213 935 1231 a
948 1205 1030 1232 Paulo

247 1257 281 1276 ac
297 1249 377 1277 Petro
391 1249 460 1276 inter
470 1250 614 1284 episcopos
627 1247 774 1285 éjus.urbis
791 1250 970 1285 prornotionis
984 1258 1030 1277 or-

249 1295 311 1322 dine
327 1299 494 1322 numeratur.
515 1295 622 1326 Primus
643 1295 717 1323 enim
746 1295 798 1323 fuit
812 1295 916 1324 Linus:
933 1302 1032 1323 secun-

249 1340 300 1367 dus
312 1339 490 1368 Anencletus.

534 1385 648 1414 CAPUT
663 1385 745 1413 XXII.

250 1432 283 1460 Ut
301 1433 522 1461 Amico/tenerum
546 1432 671 1493 Eclclesite
700 1433 828 1461 secundus
852 1434 959 1462 antistes
979 1433 1030 1468 fuit

593 1474 706 1493 anutrus.

592 1474 706 1502 gnutrus.

285 1513 363 1548 Apud
379 1513 551 1541 Antiochiam
565 1521 630 1540 vero
645 1513 770 1541 defuncto
789 1514 900 1548 Evodio,
913 1516 958 1550 qui
975 1516 1031 1550 pri-

251 1567 311 1587 mus
320 1559 378 1593 ejus
392 1559 444 1587 loci
458 1559 623 1587 constitutus
635 1559 721 1587 fuerat
732 1561 884 1595 episcopus.
900 1562 1033 1589 Secundus

251 1612 306 1633 tum
326 1606 442 1633 maxime
461 1606 572 1633 ﬂorebat
587 1605 715 1641 lgnalius.
743 1607 938 1643 Hierosolymis
966 1615 1034 1643 quo-

250 1659 304 1687 que
319 1652 446 1687 Syincon,
470 1651 604 1683 secundus
633 1656 695 1686 post
723 1651 855 1679 Iacobum
883 1652 1034 1680 Servatoris

251 1698 336 1725 nostri
359 1697 482 1731 fratrem,
512 1697 606 1726 eodem
631 1702 750 1733 tempore
775 1698 1034 1726 administrationem

250 1743 380 1771 Ecclesia;
393 1749 560 1777 susceperat.

532 1788 645 1817 CAPUT
660 1788 753 1816 XXIII.

418 1834 547 1861 Narratio
563 1835 594 1862 tle
610 1834 714 1862 Joanne
732 1834 860 1869 apostolo.

286 1914 382 1941 Iisdem
400 1913 566 1948 temporibus
577 1913 603 1940 in
617 1913 679 1940 Asia
693 1913 829 1947 apostolus
844 1913 890 1940 ille
910 1918 937 1939 et
952 1921 1034 1940 evan-

251 1961 347 1996 gelista
363 1959 486 1987 Joannes
517 1967 596 1994 quem
626 1958 704 1986 .lesus
729 1959 862 1993 prtecipue
891 1959 1034 1990 dilexerat,

252 2008 339 2035 adhuc
356 2007 384 2035 in
403 2007 471 2035 vivis
495 2014 577 2042 agens
591 2005 724 2034 Eeclesias
755 2005 872 2040 regionis
884 2004 956 2031 illius
984 2012 1035 2039 gu-

252 2053 395 2086 bernabat,
412 2058 471 2088 post
482 2053 626 2081 Domitiani
648 2060 761 2080 mortem
777 2060 902 2079 reversus
916 2052 951 2078 ab
965 2051 1038 2079 exsi-

253 2099 289 2126 lio
303 2101 376 2133 quod
391 2099 417 2125 in
433 2099 519 2126 insula
537 2099 693 2134 pertulerat.
713 2098 789 2131 Quod
805 2102 896 2124 autem
919 2096 1037 2124 Joannes

341 2155 421 2182 Μετὰ
436 2155 556 2182 Πιιῦλόν
566 2155 661 2191 regnat
675 2155 796 2191 Πέτρον.
814 2155 871 2181 Duo
885 2155 928 2181 hic
943 2154 1035 2191 obser-

1327 759 1521 786 ΚΕΦΑΛΑΙΟΝ
1552 759 1617 785 KA’.

1123 806 1169 839 Ὠς
1185 804 1239 838 τῆς
1257 805 1665 841 Ἀλεξανδρέωνᾚκκλησίας
1676 805 1774 839 τρίτος
1785 805 1867 841 ἡγεῖ-

1378 849 1425 866 ται
1447 839 1573 874 Κέρδων.

1119 885 1218 921 Μικρῷ
1240 885 1268 912 δὲ
1285 885 1366 912 πλέον
1389 885 1511 912 ἐνιαυτοῦ
1529 885 1734 920 βασιλεύσαντος
1748 886 1868 922 Negotia,

1081 932 1233 966 διαδέχεται
1258 931 1400 967 Τραϊανός.
1418 927 1456 957 Οὗ
1469 931 1500 966 δὴ
1524 931 1631 968 πρῶτον
1658 931 1717 964 ἔτος
1736 929 1780 968 ἦν,
1800 933 1829 958 ὲν
1844 930 1868 967 ᾧ

1083 978 1132 1012 τῆς
1166 977 1224 1004 κατ’
1243 977 1444 1012 Ἀλεξάνδρειαν
1479 977 1638 1012 παροικίας.
1664 977 1778 1005 ’Δειλιον
1801 978 1869 1006 δέκα

1085 1024 1152 1058 πρὸς
1171 1023 1259 1058 τρισὶν
1274 1023 1361 1049 ἐτεσιν
1380 1024 1562 1058 ἡγησάμενον,
1580 1024 1730 1059 διαδέκεται
1743 1024 1864 1061 Κέρδων.

1084 1069 1105 1095 Τ
1109 1069 1182 1104 ρίτης
1198 1066 1274 1101 οὗτος
1287 1069 1340 1095 τῶν
1352 1069 1443 1095 αὐτόθι
1461 1070 1530 1104 μετὰ
1543 1069 1588 1097 τὸν
1604 1070 1710 1106 πρῶτον
1733 1071 1867 1098 Ἀννιανὺν

1085 1113 1214 1148 προέστη.
1242 1113 1285 1139 Ἐν
1311 1113 1396 1148 τούτῳ
1420 1113 1448 1140 δὲ
1471 1114 1612 1149 Ῥωμαίων
1642 1115 1725 1142 εἰσέτι
1752 1115 1868 1150 Κλήμης
1901 1126 1904 1128 τ

1084 1159 1185 1193 ἡγεῖτο,
1209 1158 1299 1194 τρίτον
1326 1159 1372 1185 καὶ
1401 1159 1481 1190 αὐτὸς
1499 1159 1602 1195 ἐπέχων
1639 1160 1692 1187 τῶν
1711 1160 1772 1195 τῇδε
1798 1161 1868 1195 μετά

1084 1203 1188 1230 Παῦλον
1203 1212 1233 1230 τε
1249 1204 1295 1230 καὶ
1307 1204 1409 1239 Πέτρον
1427 1205 1465 1239 (5)
1480 1205 1734 1233 ὲπισκοπευσάντων
1753 1205 1866 1240 βαῦμόν.

1083 1250 1161 1281 Δῖνος
1184 1250 1211 1276 δὲ
1234 1251 1248 1277 ό
1275 1249 1382 1286 πρῶτος
1404 1248 1449 1286 ἦν,
1463 1251 1509 1278 καὶ
1535 1252 1593 1287 μετ’
1613 1252 1695 1278 αὑτὸν
1722 1252 1869 1287 Ἀνέγχλη-

1082 1304 1128 1328 τος
1147 1296 1194 1331 (6).

1331 1386 1528 1412 ΚΕΦΛΛΛΙΟΝ
1557 1387 1621 1414 κη’.

1170 1432 1217 1465 Ὠς
1232 1431 1287 1466 τῆς
1303 1432 1472 1468 Ἀντιοχέων
1479 1433 1619 1468 δεύτερος
1634 1432 1774 1468 Ἰγνάτιος

1325 1468 1393 1502 (Nic.
1411 1467 1446 1494 H.
1463 1467 1494 1494 E.
1516 1476 1554 1495 Ill.
1573 1468 1627 1503 lt).

1123 1511 1200 1539 Ἀλλὰ
1223 1513 1270 1539 καὶ
1290 1513 1342 1539 τῶν
1372 1514 1414 1539 ἐπ’
1444 1513 1606 1548 Ἀντιοχείας
1625 1513 1736 1540 Εὖοδίου
1760 1514 1869 1549 πρώτου

1083 1558 1275 1590 καταστάντος.
1292 1558 1418 1594 δεύτερος
1437 1561 1464 1586 ὲν
1479 1561 1535 1591 τοῖς
1547 1559 1718 1594 δηλουμένοις
1740 1560 1868 1593 Ἰγνάτιος

1084 1604 1254 1640 ὲγνωρίζετο.
1281 1604 1392 1640 Συμεὼν
1406 1605 1505 1640 ὁμοίως
1524 1605 1648 1641 δεύτερος
1672 1606 1740 1640 μετὰ
1754 1605 1799 1632 τὸν
1821 1605 1869 1632 τοῦ

1084 1650 1210 1685 Σωτῆρος
1237 1651 1314 1686 ἡμῶν
1335 1651 1458 1685 ἀδελφὸν,
1478 1651 1528 1686 τῆς
1549 1653 1577 1677 ὲν
1592 1651 1785 1687 Ἱεροσολύμοις
1805 1652 1870 1678 Ἐκ-

1085 1698 1196 1734 κλησῖας
1211 1698 1281 1724 κατὰ
1295 1697 1405 1729 τούτους
1415 1698 1463 1734 τὴν
1472 1698 1641 1734 λειτουργίαν
1657 1698 1863 1734 ἐγκεχειρισμέ-

1087 1753 1131 1776 νος
1144 1742 1177 1780 ἦν
1193 1744 1242 1780 (7).

1336 1789 1534 1816 ΚΕΦΑΛΑΙΟΝ
1560 1789 1623 1816 Kl".

1143 1834 1267 1868 ’ἱστορία
1281 1834 1347 1868 περὶ
1367 1833 1507 1861 Ἰωάννου
1528 1833 1581 1860 τοῦ
1601 1834 1789 1864 ἀποστόλουε

1260 1880 1329 1915 (Nic.
1347 1880 1381 1908 11.
1399 1879 1434 1907 Ε.
1455 1889 1495 1910 Ill,
1518 1881 1546 1906 ll
1561 1889 1567 1911 ;
1581 1888 1610 1911 ll,
1623 1880 1678 1911 42).

1126 1915 1186 1942 Ἐπὶ
1201 1914 1304 1947 τούτοις
1321 1915 1390 1942 κατὰ
1400 1915 1449 1950 τὴν
1462 1915 1553 1942 Ἀσίαν
1572 1915 1611 1942 ἔτι
1631 1914 1669 1950 τῷ
1687 1914 1736 1949 βίῳ
1750 1915 1870 1949 περιλει-

1085 1961 1212 1996 πόμενος,
1227 1961 1308 1992 αὐτὸς
1323 1962 1425 1992 ἐκεῖνος
1437 1961 1466 1987 ὂν
1483 1961 1577 1996 ἠγάπα
1590 1962 1604 1987 ό
1623 1960 1735 1995 Ἰησοῦς,
1753 1960 1871 1987 ἀπόστο-

1086 2007 1130 2038 λος
1143 2006 1210 2042 ὁμοῦ
1222 2008 1269 2033 καὶ
1285 2007 1479 2042 εὐαγγελιστὴς
1495 2007 1620 2045 Ἰωάννης
1639 2007 1688 2038 τὰς
1700 2007 1791 2033 αὐτόοι
1804 2007 1870 2033 διεῖ-

1090 2061 1139 2079 πεν
1150 2051 1317 2088 Ἐκκλησίας,
1335 2052 1388 2079 ἀπὺ
1405 2053 1455 2088 τῆς
1475 2053 1545 2079 κατὰ
1563 2052 1612 2088 τὴν
1627 2053 1707 2087 νῆσον
1730 2052 1798 2087 μετὰ
1820 2053 1870 2088 τὴν

1089 2098 1250 2132 Δομετιανοῦ
1265 2098 1392 2134 τελευτὴν
1409 2097 1561 2125 ἐπανελθὼν
1585 2098 1681 2133 φυγῆς.
1696 2098 1756 2124 ’Ότι
1776 2097 1805 2124 δὲ
1831 2099 1872 2129 εις

1087 2163 1132 2183 τον
1149 2155 1249 2190 κλῆρον
1263 2155 1310 2190 τῆς
1333 2155 1513 2190 ὲπισκοπικῆς
1532 2155 1655 2190 διαδοχῆς
1670 2155 1722 2181 ἀπὸ
1736 2155 1789 2181 τῶν
1803 2155 1872 2181 ἁπο-

253 2189 344 2218 vanda
360 2195 433 2221 sunt,
447 2195 502 2216 tum
516 2191 587 2224 quod
604 2190 715 2216 Paulum
735 2190 812 2216 l’elro
831 2192 965 2223 praeponit
982 2189 1033 2216 Eu-

1089 2190 1188 2217 στόλων
1200 2189 1314 2225 ἔχοντος·
1331 2191 1393 2219 etin
1410 2191 1454 2217 lib.
1468 2189 1507 2223 ut,
1521 2198 1580 2224 cap.
1593 2192 1609 2217 5
1623 2189 1650 2216 et
1664 2191 1689 2216 Δ.
1699 2191 1806 2225 ρυίνιιιξ
1816 2189 1873 2216 lru-

254 2226 358 2257 sebius,
376 2231 432 2251 tum
447 2225 517 2258 quod
531 2231 676 2259 utrumque
688 2225 761 2252 urbis
778 2225 870 2251 Itonia:
881 2225 1035 2258 episcopum

255 2261 344 2288 facere
367 2260 484 2286 videtur.
504 2260 580 2293 Quod
599 2261 631 2286 ad
649 2260 763 2293 primani
781 2260 955 2293 quiestionem
972 2259 1037 2285 atti-

255 2299 310 2328 uel,
327 2296 411 2322 etiam
432 2294 495 2322 alibi
514 2295 628 2328 idipsum
644 2294 706 2321 fecit
718 2294 856 2321 Eusebius.
872 2293 928 2320 Non
947 2298 1035 2320 tamen

255 2330 467 2358 existimandum
490 2334 531 2356 est
554 2329 665 2356 Paulum
689 2329 790 2356 idcirco
804 2329 928 2355 anteferri
945 2328 1035 2356 Petro.

256 2366 333 2400 Sa-pe
357 2365 429 2392 enim
453 2365 646 2400 honoratiores
659 2365 808 2400 posteriore
824 2364 881 2391 loco
895 2364 1036 2400 nominau-

257 2397 312 2428 ιιιιῦ
329 2399 450 2434 Denique
466 2399 492 2426 in
511 2399 605 2433 sigillis
628 2399 754 2426 Ecclesia:
778 2398 907 2426 llou‘ana:
938 2397 1036 2425 Paulus

257 2443 365 2470 semper
379 2443 393 2461 a
406 2436 501 2462 dextra
519 2435 639 2470 ponitur,
656 2434 751 2461 Petrus
773 2442 786 2460 τι
804 2434 974 2470 ξῖιιῇῥιτεηυε
990 2442 1037 2470 ιιοτ

256 2468 323 2497 tavit
336 2470 467 2497 Batonius
485 2468 700 2503 in’Expositioue
717 2469 820 2496 coizcrlii
836 2468 1036 2502 Nica'ui.Quod

255 2506 291 2533 ad
317 2505 464 2532 secundam
490 2504 673 2531 dillicultatem
700 2505 806 2536 attinet,
833 2505 970 2531 sciendum
995 2508 1037 2529 est

255 2540 402 2568 Eusebium
421 2540 559 2574 apostolos
574 2540 599 2566 in
620 2539 715 2565 ordine
727 2540 912 2573 episcoporum
926 2539 1037 2565 minime

256 2583 410 2607 numerare,
427 2580 455 2601 ut
467 2583 548 2609 supra
565 2575 665 2601 notavi.
689 2575 719 2600 lit
735 2574 846 2601 l’aulnm
861 2574 969 2608 quidem
984 2581 1035 2599 una

257 2617 316 2636 cum
332 2610 412 2637 Petro
425 2609 575 2636 Romanam
599 2609 746 2636 Ecclesium
771 2609 898 2636 fundasse
911 2616 943 2635 ac
959 2609 1036 2643 plan-

258 2649 329 2672 tasse
344 2652 426 2679 Supra
441 2645 510 2672 dixit
525 2653 558 2672 ex
577 2645 702 2680 Dionysio
717 2643 921 2680 Corinthiorum
931 2644 1037 2680 episco-

256 2687 302 2713 po,
316 2684 343 2706 et
363 2678 430 2706 infra
443 2680 514 2706 dicet
531 2687 564 2707 ex
576 2678 686 2706 lrena-o.
700 2679 800 2706 ’l'anu-n
811 2687 872 2706 cum
888 2679 920 2705 de
931 2678 1036 2712 episco-

257 2719 325 2749 patu
342 2714 419 2741 lloru.
433 2714 562 2749 loquitur,
572 2715 621 2742 soli
635 2714 713 2742 Petro
731 2722 791 2741 cum
806 2715 909 2744 tribuit,
925 2718 952 2740 ut
964 2718 1038 2747 patet

258 2756 291 2774 ex
306 2747 436 2775 Chronico
451 2747 614 2777 Eusebiano.
633 2749 699 2776 Vide
723 2757 781 2784 qua:
795 2750 821 2776 in
836 2750 906 2776 hanc
919 2756 974 2784 rem
991 2749 1038 2784 do:

259 2784 381 2810 ctissime
397 2783 531 2817 disputata
561 2790 623 2811 sunt
636 2793 650 2812 a
667 2782 747 2811 Petro
764 2784 890 2815 llaberto.
907 2782 1037 2810 Vabrensi

259 2818 398 2852 episcopo.
419 2819 444 2844 iu
457 2819 527 2845 libro
543 2819 579 2844 De
597 2821 711 2852 primatu
729 2819 812 2846 Petri.
829 2819 865 2845 Ita
887 2818 1038 2851 intelligen-

259 2854 309 2880 tlth
325 2858 366 2880 est
379 2853 494 2880 Irenwus
515 2854 542 2881 iu
565 2854 632 2881 libro
646 2863 652 2881 ι
671 2856 702 2882 dc
716 2853 821 2889 Hygino
848 2854 968 2888 loquens,
983 2852 1039 2879 ἕνα·

1090 2233 1172 2256 ιιευιιε,
1192 2225 1304 2259 perinde
1320 2234 1352 2252 ac
1367 2226 1498 2252 Eusebius
1515 2231 1616 2255 uoster.
1633 2225 1740 2252 Petrum
1753 2232 1784 2251 ac
1796 2224 1870 2250 Pau-

1089 2259 1145 2286 lum
1162 2260 1299 2294 apostolOs
1314 2260 1462 2286 [loruanam
1478 2261 1586 2294 quidem
1605 2260 1752 2287 Ecclesium
1769 2259 1870 2285 funda-

1089 2295 1160 2322 visse
1173 2295 1255 2326 dicit;
1271 2297 1317 2322 sed
1337 2303 1384 2322 eos
1403 2296 1427 2322 iu
1445 2297 1630 2328 episcoporum
1647 2295 1743 2321 ordine
1770 2301 1870 2326 nequa-

1089 2336 1169 2364 quam
1186 2335 1320 2356 recenset.
1341 2330 1439 2356 Eodem
1454 2338 1534 2356 sensu
1557 2331 1583 2357 in
1607 2330 1701 2356 limresi
1720 2329 1872 2364 (Zerdonia-

1090 2372 1185 2390 norum
1205 2365 1370 2400 Epiphanius
1387 2365 1425 2391 ait
1439 2364 1572 2400 Hyginum
1591 2370 1650 2399 post
1662 2364 1803 2394 Jacobum,
1819 2363 1871 2400 Pu-

1091 2403 1161 2425 trum
1192 2408 1224 2426 ac
1251 2399 1361 2426 Paulum
1389 2398 1546 2433 apostolos,
1578 2398 1677 2426 nouum
1709 2398 1873 2433 episcopalis

1090 2435 1269 2461 suouessionis
1295 2435 1382 2462 locum
1399 2435 1525 2462 tenuisse.
1545 2435 1650 2468 Siquis
1673 2442 1706 2460 ex
1735 2435 1783 2460 hoc
1811 2433 1872 2459 loco

1089 2470 1264 2497 contenderet
1278 2468 1406 2496 Jacohum
1417 2469 1500 2496 fuisse
1513 2467 1669 2504 episcopum
1689 2469 1762 2495 urbis
1776 2467 1872 2494 Reum:

1091 2512 1142 2530 una
1175 2512 1234 2531 cum
1261 2506 1350 2535 Petro.
1369 2505 1392 2531 is
1413 2503 1534 2538 proferto
1557 2504 1687 2531 ridiculus
1714 2503 1871 2530 haberetur.

1091 2538 1161 2565 Idem
1178 2547 1284 2573 quoque
1300 2539 1444 2571 putandum
1455 2544 1496 2573 est
1510 2540 1542 2566 dc
1558 2538 1649 2564 Paulo.

1126 2574 1165 2607 ((5)
1177 2572 1308 2606 Αἶνος-δὲ
1319 2576 1334 2601 d
1349 2572 1463 2607 πρῶτος
1472 2572 1520 2608 ἦν,
1537 2573 1585 2600 καὶ
1598 2573 1661 2607 μεθ’
1672 2572 1764 2599 αὑτὸν
1777 2572 1873 2605 Ἆνέγ-

1090 2610 1212 2642 κλητος.
1227 2613 1289 2636 llaec
1309 2611 1391 2635 verba
1416 2610 1441 2635 in
1465 2607 1690 2642 interpretatione
1714 2616 1763 2634 sua
1780 2607 1874 2633 omisit

1092 2643 1216 2676 Rutilius,
1232 2652 1281 2670 nec
1298 2644 1357 2671 sine
1374 2651 1464 2670 causa.
1479 2644 1548 2670 Sunt
1565 2643 1636 2669 enim
1649 2650 1759 2675 prorsus
1774 2649 1871 2675 super-

1090 2677 1154 2710 flua,
1168 2684 1195 2705 et
1207 2688 1221 2705 a
1241 2679 1386 2706 scholiaste
1401 2679 1516 2712 primum
1529 2678 1619 2704 addita
1641 2685 1712 2710 esse,
1728 2684 1759 2704 ac
1778 2681 1873 2711 postea

1091 2712 1116 2738 in
1134 2719 1235 2740 textum
1254 2714 1376 2740 videntur
1393 2713 1518 2740 admissa.

1129 2749 1166 2783 (7)
1185 2749 1244 2782 Τὴν
1268 2748 1455 2783 λειτοιιογίαν
1478 2747 1733 2782 ἐγκεχειρισμένος
1760 2743 1875 2783 ﬁnulta

1091 2780 1198 2820 quidem
1213 2780 1295 2820 codex
1309 2780 1531 2820 ltegitts._\'ertirti
1544 2780 1662 2820 qiifituor
1676 2782 1792 2820 reliqui.‘
1803 2780 1873 2806 blaz.

1091 2816 1192 2846 scilicet
1209 2827 1240 2844 ac
1256 2817 1324 2844 Med.
1344 2825 1405 2843 com
1423 2816 1489 2843 Fuk.
1516 2826 1547 2844 ac
1571 2818 1715 2848 Saviliano,
1743 2816 1874 2850 scriptum

1092 2855 1191 2883 habent
1207 2854 1255 2888 τὴν
1270 2851 1439 2887 λειτουργίαν
1454 2849 1535 2887 εἶχεν.
