1993 3164
111 169 165 198 257

614 169 787 198 HISTORle
808 168 1085 198 ECCLESIASTICE
1105 167 1167 196 LIB.
1188 166 1231 195 lll.

1634 203 1638 206 Α
1681 166 1731 196 253

111 231 225 263 τούτους
243 231 284 258 ἔτι
300 231 340 267 τῷ
366 231 415 267 βίῳ
431 231 538 268 περιῆν,
552 232 658 268 ἀπόχρη
683 231 726 259 διὰ
740 231 786 259 δύο
799 231 897 258 πιστώ-

952 232 979 259 id
995 231 1052 258 inec
1064 237 1148 265 usque
1164 234 1283 264 tempora
1295 229 1467 264 Tpervenerit,
1487 229 1600 257 duorum
1621 229 1730 257 testium

113 277 213 305 «ασθαι
225 277 272 304 τὸν
286 277 366 312 λόγον
382 278 535 313 μαρτύρων.
552 278 647 304 Πιστοὶ
665 277 688 304 δ’
700 277 733 304 ἂν
753 275 806 304 εἷεν
817 275 897 309 οὗτοι,

111 324 166 359 τῆς
189 323 420 359 ἐκκλησιαστικῆς
445 322 662 359 πρεσὸεύσαντες
686 322 848 358 ὁρθοδοξίας.
868 321 899 348 Ol

113 370 148 405 δὴ
163 369 278 396 τοιοῦτοι
307 369 448 405 Εἰρηναῖος
462 368 508 394 καὶ
526 368 640 404 Κλήμης
659 367 674 394 6
701 366 897 401 Ἀλεξανδρεύς.

114 411 166 441 Ὧν
178 416 191 441 ό
206 415 255 450 μὲν
270 414 402 450 πρότερος
422 415 450 440 ἐν
463 413 578 448 δευτέρῳ
598 414 651 439 τῶν
668 413 744 446 Πρὸς
755 412 807 445 τὰς
823 412 900 446 alpé-

114 470 182 495 σεις
192 481 198 493 ,
213 458 265 488 ὧδέ
280 469 338 492 πως
354 460 452 495 γράφει
465 459 534 486 κατὰ
547 459 633 491 λέξιν·
655 469 664 484 ι
681 459 735 486 Καὶ
758 458 857 491 πάντες
876 459 900 485 οἱ

115 503 298 544 πρεσϐύτεροι
322 506 359 542 (8)
377 506 570 542 μαρτυροῦσιν,
597 506 621 532 οι
651 505 720 531 κατὰ
744 505 792 540 τὴν
810 505 900 531 Ἀσίαν

121 555 235 591 Ἰωάννῃ
249 554 288 590 τῷ
298 554 344 580 τοῦ
360 553 462 588 Κυρίου
479 553 586 588 μαθητῇ
599 551 825 587 συμϐεϐληκότες,
849 560 900 578 πα-

117 600 299 636 ραδεδωκέναι
320 598 365 625 τὸν
391 599 526 634 Ἰωάννην.
556 597 709 632 Παρέμεινε
735 597 789 632 γὰρ
811 597 901 628 αὐτοῖς

117 646 202 682 μέχρι
216 645 269 672 τῶν
285 644 418 680 Τραϊανοῦ
429 643 542 680 χρόνων.
563 652 572 668 ›
592 642 647 669 Καὶ
669 644 697 668 ὲν
713 642 796 677 τρίτῳ
808 642 837 668 δὲ
851 641 900 676 τῆς

114 691 205 725 αὐτῆς
227 690 381 721 ὑποθέσεως
406 688 488 715 ταὺτὸ
510 687 588 714 τοῦτο
615 687 690 722 δηλοῖ
715 687 759 713 διὰ
781 687 898 714 τούτων·

116 746 128 763 ε
155 736 235 764 Ἀλλὰ
260 736 307 763 καὶ
334 736 350 771 ἡ
380 736 409 762 ὲν
433 734 538 769 Ἐφέσῳ
558 733 704 769 Ἐκκλησία
724 733 776 760 ὑπὸ
794 733 900 760 Παύλου

116 781 168 817 μὲν
181 779 410 815 τεθεμελιωμένη,
429 779 550 805 Ἰωάννου
575 777 604 804 δὲ
619 777 836 813 παραμείναντος
853 778 901 804 αὺ-

113 827 172 858 τοῖς
203 826 282 862 μέχρι
306 825 360 851 τῶν
374 823 507 860 Τραϊανοῦ
532 824 645 859 χρόνων,
672 825 775 860 μάρτυς
798 824 901 860 ἀληθής

115 873 176 899 ἔστι
189 873 239 908 τῆς
251 871 305 899 τῶν
319 866 473 898 ἀποστόλων
496 870 677 906 παραῦόσεως.
696 879 706 896 ι
727 871 755 896 '0
776 870 805 897 δὲ
829 871 901 905 Κλή-

118 927 174 954 μης
192 917 260 953 ὁμοῦ
275 917 321 944 τὸν
336 917 431 952 χρόνον
452 916 702 951 ἐπισημηνάμενος,
719 916 766 942 καὶ
783 917 902 952 ἱστορίαν

115 962 335 997 ἀναγκαιοτάτην
368 959 408 993 οἷς
437 961 472 988 τὰ
500 961 570 988 καλὰ
602 962 648 988 καὶ
675 962 801 997 ἐπωφελῆ
827 962 902 996 φίλον

116 1008 236 1039 ἀκούειν,
253 1007 440 1043 προστίθησιν,
456 1005 490 1034 ἐν
505 1005 528 1040 ᾦ
546 1007 592 1039 Τίς
607 1009 624 1034 ὁ
633 1007 797 1042 σωζόμενος
811 1009 904 1034 πλού-

116 1061 184 1086 σιος
196 1053 352 1088 ἐπέγραψεν
363 1053 444 1080 αὑτοῦ
458 1053 664 1089 συγγράμματι.
682 1052 778 1080 Λαϐὼν
793 1054 821 1080 δὲ
839 1054 904 1082 ἀνά-

117 1098 201 1132 γνωθι
229 1096 282 1125 ὦδὲ
312 1107 370 1130 πως
397 1098 509 1133 ἔχουσαν
532 1099 580 1125 καὶ
601 1099 682 1126 αὐτοῦ
708 1099 757 1135 τὴν
780 1101 901 1136 γραφήν·

120 1152 130 1170 I
148 1145 287 1170 Ἀκουσον
316 1144 399 1180 μῦθον
429 1144 459 1171 οὐ
494 1144 588 1180 μῦθον,
621 1144 688 1171 ἀλλὰ
712 1145 778 1171 ὄντα
804 1145 898 1179 λόγον,

117 1190 183 1224 περὶ
213 1189 335 1216 Ἰωάννου
360 1189 407 1216 τοῦ
443 1189 596 1216 ἀποστόλου
624 1190 836 1226 παραδεδομένον
864 1191 902 1227 (9)

115 1236 163 1261 καὶ
188 1236 280 1271 μνήμῃ
307 1235 522 1271 πεφυλαγμένον.
551 1236 659 1271 Ἐπειδὴ
697 1237 752 1272 γὰρ
779 1237 826 1263 τοῦ
859 1246 904 1263 τυ-

119 1280 215 1316 ράννου
240 1280 459 1316 τελευτήσαντος,
479 1280 533 1307 ἀπὸ
552 1281 601 1316 τῆς
614 1281 722 1316 Πάτμου
747 1280 796 1316 τῆς
821 1282 903 1316 νήσου

117 1325 250 1361 μετῆλθεν
278 1328 318 1358 εἰς
343 1326 392 1362 τὴν
420 1327 552 1361 Ἔφεσον,
582 1325 665 1362 ἀπῄει
693 1327 904 1362 παρακαλούμε-

115 1381 161 1404 νος
178 1372 225 1399 καὶ
253 1372 299 1398 ἐπὶ
314 1372 350 1399 τὰ
374 1372 547 1409 πλησιόχωρα
570 1372 624 1399 τῶν
651 1372 745 1404 ἐθνῶν,
764 1374 829 1400 ὅπου
854 1374 903 1408 μὲν

116 1419 282 1450 ἐπισκόπους
308 1419 497 1454 καταστήσων,
525 1419 591 1445 ὅπου
621 1419 649 1445 δὲ
669 1419 904 1455 ὅλαςἘκκληο-ίας

116 1464 255 1499 ἁρμόσων,
265 1465 331 1491 ὅπου
349 1464 378 1490 δὲ
390 1465 481 1500 κλήρῳ
493 1464 540 1491 ἕνα
558 1465 590 1499 γέ
606 1474 666 1492 τινα
681 1464 828 1501 κληρώσων
848 1465 902 1501 (l0)

115 1509 169 1536 τῶν
187 1509 240 1536 ὑπὸ
255 1510 302 1536 τοῦ
321 1509 480 1545 Πνεύματος
498 1509 714 1546 σημαινομένων.
737 1510 837 1537 Ἐλθὼν
857 1509 903 1537 οὖν

116 1555 164 1582 καὶ
180 1555 226 1582 ἐπί
242 1564 301 1582 τινα
314 1555 368 1582 τῶν
383 1556 414 1582 οὐ
427 1555 534 1591 μακρὰν
549 1556 662 1589 πόλεων,
678 1554 711 1592 ἧς
722 1557 769 1583 καὶ
785 1556 902 1592 τοῦνομα

116 1600 241 1635 λέγουσιν
256 1602 321 1628 ἔνιοι
339 1601 405 1637 (Η),
420 1602 466 1628 καὶ
485 1601 567 1628 τᾶλλα
581 1602 740 1634 ἀναπαύσας
752 1602 814 1634 τοὺς
827 1602 902 1629 ἁδελ-

117 1646 185 1680 φοὺς
201 1646 270 1680 (19.),
284 1645 331 1672 ἐπὶ
347 1646 412 1672 πᾶσι
428 1645 466 1681 τῷ
477 1645 628 1673 καθεστῶτι
643 1646 815 1682 προσϐλέψας
826 1648 903 1673 ἐπισ-

117 1691 204 1726 κόπῳ,
232 1692 373 1718 νεανίσκον
394 1692 486 1718 ἱκανὸν
512 1691 551 1726 τῷ
577 1692 694 1727 σώματι,
715 1692 761 1719 καὶ
777 1693 826 1728 τὴν
843 1692 903 1727 ὕψιν

118 1738 237 1769 ἀστεῖον,
249 1738 296 1764 καὶ
313 1737 412 1773 Θερμδν
420 1737 469 1772 τὴν
484 1737 573 1772 ψυχὴν
588 1737 658 1768 ἰδὼν,
675 1737 783 1770 Τοῦτον,
793 1738 855 1773 ἔφη,
865 1739 906 1766 σοὶ

117 1782 374 1817 παρακατατίθεμαι
386 1782 454 1818 μετὰ
470 1782 560 1818 πάσης
577 1782 703 1818 σπουδῆς,
723 1783 769 1810 ἐπὶ
784 1783 833 1819 τῆς
846 1784 906 1810 Ἐκ-

117 1827 231 1861 κληπίας
246 1827 293 1853 καὶ
301 1827 347 1853 τοῦ
359 1827 476 1862 Χριστοῦ
495 1827 641 1862 μάρτυρος.
653 1827 706 1854 Τοῦ
720 1823 747 1854 δὲ
758 1828 903 1863 δεχομένου

117 1872 164 1900 καὶ
181 1872 261 1899 πάνθ’
278 1872 503 1908 ὑπισχνουμένου,
521 1873 566 1900 καὶ
580 1873 660 1900 πάλιν
679 1873 714 1900 τὰ
727 1873 797 1900 αὐτὰ
817 1873 902 1900 διελέ-

117 1925 182 1952 γετο
197 1918 244 1944 καὶ
260 1918 466 1955 διεμαρτύρετο.
483 1916 550 1945 Εἶτα
568 1920 583 1946 ὁ
607 1919 656 1955 μὲν
677 1919 780 1955 ἀπῆρεν
793 1919 839 1946 ἐπὶ
853 1921 902 1956 τὴν

156 2005 194 2040 (8)
209 2006 265 2033 Kal
279 2005 390 2040 πάντες
403 2007 430 2033 οὶ
450 2007 654 2041 πρεσϐύτεροι.
671 2006 738 2034 Tres
756 2008 841 2034 nostri
859 2015 905 2035 co-

120 2040 206 2073 dices,
222 2041 302 2073 Maz.,
317 2041 386 2068 Med.
402 2048 435 2068 ac
449 2040 528 2073 ηιμ,
541 2040 633 2069 vocem
661 2042 826 2069 interserunt
855 2043 905 2069 hoc

119 2076 212 2108 modo,
231 2078 279 2103 καὶ
291 2076 390 2112 πάντες
404 2076 432 2102 δὲ
445 2078 469 2103 οἱ
484 2076 673 2112 πρεσϐύτεροι.
690 2076 777 2104 Locus
789 2077 832 2104 hic
845 2076 899 2104 Ire-

119 2112 172 2138 πεῖ
193 2116 281 2139 exstat
294 2111 320 2147 in
335 2111 381 2138 lib.
395 2119 426 2144 ll,
440 2119 500 2147 cap.
516 2112 561 2147 '59,
576 2111 752 2139 ubi'lrenaeus
769 2112 899 2146 disputat,

119 2150 189 2180 quot
205 2153 291 2174 annos
314 2146 341 2173 in
369 2146 449 2174 terris
474 2146 574 2173 vixerit
593 2147 728 2179 Christus,
747 2152 774 2174 et
786 2154 819 2174 ex
832 2147 901 2173 rela-

125 2181 198 2216 tione
215 2182 353 2209 seniorum
374 2181 420 2215 qui
446 2189 506 2209 cum
523 2180 626 2208 Joanne
650 2181 772 2216 apostolo
788 2181 815 2208 in
838 2182 900 2209 Asia

123 2215 294 2243 familiariter
307 2217 443 2248 vixerant,
471 2217 568 2244 asserit
592 2215 728 2244 Christum
746 2216 805 2251 plus
821 2224 901 2251 quam

122 2239 301 2286 nausiare
314 2239 582 2286 1'5.;;.3;;.'m“'s};ttio
595 2239 902 2286 "t.1§.:."'p'.t“.tg.;‘s;;:
918 2239 942 2268 D

125 2285 211 2320 terba
235 2285 298 2320 ejus
322 2285 381 2312 haec
406 2290 468 2313 sunt
491 2294 524 2314 ex
550 2287 634 2313 veteri
661 2285 902 2320 interpretatione:

123 2319 199 2356 Sicut
215 2319 388 2356 Euangelium
400 2326 423 2347 et
435 2329 522 2348 omnes
537 2322 652 2349 seniores
663 2319 803 2353 testantur,
816 2322 861 2356 qui
878 2322 905 2348 in

122 2355 187 2382 Alia
201 2355 271 2390 apud
283 2355 415 2382 Joannem
429 2356 586 2390 discipulum
600 2356 706 2383 Domini
719 2362 904 2387 convenerunt.

121 2390 149 2416 id
167 2391 254 2422 ipsum
278 2391 420 2418 tradidisse
439 2392 476 2418 eis
490 2391 630 2418 Joannem.
650 2390 801 2418 Permansit
817 2396 904 2418 autem

123 2433 182 2461 cum
200 2426 233 2461 iis
248 2426 374 2461 usquead
389 2425 500 2461 'I'rajani
517 2431 643 2458 tempora.

158 2459 362 2496 (ωνυὶεζπερὶ
379 2459 519 2496 Ἰωάννου
529 2461 581 2488 τοῦ
599 2461 772 2488 ἀποστόλου
785 2461 906 2495 λεγόμε-

120 2494 245 2529 νον-,καὶ
255 2495 327 2530 ἡμῖν
335 2495 586 2530 παραδεδομένον.
605 2496 631 2522 Ιιι
646 2497 731 2522 tribus
743 2494 842 2523 nostris
855 2494 905 2523 co-

122 2531 326 2564 dicibus.blaz.,
337 2530 406 2557 Med.
419 2539 450 2556 ac
462 2530 540 2563 Fuk.,
550 2531 593 2557 hic
607 2531 680 2558 locus
696 2531 731 2557 ita
749 2531 902 2565 Iegitur.....

121 2565 184 2601 περὶ
191 2565 314 2592 Ἰωάννου
322 2565 370 2592 τοῦ
376 2566 522 2592 ἀποστόλου
530 2565 754 2601 παραδεδομένον,
764 2567 904 2599 expunctis

123 2601 208 2662 tribus
223 2601 277 2629 illis
289 2601 410 2632 vocibus,
427 2609 487 2636 qua:
500 2602 622 2636 profecto
631 2609 725 2631 parum
738 2602 901 2628 necessariae

123 2642 144 2662 Vt
164 2641 253 2662 entur.

120 2641 253 2662 Videntur.

155 2671 210 2706 (10)
221 2670 300 2704 Vulg.
309 2671 385 2698 ὅπου
396 2671 429 2698 δέ
435 2679 468 2706 γε
475 2672 588 2705 κληρον
595 2679 648 2697 ενα
655 2679 721 2697 τινα
729 2672 901 2704 κληρωσιινν.

121 2705 196 2733 Hunc
208 2706 298 2734 locum
313 2714 347 2733 ex
366 2706 417 2733 fide
429 2712 508 2740 atque
520 2707 680 2733 auctoritate
691 2706 770 2732 trium
779 2706 901 2732 codicum

121 2740 199 2773 llam,
215 2741 286 2768 Med.
307 2748 339 2768 ac
352 2740 423 2768 Fuk.
438 2742 545 2776 egregie
554 2741 731 2774 restituimus,
745 2740 842 2774 rejecta
857 2748 903 2767 co-

121 2776 187 2803 dicis
200 2775 279 2811 Regii
294 2776 425 2807 lectione,
441 2775 512 2811 φιλο
522 2776 585 2803 ferri
600 2776 710 2803 omnino
734 2779 900 2811 nonhpoilest.

121 2810 185 2843 Quid
212 2809 287 2838 enim
304 2811 357 2838 sibi
371 2811 429 2838 vult
445 2809 544 2846 κλῆρον
559 2811 606 2838 ἕνα
619 2810 672 2837 τῶν
687 2811 738 2837 ὑπὸ
753 2809 799 2836 τοῦ
822 2809 903 2846 Πνεᾲ-

120 2854 201 2907 Ειατος
211 2846 432 2887 σημαινομένων.
452 2847 485 2872 At
501 2845 527 2872 in
539 2846 653 2886 lectione
665 2853 744 2880 quam
758 2853 790 2872 ex
803 2845 901 2886 codici:

138 2889 167 2907 us
178 2887 365 2907 restituimus.
380 2882 460 2907 nlana
485 2886 548 2907 sunt
567 2889 669 2907 omnia.
692 2879 745 2907 Sed
768 2884 795 2907 et
811 2879 900 2907 Ruﬂnt

138 2889 167 2909 us
178 2879 365 2915 restituimus,
380 2882 460 2916 plana
485 2886 548 2909 sunt
567 2879 679 2909 omnim
692 2879 745 2908 Sed
768 2884 795 2908 et
811 2879 900 2907 Rufini

950 276 1110 308 auctoritate
1123 275 1240 310 probare
1268 274 1390 303 sufﬁciet.
1405 275 1473 302 Sunt
1499 282 1580 309 porro
1596 275 1624 302 hi
1649 280 1731 303 testes

950 321 1001 349 fide
1014 320 1173 356 dignissimi,
1186 321 1285 356 quippe
1301 321 1345 355 qui
1363 325 1443 348 rectm
1457 328 1563 356 semper
1576 321 1732 348 catholica;-

949 373 1001 401 que
1016 366 1146 393 doctrinae
1166 369 1383 400 propugnatores
1408 365 1563 392 exstiterint
1579 371 1586 391 :
1601 365 1730 392 Irenaeum

950 411 1010 438 dico
1027 415 1054 438 et
1068 410 1233 438 Clementem
1248 409 1470 438 Alexandrinum.
1486 410 1603 443 Quorum
1614 411 1688 445 prior
1704 411 1731 438 in

951 456 1067 483 secundo
1083 455 1213 482 Aduersus
1225 456 1333 483 Ιιιενιιεε
1347 455 1416 483 libro
1429 456 1464 482 ita
1476 455 1588 483 scribit:
1609 464 1618 481 ι
1628 456 1660 482 Et.
1673 464 1732 483 om-

950 508 1008 534 nes,
1027 501 1127 536 inquit,
1154 501 1307 536 presbyteri
1335 501 1381 536 qui
1409 509 1470 528 cnm
1497 500 1602 528 Joanne
1627 501 1733 529 Domini

951 545 1082 580 discipulo
1096 546 1123 574 in
1151 546 1213 573 Asia
1232 546 1402 574 familiariter
1422 547 1521 574 versati
1539 550 1613 579 sunt,
1630 547 1665 573 ita
1681 547 1732 574 sibi

951 599 965 618 a
979 590 1083 620 Joanne
1097 591 1224 618 traditum
1240 599 1301 619 esse
1321 596 1465 619 testantur.
1483 591 1559 619 Vixit
1571 591 1641 618 enim
1663 591 1734 626 apud

952 638 1012 666 illos
1024 645 1108 672 usque
1133 637 1167 665 ad
1189 642 1309 673 tempora
1322 636 1443 670 Traiani.
1461 647 1470 663 ι
1491 637 1518 664 lu
1532 637 1612 664 tertio
1626 644 1732 671 quoque

951 682 1071 717 ejusdem
1085 682 1176 716 operis
1192 681 1270 714 libro,
1287 682 1313 709 id
1330 682 1419 717 ipsum
1437 682 1556 709 declarat
1569 681 1612 709 bis
1623 682 1732 709 verbis:

954 738 963 754 ι
977 728 1029 756 Sed
1040 727 1209 762 etEphesina
1220 727 1349 759 Ecclesia.
1364 735 1423 762 quae
1436 735 1450 752 π
1462 726 1544 754 Paulo
1553 726 1662 762 quidem
1678 727 1735 753 fun-

952 775 1013 801 data
1024 778 1075 806 est,
1088 772 1218 800 Joannem
1231 780 1295 800 vero
1318 780 1404 807 usque
1431 772 1464 800 ad
1482 772 1588 806 Trajani
1613 776 1734 806 tempora

951 820 1047 848 habuit
1061 819 1260 854 praesidentem,
1280 819 1360 846 testis
1373 818 1586 854 locupletissima
1611 823 1653 846 cst
1666 825 1733 853 ap0<

952 866 1054 893 Stolica:
1065 865 1228 892 traditionis.
1247 874 1256 891 ι
1269 865 1394 892 Clemens
1403 869 1492 892 autem
1507 865 1532 892 in
1540 865 1647 892 eolibro
1655 872 1735 900 quem

917 906 937 933 Β
952 911 1104 946 inscripsit,
1121 911 1250 944 Quisnam
1269 912 1340 938 diues
1364 911 1474 938 salutem
1500 911 1582 946 possit
1601 911 1735 945 consequi,

916 1577 936 1606 C

952 958 1032 985 simul
1047 961 1074 984 et
1093 962 1198 992 tempus
1212 958 1298 992 ipsum
1324 956 1485 991 designavit,
1499 961 1527 983 et
1549 957 1734 984 narrationem

953 1004 1096 1039 quamdam
1111 1003 1235 1038 adjunsit
1267 1002 1393 1037 inprimis
1411 1002 1593 1030 necessariam
1607 1002 1641 1029 iis
1668 1009 1736 1037 prae-

953 1050 1045 1077 sertim
1059 1057 1125 1084 quos
1140 1057 1230 1076 rerum
1247 1049 1421 1076 honestarum
1437 1052 1518 1083 atque
1538 1048 1643 1075 utilium
1659 1056 1737 1076 com-

952 1095 1112 1122 memoratio
1123 1095 1247 1122 delectat.
1260 1093 1374 1129 Suntpto
1389 1095 1472 1129 igitur
1494 1095 1520 1122 in
1541 1102 1637 1123 manus
1655 1094 1735 1127 libro,

952 1141 1036 1168 recita
1050 1142 1115 1168 mihi
1126 1141 1263 1169 historiam
1279 1148 1339 1176 qua:
1348 1141 1387 1168 sic
1401 1141 1502 1169 habet:
1518 1149 1527 1167 ι
1541 1141 1679 1173 Ausculta,
1695 1141 1738 1168 iu.-

953 1188 1021 1223 quit,
1035 1188 1242 1215 rabulamzimo
1257 1196 1309 1215 non
1331 1187 1460 1220 fabulam,
1488 1188 1534 1216 sed
1566 1188 1736 1216 verissimam

954 1234 1094 1262 historiam
1110 1233 1144 1261 de
1157 1233 1272 1267 Joanne,
1289 1243 1348 1270 quae
1369 1235 1447 1262 nobis
1463 1235 1576 1262 fideliter
1594 1235 1693 1262 tradita
1709 1240 1737 1262 ct

953 1282 1089 1308 memoria:
1101 1282 1220 1309 studiose
1233 1281 1287 1317 92
1306 1281 1492 1309 commendata
1507 1286 1559 1308 est.
1588 1281 1653 1308 Cum
1676 1285 1738 1316 post

953 1327 1055 1354 obitum
1070 1328 1174 1362 tyranni
1187 1335 1220 1354 ex
1233 1328 1320 1354 insula
1336 1327 1432 1355 Patrne
1458 1327 1592 1361 Ephesum
1609 1327 1735 1354 rediisset

953 1372 1081 1406 Joannes,
1096 1374 1128 1400 ad
1145 1372 1275 1401 ﬁnitimas
1291 1380 1397 1407 quoque
1413 1372 1566 1408 provincias
1582 1378 1692 1408 rogatus
1706 1379 1737 1400 se

953 1419 1077 1450 contulit,
1095 1419 1190 1453 partim
1206 1423 1235 1445 ut
1260 1419 1400 1453 episcopos
1430 1419 1618 1451 constitueret,
1636 1419 1735 1454 partim

955 1469 983 1492 ut
996 1464 1131 1492 Ecclesias
1147 1465 1265 1499 integras
1280 1465 1431 1499 disponeret
1443 1472 1474 1491 ac
1488 1464 1626 1497 formaret,
1637 1465 1735 1499 partim

954 1509 1036 1536 etiam
1050 1513 1080 1535 ut
1097 1509 1221 1536 homines
1233 1508 1284 1536 sibi
1298 1516 1314 1535 a
1329 1509 1422 1536 divino
1441 1508 1543 1543 Spiritu
1561 1509 1693 1536 indicatos
1709 1509 1736 1537 in

955 1555 1056 1582 clerum
1084 1555 1226 1589 quemdam
1250 1562 1298 1582 seu
1329 1559 1431 1582 sortem
1456 1554 1562 1582 Domini
1583 1558 1734 1590 seponeret.

953 1601 1020 1628 Cum
1038 1608 1103 1635 ergo
1118 1600 1151 1628 ad
1170 1601 1316 1635 quamdam
1332 1601 1426 1628 urbem
1440 1601 1559 1628 venisset
1572 1601 1644 1628 haud
1656 1600 1736 1635 longe

954 1647 1076 1674 dissitam
1093 1654 1107 1673 a
1133 1646 1243 1673 civitate
1267 1646 1383 1681 Epheso,
1407 1646 1484 1681 cujus
1503 1646 1584 1673 etiam
1609 1653 1706 1674 nomen
1721 1654 1737 1672 a

956 1693 1092 1720 nonnullis
1109 1692 1237 1724 refertur,
1253 1692 1405 1726 fratresque
1416 1692 1471 1719 suis
1487 1691 1656 1719 sermonibus
1672 1689 1737 1718 eon-

957 1738 1058 1766 solatus
1074 1737 1179 1770 fuisset,
1193 1738 1226 1764 ad
1241 1741 1392 1764 extremum
1416 1737 1473 1763 viso
1495 1737 1594 1770 juvene
1617 1736 1736 1770 quodam

958 1788 1060 1811 statura
1071 1783 1194 1818 corporis
1216 1783 1335 1818 egregio,
1355 1782 1428 1809 vultu
1455 1789 1507 1809 non
1538 1782 1691 1815 invenusto,
1709 1786 1737 1820 et

957 1828 1071 1856 ferventi
1087 1829 1176 1856 indole
1202 1828 1323 1863 praedito,
1344 1835 1491 1855 conversus
1507 1828 1540 1855 ad
1569 1835 1629 1855 eum
1654 1834 1734 1862 quem

955 1874 1096 1902 ordinarat
1107 1874 1264 1909 episcopum
1281 1882 1288 1900 :
1306 1873 1394 1906 llunc,
1409 1874 1507 1908 inquit,
1520 1881 1610 1900 coram
1625 1874 1738 1900 univer-

955 1929 984 1949 sa
998 1921 1119 1948 Ecclesia
1143 1925 1170 1948 et
1185 1921 1234 1947 sub
1249 1920 1403 1948 testimonio
1432 1920 1532 1947 Christi
1551 1919 1671 1947 studiose
1687 1919 1734 1946 tibi

957 2008 1047 2035 versio
1063 2013 1181 2034 nostram
1199 2007 1415 2035 emendationem
1431 2006 1586 2034 confirmat.
1599 2005 1645 2033 Sic
1661 2006 1733 2033 enim

958 2043 1057 2070 habet.:
1079 2042 1231 2076 Iiogalmtnr
1243 2043 1322 2069 etiam
1334 2043 1434 2069 vicinas
1449 2042 1561 2068 lustrare
1572 2041 1733 2075 provincias,

952 2086 1004 2112 quo
1017 2078 1054 2105 vel
1066 2075 1198 2104 Ecclesiae
1210 2077 1344 2110 fundaret,
1360 2077 1386 2102 in
1396 2077 1489 2111 quibus
1503 2084 1554 2102 non
1567 2080 1642 2112 erant
1652 2075 1714 2102 locis
1723 2083 1734 2102 :

953 2113 991 2139 uel
1007 2114 1033 2139 in
1045 2113 1137 2147 quibus
1148 2117 1233 2143 erant,
1243 2112 1420 2139 sacerdotibus
1432 2119 1462 2138 ac
1473 2112 1601 2147 ministri:
1617 2111 1733 2137 instrue-

955 2153 1003 2179 ret.
1022 2146 1163 2174 secundum
1173 2147 1242 2181 quod
1256 2147 1371 2174 eidenuo
1380 2155 1482 2182 quoque
1496 2146 1612 2179 Spiritus
1625 2151 1734 2172 sanctus

954 2183 1104 2209 indicasset.

991 2217 1047 2253 (ll)
1058 2215 1111 2250 Ἦς
1120 2217 1169 2244 καὶ
1181 2217 1311 2252 τοῦνομα
1324 2216 1468 2253 λέγουσιν
1484 2216 1568 2243 ἔνιοι.
1591 2216 1734 2253 smyrnam

956 2252 1035 2280 vocat
1047 2253 1115 2279 hanc
1128 2253 1222 2279 urbem
1236 2258 1331 2279 auctor
1343 2252 1464 2278 Chroniri
1479 2252 1663 2279 Alexandrini.

991 2287 1046 2322 (12)
1071 2288 1127 2314 Kal.
1151 2286 1248 2314 τᾶλλα
1270 2287 1448 2319 ἀναπαύσας
1475 2286 1546 2319 τοὺς
1572 2285 1732 2320 ἀδελφούς.

956 2321 1039 2356 Hujus
1064 2322 1139 2349 verbi
1154 2323 1219 2349 /vim
1240 2330 1272 2349 ac
1293 2323 1485 2356 proprietatem
1516 2329 1568 2348 non
1599 2321 1734 2356 intellexrt

955 2355 1225 2392 Cltri'stophorsonus.
1241 2355 1329 2384 Vertit
1339 2357 1410 2383 enim
1423 2357 1473 2384 hoc
1487 2356 1585 2392 modo:
1599 2355 1732 2392 εαηινᾳίίςι

954 2390 1158 2427 quoquee/ﬁcia
1173 2400 1231 2425 qum
1248 2392 1282 2418 ad
1292 2392 1392 2427 animos
1404 2392 1516 2427 fratrum
1532 2391 1599 2417 inter
1610 2399 1637 2417 se
1653 2390 1734 2427 diser}

954 2425 1070 2454 dentium
1081 2425 1258 2454 conciliandos
1268 2426 1442 2462 pertinebant,
1457 2426 1572 2462 obiicsel.
1582 2425 1732 2462 etc._Atqui

954 2463 1078 2489 Cleruens
1103 2462 1169 2489 nihil
1194 2459 1319 2488 dixit'de
1338 2462 1453 2488 fratrum
1478 2461 1626 2488 discordia.
1641 2459 1733 2494 Neque

953 2504 1017 2524 vero
1029 2497 1123 2524 Grmca
1137 2505 1186 2524 vox
1200 2496 1406 2523 conciliationem
1413 2495 1555 2530 signiﬁcat,
1569 2496 1616 2522 sed
1629 2499 1731 2521 tantum

954 2533 1171 2558 consolationem.
1192 2533 1236 2558 Ait
1252 2532 1333 2566 igitur
1348 2529 1483 2563 Clemens,
1509 2529 1646 2566 destinem
1666 2536 1733 2563 apo-

953 2567 1125 2599 Stolum,cum
1137 2567 1162 2593 in
1178 2566 1248 2592 illam
1263 2564 1359 2593 urbem
1372 2565 1498 2597 venisset,
1510 2565 1608 2591 fratres
1615 2564 1731 2599 adventu

953 2609 1003 2629 suo
1018 2602 1183 2629 consulatum
1204 2608 1274 2632 esse.
1289 2609 1349 2628 cum
1363 2606 1421 2635 post
1433 2601 1589 2627 diuturnum
1604 2598 1730 2635 exsilium

953 2644 1006 2670 quo
1020 2637 1163 2664 Domitiani
1177 2636 1327 2670 principatu
1340 2634 1521 2667 essulaverat,
1531 2642 1591 2661 eum
1604 2634 1730 2670 reducem

955 2668 1061 2699 tandem
1073 2668 1207 2698 viderent.
1226 2668 1318 2698 Potest
1332 2671 1412 2698 etiam
1428 2670 1478 2697 hoc
1491 2670 1600 2696 verbum
1616 2668 1730 2703 intelligi

953 2707 986 2734 de
1004 2707 1208 2741 praedicatione,
1217 2713 1268 2739 qua
1283 2706 1402 2733 Joannes
1418 2704 1570 2741 Ecclesiam
1589 2703 1665 2741 illius
1678 2703 1730 2741 loci

952 2738 1108 2769 consolatus
1122 2745 1173 2768 est.
1189 2738 1277 2768 Utitur
1288 2742 1383 2768 cadent
1397 2747 1461 2766 voce
1476 2738 1730 2774 Hegesippusiinfra

953 2776 998 2804 lih.
1012 2784 1046 2808 tv,
1067 2783 1126 2809 cap.
1139 2776 1185 2805 22.
1203 2775 1287 2803 Porro
1307 2777 1333 2803 in
1356 2775 1496 2802 codicibus
1520 2773 1622 2801 nostris
1647 2773 1729 2809 Mam,

952 2811 1021 2839 Med.
1040 2807 1080 2838 ac
1096 2807 1163 2838 Fuit.
1189 2812 1320 2846 scriptum
1335 2815 1377 2839 est
1393 2811 1451 2839 sine
1464 2810 1625 2845 apostropbe
1638 2808 1687 2836 καὶ
1696 2807 1732 2835 τὰ

951 2847 1028 2882 ἄλλα,
1043 2847 1153 2875 rectius.
