1993 3164
591 147 726 177 EUSEBII
745 147 984 178 CESMIIENSIS
1003 150 1078 178 OPP.
1098 150 1188 179 PARS
1206 150 1226 180 l.
1247 167 1282 172 —
1300 152 1497 182 HISTORICA.

241 149 295 178 253
591 149 726 177 EUSEBII
745 149 984 178 CxESAlliENSlS
1003 150 1078 178 OPP.
1098 150 1188 179 PARS
1206 150 1226 180 l.
1247 167 1282 172 —
1300 152 1497 182 HISTORICA.
1810 158 1863 186 2M

241 207 382 235 sustinuit.
391 205 515 234 Animam
535 213 693 242 meam,pro
721 211 765 234 tua
787 206 917 234 vicariam
944 207 1008 234 dabo

1075 209 1162 240 διδοὺς
1187 210 1256 244 μέγα
1281 211 1458 246 παράδειγμα
1485 213 1628 247 μετανοίας
1654 213 1794 250 ἀληθινῆς,
1819 224 1867 243 και

241 254 287 280 Sta
299 253 388 285 modo,
404 256 431 280 et
446 252 512 280 mihi
524 252 620 285 crede;
635 261 650 280 a
661 252 769 280 Christo
781 253 880 280 missus
889 261 960 280 sum.
979 253 1008 280 lii

1081 255 1151 290 μέγα
1164 256 1306 292 γνώρισμα
1319 258 1536 292 παλιγγενεσίας,
1548 259 1678 295 τρόπαιον
1691 261 1866 292 ἀναστάσεως

243 299 288 327 ille
302 298 415 332 auditis,
429 300 545 334 primum
560 302 667 334 quidem
679 300 754 327 vultu
772 300 798 326 in
810 304 912 327 terram
925 300 1008 328 demis

1078 301 1255 338 βλεπομένης.
1275 313 1285 330 ι

237 353 268 374 so
285 345 423 373 substitit:
441 346 537 374 deinde
567 347 653 374 armis
677 346 801 381 abiectis,
837 351 957 374 tremens
978 348 1007 375 in
1037 348 1172 385 iacrymas
1203 350 1305 378 eii'usus
1329 355 1380 379 est.
1413 351 1446 379 Et
1471 353 1643 381 accedentem
1671 361 1764 382 senem
1788 362 1865 382 com-

238 392 341 438 plexus,
358 391 507 426 gemitu'ac
524 393 652 421 lamentis
670 398 800 428 quantum
822 394 939 420 maxime
963 399 1069 429 poterat
1100 397 1204 424 veniam
1233 398 1355 433 rogabat,
1385 404 1412 427 et
1433 400 1560 436 lacrymis
1585 402 1663 436 quasi
1688 402 1774 430 altero
1798 410 1865 438 quo-

236 437 298 464 dam
313 438 449 472 baptismo
478 440 652 474 captabatur,
675 439 762 466 solam
780 439 919 466 dexteram
942 441 1092 470 occultans.
1122 443 1190 470 Tum
1216 445 1355 480 apostolus
1380 447 1518 481 spondens
1546 455 1578 475 ac
1611 448 1734 483 dejerans
1757 456 1786 476 se
1808 437 1862 478 Vve-

237 484 310 512 niam
329 485 379 520 ipsi
392 493 405 512 a
421 485 567 514 Servatore
581 486 780 521 impetravisse,
796 494 933 523 oransque
944 495 976 515 ac
992 489 1019 515 in
1037 496 1123 523 genua
1144 491 1311 525 provolutus,
1333 497 1362 520 et
1374 493 1496 521 dextram
1517 494 1603 528 ipsam
1625 495 1744 529 juvenis,
1768 497 1861 529 utpote

234 533 395 568 paenitentia
412 538 603 568 expurgatam,
635 533 803 567 deosculatus,
826 533 914 568 ipsum
943 533 970 561 in
998 534 1144 562 Ecciesiam
1172 537 1290 564 reduxit.
1318 538 1422 566 Exinde
1447 540 1544 574 partim
1560 540 1676 567 ‘crebris
1693 540 1860 568 orationibus

235 580 320 608 Deum
337 580 495 615 deprecans,
511 580 610 614 partim
632 580 800 608 continuatis
821 588 876 608 una
899 589 960 609 cum
986 581 1085 616 juvene
1102 582 1210 617 ieiuniis
1222 585 1302 611 simul
1330 585 1386 622 94
1409 586 1561 618 decertans,
1591 588 1714 615 omnibus
1743 587 1860 622 denique

233 624 380 653 verborum
411 624 546 652 illecebris
583 624 702 651 animum
722 625 781 659 ejus
806 626 974 658 demulcens,
1001 635 1052 654 non
1068 627 1143 662 prius
1171 629 1302 656 abscessit
1323 638 1402 664 quam
1427 631 1501 658 illum
1526 631 1654 660 Ecclesiae
1683 633 1856 666 restituisset.

234 677 416 707 magnumque
431 670 545 697 sincera:
566 670 738 704 pmnitentiae
753 671 918 705 exemplum,
932 676 960 698 et
985 671 1086 700 iteratae
1107 675 1318 708 regenerationis
1343 676 1437 711 ingens
1465 677 1666 712 documentum,
1692 683 1730 707 et'
1746 680 1856 714 conspi-

232 725 290 746 cua:
313 718 519 746 resurrectionis
534 721 663 752 tropaeum
679 718 804 746 omnibus
815 720 986 747 ostendisset.
1005 728 1016 746 ι

515 762 628 790 CAPUT
641 762 738 791 XXIV.

442 809 480 837 De
492 809 584 836 ordine
596 808 811 844 Erangeliorum.

266 854 506 884 llaecaCiemente
520 854 631 888 scripta,
653 853 680 880 in
712 854 783 881 hunc
813 854 904 888 operis
931 854 1017 881 nostri

231 903 320 929 locum
337 900 514 934 coniecimus,
534 903 591 926 tum
607 899 640 926 ad
656 899 781 926 notitiam
796 906 898 931 rerum,
911 904 968 927 tum
983 900 1017 927 ad

231 947 373 975 utilitatem
389 945 536 980 legentium
560 944 712 980 profutura.
729 943 789 972 Jam
809 952 874 973 vero
896 946 1016 980 ejusdem

229 991 345 1028 apostoli
365 991 478 1026 scripta,
499 997 560 1025 quae
580 990 703 1017 omnium
727 997 859 1018 consensu
886 991 910 1018 ei
932 991 1018 1018 ascri-

228 1039 331 1066 buntur
346 1044 548 1065 recenseamus.
565 1036 598 1063 Et
611 1036 699 1070 primo
710 1037 819 1071 quidem
842 1037 1014 1072 Erangelium

228 1083 314 1118 ipsius
330 1082 465 1109 universis
478 1089 527 1116 per
549 1081 644 1109 orbem
669 1087 804 1108 terrarum
821 1081 950 1109 Ecclesiis
967 1089 1016 1108 no-

228 1128 364 1155 tissimum
386 1127 446 1154 sine
467 1127 520 1154 ulla
550 1127 716 1154 dubitatione
740 1127 938 1160 suscipiendum
963 1132 1014 1155 est.

227 1176 304 1209 Quod
317 1183 382 1203 vero
397 1180 472 1202 recte
485 1179 512 1202 et
525 1182 586 1202 cum
611 1174 716 1202 ratione
731 1179 829 1208 quarto
851 1173 915 1201 illud
943 1173 1012 1206 loco,

224 1227 287 1256 post
301 1221 384 1248 trium
407 1220 520 1248 aliorum
548 1219 692 1255 Evangelia
707 1227 722 1246 a
737 1219 873 1246 veteribus
898 1218 1014 1247 colloca-

225 1273 282 1294 tum
306 1267 352 1300 sit,
374 1267 483 1301 planum
512 1266 557 1293 lict
571 1266 623 1293 hoc
650 1267 741 1292 modo.
764 1264 948 1292 Admirabiles
974 1264 1012 1292 illi

225 1320 392 1348 prorsusque
426 1312 511 1340 divini
532 1311 647 1346 apostoli
666 1311 821 1339 Servatoris
834 1310 938 1343 nostri,
950 1317 1012 1338 cum

224 1363 315 1386 essent
347 1359 403 1385 vita
444 1357 553 1392 quidem
585 1364 618 1384 ac
647 1355 770 1384 moribus
799 1355 1010 1391 casﬁgatissimi,

225 1407 253 1432 et
270 1404 397 1432 omnibus
412 1403 561 1431 virtutibus
580 1403 679 1434 ornati.
693 1408 819 1430 sermone
838 1407 928 1429 autem
953 1402 1011 1436 ipso

1321 766 1519 794 ΚΕΦᾹΛΑΙΟΝ
1538 764 1600 794 ΚΔθ.

1067 810 1135 843 Περὶ
1145 809 1200 844 τῆς
1207 809 1317 843 τάξεως
1325 809 1384 837 τῶν
1392 812 1583 846 Eum-rallam
1591 812 1660 848 (Nic.
1670 813 1705 840 Il.
1716 814 1747 841 E.
1759 823 1788 846 tt,
1797 817 1853 852 45).

1102 855 1193 882 Ταῦτα
1205 855 1251 882 τοῦ
1266 855 1433 891 Κλήμεντος.
1448 857 1568 893 ἱστορίας
1578 857 1645 893 ὁμοῦ
1661 859 1708 886 καὶ
1718 854 1854 894 ὠφελείας

1066 900 1116 934 τῆς
1130 900 1183 926 τῶν
1200 899 1397 936 ἐντευξομένων
1411 901 1518 934 ἕνεκεν,
1543 903 1659 931 ἐνταῦθά
1679 913 1726 940 μοι
1742 906 1852 935 κείσθω.

1065 945 1133 981 Φέρε
1149 945 1177 972 δὲ
1193 946 1240 972 καὶ
1255 946 1331 973 τοῦδε
1347 946 1393 973 τοῦ
1413 947 1564 975 ἀποστόλου
1575 949 1626 981 τὰς
1641 951 1854 987 ἀναντιρῤήτους

1067 992 1304 1028 ὑποσημηνώμεοα
1320 993 1375 1029 ('25)
1393 994 1511 1029 γραφάς.
1534 995 1589 1022 Καὶ
1610 996 1642 1032 δὴ
1671 997 1701 1023 τὸ
1726 997 1786 1025 κατ’
1807 999 1855 1025 αὑ-

1065 1038 1111 1064 τὸν
1124 1038 1308 1073 Εὐαγγέλιον
1325 1040 1385 1072 ταῖς
1399 1041 1450 1068 ὑπὸ
1466 1041 1511 1068 τὸν
1528 1041 1640 1076 οὐρανὸν
1659 1043 1850 1079 διεγνωσμένον

1073 1083 1250 1119 Ἐκκλησίαις,
1264 1083 1369 1120 πρῶτον
1380 1083 1595 1120 ἀνωμολογήσθω
1605 1084 1736 1119 (ευβοτι
1749 1093 1780 1120 γε
1795 1087 1848 1121 μὴν

1065 1129 1182 1163 εὐλόγως
1207 1129 1276 1164 πρὸς
1300 1130 1354 1156 τῶν
1380 1130 1502 1165 ἀρχαίων
1521 1129 1550 1157 ὲν
1566 1131 1684 1167 τετάρτῃ
1701 1130 1783 1166 μοίρᾳ
1797 1130 1852 1156 τῶν

1064 1175 1152 1202 ἄλλων
1168 1174 1252 1209 τριῶν
1261 1174 1441 1206 κατείλεκται,
1458 1174 1543 1211 ταύτῃ
1557 1175 1590 1202 ἂν
1606 1175 1709 1209 γένοιτο
1720 1175 1806 1210 δῆλον.
1820 1176 1852 1202 Οί

1064 1220 1203 1246 θεσπέσιοι
1227 1220 1274 1246 καὶ
1289 1219 1326 1251 ὡς
1345 1219 1452 1254 ἀληθῶς
1476 1220 1646 1255 θεοπρεπεῖς,
1671 1220 1741 1255 φημὶ
1759 1220 1787 1247 δὲ
1803 1219 1850 1246 τοῦ

1063 1264 1179 1300 Χριστοῦ
1196 1265 1258 1296 τοὺς
1271 1264 1446 1296 ἀποστόλους,
1468 1265 1514 1291 τὸν
1529 1265 1584 1300 βίον
1606 1265 1698 1301 ἄκρως
1714 1265 1851 1301 κεκαθαρ-

1064 1310 1150 1346 μένοι,
1167 1311 1214 1337 καὶ
1224 1311 1307 1346 ἀρετῇ
1322 1311 1397 1347 πάσῃ
1405 1311 1454 1342 τὰς
1467 1310 1554 1346 ψυχὰς
1567 1311 1766 1346 κεκοσμημένοι
1778 1330 1785 1342 ,
1801 1310 1851 1346 τὴν

1061 1356 1090 1383 δὲ
1105 1356 1226 1390 γλῶτταν
1245 1357 1436 1389 ἰδιωτεύοντες,
1452 1358 1484 1392 τῇ
1496 1366 1528 1391 γε
1546 1357 1599 1392 μὴν
1616 1357 1683 1392 πρὸς
1698 1357 1744 1383 τοῦ
1761 1357 1850 1391 Σωεῆ-

1063 1411 1108 1438 ρος
1122 1403 1213 1435 αὐτοῖς
1226 1403 1399 1439 δεδωρημένῃ
1413 1402 1472 1439 θείᾳ.
1485 1403 1532 1429 καὶ
1553 1402 1757 1438 παραδοξοποιῴ
1769 1403 1849 1430 δυνά·

224 1450 306 1478 rudes
319 1454 505 1484 essentatque
524 1449 616 1476 inculti
634 1457 641 1476 :
660 1448 721 1475 l'reti
736 1448 826 1475 divina
852 1453 880 1475 et
898 1447 1008 1474 miritica

1065 1458 1110 1485 μει
1125 1448 1298 1485 θαρσοῦντες,
1314 1449 1344 1476 τὸ
1362 1449 1411 1484 μὲν
1422 1449 1451 1475 ὲν
1465 1449 1588 1485 περινοίᾳ
1604 1449 1652 1475 καὶ
1669 1449 1750 1486 τέχνῃ
1762 1449 1849 1484 λόγων

222 1495 328 1522 virtute
344 1495 409 1528 ipsis
429 1502 443 1522 a
460 1494 605 1522 Scrvatore
619 1501 760 1526 concessa,
783 1493 931 1521 artitlcioso
947 1501 1009 1520 ver-

224 1541 320 1568 borum
336 1545 434 1568 ornatu
453 1539 573 1574 Magistri
587 1539 630 1567 sui
650 1546 784 1575 prtecepta
804 1547 942 1574 exponere
964 1547 1010 1566 ne-

224 1592 278 1620 que
290 1590 434 1617 noverant,
447 1592 537 1619 neque
561 1586 625 1612 item
645 1585 826 1612 conabantur.
856 1584 909 1612 Sed
933 1584 1010 1618 adju-

222 1632 312 1659 vantis
327 1631 401 1666 ipsos
418 1631 534 1666 Spiritus
550 1631 637 1659 sancti
659 1631 900 1664 demonstratione,
915 1636 940 1658 et
954 1631 1009 1658 vir-

224 1681 281 1704 tute
298 1677 397 1704 Christi
413 1684 472 1711 qua:
487 1684 535 1712 per
555 1677 627 1711 ipsos
642 1675 758 1711 plurima
774 1676 947 1711 perpetrabat
959 1675 1009 1703 mi-

224 1723 327 1755 racula,
346 1723 529 1750 tantummodo
547 1728 667 1755 utentes,
681 1722 808 1749 notitiam
823 1721 898 1756 regni
921 1721 1007 1749 cmic-

224 1777 283 1796 rum
297 1769 356 1796 orbi
385 1773 517 1796 terrarum
543 1768 713 1795 nuntiabant.
739 1766 832 1802 Neque
853 1774 924 1794 cura:
953 1766 1008 1794 iiiis

223 1820 283 1842 erat
300 1814 383 1842 libros
393 1814 525 1846 scribere,
539 1813 638 1849 quippe
650 1813 697 1848 qui
718 1812 799 1848 longe
819 1813 1008 1848 praestantiore

222 1860 376 1887 ministerio
396 1865 422 1887 et
438 1867 518 1894 supra
543 1859 675 1886 humanas
694 1858 766 1886 vires
794 1859 881 1893 posito
910 1857 1007 1892 funge-

221 1910 325 1933 rentur.
346 1905 446 1933 Paulus
463 1911 536 1933 certe
548 1905 594 1940 qui
618 1905 687 1932 inter
702 1911 797 1932 omnes
813 1904 951 1939 apostolos
980 1908 1008 1931 et

220 1953 367 1980 verborum
386 1958 516 1988 apparati:
532 1959 559 1980 et
570 1951 766 1979 sententiarum
790 1952 909 1986 pondere
928 1951 1007 1978 facile

220 1998 375 2033 praestabat,
392 2003 489 2034 praeter
500 1999 688 2032 'paucissimas
709 1997 842 2032 Epistolas
859 1996 925 2024 nihil
949 2004 1007 2024 om-

220 2043 286 2070 nino
299 2043 431 2077 scriptum
449 2043 558 2077 reliquit
577 2052 584 2070 ε
602 2043 707 2070 tametsi
720 2043 860 2069 innumera
876 2042 1006 2077 mysteria

219 2095 355 2122 exponere
381 2088 507 2121 potuerit,
534 2089 633 2123 quippe
661 2088 707 2123 qui
736 2087 770 2115 ad
798 2095 890 2115 earnm
914 2094 1003 2114 rerum

1061 1495 1094 1522 τὰ
1108 1495 1153 1521 τοῦ
1166 1495 1325 1522 διδασκάλου
1337 1495 1484 1530 μαθήματα
1494 1494 1666 1530 πρεσϐεύειν,
1679 1494 1741 1521 οὔτε
1751 1495 1849 1530 ᾔδεσαν

1060 1540 1122 1566 οὔτε
1138 1540 1300 1575 ἐνεχείρουν·
1312 1541 1345 1576 τῇ
1359 1540 1386 1566 δὲ
1400 1540 1446 1566 τοῦ
1460 1540 1532 1566 θείου
1548 1539 1705 1575 Πνεύματος
1724 1541 1771 1567 τοῦ
1784 1549 1848 1567 συν-

1061 1586 1206 1622 εργοῦντος
1234 1586 1325 1618 αὐτοῖς
1341 1585 1488 1619 ἀποδείξει,
1503 1585 1550 1612 καὶ
1563 1587 1596 1621 τῇ
1610 1586 1644 1612 δι’
1655 1586 1744 1613 αὐτῶν
1756 1595 1849 1613 συντε-

1059 1631 1175 1668 λουμένῃ
1199 1631 1397 1667 θαυματουργῷ
1422 1631 1469 1657 τοῦ
1492 1631 1610 1667 Χριστοῦ
1640 1631 1752 1666 δυνάμει
1779 1632 1848 1668 μόνῃ

1059 1677 1204 1714 χρώμενοι,
1219 1677 1268 1713 τῆς
1279 1677 1333 1704 τῶν
1344 1677 1465 1713 οὐρανῶν
1478 1677 1615 1712 βασιλείας
1625 1677 1674 1713 τὴν
1687 1677 1788 1711 γνῶσιν
1800 1678 1848 1704 ἐπὶ

1059 1722 1150 1748 πᾶσαν
1176 1720 1359 1756 κατήγγελλον
1380 1721 1429 1756 τὴν
1455 1721 1626 1757 οἰκουμένην,
1657 1721 1773 1756 σπουδῆς
1796 1722 1847 1755 τῆς

1059 1767 1122 1801 περὶ
1137 1765 1167 1793 τὸ
1190 1767 1367 1801 λογογραφεῖν
1396 1767 1497 1802 μικρὰν
1524 1767 1679 1802 ποιούμενοι
1704 1767 1843 1802 φροντίδα.

1058 1812 1114 1839 Καὶ
1123 1812 1193 1839 τοῦτ’
1211 1812 1354 1848 ἔπραττον,
1369 1812 1416 1839 ἅτε
1441 1812 1542 1848 μείζονι
1557 1813 1604 1839 καὶ
1619 1812 1687 1848 ὑπὲρ
1702 1812 1845 1848 ἄνθρωπον

1058 1858 1302 1895 ὲξυτιηρετούμενοι
1309 1859 1440 1894 διακονίᾳ.
1454 1859 1482 1886 '0
1489 1859 1552 1893 γοῦν
1559 1859 1663 1891 Παῦλος
1672 1859 1778 1886 πάντων
1787 1859 1844 1895 (25)

1057 1905 1086 1931 ἐν
1092 1906 1251 1940 παρασκευῇ
1259 1904 1344 1939 λόγων
1351 1904 1544 1937 δυνατώτατος,
1553 1905 1598 1939 νοή
1604 1905 1668 1939 μασι
1675 1913 1703 1931 τε
1715 1904 1845 1931 ἱκανώτα-

1056 1959 1101 1982 τος
1108 1950 1236 1985 γεγονὼς,
1246 1951 1276 1977 οὐ
1286 1951 1364 1977 πλέον
1373 1951 1426 1977 τῶν
1435 1951 1608 1986 βραχυτάτων
1623 1950 1843 1985 Ἐπιστολῶν(⁴26)

1056 1998 1148 2033 γραφῇ
1156 1997 1340 2032 παραδέδωκε,
1352 1997 1439 2023 καίτοι
1450 1997 1534 2032 μυρία
1542 2005 1572 2030 γε
1585 1997 1632 2023 καὶ
1641 1996 1783 2032 ἀπόρρητα
1799 1995 1843 2023 λέ-

1056 2051 1114 2076 γειν
1123 2042 1201 2078 ἔχων,
1211 2042 1259 2068 ἅτε
1267 2043 1321 2069 τῶν
1332 2043 1427 2078 μέχρις
1435 2042 1550 2078 οὐρανοῦ
1557 2042 1648 2076 τρίτου
1659 2042 1843 2077 θεωρημάτων

1056 2086 1219 2122 ἐπιψαύσας,
1243 2087 1286 2114 ἐπ’
1299 2087 1380 2114 αὐτόν
1399 2096 1427 2114 τε
1451 2087 1496 2113 τὸν
1519 2086 1658 2123 θεοπρεπῆ
1679 2087 1842 2122 παράδεισον

220 2139 280 2167 quae
293 2132 319 2159 in
335 2133 413 2160 tertio
436 2137 500 2160 sunt
516 2133 606 2166 coelo,
635 2133 891 2168 contemplationem
917 2133 997 2166 perti-

1062 2133 1248 2169 ὶναρπασθεὶς,
1264 2134 1312 2161 καὶ
1319 2133 1372 2160 τῶν
1380 2134 1469 2160 ἐκεῖσε
1483 2133 1613 2169 ῥημάτων
1626 2133 1752 2169 ἀρρήτων
1763 2132 1842 2166 ἀξιω-

219 2225 360 2261 reductum
369 2224 514 2253 fuissezént
524 2224 573 2261 τὴν
581 2225 740 2260 Ἐκκλησίαν
750 2226 918 2260 ἐπανήγαγε.
932 2225 1007 2259 Quod

220 2261 243 2287 si
264 2261 315 2287 hoc
342 2260 401 2286 loco
426 2260 556 2296 legamus
573 2261 779 2296 ἀποκατέστησε
798 2263 831 2296 τῇ
849 2261 1004 2296 Ἐκκλησία,

219 2296 309 2330 inepta
323 2296 375 2321 erit
388 2302 420 2321 ac
433 2294 567 2330 superlina
583 2295 703 2328 ejusdem
723 2294 762 2322 rei
790 2294 927 2330 repetitio.
942 2294 1006 2323 ne.

220 2330 339 2364 spondeo
353 2330 496 2357 restituere
512 2329 637 2357 Ecclesia:
652 2338 704 2358 non
718 2331 788 2358 idem
805 2329 864 2358 esse
876 2339 907 2358 ac
924 2333 1005 2358 redu-

220 2372 281 2391 cere
302 2365 328 2391 in
352 2364 512 2391 Ecclesium.
533 2365 685 2392 lieducitur
701 2367 772 2392 enim
792 2367 825 2392 ad
842 2366 1003 2400 Ecelesiant,

219 2401 264 2436 qui
277 2399 464 2436 pauiu-titiam
481 2405 605 2436 acturum
617 2407 723 2436 seresse
738 2401 898 2436 profitetur;
919 2402 1002 2429 resti-

221 2435 308 2461 tuitur
320 2439 418 2471 autem
434 2435 563 2461 Ecclesia:
577 2434 600 2471 is
614 2435 672 2469 qui,
693 2434 802 2469 peracta
829 2437 1003 2471 pcenitentia,

219 2469 463 2506 reconciliatoriam
481 2477 576 2506 manus
590 2468 791 2506 impositiornem
813 2468 931 2506 accepit.
958 2468 960 2471 ’

254 2503 311 2538 (25)
327 2504 609 2541 γῪποσημιινώμεθα
631 2503 760 2540 ἠφαφάς.
796 2503 890 2541 Magis
914 2506 1004 2540 placet

222 2538 305 2578 altera
325 2540 404 2578 lectio
421 2547 501 2578 quam
523 2540 610 2573 reperi
638 2538 671 2578 in
681 2538 774 2578 codice
799 2538 882 2578 hirti,
903 2538 1000 2578 ἔπισητ

223 2572 383 2608 μηνώμεθα,
407 2572 449 2601 cui
473 2574 529 2600 fere
550 2572 686 2602 consentit
710 2576 794 2602 codex
817 2575 924 2607 Medic.,
949 2572 1001 2604 ni'si

221 2611 292 2644 quod
307 2608 548 2644 ὲπισημεινώμεθα
559 2610 689 2644 set'iptum
705 2610 796 2638 habet.
813 2612 847 2639 At
859 2611 885 2638 iu
905 2611 1000 2639 codice

223 2641 288 2670 Fuk.
304 2641 431 2676 scriptum
445 2641 484 2670 est
498 2641 742 2678 ὲπισημεὶώμεθα.1

262 2679 318 2715 (24)
333 2679 412 2716 Vulg.
428 2680 483 2708 Καὶ
505 2680 544 2715 δὴ
566 2681 616 2716 καὶ
633 2679 667 2708 τὸ
684 2679 749 2708 κατ’
769 2679 862 2707 αὑτὸν·
883 2680 1012 2714 Εὐαγγέ-

222 2715 325 2742 λιον...
337 2714 582 2751 ἀνομολογήσθω.
593 2715 733 2743 Posterius
743 2716 790 2742 καί
804 2716 1011 2750 expungendum

223 2754 284 2786 est,
299 2754 391 2784 utpote
411 2751 530 2785 ineptum
553 2759 585 2778 ac
603 2751 780 2786 superﬂuum.
803 2751 896 2786 Abest
905 2755 979 2786 certe
994 2757 1010 2777 a

223 2784 312 2812 tribus
332 2786 432 2813 nostris
456 2784 596 2814 codicibus
613 2784 694 2814 Μξη..
717 2786 784 2813 Med.
809 2790 834 2812 et
850 2784 1010 2812 Fuketiano.

224 2819 404 2856 Scribendum
430 2828 538 2855 quoque
562 2821 790 2856 ἀνωμολογήσθω,
813 2821 944 2856 producta
967 2827 1010 2847 se~

223 2854 310 2881 cunda
330 2854 444 2888 syllaba,
466 2854 533 2884 sicut
555 2857 581 2883 in
595 2854 842 2884 iisidctucodicibus
861 2855 986 2882 habetur.

1093 2225 1150 2261 (25)
1168 2225 1194 2251 '0
1221 2225 1296 2260 γοῦν
1325 2226 1445 2258 Παῦλος
1471 2225 1599 2252 πάντων.
1621 2225 1712 2261 Codie.
1733 2225 1801 2253 Maz.
1815 2231 1842 2253 et

1058 2260 1127 2288 Med.
1146 2267 1239 2287 vocem
1258 2261 1427 2287 interserunt
1443 2261 1494 2287 hoc
1508 2261 1596 2292 modo,
1621 2261 1648 2287 '0
1660 2260 1724 2292 γοῦν
1736 2260 1842 2292 Παῦλος

1055 2295 1093 2322 ὢν
1107 2295 1226 2332 πάντων
1247 2296 1277 2321 ὲν
1292 2297 1453 2332 παρασκευῇ
1475 2295 1561 2329 λόγων
1575 2295 1768 2326 δυνατώτατος.
1788 2297 1841 2323 Sed

1056 2331 1123 2357 nihil
1139 2338 1207 2365 opus
1221 2336 1263 2358 est
1279 2332 1330 2358 hac
1346 2339 1421 2364 voce,
1436 2339 1497 2358 cum
1513 2335 1644 2364 sequatur
1660 2331 1771 2358 verbum
1794 2339 1841 2364 γε-

1044 2393 1046 2396 ,
1055 2365 1151 2399 γονώς.

1090 2401 1146 2435 (26)
1169 2401 1210 2427 Οὺ
1235 2401 1331 2428 πλέον
1358 2400 1419 2427 τῶν
1440 2399 1638 2435 ,βραχυτάτων
1660 2399 1840 2427 ἐπιστολῶν.

1054 2434 1217 2469 Ambiguum
1240 2441 1282 2471 est
1305 2441 1394 2462 utrum
1421 2434 1523 2471 paucas
1539 2443 1573 2471 a_n
1588 2435 1686 2471 breves
1704 2435 1840 2471 Epistolas

1055 2471 1120 2497 velit
1134 2471 1236 2498 dicere.
1250 2470 1403 2504 Utrumque
1419 2469 1490 2498 enim
1505 2470 1538 2497 de
1550 2469 1626 2496 Pauli
1641 2470 1768 2504 Epistolis
1782 2469 1839 2497 dici

1054 2510 1143 2540 potest
1158 2513 1165 2532 :
1182 2512 1228 2532 eas
1241 2505 1347 2532 scilicet
1360 2510 1386 2532 et
1399 2512 1501 2539 paucas
1509 2512 1579 2537 esse,
1592 2505 1690 2540 quippe
1701 2512 1761 2539 qua:
1771 2512 1841 2539 qua-

1055 2541 1206 2568 tuordecim
1223 2547 1364 2567 numerum
1390 2548 1443 2567 non
1468 2540 1600 2567 excedant
1617 2548 1623 2566 :
1641 2545 1668 2567 et
1679 2540 1787 2572 breves,
1803 2540 1839 2566 iis

1074 2575 1173 2607 uidem,
1187 2577 1233 2610 qui
1245 2575 1306 2603 illas
1325 2575 1368 2609 pie
1383 2583 1415 2602 ac
1430 2575 1554 2609 religiose
1567 2575 1742 2610 perlegerim.
1757 2575 1839 2601 Certe

1077 2611 1182 2644 rigenes
1192 2609 1238 2638 eas
1249 2610 1436 2645 ὀλιγοστίχους
1451 2615 1530 2645 vocat
1542 2609 1568 2636 in
1587 2609 1634 2645 lib.
1651 2617 1666 2635 v
1683 2609 1838 2645 Expositio-

1052 2643 1115 2680 num
1129 2645 1155 2672 in
1168 2643 1340 2680 Evangelia":
1362 2643 1484 2672 Joannis.
1498 2644 1623 2680 Origenis
1635 2643 1715 2671 verba
1737 2645 1759 2670 si
1777 2644 1839 2680 quis

1051 2679 1141 2715 legere
1161 2681 1306 2715 desiderat,
1321 2681 1456 2707 habentur
1471 2679 1540 2706 inl't'a
1557 2681 1582 2706 in
1596 2679 1646 2706 hb.
1659 2686 1695 2709 vt.
1714 2686 1775 2712 cap.
1789 2679 1838 2715 αδ,

1051 2713 1187 2742 ancodice
1209 2714 1278 2743 Fuit.
1298 2716 1342 2742 hic
1366 2715 1442 2742 locus
1470 2715 1505 2740 ila
1531 2715 1696 2749 perscriptus
1720 2719 1761 2740 cst
1777 2722 1783 2739 :
1799 2713 1837 2739 υὺ

1050 2749 1131 2776 πλέον
1143 2750 1196 2776 τῶν
1216 2750 1392 2785 βραχυτάτων
1410 2749 1470 2776 ίδῶν
1490 2748 1654 2776 Ἐπιστολῶν
1667 2749 1759 2784 γραφῇ
1781 2755 1836 2774 πα-

1051 2784 1220 2819 passam“;
1234 2784 1285 2812 nm
1306 2785 1367 2810 ὶδῶν
1390 2785 1584 2818 compendiosa
1609 2784 1745 2812 scribendi
1771 2788 1835 2810 nota

1051 2820 1168 2853 positum
1182 2825 1222 2848 cst
1239 2828 1286 2855 pro
1301 2820 1522 2856 δεκατεσσάρων.
