1993 3164
161 144 213 173 265

651 147 824 178 HISTORIA?)
842 149 1120 179 ECCLESIASTICAE
1140 151 1203 179 LIB.
1225 151 1269 179 lll.

1724 153 1777 181 266

161 205 217 236 θεὶς
232 206 395 234 ἐπακοῦσαι.
413 207 468 234 οὐκ
483 207 590 244 ἄπειροι
617 209 665 244 μὲν
682 207 727 236 οὖν
750 211 870 246 ὑπῆρχον
889 211 940 238 τῶν

995 212 1088 247 gisset,
1103 217 1130 239 et
1151 211 1184 238 ad
1200 212 1286 247 ipsum
1304 218 1390 246 usque
1405 212 1525 239 divinum
1552 212 1705 247 paradisum
1733 221 1777 241 ra-

161 251 248 278 αύτῶν
265 254 313 279 καὶ
337 254 361 279 οἱ
377 253 463 281 λοιποὶ
486 254 532 281 τοῦ
557 256 682 291 Σωτῆρος
707 256 785 292 ἡμῶν
808 258 942 293 φοιτηταί,

160 298 262 325 δώδεκα
270 299 319 334 μὲν
330 300 481 332 ἀπόστολοι,
491 301 672 337 ἐϐδομήκοντα
683 302 710 328 δὲ
727 303 854 338 μαθηταὶ,
872 304 944 331 ἄλλοι

160 352 190 370 τε
206 345 252 371 ἐπὶ
268 346 373 377 τούτοις
390 346 490 382 μυρίοι.
507 347 600 382 Ὅμως
612 348 634 374 δ’
645 346 691 374 οὖν
707 348 736 380 ἐξ
751 349 876 376 ἁπάντων
890 350 944 376 τῶν

160 390 207 417 τοῦ
223 391 326 427 Κυρίου
354 392 491 428 μαθητῶν,
517 394 698 429 ὑπομνήματα
719 394 856 426 Ματθαῖος
879 397 943 431 ἡμῖν

161 437 207 463 καὶ
226 437 350 473 Ἰωάννης
370 439 442 474 μόνοι
456 440 686 468 καταλελοίπασιν·
700 441 746 474 οὓς
760 442 807 469 καὶ
824 442 943 477 ἐπάναγ-

161 491 206 514 κες
219 484 265 510 ἐπὶ
277 484 326 520 τὴν
342 485 450 521 γραφὴν
473 486 559 513 ἐλθεῖν
576 487 684 523 κατέχει
697 487 783 522 λόγος.
805 489 943 521 Ματθαῖος

161 528 211 563 μὲν
228 529 282 564 γὰρ
299 530 429 566 πρότερον
449 531 584 567 Ἑϐραίοις
594 532 723 568 κηρύξας,
738 533 775 564 ὡς
785 533 880 567 ἔμελλε
897 535 944 560 καὶ

160 576 201 609 ἐφ’
210 576 318 610 ἑτέρους
330 576 407 608 ἰέναι,
422 577 527 614 πατρίῳ
538 577 644 614 γλώττῃ
654 580 745 614 γραφῇ
764 580 901 615 παραδοὺς
915 580 943 607 τὸ

159 622 220 647 κατ’
237 621 316 648 αὐτὸν
332 622 494 657 Εὐαγγέλιον
504 644 511 655 ,
535 624 565 650 τὸ
581 624 672 651 λεῖπον
686 626 719 660 τῇ
742 625 823 652 αὑτοῦ
843 634 944 661 παρου-

159 667 206 702 σίᾳ
220 667 286 702 (27),
303 668 407 700 τούτοις
425 669 470 703 ἀφ’
480 665 516 696 ὦν
542 669 689 701 ἐστέλλετο,
711 669 755 696 διὰ
770 671 819 706 τῆς
834 671 942 706 γραφῆς

158 712 327 749 ἀπεπλήρου.
344 714 412 748 Ἤδη
428 713 456 740 δὲ
480 715 593 750 Μάρκου
618 716 664 742 καὶ
690 716 781 742 Λουκᾶ
798 715 852 743 τῶν
883 718 943 743 κατ’

158 759 256 790 αὐτοὺς
271 759 442 794 Εὑαγγελίων
451 761 499 796 τὴν
514 760 617 788 ἔκδοσιν
634 762 834 797 πεποιημένων,
854 763 943 790 Ἰωάν-

163 812 208 838 ιην
225 804 290 838 φασὶ
304 804 349 831 τὸν
364 805 452 832 πάντα
463 806 556 842 χρόνον
576 806 692 842 ἀγράφῳ
713 807 880 843 κεχρημένον
894 817 943 844 κη-

161 851 290 887 ρύγματι,
305 852 381 884 τέλος
408 852 454 879 καὶ
480 853 524 879 ἐπὶ
544 854 594 888 τὴν
611 854 717 890 γραφὴν
735 855 821 882 ἐλθεῖν
835 855 941 882 τοιᾶσδε

995 262 1066 292 plus,
1077 264 1175 284 arcana
1191 257 1311 290 quaedam
1325 257 1404 284 verba
1417 257 1453 284 ibi
1464 257 1776 287 auscultaremeruissel.

995 302 1048 330 Sed
1075 307 1103 329 et
1126 302 1221 336 reliqui
1240 301 1394 329 Scrvatoris
1422 303 1506 329 nostri
1531 302 1684 337 adjutores,
1710 303 1777 330 duo~

994 348 1080 375 decim
1112 347 1239 375 videlicet
1271 347 1400 381 apostoli,
1432 353 1459 375 et
1493 349 1663 384 septuaginta
1692 349 1776 376 disci-

993 393 1059 428 puli,
1073 392 1127 427 95
1147 392 1193 420 alii
1217 392 1334 426 denique
1355 396 1453 427 praater
1476 400 1524 420 eos
1551 393 1775 425 innumerabiles.

993 439 1150 467 earumdem
1171 445 1262 466 rerum
1289 438 1401 465 minime
1422 444 1546 471 expertes
1571 439 1691 468 fuerunt.
1718 440 1774 469 Soli

994 485 1169 513 nihilominus
1182 492 1215 512 ex
1233 485 1339 512 cunctis
1354 485 1459 512 Domini
1481 485 1619 520 discipulis
1632 485 1776 514 Mattheus

993 537 1020 558 et
1034 531 1150 558 Joannes
1167 531 1283 566 scriptos
1301 531 1379 558 nobis
1395 538 1485 558 rerum
1502 533 1711 560 commentarios
1732 541 1777 560 re-

993 577 1148 612 liquerunt;
1178 585 1246 612 quos
1275 577 1384 612 quidem
1409 578 1572 606 necessitate
1603 579 1719 614 quadam
1743 579 1775 606 ad

993 623 1165 650 scribendum
1186 623 1318 657 impulsos
1341 623 1423 650 fuisse
1439 623 1595 658 perhibent.
1619 623 1685 651 Nam
1709 624 1778 652 Mat-

995 669 1079 696 thzeus
1106 676 1168 696 cum
1199 669 1320 698 Hebraeis
1345 670 1462 704 primum
1487 669 1567 697 ﬁdem
1590 670 1774 705 prazdiCasset,

994 714 1055 742 inde
1067 714 1100 742 ad
1118 715 1186 742 alias
1203 723 1312 750 quoque
1337 720 1432 751 gentes
1454 717 1638 751 profecturus,
1655 716 1778 752 Evange-

993 760 1058 787 lium
1082 768 1161 787 suum
1189 762 1276 796 patrio
1304 769 1429 790 sermone
1458 763 1646 796 conscribcns,
1663 763 1689 791 id
1705 765 1776 799 quod

995 806 1144 839 praesentia:
1158 813 1213 833 suae
1230 806 1319 833 adhuc
1333 814 1477 841 superesse
1497 808 1649 842 videbatur,
1675 810 1777 844 scripto

994 850 1048 877 illis
1060 858 1128 885 quos
1145 851 1328 887 relinquebat,
1346 853 1489 888 supplevit.
1509 853 1604 882 Postea
1624 862 1690 883 vero
1714 864 1775 883 cum

157 897 237 933 χάριν
252 898 349 929 αἰτίας.
366 897 425 924 Τῶν
441 899 703 934 προαναγραφέντων
724 899 806 935 τριῶν
823 901 861 932 είς
874 901 940 927 πάν-

993 896 1099 924 Marcns
1117 897 1172 931 jam
1199 903 1226 925 et
1249 897 1337 925 Lucas
1351 898 1498 934 Evangelia
1515 907 1561 926 sua
1579 904 1701 929 seors‘um
1721 902 1779 930 sin-

157 952 207 974 τας
223 942 272 978 ἤδη
294 944 341 969 καὶ
364 944 403 974 εἰς
422 943 502 971 αὑτὸν
529 944 731 980 διαδεδομένων,
762 946 941 978 ἀποδέξασθαι

159 990 208 1024 μέν
223 998 314 1024 φασιν,
329 989 455 1025 ἀλήθειαν
471 991 561 1022 αὐτοῖς
577 991 846 1027 ὲπιμαρτυρήσαντα,
861 992 942 1028 μόνην

156 1035 185 1062 δὲ
195 1036 248 1071 ἄρα
259 1035 398 1062 λείπεσθαι
412 1037 445 1071 τῇ
459 1038 550 1072 γραφῇ
563 1037 612 1072 τὴν
628 1038 692 1072 περὶ
712 1037 767 1064 τῶν
781 1038 809 1064 ὲν
825 1037 942 1074 πρώτοις

158 1082 204 1108 καὶ
229 1083 287 1108 κατ’
299 1081 388 1117 ἀρχὴν
404 1081 450 1108 τοῦ
477 1081 653 1118 κηρύγματος
678 1083 729 1109 ὑπὸ
750 1083 797 1109 τού
824 1083 941 1119 Χριστοῦ

157 1128 355 1164 πεπραγμένων
368 1128 490 1164 διήγησιν
500 1137 506 1144 ·
525 1129 572 1156 καὶ
588 1129 688 1165 ἀληθής
700 1138 731 1163 γε
748 1130 762 1156 ὁ
771 1129 858 1164 λόγος.
873 1130 942 1163 Τοὺς

157 1173 252 1205 ἄλλους
276 1174 340 1208 γοῦν
360 1176 435 1209 τρεῖς
453 1175 648 1209 εὐαγγελιστάς
679 1175 792 1202 συνιδεῖν
814 1176 940 1212 πάρεστι,

159 1219 226 1254 μόνα
243 1220 275 1246 τὰ
296 1220 365 1255 μετὰ
384 1221 433 1256 τὴν
454 1222 482 1248 ὲν
501 1221 539 1256 τῷ
561 1221 739 1257 δεσμωτηρίῳ
757 1221 877 1248 Ἰωάννου
893 1221 940 1248 τοῦ

157 1263 309 1292 Βαπτιστοῦ
335 1265 473 1302 κάθειρξιν
496 1266 596 1300 ἐφ’ἓνα
613 1266 733 1293 ἐνιαυτὸν
759 1266 941 1302 πεπραγμένα

154 1312 193 1347 τῷ
214 1313 318 1348 Σωτῆρι
335 1313 567 1349 συγγεγραφότας,
585 1313 650 1340 αὑτό
670 1322 699 1339 τε
717 1312 788 1340 τοῦτ’
802 1315 938 1349 ἐπισημη-

157 1357 288 1392 ναμένους
307 1358 446 1394 καταρχὰς
464 1359 513 1394 τῆς
535 1358 624 1385 αὐτῶν
641 1358 770 1394 ἱστορίας.
786 1358 862 1385 Μετὰ
876 1359 941 1393 γοῦν

155 1403 206 1439 τὴν
236 1406 541 1441 τεσσαρακονταήμερον
573 1403 698 1439 νηστείαν
720 1424 726 1436 ,
747 1404 793 1431 καὶ
824 1404 869 1431 τὸν
897 1405 941 1431 ἐπ’

157 1449 224 1484 αὐτῇ
262 1449 425 1485 πειρασμὸν,
456 1450 501 1476 τὸν
532 1450 627 1485 χρόνον
646 1449 694 1485 τῆς
710 1449 775 1482 ιδίας
799 1450 908 1486 γραφῆς
927 1452 940 1478 ὁ

160 1495 209 1530 μὲν
242 1495 383 1527 Ματθαῖος
416 1495 490 1531 δηλοῖ
507 1496 602 1530 λέγων·
637 1505 647 1522 ι
680 1496 810 1528 Ἀκούσας
840 1496 868 1522 δὲ
900 1497 940 1523 ὅτι

164 1540 289 1576 Ἰωάννης
306 1541 451 1577 παρεδόθη,
479 1541 650 1577 ἀνεχώρησεν
675 1542 728 1569 ἀπὸ
742 1543 791 1578 τῆς
812 1542 939 1575 Ἰουδαίας

156 1588 197 1618 είς
229 1587 277 1622 τὴν
297 1587 450 1615 Γαλιλαίαν.
486 1597 495 1614 ›
537 1587 565 1615 '0
590 1589 618 1615 δὲ
651 1588 761 1624 Μάρκος
793 1589 939 1625 ὡσαύτωςι
955 1579 975 1607 C

159 1643 169 1658 ι
195 1633 273 1660 Μετὰ
302 1633 331 1660 δὲ
364 1633 394 1660 τὸ
423 1633 632 1669 παραδοθῆναι,
662 1634 760 1670 φησιν,
796 1634 939 1670 Ἰωάννην,

154 1677 235 1715 ἦλθεν)
258 1679 361 1715 Ἰησοῦς
376 1680 415 1711 είς
427 1679 475 1714 τὴν
494 1680 514 1705 Γ
516 1679 648 1706 αλιλαίαν.
666 1689 674 1705 ι
686 1680 741 1706 Καὶ
761 1681 775 1706 ὁ
789 1680 894 1710 Λουκᾶς
912 1680 941 1707 δὲ

156 1726 220 1762 πρὶν
231 1725 361 1760 ἄρξασθαι
371 1725 424 1752 τῶν
432 1724 479 1752 τοῦ
492 1726 578 1761 Ἰησοῦ
594 1725 728 1761 πράξεων,
745 1726 940 1761 παραπλησίως

155 1771 280 1806 ἐπιτηρεῖ
297 1770 424 1804 φάσκων·
446 1780 456 1796 ι
481 1771 524 1803 Ὠς
544 1771 596 1807 ἄρα
613 1771 740 1807 προσθεὶς
760 1771 882 1806 Ἡρώδης
900 1768 940 1802 οῖς

155 1817 317 1853 διεπράξατο
345 1819 482 1853 πονηροῖς,
509 1817 668 1844 κατέκλεισε
692 1817 737 1843 τὸν
766 1817 890 1851 Ἰωάννην
912 1818 940 1842 ἐν

156 1864 272 1899 φυλακῇ.
294 1874 302 1889 ι
320 1863 533 1899 Παρακληθέντοι
544 1864 576 1898 δὴ
593 1862 639 1890 οὖν
658 1863 758 1890 τούτων
775 1863 856 1890 ἕνεκά
873 1871 938 1898 φησι

154 1909 199 1936 τὸν
211 1909 357 1936 ἀπόστολον
376 1909 510 1944 Ἰωάννην,
521 1910 566 1936 τὸν
579 1910 632 1936 ὑπὸ
643 1909 696 1936 τῶν
706 1909 846 1945 προτέρων
858 1909 940 1943 εὐαγ-

155 1955 283 1990 γελιστῶν
297 1955 543 1991 παρασιωπηθέντα
556 1955 661 1991 χρόνον,
669 1956 757 1982 καὶτὰ
769 1955 839 1981 κατὰ
845 1954 939 1981 τοῦτον

154 2002 335 2038 πεπραγμένα
357 2003 412 2038 (28)
432 2002 470 2037 τῷ
488 2001 591 2037 Σωτῆρι
612 2001 707 2036 (ταῦτα
714 1999 776 2036 δ’ἦν
784 2000 818 2027 τὰ
829 2000 881 2036 πρὸ
890 2001 940 2036 τῆς

152 2049 200 2077 τοῦ
207 2048 357 2076 Βαπτιστοῦ
371 2048 556 2084 καθείρξεως),
571 2047 610 2083 τῷ
622 2048 681 2074 κατ’
692 2047 772 2074 αὑτὸν
782 2048 939 2083 Εὑαγγελίῳ

154 2095 331 2132 παραδοῦναι,
347 2094 411 2121 αὐτό
426 2103 454 2121 τε
471 2094 541 2120 τοῦτ’
557 2093 793 2129 ἐπισημήνασθαι,
809 2094 869 2120 τοτὲ
890 2094 938 2128 μὲν

154 2142 287 2177 φήσαντα,
310 2150 319 2166 ‹
339 2140 445 2174 Ταύτην
456 2140 541 2175 ἀρχὴν
559 2139 669 2174 εποίησε
680 2139 733 2166 τῶν
753 2139 911 2175 παραδόξων
924 2141 938 2166 6

159 2186 272 2222 Ἰησοῦς,
291 2197 300 2212 ι
318 2186 380 2212 τοτὲ
405 2186 434 2212 δὲ
460 2185 682 2221 μνημονεύσαντα
707 2184 752 2211 τοῦ
785 2184 936 2211 Βαπτιστοῦ

154 2233 255 2268 μεταξὺ
273 2232 326 2258 τῶν
346 2231 433 2267 Ἰησοῦ
449 2231 573 2266 πράξεων
584 2251 590 2263 ,
608 2231 646 2262 ὼς
660 2231 700 2257 ἑτι
714 2231 775 2257 τότε
792 2230 938 2266 βαπτίζον-

994 941 1048 976 guli
1063 942 1221 977 edidissent,
1235 943 1310 970 aiunt
1323 942 1466 977 Joannem,
1483 947 1528 980 qui
1555 946 1688 974 hactenus
1704 947 1775 975 nuda

993 994 1058 1015 voce
1072 987 1183 1015 verbum
1202 988 1306 1016 Domini
1327 990 1533 1023 prmdicaverat,
1551 990 1659 1018 tandem
1672 991 1708 1019 ob
1727 992 1778 1019 hu-

989 1033 1107 1066 jusmodi
1121 1041 1229 1061 causam
1243 1035 1276 1061 ad
1292 1035 1465 1062 scribendum
1481 1042 1510 1062 se
1527 1036 1688 1064 contulisse.
1708 1036 1776 1065 Per-

992 1079 1053 1106 latis
1065 1079 1121 1114 jam
1135 1080 1161 1107 in
1178 1082 1299 1108 omnium
1317 1081 1457 1117 ipsiusque
1482 1082 1550 1110 adeo
1575 1082 1689 1112 Joannis
1704 1086 1775 1112 noti-

993 1126 1055 1152 tiam
1071 1126 1232 1161 supradictis
1247 1127 1334 1154 tribus
1353 1127 1516 1163 Evangeliis,
1537 1129 1730 1164 approbavisse
1743 1138 1775 1158 ea

990 1170 1120 1204 Joannes,
1145 1177 1173 1199 et
1192 1172 1333 1200 veritatem
1356 1174 1522 1208 scriptorum
1547 1182 1596 1202 suo
1620 1176 1774 1204 testimonio

992 1217 1169 1246 conﬁrmasse
1181 1218 1306 1247 dicitur:
1325 1220 1412 1248 solam
1432 1228 1499 1248 vero
1523 1223 1707 1251 narrationem
1728 1230 1775 1251 ea-

992 1271 1051 1292 rum
1076 1272 1166 1292 rerum
1182 1273 1252 1300 quas
1268 1265 1393 1294 Christus
1409 1266 1481 1295 circa
1498 1268 1707 1303 prmdicationis
1723 1269 1774 1297 ini-

992 1309 1058 1336 tium
1077 1314 1210 1344 gesserat,
1237 1310 1406 1338 desiderasse
1427 1320 1434 1338 :
1450 1316 1477 1338 et
1498 1312 1619 1347 profecto
1635 1313 1670 1340 ita
1686 1321 1715 1341 se
1731 1321 1775 1342 res

992 1353 1084 1382 habet.
1110 1354 1177 1381 Nam
1194 1355 1350 1390 superiores
1365 1356 1475 1390 quidem
1500 1361 1556 1385 tres
1581 1359 1773 1394 evangelistas.

992 1407 1024 1427 ea
1038 1400 1171 1427 duntaxat
1196 1409 1255 1436 quin
1274 1406 1336 1436 post
1349 1402 1502 1435 conjectum
1522 1403 1550 1430 in
1565 1403 1672 1432 vincula
1692 1404 1774 1433 Joan-

991 1453 1052 1474 nem
1076 1445 1240 1481 Baptistam,
1253 1447 1335 1475 unius
1358 1448 1422 1475 an'ni
1447 1448 1584 1477 curriculo
1600 1457 1614 1477 a
1630 1450 1775 1479 Servatore

992 1496 1085 1520 nostro
1107 1496 1182 1527 gesta
1207 1497 1281 1525 sunt,
1304 1493 1405 1521 litteris
1432 1494 1576 1523 mandasse
1601 1496 1773 1531 perspicuum

992 1545 1032 1567 est
1046 1548 1052 1566 :
1069 1539 1149 1574 idque
1160 1540 1248 1573 ipsum
1263 1540 1288 1567 in
1308 1541 1442 1576 principio
1456 1543 1547 1577 operis
1562 1543 1603 1570 sui
1619 1547 1713 1578 aperte
1736 1544 1774 1571 si-

992 1585 1145 1620 gniﬁcasse.
1161 1585 1303 1613 Mattlimus
1315 1591 1389 1613 certe
1401 1591 1462 1621 post
1475 1588 1655 1622 quadraginta
1670 1589 1774 1616 dierum

989 1631 1130 1666 jejunium,
1151 1635 1253 1666 etpost
1270 1631 1343 1658 illam
1366 1633 1540 1661 tentationem
1566 1641 1626 1668 quae
1642 1633 1774 1669 jejunium

991 1677 1134 1704 subsecuta
1160 1681 1210 1711 est,
1235 1677 1358 1704 historiae
1382 1685 1439 1705 suae
1462 1683 1568 1714 tempus
1591 1679 1715 1715 designat
1733 1679 1776 1707 his

990 1723 1099 1751 verbis:
1115 1732 1125 1749 ε
1143 1723 1274 1756 Audiens,
1297 1724 1399 1759 inquit,
1421 1725 1492 1757 quod
1512 1724 1631 1753 Joannes
1661 1725 1776 1753 traditus

990 1774 1058 1803 erat,
1080 1776 1113 1797 ex
1133 1768 1226 1797 Judaea
1246 1770 1360 1797 secessit
1384 1770 1410 1797 in
1433 1769 1583 1798 Galilaeam.
1602 1779 1612 1797 ι
1642 1770 1777 1799 Similiter

990 1816 1072 1844 etiam
1100 1815 1232 1843 Marcus:
1254 1824 1263 1842 ί
1280 1815 1438 1851 Postquam,
1472 1816 1569 1849 inquit,
1596 1817 1712 1844 traditus
1734 1822 1776 1845 est

989 1860 1118 1894 Joannes,
1136 1861 1300 1888 venitJesns
1315 1861 1341 1888 in
1359 1860 1511 1889 Galilaeam.
1538 1872 1547 1888 ι
1575 1862 1628 1890 Sed
1645 1867 1672 1890 et
1686 1863 1775 1890 Lucas

990 1912 1135 1941 antequam
1160 1913 1206 1934 res
1232 1914 1247 1933 a
1266 1906 1376 1934 Christo
1404 1913 1496 1942 gestas
1519 1907 1654 1941 ordiatur,
1679 1908 1773 1935 eodem

990 1953 1069 1980 modo
1093 1958 1195 1984 tempus
1209 1953 1339 1988 designat,
1359 1961 1420 1980 cum
1435 1954 1494 1981 ait:
1514 1963 1522 1979 ι
1539 1954 1653 1990 Adjecit,
1675 1954 1774 1989 inquit,

989 2003 1016 2026 et
1034 1999 1084 2026 hoc
1103 1998 1222 2026 Herodes
1236 1999 1342 2027 caeteris
1356 2007 1416 2034 quae
1430 2004 1553 2034 gesserat
1569 1999 1658 2033 maiis,
1673 2004 1774 2027 etcen-

989 2045 1068 2072 clusit
1082 2044 1213 2073 Joannem
1232 2045 1259 2072 in
1280 2052 1431 2072 carcerem.
1449 2054 1458 2071 ›
1476 2045 1524 2072 His
1537 2046 1570 2073 de
1587 2046 1677 2074 causis
1698 2046 1774 2073 aiunt

988 2090 1120 2118 Joannem
1144 2091 1177 2118 ab
1202 2091 1299 2118 amicis
1326 2096 1519 2125 rogatum,,et
1553 2097 1658 2127 tempus
1686 2092 1772 2127 ipsum

988 2137 1060 2172 quod
1075 2136 1231 2172 superiores
1256 2137 1432 2172 euangelista:
1455 2137 1564 2166 silentio
1591 2138 1772 2172 praetermise-

989 2187 1062 2214 rant,
1081 2187 1108 2210 ει
1132 2190 1176 2210 res
1200 2187 1264 2210 tunc
1282 2190 1297 2210 a
1321 2184 1466 2211 Servatore
1491 2189 1586 2211 11051,Γο
1606 2188 1707 2219 gestas,
1728 2191 1775 2212 eas

988 2230 1112 2258 videlicet
1124 2238 1184 2265 qua:
1202 2230 1315 2258 Joannis
1330 2230 1461 2266 Baptistae
1474 2238 1611 2259 carcerem
1627 2239 1775 2268 praecesse-

192 2322 248 2363 (?7)
267 2322 302 2350 Τὸ
436 2323 472 2356 τῇ
485 2323 577 2363 {lbra}?
597 2323 761 2363 Juzjgovq'lqt.~
769 2322 935 2363 Nicephorus

989 2329 1022 2363 liv
1038 2327 1097 2363 post
1112 2330 1256 2363 ascensum
1276 2321 1378 2349 Christi
1395 2324 1478 2363 abeo
1495 2324 1601 2363 factum.
1613 2323 1705 2363 fuisse.
1717 2327 1772 2363 tra-

157 2358 184 2394 in
203 2358 221 2383 l.
244 2366 272 2394 It.
287 2366 310 2394 c.
324 2358 367 2389 45,
384 2358 462 2384 habet
473 2358 502 2384 τὸ
522 2358 612 2384 λεῖπον
623 2358 671 2394 τῆς
683 2358 762 2384 αὑτοῦ
776 2359 934 2394 παρουσίας,

157 2393 182 2419 id
193 2397 244 2423 est,
259 2393 391 2427 Defectum
408 2394 551 2426 prmenliw
569 2401 623 2419 εαίε
640 2393 673 2419 iis
687 2401 749 2427 quos
765 2393 934 2427 relinquebat,

157 2428 253 2461 scripto
261 2428 563 2462 compensnvitJtuﬁnus
571 2435 678 2461 quoque
686 2434 711 2454 et
718 2427 855 2455 Musculus
866 2430 937 2456 hunc

157 2470 235 2497 quem
252 2463 307 2489 dixi
318 2470 427 2490 sensum
438 2464 520 2490 secuti
537 2463 882 2498 sunt.(lin-istophorsonus
893 2472 936 2490 ve-

155 2497 289 2528 ro.verbis
299 2498 365 2532 ipsis
375 2499 494 2531 pressius
505 2497 736 2528 adlnercnsaliter
744 2498 936 2532 interpretatus

156 2537 196 2560 est
208 2534 235 2559 in
255 2535 327 2560 hunc
339 2533 447 2560 modum
462 2541 468 2558 :
483 2532 518 2559 Et
529 2533 596 2567 quod
614 2533 667 2558 illis
679 2541 694 2559 a
705 2533 796 2567 quibus
806 2534 935 2565 discessit,

156 2568 242 2594 deesse
255 2568 317 2594 dum
327 2576 440 2602 prwsens
452 2568 521 2602 apud
532 2576 573 2594 eos
585 2573 650 2598 erat,
664 2568 807 2599 videbatur.
820 2568 886 2594 illud
897 2577 937 2594 sc-

155 2603 267 2629 dnlilate
275 2607 299 2629 et
309 2602 398 2629 labore
408 2603 536 2629 scribendi
546 2603 664 2629 omnibus
675 2603 729 2629 suis
739 2603 813 2637 quasi
822 2604 936 2630 numeris

154 2638 281 2671 explevit;
294 2638 320 2664 in
333 2645 385 2672 qua
398 2638 614 2672 interpretatione
632 2638 682 2664 hoc
694 2638 780 2672 primo
792 2638 937 2671 reprehen-

154 2672 270 2699 dendum
283 2677 335 2703 est,
355 2673 427 2706 quod
448 2673 599 2699 Matthmum
617 2673 758 2706 scripsisse
769 2673 807 2699 ait
818 2672 937 2707 Evange-

154 2707 230 2742 lium,
243 2715 305 2734 cum
324 2708 358 2734 ab
378 2707 561 2742 Hebraeisjam
573 2708 754 2738 discessisset,
770 2715 830 2734 cum
848 2713 936 2742 tamen

153 2741 287 2769 Eusebius
299 2742 466 2769 contrarium
478 2740 558 2769 dicat.
573 2743 639 2769 Nam
651 2743 678 2769 in
689 2742 781 2769 Graeco
793 2747 833 2769 est
844 2743 890 2777 ἀφ’
901 2740 937 2769 ὦν

153 2777 302 2808 ἐστέλλετο,
315 2778 340 2804 id
350 2783 400 2808 est,
411 2786 426 2803 α
435 2778 525 2810 quibus
534 2778 696 2804 discessurus
705 2777 939 2804 crat.CerteAtha-

152 2813 282 2840 nasiusin
296 2817 410 2839 tractatu
421 2812 458 2838 De
471 2812 544 2838 libris
559 2821 640 2839 sacra:
656 2812 842 2846 Scripturw,ct
852 2812 939 2847 Chry-

153 2853 290 2875 sostomus
304 2847 400 2874 scribit
412 2847 564 2880 Mattlncum
582 2849 697 2882 primum
713 2848 832 2874 omnium
844 2847 938 2874 Hiero—

152 2884 263 2919 solymis
272 2882 450 2917 Evangelium
461 2890 540 2910 suum
551 2883 760 2918 conscripsisse;
772 2883 851 2918 idque
866 2889 937 2910 anno

294 2928 432 2959 ΡΑτιιοι.
451 2927 510 2958 Gn.
530 2928 596 2960 XX.

987 2357 1026 2384 dit
1051 2357 1227 2391 Nicephorius,
1260 2364 1287 2385 et
1313 2364 1409 2384 auctor
1432 2357 1557 2385 Clu-unici
1583 2358 1772 2388 Alexandrini.

981 2391 1083 2420 Deinde
1098 2392 1179 2419 verba
1195 2393 1238 2419 illa
1251 2393 1281 2419 τὸ
1293 2392 1385 2419 λεῖπον
1393 2394 1425 2428 τῇ
1442 2393 1523 2419 αὑτοῦ
1536 2393 1682 2428 παρουσίᾳ,
1699 2393 1774 2420 nullo

982 2428 1062 2455 modo
1091 2428 1117 2454 id
1136 2427 1292 2462 signiﬁcare
1316 2421 1429 2462 possun‘i
1450 2429 1522 2462 quod
1543 2421 1630 2455 vo'Iuit
1647 2421 1772 2456 Christo-

979 2462 1148 2494 pborsonus;
1163 2463 1211 2489 sed
1226 2463 1251 2489 id
1267 2463 1358 2496 potius
1373 2463 1538 2497 signiﬁcant,
1559 2464 1580 2490 si
1601 2463 1634 2489 ad
1658 2463 1769 2490 verbum

978 2497 1178 2532 interpreteris,
1197 2502 1222 2524 et
1248 2498 1317 2531 quod
1333 2499 1480 2531 prwaentiw
1501 2506 1557 2524 sua:
1571 2498 1657 2524 adhuc
1683 2506 1771 2531 super-

978 2539 1032 2558 esse
1049 2533 1184 2559 videbatur
1208 2533 1252 2567 (ad
1277 2533 1473 2566 prrcdicntiont's
1485 2533 1583 2560 scilicet
1602 2541 1770 2559 consumma-

981 2567 1091 2600 tionem)
1107 2568 1204 2601 acriplo
1225 2567 1361 2601 supplevit.
1380 2567 1429 2595 Hic
1444 2573 1486 2595 est
1499 2575 1596 2595 sensus
1621 2569 1767 2595 verborum

982 2602 1100 2637 Eusebii.
1120 2604 1153 2628 At
1165 2602 1428 2635 Clu-istophm'sonus
1446 2603 1527 2628 verba
1543 2603 1585 2629 illa
1602 2602 1708 2634 τούτοις
1721 2604 1769 2637 ἀφ’

981 2634 1018 2663 ὧν
1030 2637 1170 2663 ἐστέλλετο
1182 2634 1281 2663 retulit
1292 2637 1324 2663 ad
1342 2638 1466 2669 verbum,
1484 2637 1586 2669 λεῖπον,
1599 2645 1660 2666 cum
1678 2634 1768 2666 tamen

982 2672 1144 2708 referantur,
1154 2673 1194 2708 ad
1212 2679 1304 2708 vocem
1321 2672 1492 2708 ἀπεπλήρου.
1513 2673 1593 2700 Certe
1611 2674 1637 2699 in
1659 2673 1770 2706 scriptis

981 2708 1120 2744 codicibus
1133 2707 1226 2744 Regio,
1243 2707 1311 2733 Maz.
1325 2712 1351 2744 et
1366 2707 1606 2744 Mempostvocem
1620 2710 1768 2744 παρουσίᾳ,

984 2747 1011 2768 et
1028 2742 1238 2775 νοειὲστέλλετο
1254 2743 1398 2775 apponitur
1415 2743 1618 2770 subdistinctio.

1018 2777 1072 2811 (28)
1101 2777 1157 2814 lt'ai
1178 2777 1213 2803 τὰ
1228 2777 1316 2814 ’κατὰ
1337 2776 1770 2814 τοῦτονςςεπραγμένειΛηψω-

982 2815 1043 2838 tuor
1060 2811 1324 2838 nostris‘codicibus
1347 2812 1428 2844 Maz.,
1448 2812 1530 2841 Med..
1553 2811 1623 2840 Fnk.
1645 2820 1673 2841 et
1689 2811 1767 2840 Silvi-

979 2846 1193 2885 lianoseriptnm
1207 2851 1261 2885 est.
1277 2848 1324 2874 καὶ
1342 2847 1376 2874 τὰ
1393 2848 1453 2875 κατ’
1475 2849 1555 2876 αὑτὸν
1570 2849 1767 2885 πεπραγμένα.

980 2882 1092 2918 Snpple,
1104 2882 1156 2923 τὸν⁴
1166 2881 1270 2918 χρόνον.
1379 2896 1382 2899 -
1630 2881 1637 2884 ’
1648 2894 1651 2899 ι

1613 2930 1632 2960 9
