1993 3164
258 141 312 169 26']
611 139 745 168 EUSEBII
764 140 1001 169 CESARIENSIS
1019 139 1094 169 OPP.
1116 140 1204 169 PARS
1225 141 1244 168 1.
1265 156 1298 160 —
1317 139 1513 169 HISTORICA.
1825 141 1879 169 903

265 207 342 233 rant,
365 201 391 228 in
408 200 580 236 Erangelium
603 207 682 227 suum
711 200 861 235 ccuj:-cisse
887 210 893 227 :
915 200 994 235 idque
1010 200 1043 226 ab

1093 208 1138 232 τος
1150 202 1178 226 ἐν
1190 199 1276 227 Αἰνὼν
1290 200 1372 234 ἐγγὺς
1386 200 1433 226 τοῦ
1450 200 1544 235 Σαλήμ
1561 199 1626 235 (29)·
1651 199 1743 235 σαφῶς
1760 208 1790 226 τε
1801 199 1879 226 τοῦτο

262 247 322 280 ipso
337 243 447 273 indicari
463 244 578 279 primum
593 252 653 271 cum
670 245 752 272 dicit:
772 255 780 271 ε
795 245 850 272 Hoc
867 245 974 272 initium
990 245 1041 271 mi-

1093 245 1188 282 δηλοῦν
1201 247 1229 272 ὲν
1242 246 1279 281 τῷ
1293 246 1390 280 λέγειν·
1403 256 1411 270 ι
1431 245 1513 272 Οΰπω
1523 246 1575 281 γὰρ
1586 244 1628 281 ἦν,
1642 246 1732 281 φησιν,
1754 246 1879 281 Ἰωάννης

262 291 413 319 raculorum
425 289 584 324 fecitJesus;
601 299 612 316 ι
628 289 791 318 deindecum
807 291 833 318 in
848 291 904 326 ipso
916 290 970 325 jam
984 299 1043 325 pro-

1093 292 1256 327 βεϐλημένος
1278 293 1316 323 εἰς
1335 291 1464 327 φυλακήν.
1483 302 1492 317 ι
1512 291 1615 318 Οὐκοῦν
1638 293 1651 318 ὁ
1674 292 1724 326 μὲν
1749 291 1877 325 Ἰωάννης

260 343 354 371 gressu
369 335 534 362 narrationis
550 342 640 363 rerum
656 343 671 362 a
686 334 750 363 Jesu
763 340 911 371 gestarum,
926 336 1043 363 mentio-

1091 339 1123 373 τῇ
1137 337 1183 364 τοῦ
1195 338 1253 363 κατ’
1265 337 1343 363 αὑτὸν
1360 336 1524 370 Εὑαγγελίου
1541 337 1643 371 γραιξῇ,
1659 335 1691 361 τὰ
1704 335 1816 370 μηδέπω
1831 334 1877 360 τοῦ

260 389 322 410 nem
353 382 490 410 interserit
504 380 614 409 Joannis
628 381 755 416 Baptistae
769 387 895 417 tanquam
910 383 937 409 in
951 381 1040 409 Enon

1091 382 1241 410 Βαπτιστοῦ
1252 384 1290 414 εἰς
1304 382 1423 417 φυλακὴν
1435 381 1599 417 βεϐλημένου
1614 381 1681 418 πρὸς
1696 381 1742 408 τοῦ
1758 380 1875 416 Χριστοῦ

255 429 333 463 juxta
347 428 403 464 96
416 427 505 455 Salem
519 427 660 454 etiamtum
686 427 861 462 baptizantis.
880 427 956 461 Quod
980 427 1040 462 qui-

1091 430 1246 465 πραχθέντα
1263 428 1453 464 παραδίδωσιν·
1467 429 1491 454 οἱ
1508 428 1536 454 δὲ
1552 428 1638 454 λοιποὶ
1649 429 1723 463 τρεῖς
1735 427 1875 461 εὐαγγελι-

259 475 320 503 dem
350 474 519 510 apertissime
540 474 660 501 ostendit
687 474 728 502 his
743 474 851 502 verbis:
868 483 877 500 ι
904 474 1039 507 Nondum,

1092 476 1162 506 σταὶ,
1174 475 1208 501 τὰ
1226 474 1294 510 μετὰ
1307 475 1356 510 τὴν
1371 476 1410 506 είς
1423 475 1453 500 τὸ
1470 474 1654 509 δεσμωτήριον
1675 473 1812 509 κάθειρξιν
1826 472 1873 499 τοῦ

259 521 363 555 inquit,
393 519 512 548 Joannes
538 520 675 554 conjectus
702 524 761 547 erat
787 520 814 546 in
852 527 999 547 carcerem.
1028 529 1037 545 ι

1090 520 1242 548 Βαπτιστοῦ
1269 521 1492 556 μνημονεύουσιν.
1521 518 1568 552 Οἷς
1596 521 1642 547 καὶ
1675 521 1872 555 ὲπιστήσαντι,

258 566 376 595 Proinde
392 565 512 594 Jonnnes
528 565 640 600 quidem
655 572 700 593 res
716 573 731 592 a
749 565 858 593 Christo
873 570 965 601 gestas
987 565 1039 600 pri-

1089 568 1176 595 οὐκέτ’
1188 567 1219 595 ἂν
1231 567 1303 599 δόξαι
1318 567 1459 600 διαφωνεῖν
1471 567 1592 602 ἀλλήλοις
1603 566 1636 592 τὰ
1653 566 1816 600 Εὑαγγέλια,
1836 565 1874 600 τῷ

258 620 374 647 nsquam
401 611 520 639 Joannes
553 611 673 646 Baptista
710 611 840 639 custodia:
870 612 1040 646 mancipatus

1088 613 1118 640 τὸ
1146 614 1194 648 μὲν
1217 613 1286 640 κατὰ
1315 613 1439 648 Ἰωάννην
1459 612 1493 639 τὰ
1512 612 1608 647 πρῶτα
1626 612 1678 638 τῶν
1691 611 1736 638 τοῦ
1755 611 1872 646 Χριστοῦ

257 658 364 690 fuisset,
379 657 527 692 Evangelia
548 665 598 684 suo
623 657 821 692 complectitur.
848 657 954 693 Reliqui
973 665 1038 685 vero

1089 660 1213 695 πράξεων
1234 659 1380 694 περιέχειν,
1403 659 1437 685 τὰ
1460 659 1488 685 δὲ
1511 658 1591 684 λοιπὰ
1607 658 1654 693 τὴν
1675 658 1720 684 ἐπὶ
1735 657 1807 684 τέλει
1825 656 1871 683 τοῦ

258 709 315 732 tres
334 705 506 739 evangelista;
525 711 568 731 res
578 703 678 731 Christi
697 708 798 738 gestas,
818 711 852 731 ex
879 711 932 738 quo
948 703 1039 738 Bapti-

1088 705 1182 740 χρόνον
1209 704 1281 738 αὐτῷ
1295 703 1481 739 γεγενημένην
1506 703 1634 738 ἱστορίαν.
1653 702 1771 733 Εἰκότως
1788 702 1809 728 δ’
1826 699 1871 728 οὖν

258 754 300 776 sta
326 749 465 784 coniectus
494 753 535 777 est
562 749 589 776 in
627 756 782 782 carcerem.
829 754 1037 784 persequuntur.

1087 750 1135 786 τὴν
1151 750 1198 784 μὲν
1215 749 1264 784 τῆς
1282 749 1381 784 σαρκὸς
1396 749 1442 775 τοῦ
1456 749 1579 785 Σωτῆρος
1592 748 1670 783 ἡμῶν
1683 747 1871 782 γενεαλογίαν,

257 796 334 829 Quod
347 796 502 832 quicunque
513 796 645 823 attentius
659 795 857 827 observaverit,
867 803 1036 830 nequaquam

1088 796 1135 823 ἅτε
1148 795 1280 830 Ματοαίῳ
1294 796 1340 822 καὶ
1348 796 1439 831 Aoum}
1452 796 1666 830 προγραφεῖσαν,
1676 793 1869 828 ἀποσιωπῆσαι

256 842 400 877 Evangelia
415 842 485 870 inter
509 849 540 870 se
557 842 689 870 dissidere
705 842 820 877 posthac
845 841 1012 869 existimabit
1027 851 1033 869 :

1087 842 1132 869 τὸν
1153 843 1287 878 Ἰωάννην,
1308 841 1358 877 τῆς
1381 842 1408 869 δὲ
1433 841 1572 875 θεολογίας
1595 839 1779 876 ἀπάρξασθαι,
1798 839 1871 867 ὠσάν

255 871 354 922 quippe
376 895 437 916 cum
461 887 575 915 Joannis
596 871 713 922 quidem.
730 885 905 922 Evangelium
929 887 1034 914 initium

1087 888 1159 924 αὐτῷ
1171 889 1237 924 πρὸς
1248 887 1294 914 τοῦ
1311 888 1381 914 Θείου
1400 887 1558 922 Πνεύματος
1578 883 1620 912 οἷα
1638 885 1770 920 κρείττονι
1784 893 1872 920 παρα-

255 937 363 960 actuum
385 933 498 966 Christi,
514 938 610 960 caztera
625 937 715 960 autem
739 932 882 967 Evangelia
898 932 1036 966 sequentis

1087 934 1304 970 πεφυλαγμένης,
1328 933 1419 960 Ταῦτα
1444 933 1492 968 μὲν
1515 930 1562 958 οὖν
1585 933 1650 967 ἡμῖν
1671 930 1733 967 περὶ
1760 929 1808 965 τῆς
1825 930 1870 958 τοῦ

255 979 384 1013 temporis
399 979 542 1007 historiam
566 979 736 1007 contineant.
761 978 795 1005 Et
811 978 907 1006 seriem
926 979 1035 1014 quidem

1086 980 1155 1007 κατὰ
1170 980 1293 1015 Ἰωάννην
1306 979 1469 1013 Εὑαγγελὶου
1483 979 1590 1014 γραφῆς
1607 978 1735 1013 εἰρήσθω.
1753 979 1808 1004 Καὶ
1822 978 1871 1013 τῆς

254 1024 339 1058 ipsam
354 1024 461 1059 generis
476 1024 578 1051 Christi
592 1024 740 1051 secundum
762 1031 883 1057 carnem,
909 1030 1001 1059 utpote
1021 1033 1036 1053 a

1086 1026 1156 1054 κατὰ
1173 1027 1284 1062 Μάρκον
1300 1026 1327 1052 δὲ
1342 1027 1358 1062 ἡ
1373 1025 1505 1061 γενομένη
1518 1025 1601 1057 αἰτία,
1613 1025 1704 1056 ἐντοῖς
1719 1025 1871 1060 ἔμπροσθεν

253 1068 380 1096 Μοιιίιτιιο
393 1074 419 1096 el
433 1069 506 1096 Luca
527 1069 604 1104 prius
623 1070 764 1104 traditam,
789 1069 910 1098 Joannes
938 1071 1035 1098 merito

1086 1073 1152 1108 ἡμῖν
1166 1073 1321 1108 δεδήλωται.
1345 1073 1374 1098 '0
1390 1072 1418 1098 δὲ
1436 1073 1542 1102 Λουκᾶς
1557 1071 1706 1106 ἀρχόμενος
1726 1071 1772 1097 καὶ
1791 1070 1871 1102 αὐτὸς

254 1115 438 1150 praetermisit.
462 1115 502 1142 Ab
518 1115 574 1148 ipsa
591 1122 656 1142 vero
678 1115 736 1150 ejus
753 1115 895 1143 divinitate
920 1116 1035 1151 sumpsit

1084 1119 1130 1145 τοῦ
1147 1120 1205 1145 κατ’
1223 1118 1302 1146 αὐτὸν
1317 1118 1540 1153 συγγράμματος,
1552 1117 1600 1152 τὴν
1616 1117 1705 1143 αἰτίαν
1720 1116 1868 1152 προῦθηκε,

254 1162 371 1194 initium,
387 1161 484 1196 quippe
500 1168 559 1196 qum
574 1169 589 1188 a
603 1160 706 1196 Spiritu
723 1166 816 1189 sancto
833 1162 884 1196 ipsi
908 1167 1034 1197 tanquam

1084 1164 1117 1191 δι’
1129 1166 1162 1199 ἢν
1176 1164 1320 1201 πεποίηται
1335 1164 1384 1200 τὴν
1395 1163 1529 1196 σύνταξιν·
1543 1163 1640 1198 δηλῶν,
1651 1163 1688 1194 ὡς
1702 1162 1755 1198 ἄρα
1766 1162 1870 1189 πολλῶν

253 1207 434 1242 przestanliori
450 1207 544 1234 luisset
566 1211 715 1236 reservata.
731 1208 821 1243 Atque
833 1209 891 1236 hace
904 1209 938 1236 de
951 1208 1035 1236 Joan-

1084 1211 1130 1236 καὶ
1143 1210 1228 1237 ἄλλων
1243 1209 1458 1245 προπετέστερον
1475 1208 1720 1243 ὲπιτετηδευκότων
1745 1208 1870 1242 διήγησιν

253 1253 296 1281 nis
317 1253 462 1288 Evangelia
485 1253 555 1280 dicta
585 1254 640 1281 sint
669 1261 684 1281 a
709 1254 799 1282 nobis.
825 1254 946 1282 Marcum
970 1263 1035 1282 vero

1084 1257 1145 1292 ποιή
1150 1256 1243 1283 σασΟοιι
1248 1252 1292 1288 ,ὧν
1301 1256 1332 1282 αὖ
1336 1255 1379 1286 τὸς
1386 1264 1419 1282 πε
1423 1255 1473 1290 πλη
1478 1254 1611 1290 ροιρόρητο
1617 1253 1870 1287 λόγων,ἁναγκαίως

251 1306 374 1334 quaenam
387 1307 468 1326 causa
481 1299 513 1326 ad
530 1299 701 1327 scribendum
715 1300 864 1335 impulerit,
879 1300 934 1335 jam
953 1309 1034 1336 supe-

1084 1302 1259 1329 ἁπαλλάττων
1275 1302 1348 1337 ἡμᾶς
1363 1301 1412 1336 τῆς
1426 1301 1489 1336 περὶ
1504 1302 1566 1332 τοὺς
1585 1300 1681 1332 ἄλλους
1696 1299 1869 1335 ἀμφηρίστου

251 1343 307 1372 rius
322 1344 541 1372 commemoravi.
558 1345 593 1371 At
613 1344 699 1373 Lucas
716 1346 742 1373 in
765 1346 822 1380 ipso
840 1346 977 1381 Evangelii
992 1347 1032 1374 sui

1084 1348 1251 1383 ὑπολήψεως,
1262 1348 1306 1374 τὸν
1324 1347 1431 1382 ἀσιροιλῆ
1445 1347 1533 1381 λόγον,
1549 1343 1586 1373 ὧν
1606 1346 1685 1377 αὐτος
1701 1345 1800 1377 ἱκανῶς
1821 1345 1868 1380 τὴν

250 1390 362 1417 exordio
378 1397 437 1424 qum
461 1389 598 1417 scribendi
622 1389 673 1418 sibi
699 1398 780 1418 causa
804 1396 877 1419 esset
896 1392 1032 1427 exposuit.

1083 1392 1210 1428 ἀλήθειαν
1231 1392 1404 1427 κατειλήφει,
1425 1393 1457 1418 ὲκ
1473 1391 1523 1426 τῆς
1537 1392 1595 1427 ἅμα
1615 1390 1713 1426 Παύλῳ
1729 1390 1869 1421 συνουσίας

250 1435 296 1463 Ait
309 1436 379 1463 enim
398 1435 497 1463 multos
512 1440 614 1463 temere
630 1441 712 1470 atque
728 1436 915 1472 imprudenter
925 1446 1035 1474 aggres-

1083 1447 1112 1465 τε
1135 1439 1182 1464 καὶ
1204 1438 1352 1474 διατριϐῆς,
1379 1438 1425 1464 καὶ
1448 1438 1497 1473 τῆς
1511 1437 1565 1464 τῶν
1586 1435 1687 1463 λοιπῶν
1712 1435 1869 1463 ἀποστόλων

251 1487 297 1507 sos
312 1479 394 1507 fuisse
410 1480 591 1507 narrationem
606 1488 700 1508 earum
718 1488 810 1508 rerum
827 1490 894 1517 quas
912 1483 969 1518 ipse
983 1490 1032 1511 ex-

1083 1484 1189 1519 ὁμιλίας
1199 1483 1288 1519 ὼφελη
1294 1484 1382 1519 μένος,
1394 1483 1436 1510 διὰ
1445 1483 1490 1510 τοῦ
1505 1483 1569 1509 ἰδίου
1581 1482 1737 1518 παρέδωκεν
1749 1482 1870 1515 Εὐαγγε-

252 1526 374 1562 ploratas
390 1526 502 1554 haberet
518 1536 525 1554 :
543 1534 574 1554 ac
590 1526 703 1561 proinde
721 1534 750 1555 se
770 1528 930 1556 necessitate
945 1528 1030 1557 addu-

1083 1531 1150 1567 λίου.
1169 1531 1223 1557 Καὶ
1239 1529 1324 1557 ταῦτα
1342 1529 1390 1564 μὲν
1406 1530 1486 1565 ἡμεῖς
1507 1529 1570 1564 περὶ
1586 1528 1696 1554 τούτων·
1707 1527 1868 1562 οἰκειότερον

250 1575 335 1604 ctum,
351 1576 379 1599 ut
395 1579 442 1599 nos
456 1572 491 1599 ah
504 1571 615 1601 incertis
628 1573 801 1609 opinionibus
814 1573 953 1607 liberaret,
968 1582 1027 1603 cer-

1082 1576 1109 1603 δὲ
1127 1576 1196 1602 κατὰ
1209 1576 1302 1611 καιρὸν
1316 1574 1360 1601 διὰ
1371 1574 1422 1609 τῆς
1434 1574 1487 1600 τῶν
1500 1574 1621 1610 ἀρχαίων
1634 1573 1820 1610 παραθέσεως,
1834 1572 1869 1599 τὰ

251 1618 382 1647 tissimam
407 1626 439 1646 ac
463 1619 647 1647 ﬁdelissimam
672 1620 852 1648 narrationem
870 1628 963 1648 earnm
986 1628 1030 1649 re-

1083 1622 1129 1648 καὶ
1152 1623 1207 1653 τοῖς
1221 1621 1310 1652 ἄλλοις
1324 1621 1388 1656 περὶ
1406 1619 1496 1647 αὐτῶν
1522 1619 1655 1655 εἰρημένα
1681 1618 1867 1654 πειρασόμεθα

249 1671 322 1696 rum,
338 1671 452 1698 quarum
469 1665 525 1700 ipse
543 1665 688 1698 veritatem
702 1665 800 1700 partim
815 1673 848 1694 ex
863 1665 941 1693 Pauli
962 1673 1030 1694 con-

1082 1667 1210 1702 δηλῶσαι.
1226 1666 1286 1693 Τῶν
1302 1666 1330 1693 δὲ
1350 1666 1473 1692 Ἰωάννου
1492 1665 1726 1701 συγγραμμάτων,
1743 1664 1811 1699 πρὸς
1826 1663 1867 1699 τῷ

249 1711 384 1744 tabernio,
406 1711 504 1745 partim
526 1719 559 1739 ex
586 1711 749 1746 reliquorum
764 1712 950 1746 apostolorum
974 1719 1032 1740 ser-

1082 1714 1238 1748 Εὐαγγελίῳ
1257 1714 1303 1741 καὶ
1316 1713 1332 1748 ἡ
1351 1712 1472 1748 προτέρα
1487 1712 1540 1739 τῶν
1561 1711 1738 1743 Ἐπιστολῶν,
1749 1711 1825 1747 παρά
1836 1719 1867 1737 τε

248 1756 375 1783 mortibus
398 1756 538 1790 hauserat,
564 1757 708 1791 Evangelia
734 1765 783 1786 suo
808 1759 963 1787 tradidisse.
979 1759 1031 1787 Sed

1081 1761 1135 1791 τοῖς
1151 1759 1198 1786 νῦν
1219 1759 1267 1786 καὶ
1280 1760 1335 1790 τοῖς
1353 1759 1390 1784 ἔτ’
1402 1758 1524 1794 ἀρχαίοις
1549 1757 1746 1792 ἀναμφίλεκτος
1762 1756 1866 1792 ὡμολό-

248 1802 306 1830 hzec
320 1811 335 1829 a
349 1803 426 1830 nobis
438 1803 544 1838 quidem
560 1811 631 1831 nunc
646 1804 714 1831 dicta
727 1804 781 1831 sint
796 1804 928 1832 hactenus
942 1813 948 1837 ;
963 1805 1030 1832 alias

1082 1813 1174 1840 γηται,
1184 1805 1368 1839 ἀντιλέγονται
1383 1804 1411 1831 δὲ
1429 1804 1457 1831 αἱ
1467 1803 1559 1830 λοιπαὶ
1573 1803 1627 1830 δύο.
1646 1803 1701 1838 Τῆς
1711 1803 1732 1829 δ’
1749 1803 1866 1830 Ἀποκα-

247 1856 313 1876 vero
331 1849 497 1876 commodius
512 1849 602 1877 allatis
622 1855 743 1877 veterum
761 1851 925 1885 scriptorum
953 1851 1028 1884 locis,

1082 1850 1186 1886 λύψεως
1204 1851 1245 1885 ἐφ’
1261 1851 1389 1886 ἑκάτερον
1404 1849 1443 1876 ἐτι
1462 1849 1509 1877 νῦν
1526 1848 1601 1885 παρὰ
1615 1850 1671 1880 τοῖς
1693 1848 1799 1880 πολλοῖς
1818 1857 1867 1875 πε-

246 1894 312 1930 quid
329 1894 428 1930 reliqui
445 1895 478 1922 de
492 1895 585 1923 eodem
602 1902 763 1930 argumento
787 1896 961 1931 tradiderint,
982 1897 1029 1925 do-

1082 1898 1215 1933 ριέλκεται
1229 1898 1246 1933 ἡ
1261 1897 1332 1929 δόξα.
1348 1897 1441 1931 Ὅμως
1454 1904 1486 1930 γε
1503 1896 1556 1931 μὴν
1571 1896 1603 1922 ἐκ
1612 1894 1661 1930 τῆς
1675 1895 1730 1921 τῶν
1746 1895 1865 1930 ἀρχαίων

245 1948 310 1968 cere
327 1941 495 1968 conabimur.
514 1940 599 1969 Porro
615 1941 685 1968 inter
700 1941 812 1969 Joannis
830 1942 934 1977 scripta
958 1951 1028 1978 prae-

1081 1943 1232 1979 μαρτυριας
1239 1943 1267 1969 ὲν
1279 1942 1371 1977 οἰκείῳ
1381 1940 1470 1977 καιρῷ
1486 1940 1535 1977 τὴν
1551 1941 1689 1975 ἐπίκρισιν
1699 1939 1802 1973 δέξεται
1817 1940 1864 1967 καὶ

247 1990 289 2014 ter
304 1986 489 2021 Evangelium,
515 1987 589 2022 prior
611 1994 718 2022 quoque
735 1985 855 2021 Epistola
881 1992 937 2015 tum
951 1996 966 2015 a
983 1997 1027 2016 re-
1079 1989 1158 2025 αὐτή.

245 2035 414 2063 centioribus
445 2039 502 2062 tum
516 2035 552 2062 ab
579 2035 698 2070 antiquis
732 2036 859 2063 omnibus
889 2036 959 2063 citra
988 2039 1201 2065 coutroversiam
1219 2036 1395 2069 admittitur;
1412 2035 1523 2070 reliquae
1536 2039 1623 2062 autem
1636 2034 1694 2061 duae
1711 2033 1737 2060 in
1753 2033 1861 2060 dubitu-

246 2086 417 2108 revocantur.
435 2081 472 2109 De
494 2082 680 2110 Revelationis
695 2088 783 2111 autem
814 2083 884 2111 libro
913 2085 1001 2113 adhuc
1036 2086 1062 2113 in
1091 2091 1231 2119 utramque
1257 2089 1361 2119 partem
1386 2084 1543 2117 opinionum
1574 2082 1704 2109 varietate
1731 2086 1862 2108 certatur.

244 2128 298 2160 Sed
314 2128 371 2156 haec
393 2129 475 2155 etiam
491 2129 674 2156 controversia
698 2130 878 2157 vetustiorum
903 2131 1057 2160 testimonio
1071 2130 1234 2166 competenti
1251 2135 1373 2165 tempore
1388 2128 1592 2163 disceptabilur.

487 2198 540 2234 97
559 2198 671 2227 CAPUT
697 2199 778 2227 xxv.
1040 2204 1063 2232 ι)
1185 2192 1190 2196 ’

1040 2204 1063 2232 ι)
1185 2192 1190 2196 ’
1329 2199 1525 2226 ΚΕΦΑΛΔΙΟΝ
1545 2199 1607 2225 KE’.

241 2256 281 2285 De
309 2256 406 2283 divinis
430 2254 576 2294 VScripluris
603 2257 718 2283 Durnium
745 2266 874 2294 consensu
903 2259 1022 2294 receptis,

1076 2258 1147 2291 Περὶ
1159 2257 1216 2284 τῶν
1232 2256 1481 2294 ὀμολοτιοινμένωξί
1497 2253 1728 2294 θείῳ-..Γραξῷν
1740 2254 1788 2280 καὶ
1801 2254 1861 2280 τῶν

381 2296 404 2317 et
418 2293 449 2318 de
463 2288 497 2317 iis
512 2299 570 2325 quae
589 2299 640 2317 non
665 2296 726 2318 sunt
741 2292 880 2326 ejusmodi.
960 2288 965 2294 ’
1015 2288 1021 2293 ’
1115 2288 1123 2291 ⁷

960 2288 965 2294 ’
1015 2288 1021 2293 ’
1115 2288 1123 2291 ⁷
1229 2288 1271 2326 pii;
1286 2288 1426 2317 τοιούτων
1438 2289 1508 2324 (Nic.
1526 2289 1561 2316 Η.
1579 2288 1612 2317 E.
1628 2297 1656 2321 ιι,
1668 2289 1721 2324 ιο).

276 2348 412 2376 Caeterum
440 2353 621 2382 opportunum
654 2349 758 2376 videtur
789 2349 840 2377 hoc
868 2350 929 2378 loco
953 2350 1020 2378 Novi

1111 2350 1228 2384 Εὔλογον
1245 2350 1267 2376 δ’
1282 2348 1399 2375 ἐνταῦθα
1418 2347 1589 2382 γενομένους,
1619 2346 1860 2380 ἀνακεφαλαιώσα-

239 2393 405 2422 Testamenti
426 2393 509 2420 libros
526 2393 560 2420 de
577 2393 677 2429 quibus
688 2394 742 2428 jam
759 2395 887 2430 diximus,
900 2404 1022 2424 summa-

1077 2397 1139 2424 σθαι
1158 2396 1206 2427 τὰς
1221 2395 1385 2430 δηλωθείσας
1403 2395 1452 2429 τῆς
1473 2394 1576 2428 Καινῆς
1591 2393 1727 2428 Διαθήκης
1739 2393 1856 2428 γραφάς.

239 2441 287 2468 tim
300 2446 452 2467 recensere.
480 2439 570 2466 Primo
595 2441 676 2475 igitur
696 2440 850 2469 collocanda
876 2448 918 2470 est
943 2451 1021 2471 sacra

1075 2443 1129 2470 Καὶ
1144 2441 1175 2476 δὴ
1191 2440 1302 2467 τακτέον
1318 2442 1346 2467 'sv
1373 2438 1489 2474 πρώτοις
1504 2439 1552 2474 τὴν
1565 2437 1644 2471 ἁγίαν
1666 2436 1718 2463 τῶν
1738 2437 1860 2471 Εὑαγγε-

239 2485 446 2521 Evangeliorum
461 2485 593 2520 quadriga
608 2493 616 2517 ;
632 2493 712 2520 quam
728 2486 826 2515 deinde
851 2496 1021 2523 consequun-

1075 2489 1139 2516 λίων
1155 2487 1314 2522 τετρακτύν-
1329 2483 1368 2515 οἷς
1380 2485 1473 2512 ἕπεται
1488 2485 1504 2519 ἡ
1519 2484 1572 2510 τῶν
1583 2483 1710 2518 Πράξεων
1720 2483 1773 2509 τῶν
1790 2484 1858 2510 ἁπο-

240 2536 283 2558 ιυι·
297 2532 379 2558 Actns
392 2531 588 2566 apostolorum.
607 2531 674 2559 Post
693 2532 743 2559 hos
767 2535 941 2561 numeranda:
958 2540 1022 2561 sunt

1076 2534 1175 2561 στόλων
1190 2533 1294 2568 γραφή.
1314 2531 1391 2558 Μετὰ
1409 2531 1437 2557 δὲ
1455 2531 1566 2565 ταύτην,
1588 2529 1636 2561 τὰς
1656 2529 1760 2555 Παύλου
1773 2538 1858 2555 κατα-

239 2576 314 2604 Pauli
334 2576 469 2609 Epistolae.
484 2576 546 2602 Inde
559 2575 634 2610 prior
650 2575 693 2603 illa
708 2576 833 2609 Joannis.
848 2586 880 2606 ac
896 2579 1022 2606 similiter

1074 2581 1183 2607 λεκτέον
1208 2578 1375 2609 Ἐπιστολὰς,
1392 2574 1435 2608 αἷς
1455 2577 1516 2612 ἑξῆς
1537 2576 1585 2612 τὴν
1599 2576 1751 2611 φερομένην
1769 2576 1858 2602 Ἰωάν-

239 2622 309 2649 Petri
330 2621 449 2657 Epistula
481 2621 653 2656 suscipienda
677 2627 728 2650 est.
756 2623 897 2651 Postremo
924 2624 1022 2659 adjun-

1075 2635 1120 2652 νου
1144 2624 1298 2660 προτέραν,
1327 2624 1374 2649 καὶ
1398 2622 1495 2657 ὁμοίως
1525 2622 1573 2657 τὴν
1594 2622 1697 2657 Πέτρου
1720 2621 1856 2654 κυρωτέον

239 2668 323 2701 gcnda
338 2673 390 2699 est,
402 2669 424 2695 si
438 2668 476 2695 ita
495 2667 647 2701 videbitur,
669 2668 781 2697 Joannis
802 2670 962 2698 Revelatio:
988 2670 1020 2698 de

1081 2671 1248 2705 Ἐπιστολὴν.
1273 2669 1332 2696 Ἐπὶ
1344 2667 1448 2699 τούτοις
1461 2667 1572 2693 τακτέον
1583 2687 1591 2700 ,
1611 2666 1668 2700 εἴγε
1683 2666 1789 2701 φανείη,
1807 2665 1855 2700 τὴν

238 2718 290 2746 qua
304 2713 367 2746 quid
380 2718 489 2741 veteres
513 2714 660 2746 senserint,
685 2722 734 2742 suo
755 2715 815 2743 loco
838 2723 1017 2750 exponemus.

1080 2715 1259 2750 Ἀποκάλυψιν
1291 2712 1423 2743 Ἰωάννου,
1442 2712 1503 2747 περὶ
1528 2710 1561 2747 ἧς
1576 2713 1610 2738 τὰ
1633 2711 1746 2744 δόξαντα
1786 2710 1855 2737 κατὰ

239 2757 271 2784 Ει
287 2758 343 2785 hazc
355 2759 466 2793 quidem
484 2761 620 2788 communi
646 2762 766 2789 omnium
790 2769 923 2789 consensu
944 2769 1018 2789 rece-

1073 2761 1168 2796 καιρὸν
1185 2759 1366 2795 ἐκθησόμεθα.
1387 2757 1442 2784 Καὶ
1462 2756 1547 2784 ταῦτα
1569 2757 1618 2792 μὲν
1633 2758 1661 2784 ἐν
1678 2755 1856 2792 ὁμολογουμέ-

272 2862 328 2899 (29)
352 2862 456 2898 Ἐγγὺς
476 2862 528 2889 τοῦ
541 2861 654 2897 Σαλήμ.
669 2862 697 2889 in
715 2860 898 2889 vetustissimo
913 2859 1004 2888 codice
1019 2858 1058 2886 Ma

938 2859 1004 2887 idice
1019 2858 1086 2886 Mal.
1103 2859 1233 2893 scriptum
1246 2859 1336 2887 inveni
1353 2859 1454 2894 Σαλείμ
1469 2867 1530 2888 cum
1547 2859 1725 2895 diphthongo.
