1993 3164
275 149 324 176 271

623 148 757 178 EUSEBII
776 151 1016 179 CJESARIENSIS
1034 152 1109 180 OPP.
1131 152 1220 180 PARS
1239 152 1259 180 Ι.
1279 168 1314 174 —-
1332 152 1524 181 lllSTORlCA.

1838 153 1893 180 272

275 216 489 238 commemorare
502 210 630 244 dignatus
651 215 702 238 est.
728 210 782 238 Sed
799 217 826 239 et
841 212 927 246 ipsum
945 213 1036 240 dicend

1088 236 1090 242 ,
1105 213 1260 239 ἐναλλάττει
1280 212 1431 248 χαρακτὴρ,
1442 212 1460 246 ἦ
1475 220 1505 238 τε
1518 210 1614 247 γνώμη
1632 212 1678 237 καὶ
1691 212 1707 247 ἡ
1723 210 1776 237 τῶν
1792 212 1821 237 ὲν
1839 211 1890 237 αὑ-

274 262 358 290 genus
374 254 452 288 longe
471 254 506 281 ab
520 255 668 289 apostolica
683 256 858 291 simplicitate
870 257 926 292 98
948 258 1051 286 discre-

273 305 328 335 pat.
349 300 452 328 Sensus
470 308 578 336 quoque
588 300 657 336 ipse,
677 306 705 329 et
727 310 786 337 qua;
809 303 910 330 ibidem
937 304 1053 331 traditur

273 345 348 379 ﬁdes,
361 353 422 373 eum
438 353 453 373 α
470 354 533 374 vera
551 351 578 374 et
593 347 725 375 catholica
740 348 864 375 doctrina
893 349 1052 384 plurimum-

271 397 400 425 quantum
437 394 562 426 aberret,
595 393 653 421 haec
688 393 876 422 hereticorum
911 395 1051 422 hominum

271 437 396 472 ﬁgmenta
412 445 473 466 esse
494 439 637 467 manifeste
653 440 785 474 coarguit.
799 440 930 473 Quocirca
945 448 978 468 ne
993 441 1054 476 qui-

270 484 330 511 dem
344 483 416 511 inter
432 485 540 519 spurios
555 485 707 513 collocandi
721 491 785 513 sunt
798 486 825 513 hi
842 487 914 519 libri,
931 486 978 514 sed
993 491 1052 513 tau-

269 537 349 564 quam
364 531 474 558 absurdi
492 535 519 558 et
539 531 626 566 impii.
646 539 759 567 prorsus
783 532 951 567 repudiandi.
975 531 1051 560 Nunc

271 576 303 601 ad
323 577 422 604 seriem
440 576 562 604 historiae
575 582 673 618 nostra:
686 579 839 605 redeamus.

542 664 657 693 CAPUT
679 664 775 692 XXVI.

444 720 481 748 De
505 719 649 748 Menandro
671 721 872 756 prwstigiatore.

303 777 423 804 Simonis
447 777 516 812 Magi
548 785 693 805 successor
725 777 881 812 Menander,
907 779 1048 808 diabolica!

266 823 409 857 pravitatis
435 822 548 850 alterum
577 822 660 850 telum
693 823 787 857 priore
810 823 855 852 illo
879 832 1046 860 nequaquam

266 867 382 896 inferius
403 868 548 903 semetipse
573 875 606 895 ac
631 875 720 895 mares
746 876 810 896 suos
835 871 970 905 prmstitit.
998 871 1047 899 llic

264 921 371 948 quoque
386 913 547 946 Samarites,
566 914 600 941 ad
616 920 750 940 summam
768 915 935 950 magicorum
949 916 1046 944 artium

263 961 386 996 peritiam
399 960 511 996 perinde
528 967 562 988 ac
575 960 704 995 magister
724 968 900 997 progressus,
924 963 1047 996 pluribus

267 1007 357 1034 adhuc
374 1011 401 1034 et
415 1006 621 1034 absurdioribus
636 1008 773 1043 ﬁgmentis
796 1009 965 1037 exuberavit.
977 1010 1044 1038 Nam

263 1053 383 1086 seipsum
405 1053 514 1088 quidem
527 1052 702 1081 Servatorem
715 1061 776 1082 esse
789 1057 938 1088 asserebat,
951 1057 985 1084 ad
998 1057 1046 1084 hoc

261 1099 364 1126 minum
381 1098 497 1126 salutem
511 1105 545 1126 ex
558 1099 626 1126 aevis
641 1099 802 1134 quibusdam
816 1100 997 1129 invisibilibus
1012 1104 1045 1130 ab

260 1143 317 1172 alto
332 1144 507 1171 destinatum.
520 1143 658 1173 Neminem
672 1152 737 1174 vero
753 1145 845 1174 aiebat
860 1147 934 1181 ipsos
951 1148 1043 1175 mundi

260 1191 414 1218 conditores
433 1190 544 1226 angelos
560 1198 639 1226 posse
660 1199 802 1226 superare,
828 1192 880 1220 nisi
897 1193 943 1228 qui
967 1193 1043 1229 prius

261 1237 364 1272 magica
389 1236 532 1272 disciplina
559 1244 574 1264 a
597 1243 627 1264 se
659 1237 817 1270 institutus,
841 1242 868 1265 et
895 1238 1040 1272 baptismo,

257 1290 338 1317 quem
359 1283 418 1318 ipse
437 1282 572 1316 tradebat,
601 1282 723 1311 initiatus
748 1284 855 1310 fuisset.
884 1283 969 1317 Quem
994 1284 1042 1311 ba-

258 1328 386 1362 ptismum
404 1328 559 1364 quicunque
572 1329 711 1364 suscipere
726 1329 901 1362 meruissent,
918 1337 965 1357 eos
977 1337 1041 1365 per-

257 1378 364 1407 petuam
385 1374 411 1401 in
439 1374 490 1402 hoc
514 1374 614 1402 saeculo
626 1375 868 1409 immortalitatem
894 1375 1041 1410 adepturus

255 1419 408 1447 sllirmabat
421 1429 428 1447 :
443 1427 496 1447 non
513 1419 629 1454 amplius
652 1422 733 1448 morti
752 1421 898 1454 obnoxios,
920 1421 969 1449 sed
996 1422 1040 1449 hic

255 1465 282 1492 in
297 1473 384 1493 aevum
397 1473 600 1500 permansuros,
613 1467 728 1501 juvenes
749 1473 858 1502 semper
881 1472 963 1501 atque
988 1467 1039 1494 im-

255 1511 384 1538 mortales
397 1511 513 1539 futuros.
527 1513 614 1547 Atque
637 1511 695 1540 hee
710 1512 820 1548 quidem
842 1519 875 1540 ex
896 1511 989 1539 lrenaci
1005 1512 1038 1539 li-

255 1556 313 1585 bris
337 1557 398 1585 licet
424 1564 602 1592 cognoscere.
633 1557 687 1586 Sed
712 1562 739 1585 et
758 1556 884 1586 Justinus
910 1558 1038 1586 similiter

255 1606 399 1636 postquam
413 1602 445 1630 de
461 1602 572 1630 Simone
588 1603 690 1636 retulit,
708 1603 740 1630 de
756 1603 908 1632 Menandro
928 1612 1036 1640 quoque

253 1647 393 1683 subiungit
406 1647 463 1675 hzec
477 1648 557 1675 verba
571 1657 579 1676 :
599 1657 608 1674 ι
625 1648 799 1676 Menandrum
815 1650 877 1676 item
892 1650 1034 1685 quemdam

252 1692 454 1720 Sainaritanum
468 1701 501 1720 ex
517 1694 576 1720 vico
588 1693 759 1728 Caparattaaa
774 1694 932 1727 oriundum,
953 1694 1034 1722 disci-

251 1738 345 1774 pulum
360 1738 491 1771 Simonis,
508 1739 660 1767 daemonum
677 1739 795 1768 stimulis
820 1740 954 1776 agitatum
977 1740 1034 1767 An-

252 1786 380 1813 tiochiam
394 1786 512 1819 venisse,
542 1791 624 1821 atque
648 1786 684 1814 ibi
709 1786 842 1821 plurimos
855 1791 915 1814 arte
929 1787 1033 1821 magica

249 1830 382 1859 delusisse
395 1832 529 1859 novimus.
543 1831 593 1865 Qui
609 1831 690 1859 etiam
704 1832 885 1860 sectatoribus
899 1831 957 1859 suis
971 1839 1034 1867 per-

248 1877 457 1912 snaseratipsos
472 1885 609 1912 nunquam
634 1885 695 1905 esse
714 1878 874 1905 morituros.
895 1877 926 1904 Et
947 1885 980 1904 ex
1005 1877 1034 1904 il-

247 1920 300 1949 hss
316 1921 457 1957 disciplina
472 1922 564 1950 adhuc
575 1927 724 1956 supersunt
748 1923 869 1949 nonnulli
891 1923 936 1958 qui
963 1923 1032 1949 idem

245 1967 435 2002 proﬁtentur.»
450 1967 512 1994 Fuit
523 1968 573 1995 hoc
581 1968 720 1996 diabolica:
733 1968 888 1996 calliditatis
899 1977 1033 1996 commen-

245 2019 312 2043 tum.
329 2018 358 2040 ut
373 2021 422 2048 per
437 2013 575 2041 malelicos
599 2014 723 2041 homines
751 2013 967 2041 Christianorum
984 2022 1033 2040 no-

246 2068 307 2086 men
322 2058 390 2086 falso
401 2060 452 2086 sibi
466 2059 647 2090 vindicantes,
666 2067 793 2100 magnpm
812 2059 878 2086 illud
891 2059 1032 2095 religionis

246 2109 346 2130 nostrte
374 2109 573 2130 sacramentum
591 2104 703 2138 magica:
723 2104 790 2132 artis
814 2105 924 2132 infamia
939 2113 1032 2140 asper-

244 2154 330 2184 geret,
343 2153 371 2177 et.
383 2149 570 2178 ecclesiastica
598 2151 725 2186 dogmata
743 2150 777 2178 de
799 2151 950 2178 animorum
976 2151 1026 2178 im-

243 2236 295 2254 non
313 2227 461 2259 inveniunt,
477 2232 530 2254 etc.
543 2227 629 2254 Porro
642 2228 668 2255 in
680 2228 818 2256 codicibus
830 2229 930 2255 nostris
944 2228 1024 2260 Maz.,

1105 260 1161 290 ταῖς
1178 259 1335 294 φερομένων
1353 258 1509 294 προαίρεσις
1519 278 1526 290 ,
1551 258 1675 284 πλεῖστον
1691 258 1752 284 ὅσον
1766 257 1815 292 τῆς
1827 257 1892 292 ἁλη-

1105 304 1167 336 θοῦς
1194 303 1350 340 ὀρθοδοξίας
1373 304 1512 339 ἀπᾴδουσα
1537 302 1605 338 (54),
1622 303 1663 330 ὅτι
1683 303 1714 338 δὴ
1742 303 1891 338 αἱρετικῶν

1104 350 1206 385 ἀνδρῶν
1220 350 1420 386 ἁναπλάσματα
1436 350 1574 384 τυγχάνει,
1596 349 1689 384 σαφῶς
1706 350 1869 385 παρίστησιν
1879 357 1887 364 ·

1104 395 1163 422 ὅθεν
1177 395 1231 422 οὐδ’
1247 397 1276 421 ἐν
1289 395 1376 427 νόθοις
1385 395 1454 422 αὐτὰ
1468 395 1662 427 κατατακτέον,
1679 395 1736 422 ἀλλ’
1749 396 1787 427 ὡς
1798 396 1890 423 ἄτοπα

1105 441 1194 476 πάντη
1217 441 1266 467 καὶ⁸
1286 441 1401 476 δυσσεϐῆ
1422 441 1614 476 παραιτητέον.
1633 441 1731 477 Ἴωμεν
1746 441 1778 477 δὴ
1795 440 1889 468 λοιπὸν

1104 487 1152 514 καὶ
1163 487 1210 514 ἐπὶ
1221 487 1269 523 τὴν
1282 487 1345 523 ἑξῆς
1360 487 1487 524 ἱστορίαν.

1345 665 1542 692 ΚΕΦΔΛΑΙΟΝ
1565 665 1636 699 KQ".

1100 719 1169 753 Περὶ
1186 718 1360 754 Μενάνδρου
1376 720 1428 746 τοῦ
1449 720 1555 754 γόητος
1571 719 1641 754 (Nic.
1667 719 1702 746 ΙΙ.
1717 719 1750 746 Ε.
1767 728 1807 752 ιιι,
1829 720 1884 755 ΙΞ).

1134 776 1243 811 Σίμωνα
1257 775 1303 802 τὸν
1321 775 1407 810 μάγον
1423 775 1576 811 Μένανδρος
1591 775 1789 811 διαδεξάμενος,
1803 776 1885 803 ὅπλον

1097 821 1221 858 δεύτερον
1236 822 1290 857 (55)
1307 822 1336 848 οὺ
1349 823 1437 857 χεῖρον
1449 821 1495 848 τοῦ
1511 822 1654 858 προτέρου,
1668 823 1717 857 τῆς
1729 822 1885 858 διασολικῆς

1098 867 1237 903 ἐνεργείας
1262 867 1450 894 ἀποδείκνυται
1477 868 1522 894 τὸν
1546 868 1660 904 τρόπον·
1685 866 1719 904 ἦν
1738 869 1784 895 καὶ
1807 867 1884 902 οὗτος

1097 914 1240 949 Σαμαρεὺς
1254 914 1321 949 (56),
1339 915 1378 946 εἰς
1394 914 1478 950 ἄκρον
1495 914 1523 941 δὲ
1538 914 1587 950 τῆς
1600 915 1726 950 γοητείας
1742 916 1791 942 οὐκ
1807 915 1884 942 ἔλατ-

1094 968 1139 987 τον
1167 960 1214 986 τοῦ
1237 960 1398 987 διδασκάλου
1429 959 1577 994 προελθὼν,
1607 960 1727 996 μείζοσιν
1757 961 1881 996 ἐπιδαψι-

1094 1005 1201 1032 λεύεται
1225 1005 1442 1042 τερατολογίαις,
1459 1005 1553 1032 ἑαυτὸν
1573 1006 1632 1041 μὲν,
1648 1006 1685 1038 ὠς
1700 1006 1753 1042 ἄρα
1772 1006 1826 1042 εἰη,
1840 1006 1884 1033 λέ-

1094 1060 1160 1086 γων,
1179 1052 1193 1078 ὁ
1210 1052 1317 1087 Σωτὴρ,
1330 1051 1376 1078 ἐπὶ
1392 1053 1424 1087 τῇ
1442 1051 1496 1078 τῶν
1513 1052 1663 1089 ἀνθρώπων
1679 1053 1780 1080 ἄνωθέν
1800 1054 1882 1082 ποθεν

1093 1098 1122 1131 ἐξ
1135 1098 1257 1133 ἀοράτων
1271 1096 1374 1124 αἰώνων
1386 1097 1587 1133 ἀπεσταλμένος
1599 1099 1730 1134 σωτηρίᾳ,
1747 1098 1882 1127 διδάσκων

1092 1143 1121 1170 δὲ
1138 1143 1175 1178 μὴ
1194 1142 1282 1174 ἄλλως
1303 1142 1432 1169 δύνασθαι
1450 1152 1511 1170 τινα
1530 1143 1577 1170 καὶ
1592 1143 1681 1170 αὐτῶν
1706 1143 1758 1170 τῶν
1782 1154 1881 1181 κοσμο-

1092 1189 1176 1215 ποιῶν
1189 1188 1312 1223 ἀγγέλων
1325 1189 1563 1225 περιγενήσεσθαι,
1579 1189 1615 1226 μὴ
1631 1189 1761 1225 πρότερον
1773 1190 1818 1217 διά
1830 1191 1880 1226 τῆς

1092 1235 1160 1270 πρὸς
1179 1234 1262 1262 αὑτοῦ
1287 1235 1502 1271 παραδιδομένης
1521 1236 1639 1270 μαγικῆς
1662 1236 1808 1271 ἐμπειρίας
1830 1237 1880 1272 ἁχ-

1092 1280 1182 1311 θέντα,
1200 1281 1246 1307 καὶ
1258 1280 1302 1307 διὰ
1317 1280 1364 1309 τοῦ
1379 1281 1585 1316 μεταδιδομένου
1604 1282 1672 1317 πρὸς
1685 1282 1767 1309 αὐτοῦ
1783 1282 1879 1318 βαπτί-

1092 1334 1201 1361 σματος.
1224 1323 1260 1353 Οὖ
1281 1326 1344 1358 τοὺς
1367 1326 1595 1362 κατηξιωμένους,
1623 1327 1772 1354 ἀθανασίαν
1792 1328 1878 1356 ἀΐδιοι

1089 1372 1119 1398 ὲν
1142 1372 1216 1406 αὐτῷ
1237 1373 1323 1407 τούτῳ
1346 1372 1468 1407 μεθέξειν
1490 1373 1548 1408 (57)
1566 1372 1604 1408 τῷ
1626 1372 1685 1408 βίῳ,
1701 1374 1798 1409 μηκέτι
1815 1374 1878 1410 θνή-

1090 1425 1213 1449 σκοντας,
1229 1417 1312 1444 αὑτοῦ
1328 1417 1356 1443 δὲ
1372 1418 1595 1453 παραμένοντας,
1608 1419 1648 1450 είς
1663 1418 1693 1445 τὸ
1706 1419 1750 1445 ἀεὶ
1765 1419 1878 1455 ἀγήρως

1089 1464 1164 1495 τινὰς
1180 1464 1227 1490 καὶ
1243 1463 1393 1496 ἀθανάτους
1413 1465 1569 1500 ἐσομένους.
1589 1465 1681 1492 Ταῦτα
1699 1465 1747 1501 μὲν
1768 1463 1814 1492 οὖν
1830 1466 1877 1492 καὶ

1088 1508 1121 1534 ὲκ
1135 1507 1189 1534 τῶν
1209 1508 1353 1543 Εἰρηναιου
1373 1508 1518 1543 διαγνῶναι
1540 1509 1638 1546 ῥᾴδιον.
1661 1510 1715 1537 Καὶ
1730 1511 1745 1537 ὁ
1767 1511 1877 1537 ’Χουστί-

1087 1561 1132 1584 νος
1144 1553 1173 1580 δὲ
1194 1553 1264 1580 κατά
1279 1554 1310 1581 τὸ
1325 1554 1391 1581 αὐτὸ
1407 1554 1453 1581 τοῦ
1472 1555 1592 1590 Σίμωνος
1609 1556 1805 1591 μνημονεύσας,
1827 1557 1875 1584 καὶ

1089 1599 1137 1636 τὴν
1151 1600 1215 1636 περὶ
1230 1599 1325 1627 τούτου
1340 1600 1466 1636 διήγησιν
1479 1601 1616 1637 ἐπιφέρει,
1631 1601 1734 1636 λέγων’
1752 1611 1761 1627 ι
1771 1602 1876 1629 Μέναν-

1087 1646 1150 1682 δρον
1161 1647 1189 1673 δέ
1205 1655 1266 1674 τινα
1279 1647 1325 1673 καὶ
1339 1647 1420 1674 αὐτὸν
1434 1648 1563 1683 Σαμαρέα
1576 1647 1621 1674 τὸν
1639 1647 1692 1674 ἀπὸ
1707 1647 1803 1683 κώμης
1815 1649 1874 1674 Κα-

1088 1693 1268 1728 παρατταίας,
1297 1693 1443 1728 γενόμενον
1467 1693 1588 1729 μαθητὴν
1610 1693 1656 1720 τοῦ
1682 1694 1811 1728 Σίμωνος,
1833 1695 1874 1721 ol-

1088 1738 1237 1774 στρηθέντα
1254 1739 1300 1765 καὶ
1313 1739 1393 1766 αὑτὸν
1407 1739 1459 1765 ὑπὸ
1481 1739 1534 1766 τῶν
1548 1739 1689 1774 δαιμόνων,
1706 1739 1752 1765 καὶ
1765 1739 1794 1765 ὲν
1814 1740 1874 1766 Ἀν-

1085 1785 1187 1820 τιοχείᾳ
1202 1785 1356 1820 γενόμενον,
1376 1785 1489 1817 πολλοὺς
1503 1785 1671 1820 ἐξαπατῆσαι
1689 1785 1732 1811 διὰ
1751 1785 1873 1820 μαγικῆς

1083 1831 1181 1866 τέχνης
1201 1831 1322 1867 οἴδαμεν*
1339 1831 1368 1863 ὃς
1383 1832 1429 1858 καὶ
1442 1832 1504 1862 τοὺς
1517 1830 1590 1866 αὐτῷ
1606 1830 1763 1865 ἑπομένους,
1783 1830 1819 1862 ὼς
1835 1830 1872 1866 μὴ

1084 1876 1278 1912 ἀποθνήσκοιεν
1293 1877 1394 1903 ἔπεισε.
1408 1877 1463 1903 Καὶ
1475 1877 1522 1903 νῦν
1537 1877 1607 1909 τινές
1619 1878 1686 1903 εἰσιν
1697 1877 1743 1903 ἀπ’
1755 1877 1870 1908 ἐκείνου,

1083 1922 1162 1949 τοῦτο
1179 1922 1382 1957 ὁμολογοῦντες.
1410 1932 1419 1948 ›
1441 1921 1495 1949 Ἦν
1515 1922 1537 1948 δ’
1554 1922 1606 1958 ἄρα
1624 1922 1777 1958 διαὸολικῆς
1796 1924 1872 1959 ἐνερ-

1083 1968 1170 2003 γείας,
1192 1968 1234 1995 διὰ
1257 1968 1364 1995 τοιῶνδε
1392 1969 1496 2004 γοήτων
1516 1968 1564 2004 τὴν
1594 1969 1763 2004 Χριστιανῶν
1785 1977 1869 2004 προσ-

1080 2014 1192 2050 ηγορίαν
1203 2014 1401 2050 ὑποδυομένων,
1413 2014 1445 2041 τὸ
1457 2015 1528 2050 μέγα
1541 2015 1589 2050 τῆς
1604 2014 1755 2045 θεοσεϐείας
1768 2014 1871 2050 μυστή-

1080 2069 1136 2095 ριον
1154 2060 1199 2086 ἐπὶ
1215 2060 1316 2096 μαγείᾳ
1331 2060 1478 2086 σπουδάσαι
1492 2059 1637 2089 διαῦαλείν,
1651 2059 1777 2095 διασῦραί
1790 2067 1819 2085 τε
1835 2059 1868 2085 δι’

1080 2104 1169 2132 αὐτῶν
1185 2104 1219 2131 τὰ
1233 2105 1297 2140 περὶ
1310 2104 1397 2139 ψυχῆς
1413 2104 1562 2136 ἀθανασίας
1574 2105 1621 2130 καὶ
1634 2103 1737 2139 νενρῶν
1753 2103 1869 2130 ἀναστά-

1080 2160 1148 2183 σεως
1168 2150 1383 2186 ἐκκλησιαστικὰ
1401 2150 1533 2186 δόγματα.
1557 2150 1625 2176 Ἀλλ’
1649 2148 1721 2178 οὗτοι
1739 2151 1788 2186 μὲν
1805 2149 1868 2176 τού-

1082 2228 1183 2255 ’Όπλον
1202 2227 1327 2264 δεύτερον
1341 2229 1372 2254 οὐ
1386 2229 1475 2263 χεῖρον
1490 2227 1537 2254 τοῦ
1562 2228 1704 2263 προτέρου,
1731 2227 1782 2264 τῆς
1806 2227 1865 2264 διαέ

243 2263 313 2300 Med.
333 2267 361 2289 et
381 2261 527 2300 Fuketiauo
551 2263 681 2297 scriptum
708 2268 750 2291 est
779 2263 850 2290 κατὰ.
871 2263 921 2295 τὰς
940 2263 1029 2290 διαδο-

1088 2264 1190 2300 Ξολικῆς
1206 2261 1346 2300 ἐνεργείας
1365 2261 1554 2300 ἀποδείκνυται
1570 2261 1615 2290 τῦν
1629 2261 1748 2300 τρόπον·
1761 2261 1800 2299 ’ἦν
1819 2263 1867 2289 καὶ

267 2298 272 2305 υ

241 2299 302 2334 κάς,
312 2305 378 2334 cum
391 2299 516 2334 articulo.

276 2332 333 2367 (54)
358 2332 542 2366 Ὀρθοδοξῐιις
555 2331 724 2365 ἀπῄὸουσα.
734 2333 802 2361 Tres
815 2334 901 2361 nostri
910 2334 1028 2367 codices,

243 2367 325 2400 Maz.,
340 2367 410 2394 Med.
433 2373 459 2394 et
485 2367 552 2395 Fuk.
584 2369 715 2402 scriptum
743 2368 843 2396 habent
865 2368 1027 2397 ἀποδέουσα.

244 2402 360 2430 Rectior
376 2408 467 2430 tamen
495 2403 561 2430 Inibi
590 2403 697 2430 videtur
726 2403 828 2431 codicis
855 2403 932 2439 Regii
958 2405 1029 2432 scri-

242 2443 332 2472 ptura.

277 2473 332 2508 (55)
346 2473 463 2500 ’Ὁπλον
473 2471 623 2507 δεύτερον.
644 2473 672 2499 In
691 2472 770 2507 hujus
782 2473 856 2501 vocis
868 2474 1028 2508 interpreta-

241 2507 315 2535 tione
327 2516 421 2536 omnes
438 2508 601 2541 interpretes
624 2508 713 2542 lapsos
727 2516 789 2536 esse
805 2509 899 2536 miror.
915 2507 1028 2537 Ruﬁnus

239 2549 342 2569 acutum
377 2543 460 2571 vertit
476 2562 484 2574 ,
506 2542 614 2578 Langus
636 2549 664 2570 et
683 2545 818 2571 musculus
849 2549 1026 2578 armaturam,

238 2577 504 2612 Cbristophorsonus
522 2577 759 2612 propugnaculum.
773 2579 855 2609 Atqui
874 2578 955 2606 ὅπλον
977 2577 1027 2606 hoc

240 2613 298 2649 loco
311 2614 446 2648 significat
462 2614 553 2640 telum.
569 2614 663 2649 'lgitur
687 2613 767 2640 ὅπλον
796 2614 847 2649 τῆς
870 2614 1025 2649 διαϐολικῆς

238 2647 387 2682 ἐνεργείας,
406 2649 475 2676 idem
490 2653 533 2676 est
547 2656 579 2676 ac
595 2648 721 2684 ὄργανον,
736 2647 940 2676 instrumentum
969 2647 1024 2676 da}-

238 2683 362 2707 ntoniucw
377 2683 526 2715 pravitatis.

272 2716 329 2754 (5(1)
346 2716 432 2754 Vulg,
441 2718 667 2754 Ἀποδείκνυται·
677 2718 730 2746 τὸν
741 2721 852 2754 τρόπον
864 2716 903 2754 ἦν
911 2718 1024 2754 acalau-

235 2750 464 2788 ζρξ-Σςιμᾳρὶδύς.
478 2753 505 2780 In
523 2759 640 2788 quatuor
663 2750 765 2781 nostris
780 2750 929 2786 codicibus,
941 2753 1022 2786 Maz.,

237 2784 316 2823 Med”
326 2784 392 2823 F'ulti
399 2793 425 2813 et
436 2784 538 2819 Satin...
548 2789 627 2823 longe
635 2789 715 2816 aliam
731 2790 810 2823 hujus
823 2789 875 2817 loci
886 2784 1024 2822 ἰιιιατρυιιὲ

235 2821 351 2848 etionem
366 2822 468 2858 iuveni,
482 2830 562 2857 quam
579 2821 687 2851 secutus
701 2829 743 2854 est
753 2821 1024 2858 Christophorsmius,

237 2861 266 2882 ut
289 2863 321 2883 ex
346 2857 469 2885 v'crsione
490 2859 547 2891 ejus
578 2865 700 2893 apparet.
726 2860 771 2886 Sic
789 2857 1023 2887 enimscribitur:

1080 2298 1156 2331 οὗτος
1169 2298 1323 2334 Σαμαρεύς.
1339 2299 1377 2326 Ac
1393 2299 1513 2333 profecto
1542 2299 1597 2326 hanc
1625 2298 1762 2326 distinctio
1778 2298 1866 2334 longe

1080 2335 1180 2361 rectior
1192 2333 1233 2361 εει
1251 2333 1333 2368 Quam
1351 2335 1470 2367 vulgata.
1484 2333 1550 2366 Quis
1564 2334 1634 2360 enim
1648 2341 1746 2360 sensus
1757 2338 1800 2360 est
1815 2333 1865 2359 bo-

1080 2377 1139 2409 [ιιιιι
1155 2367 1297 2409 verbm-uni
1314 2369 1360 2395 τὸν
1371 2369 1470 2409 τρόπον
1485 2367 1582 2409 ἦνκαὶ
1600 2368 1685 2409 αὐτὸς
1705 2368 1866 2409 ξαμαρεύςῖ

1080 2404 1143 2432 Scio
1160 2405 1268 2438 quidem
1281 2403 1466 2431 Samaritanus
1483 2403 1545 2431 odio
1570 2403 1652 2430 fuisse
1670 2403 1780 2433 Judaéis.
1805 2408 1865 2429 tan—

1079 2447 1159 2474 quam
1173 2440 1293 2467 omniutn
1309 2439 1446 2466 hominum
1462 2439 1633 2470 deterrimos,
1645 2438 1713 2474 adeo
1725 2443 1755 2465 ut
1767 2438 1863 2474 Sama-

1080 2472 1159 2501 ritani
1173 2482 1271 2502 nomen
1288 2475 1373 2501 instar
1385 2474 1537 2508 gravissimi
1571 2473 1663 2507 probri
1699 2472 1800 2500 Judzeis
1813 2473 1864 2500 ha-

1077 2508 1198 2537 beretur.
1217 2509 1314 2536 Verum
1330 2509 1374 2536 hic
1388 2510 1420 2535 de
1436 2510 1523 2543 patria
1546 2508 1685 2535 Menandri
1700 2516 1790 2535 sermo
1809 2512 1862 2535 est.

1079 2545 1117 2571 De
1130 2545 1251 2572 moribus
1263 2549 1353 2571 autem
1372 2544 1442 2570 inl'ra
1465 2544 1583 2578 loquitur
1600 2543 1740 2570 Eusebius.
1774 2543 1862 2571 Porro

1079 2579 1228 2606 Menander
1242 2581 1392 2606 Samarazus
1411 2579 1519 2608 dicitur,
1537 2579 1631 2606 eodem
1658 2579 1737 2605 modo
1749 2585 1803 2612 quo
1816 2578 1861 2604 Si-

1079 2623 1141 2641 mon
1157 2614 1311 2642 Smnara’us
1324 2613 1474 2648 appellatur
1490 2622 1504 2639 ιι
1519 2613 1626 2640 .lustino
1640 2613 1666 2640 in
1691 2613 1861 2648 Apologetico

1076 2654 1104 2675 et
1119 2658 1133 2675 a
1151 2649 1290 2676 Clemente
1315 2649 1340 2676 in
1357 2649 1439 2684 libris
1460 2648 1685 2684 Iiecognitionum,
1709 2648 1734 2675 id
1760 2653 1808 2684 est,
1826 2655 1859 2674 ex

1077 2684 1215 2717 provincia
1231 2693 1277 2711 seu
1298 2685 1408 2718 regione
1425 2683 1558 2715 Samaria,
1577 2692 1628 2710 non
1650 2688 1738 2710 autem
1757 2683 1861 2718 exipsa

1078 2721 1145 2746 urbe
1160 2719 1294 2746 Samaria.
1306 2719 1372 2746 Nam
1392 2719 1484 2745 Simon
1499 2720 1605 2753 quidem
1622 2726 1654 2745 ex
1670 2719 1729 2745 vico
1741 2717 1859 2749 Gitthis;

1077 2753 1222 2781 Menander
1237 2762 1300 2781 vero
1321 2762 1354 2781 ex
1384 2753 1555 2786 Caparattea,
1571 2753 1624 2780 ἀπὸ
1646 2754 1741 2788 κώμης
1763 2753 1862 2780 Καπα-

1079 2789 1204 2824 ραττέας.
1219 2788 1265 2816 Sic
1280 2789 1383 2816 enimin
1404 2789 1485 2824 Mar...
1499 2788 1567 2815 Med.
1585 2795 1611 2816 et
1629 2788 1696 2824 Fuli.

1114 2825 1170 2859 (57)
1190 2824 1364 2851 Ἀθανασίαν
1377 2823 1474 2850 ἀίδιον
1487 2823 1632 2858 μεθέξειν.
1647 2823 1675 2851 ln
1687 2823 1780 2852 codice
1791 2821 1858 2850 Ευι,

1079 2863 1106 2887 et
1123 2860 1206 2887 Savil.
1223 2859 1321 2893 legitur
1333 2859 1480 2892 ἀθανασίας
1497 2859 1592 2888 ἀϊδίου.
