1993 3164
129 182 178 209 273

625 183 798 212 HISTORI/E
819 181 1098 212 ECCLESIASTICAE
1120 181 1182 208 LIB.
1204 180 1248 209 III.

1701 182 1753 210 27s

130 247 190 271 τους
208 239 338 276 σωτῆρας
358 241 576 278 ἐπιγραψάμενοι
608 243 657 278 τῆς
675 243 791 279 ἀληθοῦς
816 244 916 270 ἀποπε-

970 241 1142 271 mortalitate,
1168 247 1201 267 ac
1225 240 1258 268 de
1279 243 1450 267 mortuorum
1467 239 1667 267 resurrectione
1684 239 1753 266 ludi-

130 285 267 313 πτώκασιν
286 287 403 320 ἐλπίδος.

378 435 577 463 ΚΕΦΔΛΛΙΟΝ
604 437 666 464 ΚΖ’.

131 480 200 515 Περὶ
216 480 272 515 τῆς
286 481 459 509 Ἐσιωναίων
471 482 687 517 α]ρέσεως(Νἰ‹-.
703 481 739 508 11.
757 481 789 509 Ε.
805 490 847 514 nt,
863 482 916 516 I3).

167 526 282 558 Ἄλλους
292 526 321 552 δὲ
334 527 349 552 ὁ
364 526 482 562 πονηρὸς
492 527 596 563 δαίμων
607 527 656 563 τῆς
670 527 733 562 περὶ
747 527 791 553 τὸν
804 527 919 563 Χριστὸν

129 570 176 597 τοῦ
194 571 262 597 Θεοῦ
284 571 428 603 διαθέσεως
453 572 590 598 ἀδυνατῶν
615 573 750 602 ἐκσεῖσαι,
769 570 918 608 θατεραλή-

130 625 214 648 mou;
227 616 283 651 (58)
299 615 396 651 εὑρὼν,
410 617 609 652 ἐσφετερίζετο.
626 616 796 648 Ἐὃιωναίους
810 617 919 649 τούτους

129 661 237 693 οἰκείως
250 661 419 697 ἐπεφήμιζον
429 662 453 688 οἱ
470 661 581 698 πρῶτοι,
598 661 712 696 πτωχῶς
723 662 769 688 καὶ
784 661 918 693 ταπεινῶς

127 707 161 733 τὰ
177 706 595 743 περὶτοῦΧριστοῦδοξάζοντας.
610 707 688 734 Λιτὺν
717 708 766 743 μὲν
793 708 846 743 γὰρ
869 708 918 734 αὐ-

127 754 172 780 τὸν
202 753 248 780 καὶ
285 753 374 780 κοινὸν
398 753 533 788 ἡγοῦντο,
569 753 639 780 κατὰ
670 754 811 789 προκοπὴν
837 754 918 790 ἤθους

128 799 193 826 αὐτό
213 799 293 834 μόνον
316 799 458 835 ἄνθρωπον
481 799 704 834 δεδικαιωμένον,
729 799 757 832 ἐξ
773 799 866 835 ἀνδρός
887 808 916 826 τε

127 845 270 878 κοινωνίας
292 846 339 873 καὶ
362 846 412 881 τῆς
440 846 549 882 Μαρίας
575 845 786 881 γεγεννημένον·
813 845 866 872 δεῖν
889 845 917 872 δὲ

127 893 236 924 πάντως
249 892 340 923 αὐτοῖς
354 892 403 927 τῆς
417 892 531 927 νομικῆς
552 891 710 927 θρησκείας,
727 891 765 922 ὡς
780 891 816 926 μὴ
829 890 861 917 ἂν
873 890 917 917 διὰ

128 938 212 973 μόνης
236 938 286 973 τῆς
311 939 350 969 εἰς
373 938 418 964 τὸν
440 938 555 973 Χριστὸν
573 938 690 968 πίστεως
714 937 761 963 καὶ
784 936 830 964 τοῦ
855 937 914 964 κατ’
931 933 951 959 Β

127 985 211 1020 αὐτὴν
232 984 291 1019 βίου
315 983 523 1020 σωθησομένοις.
549 984 640 1010 Ἀλλοι
663 984 692 1010 δὲ
715 983 790 1019 παρὰ
805 983 914 1016 τούτους

126 1031 175 1066 τῆς
192 1031 279 1066 αὐτῆς
297 1030 372 1063 ὄντες
392 1031 586 1066 προσηγορίας,
605 1030 653 1065 τὴν
671 1030 721 1065 μὲν
734 1029 788 1056 τῶν
805 1029 916 1066 εἰρημέ-

127 1086 180 1103 νων
195 1076 309 1104 ἔκτοπον
329 1076 511 1112 διεδίδρασκον
527 1076 650 1108 ἀτοπίαν,
667 1076 698 1102 ἐκ
711 1075 850 1111 Παρθένου
868 1075 915 1102 καὶ

126 1122 173 1149 τοῦ
185 1122 262 1157 ἁγίου
272 1122 340 1149 [Ινεύ
345 1131 427 1157 ματος
439 1123 475 1158 μὴ
484 1121 642 1158 ἀρνούμενοι
655 1120 844 1156 γεγονέναιτὸν
856 1121 915 1147 Κύσ

129 1177 195 1204 ριον,
207 1169 238 1195 οὐ
248 1168 299 1204 μὴν
318 1168 356 1194 ἔθ’
370 1169 469 1204 ὁμοίοις
479 1169 526 1195 καὶ
536 1165 608 1195 οὗτοι
624 1168 810 1204 προϋπάρχειν
822 1167 912 1200 αὑτὸν,

126 1214 191 1240 Θεὸν
207 1214 293 1249 Λόγον
304 1214 368 1240 ὄντα
378 1214 425 1240 καὶ
433 1214 532 1248 Σοφίαν
545 1214 651 1250 Πατρὸς
665 1212 867 1249 ὁμολογοῦντες,
881 1214 913 1249 τῇ

125 1261 180 1288 τῶν
194 1260 334 1296 προτέρων
351 1260 561 1297 περιετρέποντο
573 1259 725 1295 δυσσεϐείᾳ,
740 1259 856 1295 μάλιστα
870 1259 913 1286 ὅτε

126 1307 174 1334 καὶ
193 1307 242 1342 τὴν
259 1307 417 1342 σωματικὴν
433 1308 495 1342 περὶ
514 1306 559 1333 τὸν
576 1306 657 1342 νόμον
674 1306 800 1342 λατρείαν
816 1306 914 1342 ὁμοίως

126 1353 242 1384 ἐκείνοις
267 1352 409 1388 περιέπειν
434 1352 608 1384 ἐσπούδαζον.
635 1350 714 1380 οὗτοι
740 1352 769 1379 δὲ
794 1351 841 1379 τοῦ
867 1352 914 1388 μὲν

132 1399 293 1426 ’Δποσ-ιόλου
317 1399 407 1430 πάσας
418 1397 467 1430 τὰς
485 1398 642 1427 Ἐπιστολάς
653 1399 789 1434 ἀρνητέας
802 1398 915 1433 ἡγοῦντο

126 1442 196 1471 εἶναι
207 1445 272 1475 δείι,
284 1443 439 1479 ἀποστάτην
455 1443 654 1476 ἀποκαλοῦντες
667 1443 747 1470 αὑτὸν
761 1443 808 1470 τοῦ
821 1445 913 1479 νόμου,

125 1491 300 1526 Εὐαγγελίῳ
318 1490 346 1516 δὲ
366 1489 438 1526 μόνῳ
449 1490 488 1525 τῷ
504 1491 568 1517 καθ’
602 1490 755 1524 Ἐϐραίους
777 1490 915 1526 λεγομένῳ

125 1535 273 1572 χρώμενοι,
289 1536 343 1563 τῶν
359 1536 459 1563 λοιπῶν
477 1537 592 1572 σμικρὸν
605 1537 745 1564 ἐποιοῦντο
757 1537 845 1571 λόγον.
860 1537 916 1564 Καὶ

125 1583 155 1609 το
173 1582 223 1617 μὲν
245 1582 383 1609 Σάϐϐα-ιον
403 1582 450 1608 καὶ
467 1582 517 1617 τὴν
544 1582 691 1618 Ἰουδαῐκὴν
706 1583 788 1618 ἄλλην
805 1583 914 1618 ἀγωγὴν

125 1614 225 1662 ὁμοίως
242 1627 357 1659 ἐκείνοις
375 1614 590 1663 παρεφύλαττον,
606 1614 699 1660 ταῖς-δ’
717 1625 749 1655 αὖ
762 1614 914 1664 Κυρίακαίς
928 1614 948 1642 c

125 1674 243 1709 ἡμέραις
263 1674 328 1709 ἡμῖν
344 1673 378 1700 τὰ
399 1674 578 1710 παραπλήσια
600 1675 640 1706 εἰς
659 1674 768 1710 μνήμην
794 1675 843 1710 τῆς
866 1674 912 1701 τοῦ

126 1721 228 1756 Κυρίου
261 1721 436 1753 ἀναστάσεως
464 1721 617 1747 ἐπετέλουν.
651 1720 730 1747 Ὅθεν
761 1720 836 1757 παρὰ
865 1721 913 1756 τὴν

125 1766 252 1802 τοιαύτην
264 1766 421 1802 ἐγχείρησιν
432 1766 480 1801 τῆς
495 1765 600 1792 τοιᾶσδε
620 1765 763 1801 λελόγχασι
778 1774 913 1801 προσηγο-

126 1812 197 1847 ρίας,
221 1812 268 1839 τοῦ
301 1812 463 1838 Ἐὃιωναίων
488 1811 634 1846 ὀνόματος,
653 1811 702 1847 τὴν
724 1811 772 1847 τῆς
796 1811 912 1842 διανοίας

125 1857 260 1892 πτωχείαν
277 1857 330 1891 (59)
347 1856 436 1883 αὐτῶν
451 1857 653 1891 ὑποφαίνοντος.
671 1855 761 1891 Ταύτῃ
778 1856 832 1892 γὰρ
855 1856 913 1882 ἐπί-

125 1904 191 1939 κλην
207 1904 222 1930 ὁ
242 1903 348 1938 πτωχὸς
363 1904 426 1938 παρ’
451 1903 586 1939 Ἑϐραίοις
600 1902 769 1938 ὀνομάζεται.

378 1958 576 1986 ΚΕΦΑΛΑΙΟΝ
594 1958 662 1985 KH'.

124 2005 408 2040 ΠερὶΚηρίνθουτοῦ
418 2005 611 2039 αἱρεσιάρχου
625 2004 694 2039 (Nic.
709 2003 743 2031 H.
760 2003 792 2031 E.
804 2012 844 2037 tu,
856 2004 910 2040 I4).

159 2051 238 2078 Κατὰ
251 2051 314 2082 τοὺς
326 2050 524 2085 δεδηλωμένους
538 2050 659 2085 χρόνους,
675 2049 769 2086 ἐτέρας
783 2050 913 2086 αἱρέσεως

124 2097 245 2132 ἀρχηγὸν
259 2095 385 2130 γενέσθαι
401 2095 536 2131 Κήρινθον
552 2095 768 2131 παρειλήφαμεν.
785 2096 873 2127 Γάϊος,
883 2093 913 2122 οὗ

123 2141 216 2176 φωνὰς
229 2140 279 2176 ἤδη
301 2141 431 2176 πρότερον
448 2140 658 2176 παρατέθειμαι,
675 2141 703 2167 ἐν
725 2142 757 2176 τῇ
776 2141 914 2178 φερομένῃ

123 2186 207 2214 αὑτοῦ
219 2185 359 2220 Ζητήσρι,
375 2185 460 2213 ταῦτα
481 2186 546 2222 περὶ
565 2185 648 2212 αὑτοῦ
663 2185 777 2222 γράφειο
799 2195 808 2212 ‹
833 2187 913 2214 Ἀλλὰ

124 2236 172 2262 καὶ
191 2234 325 2270 Κήρινθος
343 2235 357 2260 ὁ
380 2234 413 2261 δι’
430 2226 627 2268 ἀποκαλύψεων
642 2233 679 2264 ὡς
695 2233 747 2259 ὑπὸ
765 2232 912 2260 ἀποστόλου

971 287 1029 315 brio
1045 293 1181 320 exponere
1195 286 1323 314 omnibus
1342 286 1430 312 tnodis
1451 291 1607 313 conaretur.
1632 285 1684 312 Sed
1707 286 1752 312 isti

970 332 1077 367 quidem
1093 330 1207 366 89qui
1227 330 1362 364 ejusmodi
1388 337 1544 357 servatores
1568 330 1618 357 sibi
1647 330 1751 358 ascive-

970 383 1041 409 rant,
1057 384 1105 412 spe
1121 384 1192 404 verte
1205 376 1300 403 salutis
1317 375 1424 410 penitus
1439 376 1606 403 exciderunt.

1244 432 1357 460 CAPUT
1377 431 1482 459 XXVII.

1179 479 1216 506 De
1232 479 1417 506 Ebionworum
1436 478 1539 505 ltwresi.

1004 525 1078 553 Alios
1095 533 1158 552 vero
1176 533 1244 560 quos
1267 525 1404 552 abamore
1416 523 1515 552 Cltristi
1538 524 1669 559 ntalignus
1697 524 1751 552 dae-

969 579 1031 598 mon
1046 571 1184 598 dimovere
1199 578 1251 598 non
1267 575 1402 605 potuerat,
1421 569 1473 597 alia
1491 577 1524 597 ex
1537 575 1612 604 parte
1630 569 1752 597 inﬁrmos

968 623 1028 644 esse
1049 616 1268 651 deprehendens,
1287 616 1314 642 in
1341 616 1469 642 ditionem
1486 623 1563 643 suam
1581 616 1692 650 redegit.
1720 616 1750 643 lli

967 664 1001 691 ab
1015 665 1136 699 antiquis
1154 663 1339 699 cegnontinati
1353 668 1416 690 sunt
1432 662 1551 690 Ebiortasi
1565 681 1573 694 ,
1591 662 1691 696 quippe
1706 664 1751 697 qui

967 713 1105 740 humiliter
1119 712 1262 739 admodum
1277 716 1357 746 atque
1373 710 1480 746 abiecte
1495 711 1528 738 de
1547 711 1655 738 Christo
1670 711 1753 738 senti—

969 764 1037 786 rent.
1057 759 1123 786 Eum
1138 759 1210 786 enim
1228 757 1378 792 simplicem
1392 765 1424 784 ac
1439 757 1591 793 vulgarem.
1609 764 1660 784 nec
1679 757 1751 784 aliud

966 812 1046 839 quam
1059 803 1195 831 hominem
1209 810 1269 830 esse
1278 802 1438 834 censebant,
1451 803 1496 838 qui
1513 802 1636 837 proiectu
1661 803 1750 830 virtu-

967 851 1000 878 tis
1014 851 1108 885 justus
1120 850 1207 877 factus
1221 849 1317 876 inisset
1331 857 1338 881 ;
1358 854 1486 876 cancrum
1507 855 1539 875 ex
1554 849 1604 876 viri
1620 856 1682 876 cum
1699 848 1752 875 Ma-

967 897 1006 924 ria
1018 896 1166 924 concubitu
1194 900 1379 931 procreatum.
1399 895 1485 922 Porro
1500 894 1568 930 legis
1580 895 1749 922 observatio-

966 951 1025 970 nem
1037 943 1088 971 sibi
1101 942 1212 969 omnino
1230 941 1414 969 necessariam
1442 940 1588 973 ducebant.
1611 941 1686 975 quasi
1702 949 1750 976 per

965 989 1048 1016 solam
1063 989 1090 1016 in
1105 988 1244 1015 Christum
1261 987 1352 1020 iidem,
1375 987 1513 1022 vitamque
1527 995 1560 1015 ex
1578 994 1608 1014 ea
1627 986 1679 1014 ﬁde
1694 991 1748 1014 tra-

965 1036 1084 1067 ductam,
1096 1034 1210 1062 salutem
1224 1034 1352 1068 consequi
1368 1041 1420 1061 non
1439 1033 1569 1061 valerent.
1579 1032 1631 1061 Alli
1648 1033 1682 1060 ab
1695 1033 1748 1064 his.

965 1082 1058 1109 eodem
1073 1081 1182 1108 nomine
1207 1081 1365 1115 nuncttpati,
1387 1081 1532 1108 absurdam
1545 1082 1666 1115 priorum
1684 1087 1750 1107 sen-

966 1128 1077 1156 tentiam
1094 1127 1270 1162 refugientes,
1283 1126 1421 1154 Christum
1437 1127 1546 1162 quidem
1560 1134 1593 1154 cx
1616 1125 1727 1162 Virgine
1739 1145 1748 1159 ,

964 1180 990 1202 et
1002 1182 1034 1201 ex
1050 1173 1151 1208 Spiritu
1165 1177 1258 1201 sancto
1275 1173 1395 1208 genitum
1423 1180 1484 1200 esse
1499 1179 1553 1200 non
1569 1176 1685 1208 negant:
1701 1172 1748 1200 sed

965 1220 1048 1247 iidem
1060 1219 1237 1246 nihilominus
1251 1226 1312 1245 cum
1326 1218 1464 1246 Christum
1478 1223 1571 1253 utpote
1585 1218 1667 1245 Deum
1680 1217 1750 1246 Ver-

965 1266 1026 1293 bum
1046 1273 1077 1292 ae
1090 1264 1256 1300 Sapientiam
1270 1264 1362 1292 Patris
1386 1268 1451 1291 ante
1476 1265 1568 1291 omnia
1593 1264 1748 1292 substitisse

964 1311 1074 1338 minime
1089 1310 1234 1342 fateantur,
1246 1311 1273 1338 in
1285 1310 1407 1338 eamdem
1423 1318 1484 1338 cum
1499 1309 1636 1345 prioribus
1652 1310 1747 1344 impie-

965 1362 1047 1384 tatem
1063 1356 1163 1392 delapsi
1181 1360 1243 1384 sunt
1260 1366 1268 1385 ι
1287 1363 1348 1384 cum
1363 1356 1512 1391 praesertim
1527 1355 1685 1391 corporales
1707 1355 1748 1382 le-

965 1403 1005 1439 gis
1019 1403 1141 1431 Mosaicae
1163 1403 1353 1437 caeremonias,
1373 1402 1485 1438 perinde
1506 1410 1538 1430 ac
1565 1402 1603 1429 illi
1623 1405 1749 1429 accurate

965 1449 1128 1476 custodiant.
1158 1448 1191 1475 Hi
1223 1448 1358 1483 Epistolas
1387 1450 1495 1484 quidem
1527 1449 1604 1477 Pauli
1637 1455 1749 1483 prorsus

965 1495 1127 1530 rcjiciendas
1143 1503 1204 1523 esse
1221 1496 1382 1528 censebant,
1400 1496 1565 1523 desertorem
1584 1495 1659 1523 illum
1682 1495 1749 1529 legis

965 1546 1091 1569 vocantes
1109 1542 1211 1570 :solum
1226 1547 1316 1571 autem
1332 1541 1503 1577 Evangelinm
1519 1541 1600 1574 illud,
1624 1541 1694 1576 quod
1710 1549 1750 1568 u-

965 1590 1080 1616 cundum
1096 1587 1222 1616 Hebrum
1242 1588 1353 1622 dicitur,
1373 1587 1510 1623 amplexi.
1543 1587 1646 1622 reliqua
1673 1587 1749 1622 parvi

966 1634 1115 1663 iaciebant.
1133 1634 1165 1662 Et
1177 1634 1326 1663 Sabbatum
1341 1635 1450 1670 quidem
1479 1634 1602 1669 aliosque
1623 1632 1750 1660 Iudaicos

966 1681 1034 1708 ritus
1044 1689 1098 1709 non
1115 1688 1196 1708 secus
1206 1687 1238 1708 ac
1251 1680 1335 1708 .lndtei
1350 1681 1543 1708 observabant.
1573 1677 1672 1707 Diebus
1684 1685 1750 1705 vero

967 1727 1112 1754 Dominicis
1131 1727 1224 1754 eadem
1242 1733 1301 1761 quae
1317 1733 1368 1754 nos
1391 1726 1419 1753 in
1438 1725 1595 1753 memoriam
1623 1731 1746 1751 resurre-

965 1772 1064 1800 ctionis
1079 1771 1183 1799 Domini
1199 1773 1374 1808 peragebant.
1391 1771 1475 1806 Cujus
1501 1770 1540 1797 rei
1565 1777 1646 1797 causa
1669 1769 1749 1796 ΕΙ)ῑο-

966 1825 1083 1845 umorum
1098 1825 1248 1853 cognomen
1272 1818 1362 1846 sortiti
1389 1822 1471 1847 sunt.
1495 1823 1548 1851 quo
1566 1815 1750 1850 intelligentia:

966 1862 1071 1889 illorum
1090 1863 1178 1898 inopia
1197 1862 1263 1890 satis
1294 1863 1437 1891 indicatur.
1463 1861 1509 1901 Sic
1528 1861 1600 1888 enim
1631 1861 1749 1888 mendici

966 1908 1035 1943 apud
1051 1908 1180 1936 Hebraeos
1195 1914 1339 1936 vorantur.

1229 1965 1343 1993 CAPUT
1362 1963 1480 1992 XXVIII.

1175 2010 1213 2038 De
1229 2010 1352 2038 Cerintho
1369 2009 1554 2036 hremiarcha.

1001 2057 1100 2084 Eadem
1111 2061 1271 2092 tempestate
1282 2056 1393 2083 alterius
1401 2055 1511 2082 haeresis
1520 2059 1658 2083 auctorem
1670 2053 1751 2081 fuisse

966 2102 1124 2130 Cerinthum
1139 2103 1304 2137 accepimus.
1317 2102 1354 2129 De
1367 2109 1423 2136 quo
1436 2100 1518 2128 Caius
1542 2101 1566 2128 is
1578 2101 1656 2136 cujus
1670 2100 1751 2127 verba

967 2149 1094 2182 superius
1111 2148 1189 2184 100
1202 2147 1356 2181 retulimus,
1368 2147 1425 2175 haec
1442 2147 1470 2174 in
1493 2146 1675 2180 Disputatione
1703 2154 1750 2172 sua

967 2195 1076 2221 scribit:
1087 2203 1096 2220 α
1109 2194 1161 2221 Sed
1177 2199 1203 2222 et
1217 2193 1372 2226 Cerintlius,
1395 2193 1492 2228 inquit,
1512 2200 1561 2227 per
1575 2192 1752 2220 revelationes

969 2239 1100 2274 quasdatn
1115 2246 1129 2265 a
1145 2247 1174 2266 se
1191 2243 1322 2274 tanquam
1337 2247 1352 2266 a
1369 2246 1467 2273 magno
1492 2239 1609 2273 quodam
1631 2237 1752 2272 apostolo

126 2275 244 2316 μεγάλου
271 2280 481 2316 γεγραμμένων,
509 2279 700 2315 τερατολογίας
728 2279 793 2314 ἡμῖν
819 2279 857 2311 ὡς
881 2279 914 2305 δι’

968 2284 1148 2319 conseriptas,
1164 2289 1291 2320 portenta
1305 2283 1429 2318 qntedam
1443 2283 1522 2318 quasi
1535 2283 1569 2310 ab
1585 2283 1688 2317 angelis
1701 2282 1752 2310 sibi

124 2326 247 2361 ἀγγέλων
262 2326 336 2362 αὐτῷ
349 2326 520 2361 δεδειγμένας
530 2325 702 2360 ψευδόμενος,
718 2325 858 2359 ἐπεισάγει
870 2325 914 2351 λέ-

124 2382 190 2407 γων,
207 2373 275 2408 μετὰ
290 2372 340 2408 τὴν
354 2372 499 2399 ἀνάστασιν
512 2371 631 2405 ἐπίγειον
651 2369 720 2397 εἶναι
733 2371 764 2397 τὸ
782 2370 915 2405 βασίλειον

123 2419 171 2445 τοῦ
190 2418 320 2455 Χριστοῦ,
343 2419 391 2445 καὶ
413 2418 493 2445 πάλιν
509 2417 667 2453 ἐπιθυμίαις
692 2417 739 2444 καὶ
765 2417 871 2452 ἡδοναῖς
887 2418 917 2444 ἐν

131 2464 307 2500 Ἰερουσαλὴμ
319 2465 369 2500 τὴν
380 2465 469 2500 σάρκα
480 2464 689 2499 πολιτευομένην
701 2463 846 2491 δουλεύειν.
862 2464 916 2490 Καὶ

124 2510 221 2546 ἐχθρὸς
240 2511 369 2546 ὑπάρχων
385 2512 444 2542 ταῖς
461 2510 581 2545 Γραφαίς
592 2509 638 2536 τοῦ
651 2509 734 2542 θεοῦ,
749 2509 863 2545 ἀριθμὸν
875 2519 916 2544 χι-

125 2556 291 2588 λιονταετίας
303 2557 332 2583 ἐν
342 2556 424 2592 γάμῳ
437 2556 544 2592 ἑορτῆς,
556 2555 640 2582 θέλων
653 2554 754 2590 πλανᾷν
763 2555 830 2589 (40),
841 2555 914 2589 λέγει

160 2661 218 2696 (58)
232 2660 489 2695 Θατεραλήπτους.
509 2660 582 2688 Nova
597 2661 689 2693 dictio,
701 2668 734 2688 ex
747 2660 852 2688 duabus
874 2661 916 2688 in-

127 2696 223 2723 solenti
236 2697 434 2730 compositione
444 2702 595 2731 couvpacta.
610 2696 682 2723 idem
702 2696 774 2724 enim
792 2701 834 2723 est
850 2704 881 2723 ac
895 2697 916 2723 si

127 2732 245 2758 dicerent
266 2731 370 2767 θατέρᾳ
385 2731 512 2766 ληπτούς.

161 2766 216 2802 (59)
233 2767 288 2794 Τοῦ
308 2765 482 2793 Ἐϐἱωνὰίων
500 2767 644 2802 ρνόματος
660 2765 716 2800 τὴν
723 2765 920 2802 τῆς-διανοίας

127 2803 286 2836 πτωχείαν.
304 2802 377 2828 Idem
390 2802 486 2828 scribit
497 2801 629 2836 Origenes
645 2803 670 2828 in
689 2802 735 2828 lib.
749 2809 773 2828 IV
790 2801 826 2827 I)e
842 2802 918 2834 prin-

127 2838 201 2870 cipiis
214 2845 224 2864 :
241 2838 300 2864 Οὐκ
318 2836 507 2871 ἐλαμϐάνομεν
536 2837 623 2863 ταῦτα
649 2836 688 2868 ὡς
712 2837 736 2862 οἱ
755 2836 858 2870 πτωχοὶ
885 2837 919 2872 τῇ

127 2872 228 2909 Quoi;
246 2872 412 2909 Ἑΰιῳναῖοι,
428 2873 477 2909 τῆς
502 2872 637 2909 πτωχείας
649 2873 717 2909 ’τῇςᾉ
726 2871 845 2909 διανοίας
873 2871 920 2909 ea;

129 2906 228 2942 ὡνυμόι
239 2917 245 2923 ι
263 2907 371 2935 Ἑϐίων
384 2906 438 2940 γὰρ
448 2908 462 2934 ό
475 2907 580 2939 πτωχὸς
591 2907 656 2934 παρ’
671 2906 806 2938 Ἐὸραίοις
820 2906 919 2938 ὀνομά-

967 2335 1076 2357 ostensa
1089 2334 1259 2358 commentus
1277 2329 1355 2357 nobis
1378 2328 1532 2360 introducit.
1546 2327 1683 2355 aIIirmans
1690 2333 1755 2363 post

969 2374 1195 2403 resurrectionem
1211 2382 1323 2410 regnum
1338 2374 1437 2401 Christi
1467 2374 1493 2401 in
1518 2373 1597 2401 terris
1611 2373 1730 2400 i’utnrum
1745 2393 1752 2404 ,

968 2426 1000 2447 ac
1013 2427 1108 2448 rursus
1130 2421 1255 2449 homines
1274 2419 1466 2456 Hierosolymis
1478 2420 1606 2454 degentes
1625 2420 1772 2455 cupidita-.

968 2466 1039 2493 tibus
1051 2470 1078 2494 et
1094 2467 1224 2502 voluptati
1245 2466 1371 2502 corporis
1383 2466 1519 2494 obnoxios
1535 2465 1603 2493 fore.
1621 2466 1754 2500 Additqne

969 2511 1054 2539 hostis
1066 2512 1112 2541 ille
1126 2513 1282 2540 divinarum
1298 2513 1516 2547 Scripturarum,
1530 2511 1604 2538 mille
1620 2519 1754 2539 annorum

967 2559 1084 2592 spatium
1104 2559 1130 2585 in
1162 2559 1326 2592 nuptialibus
1352 2558 1429 2585 l‘cstis
1445 2560 1613 2584 transactum
1630 2556 1675 2588 iri,
1702 2564 1755 2591 quo

971 2661 1058 2694 ζεται.
1078 2661 1160 2687 Ὥστε
1174 2659 1320 2687 ὑπολαϐεῖν
1333 2659 1380 2686 ὲπὶ
1401 2659 1464 2691 τοὺς
1482 2658 1627 2694 σαρκίνους
1651 2659 1747 2694 Ἰσραηι

967 2693 1043 2728 λίτας
1072 2696 1285 2732 προηγουμένως
1307 2694 1491 2732 τὸν-Χριστὸν
1516 2693 1755 2729 ἐπιδεδημηκέναι.

968 2733 1056 2760 Porro
1072 2730 1101 2758 in
1116 2730 1210 2759 codice
1222 2731 1291 2757 Maz.
1308 2739 1339 2756 at:
1359 2730 1430 2758 Med.
1444 2731 1470 2757 id
1487 2736 1583 2756 nomen
1605 2737 1666 2756 cuin
1679 2737 1755 2764 aspc-

969 2775 999 2794 ro
1013 2767 1110 2801 spiritu
1127 2766 1307 2801 perscriptum
1323 2770 1376 2797 est,
1396 2764 1523 2801 tnm_hoc
1553 2764 1589 2801 inA
1604 2764 1674 2801 Io’co!
1702 2769 1756 2801 tum

969 2802 996 2828 in
1012 2799 1083 2829 libro
1098 2799 1185 2832 sexto.
1208 2801 1254 2828 ubi
1281 2801 1371 2835 agitur
1394 2801 1428 2828 de
1453 2799 1630 2835 Symmacho,
1649 2799 1756 2827 Veteris

968 2836 1134 2864 Testamenli
1154 2837 1308 2869 interprete.

1006 2871 1061 2907 (40)
1078 2871 1179 2898 Θέλων
1192 2870 1324 2904 πλανᾶν.
1342 2869 1468 2906 Σπλανᾷν
1488 2870 1514 2897 in
1535 2871 1654 2907 editione
1684 2870 1756 2897 Rob.

970 2907 1100 2936 Stephani
1116 2908 1210 2934 nescio
1222 2914 1275 2936 nuo
1289 2914 1353 2934 casu
1364 2913 1495 2934 cxcusum
1511 2911 1564 2934 est.
1582 2906 1666 2934 Oucn:
1683 2911 1753 2932 tum.
