1993 3164
237 166 293 194 279

240 225 349 254 nomine
370 222 586 258 compellantem,
611 223 762 251 liortatorio
787 228 815 251 et
838 223 1019 252 consolatorie
1034 223 1054 251 A

240 271 313 299 vocis
327 277 393 298 sono
411 269 593 297 inclamasse:
608 269 714 302 Mulier,
742 274 877 297 memento
901 269 1016 297 Domini.

241 316 394 352 Ilujusmodi
412 320 492 344 erant
505 321 660 343 sanctorum
677 315 810 343 connubia
827 324 834 342 :
863 315 1016 350 huiusmodi

239 361 523 389 cratcharissimornm
536 360 653 395 perfecta
661 360 793 388 dilectio.i
809 361 895 394 Atque
908 359 965 387 hac
979 364 1019 386 ut-

240 411 302 440 pote
309 406 599 441 prtesentiargumento
606 406 818 438 accommodata,
827 410 979 441 opportune
993 406 1018 432 in

240 453 311 481 hunc
323 452 412 481 locum
425 452 601 486 coniecimus.

511 497 626 525 CAPUT
643 497 738 525 XXXI.

412 543 451 571 De
463 542 576 572 Joannis
591 548 614 570 et
631 543 746 578 Philippi
763 543 844 570 obitu.

278 623 315 651 De
332 623 415 650 Pattlo
429 623 537 657 quidem
565 627 592 649 et
610 622 702 655 Petro,
730 627 835 658 tempus
861 628 889 650 et
913 623 1020 650 modtnu

241 669 333 702 caedis,
353 669 496 703 locumque
509 668 535 696 in
555 676 608 703 quo
620 668 751 694 cadavera
770 668 887 702 ipsorum
902 668 1021 703 deposita

241 721 314 746 sunt.
327 715 382 751 jam
401 715 525 750 superius
542 715 692 742 retulimus.
713 714 749 741 De
760 714 863 742 Joanne
876 722 941 742 vero
953 719 1022 741 tem-

243 770 292 794 pus
307 761 416 797 quidem
429 763 515 796 lpsttm
533 761 622 795 aliqua
641 768 674 787 ex
702 765 781 795 parte
796 761 998 795 designavimus
1014 770 1020 787 :

243 809 318 836 locus
336 814 400 835 vero
416 807 442 834 in
470 814 522 841 quo
539 806 660 848 sepultus
685 811 738 837 est,
752 813 785 833 ex
804 804 955 841 Polycratis
977 806 1023 841 qui

245 853 439 889 Ephesinorum
458 851 584 879 Ecclesiae
602 852 746 887 episcopus
763 851 828 881 fuit.
844 851 956 887 epistola
978 852 1024 879 de-

593 162 729 192 EUSEBII
748 161 986 191 CESARIENSIS
1005 161 1081 190 OPP.
1101 159 1191 188 PARS
1209 160 1230 188 Ι.
1251 175 1284 180 -
1304 157 1496 186 HISTORICA.

1797 157 1852 185 980

1070 221 1209 256 Μέμνησο,
1231 217 1253 246 ὧ
1267 219 1350 254 αὕτη,
1367 219 1413 246 τοῦ
1432 218 1545 254 Κυρίου.
1574 217 1698 248 Τοιοῦτος
1713 214 1747 252 ἦν
1766 217 1780 244 ὁ
1798 217 1852 244 τῶν

1071 267 1212 302 μακαρίων
1229 265 1326 301 γάμος,
1342 266 1389 292 καὶ
1406 266 1423 301 ἡ
1441 264 1494 291 τῶν
1508 263 1644 298 φιλτάτων
1657 263 1746 290 τελεία
1762 263 1853 290 διάθε-

1070 321 1120 344 σις.
1141 322 1150 338 ›
1163 312 1218 338 Καὶ
1234 311 1318 337 ταῦτα
1331 311 1353 337 δ’
1370 312 1456 337 οἰκεῖα
1471 310 1535 336 ὄντα
1546 311 1580 345 τῇ
1596 309 1666 344 μετὰ
1680 310 1773 344 χεῖρας
1787 309 1855 336 ὑπο-

1070 357 1154 388 Θέσει,
1169 356 1285 383 ἐνταῦθα
1297 365 1342 391 μοι
1355 356 1425 383 κατὰ
1438 355 1532 392 καιρὸν
1547 355 1657 382 κείσθω.

1320 487 1517 514 ΚΕΦΑΛΑΙΟΝ
1532 487 1594 514 AA’.

1106 535 1176 570 Περὶ
1202 535 1257 569 τῆς
1275 533 1483 570 ἰωάιςνου-ξιιιζ
1502 533 1651 570 (Pallium)
1676 531 1819 567 τελευτῆς

1324 568 1393 603 (Nic.
1410 568 1445 595 Η.
1460 567 1494 594 E.
1510 577 1528 600 ι,
1548 568 1604 602 55).

1107 616 1213 642 Παύλου
1241 616 1289 650 μὲν
1312 612 1358 642 οὖν
1379 614 1427 642 καὶ
1449 615 1552 651 Πέτρου
1571 615 1621 649 τῆς
1639 614 1768 650 τελευτῆς
1787 614 1801 641 ὅ
1826 622 1856 640 τε

1072 662 1166 698 χρόνος
1189 661 1235 688 καὶ
1260 662 1274 688 ὁ
1296 661 1406 696 τρόπος,
1430 661 1476 687 καὶ
1502 660 1613 696 προσέτι
1639 661 1687 696 τῆς
1712 660 1780 696 μετὰ
1807 659 1858 695 τὴν

1072 707 1230 744 ἀπαλλαγὴν
1254 707 1299 734 τοῦ
1327 707 1383 742 βίου
1412 706 1464 733 τῶν
1492 706 1676 742 σκηνωμάτων
1697 705 1786 733 αὐτῶν
1807 714 1858 732 κα-

1073 753 1207 785 ταθέσεως
1230 753 1244 779 ὁ
1265 752 1362 788 χῶρος,
1384 752 1435 787 ἤδη
1459 752 1591 787 πρότερον
1613 752 1678 787 ἡμῖν
1700 751 1858 786 δεδήλωται.

1073 799 1126 825 Τοῦ
1141 799 1169 825 δὲ
1196 798 1329 829 Ἰωάννου,
1350 798 1384 824 τὰ
1406 798 1454 833 μὲν
1474 797 1520 824 τοῦ
1544 798 1640 834 χρόνον
1663 798 1713 833 ἤδη
1735 806 1792 829 πως
1819 797 1858 823 εἴ·

1076 852 1165 880 ρηται,
1194 844 1223 870 τὺ
1248 843 1275 870 δέ
1299 852 1330 878 γε
1361 843 1407 870 τοῦ
1436 843 1613 878 σκηνώματος
1643 842 1723 870 αὑτοῦ
1748 843 1859 879 χωρίον,

245 903 418 927 monstratur.
436 898 463 925 In
480 906 532 933 qua
553 898 676 926 scribens
691 897 723 925 ad
743 897 878 925 Victorem
896 897 1024 926 Romanae

1085 890 1103 924 ,ξ
1138 890 1280 925 ἐπιστολῆς
1316 890 1503 925 Πολυκράτους
1546 888 1611 925 (τῆς
1643 890 1665 916 δ’
1691 891 1719 916 ὲν
1755 888 1861 925 Ἐφέσῳ

245 945 319 972 urbis
329 945 495 978 episcopum,
508 942 621 971 Joannis
634 943 714 970 simul
728 951 759 971 ac
770 943 886 978 Philippi
901 943 1024 976 apestoli,

243 990 416 1026 ejusdemque
423 989 536 1017 ﬁliarum
548 989 710 1021 mentionem
719 989 780 1017 facit
788 990 829 1017 his
839 989 1025 1017 verbistham

243 1037 305 1065 etin
316 1037 392 1069 Asia.
408 1036 504 1071 inquit,
527 1043 622 1070 magna
642 1035 763 1070 quaedam
778 1035 878 1063 lumina
893 1035 1026 1063 exstincta

244 1089 317 1116 sunt,
333 1091 394 1118 qua:
415 1082 620 1110 suscitabuntur
634 1082 661 1109 in
682 1082 830 1110 novissimo
842 1082 884 1109 die
897 1083 1026 1109 adventus

246 1129 362 1161 Domini,
375 1133 438 1156 tunc
451 1135 512 1155 cum
525 1127 558 1156 de
573 1127 640 1155 coelo
651 1128 739 1155 veniet
751 1135 811 1156 cum
824 1128 919 1163 gloria,
931 1133 958 1155 et
967 1129 1027 1156 tini-

245 1181 338 1202 versos
354 1179 463 1202 sanctos
477 1174 618 1208 requiret:
648 1173 798 1208 Philippum
824 1173 953 1209 intelligo,
980 1173 1025 1209 qui

247 1220 297 1247 fuit
307 1227 377 1247 unus
389 1228 421 1247 ex
433 1219 574 1248 duodecim
583 1219 724 1254 apostolis,
734 1224 908 1254 mortuusque
917 1225 958 1247 est
968 1219 1027 1247 llie-

247 1266 332 1301 rapoli
355 1273 416 1293 cum
433 1266 503 1293 binis
519 1265 625 1293 ﬁliabus
639 1273 699 1300 qua:
719 1265 745 1292 in
763 1265 916 1301 virginitate
929 1274 1026 1294 conse-

247 1318 375 1340 nuerunt.
398 1311 490 1339 Altera
508 1319 616 1347 quoque
640 1312 698 1346 ejus
715 1311 768 1338 ﬁlia
785 1319 844 1346 qua:
855 1312 1025 1346 spiritualen

250 1359 394 1394 quamdam
420 1359 502 1386 vitam
515 1359 600 1390 duxit,
627 1358 726 1393 Ephesi
753 1358 857 1394 sepulta
870 1364 922 1386 est.
936 1359 988 1386 Sed
1001 1363 1028 1387 et

247 1404 376 1436 Joannes,
388 1404 432 1438 qui
449 1411 529 1438 supra
542 1408 636 1438 pectus
650 1403 755 1430 Domini
772 1404 907 1437 recubuit,
923 1405 1028 1440 fuitque

248 1451 376 1478 sacerdos
393 1449 439 1477 Dei
458 1449 585 1476 laminam
601 1454 720 1484 gestans,
731 1454 757 1476 et
774 1454 875 1485 martyr
886 1455 913 1478 et
922 1451 1026 1483 doctor,

248 1496 302 1528 hic,
311 1496 431 1529 inquam,
443 1495 561 1522 Joannes
573 1495 599 1521 in
613 1495 677 1522 urbe
684 1496 790 1530 Epheso
797 1496 922 1523 conditus
930 1496 996 1530 iacet
1003 1517 1008 1523 .
1016 1506 1025 1523 ι

250 1541 327 1576 103
345 1541 378 1568 Et
392 1542 450 1568 inec.
465 1541 573 1575 quidem
597 1541 630 1568 de
651 1541 756 1568 illorum
781 1541 868 1568 obitu.
892 1541 1027 1570 Prwterez

251 1575 276 1615 i-n
299 1575 485 1622 DialogoCaii
514 1587 592 1621 cujus
608 1595 688 1622 supra
713 1587 826 1615 fecimus
854 1589 1029 1622 mentionem,
1044 1575 1065 1604 ε

286 1688 480 1723 (50)·Μεγάλα
492 1687 634 1722 στοιχεῖα.
654 1687 832 1724 llieronymns
846 1694 873 1716 et
897 1689 1032 1719 Musculus

249 1729 377 1751 elementa
400 1726 490 1756 vertit,
513 1724 774 1757 Cbristophorsonus
802 1725 966 1754 seminaria:
984 1727 1032 1753 sed

249 1759 352 1793 optime
369 1758 596 1786 itulinuslumina
624 1760 826 1793 interpretatur.
855 1759 920 1786 Nam
946 1761 1031 1789 Grrcci

251 1795 326 1830 signa
349 1793 453 1830 zodiaci
470 1795 588 1830 στοιχεῖα
606 1794 867 1830 solent__appellare.
897 1796 942 1822 Sic
963 1796 1033 1830 apud

252 1827 603 1874 "iureeeegetvﬁi!
613 1828 677 1874 te",
689 1827 834 1874 WW5
849 1837 862 1872 ί.
879 1830 959 1874 "ms
972 1827 1034 1874 ’λὶς-

251 1864 360 1897 καδικὸς
375 1863 421 1890 ἐπὶ
439 1865 487 1899 τῆς
501 1863 622 1898 κεφαλῆς
640 1863 709 1900 ἔχων
725 1864 899 1900 ἐνυφασμένα
924 1866 957 1892 τὰ
984 1863 1034 1892 δὼ-

249 1900 316 1926 δεκα
329 1900 456 1934 στοιχεῖα.
474 1899 518 1935 Sic
530 1903 618 1925 autem
637 1899 770 1935 vocabant
793 1907 823 1926 ea
845 1901 920 1934 signa
947 1902 1034 1935 genti-

251 1936 303 1967 les,
321 1933 546 1968 quod'principia
572 1935 634 1960 vita:
655 1933 793 1960 hominum
811 1942 843 1962 ac
871 1933 984 1962 fortuna:
1008 1937 1034 1962 in

252 1970 285 1998 iis
304 1970 388 2004 posita
406 1977 465 2005 esse
484 1969 698 2005 existitttarent,
712 1973 741 1995 ut
765 1969 842 2005 docet
872 1970 1035 2005 Epiphanius

251 2006 278 2032 in
292 2003 612 2041 lintresi’Pharisaaorum
635 2012 640 2029 :
666 2003 719 2041 Τὰέ
733 2004 854 2041 ματαίως
873 2003 1037 2041 νομιζόμενοι

250 2040 300 2076 εἰς
311 2039 575 2076 ἀριθμὸνῌστοιχείων
587 2041 648 2076 τοῖς
656 2039 875 2076 πεπλανημένοις
888 2039 1006 2076 ὀνόματα
1020 2041 1038 2068 ἃ

253 2074 337 2108 ζώδια
355 2074 491 2101 καλοῦσιν.
513 2074 561 2102 Ubi
575 2074 622 2106 είς.
638 2074 754 2110 ἀριθμόν
782 2074 892 2108 ponitur
919 2074 966 2110 pro
997 2078 1038 2108 εἰς

253 2110 343 2143 λόγον.
361 2110 450 2142 Quare
467 2109 568 2136 iallitur
580 2110 729 2136 Salmasius
749 2110 776 2136 in
800 2110 871 2136 libro
899 2109 935 2137 De
962 2112 1039 2137 armis

254 2145 448 2176 climactericis,
464 2152 523 2177 pag.
539 2144 601 2170 577.
616 2144 707 2178 Neque
717 2146 789 2180 cuitu
801 2144 887 2172 Graeci
910 2147 1039 2180 στοιχεῖον

254 2187 373 2213 ttnquatn
385 2180 512 2205 dixerunt
529 2179 670 2213 imaginem
688 2185 734 2205 aut
748 2179 872 2212 ﬁguram.

290 2214 346 2249 (5t)
364 2214 513 2241 Φίλιππον
528 2213 582 2240 τὸν
595 2213 653 2240 τῶν
670 2213 792 2240 δώδεκα.
813 2215 1038 2250 Christopborso—

1076 937 1219 972 παροικίας
1246 937 1393 968 ἐπίσκοπος
1419 934 1496 968 οὗτος
1519 933 1577 972 ἦν)
1603 936 1799 962 ἐπιδείκνυται·
1828 936 1862 971 ἢν

1076 984 1202 1018 Οὐίκτορι
1219 983 1360 1018 Ῥωμαίων
1372 982 1512 1018 ὲπισκὸτπῳ
1525 982 1649 1018 γράφων,
1661 981 1728 1018 ὁμοῦ
1741 990 1769 1008 τε
1780 982 1861 1008 αὐτοῦ

1075 1029 1122 1057 καὶ
1134 1028 1266 1056 Φιλίππου
1285 1028 1448 1064 μνημονεύει
1463 1028 1508 1055 τοῦ
1524 1027 1684 1059 ἀποστόλου,
1696 1028 1750 1055 τῶν
1761 1037 1790 1054 τε
1805 1028 1864 1054 τούα

1075 1084 1121 1102 του
1146 1075 1302 1110 θυγατέρων
1322 1072 1374 1101 ὧδέ
1393 1083 1460 1106 πως·
1484 1083 1492 1099 ι
1518 1074 1572 1100 Καὶ
1586 1074 1641 1110 γὰρ
1660 1074 1707 1101 καὶ
1730 1073 1800 1101 κατὰ
1814 1073 1864 1109 τὴν

1083 1121 1178 1148 Ἀσίαν
1193 1121 1299 1156 μεγάλα
1313 1122 1432 1156 στοιχεῖα
1442 1120 1496 1156 (50)
1511 1120 1673 1156 κεκοίμηται
1683 1129 1690 1136 ι
1705 1121 1783 1148 ἅτινα
1795 1121 1863 1147 ἀνα-

1078 1167 1205 1202 στήσεται
1216 1168 1248 1202 τῇ
1261 1167 1363 1203 ἐσχάτῃ
1373 1166 1464 1202 ἡμέρᾳ
1472 1166 1520 1201 τῆς
1533 1167 1682 1202 παρουσίας
1693 1167 1739 1194 τοῦ
1748 1166 1863 1203 Κυρίου,

1077 1217 1105 1243 ὲν
1156 1216 1263 1253 ἔρχεται
1283 1217 1350 1252 μετὰ
1362 1217 1441 1252 δόξης
1455 1217 1484 1250 ἐξ
1497 1215 1621 1252 οὐρανοῦ,
1640 1216 1687 1242 καὶ
1700 1213 1865 1249 ἁναζητήσει

1078 1262 1181 1294 πάντας
1196 1264 1259 1295 τοὺς
1273 1263 1378 1297 ἁγίους,
1398 1263 1531 1289 Φίλιππον
1547 1261 1593 1289 τὸν
1611 1261 1666 1288 τῶν
1687 1260 1791 1287 δώδεκα
1808 1259 1864 1295 (51)

1078 1310 1244 1342 ἀποστόλων,
1270 1310 1300 1342 ὃς
1325 1309 1486 1345 κεκοίμηται
1510 1310 1540 1335 ὲν
1568 1307 1731 1344 Ἱεραπόλει,
1751 1306 1797 1334 καὶ
1819 1304 1866 1332 δύο

1078 1355 1226 1392 θυγατέρες
1240 1355 1321 1383 αὐτοῦ
1335 1356 1518 1393 γεγηρακυῖαι
1535 1354 1677 1391 παρθένοι,
1689 1354 1736 1381 καὶ
1750 1354 1766 1388 ή
1786 1352 1868 1389 ἑτέρα

1078 1401 1161 1429 αὑτοῦ
1174 1403 1230 1437 (52)
1240 1402 1342 1438 θυγάτη
1348 1411 1362 1438 ρ
1373 1403 1401 1429 ἐν
1409 1402 1479 1437 ἁγίῳ
1491 1401 1560 1428 Πνεύ
1565 1410 1628 1436 ματι
1640 1399 1865 1434 πολιτευσαμένη,

1078 1448 1095 1484 ἢ
1110 1449 1138 1475 ὲν
1162 1449 1265 1484 Ἐφέσῳ
1279 1449 1459 1476 ἀναπαύεται.
1477 1449 1537 1474 Ἔτι
1550 1447 1577 1474 δὲ
1591 1447 1637 1474 καὶ
1654 1446 1780 1481 Ἰωάννης
1794 1447 1808 1472 ὁ
1821 1445 1868 1471 ἐπὶ

1078 1493 1108 1520 τὸ
1124 1495 1223 1530 στῆθος
1238 1495 1284 1521 τοῦ
1304 1495 1407 1531 Κυρίου
1423 1493 1578 1527 ἀναπεσὼν,
1597 1493 1626 1525 ὃς
1646 1492 1762 1528 ἐγενήθη
1779 1491 1868 1527 ἱερεὺς

1080 1540 1109 1566 τὸ
1122 1541 1236 1568 πέταλον
1250 1540 1422 1577 πεφορηκὼς,
1437 1540 1483 1567 καὶ
1501 1540 1615 1575 μάρτυς,
1630 1538 1678 1565 καὶ
1691 1537 1850 1569 διδάσκαλος
1860 1556 1868 1569 .

1083 1584 1160 1619 οὗτος
1175 1589 1203 1614 ὲν
1226 1587 1330 1622 Ἐφέσῳ
1351 1586 1523 1621 κεκοίμηται.
1543 1595 1552 1610 ι
1572 1584 1665 1611 Ταῦτα
1678 1584 1726 1611 καὶ
1740 1583 1804 1619 περὶ
1819 1583 1870 1619 τῆς

1087 1690 1243 1725 virginitate
1256 1693 1466 1725 consenuerunt.
1480 1688 1584 1725 Exﬂquo
1600 1688 1746 1725 colligitur,
1761 1688 1868 1715 tertiam

1087 1723 1157 1754 hanc
1171 1725 1228 1752 viro
1245 1729 1356 1758 nuptam
1389 1723 1481 1751 fuisse.
1509 1723 1601 1758 Neque
1625 1731 1691 1750 vero
1719 1723 1744 1750 id
1768 1728 1870 1758 pugnat

1087 1769 1147 1788 cum
1165 1760 1252 1794 capite
1269 1767 1313 1787 xxt
1345 1759 1460 1786 Actuum
1483 1759 1678 1793 apostolorum.
1704 1758 1868 1793 Respondeti

1087 1797 1158 1823 enim
1174 1799 1274 1830 potest.
1290 1800 1346 1821 tum
1364 1794 1473 1830 quidem
1491 1801 1598 1830 eumea
1627 1798 1792 1830 gererentur
1810 1800 1871 1827 qua:

1087 1828 1220 1858 memorat
1248 1829 1336 1858 Lucas
1349 1849 1356 1861 ,
1374 1828 1503 1863 Philippi
1529 1829 1597 1856 lilias
1623 1829 1705 1855 fuisse
1726 1828 1868 1862 virgines:

1087 1870 1179 1900 postea
1203 1871 1290 1892 tamen
1310 1872 1389 1892 unam
1403 1872 1436 1891 ex
1449 1865 1500 1900 illis
1517 1872 1532 1891 a
1546 1869 1621 1898 patre
1641 1863 1869 1900 nuptumdatam.

1088 1898 1171 1935 idque
1187 1901 1299 1927 innuere
1332 1900 1438 1926 videtur
1463 1899 1588 1935 Clemens
1613 1898 1814 1935 Alexandrinus
1843 1899 1870 1926 in

1089 1933 1178 1962 verbis
1191 1943 1251 1969 qua:
1262 1942 1342 1969 supra
1358 1935 1476 1961 citantur
1488 1935 1522 1960 ab
1541 1934 1666 1961 Eusebio.
1683 1933 1766 1963 Porro
1793 1933 1872 1960 Chri—

1090 1971 1287 2005 sloplmrsonus
1309 1970 1414 1996 tertiam
1441 1970 1509 1996 hanc
1522 1969 1638 2005 Philippi
1670 1969 1779 2005 ﬁliam,
1810 1977 1871 1995 cum

1091 2003 1197 2033 duabus
1213 2005 1266 2032 illis
1281 2005 1417 2038 prioribus
1436 2005 1569 2031 confudit.
1593 2003 1675 2037 Cujus
1697 2004 1785 2031 versio
1815 2011 1871 2031 me-

1092 2042 1146 2068 rito
1160 2041 1278 2068 turbavit
1300 2039 1454 2072 Baronium,
1468 2045 1497 2065 ut
1511 2044 1585 2074 patet
1607 2047 1639 2066 ex
1665 2039 1811 2074 Annalibus
1837 2039 1871 2066 ad

1091 2085 1189 2103 annum
1204 2075 1304 2103 Christi
1320 2075 1364 2106 5S,
1386 2082 1446 2108 cap.
1461 2073 1520 2102 H5.
1539 2075 1644 2108 Itepetit
1660 2074 1730 2101 hunc
1743 2073 1870 2109 Polycra-

1092 2112 1124 2137 tis
1139 2112 1226 2138 locum
1246 2110 1378 2137 Eusebius
1396 2116 1489 2137 noster
1509 2110 1534 2136 in
1552 2109 1599 2136 lib.
1613 2117 1639 2141 ν,
1657 2117 1717 2143 cap.
1743 2109 1778 2135 9.4
1794 2128 1801 2140 ,
1825 2109 1870 2136 ubi

1090 2146 1353 2180 Christophorsmius
1367 2150 1421 2171 tres
1434 2145 1549 2179 Philippi
1565 2145 1635 2171 ﬁlias
1651 2150 1723 2171 recte
1736 2144 1871 2177 distinxit,

1091 2187 1117 2208 et
1143 2179 1259 2214 priorem
1286 2187 1363 2206 suum
1399 2187 1518 2207 errorem
1550 2180 1712 2207 emendavit.
1740 2179 1871 2206 Cancrum

1092 2217 1174 2250 quaari
1188 2217 1230 2242 hic
1257 2216 1354 2242 merito
1376 2220 1464 2249 potest
1490 2223 1538 2241 cur
1552 2215 1708 2250 Polycrates
1724 2219 1780 2241 tres
1801 2215 1871 2250 dun—

254 2258 306 2277 nus
321 2251 371 2276 hoc
387 2250 445 2276 loco
472 2257 641 2285 nequaquam
656 2249 740 2285 “boni
769 2249 931 2284 interpretis
952 2251 1040 2278 oﬁicio
1056 2254 1079 2281 D
1095 2249 1169 2278 taxat
1190 2251 1306 2285 Philippi
1325 2250 1395 2276 ﬁlias
1405 2249 1609 2282 memoraverit,
1633 2257 1694 2276 cum
1719 2249 1744 2276 in
1761 2249 1872 2285 Actibus

255 2287 365 2311 iunctus
383 2290 441 2314 est.
463 2285 509 2318 qui
537 2292 588 2318 pro
613 2283 744 2318 Philippo
767 2292 820 2312 uno
840 2283 872 2312 ex
898 2286 1038 2313 duodecim

255 2320 404 2354 apostolis,
425 2319 579 2354 Philippum
606 2327 688 2346 unum
723 2327 756 2346 ex
787 2326 891 2354 septem
919 2321 1040 2349 diaconis

255 2355 407 2382 substituit.
426 2354 509 2382 Vetus
526 2355 694 2391 quidemhic
709 2362 788 2381 error
800 2355 862 2391 fuit,
886 2362 914 2382 ut
940 2355 1041 2391 Philip-

255 2398 317 2426 pum
331 2391 474 2426 diaconum
486 2394 514 2417 et
530 2390 723 2426 evangelistam
738 2397 806 2426 cum
832 2390 955 2426 Philippo
976 2390 1041 2426 apo-

257 2425 329 2452 stolo
340 2425 549 2452 confunderent.
567 2425 600 2451 Et
612 2425 675 2460 quia
689 2425 715 2451 in
731 2425 842 2452 Actibus
857 2425 1039 2460 aposiolorutu

255 2468 317 2496 cap.
330 2469 388 2493 xxr,
402 2460 517 2494 Philippi
530 2460 712 2497 evangeliste
723 2464 838 2497 quatuor
865 2462 935 2489 tilias
959 2462 1041 2497 virgi-

257 2494 305 2523 nes
327 2497 505 2531 prophetasse
530 2495 675 2530 legerant,
703 2494 856 2529 Philippum
890 2494 1040 2531 apostolum

257 2530 397 2566 coniugem
429 2531 555 2558 habuisse
585 2530 709 2566 etirlilias
729 2532 881 2566 suscepisse
902 2530 1040 2559 dixerunt.

256 2566 294 2592 lla
310 2572 409 2601 praeter
428 2566 597 2600 Polycratem
609 2565 736 2592 Clemens
747 2565 946 2601 Alexandrinus
961 2575 1041 2601 supra

257 2602 284 2628 in
299 2603 388 2635 capite
402 2601 486 2633 50,et
507 2601 605 2635 Papias
632 2600 714 2629 infra.
747 2600 844 2627 Verum
870 2609 902 2628 ex
929 2600 1042 2628 Actibus

258 2637 442 2670 apostolorum
458 2636 603 2663 manifesto
616 2636 754 2670 colligitur
775 2635 928 2671 Philippum
953 2637 1043 2663 diaco-

259 2679 336 2704 num,
354 2679 415 2698 eutu
433 2680 448 2698 a
463 2679 516 2706 quo
530 2672 673 2698 eunuchus
697 2671 850 2706 baptizatus
860 2671 916 2703 est,
942 2677 969 2698 ct
996 2672 1042 2705 qui

257 2711 375 2739 quatuor
391 2706 487 2734 habuit
513 2707 583 2733 lilias
599 2707 802 2740 prophetantes,
822 2706 903 2733 alium
929 2706 1013 2733 fuisse
1028 2716 1042 2733 a

259 2741 382 2775 Philippo
409 2741 541 2776 apostolo.
572 2742 638 2768 Vide
662 2741 794 2768 lsidorum
823 2742 987 2768 Pclusiotant
1017 2743 1042 2768 in

259 2776 328 2802 libro
347 2776 443 2809 primo.
455 2776 572 2811 epistola
589 2777 651 2809 447,
667 2782 693 2803 et
719 2778 910 2811 sequentibus,
944 2777 988 2803 ubi
1017 2778 1042 2803 id

259 2811 429 2844 apertissime
440 2812 618 2839 deinonstrat.

297 2845 351 2881 (52)
368 2847 422 2872 Kal
433 2847 451 2880 ἡ
464 2847 549 2880 ἑτέρα
566 2847 670 2876 αὑτοῦ.
687 2847 805 2874 Tertiam
836 2847 906 2874 hanc
928 2846 1043 2881 Philippi

259 2881 472 2917 ﬁliatnsejungit
491 2882 647 2918 Polycrates
675 2889 690 2909 :1
714 2882 819 2909 duabus
851 2883 912 2909 aliis
932 2891 992 2917 qua:
1016 2891 1041 2909 In

1093 2293 1209 2320 quatuor
1222 2283 1286 2312 tilia!
1302 2285 1416 2321 Philippi
1434 2289 1623 2312 numerentur.
1643 2285 1802 2321 liespoudeo
1823 2283 1873 2310 Po—

1093 2323 1223 2357 lycratem
1241 2329 1334 2348 eartun
1349 2321 1479 2347 duntaxat
1497 2321 1662 2348 incutionem
1686 2320 1794 2357 fecisse,
1814 2327 1874 2353 quae

1093 2355 1118 2383 in
1134 2357 1196 2383 Asia
1214 2362 1326 2383 mertua:
1349 2356 1513 2390 sepulta-quc
1537 2360 1646 2387 essent,
1666 2360 1695 2382 ut
1717 2355 1811 2390 videre
1831 2359 1874 2382 est

1093 2392 1119 2418 iu
1145 2391 1250 2426 integra
1271 2391 1354 2426 ipsius
1371 2389 1484 2426 cpistola
1502 2398 1561 2425 quae
1576 2390 1694 2426 refertur
1708 2391 1734 2417 in
1752 2389 1830 2426 libro
1846 2397 1871 2416 ν.

1092 2426 1158 2454 Cum
1177 2424 1258 2460 igitur
1272 2424 1323 2452 una
1348 2424 1518 2460 ex'quatuor’
1546 2426 1600 2452 illis
1617 2425 1723 2452 ﬁliabus
1745 2424 1874 2452 Cresarete

1093 2467 1139 2487 aut
1156 2461 1218 2489 alibi
1235 2466 1339 2488 mortua
1351 2467 1434 2493 esset,
1451 2462 1511 2488 ideo
1523 2461 1622 2487 nullam
1638 2460 1696 2494 ejus
1709 2460 1873 2486 mentionem

1093 2496 1157 2523 fecit
1182 2496 1348 2532 Polycrates.
1380 2497 1464 2523 Porro
1485 2504 1516 2522 ex
1551 2496 1657 2532 ﬁliabus
1683 2495 1798 2532 Philippi
1821 2503 1873 2532 una

1094 2531 1249 2563 llcrmionc,
1284 2532 1368 2558 altera
1396 2531 1528 2566 Eutychis
1549 2531 1699 2558 dicebatur.
1732 2531 1778 2557 Sic
1802 2531 1874 2556 enim

1093 2568 1222 2593 scribitur
1241 2568 1267 2594 in
1289 2566 1390 2593 Menwo
1405 2565 1562 2594 Graecorum
1581 2575 1588 2592 :
1608 2566 1657 2593 Die
1674 2566 1691 2591 4
1715 2565 1875 2598 Septembris

1094 2602 1304 2628 commemoratio
1323 2601 1351 2628 S.
1368 2601 1527 2632 Hermionw,
1544 2601 1621 2627 unius
1633 2609 1665 2628 ex
1681 2606 1793 2635 quatuor
1804 2599 1876 2635 ﬁlia—

1094 2637 1139 2663 bus
1159 2637 1273 2670 Philippi
1289 2637 1410 2670 apostoli.
1424 2637 1469 2667 qui
1490 2636 1629 2669 baptizavit
1642 2636 1788 2663 eunuchum
1805 2634 1876 2661 Cane

1094 2673 1182 2698 duces.
1197 2672 1260 2699 llwc
1286 2679 1308 2698 et
1323 2680 1397 2698 soror
1413 2672 1470 2706 ejus
1492 2670 1618 2705 Eutycius
1650 2673 1676 2698 in
1698 2671 1787 2697 Asiam
1808 2670 1874 2696 venit

1093 2712 1151 2740 post
1184 2714 1291 2734 mortem
1326 2707 1439 2733 Joannis
1468 2707 1592 2740 apostoli,
1619 2713 1673 2735 etc.
1701 2706 1876 2740 Sepultaﬂeu

1095 2740 1200 2777 Ephesi.
1220 2743 1301 2777 Igitur
1317 2750 1348 2769 ex
1376 2741 1476 2768 Menwo
1505 2742 1646 2774 discimus,
1669 2743 1774 2777 tertiam
1803 2739 1876 2766 illam

1095 2776 1208 2812 Philippi
1233 2775 1328 2808 iiliani.
1354 2777 1387 2803 de
1416 2785 1466 2810 qua
1495 2778 1538 2803 llic
1570 2777 1689 2812 loquitur
1712 2775 1875 2809 Polycrates,

1097 2811 1268 2839 Hermionent
1285 2812 1445 2847 appellatam
1462 2812 1568 2848 fuisse.
1585 2811 1692 2839 Etenim
1720 2812 1876 2848 Polycrates

1097 2855 1154 2873 cum
1175 2848 1272 2881 Lphcsi
1299 2848 1432 2881 sepultam
1461 2855 1520 2881 esse
1545 2847 1621 2880 dicit,
1645 2856 1705 2875 cum
1738 2847 1797 2874 dua:
1820 2847 1878 2878 ejus

1097 2879 1204 2909 sorores
1224 2879 1337 2917 sepultze
1353 2887 1443 2909 essent
1458 2879 1605 2917 llicrapoli.
