1993 3164
142 156 189 184 281

631 157 805 186 [llSTORI/E
826 159 1103 188 ECCLESlASTlCE
1123 161 1185 188 LIB.
1208 162 1250 189 Ill.

1698 165 1752 191 282

139 212 218 239 τῶνδε
231 212 373 248 τελευτῆς.
388 213 443 240 Καὶ
460 214 488 241 ὲν
500 214 539 249 τῷ
555 215 635 242 Γαΐου
648 215 686 248 δὲ,
703 213 733 244 οὗ
751 217 841 253 μικρῷ
858 218 910 254 πρό

975 219 1086 246 Proelus
1101 220 1229 247 adversus
1245 226 1325 253 quem
1343 220 1464 248 instituta
1484 224 1525 248 est
1543 221 1700 256 disputatio.
1718 223 1751 252 de

138 259 198 286 σθεν
204 259 328 295 ἐμνήσθη
334 269 393 296 μεν,
403 262 544 296 Διαλόγῳ,
551 262 682 297 Πρόκλος,
690 264 758 299 πρὸς
766 264 795 290 ὃν
805 265 921 291 ἐποιεῖτο

137 306 185 341 τὴν
199 306 324 342 ζήτησιν,
340 306 403 342 περὶ
424 307 472 342 τῆς
485 307 615 334 Φιλίππου
632 309 678 335 καὶ
697 309 751 336 τῶν
766 310 920 346 θυγατέρων

136 352 218 379 αὐτοῦ
233 353 361 388 τελευτῆς
374 353 492 389 συνᾴδων
504 355 560 386 τοῖς
571 355 730 387 ἐκτεθεῖσιν,
740 356 810 382 οὕτω
819 357 899 392 φησίν
911 366 917 372 ·

139 406 148 422 Ι
173 397 250 424 Μετὰ
268 397 348 424 τοῦτο
366 398 394 424 δὲ
414 399 577 435 προφήτιδες
599 399 729 436 τέσσαρες
746 401 774 427 αἱ
786 402 918 429 Φιλίππου

133 443 296 478 γεγένηνται
321 444 350 471 ἐν
378 444 526 480 Ἱεραπόλει
549 447 581 481 τῇ
609 446 679 473 κατὰ
702 447 750 482 τὴν
778 448 883 474 Ἀσίαν·
905 449 919 475 ό

133 489 219 523 τάφος
239 489 330 516 αὐτῶν
346 490 419 517 ἐστιν
437 492 504 523 ἐκεῖ,
525 492 572 518 καὶ
590 494 603 519 ὁ
619 492 664 519 τοῦ
677 493 778 528 πατρὸς
789 494 888 521 αὐτῶν.
907 504 916 520 ι

132 535 227 563 Ταῦτα
243 535 292 571 μὲν
307 533 393 569 οὗτος.
417 537 446 563 '0
461 537 489 563 δὲ
504 538 609 570 Λουκᾶς
624 539 652 565 ὲν
665 540 723 571 ταῖς
735 539 853 574 Πράξεσι
864 540 918 566 τῶν

130 581 300 614 ὁποστόλων,
319 582 374 610 τῶν
393 583 525 611 Φιλίππου
544 585 700 621 θυγατέρων
723 587 750 612 ἐν
765 587 917 622 Καισαρείᾳ

129 628 181 663 τῆς
204 628 333 661 Ἰουδαίας
345 629 404 664 ἅμα
413 629 451 664 τῷ
466 631 550 666 πατρὶ
565 631 625 657 τότε
636 631 839 667 διατριϐουσῶν,
851 641 916 668 προ-

128 673 248 709 φητικοῦ
259 683 289 701 τε
308 675 477 710 χαρίσματος
488 676 656 711 ἠξιωμένων,
672 677 834 712 μνημονεύει
847 678 917 705 κατὰ

127 719 205 753 λέξιν
222 718 273 746 ὧδέ
289 729 347 752 πως
363 721 464 755 λέγων·
492 731 501 746 ι
526 721 662 758 ἿΙλθομεν
677 724 717 754 εἰς
738 723 914 759 Καισάρειαν,

126 763 178 790 καὶ
195 764 362 796 εἰσελθόντες
376 766 416 797 εἰς
431 766 475 792 τὸν
494 763 567 793 οἷκον
583 766 715 794 Φιλίππου
737 768 783 795 τοῦ
803 769 916 803 εὐαγγε-

125 809 221 836 λιστοῦ
245 811 322 843 ὄντος
345 812 378 838 ὲκ
397 811 450 838 τῶν
475 812 555 844 ἑπτὰ,
578 814 724 849 ἐμείναμεν
745 817 808 852 παρ’
829 816 912 851 αὐτῷ.

125 855 224 892 Τούτῳ
246 857 275 883 δὲ
297 855 366 893 ἦσαν
388 858 517 894 παρθένοι
533 859 680 895 θυγατέρες
702 862 832 897 τέσσαρες
849 871 914 897 προ-

125 902 306 937 φητεύουσαι.
334 913 343 930 ›
370 904 410 930 Τὰ
432 905 480 940 μὲν
504 903 550 931 οὖν
576 906 616 937 είς
642 907 777 943 ἡμετέραν
804 907 913 934 ἐλθόντα

124 947 230 981 γνῶσιν
247 948 311 983 περί
327 957 355 975 τε
372 949 426 975 τῶν
445 949 600 976 ἀποστόλων
620 950 676 987 (55)
702 951 748 978 καὶ
775 952 828 978 τῶν
848 953 914 980 ἀπο-

125 993 261 1020 στολικῶν
277 994 390 1030 χρόνων,
408 991 445 1022 ὧν
458 1004 487 1022 τε
501 996 727 1024 καταλελοίπασιν
751 998 815 1032 ἡμῖν
833 998 913 1033 ιερῶν

123 1039 309 1074 γραμμάτων,
322 1040 369 1066 καὶ
385 1040 440 1067 τῶν
456 1041 668 1077 ἀντιλεγομένων
689 1042 748 1077 μὲν,
764 1043 838 1078 ὅμως
850 1043 872 1069 δ’
884 1045 912 1070 ὲν

123 1084 268 1117 πλείσταις
281 1085 426 1121 Ἐκκλησία
431 1096 453 1118 ις
459 1096 496 1114 πα
500 1087 537 1124 ρὰ
542 1088 647 1120 πολλοῖς
653 1087 713 1124 δεδη
718 1097 810 1123 μοσιευ
814 1089 911 1124 μένων,

121 1131 181 1158 τῶν
201 1140 232 1158 τε
255 1132 395 1164 παντελῶς
411 1133 495 1160 νόθων
509 1135 556 1161 καὶ
571 1135 621 1170 τῆς
642 1135 822 1171 ἁποστολικῆς
836 1135 913 1171 ὀρθο-

121 1177 216 1211 δοξίας
229 1177 376 1214 ἀλλοτρίων
390 1180 418 1205 ἐν
430 1180 535 1213 τούτοις
545 1181 720 1216 διειληφότες,
737 1182 782 1208 ἐπὶ
795 1182 844 1217 τὴν
859 1181 912 1208 τῶν

121 1224 189 1259 ἑξῆς
207 1225 347 1260 προῖωμεν
362 1226 494 1261 ἱστορίαν.

377 1272 574 1299 ΚΕΦΑΛΛΙΟΝ
593 1273 654 1300 ΛΒ¹.

121 1316 227 1350 Ὅπως
243 1318 365 1356 Συμεὼν
377 1320 394 1345 ὀ
417 1319 632 1356 Ἰεροσολύμων
646 1321 811 1354 ἐπίσκοπος
823 1321 911 1356 ἐμαρ-

290 1354 422 1388 τύρησεν
441 1354 511 1391 (Nic.
524 1354 610 1382 IL'E.
628 1363 668 1386 ut,
687 1356 742 1391 16).

156 1398 237 1426 Μετὰ
251 1399 365 1436 Νέρωνα.
379 1399 426 1427 καὶ
445 1401 618 1436 Δομετιανὸν,
632 1401 702 1428 κατὰ
713 1400 806 1428 τοῦτον
819 1398 849 1428 οὗ
864 1401 911 1428 νῦν

119 1441 186 1477 τοῦς
205 1446 317 1482 χρόνους
335 1447 508 1483 ἐξετάζομεν,
533 1449 652 1483 μερικῶς
667 1449 713 1475 καὶ
730 1449 801 1477 κατὰ
822 1449 912 1481 πόλεις

121 1490 153 1522 ἐξ
166 1491 378 1525 ἐπαναστάσεως
392 1493 496 1528 δήμων,
513 1494 557 1520 τὸν
569 1494 630 1520 καθ’
647 1496 662 1530 ὴ
668 1494 726 1530 μῶν
741 1495 851 1531 κατέχει
868 1495 911 1523 λό-

118 1545 171 1571 γος
189 1537 385 1574 ἀνακινηθῆναι
401 1539 529 1575 διωγμόν.
549 1540 592 1567 Ἐν
610 1537 631 1574 ᾦ
651 1541 781 1576 Συμεῶνα
803 1541 847 1569 τὸν
863 1542 910 1569 τοῦ

119 1583 238 1616 Κλωπᾶ,
257 1584 286 1611 ὂν
310 1584 434 1621 δεύτερον
451 1586 619 1621 καταστῆναι
641 1587 690 1622 τῆς
707 1588 736 1613 ὲν
765 1587 910 1623 Ἰεροσολύ-

121 1638 184 1664 μοις
212 1630 374 1666 Ἑκκλησίας
394 1631 541 1659 ἐπίσκοπον
566 1632 748 1668 ἐδηλώσαμεν,
769 1634 908 1669 μαρτυρίῳ

117 1675 168 1702 τὸν
181 1675 238 1711 βίον
249 1676 381 1704 ἀναλῦσαι
395 1678 611 1714 παρειλήφαμεν.
625 1679 680 1706 Καὶ
696 1680 789 1706 τούτου
805 1681 908 1716 μάρτυς

119 1722 203 1754 αὐτὸς
217 1723 331 1755 ἐκεῖνος,
355 1720 385 1751 οὗ
409 1724 546 1760 διαφόροις
568 1725 616 1760 ἤδη
639 1726 769 1762 πρότερον
790 1727 908 1762 ἐχρησά-

121 1767 193 1802 μεθα
210 1770 324 1802 φωναῖς,
346 1769 515 1805 Ἡγήσιππος
526 1779 532 1785 '
548 1771 576 1802 ὃς
594 1771 625 1807 δὴ
642 1773 705 1808 περί
718 1782 796 1800 τινων
807 1774 908 1809 αἱρετι-

120 1813 178 1840 κῶν
192 1814 316 1850 ἱστορῶν,
326 1815 450 1850 ἐπιφέρει
460 1816 556 1851 δηλῶν,
566 1817 603 1848 ὡς
610 1818 663 1852 ἄρα
672 1818 723 1845 ὑπὸ
730 1818 831 1845 τούτων
839 1819 908 1846 κατὰ

119 1859 196 1886 τόνδε
209 1860 256 1886 τὸν
269 1860 363 1897 χρόνον
376 1862 524 1896 ὑπομείνας
537 1863 714 1898 κατηγορίαν,
729 1865 905 1899 πολυτρόπως

119 1907 134 1932 ὁ
148 1905 321 1942 δηλούμενος,
339 1906 412 1934 ὠσὰν
433 1908 595 1943 Χριστιανὸς
623 1909 670 1935 ἐπὶ
684 1910 823 1942 πλείσταις
834 1912 907 1937 αἰκι-

121 1950 197 1982 σθεὶς
217 1952 343 1987 ἡμέραις,
360 1953 439 1979 αὐτόν
454 1962 483 1979 τε
497 1954 542 1980 τὸν
559 1954 688 1990 δικαστὴν
700 1955 747 1982 καὶ
761 1957 823 1987 τοὺς
837 1957 905 1991 ἀμφ’

119 1997 203 2024 αὐτὸν
219 1998 261 2029 εἰς
282 1997 316 2024 τὰ
335 1998 451 2033 μέγιστα
471 2000 657 2036 καταπλήξας.
679 2001 718 2036 τῷ
734 2001 781 2028 τοῦ
804 2003 907 2038 Κυρίου

120 2044 203 2071 πάθει
217 2044 407 2080 παραπλήσιον
421 2045 496 2077 τέλος
507 2045 689 2081 ἀπηνέγκατο.
709 2047 791 2073 Οὐδὲν
810 2047 837 2074 δὲ
852 2046 907 2075 οἷον

119 2089 168 2116 καὶ
183 2090 230 2116 τοῦ
244 2090 424 2125 συγγραφέως
434 2091 596 2124 ἐπακοῦσαι,
611 2092 679 2119 αὐτὰ
694 2092 725 2128 δὴ
735 2093 821 2120 ταῦτα
839 2095 907 2120 κατὰ

118 2135 191 2167 λέξιν
210 2132 260 2162 ὦδέ
276 2145 333 2167 πως
352 2137 535 2172 ἱστοροῦντος·
561 2147 570 2162 ι
603 2138 668 2164 Ἀπὸ
682 2139 783 2165 τούτων
805 2139 903 2175 δηλαδὴ

118 2180 174 2207 τῶν
198 2181 341 2216 αἱρετικῶν
377 2182 558 2218 κατηγοροῦσί
596 2192 666 2215 τινες
689 2185 830 2219 Συμεῶνος
856 2185 902 2212 τοῦ

931 895 950 922 ll

972 265 1088 301 Philippi
1104 266 1215 301 ejusque
1233 266 1349 293 ﬁliarum
1368 268 1453 300 exitu,
1478 268 1557 302 plane
1578 270 1750 297 consentiens

970 312 1076 342 eumfiis
1086 319 1146 346 quae
1154 313 1233 339 modo
1247 312 1394 344 retulimus,
1404 313 1442 340 sic
1454 314 1491 340 ait
1506 323 1513 341 ε
1530 324 1539 340 ι
1554 315 1675 347 Quatuor
1690 320 1749 350 post

971 357 1027 384 haec
1049 357 1163 392 Philippi
1186 358 1248 384 ﬁlia:
1275 358 1446 392 propltetides
1472 359 1581 387 fuerunt
1612 361 1747 396 llierapoli

970 403 1042 430 Asiae
1056 404 1180 435 civitate,
1194 405 1238 431 ltiti
1255 405 1336 432 etiam
1358 412 1452 432 earum
1474 411 1501 433 et
1528 408 1613 441 patris
1632 408 1747 444 Philippi

969 449 1121 484 sepulcrum
1134 450 1241 477 visitur.
1255 460 1264 476 ι
1284 451 1346 478 llaec
1359 451 1411 478 ille.
1428 451 1515 479 Lucas
1530 460 1594 479 vero
1605 453 1629 480 in
1638 454 1750 482 Actibus

969 495 1162 530 apostolorum,
1180 495 1294 531 Philippi
1313 496 1428 523 ﬁliarum
1451 498 1572 524 meminit
1584 519 1591 528 .
1607 507 1666 532 quae
1680 500 1749 527 dono

968 541 1115 576 prophetia:
1135 547 1248 574 ornata),
1277 544 1346 577 apud
1379 543 1528 571 Czesaream
1558 543 1657 571 Iudaea:
1687 550 1750 573 tttnc

969 589 1097 623 temporis
1115 597 1175 616 cum
1198 596 1274 624 patre
1297 590 1440 624 degebant.
1464 590 1627 622 «Venimus.
1652 592 1748 626 inquit,

967 635 1117 662 Ctesaream
1135 644 1142 662 :
1158 641 1184 662 et
1206 636 1320 670 ingressi
1335 636 1360 663 in
1381 637 1488 663 domum
1504 635 1622 671 Philippi
1633 644 1750 671 evange-

967 681 1046 715 lista,
1063 682 1108 716 qui
1126 686 1185 709 erat
1197 690 1266 709 uutts
1278 689 1293 709 e
1305 687 1418 716 septem,
1432 682 1579 710 mansimus
1592 684 1662 717 apud
1676 690 1748 711 eum.

968 729 1034 756 llnic
1050 734 1141 756 autem
1158 733 1235 756 erant
1245 734 1361 763 quatuor
1375 729 1435 755 ﬁlia:
1453 729 1570 764 virgines
1585 729 1750 764 prophetau-

967 780 1017 801 tes.
1032 784 1041 799 ι
1063 774 1199 808 Expositis
1212 774 1294 810 igitur
1309 775 1438 801 hactenus
1452 783 1618 809 quwcunque
1629 775 1662 801 ad
1679 775 1750 802 noti-

967 820 1030 847 tiam
1051 824 1170 847 nostram
1184 825 1385 854 pervenerunt.
1410 825 1466 847 tum
1481 821 1513 847 de
1531 820 1661 855 apostolis
1683 821 1749 855 ipsis

965 870 992 892 et
1017 867 1051 893 de
1065 870 1186 900 tempore
1205 866 1294 893 obitus
1310 866 1497 900 singulorum,
1520 871 1575 893 tum
1604 866 1638 893 de
1662 867 1749 893 sacris

966 912 1149 939 vola-minibus
1168 919 1228 946 qtne
1242 912 1319 939 nobis
1333 912 1500 946 reliquerunt
1519 921 1526 938 :
1544 913 1577 939 ad
1599 915 1656 939 haec
1670 913 1702 940 de
1715 913 1748 939 iis

965 958 1039 985 ltbris
1055 958 1099 992 qui
1115 958 1140 984 in
1154 958 1262 985 dubium
1275 959 1384 992 quidem
1398 962 1570 991 revocantur,
1586 959 1610 985 in
1624 959 1747 992 plurimis

965 1009 1053 1031 tamen
1073 1003 1200 1031 Ecelcsiis
1217 1003 1307 1038 palam
1323 1003 1451 1038 leguntur
1468 1014 1473 1030 :
1490 1009 1626 1038 postremo
1641 1004 1674 1032 de
1691 1004 1744 1030 illis

963 1050 1008 1084 qui
1026 1049 1108 1084 plane
1128 1049 1212 1084 spurii
1228 1054 1310 1082 sunt,
1332 1055 1360 1077 et
1377 1058 1391 1076 a
1406 1055 1479 1077 recta
1497 1049 1550 1077 ﬁde
1569 1050 1746 1084 doctrinaque

963 1093 1146 1127 apostolorttm
1179 1093 1271 1126 alieni,
1298 1101 1369 1121 nunc
1399 1095 1431 1122 ad
1455 1095 1624 1129 sequentium
1656 1103 1746 1122 rerttm

963 1140 1148 1167 narrationem
1164 1141 1382 1175 progrediamur.

1236 1271 1348 1301 CAPUT
1366 1272 1474 1299 XXXII.

964 1317 1100 1351 Quomodo
1121 1317 1234 1354 Symeon
1257 1318 1503 1352 Hierosolymorum
1518 1318 1651 1352 cpiscopus
1674 1327 1746 1345 mar-

1250 1354 1348 1389 tyrium
1362 1354 1452 1381 subiit.

996 1397 1062 1426 Post
1076 1398 1192 1426 Neronis
1219 1407 1252 1427 ac
1278 1399 1422 1426 Domitiani
1446 1399 1673 1433 persecutionem,
1695 1399 1746 1426 sub

961 1445 1014 1472 hoc
1036 1445 1113 1481 cujus
1124 1453 1195 1472 nunc
1213 1449 1332 1480 tempora
1351 1452 1598 1473 commemoramus
1616 1443 1745 1479 Traiano,

961 1491 1153 1525 particularem
1169 1492 1312 1526 quamdam
1327 1499 1375 1526 per
1389 1491 1510 1525 singulas
1524 1491 1649 1518 civitates
1660 1498 1745 1525 popu-

962 1538 1011 1565 lari
1029 1544 1102 1566 motu
1120 1539 1252 1566 adversus
1273 1543 1380 1565 nostros
1401 1538 1545 1565 excitatam
1570 1544 1630 1564 esse
1652 1543 1744 1572 perse-

961 1585 1095 1612 cutionem
1106 1585 1269 1620 accepimus.
1282 1584 1309 1611 ln
1328 1592 1380 1619 qua
1403 1585 1520 1619 Fymeon
1542 1583 1648 1617 Cleopat
1662 1582 1741 1616 ﬁlius,

958 1639 1036 1666 quem
1044 1632 1189 1659 secundum
1202 1631 1327 1659 Ecclesia:
1336 1631 1584 1666 llierosolymitanze
1590 1629 1744 1664 episcopum

958 1678 1133 1705 constitutum
1148 1685 1207 1705 esse
1223 1677 1373 1707 docuimus,
1390 1676 1519 1711 martyrio
1542 1676 1623 1702 vitam
1644 1674 1744 1702 ﬁniisse

958 1728 1134 1750 memoratur.
1154 1721 1237 1757 Hujus
1252 1722 1290 1749 rei
1309 1722 1385 1749 testis
1402 1725 1445 1748 est
1465 1722 1486 1747 is
1504 1721 1581 1754 cujus
1593 1720 1742 1754 verbajam

958 1770 1036 1797 toties
1050 1769 1203 1802 retulimus,
1225 1767 1400 1803 llegesippus.
1417 1767 1466 1800 Qui
1481 1767 1514 1793 de
1529 1766 1664 1793 hmreticis
1684 1766 1745 1800 qui-

957 1816 1069 1843 busdam
1089 1815 1172 1841 verba
1191 1814 1301 1843 faciens.
1314 1814 1348 1840 ab
1359 1814 1451 1840 iisdem
1465 1813 1536 1840 circa
1551 1813 1607 1839 haec
1621 1817 1742 1846 tempora

958 1865 1115 1887 accusatum
1145 1859 1283 1893 subiungit
1306 1866 1366 1885 esse
1394 1857 1577 1892 Symeonem,
1607 1857 1744 1890 variisque

959 1911 1150 1933 tormentorum
1166 1905 1307 1939 generibus
1321 1911 1368 1938 per
1381 1903 1437 1930 dies
1458 1903 1586 1937 plurimos
1601 1902 1743 1929 excrucia-

959 1957 1026 1984 tutu,
1041 1959 1073 1979 eo
1093 1950 1164 1986 quod
1181 1950 1350 1977 Christianus
1368 1953 1448 1980 esset,
1472 1947 1644 1974 admirationi
1660 1946 1743 1974 fuisse

959 2001 1014 2024 tum
1031 1996 1128 2031 judici,
1150 2001 1204 2022 tum
1221 1994 1383 2021 satellitibus
1405 2002 1435 2020 ac
1454 1993 1604 2020 ministris:
1621 1993 1743 2020 tandem-

959 2051 1011 2077 que
1025 2043 1118 2070 eodem
1137 2040 1260 2076 supplicii
1274 2048 1373 2074 genere
1385 2039 1455 2073 quod
1479 2038 1608 2065 Dominus
1618 2037 1741 2072 pertulit,

959 2090 1041 2116 vitam
1059 2089 1138 2124 104
1149 2087 1289 2115 clausisse.
1315 2086 1368 2113 Sed
1392 2085 1476 2112 satius
1497 2089 1539 2112 est
1554 2083 1635 2111 verba
1660 2083 1743 2118 ipsius

961 2135 1100 2170 scriptoris
1116 2136 1172 2161 ltree
1188 2132 1323 2160 narrantis
1333 2131 1437 2157 audire.
1451 2140 1460 2156 ‹
1476 2130 1514 2156 Ex
1530 2137 1633 2161 eorutn,
1645 2129 1743 2163 inquit,

962 2182 1148 2210 haereticorum
1170 2187 1303 2211 ttttmero,
1326 2178 1435 2213 quidam
1461 2177 1621 2212 Symeonem
1638 2175 1744 2210 Cleopaa

118 2227 225 2252 Κλωπᾶ
245 2226 311 2262 (54),
332 2227 369 2258 ὡς
388 2227 463 2258 ὄντος
483 2228 536 2254 ἀπὸ
560 2229 642 2255 Δαϐὶδ
663 2231 709 2257 καὶ
733 2230 905 2266 Χριστιανοῦ.

962 2229 1043 2256 ﬁlium
1059 2227 1221 2258 detulerunt,
1239 2224 1308 2260 quod
1327 2231 1359 2251 ex
1377 2224 1462 2257 stirpe
1475 2223 1585 2249 Davidis
1600 2222 1742 2253 oriundus,

119 2274 175 2299 Καὶ
197 2273 268 2302 οὓτω
293 2275 426 2309 μαρτυρεί
454 2274 522 2300 ἐτῶν
546 2274 583 2301 ὢν
606 2276 702 2302 ἑκατὸν
729 2277 840 2308 εἴκοσιν,
862 2279 907 2304 ἐπὶ

119 2319 256 2354 Τραῖιινοῦ
279 2320 417 2356 Καίσαρος
437 2322 484 2348 καὶ
504 2322 636 2349 ὑπατικοῦ
663 2323 785 2350 Ἀττικοῦ
803 2324 869 2358 (55).
895 2334 904 2348 ι

155 2434 212 2469 (55)
231 2436 303 2469 Περί
317 2443 348 2461 τε
359 2435 418 2462 τῶν
431 2436 622 2462 ἀποστόλων.
637 2434 664 2461 ln
677 2439 794 2469 quatuor
808 2435 908 2461 nostris

119 2470 208 2497 codic.
226 2470 283 2496 Maz
299 2490 306 2502 ,
322 2471 378 2497 Med
395 2490 403 2503 ,
415 2470 482 2497 Fuk.
509 2475 536 2497 et
562 2469 699 2496 Saviliano
722 2471 851 2504 scriptum
867 2470 908 2496 in-

119 2505 181 2531 veni
197 2505 261 2539 περί
275 2514 304 2531 τε
319 2505 373 2531 τῶν
388 2505 543 2532 ἀποστόλων
559 2505 657 2532 αὐτῶν.

156 2539 212 2574 (54)
235 2540 389 2574 Συμεῶνος
405 2541 458 2567 τοῦ
473 2539 593 2568 Κλωπᾶ.
612 2540 639 2567 ln
658 2539 749 2566 codice
767 2539 850 2572 Regio
871 2539 907 2566 le-

119 2575 192 2607 gitur
212 2575 350 2610 Σίμωνος,
375 2581 403 2602 ιιι
425 2576 527 2602 notavit
547 2577 628 2602 etiam
648 2574 903 2610 Robastephanus.

121 2609 302 2645 llieronyinus
323 2612 348 2637 itt
364 2611 505 2643 Chronico,
522 2611 600 2644 hujus
616 2609 733 2644 episcopi
751 2609 905 2645 llicrosoly<

120 2645 214 2671 tnitani
226 2644 330 2672 nomen
345 2646 442 2680 duplici
464 2646 543 2672 modo
557 2646 638 2673 scribi
655 2649 778 2680 testatur,
797 2644 906 2679 Symae-

120 2688 178 2706 nem
193 2680 298 2708 scilicet
312 2685 339 2707 et
360 2679 502 2708 Simonem.
518 2681 589 2708 Idem
606 2681 684 2707 habet
697 2679 828 2715 Georgius
840 2680 906 2714 Syn-

122 2715 216 2744 cellns.
231 2720 257 2741 et
273 2721 371 2742 auctor
387 2716 511 2742 Clu-ortivi
525 2715 711 2742 Alexandrini.

154 2749 210 2785 (55)
231 2751 285 2777 Καὶ
299 2751 444 2777 ὑπατικοῦ
467 2751 603 2777 Ἀττικοῦ.
626 2751 651 2778 ΙιΙ
667 2755 709 2777 est
721 2757 781 2776 cum
803 2749 907 2777 Atticus

122 2791 190 2811 esset
217 2785 321 2819 legatus
349 2785 443 2820 Syria).
471 2787 601 2813 Solebant
622 2785 694 2812 enim
721 2785 782 2820 Syri
808 2785 903 2811 horum

122 2820 262 2854 pratsidum
289 2821 401 2847 nomine
425 2828 510 2847 annos
534 2821 687 2854 designare,
703 2825 733 2846 ut.
749 2824 853 2846 constat
872 2827 903 2847 cx

121 2853 228 2889 Josephi
242 2855 462 2890 Antiquitatibus.
476 2856 526 2882 Sed
538 2861 564 2882 et
580 2853 605 2882 in
619 2855 730 2889 reliquis
743 2855 902 2889 provinciis,

123 2896 254 2917 rectorum
277 2891 385 2917 nomine
400 2895 519 2922 tempora
540 2891 672 2924 designari
696 2894 902 2918 consueverant.

960 2281 987 2302 et
1002 2273 1173 2302 Christianus
1187 2276 1268 2298 esset.
1281 2270 1369 2304 Atque
1386 2270 1423 2297 ita
1439 2270 1554 2305 Symeon
1573 2276 1635 2295 eutn
1657 2275 1744 2294 annos

961 2326 1067 2350 centum
1097 2327 1128 2347 ac
1153 2317 1247 2353 viginti
1263 2321 1343 2344 natus
1359 2322 1442 2348 esset,
1466 2315 1624 2350 martyrium
1649 2313 1743 2346 subiit,

957 2434 1041 2461 Porro
1054 2441 1085 2460 ex
1104 2432 1199 2467 legatis
1216 2431 1332 2459 Caesaris
1351 2430 1398 2467 alii
1416 2434 1494 2467 erant
1510 2427 1679 2467 eopsulares,
1697 2427 1740 2454 alii

957 2470 1084 2503 prtetorii.
1101 2463 1233 2501 Quocirca
1249 2467 1355 2503 Atticus
1373 2466 1415 2492 hic
1437 2463 1740 2503 ὑπατριόςιιῃνβιευιιιιιι*ἵ

957 2499 985 2531 ut
1001 2511 1061 2530 eum
1079 2499 1248 2530 consularem
1274 2501 1358 2527 fuisse
1374 2504 1490 2526 constet.
1512 2500 1548 2525 Ex
1572 2499 1614 2524 his
1632 2501 1743 2531 apparet

958 2539 1025 2566 male
1047 2539 1174 2565 Ruﬁnum
1198 2536 1314 2563 vertisse
1336 2545 1342 2562 :
1362 2535 1467 2568 Mai-lyr
1492 2534 1598 2567 effectus
1622 2538 1659 2568 est
1684 2540 1742 2558 cum

956 2579 1021 2600 esset
1031 2581 1158 2600 annorum
1169 2576 1272 2598 centum
1281 2575 1305 2597 et
1315 2570 1406 2604 viginti
1414 2589 1422 2602 ,
1435 2567 1483 2596 sub
1501 2568 1616 2604 Trojano
1626 2567 1741 2604 Ctesltre,

956 2610 1027 2642 apud
1041 2609 1156 2634 Atticum
1166 2605 1351 2642 consularem.
1361 2604 1463 2642 Graeca
1472 2603 1616 2642 llfgesippi
1637 2603 1677 2642 sic
1686 2603 1743 2642 Ilia-

956 2636 1017 2670 hent
1032 2651 1038 2669 ε
1062 2643 1144 2669 Ἐτῶν
1157 2640 1193 2667 ὢν
1212 2640 1307 2666 ἑκατὸν
1325 2640 1409 2666 εἴκοσι
1423 2640 1469 2665 ἐπὶ
1483 2636 1617 2673 Τραϊανοῦ
1638 2636 1745 2674 Καίσαῖ

958 2687 1013 2715 ρος,
1026 2679 1072 2704 καὶ
1089 2675 1219 2715 ὑπατικοῦ
1237 2674 1368 2715 Ἀττικοῦέ
1385 2674 1436 2701 Sed
1453 2675 1538 2715 pri-tuo
1552 2673 1742 2715 quidem-prae;

958 2708 1057 2748 positio
1082 2713 1125 2740 illa
1141 2712 1186 2737 ἐπί
1204 2719 1257 2748 n_on
1279 2710 1415 2743 signiﬁcat
1429 2710 1518 2748 apud,
1531 2716 1630 2748 verunt
1642 2708 1667 2734 id
1685 2712 1742 2733 tau-

960 2743 1015 2776 iunt
1045 2749 1184 2782 designat,
1210 2746 1370 2782 Simeonem
1386 2779 1390 2782 _
1408 2744 1547 2782 martyrio
1568 2743 1739 2782 perfupetnm

916 2782 920 2789 ’
959 2785 1040 2811 fuisse
1055 2778 1206 2818 priticipatu
1229 2778 1358 2818 Trajani._
1380 2779 1478 2818 Attieo_
1488 2779 1601 2818 Syriant
1621 2778 1737 2818 admini-

958 2813 1071 2846 strante.
1097 2813 1197 2845 Deinde
1213 2824 1264 2842 vox
1281 2813 1325 2842 illa
1348 2814 1480 2841 ὑπατικοῦ
1504 2813 1556 2840 non
1580 2813 1740 2848 simpliciter

957 2854 1126 2880 consularem
1142 2853 1268 2884 denotat,
1292 2851 1338 2878 sed
1366 2851 1483 2887 legatum
1508 2849 1687 2887 consularem,
1711 2851 1739 2887 ut

957 2889 1021 2916 dixi.
1050 2888 1131 2915 Erant
1157 2887 1265 2923 quidem
1292 2891 1370 2913 actate
1397 2885 1484 2912 Ruﬁni
1512 2884 1667 2912 consulares
1692 2884 1738 2916 qui
