1993 3164
219 152 272 180 287

575 150 710 179 EUSEBII
729 150 968 179 CESARIENSIS
986 151 1061 180 ΟΡΡ.
1080 151 1170 180 PARS
1190 151 1208 178 l.
1229 167 1264 171 —
1284 151 1477 178 HlSTORlCA.

1783 151 1835 179 288

219 211 367 246 supradicti
380 210 550 246 imperatoris
568 211 650 238 tertio
663 210 729 238 abiit
753 217 767 238 ο
785 210 851 243 vita,
872 211 1001 238 Evarasto

1055 211 1249 247 προειρημένου
1275 211 1405 246 βασιλέως
1428 209 1526 245 ἀρχῆς,
1551 209 1666 245 Κλήμης
1688 209 1836 245 Εὐαρέστῳ

220 258 400 285 sacerdotium
427 256 597 290 relinquens,
621 264 682 283 cum
697 264 792 284 novem
821 261 892 284 totos
916 264 1004 284 annos

220 303 442 339 praedicationem
456 302 530 330 verbi
552 303 634 330 divini
649 307 832 337 procurasset.

495 393 609 421 CAPUT
633 393 739 421 XXXV.

222 438 298 471 Quod
329 439 422 466 tertius
459 437 705 499 Hierosqllymorum
741 438 866 466 Ecclesia:
897 438 1003 473 prwfuit

586 479 658 499 ustus

586 479 658 500 ustus

257 518 392 554 Symeone
410 526 517 553 quoque
529 519 562 546 ad
584 520 656 546 hunc
671 527 751 553 quem
764 519 881 546 diximus
896 519 1003 546 modum

221 565 275 591 vita
288 564 426 597 defuncto,
452 564 691 601 llicrosolymitani
716 566 886 600 episcopatus
913 565 1002 592 sedem

221 609 315 637 Justus
334 610 442 645 quidam
459 609 567 638 Judazus
590 610 718 645 capessit.
750 611 854 645 Quippe
879 619 911 638 ea
939 615 1004 637 tem-

222 658 326 689 pestate
338 654 552 682 innumerabiles
566 662 598 682 ex
613 654 818 682 circumcisione
843 654 875 682 ad
903 654 1002 681 Christi

223 701 302 727 ﬁdem
318 701 493 729 transierant.

483 745 596 774 CAPUT
617 745 735 773 XXXVI.

399 792 437 819 De
455 792 561 827 Ignatia
580 797 605 819 et
624 785 681 827 ejus
700 792 827 828 epistolis.

259 869 355 898 Iisdem
370 870 535 906 temporibus
557 869 669 898 ﬂorebat
696 871 722 897 in
749 870 811 898 Asia
839 870 1003 905 Polycarpus

224 915 406 949 apostolorum
423 916 587 950 discipulus,
603 917 648 950 qui
670 924 683 941 ιι
700 915 878 942 familiaribus
897 922 929 941 ac
955 915 1005 941 mi-

224 961 321 989 nistris
337 961 455 993 Domini,
476 961 650 997 Smyrnensis
669 961 797 988 Ecclesia:
820 961 1003 996 episcopatum

224 1012 377 1042 acceperat.
400 1007 499 1043 Papias
517 1015 639 1042 quoque,
670 1007 887 1041 Hierapolitanus
898 1007 1003 1042 episco-

223 1062 285 1090 pus,
301 1055 394 1081 eadem
411 1058 491 1081 astate
508 1053 624 1082 celebris
636 1053 695 1088 fuit,
711 1054 752 1080 vir
771 1053 903 1088 imprimis
916 1053 1004 1091 diser-

224 1105 267 1127 tus
281 1105 307 1127 et
318 1100 450 1133 eruditus,
474 1108 507 1127 ac
529 1100 732 1135 Scripturarum
750 1100 862 1134 peritus.
883 1092 1004 1134 lghatius

223 1153 352 1182 praeterea
366 1147 513 1174 multorum
525 1146 695 1173 sermonibus
714 1151 805 1173 nostra
823 1145 904 1173 etiam
925 1150 1004 1173 aetate

223 1193 387 1226 celebratus.
410 1192 545 1220 secundus
567 1197 627 1226 post
650 1192 760 1219 Petrum
792 1191 1002 1218 Antiochensem

223 1238 372 1266 Ecclesiam
387 1239 499 1266 sortitus
517 1243 568 1266 est.
584 1238 632 1265 llic
644 1239 678 1265 ob
691 1237 769 1265 ﬁdem
782 1237 881 1265 Christi
895 1244 910 1264 e
926 1235 1003 1272 Syria

224 1287 257 1314 ad
271 1288 366 1315 urbem
384 1287 497 1315 Romam
512 1286 670 1322 perductus,
691 1286 786 1314 bestiis
806 1285 929 1320 objectus
944 1291 1003 1311 esse

223 1332 333 1361 dicitur.
347 1333 380 1360 Et
394 1341 454 1360 cum
470 1341 518 1367 per
529 1332 624 1360 Asiam
641 1332 691 1359 sub
707 1331 909 1359 accuratissima
924 1330 1004 1358 satel-

223 1377 300 1406 litum
316 1379 438 1406 custodia
456 1379 622 1411 ductaretur,
641 1377 808 1413 singularum
828 1377 1003 1404 nihilominus

223 1425 364 1451 civitatum
382 1432 451 1460 quas
468 1424 666 1459 ingrederetur.
682 1423 818 1451 Ecclesias
834 1422 1003 1450 sermonibus

223 1475 251 1498 et
268 1470 502 1498 cohortationibus
514 1470 570 1497 suis
580 1470 754 1503 conﬁrmans,
769 1469 894 1497 monebat
910 1469 1003 1504 impri-

224 1517 276 1543 mis
291 1523 319 1543 ut
336 1516 388 1543 sibi
405 1523 419 1542 a
436 1515 527 1551 pravis
551 1515 740 1543 hareticorum
757 1515 929 1550 opinionibus
955 1522 1002 1543 ca-

1053 257 1189 291 παραδοὺς
1199 257 1248 293 τὴν
1258 256 1434 292 λειτουργίαν,
1450 255 1558 282 ἀναλύει
1572 256 1617 282 τὸν
1626 255 1691 290 βίον,
1703 255 1738 282 τὰ
1747 256 1836 283 πάντα

1053 302 1173 337 προστὰς
1202 302 1248 337 ἔτη
1284 302 1360 329 ἐννέα
1396 302 1444 336 τῆς
1471 300 1518 327 τοῦ
1549 300 1621 332 θείου
1656 301 1734 335 λόγου
1765 301 1838 328 διδα-

1055 348 1176 380 σκαλίας.

1302 394 1497 420 ΚΕΦΑΛΛΙΟΝ
1509 394 1570 421 AE’.

1059 439 1108 472 Ὠς
1127 439 1224 473 τρίτος
1243 438 1296 473 τῆς
1322 440 1536 474 Ἰεροσολύμων
1563 438 1696 473 Ἰοῦστος
1723 439 1835 474 ἡγεῖται

1308 474 1376 510 (Nic.
1391 474 1427 505 H,
1440 475 1473 501 Ε.
1487 483 1528 508 ιιι,
1541 474 1580 510 ‘2).

1088 519 1166 547 Ἀλλὰ
1181 521 1227 547 καὶ
1243 520 1288 546 τοῦ
1303 520 1442 556 Συμεῶνος
1459 521 1504 547 τὸν
1517 521 1669 556 δηλωθέντα
1682 520 1837 547 τελειωθέν-

1053 574 1097 597 τος
1113 566 1221 601 τρόπον,
1242 567 1290 602 τῆς
1310 567 1338 592 ὲν
1355 566 1546 602 Ἰεροσολύμοις
1560 567 1712 601 ἐπισκοπῆς
1722 566 1767 594 τὸν
1777 566 1837 601 0ρὰ

1053 620 1096 637 νον
1118 611 1241 642 Ἰουδαῖός
1256 620 1296 643 τις
1313 611 1397 646 ὖνομα
1411 610 1535 642 Ἰοῦστος,
1548 612 1651 647 μυρίων
1667 612 1734 638 ὅσων
1744 613 1775 638 ἐκ
1785 620 1836 637 πε-

1054 658 1166 693 ριτομῆς
1178 658 1216 688 είς
1225 658 1268 684 τὸν
1283 658 1398 693 Χριστὸν
1406 657 1556 692 τηνικαῦτα
1567 658 1782 685 πεπιστευκότων
1795 655 1836 689 εἷς

1053 703 1098 729 καὶ
1113 703 1192 734 αὐτὸς
1205 701 1251 734 ὢν,
1266 703 1424 738 διαδέχεται.

1280 749 1477 775 ΚΕΦΑΛΑΙΟΝ
1502 750 1571 783 Λς’.

1105 795 1172 828 Περὶ
1193 795 1336 828 Ἰγννατίου
1359 795 1407 821 καὶ
1427 794 1486 821 τῶν
1506 793 1672 821 ἐπιστολῶν
1692 793 1784 820 αὐτοῦ

1275 829 1345 865 (Nic.
1359 829 1393 856 11.
1410 828 1442 857 Ε.
1460 837 1501 862 ιιι,
1515 830 1573 864 29).

1019 891 1039 918 Β
1089 876 1222 912 Διέπρεπέ
1236 884 1267 910 γε
1281 876 1332 911 μὴν
1348 875 1417 902 κατὰ
1430 875 1539 907 τούτους
1552 875 1597 901 ἐπὶ
1614 875 1663 910 τῆς
1678 875 1768 906 Ἀσίας
1783 873 1837 901 τῶν

1054 921 1208 948 ἀποστόλων
1221 921 1350 957 ὁμιλητὴς
1363 921 1548 956 Πολύκαρπος,
1564 921 1612 955 τῆς
1626 920 1696 946 κατὰ
1712 920 1838 956 Σμύρναν

1061 967 1220 1003 Ἐκκλησίας
1240 968 1308 1003 πρὸς
1323 967 1376 994 τῶν
1390 967 1529 994 αὐτοπτῶν
1554 968 1600 994 καὶ
1624 967 1768 1003 ὑπηρετῶν
1790 963 1842 993 τοῦΔ

1054 1014 1155 1050 Κυρίου
1181 1014 1229 1050 τὴν
1262 1014 1413 1049 ἐπισκοπὴν
1444 1013 1692 1049 ἐγκεχειρισμένος.
1719 1013 1787 1040 Καθ’
1807 1012 1839 1040 ὃν

1053 1061 1212 1096 ὲγνωρίζετο
1229 1061 1335 1092 Παπίας
1356 1060 1406 1095 τῆς
1426 1061 1454 1087 ὲν
1472 1059 1618 1095 Ἱεραπᾶλει
1631 1059 1776 1094 παροικίας
1791 1058 1839 1086 καὶ

1053 1107 1133 1139 αὐτὸς
1147 1107 1303 1138 ἐπίσκοπος,
1320 1106 1400 1142 [ἀνὴρ
1414 1105 1449 1132 τὰ
1465 1106 1552 1133 πάντα
1565 1106 1605 1131 ὃτι
1616 1105 1730 1140 μάλιστα
1743 1103 1840 1138 λογιώ-

1053 1162 1132 1185 τατος
1144 1153 1190 1180 καὶ
1202 1153 1251 1188 τῆς
1267 1153 1375 1189 Γραφῆς
1392 1153 1508 1188 είδήμων
1523 1151 1623 1188 (64),]ὂ
1634 1160 1663 1177 τε
1675 1150 1749 1186 παρὰ
1761 1150 1839 1177 πλεί-

1054 1207 1127 1230 στοις
1142 1198 1224 1225 εἰσέτι
1234 1197 1281 1224 νῦν
1291 1197 1430 1232 διαϐόητος
1447 1197 1585 1231 Ἰγνάτιος,
1603 1197 1653 1231 τῆς
1663 1197 1721 1222 κατ’
1738 1195 1839 1222 Ἀντιό-

1053 1251 1128 1278 χειαν
1141 1242 1242 1278 Πέτρου
1254 1242 1377 1277 διαδοχῆς
1385 1242 1508 1278 δεύτερος
1524 1242 1572 1278 τὴν
1583 1242 1735 1276 ἐπισκοπὴν
1745 1241 1840 1276 κεκλη-

1054 1288 1183 1324 ρωμένος.
1213 1288 1297 1322 Λόγος
1317 1288 1339 1314 δ’
1354 1288 1410 1323 ἔχει
1428 1288 1522 1314 τοῦτον
1541 1288 1594 1314 ἀπὸ
1611 1287 1709 1323 Συρίας
1728 1286 1775 1313 ἐπὶ
1789 1286 1838 1322 τὴν

1059 1333 1199 1369 Ῥωμαίων
1216 1333 1292 1360 πόλιν
1306 1333 1528 1369 ἀναπεμφθέντα,
1545 1333 1646 1368 θηρίων
1660 1332 1785 1368 γενέσθαι
1799 1331 1839 1367 βο-

1053 1379 1103 1415 ρὰν
1113 1380 1162 1415 τῆς
1174 1380 1213 1411 εἰς
1224 1379 1340 1415 Χριστὸν
1352 1379 1504 1415 μαρτυρίας
1516 1380 1607 1406 ἕνεκεν
1617 1388 1623 1394 ι
1640 1379 1686 1405 καὶ
1700 1379 1731 1413 δὴ
1746 1377 1794 1413 τὴν
1805 1378 1839 1404 δι’

1059 1426 1150 1458 Ἀσίας
1167 1426 1221 1462 (65)
1235 1426 1398 1461 ἀνακομιδὴν
1413 1426 1469 1461 μετ’
1487 1425 1701 1461 ἐπιμελεστάτης
1713 1423 1839 1460 φρουρῶν

1053 1472 1174 1509 φυλακῆς
1193 1472 1362 1508 ποιούμενος,
1389 1471 1438 1504 τὰς
1459 1471 1627 1506 κατὰ,πόλιν
1647 1469 1690 1503 αἷς
1707 1471 1839 1506 ἐπεδήμει

1053 1518 1206 1554 παροικίας,
1227 1519 1286 1550 ταῖς
1308 1517 1351 1544 διὰ
1371 1517 1457 1552 λόγων
1473 1517 1591 1553 ὁμιλίαις
1610 1526 1640 1543 τε
1663 1516 1709 1543 καὶ
1724 1524 1840 1552 προτρο-

224 1567 331 1596 verent,
346 1569 405 1597 quae
423 1566 486 1589 tunc
498 1562 616 1597 primum
635 1562 661 1588 in
679 1561 766 1589 lucem
785 1569 925 1597 emergere
941 1569 1001 1589 cum

1055 1566 1116 1596 παῖς
1128 1564 1306 1600 ἐπιρῥωννὺς,
1315 1563 1343 1589 ὲν
1352 1562 1470 1599 πρώτοις
1479 1563 1596 1598 μάλιστα
1605 1561 1838 1598 προφυλάττεσθαι

224 1606 392 1641 εωρῑεςειιι,
428 1607 565 1641 copiosius
600 1606 783 1641 pullulahant,
823 1606 1002 1641 hortatusque

225 1658 266 1679 est
283 1657 310 1679 ut
331 1652 514 1687 apostolorum
531 1652 721 1679 traditionibus
740 1651 872 1679 tenaciter
890 1652 1003 1680 iubare-

224 1704 314 1726 rent:
342 1706 410 1733 quas
445 1699 553 1733 quidem
590 1697 623 1725 ad
659 1699 802 1726 certiorem
837 1698 1003 1733 posteritatis

226 1745 305 1780 107
318 1745 438 1772 notitiam
453 1744 606 1772 testimonio
628 1751 677 1771 suo
697 1744 870 1771 conﬁrmatas
891 1743 1004 1778 scriptis

226 1791 356 1817 mandare
369 1790 551 1817 necessarium
568 1789 654 1817 duxit.
673 1789 766 1824 itaque
783 1797 844 1817 cum
860 1789 1002 1825 Smyrnam

226 1837 366 1869 venisset,
385 1836 411 1862 in
434 1843 486 1870 qua
504 1840 558 1862 tum
574 1840 634 1863 erat
646 1835 812 1870 Polycarpus
824 1855 831 1867 .
849 1843 928 1862 unam
945 1835 1004 1869 qui-

225 1884 285 1910 dem
306 1882 448 1918 cpistolam
464 1882 573 1916 scripsit
588 1882 621 1909 ad
636 1881 784 1909 Ecclesiam
803 1881 980 1916 Ephesiorum
996 1901 1003 1912 ,

226 1929 251 1956 in
267 1936 319 1964 qua
336 1927 457 1955 Onesimi
473 1928 591 1962 ipsorum
615 1928 731 1962 pastoris
748 1927 912 1954 mentionem
929 1926 1002 1953 facit.

224 1973 346 2000 Alteram
360 1981 468 2008 quoque
482 1973 558 2001 dedit
570 1972 604 2000 ad
620 1972 768 1999 Ecclesiam
782 1971 925 2007 Magnesiae
937 1971 1003 1998 civi-

225 2018 290 2045 tatis
305 2025 364 2053 qua:
378 2019 411 2046 ad
425 2018 589 2046 Maeandrum
603 2018 653 2045 sita
670 2022 723 2048 est,
739 2018 766 2045 in
781 2025 835 2052 qua
849 2016 931 2043 etiam
951 2016 1003 2043 Da-

227 2072 298 2091 mam
313 2064 468 2099 episcopum
483 2065 613 2092 nominat.
631 2065 716 2091 Aliam
732 2065 796 2091 item
809 2063 842 2090 ad
856 2063 1004 2090 Ecclesiam

226 2108 427 2136 Trallianorum
440 2130 448 2142 ,
464 2109 541 2143 cujus
554 2110 703 2137 antistitem
721 2115 785 2136 tunc
801 2109 884 2136 fuisse
904 2115 1005 2135 memo-

225 2161 269 2182 rat
286 2155 437 2190 Polybium.
454 2155 554 2183 Praeter
571 2156 618 2183 has
639 2160 681 2183 est
700 2160 727 2182 et
745 2155 796 2182 alia
815 2154 874 2188 ejus
889 2153 1003 2188 epistola

225 2202 258 2228 ad
275 2200 423 2228 Ecclesiam
439 2202 514 2229 urbis
536 2202 638 2232 Romze,
658 2202 685 2228 iu
700 2208 752 2235 qua
770 2205 830 2228 orat
849 2204 929 2234 atque
942 2200 1004 2227 hor-

1053 1610 1102 1642 τὰς
1119 1610 1237 1646 αἱρέσεις
1260 1609 1322 1645 ἄρτι
1339 1608 1399 1635 τότε
1413 1609 1519 1644 πρῶτον
1530 1608 1696 1644 ἀναφυείσας
1715 1608 1762 1635 καὶ
1779 1608 1839 1634 ἐπι-

1054 1653 1221 1685 πολαζούσας
1231 1653 1355 1689 παρῄνει,
1369 1652 1523 1689 προῦτρεπέ
1535 1661 1564 1679 τε
1575 1653 1657 1687 ἀπρὶξ
1673 1652 1780 1687 ἔχεσθαι
1788 1652 1838 1687 τῆς

1053 1698 1107 1725 τῶν
1122 1699 1276 1725 ἀποστόλων
1293 1698 1478 1733 παραδόσεως,
1495 1699 1528 1734 ἣν
1544 1698 1614 1733 ὑπὲρ
1627 1698 1775 1732 ἀσφαλείας
1792 1697 1838 1724 καὶ

1054 1745 1198 1781 ἐγγράφως
1206 1745 1255 1780 ἤδη
1266 1753 1303 1779 μα
1306 1753 1352 1780 ρτυ
1357 1744 1478 1780 ρόμενος,
1488 1743 1617 1770 διατυποῦ
1622 1743 1680 1770 σθαι
1690 1744 1837 1780 αναγκαῖον

1055 1792 1155 1826 ἡγεῖτο.
1174 1791 1251 1817 Οὕτω
1267 1790 1333 1826 δῆτα
1348 1791 1375 1816 ἐν
1389 1790 1497 1825 Σμύρνῃ
1514 1790 1667 1825 γενόμενος,
1684 1789 1747 1816 ἔνθα
1760 1790 1773 1816 ὁ
1784 1790 1838 1815 Ilo-

1054 1837 1192 1872 λύκαρπος
1207 1833 1251 1871 ἦν,
1265 1835 1328 1871 μίαν
1341 1836 1389 1871 μὲν
1404 1835 1546 1870 ἐπιστολὴν
1557 1837 1590 1870 τῇ
1605 1834 1674 1861 κατὰ
1691 1834 1740 1869 τὴν
1757 1834 1840 1868 Ἔφε-

1055 1890 1099 1907 σον
1119 1881 1265 1916 Ἐκκλησία
1277 1881 1384 1915 γράφει,
1408 1881 1535 1915 ποιμένος
1555 1880 1639 1915 αὐτῆς
1665 1879 1839 1915 μνημονεύων

1061 1927 1213 1962 Ὀνησίμου,
1224 1927 1319 1962 ἑτέραν
1329 1927 1356 1953 δὲ
1372 1928 1403 1962 τῇ
1416 1927 1444 1953 ὲν
1457 1926 1602 1962 Μαγνησίᾳ
1613 1927 1646 1961 τῇ
1659 1925 1726 1961 πρὸς
1737 1925 1840 1952 Μαιάν-
1887 1932 1890 1936 ’

1053 1973 1118 2009 δρῳ,
1130 1973 1193 1999 ἔνθα
1203 1973 1281 2000 πάλιν
1299 1973 1448 1999 ἐπισκόπου
1462 1973 1541 2008 Δάμα
1559 1973 1667 2008 μνήμην
1681 1972 1836 2006 πεποίηται·

1056 2020 1100 2046 καὶ
1119 2020 1151 2054 τῇ
1169 2020 1197 2045 ὲν
1215 2019 1345 2054 Τράλλεσι
1364 2019 1392 2045 δὲ
1411 2018 1503 2053 ἄλλην,
1522 2016 1555 2053 ἦς
1570 2018 1685 2053 ἄρχοντα
1698 2018 1757 2043 τότε
1774 2017 1839 2044 ὅντα

1056 2065 1184 2092 Πολύϐιον
1211 2066 1319 2100 ἱστορεῖ,
1351 2064 1421 2100 Πρὸς
1438 2064 1550 2096 ταύταις
1575 2065 1622 2090 καὶ
1640 2065 1673 2099 τῇ
1698 2063 1838 2099 Ῥωμαίων

1060 2111 1207 2147 Ἐκκλησία
1226 2111 1336 2146 γράφει,
1390 2111 1437 2137 καὶ
1456 2110 1626 2145 παράκλησιν
1642 2109 1784 2145 προτείνει,
1801 2109 1839 2141 ὡς

1056 2157 1093 2192 μὴ
1114 2157 1346 2192 παραιτησάμενοι
1366 2156 1412 2182 τοῦ
1429 2156 1588 2191 μαρτυρίου,
1607 2155 1656 2191 τῆς
1672 2155 1839 2190 ποθουμένης

1055 2203 1135 2229 αὑτὸν
1147 2203 1360 2238 ἀποστερήσαιεν
1374 2202 1490 2233 ἐλπίδος.
1515 2201 1559 2233 Ἐξ
1571 2199 1607 2228 ὧν
1621 2201 1667 2228 κα¹ι
1683 2201 1840 2237 βραχύτατα

226 2251 299 2273 tatur
312 2246 450 2275 Romanos
465 2267 473 2281 ,
487 2255 521 2274 ne
536 2247 694 2282 martyrium
713 2254 727 2272 a
742 2254 771 2273 se
793 2246 960 2280 depellentes
973 2254 1003 2273 ac

1056 2247 1095 2277 εἰς
1113 2245 1240 2277 ἐπίδειξιν
1259 2246 1314 2271 τῶν
1324 2246 1473 2281 εἰρημένων
1485 2242 1653 2280 παραθέσθαι
1670 2245 1754 2278 ἄξιον.
1770 2246 1840 2281 Γρά-

225 2293 403 2327 deprecantes
417 2313 424 2325 ,
441 2301 489 2327 spe
512 2300 544 2320 ac
567 2297 631 2320 voto
646 2299 676 2319 se
693 2291 821 2319 fraudare
836 2292 930 2318 velint.
952 2291 1004 2319 Sed

224 2346 313 2374 operae
322 2339 437 2373 pretium
455 2339 576 2366 fueritad
590 2339 822 2367 conﬁrmationem
837 2345 930 2366 eorum
946 2346 1005 2374 quae

224 2411 284 2437 loro
306 2409 418 2445 Qrmcus
443 2409 576 2445 interpres
599 2409 770 2445 Tertulliani.
797 2408 906 2436 Oblatas
927 2409 999 2445 enim

224 2446 290 2472 dicit
310 2443 494 2472 Tertullianus
507 2443 553 2472 seu
568 2445 656 2478 potius
677 2443 819 2479 Trajanus,
836 2451 882 2471 eos
896 2445 940 2479 qui
957 2444 1002 2478 ju-

224 2480 328 2507 dicibus
349 2480 521 2507 exhibentur.
540 2481 586 2506 Sic
610 2480 681 2506 enim
701 2478 789 2506 Latini
815 2479 887 2513 loqui
903 2479 1000 2506 solent.

225 2514 327 2542 Sensus
342 2516 423 2549 igitur
439 2515 562 2549 rescripti
580 2516 644 2548 imp.
659 2514 768 2548 Trajani
785 2513 913 2541 adversus
925 2513 1003 2541 Chri-

223 2551 327 2577 stianos
343 2550 386 2576 hic
402 2554 463 2577 est:
480 2549 609 2577 Rectores
624 2549 823 2583 provinciarum
839 2557 891 2575 non
907 2549 1004 2575 debere

224 2592 272 2619 per
293 2585 476 2619 speculatores
496 2589 524 2612 et
546 2584 674 2611 satellites
694 2591 756 2611 suos
780 2584 914 2611 curiosius
929 2583 1003 2610 inda-

224 2627 288 2653 gare
302 2627 386 2654 genus
400 2625 426 2646 et
440 2625 538 2647 sectam
554 2620 780 2646 Christianorum.
806 2619 838 2654 Si
849 2619 893 2652 qui
915 2623 1004 2654 tamen

224 2653 371 2682 Christiani
389 2655 421 2681 ah
439 2655 598 2682 oﬂicialibus
622 2654 734 2681 fortuito
750 2653 911 2688 deprehensi
933 2653 1005 2688 sint,

224 2694 252 2715 et
272 2689 299 2716 in
314 2689 446 2722 judicium
460 2690 580 2723 adducti,
595 2690 637 2716 vel
656 2690 676 2716 si
697 2689 730 2715 ab
745 2687 948 2716 accusatoribus
964 2687 1007 2714 de-

225 2724 339 2751 nuntiati
355 2725 418 2756 sint,
431 2732 477 2752 eos
492 2725 604 2751 omnino
619 2724 707 2758 puniri
722 2729 857 2758 oportere.

260 2758 316 2793 (64)
335 2760 460 2792 Παπίας,
481 2760 558 2793 ἀνὴρ
578 2757 730 2786 τὰνπιὶντα
742 2757 796 2784 γὸτι
804 2757 937 2793 μάλιστα
957 2758 1007 2793 .10—

224 2794 376 2829 γιώτατος,
390 2795 437 2821 καὶ
458 2795 512 2829 τῆς
535 2792 658 2828 Γραφῆς
680 2792 819 2828 εὶδήμωνι
834 2792 1008 2829 Ίξοιιιιιιμίιορ

225 2826 342 2861 elogium
355 2829 442 2863 Papia:
453 2826 528 2856 deeSL
541 2826 566 2856 in
583 2826 681 2856 nostris
695 2826 833 2856 codicibus
845 2827 924 2858 Mar...
938 2826 1006 2853 Med.

225 2871 251 2891 et
267 2864 332 2893 Fltk.
348 2864 400 2892 Sed
415 2872 500 2900 nequc
517 2864 630 2892 Ruﬁnus
646 2865 702 2892 haec
715 2866 796 2891 verba
811 2864 835 2890 in
850 2864 906 2891 suis
919 2869 1008 2889 exelu-

1058 2291 1142 2326 φειὸὴ
1155 2290 1200 2318 οὖν
1212 2291 1282 2318 κατὰ
1296 2290 1367 2324 λέξιν
1377 2300 1383 2306 ·
1406 2301 1415 2317 ι
1437 2291 1503 2318 Ἀπὸ
1517 2292 1617 2327 Συρίας
1633 2291 1711 2327 μέχρι
1732 2291 1839 2327 Ῥώμης

1058 2338 1215 2373 θηριομαχῶ
1235 2337 1278 2363 διὰ
1296 2337 1347 2373 γῆς
1364 2337 1412 2364 καὶ
1428 2337 1574 2372 θαλάσσης,
1599 2337 1694 2369 νυκτὸς
1710 2338 1757 2364 καὶ
1772 2337 1842 2372 ἠμέ-

1053 2407 1175 2443 plaribus
1193 2407 1357 2442 legerat,"ut
1378 2414 1411 2434 ex
1429 2415 1488 2441 ejus
1513 2407 1736 2441 mterpretatione
1757 2408 1838 2435 colli-

1054 2442 1134 2478 gitur.
1148 2442 1238 2478 Quare
1255 2450 1306 2468 non
1322 2443 1422 2478 rdubito
1435 2443 1498 2476 quin
1520 2443 1577 2469 haec
1599 2443 1679 2469 verba
1703 2443 1839 2478 abiintpc—

1055 2477 1108 2505 ᾗιο
1122 2477 1236 2512 quodam
1252 2477 1401 2504 scholiasle
1415 2479 1518 2512 adjecta
1534 2479 1598 2510 sint,
1616 2483 1713 2510 prxter
1728 2477 1836 2504 Eusebii

1057 2516 1173 2539 mentem
1204 2517 1284 2545 atque
1312 2513 1484 2539 sententiam.
1507 2513 1647 2545 Quomodo
1679 2512 1750 2539 enim
1779 2512 1838 2540 ﬁeri

1057 2551 1145 2581 potest
1162 2551 1191 2573 ut
1208 2546 1340 2582 Eusebius
1357 2547 1465 2581 Papiam
1485 2547 1528 2574 hic
1551 2547 1667 2582 appellet
1686 2547 1772 2573 virum
1791 2547 1839 2573 do-

1057 2583 1214 2612 ctissimum,
1227 2587 1252 2609 et
1268 2581 1468 2616 Scripturarum
1480 2581 1684 2616 peritiSsimum,
1698 2589 1757 2608 cum
1771 2582 1839 2614 ipse-

1057 2621 1111 2643 met
1135 2617 1160 2642 in
1188 2617 1241 2643 ﬁnc
1267 2617 1344 2649 hujus
1363 2617 1423 2644 libri
1447 2617 1546 2644 diserte
1563 2616 1695 2647 aﬁirmet,
1725 2616 1835 2649 Papiam

1057 2652 1140 2678 fuisse
1156 2651 1282 2677 mediocri
1300 2652 1407 2687 ingenio
1423 2652 1575 2686 praeditum,
1595 2651 1726 2686 planeque
1742 2651 1836 2678 rudem

1057 2694 1089 2714 ac
1103 2686 1261 2720 simplicem.

1092 2721 1148 2752 (65)
1168 2720 1222 2747 Καὶ
1246 2720 1284 2754 δὴ
1303 2721 1360 2755 τὴν
1382 2721 1418 2747 δι’
1445 2721 1552 2753 Ἀσίας.
1573 2720 1610 2747 Ita
1631 2721 1730 2754 legitur
1745 2721 1770 2747 in
1789 2727 1837 2755 co-

1059 2757 1118 2783 dice
1133 2755 1216 2790 Regio
1234 2764 1312 2790 quem
1334 2761 1442 2783 secutus
1458 2762 1499 2782 cst
1513 2756 1579 2782 Rob.
1607 2755 1773 2790 Stephanus.
1785 2754 1837 2790 Sed

1060 2789 1185 2825 quatuor,
1199 2789 1249 2817 alii
1265 2791 1381 2823 codices,
1401 2791 1552 2817 Mazarinus
1576 2791 1682 2818 scilicet
1703 2798 1735 2818 ac
1751 2789 1836 2825 Mgdi-

1060 2820 1142 2853 cmtts.
1156 2833 1216 2852 cum
1229 2825 1295 2852 Fuk.
1307 2831 1332 2851 et
1350 2820 1495 2860 saviliano,
1508 2826 1636 2859 scriptum
1650 2826 1750 2853 habent
1762 2820 1838 2855 οὗτος

1060 2862 1092 2894 δὴ
1108 2859 1153 2888 οἷν
1167 2861 1214 2896 τὴν
1226 2860 1256 2886 δι’
1277 2860 1366 2892 Ἀσίας
1380 2860 1554 2894 ἀνακομιδήν,
1569 2866 1621 2888 etc.
