1993 3164
161 126 219 154 289

655 128 832 157 HISTORIA]
851 129 1133 158 ECCLESIASTICAE
1153 131 1217 158 LlB.
1239 131 1283 159 lll.

1731 138 1786 167 290

159 192 227 219 ρας,
242 183 408 220 ἐνδεδεμένος
424 185 489 212 δέκα
503 185 671 220 λεοπάρδοις,
690 187 704 213 ὃ
717 187 775 213 ἐστι
797 196 925 223 στρατιωτ

977 195 988 221 χ
1005 189 1269 222 diximus,nonnulla
1278 198 1311 218 ex
1328 191 1360 218 iis
1376 190 1474 219 litteris
1489 192 1533 220 hic
1546 195 1694 224 ascribere.
1712 195 1786 224 Scri-

159 229 210 256 οῶν
223 231 326 266 τάγμα,
357 232 381 258 οἳ
402 232 449 258 καὶ
472 232 702 268 εὐεργετούμενοι,
722 234 829 269 χείρους
845 234 949 268 γίγνον-

158 284 205 302 ται
220 276 286 311 (66).
320 277 363 303 Ἐν
377 277 405 304 δὲ
419 280 474 310 τοῖς
491 278 639 314 ἀδικήμασι
651 279 738 306 αὐτῶν
752 280 850 315 μᾶλλον
865 281 949 316 μαθη-

157 324 286 360 τεύομαι,
303 325 360 352 ἀλλ’
377 326 406 352 οὑ
424 327 498 361 παρά
518 326 595 353 τοῦτο
609 327 794 362 δεδικαίωμαι.
820 329 949 364 Ὀναίμην

156 372 214 398 τῶν
229 373 330 408 θηρίων
346 373 400 400 τῶν
413 374 475 409 ἐμοὶ
487 375 603 410 ἑτοίμων
612 384 618 390 ·
632 375 650 402 ἃ
662 376 709 402 καὶ
725 375 839 412 εὖχομαι
853 377 946 404 σύντο-

158 418 198 453 μά
214 427 262 454 μοι
272 419 424 454 εὑρεθῆναι,
442 420 459 447 ἂ
469 420 515 446 καὶ
525 420 680 448 κολακεύσω
696 422 834 457 συντόμως
849 431 881 457 με
897 431 946 449 κα-

154 466 301 498 ταφαγεῖν,
312 465 360 500 οὐχ
374 465 468 501 ὥσπερ
479 466 559 493 τινῶν
575 467 759 503 δειλαινόμενα
770 469 818 503 οὐχ
828 469 944 503 ἥψαντο·

155 509 210 536 κᾶν
239 510 308 537 αὐτὰ
333 511 362 537 δὲ
389 511 488 538 ἄκοντα
514 512 550 547 μὴ
567 512 641 550 θέλῃ,
660 513 715 548 ἐγὼ
735 514 943 550 προσδιάσομαι.

155 555 329 591 Συγγνώμην
353 566 398 592 μοι
415 557 502 592 ἔχετε.
524 559 556 584 Τί
571 567 615 594 μοι
633 560 776 596 συμφέρει,
796 560 850 595 ἐγὼ
866 560 945 595 γινώ-

153 607 224 626 σκω.
245 601 302 628 Νῦν
318 602 437 638 ἄρχομαι
459 603 581 639 μαθητὴς
597 602 676 631 εἶναι.
695 605 786 640 Μηδέν
810 614 843 641 με
858 605 944 641 ζηλῶ-

154 654 202 672 σαι
215 647 272 682 (67)
284 647 338 674 τῶν
350 648 455 684 ὁρατῶν
468 650 515 676 καὶ
525 649 656 684 ἀοράτων,
670 651 713 678 ἵνα
728 651 812 686 Ἰησοῦ
826 651 943 688 Χριστοῦ

151 692 287 728 ἐπιτύχω,
297 693 351 730 πῦρ
361 695 407 720 καὶ
414 695 537 731 σταυρὸς,
545 695 646 732 θηρίων
658 705 687 723 τε
702 697 853 729 συστάσεις,
863 706 943 734 σκορ-

151 741 252 775 πισμοὶ
270 741 379 773 ὀστέων,
399 743 532 776 συγκοπαὶ
554 742 652 778 μελῶν,
678 743 790 779 ἀλεσμοὶ
807 744 860 779 (68)
881 744 941 771 ὅλου

148 786 198 813 τοῦ
217 786 353 822 σώματος,
363 788 487 820 κολάσεις
500 788 547 815 τοῦ
557 789 679 816 διαϐόλου
693 791 733 822 είς
744 790 792 826 ἐμὲ
803 791 941 826 ἐρχέσθω-

151 840 212 864 σαν,
227 831 308 867 μόνον
326 833 369 859 ἵνα
386 833 472 869 Ἰησοῦ
485 833 602 868 Χριστοῦ
617 834 744 869 ἐπιτύχω.
763 845 772 860 ι
790 836 843 861 Καὶ
855 835 941 863 ταῦτα

151 878 200 912 μὲν
218 877 275 904 ἀπὺ
293 878 342 913 τῆς
358 877 524 914 δηλωθείσης
537 879 639 911 πόλεως
649 881 709 911 ταῖς
719 879 940 915 καταλεχθείσαις

142 917 327 960 ’Ἐκκλησίαις
338 924 530 951 διετυπώσατο.
545 925 613 961 ’Ἤδη
627 925 649 952 δ’
659 926 786 952 ἐπέκεινα
795 926 842 962 τῆς
854 926 939 962 Σμύρ-

148 978 197 1004 νῃς
213 970 370 1005 γενόμενος,
389 970 444 997 ἀπὸ
461 971 586 1006 Τρωάδος
602 972 658 1002 τοῖς
673 979 703 997 τε
722 971 749 998 ὲν
764 971 938 1007 «aliusnon;

147 1014 227 1048 αὖθις
243 1016 288 1043 διὰ
307 1017 414 1052 γραφῆς
424 1016 520 1051 ὁμιλεῖ,
537 1017 584 1043 καὶ
600 1017 632 1052 τῇ
650 1017 808 1052 Σμυρναίων
825 1017 937 1053 Ἐκκλη-

149 1062 202 1098 σία,
218 1063 293 1094 ἰδίως
301 1071 330 1089 τε
341 1062 380 1097 τῷ
389 1062 490 1098 ταύτης
505 1062 700 1098 προηγουμένῳ
715 1063 894 1098 Πολυκάρπῳ·
907 1063 936 1090 ὃν

148 1104 190 1134 οἷα
201 1107 233 1142 δὴ
249 1107 426 1134 ἀποστολικὸν
436 1107 521 1143 ἄνδρα
531 1105 560 1134 εὗ
577 1107 647 1142 μάλα
658 1108 805 1143 γνωρίζων,
817 1108 865 1144 τὴν
876 1109 935 1135 κατ’

153 1153 321 1190 Ἀντιόχειαν
332 1154 406 1189 αὐτῷ
418 1154 545 1190 ποίμνην,
560 1153 632 1180 ὠσὰν
645 1155 756 1190 γνήσιος
778 1155 823 1181 καὶ
835 1155 935 1189 ἀγαθὸς

148 1199 250 1235 ποιμὴν
281 1199 469 1235 παρατίθεται,
493 1199 542 1235 τὴν
564 1199 627 1235 περὶ
643 1201 726 1235 αὐτῆς
747 1201 872 1236 φροντίδα
891 1201 934 1228 διὰ

147 1245 267 1280 σπουδῆς
277 1245 320 1280 ἔχε
325 1253 348 1271 ιν
357 1245 437 1272 αὑτὸν
446 1244 537 1278 ἀξιῶν.
552 1245 580 1271 '0
588 1245 609 1271 δ’
617 1245 697 1276 αὐτὸς
704 1246 863 1282 Σμυρναίοις
872 1247 935 1282 γρά-

147 1299 213 1324 φων,
228 1288 335 1317 οὐκοῖδ’
348 1290 443 1317 ὁπόθεν
455 1292 545 1326 ῥητοῖς
556 1289 609 1326 (69)
621 1290 813 1327 συγκέχρηται.
823 1292 933 1319 τοιαῦτά

147 1343 205 1362 τινα
226 1337 294 1372 περὶ
309 1336 356 1363 τοῦ
370 1336 486 1372 Χριστοῦ
503 1336 606 1369 διεξιών
617 1345 623 1352 '
645 1346 653 1362 ι
675 1336 745 1370 Ἐγὼ
760 1337 788 1364 δὲ
802 1338 848 1364 καὶ
864 1338 932 1373 μετὰ

145 1380 193 1416 τὴν
210 1380 359 1407 ἀνάστασιν
373 1379 428 1417 (70)
443 1381 471 1407 ἐν
492 1381 574 1416 σαρκὶ
587 1381 666 1408 αὐτὸν
678 1378 745 1414 οἶδα,
759 1381 805 1408 καὶ
814 1383 932 1409 πιστεύω

180 1490 236 1524 (66)
258 1490 379 1523 Χείρους
395 1490 556 1524 γίγνονται.
571 1489 599 1516 1η
613 1489 707 1516 codice
724 1489 806 1521 Μυκη
819 1489 890 1518 Med.
903 1495 931 1518 et

146 1525 294 1552 Fnketiano
309 1525 406 1560 legitur
419 1525 539 1560 χείρονες
551 1524 779 1560 γίνονταιινθυιο
795 1529 854 1559 post
870 1526 927 1560 lego

146 1568 203 1596 cum
220 1560 314 1596 Issiaco
333 1559 516 1596 Vossio'ana‘t
530 1559 773 1596 EGXOPCIVU’GVTOVé
795 1569 838 1595 μοι
850 1559 928 1596 εὑρε-

146 1594 233 1630 θῆναι.
250 1594 335 1628 Quam
357 1594 578 1623 emendationem
594 1594 736 1622 conﬁrmat
760 1595 849 1622 Ruﬁni
867 1594 926 1623 ver-

145 1631 192 1658 sio.
215 1631 265 1657 Sic
280 1631 351 1656 enim
369 1631 448 1657 vertit
464 1639 470 1656 :
486 1630 558 1663 Quas
571 1636 594 1657 et
610 1638 656 1664 ego
671 1634 731 1663 opto
747 1631 860 1657 acriores
876 1639 924 1663 pa-

145 1666 208 1701 rari.
228 1665 349 1692 Σύντονα
375 1665 455 1697 igitur
480 1665 545 1698 legit.
569 1664 767 1701 Ruﬁnustnon
792 1664 922 1701 σύντομα.

145 1699 214 1727 Idem
229 1708 309 1727 error
322 1708 336 1726 a
354 1700 432 1727 nobis
448 1701 597 1735 castigatus
608 1704 648 1726 est
665 1699 733 1726 inl'ra
755 1700 780 1726 itt
799 1699 922 1733 libro‘vt,

145 1735 187 1762 ubi
203 1737 238 1763 de
257 1735 384 1770 martyrio
398 1733 554 1768 Apolloniie.
569 1733 626 1762 Illic
641 1735 712 1762 enim
728 1734 865 1770 συντόμως
877 1744 923 1763 ex-

144 1777 234 1797 cusum
248 1775 306 1797 erat
324 1778 371 1804 pro
387 1770 528 1801 συντόνως.

177 1806 232 1840 (67)
254 1804 355 1838 Μηδέν
364 1813 401 1840 με
419 1804 556 1838 ζηλῶσαι.
577 1803 648 1840 Ante
662 1804 710 1831 bas
727 1811 806 1831 voces
822 1805 847 1831 in
864 1813 922 1832 om-

143 1839 226 1868 nibus
247 1840 346 1867 ttostris
360 1841 499 1867 codicibus
521 1839 640 1873 apposita
657 1843 698 1865 est
714 1840 799 1866 media
825 1840 921 1867 distin-

143 1876 205 1906 ctio,
219 1883 275 1903 non
289 1880 376 1902 autem
391 1874 491 1902 ﬁnalis.
505 1874 617 1901 Ruﬁnus
640 1879 728 1900 tam-An
744 1880 770 1900 et
784 1874 920 1903 Musculus

144 1916 174 1937 ac
195 1911 458 1944 Christophorsonus
482 1915 544 1936 ante
562 1909 618 1936 lucc
642 1909 856 1944 verbaiﬁnalem
877 1910 916 1937 di-

143 1943 313 1972 stinctionem
337 1945 460 1972 videntur
485 1945 617 1978 posuisse.
644 1943 710 1970 Nam
731 1943 842 1970 Ruﬁnus
857 1947 918 1978 qui-

143 1980 198 2006 dem
214 1981 252 2007 ita
268 1981 365 2006 vertit:
381 1979 458 2006 Num:
471 1980 568 2012 incipio
582 1987 636 2006 esse
654 1979 798 2012 discipulus
812 1980 917 2010 Christi.

142 2013 266 2042 Facessat
290 2015 390 2042 invidia
404 2015 441 2041 vel
463 2015 570 2040 humani
592 2014 711 2047 affectus,
734 2014 771 2049 vel
796 2015 918 2049 nequitia:

142 2051 278 2083 spiritalis,
295 2055 323 2077 ut
342 2049 432 2076 Jesum
448 2049 581 2076 Christum
597 2057 698 2074 merear
715 2048 836 2082 adipisci.
861 2049 918 2076 Mu-

141 2084 228 2112 scnlus
245 2093 308 2112 vero
323 2087 358 2111 ita
371 2085 452 2111 vertit
465 2093 471 2110 :
486 2083 564 2110 Nunc
579 2084 674 2115 incipio
688 2091 741 2110 esse
761 2083 915 2117 discipulus.

143 2118 213 2145 Nihil
234 2120 374 2146 visibilium
390 2127 486 2150 moror,
502 2118 566 2145 nihil
582 2118 761 2148 invisibilium.
779 2123 807 2144 ut
825 2119 916 2146 Iesum

141 2153 271 2181 Christum
296 2156 441 2189 acquirunt.
463 2156 498 2181 At
526 2154 761 2189 Cliristopliorstitti
782 2154 916 2188 interpre-

141 2190 203 2216 tatio
220 2191 280 2217 luec
299 2188 433 2216 est:.lam
453 2189 550 2222 incipio
569 2188 667 2215 Citriin
687 2188 829 2222 discipulus
847 2197 912 2217 esse.

141 2222 264 2251 Facessat
282 2233 297 2251 α
312 2233 352 2251 me
371 2231 458 2251 rerum
478 2219 592 2251 omnium
607 2224 661 2249 sive
678 2219 760 2250 oculis
782 2224 913 2258 sul/jecla-
930 2219 950 2246 D

141 2266 209 2292 rum,
234 2260 287 2286 sive
307 2267 398 2286 eorum
421 2259 501 2285 aciem
526 2258 681 2292 fugientium
706 2258 857 2289 admiratio,
884 2265 911 2286 ut

140 2290 226 2321 Iesum
240 2294 373 2321 Christum
391 2290 587 2327 assequur.Séd
602 2298 677 2319 vetus
691 2293 822 2327 interpres
837 2293 912 2328 lgna-

142 2329 178 2360 tii,
191 2335 217 2356 et
233 2328 350 2356 Joannes
363 2328 470 2363 Longus
485 2329 599 2355 tuediatn
613 2328 742 2363 duntaxat.
759 2328 912 2355 distinctio-

140 2370 195 2390 nem
220 2369 284 2391 ante
309 2364 367 2391 haec
392 2361 471 2390 verba
502 2368 658 2397 posuerunt.
685 2361 768 2397 Langi
803 2363 910 2396 quidem

140 2399 221 2426 Versio
239 2400 296 2426 haec
309 2404 352 2426 est
365 2410 372 2426 ι
389 2397 467 2424 Nunc
479 2400 582 2424 demum
599 2398 698 2424 discere
716 2398 811 2432 incipio
824 2405 834 2424 :
847 2399 911 2424 nihil

141 2438 225 2466 optare
239 2439 285 2460 aut
305 2434 454 2460 desiderare
466 2441 554 2460 rerum
567 2433 683 2458 omnium
703 2437 727 2458 et
742 2433 910 2459 invisibilinm

140 2473 161 2493 et
178 2469 327 2501 visibilium,
345 2474 372 2495 ut
387 2469 421 2495 ad
437 2467 529 2494 Jesum
549 2467 683 2494 Christum
702 2467 814 2494 veniant.
832 2468 910 2500 Qua:-

141 2509 195 2529 nam
213 2512 294 2539 porro
310 2505 409 2539 harum
426 2503 680 2539 interpretationum
703 2502 804 2539 optima
824 2503 859 2529 sit
878 2511 909 2530 ac

140 2537 284 2571 verissima,
299 2538 405 2565 diﬁicile
422 2543 462 2565 est
477 2537 620 2568 allirmare,
637 2537 785 2571 prmscrtim
801 2544 862 2564 cum
877 2538 910 2565 de

140 2577 196 2599 Vera
214 2574 294 2608 hujus
318 2573 366 2601 loci
390 2573 503 2600 lectione
524 2580 576 2600 non
590 2572 665 2608 satis
679 2577 792 2598 constet.
809 2571 909 2600 Onmcs

140 2609 239 2639 quidem
251 2607 412 2642 interpretes
431 2609 540 2634 verbum
555 2607 674 2643 ζηλῶσαι
686 2607 720 2632 ita
735 2613 907 2640 acceperunt,

140 2644 210 2674 quasi
226 2645 251 2671 in
268 2643 399 2670 inliuitivo
418 2643 532 2678 positum
550 2642 631 2669 esset.
645 2643 726 2669 Certe
740 2642 766 2668 in
783 2643 908 2670 omnibus

140 2678 270 2706 codicibus
296 2679 396 2705 nostris
411 2678 639 2709 ctrcuntllcctitur,
663 2683 841 2711 praeterquam
880 2678 906 2704 in

140 2710 266 2748 Mazarino
279 2714 325 2748 qui
341 2718 480 2740 accentum
499 2713 602 2740 'otuisit.
615 2713 649 2738 At
666 2711 779 2748 Ruﬁnus
792 2712 905 2748 verbum

139 2747 366 2782 ζηλώσαιςιιέεθρὶι
387 2755 436 2782 pro
462 2747 562 2774 aoristo
578 2748 664 2781 primo
686 2747 798 2780 optativi
823 2747 905 2780 modi,

140 2788 201 2810 tllcx
211 2785 267 2818 ejus
275 2783 400 2810 versione
409 2783 553 2817 colligitur.
565 2783 650 2815 Quam
660 2782 766 2816 quidem
775 2783 906 2815 interpre-

140 2817 258 2846 tationem
282 2817 393 2850 reliquis
412 2818 604 2852 pra-ferendam
623 2817 705 2848 duco,
726 2817 824 2851 quippe
846 2825 905 2851 qua:

141 2854 218 2881 verbis
239 2853 312 2882 beati
329 2852 422 2886 lguatii
444 2853 531 2888 aptius
555 2853 707 2880 conveniat.
728 2852 800 2880 Idem
824 2852 905 2887 igitur

940 1547 960 1574 C

1000 235 1038 261 bit
1051 235 1132 270 igitur
1148 235 1173 262 in
1191 236 1261 263 hunc
1271 237 1399 264 modum:
1415 246 1424 263 ι
1443 239 1463 265 Δ
1480 238 1557 274 Syria
1575 240 1686 268 Romam
1700 250 1782 277 usque

999 289 1059 308 cutn
1073 281 1168 309 bestiis
1185 283 1307 316 depugno
1320 303 1328 316 ,
1346 287 1418 310 terra
1439 285 1561 319 marique
1573 307 1580 317 ,
1599 293 1680 314 noctu
1697 293 1725 316 et
1739 289 1781 316 in-

1000 327 1088 354 terdiu
1103 347 1110 360 ,
1126 327 1269 362 colligatus
1284 328 1378 356 decem
1395 328 1528 364 leopardis
1541 352 1548 363 ,
1564 332 1614 359 hoc
1627 339 1678 367 est,
1695 322 1780 362 niani-

998 373 1060 408 pulo
1078 373 1191 400 militum
1209 381 1215 402 :
1232 375 1277 408 qui
1290 374 1428 402 beneﬁciis
1444 383 1458 401 a
1474 383 1517 403 me
1535 376 1634 411 aﬂ‘ecti,
1653 380 1781 408 saeviores

997 419 1074 446 ﬁunt.
1091 419 1190 447 Verum
1207 427 1258 455 ego
1273 421 1380 454 injuriis
1395 423 1504 456 quidem
1520 424 1625 452 illorum
1645 427 1756 453 erudior
1771 435 1779 454 ἴ

997 473 1050 492 non
1072 466 1172 493 idcirco
1191 470 1280 494 tamen
1302 466 1467 502 justiﬁcatus
1482 476 1551 496 sum.
1578 470 1684 498 Utinam
1703 472 1774 499 l'ruat

996 511 1089 539 bestiis
1106 511 1160 540 illis
1177 519 1237 547 qua:
1259 513 1324 540 mihi
1348 519 1449 548 parata:
1461 520 1524 542 sunt
1538 517 1544 542 l
1566 516 1638 549 Quas
1653 519 1775 552 equidem

995 563 1059 591 opto
1082 562 1110 584 ut
1134 558 1333 592 quamprimum
1356 559 1504 587 inveniant.
1527 561 1691 596 Palpaturus
1718 571 1776 590 snm

994 610 1051 634 eas,
1067 608 1096 630 ut
1111 611 1152 630 me
1167 603 1295 631 celeriter
1312 605 1451 638 devorent,
1472 614 1521 633 nec
1538 612 1610 634 metu
1625 608 1777 636 absterrita:

995 649 1059 676 mihi
1083 655 1214 683 parcant,
1239 651 1465 685 quemadmodum
1490 653 1628 687 aliquibus
1647 662 1777 689 peperce-

995 701 1066 723 runt.
1080 696 1156 730 Quod
1169 698 1191 723 si
1207 696 1277 723 forte
1294 697 1468 729 recusabunt,
1485 706 1534 734 ego
1550 707 1597 727 eas
1613 701 1639 727 vi
1656 701 1776 735 adigam.

994 741 1104 770 Veniam
1129 742 1195 769 mihi
1219 742 1292 769 date.
1307 742 1375 769 Novi
1397 743 1526 777 quidnam
1548 745 1613 771 mihi
1631 746 1776 773 conducat.

992 785 1067 813 Nunc
1081 786 1188 813 tandem
1203 786 1303 818 incipio
1318 794 1379 814 esse
1393 788 1543 822 discipulus
1565 788 1678 817 Christi.
1697 789 1774 818 Nulla

993 840 1036 860 res
1052 837 1105 859 tam
1122 839 1215 860 earum
1237 840 1298 868 qua:
1316 833 1512 867 adspectabiles
1529 839 1592 862 sunt
1603 855 1611 868 ,
1630 844 1711 870 quam
1728 844 1776 864 ea-

955 877 976 903 B
992 886 1049 905 rum
1062 886 1122 913 qua:
1145 879 1196 906 sub
1211 879 1305 906 oculos
1330 887 1383 906 non
1399 879 1518 913 cadunt,
1535 881 1656 908 animum
1684 889 1773 909 meum

989 924 1089 958 capiat,
1108 923 1211 951 utJesu
1233 924 1342 952 Christo
1363 924 1464 958 possim
1484 926 1577 960 potiri.
1594 925 1675 962 Ignis,
1694 935 1772 960 crus,

989 969 1138 997 bestiarum
1163 971 1279 1006 impetus
1292 990 1300 1003 ,
1315 971 1418 998 ossium
1435 972 1574 999 distractio
1588 993 1596 1005 ,
1621 974 1772 1003 confractio

989 1016 1170 1043 membrorum
1185 1035 1193 1048 ,
1218 1023 1250 1043 ac
1267 1016 1350 1044 totius
1371 1017 1493 1052 corporis
1508 1018 1632 1046 conlusio
1645 1039 1653 1052 ,
1671 1019 1770 1048 diaboli

987 1061 1102 1095 denique
1118 1061 1248 1096 supplicia
1259 1061 1284 1088 in
1301 1069 1343 1089 me
1357 1070 1438 1089 unum
1457 1062 1609 1096 incursent,
1624 1064 1770 1093 dummodo

986 1106 1092 1134 Christo
1116 1106 1169 1133 frui
1192 1106 1256 1134 mihi
1273 1107 1364 1134 liceat.
1388 1116 1397 1133 ι
1418 1107 1450 1135 Et
1467 1108 1523 1136 haec
1545 1108 1655 1144 quidem
1678 1110 1722 1138 ille
1736 1119 1770 1138 ex

985 1151 1048 1178 Asia
1065 1150 1098 1178 ad
1121 1150 1257 1188 Ecclesias
1277 1152 1403 1186 superius
1420 1159 1583 1182 memoratas
1600 1156 1768 1191 perscripsit.

985 1196 1081 1224 Postea
1105 1203 1170 1224 vero
1192 1204 1208 1224 a
1226 1197 1342 1232 Smyrna
1368 1198 1484 1226 ulterius
1507 1206 1667 1234 progressus
1683 1221 1690 1233 ,
1706 1210 1767 1229 cum

984 1243 1117 1270 Troadem
1131 1243 1262 1276 venisset,
1282 1243 1345 1271 inde
1359 1244 1392 1271 ad
1411 1244 1650 1279 Philadelphenscs
1664 1247 1768 1276 litteras

983 1288 1056 1315 dedit
1068 1307 1076 1320 ,
1089 1292 1117 1315 et
1135 1288 1167 1315 ad
1184 1288 1386 1323 Smyrnzeorum
1401 1288 1550 1316 Ecclesiam
1564 1309 1572 1322 ,
1586 1291 1767 1327 privatimque

983 1333 1015 1361 ad
1030 1333 1206 1369 Polycarputn
1221 1341 1316 1361 eorum
1333 1334 1500 1369 episcopum.
1517 1335 1601 1369 Quem
1624 1344 1685 1364 cum
1701 1345 1766 1372 apo-

981 1378 1106 1407 stolicum
1116 1379 1203 1406 virum
1212 1386 1272 1406 esse
1286 1379 1363 1414 plane
1375 1385 1561 1414 cognosceret,
1573 1381 1623 1416 ipsi
1638 1387 1764 1418 tanquam

980 1495 1022 1518 est
1044 1498 1075 1517 ac
1099 1491 1119 1517 si
1145 1490 1257 1517 dixisset
1281 1490 1422 1525 lgnatius:
1442 1490 1528 1518 Nemo
1554 1491 1620 1519 mihi
1645 1491 1763 1520 invideat

981 1526 1048 1552 hanc
1069 1525 1181 1560 gloriam
1198 1525 1324 1561 discipuli
1340 1525 1465 1561 Christi,
1488 1533 1567 1561 nemo
1591 1534 1633 1554 tne
1650 1527 1683 1554 ab
1705 1527 1763 1561 ejus

978 1561 1118 1594 complexu
1134 1560 1251 1587 divellat.
1268 1560 1368 1587 Alludit
1383 1561 1456 1588 enim
1478 1560 1665 1588 sanctissimus
1690 1560 1762 1588 mar-

977 1601 1030 1630 tyr.
1050 1601 1077 1622 ut
1092 1600 1119 1622 et
1134 1595 1196 1621 alibi
1214 1595 1290 1626 solet.
1306 1596 1338 1622 ad
1359 1596 1440 1622 verba
1463 1595 1506 1621 illa
1523 1597 1638 1629 apostoli
1660 1596 1733 1624 Pauli
1749 1605 1757 1624 :

976 1631 1042 1663 Quis
1062 1639 1102 1656 me
1123 1630 1251 1664 separabit
1271 1631 1432 1666 are/raritate
1452 1630 1572 1657 Christi?
1591 1631 1619 1658 Si
1637 1633 1698 1666 quis
1721 1637 1760 1659 la-

976 1673 1036 1702 men
1059 1665 1296 1702 Cbristopliorrsoni
1322 1673 1353 1691 ac
1369 1664 1481 1702 Musculi
1505 1664 1657 1702 versionem
1682 1667 1759 1702 sequi

974 1701 1058 1732 malit,
1071 1701 1143 1735 quod
1163 1700 1270 1735 quidem
1288 1705 1379 1735 etinos
1395 1700 1518 1732 l‘ecimm,
1544 1700 1757 1728 subaudiendum

973 1741 1014 1762 est
1027 1734 1136 1762 verbum
1155 1734 1309 1770 συμΰαίνοι.
1323 1734 1417 1770 Posset
1427 1735 1508 1761 etiam
1523 1742 1574 1770 non
1591 1737 1759 1770 incommode

973 1770 1047 1806 locus
1062 1770 1105 1796 hic
1120 1770 1157 1806 ita
1173 1771 1295 1806 restitui:
1308 1769 1365 1806 Νῦν
1386 1769 1504 1806 άρχομαι
1526 1769 1650 1806 μαθητὴς
1669 1769 1757 1804 εἶναι,

974 1805 1054 1840 μηδέν
1074 1813 1103 1830 τε
1117 1804 1236 1840 ζηλῶσαι
1249 1804 1302 1830 τῶν
1318 1804 1422 1839 ὁρατῶν
1436 1805 1481 1831 καὶ
1492 1804 1704 1840 ἀοράτωνίριιω
1718 1807 1757 1834 lt:-

973 1839 1026 1866 ctio
1041 1840 1105 1866 mihi
1120 1839 1227 1872 quidem
1243 1839 1320 1866 valde
1340 1840 1438 1873 placet.

1006 1874 1062 1910 (68)
1087 1873 1231 1908 Ἀλεσμοί.
1253 1873 1381 1908 Ἀλησμοί
1402 1875 1547 1910 ΕΧνεοόίςθ
1572 1875 1656 1908 Regio
1673 1875 1755 1902 edidit

972 1909 1133 1942 Stephanus.
1149 1910 1202 1935 Sed
1216 1910 1241 1935 in
1256 1909 1340 1935 tribus
1355 1909 1464 1943 reliquis
1480 1911 1608 1944 scriptum
1623 1914 1666 1937 est
1693 1910 1754 1937 ἀλε-

972 1944 1044 1978 σμοί,
1056 1945 1128 1979 quod
1143 1944 1327 1979 eSlJltfllallllB.

1005 1977 1143 2014 (lim-0021
1160 1977 1221 2014 οἷδ’
1235 1979 1345 2005 ὁπόθεν
1368 1977 1481 2012 ῥητοῖς.
1508 1977 1569 2006 Hinc
1591 1979 1623 2006 de
1645 1979 1754 2008 Christo

971 2013 1089 2040 narratio
1106 2014 1136 2049 ll.
1160 2013 1255 2048 lgnatii
1277 2014 1472 2049 desumplarcst
1486 2021 1518 2040 ex
1543 2015 1687 2049 Evangelia
1709 2024 1753 2042 se-

969 2050 1085 2075 cundum
1104 2048 1238 2079 Hebraeos,
1263 2048 1390 2082 quod,ab
1411 2048 1525 2075 Eusebio
1548 2048 1676 2076 omiséum
1705 2055 1752 2077 aut

968 2084 1129 2118 ignoratum,
1143 2083 1234 2110 docuit
1251 2091 1299 2110 nos
1315 2082 1491 2118 Hieronymus
1504 2084 1529 2110 in
1551 2084 1619 2111 libro
1635 2084 1672 2111 De
1687 2085 1752 2111 scri-

966 2118 1084 2152 ptoribus
1108 2119 1308 2153 ecclesiasticis,
1325 2118 1367 2144 ttbi
1394 2118 1426 2144 de
1443 2118 1545 2152 lgnatio
1568 2119 1686 2153 loquitur
1709 2120 1752 2147 his

968 2154 1079 2180 verbis:
1103 2152 1175 2189 Inde
1193 2154 1327 2188 egrediens
1357 2153 1459 2185 scripsit
1485 2153 1520 2179 ad
1551 2152 1702 2189 Smyrnam:
1725 2160 1750 2182 et

966 2189 1071 2222 proprie
1099 2189 1134 2214 ml
1162 2188 1350 2223 Polycnrpunt,
1380 2189 1564 2215 commendans
1588 2189 1628 2215 illi
1655 2190 1749 2215 Antio-

965 2224 1081 2250 chensem
1109 2223 1262 2249 Ecclesium.
1282 2222 1314 2249 lu
1345 2231 1396 2258 qua
1415 2229 1437 2248 et
1460 2224 1492 2249 de
1519 2224 1660 2258 Evangelia
1680 2225 1749 2256 quod

964 2266 1047 2291 nuper
1069 2267 1084 2284 α
1109 2267 1149 2284 me
1176 2258 1332 2284 lranslulum
1358 2263 1413 2288 est,
1435 2259 1481 2284 sub
1510 2267 1621 2291 persona
1652 2259 1749 2284 (.ltrt'sti

962 2297 1035 2326 ponit
1054 2293 1248 2324 testimonium,
1272 2293 1359 2319 dicens
1377 2299 1386 2318 :
1404 2302 1412 2317 ι
1433 2292 1487 2327 Ego
1506 2302 1563 2319 tero
1586 2299 1608 2319 et
1628 2298 1685 2327 past
1708 2302 1749 2319 re-

963 2329 1150 2354 surrectionem
1166 2328 1192 2353 iu
1214 2335 1291 2354 carne
1309 2336 1368 2354 euut
1382 2327 1451 2358 vidi,
1470 2334 1492 2354 et
1513 2328 1589 2354 credo
1613 2329 1680 2362 quia
1701 2330 1745 2356 sit.

963 2362 997 2389 Et
1011 2363 1116 2396 quando
1129 2363 1198 2389 venit
1211 2363 1245 2388 ad
1259 2362 1378 2393 Petrum,
1389 2367 1413 2387 et
1427 2363 1461 2388 ad
1475 2370 1518 2388 eos
1534 2364 1577 2395 qui
1591 2371 1649 2388 cum
1669 2361 1746 2389 Petro

961 2405 1045 2430 erant,
1067 2398 1132 2423 dixit
1153 2399 1211 2424 eis:
1228 2398 1294 2423 licte
1311 2397 1415 2431 palpate
1435 2405 1473 2423 me
1491 2404 1512 2423 et
1531 2398 1614 2424 videte
1628 2405 1667 2423 me
1683 2400 1745 2432 quia

962 2440 1013 2458 non
1028 2440 1085 2459 sum
1099 2432 1257 2458 dwuwnium
1274 2432 1450 2465 incorporale,
1463 2441 1472 2456 ι
1488 2438 1539 2458 etc.
1558 2431 1628 2458 ldcm
1651 2431 1747 2458 sciitnt

962 2467 987 2494 in
1005 2467 1051 2496 lib.
1065 2475 1128 2494 xvut
1143 2466 1407 2500 gCommentariorum
1427 2467 1451 2492 in
1474 2467 1585 2492 lsuiunt.
1609 2465 1673 2493 Vide
1696 2467 1745 2494 Us-

961 2503 1061 2528 scrinm
1077 2503 1102 2528 in
1127 2501 1345 2528 adnotationibus
1363 2502 1395 2527 ad
1411 2501 1537 2534 epistolas
1555 2501 1661 2534 lgnatii,
1677 2509 1739 2535 pag.

959 2536 1005 2568 43,
1021 2542 1047 2564 et
1063 2537 1170 2564 Petrum
1186 2535 1347 2563 llalloixium
1362 2537 1387 2562 in
1403 2537 1588 2563 notationibus
1602 2536 1637 2563 ad
1657 2536 1742 2563 lium

960 2572 1070 2606 lgnalii,
1087 2579 1145 2605 cap.
1163 2571 1188 2607 _1,
1203 2579 1264 2605 pag.
1277 2570 1339 2607 585.
1385 2605 1389 2607 _
1452 2606 1455 2607 ν
1484 2603 1491 2607 _

995 2607 1050 2641 (7U)
1076 2606 1145 2640 Ἐγὼ
1157 2605 1190 2631 δὲ
1201 2607 1250 2632 καὶ
1264 2605 1338 2640 μετὰ
1362 2605 1419 2639 τὴν
1441 2605 1622 2632 ἁνᾶστασιν.
1646 2606 1672 2632 In
1696 2613 1742 2632 en—

960 2643 1017 2668 tliee
1033 2641 1160 2668 Meditu'eo
1175 2643 1224 2667 hoe
1244 2641 1364 2667 scltoliott
1381 2642 1413 2666 ad
1432 2642 1578 2674 ittargineut
1597 2642 1742 2673 ascriptum)

959 2678 1047 2704 inveni
1062 2685 1068 2702 :
1087 2677 1156 2711 Ὅρα
1167 2676 1212 2701 τὸν
1226 2676 1309 2710 ἄνδρα
1320 2675 1414 2701 τοῦτον
1427 2675 1468 2711 μὴ
1487 2675 1535 2710 τὴν
1552 2675 1633 2711 {ipth
1652 2676 1742 2708 δόξαν,

957 2712 1077 2747 καὶπερὶ
1091 2709 1182 2752 τῆςλὲξι
1192 2709 1297 2752 νεκρῷν
1316 2711 1384 2752 μετὰ
1401 2709 1526 2752 σώματος
1540 2709 1741 2752 εἶναι’κρείττο-

957 2755 1001 2778 νος
1029 2746 1076 2773 καὶ
1103 2746 1239 2781 ἀφθάρτου
1265 2746 1454 2778 ἀναστάσεως,
1479 2746 1584 2780 ἔχοντα,
1614 2746 1666 2772 κὰν
1687 2747 1742 2776 τοῖς

957 2782 1046 2813 ἄλλοις
1064 2782 1137 2808 ἐστὶν
1161 2781 1334 2815 ἁξιὰγαστος.
1359 2782 1386 2807 ld
1410 2786 1472 2807 est:
1495 2782 1557 2808 γιαε
1573 2786 1599 2807 ut
1623 2790 1661 2808 utr
1683 2782 1740 2811 ine,

957 2818 1055 2851 alioqui
1068 2818 1242 2843 admiratione
1256 2817 1362 2849 dignus,
1374 2824 1424 2842 non
1437 2823 1503 2843 recte
1513 2821 1589 2842 sentit
1607 2817 1639 2842 de
1654 2823 1737 2842 mur-

957 2850 1069 2879 rectione
1084 2858 1257 2879 mortuorum.
1274 2851 1306 2878 In
1325 2859 1377 2880 qua
1395 2859 1488 2886 corpus
1502 2851 1583 2878 multo
1599 2850 1684 2886 perfec
1698 2858 1739 2876 ius
