1993 3164
139 165 191 193 297

634 164 805 193 HISTORIA:
825 163 1104 192 ECCLESJASTICE
1125 163 1189 191 ΗΒ.
1210 163 1254 191 lll.

1705 166 1757 193 “:33

141 225 344 258 συγκατατάτζαι
374 227 431 257 ταῖς
453 226 610 261 ἑρμηνείαις
624 227 690 260 (77),
720 225 921 261 διαϐεϐαιούμε-

976 229 1068 253 nostra
1096 231 1202 258 quoque
1216 223 1368 250 assertione
1395 223 1528 250 firmetur.
1552 223 1610 251 Non
1632 225 1715 257 enim,
1729 232 1759 252 ut

140 279 184 302 νος
201 271 271 305 ὑπὲρ
286 270 374 297 αὐτῶν
387 271 523 307 ἀλήθειαν.
534 272 570 298 Οὺ
585 272 637 307 γὰρ
655 274 711 304 τοῖς
727 273 760 298 τὰ
782 272 866 298 πολλὰ
880 272 923 297 λέ-

140 324 233 350 γουσιν
246 316 354 352 ἔχαιρον
374 316 468 351 ὥσπερ
481 318 505 343 οἱ
522 317 622 349 πολλοὶ,
646 317 712 344 ἀλλὰ
736 319 792 349 τοῖς
819 317 922 352 τάληθῆ

139 362 306 388 διδάσκουσιν
318 370 326 378 ·
343 362 403 388 οὐδὲ
427 363 481 394 τοῖς
498 363 544 394 τὰς
566 363 708 397 ἀλλοτρίας
723 364 831 395 ἐντολὰς
857 373 923 398 μνη-

141 407 308 442 μονεύουσιν,
318 407 386 434 ἀλλὰ
399 409 454 440 τοῖς
468 408 517 439 τὰς
528 408 602 444 παρὰ
611 409 656 435 τοῦ
673 410 774 445 Κυρίου
788 412 820 445 τῇ
834 410 922 436 πίστει

138 454 292 489 δεδομένας,
307 454 354 481 καὶ
369 454 415 481 ἀπ’
430 454 514 488 αὐτῆς
537 455 757 490 παραγινομένας
781 455 831 490 τῆς
858 456 923 490 ἁλη-

139 498 222 529 θείας.
236 498 266 524 Εί
280 498 309 524 δέ
322 507 371 524 που
389 499 435 525 καί¹
450 498 696 534 παρηκολουθηκώς
721 508 762 531 τις
782 501 837 531 τοῖς
854 509 919 535 πρε-

139 543 279 579 σϐυτέροις
294 543 375 576 ἔλθοι,
385 544 447 575 τοὺς
457 544 509 571 τῶν
522 545 710 580 πρεσϐυτέρων
723 546 862 581 ἀνέκρινον
880 546 923 572 λό-

138 597 202 622 γους
213 597 220 604 '
234 589 260 616 τί
275 590 409 626 Ἀνδρέας,
423 590 439 625 ἢ
455 590 480 616 τί
504 591 604 625 Πέτρος
615 589 700 623 εἶπεν,
745 591 770 617 τί
781 591 920 623 Φίλιππος,

137 635 154 670 ἢ
169 635 194 660 τί
209 636 346 670 Θωμᾶς,ἢ
368 636 510 668 Ἰάκωϐος·
524 637 540 672 ἦ
553 636 578 662 τί
593 636 726 672 Ἰωάννης,
742 637 759 672 ἢ
774 637 920 668 Ἁίατθαῖος·

138 680 155 715 ἦ
174 689 215 712 τις
232 681 324 715 ἕτερος
337 681 391 708 τῶν
407 682 454 708 τοῦ
480 681 582 718 Κυρίου
605 683 746 717 μαθητῶν,
766 683 783 708 'c'L
800 692 828 709 τε
854 683 923 718 Ἀρι-

138 726 229 759 στίων,
242 727 288 752 καὶ
304 728 317 753 ὁ
335 727 516 763 πρεσῦύτερος
551 728 684 763 Ἰωάννης,
707 729 731 755 οἱ
752 728 798 755 τοῦ
820 729 921 765 Κυρίου

92 781 95 784 '
139 771 405 807 μαθηταὶ,λέγουσιν.
419 773 456 799 Οὐ
471 773 523 809 γὰρ
541 774 572 800 τὰ
588 775 619 801 ἐκ
634 774 686 800 τῶν
709 774 816 809 βιϐλίων
828 775 922 801 τοσοῦ-

138 817 183 843 τόν
202 825 235 851 με
251 817 364 852 ὠφελεῖν
382 819 586 854 ὑπελάμϐανον,
608 820 669 846 ὅσον
684 820 718 846 τὰ
732 820 806 855 παρὰ
834 820 922 855 ζώσης

137 862 228 897 φωνῆς
244 863 290 889 καὶ
311 864 451 899 μενούσης.
473 875 481 890 ι
510 865 594 892 Ἔνθα
615 866 662 891 καὶ
685 864 830 900 ἐπιστῆσαι
850 864 922 897 ἄξιον

976 271 1099 306 plerique
1111 269 1211 301 solent,
1225 277 1274 296 eos
1289 276 1408 303 unquam
1425 273 1546 297 sectatus
1562 277 1620 297 sum
1639 271 1684 304 qui
1701 279 1760 300 vet-

975 318 1017 344 bis
1032 318 1182 349 ailluercnt,
1201 317 1247 343 sed
1263 324 1309 344 eos
1329 316 1419 350 potius
1434 316 1480 350 qui
1497 324 1588 343 verum
1607 318 1758 352 docerent;

977 371 1026 390 nec.
1039 371 1086 390 eos
1101 363 1145 396 qui
1164 370 1232 389 nova
1255 361 1378 396 quaedam
1406 366 1434 388 et
1459 362 1587 389 inusitata
1612 369 1758 397 prmcepta.

976 410 1024 436 sed
1040 409 1101 436 illos
1122 408 1167 442 qui
1186 407 1289 434 Domini
1306 407 1432 434 mandata
1449 406 1475 433 in
1495 407 1588 441 ﬁguris
1607 409 1716 441 tradita,
1731 412 1759 434 et

975 454 1010 481 ab
1037 454 1092 488 ipsa
1115 453 1230 481 veritate
1255 451 1375 486 profecta
1410 453 1612 479 memorabant.
1636 455 1711 487 Quod
1736 463 1758 481 st

976 499 1036 532 quis
1049 498 1184 525 interdum
1205 497 1269 524 mihi
1284 497 1447 524 occurrebat
1463 497 1509 532 qui
1526 505 1586 524 cum
1603 499 1760 526 senior-ibus

976 548 1098 571 versatus
1115 543 1221 577 fuisset,
1237 550 1269 570 ex
1283 550 1316 570 co
1329 543 1438 570 curiose
1453 543 1615 571 sciscitabar
1632 553 1758 579 quaenam

975 594 1066 615 essent
1084 588 1221 615 seniorum
1242 588 1315 615 dicta
1337 595 1345 614 :
1364 587 1429 622 quid
1455 587 1589 619 Andreas,
1615 590 1679 622 quid
1708 589 1758 617 Pe-

977 639 1045 666 trus,
1059 634 1123 668 quid
1143 634 1292 669 Philippus,
1309 635 1374 668 quid
1395 634 1525 666 Thomas,
1544 635 1609 669 quid
1630 634 1758 669 Jacobus,

976 681 1040 713 quid
1051 679 1181 711 Joannes,
1195 679 1259 714 quid
1279 679 1432 712 Matthmus,
1451 679 1514 713 quid
1537 681 1628 706 cancri
1654 680 1759 707 Domini

975 725 1098 759 discipuli
1115 725 1205 752 dicere
1222 724 1293 752 soliti
1307 730 1419 751 essent:
1436 724 1565 759 quidnam
1584 725 1718 757 Aristion,
1733 730 1761 752 et

974 771 1092 799 Joannes
1107 771 1257 805 presbyter,
1283 770 1408 805 discipuli
1433 771 1548 803 Domini,
1566 772 1758 806 przedicarent.

976 817 1067 853 Neque
1081 819 1153 846 enim
1167 826 1200 844 ex
1215 818 1347 845 librorum
1370 818 1487 845 lectione
1505 822 1607 845 tantam
1627 826 1670 845 me
1685 819 1761 846 utili-

978 869 1059 890 tatem
1073 871 1171 898 capere
1192 870 1271 898 posse
1286 863 1490 895 existimabam,
1514 869 1643 898 quantam
1658 873 1690 891 ex
1712 865 1761 892 ho-

135 907 175 939 δὶς
193 910 406 944 καταριθμοῦντι
418 911 492 946 αὐτῷ
508 911 538 938 τὸ
563 911 684 938 Ἰωάννου
705 911 790 947 ονομα
802 921 809 928 ·
826 909 863 939 ὦν
879 913 921 939 τὸν

977 911 1078 936 mintnn
1103 910 1191 936 adhuc
1206 910 1380 944 superstitum
1399 910 1458 936 viva
1478 918 1555 937 voce.
1576 919 1585 936 ι
1612 910 1717 944 Quibus
1732 912 1758 939 in

137 953 185 989 μὲν
201 955 333 990 πρότερον
346 956 441 992 Πέτρῳ
455 957 500 983 καὶ
521 957 650 992 Ἰακώϐῳ,
669 957 715 984 καὶ
725 957 864 992 Ματθαίῳ,
878 958 924 984 καὶ

135 1001 191 1031 τοῖς
207 1000 310 1032 λοιποῖς
323 1002 479 1033 ἀποστόλοις
493 1003 702 1037 συγκαταλέγει,
720 1002 813 1037 σαφῶς
837 1002 924 1038 δηλῶν

134 1044 180 1071 τὸν
194 1044 392 1080 εὐαγγελιστήν
402 1055 408 1061 ·
427 1046 472 1072 τὸν
492 1046 520 1073 δ’
531 1047 622 1083 ἕτερον
637 1046 761 1083 Ἰωάννην
773 1047 924 1078 διαστείλας

135 1090 179 1118 τὸν
195 1091 285 1125 λόγον,
297 1091 400 1127 ἑτέροις
416 1092 491 1127 παρὰ
503 1092 547 1118 τὸν
557 1092 610 1119 τῶν
627 1092 782 1119 ἀποστόλων
807 1092 923 1128 ἀριθμὸν

136 1137 311 1168 κατατάσσει,
330 1137 465 1173 προτάξας
482 1138 563 1164 αὐτοῦ
573 1139 618 1164 τὸν
643 1138 810 1174 Ἀριστίωνα.
827 1138 923 1172 Σαφῶς

136 1191 165 1209 τε
179 1183 260 1209 αὐτὸν
277 1183 459 1219 πρεσϐύτερον
474 1184 609 1219 ὀνομάζει.
631 1184 675 1216 Ὠς
691 1185 738 1211 καὶ
753 1184 796 1211 διὰ
821 1184 923 1211 τούτων

136 1228 343 1255 ἀποδείκνυσθαι
356 1229 406 1264 τὴν
420 1229 540 1264 ἱστορίαν
553 1229 639 1264 ἀληθῆ
665 1229 718 1255 τῶν
737 1230 783 1256 δύο
797 1230 867 1256 κατὰ
874 1231 923 1266 τὴν

143 1274 234 1301 Ἀσίαν
247 1275 390 1310 ὁμωνυμίᾳ
412 1275 561 1311 κεχρῆσθαι
583 1275 742 1311 εἰρηκότων,
773 1276 818 1302 δύο
840 1285 870 1302 τε
895 1277 923 1303 ἐν

142 1320 247 1355 Ἐφέσῳ
261 1320 386 1355 γενέσθαι
397 1321 526 1356 μνήματα
539 1321 586 1347 καὶ
599 1320 727 1356 ἑκάτερον
747 1321 868 1348 Ἰωάννου
883 1321 922 1348 ἔτι

135 1365 182 1392 νῦν
199 1366 324 1400 λέγεσθαι
336 1375 342 1381 -
360 1364 401 1398 οἷς
409 1366 456 1392 καὶ
472 1367 618 1400 ἀναγκαῖον
635 1367 778 1402 προσέχειν
793 1367 837 1394 τὸν
849 1367 922 1394 νοῦν.

135 1412 216 1444 Εἰκὸς
226 1412 281 1448 γὰρ
297 1413 342 1438 τὸν
354 1412 478 1448 δεύτερον
492 1433 499 1444 ,
520 1413 543 1439 εἰ
564 1414 599 1447 μή
616 1421 658 1444 τις
673 1413 757 1440 ἐθέλοι
774 1413 819 1440 τὸν
847 1414 923 1450 πρῶ-

134 1467 191 1492 τον,
202 1460 252 1496 τὴν
269 1460 311 1485 ἐπ’
335 1459 465 1495 ὀνόματος
483 1461 636 1496 φερομένην
665 1461 785 1487 Ἰωάννου
809 1461 923 1488 Ἀποκά-

135 1503 213 1538 λυῲιν
225 1506 386 1540 ἑωρακέναι.
399 1506 452 1532 Καὶ
462 1506 476 1531 ὁ
490 1506 537 1532 νῦν
553 1506 580 1532 δὲ
593 1507 658 1541 ἡμῖν
679 1505 843 1541 δηλούμενος
864 1506 921 1532 Πα-

135 1550 210 1582 πίας,
229 1552 291 1582 τοὺς
320 1551 369 1586 μὲν
388 1551 441 1578 τῶν
459 1551 614 1578 ἀποστόλων
645 1552 739 1586 λόγους
772 1552 847 1587 παρὰ
868 1553 921 1579 τών

135 1595 226 1628 αὐτοῖς
258 1596 535 1632 παρηκολουθηκότων
562 1597 687 1632 ὁμολογεῖ
712 1597 917 1632 παρειληφέναι,

142 1641 312 1675 Ἀριστίωνος
329 1641 357 1667 δὲ
371 1642 418 1668 καὶ
432 1642 477 1668 τοῦ
491 1642 677 1677 πρεσϐυτέρου
699 1642 821 1668 Ἰωάννου
838 1643 922 1678 αὐτή--

136 1693 196 1712 κοον
208 1686 303 1712 ἑαυτὸν
318 1695 383 1721 φησι
397 1686 531 1720 γενέσθαι.
554 1687 696 1722 Ὀνομαστὶ
716 1687 779 1720 γοῦν
794 1687 922 1719 πολλάκις

137 1732 225 1758 αὐτῶν
241 1733 437 1767 μνημονεύσας,
454 1733 482 1758 ὲν
496 1735 550 1764 τοῖς
574 1733 656 1760 αὐτοῦ
671 1733 867 1768 συγγράμμασι
885 1733 923 1759 τί-

136 1776 215 1812 θησιν
227 1778 317 1806 αὐτῶν
331 1779 501 1813 παραδόσεις.
525 1779 580 1805 Καὶ
600 1779 685 1805 ταῦτα
702 1779 723 1805 δ’
741 1780 806 1814 ἡμῖν
820 1780 869 1806 οὐκ
884 1781 923 1811 εὶς

137 1821 166 1848 τὸ
179 1822 314 1858 ἄχρηστον
336 1823 462 1860 εἰρήσθω.
486 1824 576 1856 Ἀξιον
596 1823 624 1849 δὲ
644 1825 704 1854 ταῖς
735 1824 923 1856 ἁποδοθείσαις

136 1867 182 1894 τοῦ
198 1869 292 1895 [lania
310 1871 429 1903 φωναῖς,
445 1870 582 1905 προσάψαι
609 1870 695 1902 λέξεις
715 1870 811 1905 ἑτέρας
829 1870 921 1903 αὑτοῦ,

135 1912 168 1940 δι’
184 1911 222 1940 ὦν
240 1915 380 1950 παράδοξὰ
395 1924 454 1941 τινα
472 1916 573 1950 ἱστορεῖ
604 1915 651 1941 καὶ
673 1914 751 1946 ἄλλα,
767 1915 804 1946 ὡς
833 1915 865 1941 ἂν
892 1916 923 1941 ὲκ

136 1959 312 1994 παραδόσεως
326 1961 366 1992 είς
381 1961 461 1987 αὑτὸν
477 1961 596 1987 ἐλθόντα.
614 1961 650 1987 Τὸ
663 1961 711 1996 μὲν
727 1959 773 1987 οὖν
788 1961 859 1988 κατὰ
874 1961 923 1996 τὴν

141 2004 292 2039 Ἰεράπολιν
306 2006 436 2032 Φίλιππον
453 2006 498 2034 τὸν
514 2007 661 2033 ἀπόστολον
680 2007 737 2042 ἅμα
757 2009 818 2040 ταῖς
838 2007 922 2042 θυγα-

135 2052 215 2086 τράσι
228 2051 376 2087 διατρῖψαι,
392 2052 436 2079 διὰ
449 2053 502 2079 τῶν
522 2053 638 2088 πρόσθεν
652 2053 808 2089 δεδήλωται.
830 2054 874 2085 Ὠς
895 2054 922 2080 δὲ

137 2097 205 2123 κατὰ
220 2097 284 2128 τοὺς
299 2098 395 2130 αὐτοὺς
409 2099 423 2125 ὸ
434 2099 540 2131 Παπίας
555 2101 707 2135 γενόμενος,
717 2100 842 2136 διήγησιν
854 2109 923 2135 παρ-

150 2142 290 2177 ειληφέναι
306 2142 459 2178 Θαυμασίαν
478 2144 529 2171 ὑπὸ
542 2145 595 2172 τῶν
608 2144 655 2171 τοῦ
675 2145 808 2172 Φιλίππου
839 2145 922 2179 θυγα-

135 2187 220 2222 τέρων
234 2188 407 2223 μνημονεύει,
423 2189 458 2215 τὰ
473 2189 520 2216 νῦν
542 2190 717 2225 σημειωτέον.
742 2190 849 2225 Νεκροῦ
867 2189 921 2226 γὰρ

135 2233 281 2260 ἀνάστασιν
302 2235 363 2261 κατ’
381 2235 461 2262 αὑτὸν
471 2237 612 2270 γεγονυῖαν
630 2237 739 2272 ἱστορεῖ,
756 2236 802 2262 καὶ
822 2235 854 2262 αὖ
868 2236 921 2263 πά-

135 2279 174 2307 λιν
188 2281 282 2315 ἕτερον
306 2280 455 2316 παράδοξον
467 2283 530 2316 περὶ
552 2281 665 2308 Ἰοῦστον
681 2283 726 2308 τὸν
743 2281 922 2317 ἐπικληθέντα

137 2325 282 2362 Βαρσαϐἇν
299 2325 354 2361 (78)
377 2327 504 2360 γεγονὸς,
521 2327 557 2359 ὡς
587 2327 746 2362 δηλητήριον
777 2327 921 2363 φάρμακον

137 2372 281 2406 ὲμπιόντος
293 2373 339 2398 καὶ
354 2372 435 2407 μηδὲν
450 2373 529 2407 ἀηδὲς
545 2372 589 2399 διὰ
606 2373 653 2408 τὴν
663 2373 710 2399 τοῦ
726 2374 827 2407 Κυρίου
843 2373 922 2408 χάριν

137 2417 342 2452 ὑπομείναντος.
358 2417 458 2443 Τοῦτον
473 2417 500 2443 δὲ
514 2417 558 2444 τὸν
577 2417 692 2444 Ἰοῦστον
715 2419 782 2452 μετὰ
802 2418 851 2453 τὴν
875 2417 921 2444 τοῦ

136 2462 261 2498 Σωτῆρος
287 2462 438 2496 ἀνάληψιν,
462 2463 526 2494 τοὺς
551 2463 640 2498 ἱεροὺς
670 2463 833 2495 ἀποστόλους
852 2463 922 2497 μετὰ.

136 2507 246 2536 Ματθία
262 2508 359 2542 στῆσαί
376 2516 403 2534 τε
419 2509 465 2535 καὶ
489 2508 654 2540 ἐπεύξασθαι
671 2508 730 2535 ἀντὶ
750 2508 796 2534 τοῦ
827 2509 922 2544 προδό-

137 2576 235 2603 merito
266 2577 439 2611 reprehendit
469 2580 545 2604 vetus
571 2576 732 2603 scholiastes
756 2576 798 2602 his
819 2577 920 2609 verbis,

138 2618 197 2644 quas
212 2612 246 2638 ad
265 2613 416 2644 marginem
432 2612 534 2638 codicis
553 2611 682 2638 Mazarini
700 2613 818 2644 ascripta
835 2617 919 2644 sunt;

136 2642 168 2672 Τί
177 2654 218 2672 σοι
234 2646 281 2672 καὶ
293 2642 349 2678 τοῖς
363 2645 410 2672 τοῦ
424 2646 496 2682 ᾗεροζι
512 2642 818 2682 Κλήμεντοςδιαλόγοις,
843 2642 922 2677 ἐνοῖς

135 2682 201 2717 ὅσον,
212 2682 244 2707 τὸ
264 2681 361 2717 ὄφελος
378 2682 403 2707 οἱ
418 2681 626 2716 ὀρθοδόξωςκαὶ
643 2681 803 2717 εἰλικρινῶς
813 2682 921 2717 biga-tt»

136 2716 250 2751 χηκότες
263 2713 356 2750 σαφῶς
382 2713 590 2751 ἴσασιν.’¹Απαγε
603 2717 656 2743 τῶν
668 2713 865 2751 διασυρμῶν.ὦ
880 2716 923 2751 lo:

135 2750 252 2783 λίιώτατε
264 2759 270 2765 “
290 2752 414 2777 πείσεται
429 2751 482 2784 γάρ
498 2760 537 2777 σοι
552 2751 605 2778 τῶν
621 2751 689 2778 ὅλων
708 2750 794 2782 οὐδεὶς
809 2751 860 2785 τῆς
874 2750 920 2776 τοῦ

137 2785 201 2822 Θεοῦ
225 2786 402 2822 Ἐκχλησίας-
420 2786 466 2812 τοῦ
481 2786 637 2821 Κλήμεντος
652 2787 758 2813 ἅπαντα
772 2787 801 2813 ὲν
820 2793 918 2822 σεμνὲ)-

136 2821 255 2857 νομένοις
277 2817 337 2847 ἐστὶ
352 2823 408 2853 τοῖς
432 2817 573 2856 τροφίμοις
590 2817 639 2857 τῆς
658 2821 808 2853 εὐσεϐείας,
820 2817 864 2855 ὑφ’
880 2817 917 2847 ὧν

137 2856 326 2889 σπουδάζεται.

169 2891 223 2926 (77)
246 2891 471 2928 Συγηιατατάξαι
494 2891 559 2923 ταῖς
573 2892 749 2924 ἐραηνείιιις.
769 2891 806 2919 lta
820 2891 918 2926 legitur

293 2938 431 2968 Ρηιιοι.
457 2936 514 2968 Gn.
538 2937 605 2967 XX.

975 955 1066 982 verbis
1080 955 1145 981 illud
1169 955 1251 982 etiam
1266 955 1468 982 observandum
1489 962 1542 989 est,
1560 957 1601 984 bis
1615 958 1648 984 ab
1665 964 1697 984 eo
1711 965 1760 992 po-

975 1001 1055 1028 situm
1069 1008 1129 1027 esse
1143 1007 1240 1027 nomen
1252 1000 1377 1028 Joannis.
1393 1001 1426 1028 Et
1440 1001 1559 1036 priorem
1576 1002 1685 1037 quidem
1704 1010 1759 1030 una

975 1054 1036 1075 cum
1054 1046 1146 1079 Petro,
1161 1046 1272 1079 Jacoho,
1292 1047 1419 1074 Mattlimo
1441 1052 1468 1075 et
1487 1048 1602 1083 reliquis
1627 1049 1759 1083 apostolis

976 1097 1110 1124 recenset,
1135 1093 1200 1119 satis
1227 1093 1349 1120 indicans
1365 1101 1394 1121 se
1411 1094 1445 1121 de
1463 1095 1629 1130 evangelista
1653 1094 1759 1122 Joanne

975 1138 1057 1165 verba
1071 1137 1171 1166 facere.
1188 1137 1283 1165 Postea
1309 1146 1374 1166 vero
1400 1140 1522 1167 adhibita
1549 1141 1686 1168 sermonis
1704 1141 1760 1168 dis.

977 1183 1115 1216 tinctione,
1130 1184 1246 1210 alterum
1273 1183 1406 1211 Joannem
1427 1193 1487 1213 cum
1515 1186 1548 1214 iis
1573 1186 1689 1214 collocat
1712 1187 1759 1221 qni

975 1234 1051 1255 extra
1066 1237 1206 1256 numerum
1234 1234 1296 1255 sunt
1321 1230 1518 1263 apostolorum,
1545 1239 1706 1266 praeponens
1721 1231 1758 1258 illi

975 1275 1142 1301 Aristionem
1167 1275 1309 1308 quemdam
1337 1285 1343 1302 :
1368 1277 1546 1310 enmdemque
1568 1277 1758 1312 presbyterum

975 1320 1076 1347 diserte
1092 1320 1226 1347 nominat.
1239 1320 1298 1354 Quo
1315 1320 1345 1347 fit
1360 1325 1389 1347 ut
1401 1328 1463 1348 vera
1479 1322 1604 1349 videatur
1617 1329 1677 1349 esse
1695 1330 1759 1349 nar;

977 1366 1046 1393 ratio
1064 1365 1182 1397 illorum,
1199 1366 1244 1400 qui
1261 1367 1327 1394 duos
1362 1368 1455 1394 eodem
1478 1367 1587 1395 nomine
1607 1367 1759 1402 appellatos

976 1412 1002 1438 in
1022 1412 1085 1439 Asia
1106 1411 1207 1439 vixisse
1232 1412 1378 1439 dixerunt:
1399 1417 1427 1440 et
1454 1413 1524 1447 apud
1545 1413 1680 1448 Ephesum
1706 1413 1759 1441 duo

974 1465 1034 1485 esse
1062 1458 1198 1492 sepulcra,
1214 1462 1242 1485 et
1269 1463 1412 1492 utrumque
1425 1458 1537 1487 Joannis
1561 1460 1694 1487 hactenus
1709 1467 1758 1486 no-

974 1503 1082 1530 minari.
1100 1503 1188 1538 Atque
1202 1504 1252 1530 hoc
1268 1503 1484 1532 animadvertere
1501 1505 1528 1532 in
1552 1505 1647 1539 primis
1666 1512 1758 1532 neres-

947 1582 956 1591 ‘
974 1550 1075 1576 sarium
1090 1545 1174 1584 puto.‘
1187 1549 1342 1576 Verisimile
1357 1554 1398 1577 est
1412 1550 1483 1576 enim
1501 1550 1705 1579 Revelationem
1726 1553 1759 1581 il-

974 1596 1025 1622 lam
1043 1594 1155 1623 Joannis
1177 1596 1285 1623 nomine
1301 1596 1471 1631 inscriptam,
1495 1598 1517 1623 si
1540 1605 1592 1624 non
1624 1606 1637 1624 a
1668 1600 1758 1633 priore

974 1641 1029 1675 illo,
1047 1647 1121 1669 certe
1135 1642 1168 1668 ab
1184 1642 1234 1669 hoc
1252 1643 1403 1676 posteriore
1427 1643 1513 1669 visam
1537 1643 1634 1671 fuisse.
1661 1645 1693 1671 Et
1707 1644 1756 1672 l’a-

974 1689 1032 1723 pias
1056 1689 1165 1723 quidem
1189 1688 1222 1715 de
1245 1696 1297 1723 quo
1328 1695 1400 1716 nunc
1431 1696 1584 1716 sermonem
1611 1690 1755 1724 habemus,

974 1734 1155 1768 apostolorum
1172 1734 1254 1767 dicta,
1273 1735 1306 1761 ab
1321 1735 1353 1761 iis
1370 1734 1415 1769 qui
1440 1742 1500 1761 cum
1516 1735 1642 1769 apostolis
1657 1739 1756 1764 versati

974 1780 1092 1814 fuerant,
1109 1787 1139 1807 se
1152 1780 1289 1815 accepisse
1307 1779 1447 1814 profitetur
1459 1788 1466 1807 :
1478 1780 1622 1809 Aristionis
1633 1787 1759 1810 autemet

973 1825 1085 1853 Joannis
1099 1825 1248 1861 presbyteri
1268 1826 1417 1852 auditorem
1435 1833 1463 1852 se
1478 1826 1542 1853 dicit
1555 1826 1649 1854 fuisse.
1674 1827 1756 1855 Multa

973 1875 1047 1897 certe
1062 1877 1122 1904 qua:
1134 1869 1168 1897 ab
1186 1870 1220 1897 iis
1237 1869 1332 1896 tradita
1348 1875 1501 1904 acceperat,
1523 1871 1646 1903 ipsorum
1671 1872 1757 1898 norni-

974 1917 1056 1943 natim
1074 1915 1210 1943 mentione
1228 1915 1309 1948 facta,
1326 1916 1352 1942 in
1369 1915 1578 1943 Commentariis
1605 1917 1662 1943 suis
1678 1923 1756 1943 retu-

973 1963 1013 1990 lit.
1035 1963 1122 1997 Atque
1135 1963 1191 1990 hrec
1206 1962 1314 1997 quidem
1340 1970 1391 1990 non
1405 1961 1554 1996 superﬂue,
1572 1962 1650 1996 112
1671 1967 1699 1990 ut
1712 1971 1758 1989 ar—

973 2008 1071 2041 bitror,
1089 2016 1103 2035 a
1117 2008 1195 2035 nobis
1209 2008 1282 2035 dicta
1299 2008 1364 2034 sint.
1382 2007 1468 2035 Porro
1479 2014 1570 2042 operae
1582 2008 1698 2042 pretium
1713 2008 1756 2035 fu-

973 2053 1037 2084 erit,
1051 2061 1132 2087 supra
1143 2053 1233 2080 citatis
1245 2053 1334 2087 Papite
1350 2052 1442 2080 verbis
1472 2053 1526 2080 alia
1541 2053 1621 2080 etiam
1638 2054 1757 2087 ejusdem

974 2099 1127 2125 testimonia
1141 2098 1299 2134 adiungere,
1314 2099 1341 2125 in
1362 2098 1460 2133 quibus
1483 2099 1616 2127 miracula
1635 2100 1757 2134 quiedam

973 2151 1005 2170 ex
1025 2144 1139 2170 aliorum
1158 2143 1210 2171 fide
1232 2151 1258 2170 ar
1293 2143 1437 2170 traditione
1462 2149 1667 2172 commemorat.
1694 2144 1758 2171 Phi-

972 2188 1074 2224 lippum
1087 2189 1197 2224 quidem
1215 2188 1367 2224 apostolum
1385 2196 1437 2215 una
1454 2196 1515 2216 cum
1531 2188 1640 2216 ﬁliabus
1661 2188 1757 2216 Hiera-

975 2234 1029 2269 poli
1045 2235 1143 2268 degere
1159 2234 1267 2261 solitutn
1288 2235 1413 2268 superius
1430 2234 1582 2262 docuimus.
1600 2234 1678 2262 Nunc
1692 2243 1758 2262 vero

975 2280 1200 2314 quemadmodum
1217 2279 1325 2314 Papias,
1345 2280 1390 2314 qni
1410 2280 1507 2307 iisdem
1536 2280 1703 2314 temporibus
1718 2279 1758 2306 vi—

976 2325 1024 2356 xit,
1040 2325 1190 2352 mirabilem
1207 2326 1352 2359 quamdam
1368 2326 1554 2353 narrationem
1571 2333 1585 2351 a
1599 2324 1714 2359 Philippi
1727 2324 1759 2351 ﬁ-

974 2371 1060 2397 liabus
1090 2371 1228 2405 accepisse
1261 2379 1290 2398 se
1316 2372 1418 2403 refert,
1447 2378 1625 2405 exponamus.
1657 2370 1759 2398 Scribit

973 2416 1043 2442 enim
1060 2421 1194 2443 mortuum
1209 2425 1256 2443 sua
1271 2421 1350 2442 aetate
1363 2415 1396 2442 ad
1411 2415 1495 2442 vitam
1512 2423 1572 2443 esse
1588 2420 1756 2442 revocatum.

974 2461 1095 2488 Alterum
1113 2469 1223 2496 quoque
1236 2463 1332 2495 ingens
1348 2461 1507 2488 miraculum
1533 2461 1617 2488 refert
1632 2461 1665 2488 de
1679 2460 1758 2488 Juslo

974 2507 1018 2541 qui
1039 2507 1173 2534 Barsabas
1198 2509 1406 2542 cognominatus
1422 2511 1462 2534 est
1482 2515 1489 2539 ;
1516 2506 1561 2541 qui
1583 2514 1643 2533 cum
1658 2506 1757 2532 lethale

975 2574 1001 2601 in
1020 2575 1112 2601 codice
1129 2575 1222 2608 Regio,
1243 2580 1269 2601 et
1284 2580 1357 2601 recte
1372 2576 1492 2608 quidem,
1511 2578 1539 2600 ut
1553 2573 1658 2607 opinor.
1676 2573 1757 2600 Certe

976 2609 1089 2636 Rufinus
1107 2610 1177 2636 hunc
1198 2611 1285 2636 locum
1304 2611 1341 2636 ita
1361 2610 1433 2644 legit,
1454 2615 1481 2635 ut
1499 2617 1531 2635 ex
1554 2609 1679 2644 versione
1698 2608 1756 2642 cjm

974 2649 1107 2678 apparet:
1125 2644 1186 2671 Non
1214 2645 1308 2679 pigebit
1333 2643 1420 2670 autem
1443 2652 1489 2670 nos
1516 2644 1563 2669 tibi
1585 2643 1672 2679 omnia
1696 2651 1755 2677 quia

973 2679 1105 2713 quondam
1121 2688 1135 2704 η
1153 2678 1308 2714 presbyteris
1322 2680 1471 2709 didicimus,
1489 2683 1512 2705 et
1529 2679 1591 2714 bene
1602 2678 1755 2714 retinemus,
1775 2678 1777 2681 '

973 2714 1142 2740 recordantes
1168 2713 1294 2747 exponere
1317 2721 1376 2740 cum
1401 2713 1659 2747 interpretationibus
1687 2713 1752 2740 suis.

973 2747 1079 2783 Reliqui
1095 2753 1186 2775 tamen
1200 2744 1308 2776 codices
1323 2748 1406 2779 Maz.,
1421 2744 1490 2774 Med.
1508 2756 1538 2774 ac
1554 2744 1620 2774 Fuk.
1635 2755 1697 2774 cum
1708 2746 1757 2774 Ni-

973 2786 1090 2816 ceplioro
1111 2784 1241 2817 srriptum
1258 2784 1356 2811 habent
1371 2783 1506 2814 συντάξαι.

1007 2818 1061 2853 (78)
1089 2816 1223 2845 Ἰοῦστον
1239 2818 1292 2845 τὸν
1315 2818 1515 2851 ἐπικληθέντα
1535 2816 1704 2853 Βαρσαϐᾶν.
1724 2817 1752 2843 In

973 2852 1058 2879 tribus
1073 2855 1172 2881 nostris
1185 2854 1323 2881 codicibus
1339 2853 1418 2887 Μυκη
1434 2853 1502 2880 Med.
1519 2858 1547 2880 et
1561 2852 1620 2880 Fuk
1655 2852 1754 2887 legitur

971 2887 1139 2923 Βαρσαϐϐᾶν.

1561 2934 1598 2964 10
