1993 3164
258 146 309 174 299

611 147 746 176 EUSEBII
764 147 1003 176 CESARIENSIS
1021 148 1096 176 OPP.
1116 148 1207 176 PARS
1225 147 1245 177 Ι.
1261 163 1296 169 --
1314 148 1508 177 lllSTORlCA.

1823 149 1877 185 δυο

259 205 383 240 poculum
400 205 540 238 ebibisset,
559 209 650 233 tamen
671 205 718 233 Dei
734 206 840 240 adjutus
864 206 964 242 gratia,
979 206 1038 233 nul-

1090 215 1134 233 του
1155 206 1239 233 Ἰούδα
1255 207 1302 233 ὲπὶ
1319 206 1364 233 τὸν
1383 206 1481 241 κλῆρον
1506 205 1555 241 τῆς
1585 205 1803 241 ἀναπληρώσεως
1828 208 1876 233 τοῦ

259 250 312 277 lum
331 251 392 277 inde
415 251 520 286 accepit
537 252 752 279 incommodum.
777 250 854 279 Hunc
881 257 970 279 autem
990 251 1038 279 Ju-

257 300 328 323 stum
351 301 412 330 post
441 297 546 324 Domini
572 305 714 326 ascensum
741 305 756 325 a
778 297 881 325 sanctis
910 297 1040 332 apostolis

257 342 414 376 productum
430 350 490 370 esse
509 343 536 369 in
556 343 672 370 medium
692 351 754 370 cum
776 342 900 375 Mattltia,
923 343 1040 370 factam-

257 395 311 422 que
332 388 364 415 ad
390 388 473 416 Deum
491 390 685 423 precationem,
715 395 744 416 ιιι
770 389 839 416 alter
854 397 948 417 eorttm
967 393 1040 417 sorte

258 433 414 466 duceretur,
436 435 481 469 qui
499 435 524 461 in
541 435 629 462 locum
647 435 795 469 proditoris
810 434 887 463 Iuda:
907 435 1040 462 substitu-

258 483 302 507 tus
316 488 456 507 tnnnerum
474 481 592 514 ipsorum
607 481 738 515 expleret.
751 481 866 508 Actuum
884 481 951 507 liber
969 487 1040 507 com.

257 532 391 554 memorat
404 527 446 554 his
462 527 552 554 verbis
568 536 575 554 :
595 536 604 552 ι
626 527 657 553 Ει
677 531 832 554 statuerunt
844 527 922 557 duos,
940 525 1038 560 Joseph

257 573 303 608 qui
321 574 468 600 vocabatur
482 573 626 606 Barsabas,
642 574 687 608 qui
711 573 921 608 cognominatus
935 577 977 599 est
990 571 1039 599 Ju-

258 623 326 652 stus,
355 624 383 646 et
404 619 556 646 Matthiam.
574 612 616 646 'Et
641 623 747 645 orantes
772 618 908 646 dixerunt.
935 628 944 644 ι
969 618 1038 645 Idem

259 671 391 699 praeterea
407 666 524 700 scriptor
538 665 588 692 alia
606 664 732 692 ttonnulla
749 664 826 690 nuda’:
851 664 928 691 vocis
953 664 1035 690 tradi-

260 712 333 738 tione
356 712 388 738 ad
414 719 443 738 se
465 711 622 745 pervenisse
648 714 773 741 testatur,
800 717 885 737 novas
908 710 1039 744 quasdam

258 756 362 784 scilicet
378 755 530 783 Servatoris
545 755 686 790 parabolas
695 762 726 781 ac
739 755 957 789 prtedicationes,
970 755 1038 782 alia-

258 808 310 836 que
341 801 439 828 fabulis
459 801 594 835 propiora.
612 800 686 827 Inter
699 808 758 835 qum
773 806 800 827 et
814 801 886 828 mille
905 808 1038 828 annorum

258 847 373 882 spatium
389 852 448 881 post
462 854 606 881 corporum
626 847 855 873 resurrectionem
876 846 935 873 fore
962 846 1038 879 dicit,

1094 251 1183 279 αὐτῶν
1198 251 1326 287 ἀριθμοῦ,
1346 252 1363 287 ἡ
1390 252 1444 278 τῶν
1464 251 1592 286 Πράξεων
1618 247 1669 277 ὧδέ
1699 260 1757 283 πως
1775 253 1877 288 ἱστορεῖ

1094 298 1201 332 γραφή.
1221 307 1230 323 ε
1243 297 1297 324 Καὶ
1310 297 1427 332 ἔστησαν
1440 297 1503 328 δύο,
1526 295 1623 332 Ἰωσὴφ
1643 297 1689 323 τὸν
1711 297 1877 333 καλούμενον

1093 343 1236 378 Βαρσαῦᾶν
1250 343 1279 375 ὃς
1294 343 1428 378 ἐπεκλήθη
1456 343 1586 374 Ἰοῦστος,
1604 343 1651 368 καὶ
1666 343 1790 370 Ματθίαν
1800 353 1806 359 ·
1830 344 1879 371 καὶ

1094 389 1307 424 προσευξάμενοι
1321 386 1407 415 εἷπον.
1423 398 1432 414 ›
1449 388 1503 414 Καὶ
1519 388 1586 415 ἄλλα
1599 388 1627 414 δὲ
1636 389 1649 414 ὁ
1662 388 1741 420 αὐτὸς
1759 398 1877 424 συγγρα-

1093 435 1160 468 φεὺς
1176 435 1214 466 ὡς
1231 436 1262 461 ὲκ
1279 435 1450 471 παραδόσεως
1466 433 1586 469 ἀγράφου
1612 435 1651 465 είς
1673 434 1753 461 αὑτὸν
1777 435 1878 470 ἥκοντα

1094 481 1296 517 παρατέθειται,
1313 481 1390 514 ξένας
1406 480 1436 507 τέ
1455 489 1529 512 τινας
1543 480 1697 515 παραϐολὰς
1710 480 1756 506 τοῦ

1094 536 1139 562 ρος
1156 528 1202 553 καὶ
1215 526 1386 558 διδασκαλίας
1399 525 1491 559 αὑτοῦ,
1509 526 1553 552 καί
1583 534 1642 552 τινα
1665 525 1732 552 ἄλλα
1757 525 1878 560 μυθικὼ-

1092 581 1167 608 τερα.
1188 573 1232 598 Ἐν
1248 569 1287 604 οἷς
1304 572 1350 598 καὶ
1363 571 1467 606 χιλιάδα
1491 571 1551 597 τινΞι
1571 579 1651 606 φησιν
1670 570 1738 597 ἑτῶν
1766 571 1875 598 ἔσεσθαι

1095 617 1162 652 μετὰ
1173 617 1220 652 τὴν
1234 618 1266 644 ὲκ
1283 617 1388 652 νεκρῶν
1404 616 1562 647 ἀνάστασιν,
1586 616 1746 651 σωματικῶς
1763 617 1812 651 τῆς
1828 616 1875 643 τοῦ

1092 662 1209 698 Χριστοῦ
1228 661 1364 696 βασιλείας
1378 661 1424 687 ἐπὶ
1438 661 1552 696 ταυτησὶ
1575 660 1625 695 τῆς
1651 660 1702 696 γῆς
1725 661 1876 696 ὑποστησο-

1095 707 1187 743 μένης.
1209 708 1241 734 Ἀ
1255 707 1301 734 καὶ
1318 707 1437 742 ἡγοῦμαι
1452 707 1500 738 τὰς
1516 706 1695 738 ἀποστολικὰς
1713 706 1878 742 παρεκδεξά-

1094 762 1172 790 μενον
1187 754 1335 789 διηγήσεις,
1350 753 1502 780 ὑπολαϐεῖν.
1521 753 1552 780 τὰ
1567 755 1595 780 ὲν
1613 753 1790 788 ὑποδείγμασι
1807 753 1876 788 πρὸς

1093 798 1180 824 αὐτῶν
1193 797 1329 832 μυστικῶς
1348 797 1479 832 εἰρημένα
1499 797 1535 832 μὴ
1548 798 1746 833 συνεωρακότα.
1771 798 1876 833 Σφόδρα

1092 844 1146 878 γάρ
1159 852 1199 869 τοι
1214 843 1329 879 σμικρὸς
1344 843 1380 869 ὢν
1395 843 1440 870 τὸν
1458 843 1532 875 νοῦν,
1549 844 1585 875 ὡς
1599 843 1631 870 ἂν
1656 845 1687 870 ἐκ
1713 843 1767 870 τῶν
1792 844 1874 870 αὑτοῦ

258 897 311 923 quo
327 896 439 924 regnum
453 888 553 914 Christi
571 888 752 921 corporaliter
768 893 820 915 stet
845 889 871 914 in
893 888 959 915 orbe
985 893 1038 914 ter-

1090 889 1173 923 λόγων
1188 889 1394 925 τεκμηράμενον
1405 890 1502 920 εἰπεῖν,
1518 889 1640 923 φαίνεται
1651 898 1657 904 ·
1674 889 1743 925 πλὴν
1760 889 1806 916 καὶ
1820 891 1875 920 τοῖς

257 943 360 963 rarum.
387 935 450 968 Quae
471 934 581 969 quidem
596 935 632 961 ita
649 935 775 968 opinatus
790 941 851 961 esse
864 934 974 961 videtur
988 934 1038 960 Pa-

255 981 314 1016 pias
330 987 364 1008 ex
382 980 450 1007 male
464 980 608 1007 intellectis
624 979 806 1014 apostolorum
826 979 1036 1011 narrationibus,

255 1033 317 1053 cum
333 1033 363 1053 ea
379 1032 438 1060 qua!
449 1032 549 1052 arcano
561 1026 676 1059 quodam
689 1032 770 1051 sensu
784 1028 810 1050 et
823 1024 937 1057 exempli
954 1031 1037 1050 causa

255 1071 289 1098 ab
303 1070 354 1098 illis
367 1071 536 1101 dicebantur,
556 1070 687 1097 nonsatis
703 1070 874 1102 pervidisset.
891 1069 953 1096 Fuit
964 1069 1036 1095 enim

256 1117 384 1144 mediocri
398 1117 543 1143 admodum
561 1116 666 1150 ingenio
683 1116 822 1150 praeditus,
839 1120 868 1142 ut
880 1123 913 1142 ex
929 1115 1038 1149 scriptis

256 1162 328 1189 illius
345 1162 483 1196 conjicere
503 1162 575 1189 licet.
593 1161 735 1195 Plerisque
750 1167 840 1188 tamen
864 1165 925 1195 post
950 1160 1037 1194 ipsum

252 1205 451 1235 ecclesiasticis
463 1207 642 1242 scriptoribus
664 1207 784 1242 ejusdem
799 1207 902 1233 erroris
913 1207 1037 1233 occasio-

252 1263 318 1282 nem
340 1254 468 1290 praebuit,
497 1254 614 1281 hotninis
631 1258 764 1280 vetustate
779 1254 940 1281 sententiain
961 1260 1037 1279 suam

259 1301 415 1328 tuentibus:
440 1305 502 1335 puta
524 1299 633 1330 Irenaeo.
658 1305 686 1326 et
705 1300 727 1326 si
746 1300 807 1333 quis
828 1299 896 1326 alius
915 1298 1036 1332 ejusdem

252 1346 393 1381 opinionis
418 1345 507 1372 fautor
531 1345 645 1372 exstitit.
663 1345 736 1371 Alias
756 1351 862 1378 quoque
888 1343 1035 1378 supradicti

255 1391 402 1419 Aristionis
416 1391 603 1418 enarrationes
619 1397 774 1417 sermonum
803 1389 919 1421 Domini,
946 1393 972 1415 et
988 1388 1036 1415 Jo-

256 1439 337 1467 annis
360 1439 510 1474 presbyteri
536 1437 695 1464 traditiones
723 1435 805 1462 refert
825 1436 851 1462 in
871 1435 928 1462 suis
949 1434 1034 1462 libris.

257 1485 331 1518 Quas
346 1485 466 1512 discendi
479 1484 606 1511 studiosis
626 1483 764 1509 iudicasse
779 1482 910 1513 contenti,
929 1488 983 1508 rem
1002 1481 1036 1507 il-

256 1531 322 1564 lam,
349 1538 429 1565 quant
454 1530 486 1556 de
509 1529 598 1555 Marco
624 1527 790 1560 evangelista
818 1526 887 1553 itlem
916 1526 1037 1560 scriptor

256 1575 489 1606 commemoravit,
504 1573 691 1609 superioribus
706 1572 765 1605 ejus
780 1572 870 1598 verbis
891 1571 1036 1599 subnecte-
1050 1565 1070 1592 C

257 1628 327 1648 mus.
344 1630 353 1646 ‹
369 1619 466 1647 Aiebat
481 1618 575 1648 etiam,
586 1617 682 1651 inquit,
693 1617 833 1651 presbyter
846 1615 890 1642 ille
906 1614 1036 1648 Marcum,

257 1665 328 1694 Petri
339 1666 525 1698 interpretem,
537 1662 614 1696 113
629 1668 796 1696 quaecunque
811 1660 948 1687 memorize
961 1667 1037 1686 man-

257 1713 378 1742 daverat,
402 1710 544 1744 diligenter
565 1707 777 1742 perscripsisse:
804 1714 855 1733 non
882 1709 970 1732 tamen
993 1711 1038 1731 or-

256 1758 319 1784 dine
333 1756 500 1792 pertexuisse
514 1763 572 1790 qua:
591 1762 604 1781 a
619 1754 732 1782 Domino
748 1757 793 1779 aut
808 1753 881 1780 dicta
899 1756 946 1778 aut
958 1755 1036 1786 gesta

255 1803 373 1830 fuerant.
386 1801 478 1836 Neque
491 1803 564 1829 enim
582 1801 639 1834 ipse
661 1799 803 1826 Dominum
828 1797 968 1825 audiverat
990 1801 1037 1823 aut

252 1853 376 1877 sectatus
397 1847 485 1874 fuerat
503 1855 631 1882 unquam.
653 1845 705 1872 Sed
734 1852 795 1871 cum
819 1844 909 1877 Petro,
928 1843 1035 1874 utdixi,

251 1900 349 1931 postea
361 1899 484 1922 versatus
506 1899 557 1926 est,
577 1893 622 1928 qui
646 1900 694 1926 pro
709 1891 878 1919 audientium
904 1889 1035 1920 utilitate,

256 1949 310 1969 non
325 1947 390 1968 vero
410 1945 439 1967 ut
453 1947 609 1967 sermonum
620 1939 732 1967 .Dootiui
751 1937 889 1964 historiam
912 1940 1039 1962 contexe-

257 1991 311 2020 ret,
345 1986 519 2021 Evangelium
537 1985 710 2020 prmdicabal.
728 1983 860 2017 Quocirca
885 1982 952 2009 nihil
970 1989 1034 2016 pec-

251 2032 329 2059 cavit
343 2031 459 2062 Marcus,
474 2030 520 2066 qui
536 2029 662 2057 nonnulla
686 2030 723 2056 ita
745 2028 864 2063 scripsit,
879 2032 960 2062 prout
979 2025 1037 2059 ipse

257 2077 388 2103 memoria
403 2077 553 2110 repetebat.
576 2075 603 2102 id
619 2075 718 2109 quippe
746 2081 827 2100 unuut
855 2072 991 2100 studebat.
1007 2074 1036 2096 ut

256 2126 290 2146 ue
303 2119 374 2153 quid
390 2126 484 2146 eorum
500 2126 559 2153 quae
578 2119 710 2149 audierat,
732 2117 965 2152 praetermitteret,
991 2119 1038 2142 aut

257 2173 291 2193 ne
302 2164 367 2200 quid
379 2165 438 2192 falsi
459 2165 499 2192 eis
517 2164 663 2199 aﬂingeret.
678 2173 687 2190 ›
706 2163 768 2191 Haec
782 2163 816 2191 dc
833 2162 924 2189 Marco
939 2162 1037 2196 Papias

254 2215 359 2238 narrat.
375 2209 412 2236 De
426 2209 550 2236 Matthmo
563 2216 627 2236 vero
643 2209 682 2236 sic
697 2208 779 2236 habet
792 2207 1037 2241 :«Matthaausqui—

255 2255 329 2287 dem,
348 2254 447 2288 inquit,
463 2253 595 2280 Hebraico
609 2259 734 2280 sermone
749 2252 839 2279 divina
853 2251 964 2286 scripsit
975 2258 1037 2278 ora~
1056 2239 1076 2267 ί)

256 2301 318 2329 cula
340 2309 348 2328 :
377 2300 571 2335 interpretatus
593 2302 640 2326 est
658 2303 747 2324 autem
773 2297 960 2331 unusquisque
990 2296 1037 2323 illa

252 2352 335 2384 prout
355 2346 453 2382 potuit.
472 2354 481 2371 ι
500 2345 592 2372 Porro
611 2345 679 2371 idem
703 2343 798 2378 Papias
823 2342 984 2370 testimomis
1003 2350 1036 2369 ex

254 2393 347 2428 priore
358 2391 470 2420 Joannis
484 2390 615 2426 Epistola,
631 2394 665 2421 et
687 2397 720 2417 ex
744 2389 834 2423 priore
857 2388 948 2416 itidem
963 2387 1035 2415 Petri

279 2485 337 2522 (79)
345 2485 410 2512 Τῶν
416 2484 468 2522 τοῦ
476 2483 586 2518 Κυρίου
701 2481 864 2522 διηγήσεις.
878 2483 959 2522 Recte
971 2483 1040 2522 Mus-

254 2518 333 2550 culus
351 2520 530 2548 (narrationes
545 2520 631 2546 vertit.
650 2518 792 2554 Πνοίτὼθιιίιιι
808 2525 887 2554 sensu
901 2518 1039 2554 διηγήσεις

255 2560 370 2590 usurpat
381 2554 513 2582 Eusebius
525 2561 579 2580 non
593 2553 685 2580 semel.
702 2552 747 2579 Sic
759 2553 839 2588 paulo
853 2552 979 2580 autea'in‘
988 2554 1039 2581 hoc

255 2591 343 2617 capite
357 2590 424 2617 dixit
440 2599 447 2616 :
461 2590 494 2615 Ἀ
502 2589 549 2616 καὶ
559 2588 677 2617 ἡγοῦμαι
686 2588 735 2617 τὰς
747 2587 926 2617 ἀποστολικὰς
934 2596 1038 2617 παρεκ-

440 2599 447 2616 Ξ
461 2596 494 2615 Ἀ
502 2596 549 2616 και
559 2596 677 2616 τιγουμαι
686 2596 735 2616 τας
747 2596 926 2616 αποστολικας
934 2596 1038 2616 παρεκ-

254 2589 343 2659 capite
357 2590 424 2617 dixit
440 2599 447 2616 :
461 2590 494 2615 Ἀ
502 2589 549 2616 καὶ
559 2589 677 2629 ἡγουμαι
686 2589 735 2628 τὰς
747 2589 926 2628 ἀποστολικὰς
934 2596 1037 2629 παρεκ-

254 2626 283 2652 δε
301 2625 399 2661 άμενον
411 2624 560 2661 διηγήσεις.
579 2623 711 2661 Origettes
723 2631 749 2650 tn
824 2630 850 2661 tv
881 2622 918 2648 De
938 2631 1037 2656 punct—

255 2657 381 2694 νὶῦίΔιὰ
394 2657 472 2686 τοῦτο
485 2657 572 2694 ’ἡμεῖς
584 2658 639 2694 "ml.
657 2657 687 2683 τὸ
703 2658 732 2685 ὲν
744 2657 851 2694 mortem
862 2665 1038 2694 τινων-κατα-

309 2691 428 2730 νουμένῳ
446 2691 544 2730 βιϐλίῳ
563 2693 600 2729 τῷ
617 2694 747 2730 Ποιμένι,
768 2691 840 2719 οὕτω
859 2691 1036 2727 διηγούμεθα.

283 2728 324 2755 ide
337 2728 397 2763 quae
414 2728 504 2756 notavi
519 2728 552 2756 ad
568 2736 626 2763 cap.
644 2728 677 2763 14
691 2729 736 2756 lib.
755 2735 802 2755 vti.

292 2762 352 2797 (80)
370 2763 487 2797 Μάρκος
507 2762 693 2798 ἑρμηνευτὴς
708 2763 829 2796 Πέτρου.
854 2762 973 2798 Marcum
993 2762 1035 2788 in-

257 2795 401 2831 terpretem
414 2795 496 2825 'Peti-i
512 2795 590 2826 vocat
605 2795 685 2825 etiam
707 2795 889 2832 Hieronymus
905 2796 932 2822 in
953 2795 1035 2832 ϐαίη-τ

256 2833 325 2868 loga,
342 2839 374 2859 ex
389 2833 438 2868 hoc
455 2832 543 2868 Papia:
557 2834 625 2868 loco,
645 2838 673 2859 ιιι
694 2831 813 2868 ορίιιοτζ
824 2832 952 2868 tltnc‘est
964 2831 1035 2868 quod

255 2865 375 2902 plerique
389 2865 544 2896 Graecorum
561 2867 642 2895 Marci
656 2865 828 2902 Evangelium
852 2874 866 2892 a
888 2865 968 2893 Petro
995 2866 1034 2893 di-

1091 936 1148 970 μετ⁹
1161 935 1240 962 αὑτὸν
1251 935 1383 966 πλείστοις
1397 935 1469 965 ὅσοις
1481 934 1534 960 τῶν
1555 934 1787 969 ὲκκλησιαστικῶν
1799 954 1805 964 ,
1823 934 1874 969 τῆς

1088 981 1182 1016 ὁμοίας
1198 980 1271 1015 αὐτῷ
1281 981 1358 1015 δόξης
1374 979 1515 1016 παραίτιος
1529 980 1633 1014 γέγονε,
1643 980 1693 1014 τὴν
1709 980 1874 1015 ἀρχαιότητα

1088 1027 1201 1063 τάνδρὸς
1221 1026 1460 1062 προϐεϐλημένοις,
1475 1026 1568 1061 ὥσπερ
1586 1025 1632 1052 οὖν
1649 1026 1783 1062 Εἰρηναίῳ
1795 1046 1802 1058 ,
1828 1026 1875 1052 καὶ

1089 1073 1114 1099 εί
1129 1081 1170 1104 τις
1190 1073 1268 1104 ἄλλος
1280 1072 1313 1099 τὰ
1322 1072 1401 1106 ὃμοια
1417 1072 1522 1107 φρονῶν
1535 1072 1716 1107 ἀναπέφηνεν.
1725 1071 1779 1098 Καὶ
1790 1070 1873 1102 ἄλλας

1088 1118 1116 1144 δὲ
1134 1119 1166 1153 τῇ
1184 1118 1235 1154 ἰδίᾳ
1246 1119 1337 1153 γραφῇ
1350 1117 1532 1152 παραδίδωσιν
1558 1118 1728 1152 Ἀριστίωνος
1742 1117 1788 1143 τοῦ
1807 1117 1874 1152 πρό-

1090 1165 1151 1191 σθεν
1163 1164 1346 1200 δεδηλωμένου
1361 1164 1415 1190 τῶν
1427 1164 1473 1190 τοῦ
1504 1164 1605 1199 Κυρίου
1632 1163 1716 1197 λόγων
1731 1164 1873 1199 διηγήσεις

1090 1211 1155 1247 (79),
1171 1209 1277 1237 καὶτοῦ
1295 1210 1480 1245 πρεσΰυτὲρου
1501 1210 1623 1236 Ἰωάννου
1637 1209 1810 1244 παραδόσεις,
1830 1209 1873 1244 ἐφ’

1088 1255 1121 1287 ἃς
1134 1256 1197 1287 τοὺς
1218 1255 1376 1291 φιλομαθεῖς
1397 1255 1615 1290 ἀναπέμψαντες,
1647 1255 1802 1289 ἀναγκαίως
1824 1255 1872 1282 νῦν

1089 1302 1276 1337 προσθήσομεν
1287 1302 1346 1332 ταῖς
1361 1301 1581 1337 προεκτεθείσαις
1596 1300 1678 1327 αὐτοϋ
1699 1302 1800 1334 φωναῖς
1817 1309 1871 1326 πα-

1090 1348 1204 1382 ράδοσιν,
1253 1347 1316 1382 περὶ
1328 1347 1440 1381 Μάρκου
1464 1345 1511 1372 τοῦ
1527 1345 1557 1372 τὸ
1583 1345 1746 1379 Εὑαγγέλιον
1771 1354 1871 1381 γεγρα-

1088 1392 1166 1426 φότος
1179 1391 1328 1418 ἐκτέθειται
1339 1391 1381 1417 διὰ
1396 1390 1511 1417 τούτων·
1529 1401 1537 1416 ι
1558 1391 1612 1417 Καὶ
1624 1390 1703 1417 τοῦτο
1725 1391 1739 1417 ὁ
1756 1391 1871 1426 πρεσϐύ-

1088 1446 1166 1472 τερος
1180 1437 1267 1471 ἔλεγε·
1297 1436 1410 1472 Μάρκος
1433 1436 1482 1470 μὲν
1503 1436 1671 1471 ἑρμηνευτὴς
1694 1436 1795 1470 Πέτρου
1816 1436 1870 1471 (80)

1089 1482 1241 1518 γενόμενος,
1257 1483 1306 1508 ὅσα
1320 1482 1530 1517 ἐμνημόνευσεν,
1550 1482 1670 1518 ἀκριϐῶς
1687 1482 1820 1517 ἔργαψεν,
1840 1482 1871 1508 οὺ

1081 1527 1178 1562 ,μέντοι
1206 1526 1279 1558 τάξει
1295 1526 1328 1552 τὰ
1340 1527 1392 1552 ὑπὸ
1407 1526 1453 1553 τοῦ
1468 1526 1584 1562 Χριστοῦ
1601 1526 1617 1561 ἢ
1632 1525 1758 1561 λεχθέντα
1771 1527 1786 1562 ἦ
1803 1535 1872 1561 πρα-

1088 1573 1198 1607 χθέντα·
1216 1572 1276 1599 οὔτε
1289 1572 1343 1608 γὰρ
1357 1573 1456 1607 ἢκουσε
1470 1573 1516 1599 τοῦ
1531 1572 1645 1607 Κυρίου,
1662 1571 1723 1598 οὔτε
1751 1581 1870 1607 παρηκο-

1088 1617 1216 1653 λούθησεν
1239 1617 1332 1652 αὐτῷ,
1365 1618 1476 1652 ὕστερον
1493 1617 1531 1649 δὲ,
1553 1617 1590 1648 ὡς
1611 1617 1689 1652 ἔφην,
1710 1617 1814 1655 Πέτρῳ,
1841 1617 1871 1648 ὂς

1089 1664 1157 1700 πρὸς
1173 1665 1221 1696 τὰς
1238 1665 1329 1699 χρείας
1346 1665 1462 1690 ἐποιεῖτο
1471 1664 1519 1694 τὰς
1534 1663 1725 1696 διδασκαλίας,
1744 1663 1801 1689 ἀλλ’
1821 1663 1870 1697 οὐχ

1088 1711 1182 1746 ὥσπερ
1206 1710 1328 1742 σύνταξιν
1350 1710 1403 1736 τῶν
1423 1710 1561 1745 κυριακῶν
1586 1709 1743 1744 ποιούμενος
1772 1709 1870 1742 λόγων

1087 1756 1156 1783 ὥστε
1170 1757 1243 1782 οὐδὲν
1262 1757 1369 1791 ⁴ἥμαρτε
1384 1756 1510 1791 Μάρκος,
1528 1755 1612 1787 οὕτως
1629 1755 1685 1781 ἔνια
1705 1754 1812 1789 γράψας
1831 1754 1870 1785 ὡς

1088 1802 1338 1838 ἀπεμνημόνευσεν.
1361 1801 1433 1832 Ἐνδς
1445 1801 1498 1836 γὰρ
1514 1802 1659 1836 ἐποιήσατο
1672 1800 1808 1836 πρόνοιαν,
1819 1799 1868 1825 τοῦ

1090 1847 1172 1883 μηδὲν
1186 1844 1223 1875 ὧν
1237 1848 1335 1882 ἢκουσε
1352 1847 1524 1881 παραλιπεῖν,
1544 1847 1560 1881 ἦ
1577 1845 1727 1881 ψεύσασθαί
1742 1854 1767 1871 τι
1783 1845 1811 1871 ἐν
1823 1844 1870 1871 αὺ-

1088 1894 1152 1924 τοῖς.
1174 1902 1182 1918 ι
1202 1892 1293 1920 Ταῦτα
1309 1892 1357 1928 μὲν
1373 1891 1419 1918 οὖν
1430 1891 1568 1926 ἱστόρηται
1582 1890 1620 1925 τῷ
1632 1889 1726 1924 Παπίᾳ
1743 1888 1806 1924 περὶ
1822 1888 1868 1914 τοῦ

1088 1940 1212 1976 Μάρκου.
1227 1939 1294 1974 Περὶ
1304 1939 1331 1965 δὲ
1342 1938 1388 1964 τοῦ
1401 1937 1538 1965 Ματθαίου
1557 1937 1633 1963 ταῦτ’
1645 1935 1765 1971 εἴρηταιο
1781 1935 1869 1961 «Ματ-

1089 1985 1161 2017 θαῖος
1176 1986 1224 2020 μὲν
1239 1983 1285 2012 οὖν
1307 1984 1424 2020 Ἐϐραΐδι
1449 1983 1579 2017 διαλέκτῳ
1599 1981 1634 2008 τὰ
1647 1981 1724 2015 λόγια
1741 1980 1870 2016 συνεγρά-

1087 2031 1164 2066 ψατο.
1187 2031 1354 2066 Ἠρμήνευσε
1367 2030 1388 2056 δ’
1401 2030 1469 2056 αὺτὶι
1484 2029 1521 2060 ὡς
1533 2028 1645 2063 ἠδύνατο
1658 2028 1771 2058 ἕκαστος
1785 2027 1866 2062 (81).)

1088 2077 1228 2113 Κέχρηται
1242 2076 1288 2102 δ’ὁ
1306 2076 1385 2108 αὐτὸς
1403 2075 1564 2111 μαρτυρίαις
1589 2075 1643 2100 ἀπὸ
1672 2074 1721 2108 τῆς
1746 2073 1868 2100 Ἰωάννου

1089 2122 1224 2157 προτέρας
1246 2121 1414 2156 Ἐπιστολῆς,
1427 2121 1472 2147 καὶ
1486 2121 1536 2155 τῆς
1560 2119 1664 2159 Πέτρρυ
1680 2119 1790 2154 ὁμοίως.
1810 2119 1870 2145 Ἐκ-

1088 2166 1205 2193 τέθειται
1221 2166 1248 2192 δὲ
1259 2167 1303 2192 καὶ
1324 2166 1405 2200 ἄλλην
1425 2165 1544 2199 ἱστορίαν
1570 2165 1633 2200 περὶ
1661 2165 1796 2198 γυναικὸς,
1823 2164 1870 2191 ἐπὶ

1090 2212 1199 2243 πολλαῖς
1210 2212 1357 2246 ἁμαρτίαις
1371 2211 1559 2247 διαϐληθείσης
1572 2211 1618 2237 ἐπὶ
1637 2209 1683 2236 τοῦ
1700 2210 1870 2245 Κυρίου.Ἦν

1090 2257 1121 2283 τὸ
1135 2258 1205 2284 Κατ’
1213 2257 1367 2290 Ἐϐραίους
1377 2255 1708 2292 Εὑιιγγέλιον-περιέχει.
1724 2256 1778 2282 Καὶ
1785 2255 1870 2282 ταῦτα

1090 2302 1111 2329 δ’
1130 2303 1191 2338 ἡμῖν
1217 2302 1372 2336 ἀναγκαίως
1402 2303 1469 2338 πρὸς
1492 2303 1547 2333 τοῖς
1570 2301 1718 2328 ἐκτεθεῖσιν
1746 2303 1870 2337 ἐπιτετη-

1092 2348 1191 2383 ρήσθω.

1138 2393 1227 2427 Τέλος
1251 2393 1304 2420 τοῦ
1327 2392 1382 2427 τῆς
1393 2392 1649 2427 ἐκκλησιαστικῆς
1678 2393 1819 2427 Ἱστορίας

1380 2429 1471 2463 λόγου
1479 2428 1588 2461 τρίτου.

1092 2490 1193 2513 clatum
1217 2493 1276 2514 esse
1294 2486 1424 2513 scribunt.
1447 2485 1487 2512 lla
1509 2485 1674 2512 Athanasius
1698 2486 1724 2512 in
1753 2489 1869 2512 tractatu

1093 2520 1131 2548 De
1143 2521 1215 2548 libris
1234 2529 1317 2548 sacrm
1336 2520 1489 2553 Scriptum.
1510 2520 1586 2552 Quod
1608 2520 1741 2554 quomodo
1771 2520 1871 2546 intelli-

1092 2557 1207 2589 gendum
1216 2557 1260 2587 sit,
1278 2556 1355 2582 docet
1371 2556 1414 2581 hic
1427 2555 1513 2589 Papia:
1526 2555 1609 2582 locus.
1626 2554 1717 2589 Neque
1727 2555 1797 2581 cnim
1811 2556 1870 2581 exi-

1091 2591 1257 2617 stimandum
1282 2595 1334 2622 est,
1360 2590 1477 2617 Marcum
1503 2597 1536 2616 ex
1564 2597 1613 2616 ore
1641 2589 1766 2616 dictantis
1794 2589 1867 2616 Petri

1093 2624 1267 2659 Evangelium
1286 2633 1362 2651 suum
1386 2623 1541 2657 excepisse;
1565 2625 1610 2659 sed
1624 2631 1684 2650 cum
1701 2623 1809 2651 Petrum
1824 2632 1870 2650 au-

1092 2658 1181 2687 disset
1195 2661 1304 2686 verbum
1324 2659 1369 2686 Dei
1388 2658 1486 2686 Judteis
1509 2658 1640 2685 llebraice
1664 2659 1866 2693 prmtlicantem.

1089 2694 1208 2722 Marcutn
1225 2694 1329 2729 singula
1345 2701 1406 2727 quae
1418 2694 1451 2720 ad
1467 2693 1603 2720 Christum
1617 2693 1798 2727 pertinebant,
1812 2698 1869 2719 stu-

1088 2730 1164 2756 diose
1183 2730 1326 2764 digesstsse
1337 2729 1583 2764 GraecoAsermOue.

1123 2765 1178 2800 (§t)
1206 2761 1408 2800 Ὧςγὴᾷύνατο
1431 2762 1568 2800 ἕκαστος.
1591 2762 1757 2800 l‘iicephorus
1776 2761 1868 2796 habet,

1086 2797 1292 2835 ὡς’ἦνδυνατὺς
1304 2798 1428 2835 ἕκαστος,
1443 2797 1485 2835 cui
1498 2797 1670 2835 subserlbunt
1681 2802 1803 2832 quatuor
1818 2803 1869 2824 no-

1088 2835 1136 2862 sui
1145 2831 1256 2862 'codices
1271 2833 1350 2866 Mam,
1364 2833 1443 2866 Med,
1461 2831 1528 2859 Fuit.
1545 2837 1573 2860 et
1588 2831 1751 2860 Sa'vilianus.
