1993 3164
150 166 200 196 515

642 170 816 199 HISTORIA?)
837 171 1117 201 ECCLESIASTICE
1136 172 1200 202 LIB.
1220 172 1264 202 IV.

1716 176 1769 204 3ιὸ

151 225 287 261 ρωννύντα
302 226 350 254 σὺν
364 226 425 263 θείᾳ
440 228 530 263 χάριτι
546 228 596 264 τὴν
614 230 733 265 ἔμφυτον
746 231 800 267 (63)
816 232 880 268 περὶ
892 232 928 259 τὺη

988 238 1094 268 rentur,
1107 234 1239 269 obiectos.
1253 233 1389 270 Praecipue
1399 241 1463 261 vero
1473 234 1603 262 enituisse
1616 234 1709 262 dicunt
1722 243 1769 271 ge-

150 273 261 300 θάνατον
275 274 321 300 τοῦ
336 275 461 310 σώματος
473 277 580 305 δειλίαν.
604 278 769 314 Βουλομένου
781 281 813 314 γέ
829 289 868 307 τοι
888 281 934 307 τοῦ

148 318 300 345 ἀνθυπάτου
314 319 415 347 πείθειν
431 322 520 354 αὐτὸν,
538 323 756 359 προϐαλλομένου
768 334 798 351 τε
817 325 865 361 τὴν
877 326 935 361 ἠλι-

148 365 207 391 κίαν
219 365 266 392 καὶ
278 366 479 399 ἀντιϐολοῦντος
493 369 590 404 κομιδῆ
603 370 662 396 νέον
678 370 741 397 ὄντα
753 372 799 398 καὶ
807 372 933 406 ἀκμαῖον,

146 409 233 437 οἶκτον
247 411 344 438 ἑαυτοῦ
356 412 458 444 λαϐεῖν,
473 415 509 450 μὴ
524 415 664 450 μελλῆσαι,
679 417 825 453 προθύμως
840 418 869 445 δὲ
879 419 935 445 ἐπι-

149 457 300 484 σπάσασθαι
316 460 356 490 εἰς
377 459 471 486 ἑαυτὸν
487 460 517 487 τὸ
528 460 631 497 θηρίον,
647 465 787 499 μονονουχὶ
802 464 933 500 βιασάμε-

147 510 189 529 νον
205 504 251 530 καὶ
266 505 471 540 παροξύναντα,
488 507 525 539 ὼς
544 508 576 534 ἂν
593 508 686 544 τάχιον
709 509 756 536 τοῦ
771 511 864 537 ἀδίκου
886 512 933 538 καὶ

146 548 245 583 ἀνόμου
258 548 314 582 βίου
326 550 414 576 αἰτῶν
425 551 593 588 ἀπαλλαγείη
609 553 673 589 (64).
689 555 789 582 Τούτου
800 556 827 583 δὲ
840 557 884 583 ἐπὶ
895 557 933 592 τῷ

144 593 289 629 διαπρεπεῖ
305 594 412 631 θανάτῳ
430 596 460 622 τὸ
481 599 534 624 πᾶν
556 599 657 634 πλῆθος
673 600 871 636 ἀποθαυμάσαν
883 603 933 638 τῆς

144 639 269 674 ἀνδρείας
284 641 328 667 τὸν
344 641 453 678 θεοφιλῆ
467 643 603 680 μάρτυρα,
619 645 666 672 καὶ
685 646 735 681 τὴν
758 647 871 674 καθόλου
886 648 932 674 τοῦ

143 685 237 719 γένους
251 686 305 721 (65)
319 686 374 714 τῶν
387 688 557 723 Χριστιανῶν
571 690 680 726 ἀρετὴν,
701 691 805 727 ἀθρόως
821 693 933 729 ὲπιϐοᾷν

142 731 285 767 ἄρξασθαι·
304 731 383 769 «Αἶρε
395 734 459 766 τοὺς
470 734 575 767 ἀθέους·
585 736 718 771 ζητείσθω
726 737 929 773 Πολύκαρπος.»

142 778 196 804 Καὶ
212 779 246 815 δὴ
263 779 391 815 πλείστης
408 781 453 807 ἐπὶ
469 782 528 812 ταῖς
542 781 616 816 βοαῖς
635 784 784 819 γενομένης
797 785 930 820 ταραχῆς,

141 825 235 860 Φρύγα
250 826 310 853 τινὰ
326 827 356 854 τὺ
370 827 448 861 γένος
464 829 576 856 Κόϊντον
588 829 715 865 τοῦνομα,
729 832 826 858 νεωστὶ
838 832 870 858 ἐκ
883 832 932 867 τῆς

141 871 259 906 Φρυγίας
280 874 436 907 ἐπιστάντα,
453 875 540 902 ιδόντα
556 877 620 907 τοὺς
635 876 731 912 θῆρας,
745 879 792 904 καὶ
814 878 862 911 τὰς
885 879 931 905 ἐπὶ

140 916 246 948 τούτοις
253 918 378 951 ἀπειλὰς,
388 921 558 956 καταπτῆξαι
566 922 615 958 τὴν
623 922 711 958 ψυχὴν
721 923 930 957 μαλακισθέντα,

141 962 185 988 καὶ
196 963 273 995 τέλος
287 964 336 999 τῆς
347 966 482 1001 σωτηρίας
495 967 613 994 ἐνδοῦναι
625 968 690 1003 (66).
705 968 814 1004 Ἐδήλου
827 970 856 996 δὲ
868 970 931 996 τοῦ·

140 1016 183 1034 τον
196 1010 210 1035 ὁ
222 1010 272 1044 τῆς
283 1013 485 1048 προειρημένης
497 1014 605 1049 γραφῆς
615 1014 692 1048 λόγος
705 1015 930 1052 προπετέστερον,

140 1053 194 1080 ἀλλ’
220 1056 251 1082 οὺ
269 1056 328 1082 κατ’
352 1057 493 1085 εὐλάϐειαν
516 1060 681 1096 ὲπιπηδῆσαι
704 1061 742 1096 τῷ
765 1061 931 1098 δικαστηρίῳ

142 1100 187 1125 σὺν
200 1101 316 1137 ἑτέροις,
338 1103 434 1130 ἁλόντα
452 1105 475 1131 δ’
488 1103 534 1132 οὖν
551 1106 634 1141 ὅμως,
652 1108 807 1142 καταφανὲς
823 1109 931 1135 ὑπόδει-

141 1154 195 1181 γμα
213 1149 271 1178 τοῖς
292 1149 358 1175 πᾶσι
374 1153 534 1186 παρασχεῖν,
548 1152 588 1178 ὅτι
606 1153 642 1188 μὴ
659 1152 713 1179 δέοι
729 1155 786 1184 τοῖς
801 1154 931 1186 τοιούτοις

142 1192 333 1227 ῥιψοκινδύνως
343 1197 389 1222 καὶ
397 1197 552 1230 ἀνευλαὸὦς
560 1199 744 1235 κατατολμᾷν.
757 1200 838 1226 Ἀλλὰ
845 1201 930 1236 ταύτῃ

142 1240 187 1274 μὲν
200 1239 260 1275 εἶχε
273 1241 359 1277 πέρας
373 1243 407 1270 τὰ
422 1243 492 1270 κατὰ
508 1244 628 1276 τούτους.
645 1245 697 1271 Τόν
711 1254 741 1279 γε
756 1246 807 1281 μὴν
824 1246 930 1282 θαυμα-

141 1285 270 1312 σιώτατον
288 1288 479 1323 Πολύκαρπον,
496 1290 529 1316 τὰ
547 1291 596 1326 μὲν
622 1291 718 1326 πρῶτα
732 1291 834 1318 τούτων
850 1292 931 1319 ἀκού-

140 1340 233 1364 σαντα,
250 1333 385 1369 ἀτάραχον
396 1335 542 1370 διαμεῖναι,
555 1337 685 1369 εὐσταθὲς
698 1337 728 1363 τὸ
738 1335 803 1372 ἦθος
815 1338 860 1364 καὶ
874 1338 931 1365 ἀκί-

139 1386 214 1412 νητον
231 1378 398 1412 φυλάξαντα,
413 1379 553 1415 βούλεσθαί
568 1390 598 1408 τε
610 1382 692 1408 αὑτοῦ
706 1383 776 1409 κατὰ
789 1383 838 1418 τὴν
854 1383 930 1410 πόλιν

140 1425 296 1459 περιμένειν
309 1434 315 1440 ·
335 1426 481 1452 πεισθέντα
491 1435 522 1460 γε
540 1427 593 1463 μὴν
608 1427 777 1454 ἁντιόολοῦσι
792 1430 847 1460 τοῖς
862 1429 929 1464 ἀμφ’

140 1471 228 1502 αὐτὸν,
247 1472 296 1498 καὶ
310 1471 348 1504 ὡς
364 1472 396 1498 ἂν
412 1472 550 1505 ὑπεξέλθοι
567 1474 769 1510 παρακαλοῦσι,
789 1475 930 1511 προελθεῖν

140 1516 176 1548 είς
189 1516 218 1543 οὐ
233 1517 330 1553 πόρρω
347 1518 478 1544 διεστῶτα
500 1519 550 1553 τῆς
563 1519 666 1551 πόλεως
683 1520 767 1555 ἀγρὸν
782 1520 929 1556 διατρίὸειν

986 280 1193 308 nerosissimum
1208 279 1412 311 Germanicum,
1426 280 1471 314 qui
1487 279 1576 307 divina
1588 281 1695 315 adjutus
1706 288 1768 315 gra-

985 326 1034 358 tia,
1054 326 1150 353 mortis
1171 330 1272 352 metum
1288 325 1396 359 corpori
1414 333 1427 352 a
1446 331 1542 352 natura
1561 326 1671 352 insitum
1687 334 1767 360 supe-

985 373 1068 400 ravit.
1080 372 1146 399 Nam
1158 380 1219 399 cum
1232 372 1375 406 proconsul
1383 372 1473 399 verbis
1486 380 1546 399 eum
1555 371 1662 400 ﬂectere
1677 373 1767 403 vellet.

985 419 1188 452 admonensque
1201 418 1275 445 illum
1292 418 1396 451 aetatis,
1413 422 1504 445 oraret
1519 422 1548 445 ut
1561 426 1665 445 memor
1679 419 1770 447 adole-

985 464 1096 491 scentia:
1107 472 1163 491 suae
1176 463 1227 491 sibi
1244 464 1301 498 ipse
1315 469 1449 498 parceret,
1464 463 1509 490 ille
1523 464 1589 490 nihil
1615 465 1768 497 cunctatus,

985 510 1054 538 ultro
1070 511 1096 537 in
1109 518 1139 538 se
1153 511 1300 538 attraxisse
1315 510 1426 537 bestiam
1444 510 1554 542 dicitur,
1571 512 1764 545 propemodum

982 564 1042 584 eam
1056 558 1168 591 adigens
1181 565 1213 584 ac
1224 558 1376 590 stimulans,
1390 564 1443 592 quo
1451 558 1484 583 ab
1494 557 1543 583 hoc
1554 556 1634 590 impio
1650 557 1764 591 injusta-

984 607 1036 634 que
1053 600 1152 628 saeculo
1179 601 1298 627 velocius
1327 600 1496 627 abscederet.
1515 599 1598 627 Porro
1613 605 1673 634 pust
1702 600 1763 627 illu-

983 651 1068 674 strem
1086 647 1165 680 hujus
1179 647 1330 679 interitum,
1344 646 1471 673 universa
1488 645 1640 677 multitudo,
1662 651 1716 673 tum
1728 646 1769 673 di-

983 693 1038 720 vini
1058 692 1400 727 martyrisfortitudinem,
1420 696 1475 718 tum
1494 691 1577 718 totius
1601 691 1770 719 Christiano-

984 747 1044 766 rum
1062 739 1169 774 generis
1181 739 1307 765 virtutem
1326 745 1491 772 magnopere
1502 737 1646 768 admirata,
1658 741 1770 771 repente

983 785 1134 812 acclamare
1150 784 1232 819 coepit
1246 793 1252 811 :
1266 794 1274 810 ι
1289 784 1363 811 Tolle
1375 785 1470 818 impios
1483 793 1489 810 :
1504 783 1669 818 Polycarpus
1680 783 1770 817 requi-

983 837 1068 858 ratur.
1082 841 1090 857 ι
1105 831 1204 858 Secuto
1219 831 1385 864 dehiucpost
1395 829 1546 864 huiusmodi
1559 828 1769 855 acclamationes

984 877 1146 912 gravissimo
1159 881 1245 909 motu,
1258 876 1374 909 Quintus
1387 876 1509 910 quidam,
1536 874 1646 901 natione
1657 873 1746 908 Phryx
1759 893 1768 905 ,

984 925 1029 960 qui
1047 931 1132 959 nuper
1147 931 1179 950 ex
1197 922 1314 957 Phrygia
1329 922 1488 952 advenerat,
1505 928 1566 948 cum
1584 920 1655 947 feras
1669 924 1697 947 et
1710 927 1769 954 quae

983 974 1112 1006 praeterea
1140 969 1345 996 intentabantur
1372 971 1507 993 tormenta
1531 966 1663 996 vidisset,
1682 965 1769 991 fracto

984 1017 1075 1044 animo
1089 1015 1210 1050 expavit.
1236 1013 1401 1047 tandemque
1426 1013 1488 1039 vita:
1514 1011 1662 1038 retinendae
1678 1010 1769 1037 studio

982 1063 1074 1090 cessit.
1089 1061 1139 1088 Hic
1155 1067 1235 1095 porro
1248 1059 1364 1092 Quintus
1381 1063 1410 1085 ut
1425 1058 1451 1084 in
1471 1057 1563 1084 eadem
1580 1056 1690 1090 epistola
1718 1056 1768 1082 do-

982 1112 1071 1140 cetur,
1087 1106 1243 1133 temeritate
1260 1105 1378 1140 quadam
1407 1111 1439 1130 ac
1457 1103 1571 1130 levitate
1588 1103 1699 1134 ductus,
1715 1109 1767 1129 non

982 1161 1044 1181 cum
1061 1153 1107 1185 pio
1126 1160 1157 1178 ac
1173 1151 1300 1185 religioso
1328 1155 1411 1182 metu,
1430 1157 1482 1176 una
1500 1157 1561 1176 cum
1582 1149 1685 1183 aliquot
1709 1148 1769 1175 aliis

983 1200 1015 1226 ad
1025 1198 1142 1225 tribunal
1155 1197 1327 1231 prosiluerat.
1338 1196 1389 1222 Sed
1400 1196 1529 1222 continuo
1545 1199 1649 1228 captus,
1665 1194 1770 1221 illustre

981 1247 1173 1274 documentum
1192 1244 1318 1271 omnibus
1336 1243 1459 1278 prrchnit,
1485 1249 1517 1269 ne
1528 1241 1659 1276 pra-cipiti
1687 1240 1770 1267 auda-

981 1293 1023 1320 cia
1042 1292 1100 1319 sine
1115 1291 1170 1317 ullo
1183 1289 1350 1317 inﬁrmitatis
1364 1296 1420 1316 sua:
1438 1292 1562 1322 respectu
1581 1286 1660 1320 130
1673 1285 1768 1318 hujus-

981 1339 1053 1366 modi
1074 1337 1201 1373 periculis
1224 1343 1282 1363 sese
1309 1334 1527 1369 objicerent..Et
1541 1334 1574 1360 de
1589 1334 1631 1360 his
1658 1331 1766 1366 quidem

981 1385 1123 1412 hactenus.
1145 1383 1329 1410 Admirandus
1354 1387 1443 1408 autent
1462 1381 1506 1408 ille
1521 1379 1695 1415 Polycarpus,
1713 1377 1769 1412 ppi-

981 1438 1054 1459 mmn
1069 1428 1177 1465 quidem
1194 1438 1255 1457 cum
1271 1429 1329 1456 hmc
1347 1427 1510 1461 accepisset,
1525 1426 1678 1453 nullatenus
1690 1430 1767 1450 com—

980 1483 1070 1505 motus
1089 1481 1144 1510 est,
1168 1477 1215 1504 sed
1231 1474 1380 1510 tranquillo
1395 1480 1545 1507 serenoque
1560 1472 1652 1498 animo
1669 1470 1768 1505 persti-

981 1524 1021 1551 tit.
1034 1524 1227 1557 Statueratque
1249 1521 1348 1549 ibidem
1364 1521 1389 1546 in
1414 1519 1481 1546 urbe
1499 1525 1650 1545 remanere.
1669 1516 1767 1544 Verum

140 1569 167 1587 τε
181 1562 228 1588 σὺν
238 1562 341 1596 ὀλίγοις
354 1563 479 1595 ἐνταῦθα,
491 1564 599 1600 νύκτωρ
614 1565 660 1591 καὶ
676 1566 733 1600 μεθ’
746 1566 855 1602 ἡμέραν
865 1565 894 1592 οὗ
903 1575 928 1592 τι

981 1569 1186 1597 obsecrantibus
1197 1567 1388 1598 familiaribus,
1397 1564 1624 1597 hortantibusque
1632 1567 1660 1589 ut
1668 1569 1697 1589 se
1706 1561 1768 1589 inde

140 1607 228 1643 ἕτερον
241 1608 407 1642 πράττοντα,
420 1610 436 1645 ἢ
449 1611 509 1642 ταῖς
521 1611 589 1646 πρὸς
605 1611 650 1638 τὸν
670 1611 771 1647 Κύριον
785 1612 928 1648 διακαρτε-

140 1653 234 1688 ροῦντα
249 1655 354 1689 εὐχαῖς,
370 1655 402 1681 δι’
427 1652 463 1682 ὧν
479 1655 581 1682 δεῖσθαι
596 1656 643 1682 καὶ
660 1656 801 1688 ἱκετεύειν,
816 1657 927 1692 εἰρήνην

139 1699 327 1735 ἐξαιτούμενον
339 1702 399 1732 ταῖς
415 1701 468 1727 ἀνὰ
478 1702 568 1729 πᾶσαν
579 1702 630 1738 τὴν
642 1702 804 1738 οἰκουμένην
816 1703 930 1738 Ἐκκλη-

129 1745 208 1778 ·σίαις
221 1755 228 1761 ·
245 1746 325 1773 τοῦτο
339 1746 394 1782 γὰρ
417 1748 464 1773 καὶ
480 1745 548 1773 εἶναι
562 1748 594 1774 ἐκ
608 1748 655 1774 τοῦ
671 1748 769 1780 παντὸς
781 1748 855 1783 αὐτῷ
868 1748 928 1774 σύν-

139 1791 210 1826 ηθες.
225 1793 282 1818 Καὶ
303 1792 334 1828 δὴ
350 1793 505 1828 εὐχόμενον,
522 1794 551 1820 ἐν
565 1794 683 1829 ὀπτασίᾳ
697 1794 781 1830 τριῶν
796 1795 929 1830 πρότερον

139 1836 245 1872 ἡμερῶν
257 1837 308 1872 τῆς
323 1836 603 1874 συλλήψεως,νύκτωρ
619 1838 681 1865 ἰδεῖν
697 1838 728 1864 τὸ
741 1839 793 1866 ὑπὸ
808 1840 929 1876 κεφαλῆς

139 1882 216 1908 αὑτοῦ
231 1882 347 1918 στρῶμα
366 1883 472 1918 ἀθρόως
488 1883 573 1915 οὕτως
589 1884 642 1910 ὑπὸ
656 1884 740 1919 πυρὸς
761 1884 874 1919 φλεχθὲν
887 1886 929 1912 δε-

140 1928 320 1963 δαπανῆσθαι,
334 1928 445 1961 ἕξυπνον
462 1929 490 1956 δὲ
512 1930 557 1956 ἐπὶ
576 1930 663 1965 τούτῳ
680 1930 834 1966 γενόμενον,
849 1932 929 1964 εὐθὺς

142 1973 346 2009 ὑφερμηνεῡσαι
368 1975 423 2006 τοῖς
439 1974 556 2010 παροῦσι
575 1975 606 2002 τὸ
622 1976 716 2009 φανὲν,
736 1978 876 2012 μονονουχὶ
898 1977 929 2004 τὸ

141 2020 232 2054 μέλλον
247 2021 479 2056 προθεσπίσαντα,
491 2021 583 2056 σαφῶς
594 2030 624 2047 τε
635 2022 780 2049 ἁνειπόντα
793 2024 849 2054 τοῖς
860 2023 929 2059 ἀμφ’

138 2065 271 2102 αὺτόνβτι
285 2066 339 2092 δέοι
354 2066 435 2093 αὑτὸν
447 2066 491 2093 διὰ
504 2067 619 2103 Χριστὸν
636 2067 701 2103 πυρὶ
713 2067 762 2103 τὴν
778 2067 848 2104 ζωὴν
864 2077 928 2104 μετ-

138 2111 257 2144 αλλάξαι.
272 2113 471 2147 Ἐπικειμένων
485 2113 516 2148 δὴ
529 2111 575 2140 οὖν
597 2113 645 2139 σὺν
672 2114 746 2150 πάσῃ
759 2113 860 2149 σπουδῇ
874 2114 928 2142 τῶν

139 2157 341 2193 ἀναζητούντων
365 2159 465 2191 αὐτὸν,
482 2157 559 2190 αὖθις
583 2159 636 2185 ὑπὸ
659 2159 709 2194 τῆς
728 2159 782 2185 τῶν
807 2159 928 2194 ἀδελφῶν

138 2203 281 2236 διαθέσεως
303 2205 351 2231 καὶ
374 2204 491 2240 στοργῆς
521 2205 750 2240 ἐκϐεϐιασμένον,
777 2205 928 2241 μεταϐῆναί

980 1615 1157 1647 subduceret,
1170 1613 1196 1640 in
1216 1620 1310 1640 eorum
1327 1611 1490 1639 sententiam
1503 1609 1587 1636 ﬂexus
1599 1629 1607 1641 ,
1624 1608 1657 1634 ad
1673 1614 1766 1642 agrum

979 1660 1123 1694 quemdam
1139 1659 1241 1686 civitati
1254 1658 1406 1694 proximum
1420 1657 1544 1684 secessit.
1568 1655 1606 1682 lbi
1626 1661 1687 1681 cum
1701 1661 1766 1688 pau-

979 1706 1019 1733 cis
1031 1705 1174 1733 comitibus
1199 1705 1300 1739 degeus
1313 1726 1320 1738 ,
1339 1705 1382 1731 die
1398 1709 1535 1736 noctuque
1551 1701 1688 1728 continuis
1702 1707 1767 1726 ora-

980 1751 1111 1783 tionibus,
1128 1758 1179 1777 nec
1191 1750 1234 1776 alii
1251 1755 1383 1785 prmterea
1402 1749 1523 1776 intentus
1546 1747 1621 1782 operi
1640 1753 1767 1782 perseve-

979 1797 1076 1824 rabat:
1095 1801 1157 1823 vota
1174 1802 1323 1830 precesque
1346 1794 1377 1821 ad
1391 1794 1476 1821 Deum
1504 1793 1606 1820 faciens
1623 1800 1673 1827 pro
1699 1799 1767 1827 pace

979 1849 1012 1869 ac
1027 1841 1226 1876 tranquillitate
1237 1841 1356 1867 omnium
1369 1847 1429 1874 qua:
1440 1839 1540 1873 ubique
1556 1842 1690 1865 terrarum
1704 1840 1768 1865 sntit

979 1887 1176 1914 Ecclesiarum.
1198 1886 1225 1912 Id
1243 1886 1316 1912 enim
1339 1885 1383 1912 ille
1400 1889 1480 1910 antea
1507 1890 1615 1917 semper
1640 1882 1767 1908 iactitare

979 1937 1166 1960 consueverat.
1180 1931 1312 1958 Caeterum
1328 1930 1417 1957 triduo
1433 1934 1576 1963 antequam
1588 1927 1767 1962 comprehen-

979 1978 1100 2010 deretur,
1117 1983 1198 2005 noctu
1213 1978 1284 2004 inter
1293 1977 1427 2004 orandum
1448 1975 1551 2002 solutus
1577 1975 1603 2001 in
1618 1980 1741 2001 somnum
1754 1992 1764 2006 ,

979 2024 1072 2051 videre
1088 2024 1138 2050 sibi
1157 2024 1232 2050 visus
1247 2028 1287 2050 est
1303 2022 1421 2050 cervical
1445 2030 1497 2056 quo
1510 2026 1591 2054 caput
1604 2019 1765 2052 reclinabat,

979 2074 1066 2097 totum
1085 2074 1193 2103 repente
1206 2068 1315 2096 ﬂamma
1329 2073 1532 2102 consumptum.
1554 2066 1639 2099 Quam
1655 2066 1688 2092 ob
1700 2072 1765 2092 cau-

978 2123 1036 2143 sam
1052 2123 1067 2143 e
1082 2123 1178 2142 somno
1195 2117 1342 2148 excitatus,
1357 2116 1447 2142 statim
1464 2114 1550 2141 visum
1567 2121 1644 2140 suum
1670 2116 1765 2139 astan-

980 2162 1051 2189 tibus
1078 2162 1224 2196 exposuit;
1254 2162 1336 2197 idque
1365 2161 1436 2196 quod
1454 2160 1506 2187 sibi
1526 2164 1685 2186 eventurum
1705 2162 1765 2186 erat

980 2208 1178 2242 pranmntiaus,
1202 2207 1383 2235 familiaribus
1401 2207 1458 2234 suis
1475 2211 1567 2241 aperte
1584 2205 1708 2240 praedixit
1735 2212 1765 2232 se

138 2257 215 2283 φασιν
236 2252 277 2283 εἰς
291 2251 384 2287 ἕτερον
406 2251 504 2286 ἀγρὸν,
522 2251 584 2277 ἔνθα
600 2252 658 2286 μετ’
673 2251 703 2277 οὐ
726 2251 850 2278 πλεῖστον
865 2253 927 2283 τοὺς

981 2261 1028 2288 pro
1054 2252 1162 2280 Christo
1183 2252 1300 2280 ﬂammis
1325 2254 1498 2287 absumptum
1525 2251 1570 2278 iri.
1595 2250 1680 2278 Porro
1701 2257 1763 2277 cum

139 2297 346 2329 συνελαύνοντας
361 2297 493 2328 ἐπελθεῖν,
508 2297 554 2323 δύο
564 2306 594 2323 τε
606 2296 660 2324 τῶν
675 2297 769 2324 αὐτόθι
785 2298 926 2324 συλλαϐεῖν

139 2342 246 2375 παίδων,
263 2339 301 2370 ὧν
316 2343 428 2378 θάτερον
451 2344 653 2379 αἰκισαμένους,
668 2344 812 2379 ἐπιστῆναι
830 2344 862 2370 δι’
876 2345 925 2370 αὐ-

138 2387 181 2415 τοῦ
194 2391 226 2425 τῇ
239 2389 287 2416 τοῦ
297 2389 481 2426 ’Πολυκάρπου
492 2391 650 2425 καταγωγῇ.
669 2389 732 2425 Ὀψὲ
744 2390 772 2416 δὲ
787 2390 837 2425 τῆς
852 2390 926 2426 ὥρας

171 2489 224 2524 (65)
243 2491 494 2524 ’Υπορῤωννύντα
509 2490 570 2518 σὺν
583 2491 647 2524 θείᾳ
659 2489 754 2525 χάριτι
766 2489 824 2524 τὴν
833 2490 924 2525 ἐμφυ-

138 2531 196 2556 τον,
211 2532 265 2553 etc.
283 2525 370 2552 Verba
395 2527 480 2560 ipsius
498 2527 618 2561 epistola:
634 2535 714 2560 quam
732 2527 857 2561 superius
874 2534 924 2552 ex-

138 2561 309 2599 scripsimus,
333 2560 521 2599 longealniui
537 2569 645 2599 sensum
664 2561 803 2587 exhibent.
824 2560 922 2599 _Neque

138 2596 205 2621 enim
223 2597 355 2628 seipsnui,
376 2597 421 2622 sed
436 2597 569 2622 sociorum
595 2597 699 2622 animos
727 2596 847 2629 exemplo
872 2603 921 2622 suo

139 2633 313 2666 couliriuasse
329 2631 428 2666 dicitur
444 2632 631 2658 GHI‘IllaltiClls.
654 2631 682 2657 Ὁ
697 2631 751 2666 γὰρ
767 2631 922 2666 γενναιόταέ

139 2671 181 2704 τὲς
198 2665 377 2704 ,Γερμανικὸς
397 2666 581 2704 ὲπερρῲννυεν
602 2665 753 2704 αὐτῶν-τὴν
764 2665 864 2692 δειλίαν
879 2665 923 2691 διὰ

139 2699 184 2737 τῇς
196 2701 224 2760 élv
234 2699 311 2735 αύτῷ
321 2699 472 2736 ὑπομονῆςξ
485 2702 535 2734 Qui
549 2709 645 2728 sensus
661 2699 849 2736 mihiquidem
863 2709 921 2727 niu-

140 2740 176 2760 215
190 2743 205 2760 υ
217 2741 288 2760 ειιύῑ.

140 2740 176 2768 gls
190 2740 288 2768 plztt'c-t.

175 2770 227 2804 (64)
246 2771 372 2806 Ἀνρμου
382 2771 453 2803 ,βίου
471 2771 567 2798 αὐτῶν
576 2771 773 2806 ἀπαλλαγείη.
791 2770 846 2797 Hoc
862 2770 922 2798 loco

141 2810 232 2843 Ψιέιιι
247 2805 340 2832 αὐτῶν
355 2807 530 2838 wsiituimus,
546 2814 605 2840 quae
620 2808 645 2843 iii
665 2805 865 2843 lit-gmquidcni
877 2814 923 2833 co-

141 2838 196 2876 tiice
218 2841 326 2876 deerat.
343 2842 390 2868 sed
405 2842 430 2868 in
451 2843 536 2868 tribus
555 2838 660 2868 nostris
684 2838 821 2868 codicibus
841 2840 922 2876 Maz.,

142 2873 323 2903 Med.etFuk.
340 2881 367 2903 et
385 2877 410 2904 in
426 2877 570 2912 exemplari
591 2877 672 2911 ipsius
687 2873 922 2911 epistolaelegiturl

979 2299 1052 2326 omni
1070 2299 1158 2326 studio
1171 2307 1202 2326 ac
1218 2299 1356 2334 diligentia
1369 2298 1555 2325 incumberent
1567 2297 1610 2331 qui
1626 2304 1687 2323 eum
1703 2303 1764 2330 per-

979 2344 1172 2379 vestignbaut,
1200 2351 1295 2370 rursus
1319 2343 1433 2370 fratrum
1461 2342 1558 2369 aii'ectu
1578 2347 1605 2368 et
1631 2341 1765 2368 charilate

979 2389 1146 2424 compulsus,
1163 2394 1192 2416 ut
1206 2389 1293 2423 aiunt,
1312 2389 1346 2416 ad
1360 2389 1439 2416 aliam
1454 2388 1546 2415 villam
1565 2387 1762 2422 commigravit.

1014 2490 1068 2525 (65)
1092 2491 1151 2525 Τὴν
1170 2490 1300 2518 καθόλου
1316 2490 1374 2516 ’τοῦ
1393 2490 1510 2524 γένους.
1530 2489 1563 2525 1η
1580 2489 1673 2516 codice
1692 2487 1762 2515 Max.

976 2532 1005 2554 et
1028 2524 1176 2553 Piiketiaiio
1201 2525 1313 2552 καθόλου
1338 2526 1468 2552 scribitur
1491 2524 1598 2558 quidem
1620 2532 1670 2550 una
1685 2531 1762 2557 voce,

976 2569 1072 2596 aspero
1094 2567 1181 2587 tamen
1198 2562 1293 2596 spiritu
1308 2560 1392 2596 media
1405 2559 1505 2596 syllaba
1524 2563 1699 2596 prnuiotninr.

1011 2593 1127 2631 (66)Τῆς
1135 2593 1282 2631 σωτηρζᾳς
1292 2593 1557 2631 ἐνδοῖνναὶᾶζιιίᾷιιιιε
1567 2593 1762 2631 vertitsulutem

974 2629 1084 2666 segnitia
1099 2631 1216 2664 perdere.
1235 2630 1371 2656 Musculus
1382 2638 1446 2666 vero
1461 2629 1654 2666 saluteinaunm
1668 2637 1704 2661 pr.
1716 2629 1762 2666 αρε
1795 2639 1799 2666 ξ

975 2662 1012 2694 νεῖ
1027 2668 1061 2693 At
1075 2662 1337 2698 Christopliorsonus
1362 2665 1470 2691 uberius
1495 2669 1523 2690 ut
1545 2664 1615 2690 soli-t
1633 2669 1658 2689 et
1678 2663 1762 2697 proli-
1796 2662 1799 2667 ’

975 2703 1036 2728 xius
1053 2703 1248 2735 interpretatus
1260 2705 1301 2727 est
1319 2700 1368 2726 hoc
1385 2700 1464 2726 modo
1478 2708 1485 2726 :
1557 2700 1660 2735 totidem
1673 2699 1761 2735 salute

975 2738 1080 2771 prodita
1093 2733 1185 2763 mimus
1200 2744 1253 2771 pro:
1273 2736 1376 2769 ignavia
1389 2735 1499 2771 dedisse.
1513 2734 1584 2771 sane
1597 2733 1761 2771 aliquii_d_liic

977 2767 1082 2798 videtur
1100 2767 1204 2797 deesse.
1223 2767 1316 2804 Neque
1332 2772 1404 2796 enim
1420 2769 1513 2796 (ἔνη-νο
1525 2769 1624 2795 dicitur
1640 2767 1761 2804 ἐνδοῦναι

974 2806 1024 2841 τῆς
1041 2806 1188 2842 σωτηρίας,
1212 2807 1262 2832 nisi
1274 2803 1354 2831 'l'orte
1370 2805 1515 2842 subaudias
1534 2803 1624 2842 ἕνεκα.
1642 2803 1761 2842 Nocitu-

975 2839 1071 2868 mei-ito
1091 2839 1150 2874 quis
1170 2841 1323 2875 suspicetur
1338 2840 1512 2868 scribendum
1530 2847 1590 2867 esse
1610 2839 1759 2866 ἐκπεσόντα

975 2877 1025 2911 τῆς
1040 2876 1186 2912 σωτηρίας,
1200 2875 1329 2903 ἐνδοῦναι.
