1993 3164
247 147 297 176 551

596 144 730 174 EUSEBII
746 143 986 173 CESARIENSIS
1004 142 1079 171 OPP.
1102 142 1194 170 PARS
1211 142 1232 171 1.
1251 158 1286 163 -
1306 142 1499 171 ﬂlSTOBlCA.

1811 148 1866 176 359.

269 207 358 235 Fortis
365 205 594 242 esto,Polycarpe,
601 210 629 234 et
639 206 754 234 viriliter
761 214 820 242 age.
829 216 837 232 ι
849 206 880 233 Et
889 206 912 233 is
924 205 1025 240 quidem

1084 204 1220 240 προσώπῳ
1239 205 1279 236 εἰς
1291 205 1378 232 πάντα
1388 204 1432 231 τὸν
1451 204 1528 239 ὄχλον
1541 204 1586 231 τὸν
1601 205 1630 233 ὲν
1641 205 1680 241 τῷ
1695 207 1794 244 σταδίῳ
1812 210 1862 244 ἒμ-

249 253 291 288 qui
304 254 372 281 hanc
383 260 478 280 vocem
496 253 629 285 ediderat,
648 260 662 280 a
676 253 784 280 nemine
802 257 844 279 est
869 253 954 284 visus,
969 251 1028 286 ipsa

247 305 309 324 vero
323 304 373 324 vox
390 304 404 323 a
418 296 556 331 plerisque
567 301 722 324 nostrorum
738 297 864 324 exaudita
881 302 933 325 est.
947 296 1029 324 Cum-

245 351 296 378 que
309 344 341 370 ad
356 342 473 370 tribunal
492 343 622 370 adductus
633 347 715 375 esset,
732 343 826 378 ingens
839 343 959 370 omnium
974 343 1029 370 cla-

245 396 305 416 mor
321 388 457 415 excitatus
473 392 524 420 est,
539 388 706 414 audientium
729 388 955 422 comprehensum
967 394 1028 415 esse

243 434 433 469 Polycarpuin.
451 433 540 460 Porro
566 434 740 460 accedentem
770 433 946 467 interrogavit
967 441 1028 468 pro-

244 480 348 511 consul,
367 481 458 514 ipscne
473 483 544 506 essct
558 478 732 514 Polycarpus.
750 479 815 506 Cttm
830 479 873 506 ille
889 479 1027 512 fateretur,

244 523 358 550 suadere
373 523 455 558 coepit
463 524 607 556 proconsul
623 528 651 550 ut
663 523 800 550 Christum
812 528 921 558 negaret
935 532 942 550 :
955 533 964 549 ‹
977 523 1028 551 Re-

243 577 347 600 verere.
363 570 496 604 inquiens,
513 574 620 596 aetatem
637 573 721 602 tuam,
736 579 745 594 ι
760 570 865 603 aliaque
879 570 920 596 his
931 570 1027 596 similia

245 615 376 649 adjiciens
402 624 461 648 qua:
474 616 510 642 illi
533 623 685 650 proponere
697 620 898 643 consueverunt
916 625 922 642 :
942 615 1027 643 dura

244 669 292 696 per
306 663 412 697 genium
423 661 557 694 Caesaris;
575 662 721 696 resipisce;
735 663 777 689 dic
791 674 796 690 :
811 661 886 689 Tolle
903 662 1026 697 impios.»

243 708 311 734 Tum
325 708 489 742 Pnlycarpus
501 708 574 743 gravi
597 715 627 735 ac
641 715 735 735 severo
751 709 826 735 vultu
840 709 944 736 turbam
971 716 1029 735 om-

243 761 315 784 nem.
329 761 388 788 qua:
402 753 429 780 in
456 753 545 780 stadio
573 758 632 780 erat
647 758 788 786 contuens,
815 762 978 789 manumque
1001 754 1028 781 in

243 807 290 826 eos
304 799 456 830 intendens,
469 806 520 826 n0n
543 799 602 826 sine
619 800 718 833 gemitu
737 799 850 827 sublatis
877 800 903 827 in
929 800 1028 827 malum

242 845 329 872 oculis
338 845 422 872 dixit:
435 854 444 870 ε
456 844 531 871 Tolle
542 844 665 878 impios.)
676 845 742 872 Cum
752 845 864 872 instaret
874 844 1028 880 proconsul,

1079 251 1189 285 ϐλέψας,
1207 251 1346 282 ὲπισείσας
1358 252 1447 283 αὐτοῖς
1462 251 1511 286 τὴν
1526 252 1615 287 χεῖρα,
1631 253 1759 286 στενάξας
1772 263 1800 280 τε
1816 255 1864 281 καὶ

1078 299 1230 333 ἀναϐλέψας
1238 301 1277 330 εἰς
1284 299 1365 333 τὸνζοῦ
1370 299 1458 335 ρανδν,
1474 295 1558 324 εἶπεν
1574 308 1583 324 (
1589 297 1652 334 Αἶρε
1665 300 1726 332 τοὺς
1735 299 1842 333 ἀθέους,
1850 311 1860 328 s

1084 345 1257 379 Ἐγκειμένου
1273 344 1301 370 δὲ
1313 344 1357 371 τοῦ
1374 345 1535 379 ἡγουμένου,
1549 344 1595 371 καὶ
1606 345 1738 378 λέγοντος
1754 356 1763 372 s
1780 347 1864 381 Ὀμο.

1079 399 1124 418 σον
1140 391 1186 418 καὶ
1205 391 1332 418 ἀπολύσω
1349 399 1388 422 σε,
1411 390 1564 426 λοιδορησον
1576 391 1621 417 τὸν
1636 392 1762 426 Χριστὸν,
1781 402 1790 418 ι
1810 393 1863 428 ἔφη

1079 437 1092 463 ὁ
1117 437 1302 472 [Ιολύκαρττος⁸
1323 445 1331 461 t
1356 435 1533 470 Ὀγδοήκοντα
1555 436 1602 462 καὶ
1626 432 1656 467 ἒξ
1673 435 1719 472 ἔτη
1744 436 1864 463 δουλεύω

1078 482 1162 517 αὐτῷ,
1175 482 1222 509 καὶ
1237 482 1311 508 οὐδέν
1326 490 1359 517 με
1375 481 1497 516 ἠδίκησε.
1512 481 1565 508 Καὶ
1578 482 1636 513 πῶς
1648 482 1763 518 δύναμαι
1781 482 1862 517 βλασ-

1079 528 1204 563 φημῆσαι
1215 528 1260 554 τὸν
1271 527 1388 555 Βασιλέα
1405 537 1467 563 μου,
1483 527 1527 554 τὸν
1540 527 1663 554 σώσαντά
1676 536 1726 562 με;
1748 538 1758 553 ι
1784 528 1863 555 Ἐπι-

1079 574 1203 608 μένοντος
1226 574 1254 600 δὲ
1279 574 1358 600 πάλιν
1380 574 1462 600 αὑτοῦ
1485 574 1532 600 καὶ
1554 573 1690 607 λέγοντος
1711 583 1720 598 ε
1745 574 1862 608 Ὀμοσον

1078 619 1126 654 τὴν
1142 619 1280 654 Καίσαρος
1300 619 1394 654 τύχην,
1413 629 1423 645 ι
1442 621 1456 646 6
1470 618 1656 654 Πολύκαρπος,
1674 628 1683 643 ε
1699 619 1730 645 Et
1755 619 1861 644 κενοδο-

1079 665 1143 698 ξεῖς,
1157 667 1247 701 φησιν,
1262 667 1304 692 ἵνα
1315 666 1406 701 ὁμόσω
1417 665 1464 700 τὴν
1472 665 1609 700 Καίσαρος
1622 661 1862 700 τύχην,ὡς)-ἐγεις,

1079 712 1308 747 προσποιούμενος
1320 713 1426 746 ἀγνοεῖν
1443 711 1516 743 ὅστις
1531 711 1602 746 εἰμὶ,
1623 711 1690 746 μετά
1704 711 1860 747 παρρησίας

1078 759 1168 785 ἄκουε
1178 758 1338 793 Χριστιανός
1351 759 1418 792 είμι.
1431 758 1462 783 Εί
1476 757 1503 784 δὲ
1517 757 1603 790 θέλεις
1617 758 1663 784 τὸν
1674 756 1721 783 τοῦ
1734 757 1860 792 Χριστια-

1078 803 1174 839 νισμοῦ
1191 803 1284 838 μαθεῖν
1297 803 1386 836 λόγον,
1400 803 1557 838 δὺςήμέραν
1571 803 1616 829 καὶ
1630 802 1754 829 ἄκουσον.
1767 811 1776 827 ι
1787 801 1860 836 Ἔφη

1078 850 1092 876 6
1108 849 1268 880 ἀνθύπατος·
1287 858 1295 873 ι
1308 848 1403 874 Πεῖσον
1417 847 1461 874 τὸν
1476 848 1569 883 δῆμον.
1586 857 1594 873 ι
1606 847 1784 883 Πολύκαρπος
1795 846 1857 882 ἐφη·

242 891 397 924 diceretque
416 899 423 918 :
446 901 455 917 ‹
467 891 542 922 Jura,
554 896 581 918 et
600 891 677 926 132
693 892 814 926 protinus
830 896 855 918 te
870 891 1002 918 dimittam
1018 899 1024 917 :

1083 905 1092 921 ι
1112 895 1144 922 Σὲ
1163 895 1211 930 μὲν
1227 895 1274 922 καὶ
1283 894 1361 928 λόγου
1373 893 1485 928 ἠξίωσα.
1501 882 1682 929 Δεδιδάγμεθα
1696 882 1750 928 γάρ
1762 893 1860 927 ἀρχαῖς

242 937 285 964 dic
294 938 413 964 convicia
421 939 551 966 adversus
560 939 698 966 Christum
711 946 734 970 ς»
748 937 844 972 Polyca
850 945 912 972 rpus
918 944 1029 971 respon-

242 984 281 1011 dit
298 992 305 1010 :
325 993 334 1010 ι
348 983 401 1011 Sex
417 990 445 1011 et
459 985 595 1019 octoginta
609 985 752 1012 continuos
763 990 847 1010 annos
858 983 881 1010 ei
892 983 1029 1010 ministra-

241 1030 279 1062 vi,
298 1038 349 1057 nec
363 1030 416 1056 ulla
432 1038 475 1058 me
489 1038 607 1065 unquam
619 1029 709 1057 all‘ecit
725 1030 841 1064 injuria:
853 1034 880 1056 et
893 1029 1028 1064 quomodo

242 1083 352 1110 possum
367 1076 448 1110 impie
463 1076 534 1111 loqui
558 1076 687 1104 adversus
712 1076 812 1110 Regem
830 1083 918 1103 meum
932 1080 1027 1103 aucto-

241 1129 353 1156 remque
367 1122 463 1149 salutis
479 1123 568 1149 uncae?
581 1132 589 1148 ι
608 1122 727 1156 Urgente
742 1130 836 1149 rursus
852 1116 1026 1156 proconsule,

241 1174 273 1195 ac
287 1168 392 1194 dicente
404 1176 411 1194 :
422 1177 431 1192 t
442 1166 505 1194 Jura
517 1175 565 1202 per
573 1168 680 1202 genium
689 1167 820 1200 Caesaris;
838 1177 847 1193 ι
865 1167 1026 1203 Polycarpus

240 1213 329 1240 dixit:
345 1223 354 1239 ι
372 1214 399 1241 Si
415 1214 536 1248 quidem,
556 1213 653 1248 inquit,
676 1213 818 1240 ambitiose
831 1213 982 1245 contendis,
998 1217 1026 1239 ut

241 1266 292 1292 ego
308 1266 356 1293 per
374 1260 482 1294 genium
497 1267 576 1294 quem
592 1267 672 1287 vocas
687 1258 802 1287 Caesaris
823 1258 923 1293 jurem,
941 1260 1026 1286 simu-

241 1305 300 1332 lans
314 1309 340 1331 te
355 1305 482 1339 ignorare
496 1305 557 1340 quis
569 1305 631 1337 sim,
647 1305 708 1332 audi
725 1305 810 1332 libere
829 1306 999 1339 proliteutem
1017 1314 1024 1332 :

240 1351 411 1378 Christianus
420 1359 488 1378 sum.
507 1351 582 1384 Quod
595 1351 618 1378 si
635 1351 782 1378 Christiani
794 1351 884 1378 cultus
895 1351 1025 1378 rationem

239 1397 315 1430 cupis
325 1404 484 1432 agnoscere,
507 1397 540 1423 da
556 1397 621 1424 mihi
642 1397 695 1424 diei
713 1396 842 1431 spatium,
859 1401 885 1424 et
899 1397 1001 1424 audies.
1014 1406 1032 1423 ι.

239 1444 272 1470 At
280 1443 440 1478 proconsul:
453 1453 463 1469 ‹
471 1443 616 1474 Persuade,
626 1443 722 1477 inquit,
730 1443 836 1478 populo.
844 1452 854 1469 ι
862 1443 1027 1479 Polycarpus

240 1490 323 1517 dixit:
334 1499 343 1516 ‹
358 1490 417 1517 Tibi
430 1489 538 1524 quidem
549 1489 680 1516 rationem
691 1490 803 1517 reddere
819 1498 870 1517 uoti
885 1497 927 1516 me
935 1490 1024 1524 piget:

240 1540 402 1570 praeceptum
416 1535 488 1561 enim
501 1535 579 1561 nobis
599 1539 641 1561 est
669 1539 698 1561 ut
722 1535 927 1569 magistratibus
939 1539 967 1562 et
979 1542 1027 1570 po-

241 1582 387 1608 testatibus
404 1589 417 1608 a
436 1580 491 1608 Deo
507 1581 662 1608 constitutis
674 1581 802 1608 honorem
815 1581 934 1608 debitum
949 1582 1026 1609 exhi-

241 1627 364 1660 beamus,
388 1627 434 1662 qui
455 1627 535 1654 nobis
565 1627 631 1661 ipsis
658 1627 725 1654 nihil
756 1632 862 1655 noceat.
881 1627 943 1654 lllos
961 1635 1025 1655 vero

242 1681 336 1708 parum
351 1673 447 1708 dignos
460 1681 558 1701 censeo
569 1673 668 1707 quibus
686 1673 748 1700 ﬁdei
770 1679 871 1701 nostra
893 1674 1024 1701 rationem

241 1720 362 1748 reddam.
374 1729 383 1745 ι
401 1718 477 1747 Tunc
491 1719 635 1753 proconsul
654 1728 660 1746 :
676 1728 686 1745 ι
706 1719 810 1746 Ριτιιειο
826 1723 901 1751 sunt,
927 1719 1023 1754 inquit,

241 1765 346 1796 bestiae,
359 1765 457 1799 quibus
479 1769 505 1791 te
521 1764 679 1799 obiecturus
699 1772 769 1792 sum.
785 1765 834 1803 nisi
861 1764 1024 1792 sententiam

242 1811 416 1839 mutaveris.»
432 1810 596 1846 Polycarpus
610 1810 677 1837 dixit
691 1817 699 1837 ι
715 1819 726 1836 ι
738 1811 854 1837 Accerse
869 1818 924 1842 eas,
939 1817 1026 1844 neque

241 1858 313 1885 enim
342 1857 419 1884 nobis
446 1864 460 1883 a
487 1856 644 1884 melioribus
671 1856 703 1883 ad
724 1856 859 1884 deteriora
888 1856 1025 1884 mutabilis

241 1910 318 1930 mens
329 1907 379 1931 est.
397 1902 542 1930 Pulchrum
564 1903 671 1938 quidem
689 1896 770 1938 atque
788 1903 930 1930 honestum
947 1903 1024 1932 duci-

241 1956 301 1976 mus
323 1956 337 1975 a
363 1949 435 1976 vitiis
462 1950 495 1976 ad
515 1949 642 1976 virtutem
660 1954 857 1976 transcurrere.
870 1958 880 1975 ι
908 1949 949 1976 Ad
967 1949 1024 1976 hate

240 1995 386 2029 proconsul
403 2003 410 2022 :
431 2004 440 2021 ι
458 1995 579 2028 Quando,
591 1995 689 2030 inquit,
701 1994 803 2022 bestias
829 1995 945 2030 spernis,
962 1995 1025 2023 faxo

240 2045 271 2067 ut
284 2041 408 2068 incendio
415 2041 541 2073 dotneris,
551 2041 601 2068 nisi
611 2042 774 2069 sententiam
785 2047 881 2069 mutes.
890 2055 925 2060 -—
933 2040 1024 2075 Ignem

241 2085 362 2118 minaris,
377 2086 415 2113 ait
427 2086 603 2121 Polycarpus,
613 2087 658 2121 qui
671 2087 703 2113 ad
718 2087 790 2114 horae
806 2087 922 2121 spatium
934 2087 1022 2120 ardet,

241 2131 388 2166 statimque
404 2133 593 2168 exstinguitur.
605 2133 715 2168 Ignoras
727 2133 832 2161 scilicet
854 2133 928 2160 illum
939 2133 1022 2161 futuri

240 2177 334 2212 judicii
350 2182 511 2214 aeternaeque
527 2179 708 2207 damnationis
729 2179 830 2214 ignem,
849 2179 894 2215 qui
923 2179 1022 2214 impio-

1078 941 1125 968 καὶ
1139 941 1272 974 ἐξουσίαις
1289 942 1341 968 ὑπὸ
1361 941 1428 968 Θεοῦ
1447 940 1624 976 τεταγμέναις
1645 940 1726 975 τιμὴν
1747 939 1816 966 κατά
1831 939 1861 965 τὸ

1079 988 1215 1022 προσῆκον
1228 988 1277 1022 τὴν
1294 987 1330 1023 μὴ
1344 988 1515 1023 βλάπτουσαν
1531 988 1604 1022 ἡμᾶς
1614 986 1759 1021 ἀπονέμειν
1769 994 1775 1000 ·
1788 984 1860 1011 ὲκεί-

1077 1041 1139 1064 νους
1148 1032 1176 1059 δὲ
1189 1033 1238 1059 οὐκ
1248 1032 1338 1066 ἀξίους
1350 1032 1468 1068 ἡγοῦμαι
1484 1032 1530 1059 τοῦ
1541 1030 1730 1065 ἀπολογεῖσθαι
1741 1029 1858 1060 αὐτοῖς.»

1083 1080 1112 1106 '0
1125 1079 1153 1106 δὲ
1166 1079 1317 1111 ἀνθύπατος
1333 1076 1394 1105 εἷπε
1406 1078 1463 1113 (72)
1472 1086 1478 1093 ’
1499 1087 1508 1103 ‹
1527 1077 1615 1112 Θηρία
1629 1076 1691 1111 ἔχω.
1704 1075 1813 1106 Τούτοις
1830 1082 1860 1100 σε

1078 1123 1227 1158 παραϐαλῶ
1239 1123 1286 1149 ὲάν
1299 1123 1335 1158 μὴ
1356 1123 1533 1158 μετανοήσῃς.
1550 1131 1559 1147 ι
1585 1122 1613 1147 ’0
1628 1121 1656 1147 δὲ
1672 1118 1756 1147 εἶπεν·
1776 1129 1784 1144 ι
1804 1119 1861 1145 Κά-

1077 1169 1127 1200 λει,
1141 1169 1305 1204 ἀμετάθετος
1320 1168 1373 1204 γὰρ
1389 1169 1454 1203 ἡμῖν
1472 1169 1485 1203 ἡ
1502 1167 1554 1194 ἀπὸ
1568 1167 1622 1193 τῶν
1637 1166 1797 1202 κρειττόνων
1814 1165 1861 1191 ἐπὶ

1076 1215 1110 1241 τὰ
1128 1215 1212 1250 χείρω
1228 1215 1355 1250 μετάνοια
1369 1214 1437 1250 (73).
1457 1213 1546 1240 Καλδν
1558 1213 1586 1240 δὲ
1606 1211 1793 1247 μετατίθεσθαι
1806 1209 1860 1237 ἀπὸ

1076 1261 1130 1287 τῶν
1144 1260 1270 1296 χαλεπῶν
1289 1261 1335 1287 ἐπὶ
1357 1260 1391 1286 τὰ
1405 1259 1506 1286 δίκαια.
1525 1268 1534 1285 ι
1553 1259 1582 1286 '0
1593 1258 1622 1285 δὲ
1638 1258 1717 1285 πάλιν
1731 1257 1797 1292 πρὸς
1811 1256 1861 1282 αὐ-

1076 1307 1131 1334 τόν’
1152 1316 1161 1332 t
1176 1307 1246 1342 Πυρί
1265 1315 1293 1333 σε
1310 1307 1413 1342 ποιήσω
1433 1305 1612 1340 δαμασθεῖψαι,
1631 1304 1678 1331 ὲάν
1692 1303 1744 1330 τῶν
1759 1302 1861 1338 θηρίων

1076 1355 1259 1390 καταφρονῇς,
1275 1354 1322 1380 ἐὰν
1337 1352 1374 1388 μὴ
1392 1353 1569 1387 μετανοήσῃς.
1580 1349 1774 1385 »Πολύκαρτοος
1787 1346 1859 1374 εἷπε·

1079 1409 1089 1426 t
1105 1400 1163 1436 Ιιῦρ
1181 1400 1302 1431 ἀπειλεῖς
1316 1399 1383 1434 πρὸς
1392 1398 1466 1434 ὦραν
1481 1398 1636 1432 καιόμενον,
1654 1395 1702 1422 καὶ
1720 1393 1862 1429 μετολίγον

1077 1446 1264 1482 σϐεννύμενον.
1279 1446 1397 1480 Ἀγνοεῖς
1406 1444 1460 1480 γὰρ
1472 1443 1502 1470 τδ
1519 1444 1566 1478 τῆς
1581 1441 1729 1478 μελλούσης
1745 1441 1862 1476 κρίσεως

1077 1493 1123 1519 καὶ
1141 1492 1250 1519 αἰωνίου
1265 1491 1402 1522 κολάσεως
1416 1491 1471 1521 τοῖς
1484 1489 1594 1516 ἀσεϐέσι
1611 1484 1775 1524 τὴρούμενον
1791 1486 1860 1522 πῦρ.

1083 1537 1193 1564 Ἀλλὰτί
1202 1537 1360 1572 βραδύνειςς
1378 1535 1468 1570 Φέρεὸ
1480 1534 1567 1570 βούλει
1577 1533 1692 1569 (74—75).
1705 1542 1714 1558 ι
1725 1531 1817 1559 Ταῦτα
1833 1531 1862 1559 δὲ

1076 1585 1123 1611 καὶ
1136 1584 1217 1620 ἕτερα
1227 1583 1336 1610 πλείονα
1348 1582 1446 1616 λέγων,
1459 1581 1576 1616 θάρσους
1591 1581 1638 1607 καὶ
1650 1580 1737 1615 χαρᾶς
1747 1579 1861 1613 ὲνεπίμ-

1076 1630 1171 1662 πλατο,
1189 1631 1236 1657 καὶ
1253 1629 1284 1656 τὸ
1306 1629 1451 1664 πρόσωπον
1469 1627 1550 1654 αὑτοῦ
1567 1627 1677 1663 χάριτος
1691 1625 1859 1661 ἐπληροῦτο,

1076 1676 1146 1703 ὥστε
1163 1676 1200 1711 μὴ
1219 1675 1297 1710 μόνον
1316 1675 1353 1710 μὴ
1377 1675 1525 1709 συμπεσεῖν
1539 1672 1707 1708 ταραχθέντα
1727 1671 1779 1697 ὑπὸ
1805 1670 1860 1697 τῶν

1075 1721 1227 1756 λεγομένων
1245 1719 1313 1756 πρὸς
1328 1718 1418 1750 αὑτὸν,
1438 1716 1506 1744 ἀλλὰ
1518 1716 1670 1743 τούναντίον
1681 1715 1726 1741 τὸν
1740 1713 1861 1740 ἀνθύπα-

1075 1775 1121 1794 τον
1134 1766 1271 1801 ἐκστῆναι,
1286 1764 1390 1800 πέμψαι
1401 1772 1431 1790 τε
1447 1763 1491 1790 τὸν
1507 1763 1615 1798 κήρυκα
1629 1761 1675 1787 καὶ
1688 1761 1715 1786 ὲν
1732 1760 1805 1795 μέσῳ
1821 1758 1860 1794 τῷ

1079 1813 1177 1847 σταδίῳ
1191 1811 1308 1847 κηρύξαι
1322 1810 1391 1846 τρίς·
1406 1809 1599 1844 (Πολύχαρπος
1612 1807 1784 1842 ὡμολόγησεν
1798 1806 1862 1832 ἑαυ-

1077 1858 1122 1885 τὸν
1133 1857 1292 1893 Χριστιανὸν
1305 1854 1383 1883 εἶναι.
1398 1865 1407 1881 ι
1427 1854 1528 1881 Τούτου
1539 1854 1677 1889 λεχθέντος
1690 1852 1742 1879 ὑπὸ
1748 1851 1794 1878 τοῦ
1812 1851 1862 1887 κή-

1080 1912 1176 1940 ρυκος,
1201 1903 1254 1929 πᾶν
1270 1903 1299 1929 τὸ
1322 1901 1423 1936 πλῆθος
1441 1900 1525 1927 ἐθνῶν
1540 1908 1570 1926 τε
1589 1899 1636 1926 καὶ
1655 1898 1790 1924 Ἰουδαίων
1805 1897 1861 1923 τῶν

1077 1949 1125 1984 τὴν
1142 1948 1267 1984 Σμύρναν
1287 1946 1494 1978 κατοικούντων,
1519 1945 1696 1979 ἀκατασχέτῳ
1711 1943 1788 1978 θυμῷ
1812 1942 1861 1969 καὶ

1079 1995 1183 2032 μεγάλῃ
1190 1995 1264 2030 φωνῇ
1273 1993 1346 2020 ἐϐόα·
1361 2002 1369 2017 ι
1381 1988 1465 2023 Οὗτός
1474 1993 1547 2018 ἐστιν
1557 1991 1571 2017 6
1580 1991 1629 2025 τῆς
1637 1989 1728 2021 Ἀσίας
1739 1989 1862 2016 διδάσκα-

1076 2042 1131 2074 λος,
1146 2042 1160 2068 6
1176 2040 1266 2076 πατὴρ
1278 2039 1332 2066 τῶν
1348 2037 1527 2074 Χριστιανῶν,
1543 2039 1558 2064 6
1574 2037 1626 2064 τῶν
1640 2036 1780 2072 ἡμετέρων
1791 2034 1860 2061 θεῶν

1076 2086 1249 2122 καθαιρέτης,
1262 2087 1276 2112 6
1290 2085 1402 2116 πολλοὺς
1416 2084 1547 2111 διδάσκων
1563 2082 1600 2118 μὴ
1614 2082 1687 2108 θύειν
1703 2081 1768 2117 μηδὲ
1780 2088 1862 2116 προσ-

1076 2134 1176 2160 κυνεῖν.
1188 2142 1196 2158 i
1208 2132 1300 2159 Ταῦτα
1314 2131 1438 2165 λέγοντες
1449 2151 1456 2163 ,
1474 2129 1593 2156 ὲπεὸόων
1609 2128 1656 2155 καὶ
1675 2128 1788 2163 ἠρώτων
1813 2126 1860 2153 τὸν

1081 2179 1226 2215 Ἀσιάρχην
1243 2178 1299 2214 (76)
1314 2176 1454 2209 Φίλιππον,
1470 2176 1514 2203 ἵνα
1529 2175 1620 2210 ἐπαφῇ
1637 2174 1676 2209 τῷ
1689 2173 1860 2208 Πολυκάρπῳ

279 2269 442 2306 (72)]οςδὲ
454 2270 624 2306 ἀνθύπατος
643 2269 717 2298 εἶπε.
733 2271 759 2298 In
773 2271 911 2298 codicibus
924 2272 1024 2300 nostris

1078 2272 1168 2300 δίκαιά
1179 2280 1209 2299 τε
1225 2271 1273 2298 καὶ
1283 2271 1353 2298 ὅσια.
1371 2269 1454 2303 Quasi
1471 2269 1574 2295 diceret
1595 2275 1601 2294 :
1618 2267 1678 2306 Noli
1704 2273 1828 2306 sperare,
1842 2273 1859 2291 ο

243 2305 324 2335 Maz.,
339 2305 406 2331 Med.
427 2311 453 2332 et
468 2305 535 2332 Fuk.
551 2307 681 2340 scriptum
698 2312 750 2339 esI,
769 2307 798 2333 Ὁ
823 2307 851 2333 δὲ
873 2307 1023 2340 ἀνθύπατος

230 2341 294 2375 Ἐφη
305 2349 312 2355 ο
329 2340 416 2375 Θηρία
431 2341 494 2375 ἔχω,
511 2347 563 2368 etc.

278 2376 333 2410 (75)
350 2375 534 2410 Ἁμετάθετος
545 2376 600 2410 γὰρ
611 2375 682 2410 ἡμῖν
691 2377 709 2410 ἡ
719 2376 778 2403 ἀπὸ
786 2375 843 2403 τῶν
850 2379 1025 2411 κρειττόνων

241 2412 293 2439 ἐπὶ
305 2411 341 2437 τὰ
353 2411 440 2445 χείρω
449 2411 601 2445 μετάνοια.
618 2411 714 2438 Ultima
730 2420 781 2439 vox
795 2420 846 2438 non
862 2413 966 2440 videtur
980 2414 1024 2440 hic

242 2448 398 2482 convcnirc.
415 2448 454 2472 Ae
476 2448 591 2473 libenter
602 2454 650 2480 pro
665 2454 729 2473 voce
746 2447 874 2482 μετάνοια
890 2449 1023 2476 rescribe-

244 2490 300 2509 rem
314 2480 427 2511 διάνοια.
443 2489 521 2515 quem
535 2489 644 2508 scnsum
664 2481 690 2508 in
717 2480 938 2516 interpretatione
963 2490 1020 2510 mea

243 2524 301 2543 sum
321 2523 440 2543 secutus.
460 2517 530 2542 Idem
547 2524 655 2550 quoque
677 2516 773 2544 llulluo
788 2518 919 2550 placuisse
932 2518 1021 2544 video.

245 2551 290 2578 Sic
304 2552 374 2582 enim
391 2551 435 2578 ille
454 2552 534 2578 vertit
546 2551 714 2578 hunclocttm
733 2560 739 2577 :
760 2552 905 2579 Proconsul
930 2553 1021 2579 dixit:

244 2586 346 2613 Hostias
361 2587 442 2622 habeo
460 2588 554 2622 quibus
586 2586 712 2622 {abigeris
729 2589 776 2621 (ita
793 2589 898 2614 correxi
925 2589 1021 2622 partim

242 2628 274 2647 ex
298 2623 390 2648 codice
408 2621 568 2657 l’arisicnsis
585 2621 723 2652 Ecclesiae,
747 2623 845 2655 partim
873 2630 905 2648 ex
928 2622 1021 2657 Itcgin)

243 2657 294 2682 nisi
309 2658 361 2682 cito
372 2657 534 2688 panitueris.
552 2656 583 2682 At
601 2656 644 2682 ille
659 2658 789 2689 respondit
805 2665 814 2683 :
831 2656 1022 2683 Adhibeanlur.

245 2689 328 2717 Nobis
352 2693 418 2717 enim
439 2691 578 2717 immobilis
590 2696 640 2716 sla!
656 2693 785 2718 sententia
799 2699 809 2719 .'
827 2700 871 2718 nec
884 2700 1023 2725 possumus

244 2727 276 2751 de
289 2726 355 2751 bono
371 2727 403 2751 ad
421 2726 518 2752 malum
535 2734 581 2760 per
595 2726 782 2759 paenitudinem
792 2728 960 2753 commutari.
979 2727 1023 2752 Ni-

245 2761 378 2796 cephorius
393 2768 510 2794 quoque,
528 2768 556 2787 ιιι
572 2762 650 2796 hujus
663 2761 714 2787 1υεί
727 2769 836 2788 sensum
847 2762 1023 2796 exprimeret,

245 2795 486 2831 eirculnlucutiune
503 2803 568 2822 usus
585 2801 626 2831 est
640 2795 793 2828 hujusmudi
813 2804 819 2821 :
836 2796 873 2822 Οὐ
890 2797 944 2831 γὰρ
964 2797 1026 2830 ἐμοὶ

247 2829 373 2866 μετάνοια
389 2830 481 2864 σαφῶς
494 2830 625 2866 όρισθείη,
642 2831 657 2864 ή
669 2831 723 2856 ἀπὸ
735 2831 790 2866 τῶν
802 2829 961 2866 κρειττόνων
980 2829 1026 2858 ἐπὶ

245 2864 278 2890 τὰ
293 2865 375 2899 χείρω
399 2864 551 2897 μετάθεσις,
569 2865 625 2892 ἀλλ’
637 2866 654 2899 ἡ
667 2866 698 2891 ὲκ
712 2865 765 2892 τῶν
781 2864 904 2901 χαλεπῶν
924 2867 971 2893 ἐπὶ
993 2867 1027 2893 τὰ

1075 2309 1167 2343 iudex.
1183 2308 1239 2334 ﬁeri
1258 2314 1336 2341 posse
1346 2300 1428 2343 utine
1442 2312 1559 2343 unquam
1574 2303 1713 2343 paeniteat.
1725 2300 1778 2327 Nos
1785 2301 1858 2328 enim

1078 2338 1157 2369 unam
1174 2338 1306 2368 duntaxat
1329 2340 1516 2376 paenitentiam
1542 2338 1724 2376 agnoscimus,
1741 2343 1814 2376 _c.t_u_n
1842 2343 1856 2362 a

1077 2378 1150 2404 vitiis
1163 2379 1195 2403 ad
1208 2371 1348 2407 virtutem,
1361 2380 1388 2402 et
1403 2375 1437 2401 ab
1457 2381 1548 2401 errore
1562 2371 1700 2400 transitur
1715 2371 1747 2407 ad
1765 2371 1854 2397 Iidem.

1078 2413 1099 2439 Α
1114 2412 1271 2438 melioribus
1291 2406 1354 2438 vero
1367 2410 1400 2437 ad
1413 2409 1546 2437 deteriora
1567 2408 1693 2441 migrare,
1713 2406 1740 2433 id
1754 2412 1858 2440 nequa-

1079 2455 1159 2482 quam
1177 2446 1336 2482 resipiscere
1350 2449 1401 2482 est,

1109 2481 1215 2515 (74-75)
1233 2475 1333 2515 ὢέρενὸ
1341 2480 1458 2512 βούλει.
1471 2478 1560 2506 Codex
1578 2475 1778 2515 Mazlacjlcd”
1792 2481 1857 2515 cum

1077 2508 1145 2544 Ftik.
1163 2521 1191 2543 et
1205 2508 1281 2547 ξονς
1298 2508 1426 2549 scriptum
1454 2513 1635 2550 Ιιιιὶκιιιλφέρε
1649 2513 1666 2539 ἂ
1687 2508 1859 2550 scrutanti".

1075 2554 1146 2579 linus
1169 2552 1247 2578 vertit
1266 2545 1278 2578 ς’
1291 2545 1391 2577 Adhibe
1410 2555 1499 2577 utrum
1521 2545 1610 2581 voles;
1630 2545 1718 2583 ignem
1750 2545 1857 2572 scilicet

1075 2593 1120 2614 aut
1134 2587 1243 2613 bestias.
1447 2618 1461 2619 γ
1495 2618 1501 2619 γ
1703 2617 1708 2619 ,
1825 2614 1831 2619 .

1110 2622 1165 2656 (76)
1187 2621 1241 2648 Τὸν
1263 2619 1435 2653 Ἀσιάρχην.
1447 2618 1559 2645 Ruﬁnus
1574 2617 1756 2656 munerarium.
1764 2617 1854 2654 vertit,

1075 2651 1296 2691 quod'cquidein
1326 2651 1440 2689 probare
1466 2662 1518 2680 non
1549 2661 1669 2691 possunt.
1702 2651 1757 2678 Etsi
1783 2651 1855 2691 enim

1075 2689 1203 2718 asiarclize
1228 2698 1337 2717 munera
1351 2690 1476 2724 edebant,
1492 2697 1542 2714 non
1566 2689 1617 2714 hoc
1632 2693 1720 2724 tamen
1735 2689 1792 2724 erat
1807 2691 1855 2724 pe:

1076 2727 1178 2752 cnliare
1189 2734 1282 2752 eorum
1297 2725 1423 2752 oﬂiciutu.
1439 2723 1511 2750 Multi
1523 2723 1621 2757 quippe
1633 2722 1676 2748 alii
1700 2719 1855 2753 bujusmodi
1895 2751 1900 2757 '

1077 2761 1232 2795 spectacula
1256 2760 1417 2786 exhibebant
1433 2759 1540 2795 :rverbi
1568 2759 1653 2795 gratia
1672 2757 1854 2795 magistratus

1078 2788 1253 2829 n'iuuicipalcs
1277 2803 1324 2822 seti
1348 2794 1494 2823 duumviri,
1509 2799 1538 2819 ttt
1562 2788 1600 2819 Est
1619 2793 1644 2818 itt
1672 2792 1728 2824 lege
1752 2788 1854 2829 l_C_od.

1078 2825 1187 2857 Theod:
1200 2831 1235 2856 De
1248 2829 1412 2864 spcctacttlt’s.
1428 2828 1591 2864 Vertettdum
1608 2828 1691 2861 igitur
1703 2831 1745 2852 est
1764 2825 1857 2863 Asiar-

1078 2865 1163 2892 c/tum.
1181 2865 1263 2892 Erant
1278 2869 1366 2892 autem
1381 2863 1511 2892 asiarcha:
1532 2866 1687 2890 sacerdotes
1702 2866 1856 2888 communis
