1993 3164
144 174 199 203 353

640 171 815 200 HISTORIA:
834 171 1114 200 ECCLESIASTICJE
1132 171 1197 199 LIB.
1218 171 1263 198 IV.

1721 173 1775 200 δελ

145 235 249 262 λέοντα.
263 234 292 261 ’0
306 233 333 260 δὲ
343 233 394 268 ἔφη
411 233 447 269 μὴ
461 231 530 260 εἶναι
541 233 600 265 ἐξὸν
611 233 695 268 αὐτῷ,
710 233 803 269 ἐπειδὴ
818 233 922 268 ἐπεπλη

989 240 1049 260 rum
1063 232 1193 266 supplicio
1208 236 1375 259 reservatur.
1393 229 1450 259 Sed
1464 232 1530 267 quiti
1542 233 1658 261 cessas?
1684 235 1776 270 proter

145 279 230 315 ρώκει
241 279 275 306 τὰ
288 279 446 313 κυνηγέσια.
460 278 527 305 Τότε
548 278 636 310 ἔδοξεν
651 279 741 310 αὐτοῖς
757 278 931 314 ὁμοθυμαδὸν

146 325 299 360 ὲπιδοῆσαι,
314 324 384 351 ὥστε
402 325 490 357 ζῶντα
497 324 542 351 τὸν
559 325 736 361 Πολύκαρπον
749 325 930 351 κατακαῦσαι.

148 372 221 399 Ἔδει
240 371 294 407 γὰρ
304 371 334 398 τὸ
351 371 400 406 τῆς
414 371 618 407 φανερωθείσης
631 371 705 407 αὑτῷ
719 372 766 398 ἐπὶ
781 371 828 398 τοῦ
847 380 932 406 προσ-

146 417 293 452 κεφαλαίου
324 417 457 449 ὀπτασίας
483 417 678 453 πληρωθῆναι”
706 419 750 444 ὅτε
778 417 838 444 ἰδὼν
868 418 933 445 αὐτὸ

145 464 302 499 καιόμενον,
329 464 555 499 προσευχόμενος,
582 463 658 490 εἶπεν
674 465 852 500 ἐπιστραφεὶς
876 465 933 496 τοῖς

146 510 204 545 μετ’
221 509 302 536 αὑτοῦ
320 510 424 541 πιστοῖς
438 510 613 545 προφητικῶς
623 519 630 526 ο
648 520 657 536 t
671 511 717 537 Δεῖ
733 519 765 546 με
781 510 869 542 ζῶντα
882 519 932 537 κα-

143 556 290 591 τακαῆναι.
306 565 316 582 ι
333 556 424 583 Ταῦτα
444 554 490 583 οὖν
513 557 581 592 μετὰ
603 557 730 583 τοσούτου
756 558 855 592 τάχους
871 557 933 591 ὲγέ-

143 609 214 633 νετο,
229 601 350 637 θᾶττονῆ
367 601 485 636 ἐλέγετο,
499 602 553 628 τῶν
568 602 652 637 1ἄχλων
670 602 842 637 παραχρῆμα
857 610 933 629 συνα-

143 647 283 680 γαγόντων
297 648 328 673 ἐκ
342 646 396 673 τῶν
411 648 597 684 ἐργαστηρίων
610 648 657 674 καὶ
668 648 700 674 ἐκ
713 648 766 675 τῶν
785 648 933 683 βαλανείων

143 692 210 725 ξύλα
225 693 270 719 καὶ
287 693 422 729 φρύγανα,
438 693 554 728 μάλιστα
577 693 710 720 Ἰουδαίων
726 693 884 729 προθύμως,
895 694 932 726 ὡς

143 738 203 770 ἑθος
218 739 320 770 αὐτοῖς,
337 739 377 771 εἰς
392 739 471 765 τοῦτο
485 739 694 774 ὑπουργούντων
713 740 779 775 (77).
797 740 876 767 Ἀλλὰ
888 741 932 768 ὅτε

143 784 160 819 ἡ
186 784 263 819 πυρὰ
284 784 446 820 ήτοιμάσθη,
472 784 641 820 ἀποθέμενος
669 784 757 820 ἑαυτῷ
782 785 870 812 πάντα
896 786 932 812 τὰ

144 830 249 865 ἱμάτια,
265 831 311 857 καὶ
329 831 412 863 λύσας
427 832 474 867 τὴν
489 831 587 866 ζώνην,
603 832 733 866 ἐπειρᾶτο
743 832 789 858 καὶ
806 832 932 859 ὑπολύειν

142 877 238 902 ἑαυτὸν
257 877 324 912 (78),
346 878 383 913 μὴ
403 877 534 913 πρότερον
554 877 633 903 τοῦτο
658 876 758 909 ποιῶν,
779 877 823 904 διὰ
836 878 866 904 τὸ
889 878 932 904 ἀεὶ

142 922 257 949 ἕκαστον
274 923 328 949 τῶν
355 923 458 950 πιστῶν
484 922 656 954 σπουδάζειν,
681 923 756 954 ὅστις
776 923 869 957 τάχιον
885 923 932 950 τοῦ
948 913 969 940 Β

142 968 246 1003 χρωτὸς
264 968 346 995 αὐτοῦ
364 969 512 1004 ἐφάψηται.
536 969 581 995 Ἐν
598 968 679 995 παντὶ
689 968 743 1003 γὰρ
759 968 864 1003 ἀγαθῆς
874 968 932 995 ἕνε-

142 1024 190 1042 κεν
212 1016 348 1048 πολιτείας
365 1016 411 1042 καὶ
428 1016 481 1052 πρὸ
497 1016 546 1050 τῆς
563 1015 659 1046 πολιᾶς
679 1014 849 1050 ἐκεκόσμητο
865 1014 930 1050 (79).

143 1061 250 1094 Εὐθέως
267 1060 313 1088 οὖν
330 1061 405 1097 αὐτῷ
428 1061 596 1097 περιετίθετο
616 1061 651 1087 τὰ
675 1060 744 1097 πρὸς
767 1061 816 1096 τὴν
842 1060 931 1096 πυρὰν

142 1108 304 1144 ἡρμοσμένα
330 1109 434 1143 ὄργανα
459 1107 527 1143 (80).
547 1107 705 1134 Μελλόντων
727 1106 755 1132 δὲ
779 1106 868 1133 αὐτῶν
884 1106 930 1132 καὶ

143 1153 295 1189 προσηλοῦν
308 1153 398 1186 αὑτὸν,
411 1151 486 1180 εἶπεν
496 1162 502 1168 ·
522 1162 531 1178 t
554 1151 655 1187 ’Διρετέ
672 1161 706 1187 με
719 1151 813 1182 οὕτως.
836 1151 865 1177 '0
876 1151 929 1187 γὰρ

141 1200 229 1232 διδοὺς
247 1201 394 1236 ὑπομεῖναι
414 1199 445 1226 τὸ
463 1199 530 1235 πῦρ,
547 1198 628 1225 δώσει
646 1198 692 1224 καὶ
703 1197 787 1233 χωρὶς
802 1197 851 1233 τῆς
864 1198 929 1233 ὑμε-

141 1289 223 1318 ΑΞῘΞΒ.
239 1287 305 1315 Nam
318 1295 380 1315 cum
394 1288 487 1316 Asiani
509 1288 662 1315 communia
674 1288 806 1315 haberent
820 1289 928 1323 templa,

141 1332 232 1354 sacra.
254 1324 337 1357 festos
350 1324 418 1353 dies.
441 1329 467 1350 et
492 1331 637 1350 commune
659 1324 824 1355 concilium,
852 1332 928 1351 com-

142 1366 225 1388 mune
247 1360 328 1385 etiam
350 1359 488 1385 habebant
514 1360 604 1392 gentis
630 1359 826 1389 sacerdotium,
855 1359 926 1392 quod

142 1394 280 1422 asiarchia
300 1394 399 1420 dicitur
416 1393 442 1419 in
459 1393 536 1420 libris
549 1393 630 1428 juris.
645 1393 821 1428 Eligebautur
839 1399 928 1421 autem

143 1429 276 1457 asiarrltte
302 1429 353 1455 hoc
366 1428 457 1455 tnodo.
472 1428 590 1463 Singulae
604 1428 683 1455 urbes
696 1429 767 1456 Asiae
786 1429 862 1455 initio
880 1437 931 1455 cu-

140 1465 240 1500 jusque
257 1464 331 1494 anni,
349 1463 374 1489 id
392 1468 442 1500 est
467 1463 516 1500 sub
541 1464 733 1497 aequinoctium
759 1464 928 1500 autumnale,

143 1498 303 1526 concionem
320 1498 467 1528 habebant,
489 1498 516 1524 in
528 1506 580 1532 qua
599 1506 680 1524 nnunt
694 1507 728 1525 ex
751 1498 809 1525 suis
823 1499 929 1525 civibus

143 1535 295 1562 asiarcltatn
321 1534 515 1564 nominabant;
542 1534 645 1567 legatos
660 1532 759 1561 deinde
784 1534 929 1561 mittebant

144 1571 176 1596 ad
203 1577 347 1596 commune
379 1569 467 1603 gentis
491 1569 647 1600 concilium,
681 1569 727 1603 qui
748 1576 845 1595 nomen
870 1569 928 1602 ejus

144 1605 190 1637 qui
206 1604 277 1630 donli
291 1602 392 1630 electus
419 1603 506 1630 fuerat
530 1602 728 1630 renuntiarent.
758 1603 825 1630 Tum
848 1602 927 1630 σύνε-

143 1640 202 1675 δροι
219 1647 250 1666 ex
269 1639 395 1675 omnibus
412 1639 445 1665 iis
466 1645 535 1675 quos
557 1639 670 1675 singulze
695 1639 818 1675 civitates
841 1639 928 1675 asiar-

144 1673 210 1702 citas
227 1674 444 1704 nominaverant,
461 1674 552 1700 decem
565 1674 674 1700 circiter
682 1673 830 1708 eligebant.
846 1673 928 1701 Docet

145 1710 172 1736 id
186 1710 320 1736 Aristides
334 1709 359 1734 itt
375 1714 471 1742 qttarta
489 1709 640 1734 orationum
663 1716 809 1741 sacrarum,
835 1710 880 1736 ubi
899 1717 928 1736 se

145 1746 254 1771 tertium
271 1749 317 1770 ant
330 1748 455 1776 quartum
476 1744 628 1770 asiarclnnn
645 1751 659 1769 a
680 1744 812 1778 syuedris,
834 1744 860 1771 id
874 1749 926 1776 est,

145 1787 159 1806 a
174 1779 310 1806 communi
332 1779 402 1805 Asiae
428 1779 540 1805 consilio
565 1779 735 1813 designatum
763 1786 825 1805 esae
849 1779 925 1806 dit-il.

145 1814 198 1841 Sed
217 1813 358 1840 diﬂicnltas
376 1819 427 1844 est,
444 1819 533 1840 utrum
555 1813 582 1840 hi
608 1821 701 1840 omnes
715 1814 760 1848 qui
778 1814 804 1840 itt
821 1815 927 1848 publico

144 1850 217 1876 Asia;
232 1849 346 1875 concilio
362 1849 495 1883 designati
512 1850 631 1880 luerant,
648 1849 727 1874 simul
744 1849 924 1876 sacerdotiuttt

145 1885 344 1918 gesserintzan
356 1891 420 1909 vero
441 1891 510 1910 utttts
532 1885 662 1910 duntaxat
678 1883 758 1910 fuerit
790 1884 924 1910 ilSiﬂl‘Cilzl.

145 1919 240 1946 Plures
254 1919 363 1952 quidem
379 1918 462 1945 fuisse
475 1919 622 1952 quotannis
651 1919 788 1945 asiarcbas
812 1919 926 1945 :tllirmat

145 1953 202 1983 Jac.
227 1954 353 1981 Ussertus
384 1954 580 1985 Armacltattus,
598 1960 630 1980 eo
650 1953 720 1987 quod
746 1955 771 1980 in
795 1961 855 1986 cap.
880 1961 925 1981 xtx

144 1991 258 2016 Actnnm
272 1988 464 2022 apostolorum,
478 1989 568 2022 plures
583 1994 769 2015 mentorantur
796 1989 926 2016 asiarchre

144 2025 265 2051 suasisse
281 2024 362 2051 Paulo
377 2031 409 2050 ne
432 2024 457 2050 in
478 2025 611 2050 theatrum
639 2023 814 2057 Ephesiorum
832 2025 924 2056 prodi-

145 2065 196 2086 ret.
217 2059 270 2086 Sed
285 2059 360 2086 locus
378 2059 421 2084 ille
434 2059 549 2085 Actuunt
572 2058 638 2084 nihil
661 2058 766 2092 probat.
788 2057 926 2086 Asiarchte

144 2095 216 2120 enim
230 2094 286 2120 illic
304 2099 433 2120 vocantur
446 2094 490 2127 qui
502 2093 651 2120 Asiarcbize
664 2093 844 2120 sacerdotium
862 2102 924 2127 ges-

143 2135 246 2161 serant,
260 2137 292 2156 eo
309 2129 386 2163 plane
403 2129 482 2155 modo
497 2136 549 2162 quo
564 2130 706 2162 pontillccs
724 2128 878 2154 Judaeorunt
898 2137 923 2155 ttt

144 2164 291 2197 Evangelio
316 2164 456 2192 dicuntur.
472 2168 607 2196 quotquot
633 2163 820 2196 pontificatum
845 2169 923 2190 antea

143 2200 413 2226 administraverant.
437 2198 494 2232 Ego
509 2205 573 2225 vero
596 2198 722 2225 libentius
749 2199 923 2230 crediderint,

145 2242 227 2261 unum
250 2236 379 2260 duntaxat
394 2233 476 2260 fuisse
496 2233 640 2267 quotannis
660 2234 821 2260 asiarchant.
849 2233 924 2260 Licet

143 2271 215 2296 enim
235 2269 326 2303 plures
344 2277 358 2295 a
373 2269 497 2303 synedris
517 2268 650 2302 designari
664 2269 792 2298 solerent,
813 2268 839 2294 id
854 2270 922 2295 l'orte

144 2305 236 2335 liebal,
255 2310 283 2331 ut
297 2311 331 2331 ex
347 2311 440 2330 eorunt
454 2311 566 2330 numero
581 2311 662 2329 utnnn
674 2304 790 2337 aliquem
809 2311 922 2337 procon-

145 2340 185 2366 sul
201 2339 339 2366 ltomanus
357 2339 479 2372 eligeret,
500 2338 728 2372 quemadmodum
758 2340 790 2364 de
817 2339 922 2364 irenar-

143 2375 274 2401 chislieri
298 2374 406 2401 Solitum
428 2381 488 2401 esse
513 2374 594 2400 tradit
617 2372 751 2400 Aristides
776 2373 802 2400 itt
827 2374 920 2400 eadem

143 2411 275 2436 oratione.
292 2409 386 2436 Potuit
398 2410 478 2435 etiam
492 2409 516 2435 id
531 2409 654 2434 consulto
665 2409 723 2434 licri
746 2416 759 2435 a
785 2409 919 2442 syncdris,

144 2446 208 2470 utsi
227 2445 296 2472 lurte
311 2445 333 2471 is
355 2445 400 2478 qui
423 2444 526 2478 primus
556 2443 678 2470 asiarclta
700 2445 733 2469 ab
749 2445 815 2478 ipsts
834 2443 921 2470 fuerat

143 2480 309 2514 designatus,
330 2479 386 2505 lato
407 2480 570 2506 concederet
596 2479 752 2512 priusquam
775 2479 919 2505 sacerdotii

143 2515 182 2541 sui
202 2513 298 2542 nmuus
316 2515 460 2549 expleSsct,
472 2516 541 2540 alter
557 2520 625 2540 esset
635 2516 679 2547 qui
695 2513 754 2547 ejus
769 2513 857 2540 locum
871 2522 920 2540 cx-

142 2550 236 2583 pleret.
267 2550 354 2577 Unum
383 2557 462 2583 porro
484 2549 569 2576 fuisse
590 2550 735 2583 quotannis
768 2550 919 2575 asiarcltant

142 2590 254 2618 uppal'el
268 2593 301 2612 ex
322 2585 375 2612 [ine
392 2585 469 2618 bulas
489 2584 620 2618 epistolae,
637 2585 680 2610 ubi
699 2584 862 2618 l’olycarpns
879 2584 920 2609 dt-

141 2626 210 2646 t-ttur
223 2628 320 2654 passus
334 2627 393 2647 esse
409 2621 458 2646 sub
475 2619 595 2653 Philippo
615 2619 919 2652 asiarcha,proconsule

141 2661 229 2681 autem
247 2656 318 2682 Asia:
335 2654 421 2682 Statio
436 2655 586 2687 Quadrato.
603 2654 669 2681 t‘tam
689 2657 711 2681 si
734 2655 824 2687 plures
841 2659 920 2680 erant

141 2691 280 2723 astarchaa,
303 2699 354 2717 nou
377 2698 445 2717 unus
467 2691 653 2717 tantummodo
673 2690 806 2716 nominari
816 2690 917 2715 debuu.

140 2724 223 2752 Porro
235 2727 311 2752 valde
328 2733 472 2753 onerosum
489 2730 546 2752 erat
562 2726 614 2752 hoc
629 2726 822 2755 sacerdotium,
837 2730 918 2758 atque

140 2761 240 2788 idcirco
256 2761 364 2788 nonnisi
381 2761 564 2794 opulentiores
580 2762 613 2786 ad
628 2760 654 2787 id
671 2761 818 2794 gerendum
836 2760 919 2792 elige-

140 2796 246 2822 bantur.
259 2796 328 2822 Hinc
341 2799 382 2822 est
399 2797 470 2829 quod
491 2795 588 2822 Strabo
613 2796 750 2827 observat,
780 2795 918 2821 asiarcltas

139 2831 194 2857 lere
207 2839 241 2857 ex
255 2831 402 2858 Trallianis
413 2832 569 2865 desutuptos
582 2830 675 2863 fuisse,
690 2835 833 2864 propterea
847 2830 917 2863 quod

139 2865 196 2900 ejus
212 2867 289 2893 urbis
303 2866 377 2893 cives
399 2866 482 2893 totius
501 2866 572 2893 Asia:
594 2865 791 2900 opulentissimi
815 2869 916 2891 essent.

140 2899 194 2928 t‘tun
215 2902 303 2929 solius
327 2906 418 2929 autem
441 2902 524 2935 Asiae,
549 2901 596 2929 sed
613 2899 782 2937 generaliter
798 2899 917 2928 omnium

985 277 1165 313 quodcunque
1177 276 1307 304 volueris.
1323 286 1332 302 ι
1349 277 1412 304 Htec
1430 282 1456 304 et
1470 278 1521 304 alia
1542 279 1618 313 plura
1629 282 1775 309 cumtlice-

985 328 1036 356 ret,
1055 324 1154 351 ﬁducia
1169 323 1249 350 simul
1262 329 1289 350 et
1303 324 1400 358 gaudio
1422 324 1586 358 replebatur,
1603 331 1630 353 et
1647 327 1673 354 in
1698 328 1774 356 vultu

984 370 1042 405 ejus
1059 370 1144 404 gratia
1162 370 1286 404 quaedam
1316 369 1464 397 emicabat.
1492 370 1665 407 Tantumque
1689 375 1776 403 abfuit

984 421 1013 444 ut
1028 417 1060 443 iis
1070 424 1130 451 qute
1142 417 1191 450 ipsi
1207 417 1277 444 dicta
1290 421 1378 448 erant,
1396 417 1507 444 territus
1522 419 1687 448 concideret.
1703 420 1774 454 Quin

983 467 1077 489 contra
1094 463 1150 496 ipse
1163 462 1306 497 proconsul
1322 462 1454 489 att0nitus
1468 463 1554 495 Stetit.
1567 465 1693 499 misitque
1709 474 1777 500 pue-

982 515 1076 535 conem
1094 509 1140 542 qui
1152 509 1178 535 in
1198 508 1286 536 medio
1301 509 1389 536 stadio
1400 513 1441 536 ter
1453 511 1636 543 pronuntiavit
1650 519 1657 538 :
1672 521 1681 537 t
1696 513 1776 548 Poly-

983 561 1080 587 carpus
1099 562 1129 581 se
1149 555 1333 582 Christianum
1367 563 1428 583 esse
1454 555 1592 590 professus
1622 563 1672 585 est.
1693 566 1701 582 t
1717 559 1775 592 Quo

983 599 1076 626 audito
1090 600 1182 626 statim
1211 601 1335 628 universa
1348 601 1493 628 multitudo
1514 602 1654 637 gentilium
1676 611 1707 630 ac
1726 607 1775 631 Ju-

983 646 1101 672 dmorum
1115 645 1160 680 qui
1187 645 1331 680 Smyrnam
1355 647 1519 681 incolt-baut,
1550 647 1702 675 ittcredibili
1730 650 1774 676 fu-

983 697 1045 717 rore
1061 696 1088 717 et
1105 690 1206 725 ingenti
1219 691 1334 725 strepitu
1349 692 1509 718 acclamavit
1523 701 1530 719 :
1552 701 1562 718 ι
1575 692 1624 720 Hic
1633 698 1673 720 est
1681 695 1777 723 doctor

982 737 1055 764 Asize
1067 742 1093 763 et
1105 741 1180 770 pater
1196 735 1428 770 Christianorum,
1443 745 1556 766 eversor
1568 739 1708 766 numinum
1721 748 1771 767 no-

983 789 1115 816 atrorum,
1138 785 1183 818 qui
1201 783 1294 811 nutltis
1317 785 1439 819 prmcipit
1458 793 1491 812 ne
1516 785 1681 818 sacriﬁcent,
1708 794 1775 814 neve

983 830 1047 858 deos
1059 831 1226 858 immortales
1243 831 1366 857 adorent.
1383 840 1393 856 ›
1415 830 1476 858 Iltrc
1494 831 1616 859 dicentes
1644 832 1774 860 inclama-

983 875 1058 908 bant,
1072 876 1260 911 rogabantque
1273 875 1426 911 Philippum
1438 877 1609 910 Asiarcltant,
1622 883 1651 905 ut
1668 878 1772 906 leonem

984 923 1114 950 adversus
1127 922 1307 958 Polycarpum
1320 924 1468 951 emitteret.
1483 923 1518 950 At
1537 924 1581 952 ille
1609 926 1717 960 negavit
1747 926 1773 952 id

983 967 1034 995 sibi
1059 968 1152 1001 licere,
1173 968 1252 1004 133
1280 970 1379 1003 quippe
1393 969 1440 1004 qui
1467 969 1694 1004 atnphitlteatrale
1716 977 1774 1005 spo-

983 1014 1118 1041 ctaculum
1144 1014 1199 1048 jam
1230 1015 1371 1042 edidisset.
1402 1015 1478 1042 Tunc
1506 1023 1602 1042 outttes
1632 1024 1686 1043 uno
1705 1024 1771 1043 con-

981 1067 1062 1086 sensu
1078 1060 1276 1094 acclamarunt,
1295 1065 1325 1088 ut
1346 1060 1512 1096 Polycarpus
1532 1062 1610 1089 vivus
1628 1063 1772 1090 combure-

982 1110 1067 1133 retur.
1081 1105 1197 1133 Necesse
1214 1106 1285 1133 enim
1301 1112 1402 1133 eratut
1417 1107 1484 1134 visio
1503 1107 1560 1139 illa,
1575 1115 1655 1142 quam
1671 1108 1696 1135 iu
1713 1116 1773 1135 cer-

982 1150 1062 1177 vicali
1084 1151 1197 1182 viderat,
1227 1152 1407 1186 impleretur,
1434 1158 1499 1180 tunc
1521 1161 1580 1180 cum
1600 1154 1671 1182 inter
1690 1162 1771 1181 oran-

982 1197 1045 1224 dutu
1060 1196 1104 1224 illo
1124 1197 1220 1224 ardere
1233 1198 1301 1231 viso,
1319 1198 1353 1225 ad
1372 1198 1470 1226 fratres
1482 1200 1526 1233 qui
1544 1199 1630 1234 ipsunt
1658 1201 1772 1227 comita-

983 1288 1188 1325 provinciarum
1214 1289 1371 1325 sacerdotes
1399 1296 1512 1316 munera
1533 1289 1659 1325 edebant.
1676 1291 1770 1325 Augu-

982 1325 1070 1350 stinus
1084 1324 1109 1349 in
1121 1325 1234 1358 epistola
1252 1323 1279 1353 5.
1296 1325 1328 1351 de
1340 1325 1453 1357 Apuleio
1470 1325 1581 1357 loquens
1598 1333 1604 1351 :
1621 1324 1672 1357 Qui
1684 1323 1771 1351 mErr-

982 1360 1029 1384 dos
1045 1359 1184 1392 provincim
1201 1367 1246 1392 pra
1263 1367 1358 1391 magno
1375 1359 1436 1393 fuit,
1455 1365 1602 1386 utmttnem
1623 1366 1707 1386 meret
1728 1369 1769 1386 ve-

982 1400 1137 1427 natoresque
1152 1395 1267 1425 vestiret,
1284 1399 1308 1420 et
1325 1403 1372 1428 pro
1385 1400 1474 1421 statua
1492 1395 1543 1420 sibi
1563 1396 1633 1428 apud
1655 1394 1768 1422 Coenses

981 1429 1106 1458 locanda,
1121 1436 1154 1455 ea:
1170 1437 1222 1462 qua
1243 1430 1346 1455 ciuitate
1365 1430 1474 1456 habebat
1501 1437 1622 1460 uxorem,
1643 1433 1768 1456 adversus

981 1464 1215 1490 contradictionem
1239 1465 1412 1497 quorumdam
1441 1465 1537 1491 civium
1563 1465 1690 1497 litigat-et.
1715 1465 1766 1492 Ubi

980 1499 1070 1525 obiter
1088 1506 1185 1524 utuneo
1209 1499 1382 1525 scribendum
1400 1507 1460 1526 esse
1475 1500 1544 1531 apud
1567 1499 1674 1526 Oenus.
1694 1499 1767 1528 Uxor

980 1533 1052 1559 enim
1070 1533 1281 1567 Apuleiieratex
1299 1532 1352 1560 Oea
1370 1534 1436 1561 urbe
1455 1533 1562 1561 Aluit-an
1580 1534 1615 1560 Et:
1631 1536 1673 1562 bis
1687 1536 1767 1562 tutel-

981 1568 1072 1603 ligitur
1082 1576 1132 1594 cur
1147 1573 1287 1604 tantopere
1299 1569 1461 1596 laboraverit
1472 1569 1614 1602 Aristides,
1625 1576 1648 1596 nl
1661 1571 1769 1604 publico

980 1603 1052 1629 Asta‘
1064 1603 1217 1630 sacerdotio
1235 1603 1407 1630 liberaretur.
1430 1604 1534 1637 Quippe
1559 1605 1584 1630 id
1613 1613 1682 1631 onus
1706 1611 1768 1632 erat

978 1639 1180 1672 gravissinnmt,
1193 1646 1254 1665 cum
1273 1639 1409 1665 asiam-ba:
1418 1641 1450 1665 ad
1466 1639 1610 1666 editionem
1625 1648 1767 1667 mutu-runt

978 1675 1240 1705 constringerentur.
1253 1673 1432 1700 Philostratus
1451 1674 1476 1699 in
1495 1674 1652 1704 Scopeliano
1665 1675 1759 1708 Sophi-

978 1714 1039 1734 διας
1059 1709 1214 1744 Ἀρχιερεὺς
1242 1709 1290 1744 μὲν
1306 1708 1416 1741 ἐγένετο
1435 1709 1485 1743 τῆς
1506 1709 1596 1744 ’ᾼσίας
1619 1710 1698 1742 αὑτός
1725 1719 1766 1742 τε,

977 1744 1024 1770 καὶ
1041 1744 1168 1779 πρόγονρι
1193 1743 1287 1774 αὑτοῦ,
1306 1745 1370 1774 παῖς
1389 1745 1421 1770 ὲκ
1443 1743 1666 1779 πατρὸςνπάντες
1692 1746 1721 1772 Ὀ
1737 1745 1767 1772 δὲ

978 1776 1107 1815 στέφανος
1117 1776 1200 1815 (οὗτος
1212 1779 1304 1810 πολὺς,
1325 1779 1371 1804 καὶ
1387 1779 1457 1814 ὑπὲρ
1473 1776 1577 1815 πολλῷν
1600 1781 1763 1815 (χρημάτων.

979 1813 1004 1839 Ill
1021 1820 1061 1839 est
1083 1823 1089 1840 :
1111 1814 1236 1848 Pontifex
1248 1815 1316 1840 Asitr
1329 1822 1373 1839 seu
1393 1813 1516 1840 ItSi/tft‘ltll
1530 1814 1580 1847 [tu
1596 1813 1693 1846 ipsa”
1709 1825 1765 1841 rna-

973 1848 1046 1882 jores
1060 1850 1128 1882 ejus,
1146 1850 1182 1874 ita
1209 1855 1235 1874 ut
1253 1850 1376 1875 continua
1391 1850 1456 1874 serie
1469 1849 1540 1881 [ilius
1554 1850 1622 1881 patri
1640 1853 1766 1876 succede-

980 1889 1027 1910 ret.
1048 1883 1093 1910 Est
1109 1889 1195 1909 mitem
1210 1884 1290 1917 hujus
1300 1883 1441 1909 sacerdotii
1457 1883 1538 1910 Itonos
1549 1891 1602 1910 non
1613 1885 1763 1916 mediocris.

977 1926 1023 1944 nec
1036 1919 1161 1945 mediocri
1173 1927 1283 1951 peruma
1299 1923 1412 1944 constat.

1011 1954 1066 1988 (77)
1084 1955 1135 1986 Εἰς
1146 1953 1233 1979 τοῦτο
1247 1953 1488 1988 ὑπουργούντων.
1514 1952 1650 1988 Ῑηνιγίιηιε
1664 1955 1764 1981 nostris

976 1989 1116 2014 codicibus
1130 1988 1241 2016 Μςιιςιτ..
1260 1987 1330 2014 Med.
1347 1994 1374 2014 et
1391 1987 1485 2013 Fukn-t.
1503 1987 1634 2020 scriptttnt
1649 1995 1703 2021 est,
1723 1991 1763 2022 et;

976 2023 1061 2050 ταῦτα
1084 2022 1301 2059 ὑπουργούντων,
1317 2023 1546 2059 queutatltnmhtut
1562 2023 1643 2059 etiam
1665 2025 1763 2058 legitur.-

977 2059 1002 2085 in
1017 2056 1219 2092 exentplar'ilnts
1235 2060 1332 2092 quibus
1345 2066 1409 2084 ttsns
1429 2062 1471 2084 est
1491 2056 1550 2084 Jac.
1569 2056 1762 2086 UsserntsAr-

976 2095 1137 2121 tnachanus.
1153 2093 1278 2120 Itulitmm
1295 2101 1402 2127 quoque
1419 2094 1454 2119 ita
1473 2092 1568 2128 legisse
1580 2101 1613 2120 ex
1628 2094 1686 2128 ejus
1703 2101 1763 2120 ver-

977 2130 1055 2155 sione
1071 2134 1193 2162 apparet,
1211 2130 1256 2154 .N'ic
1281 2130 1353 2154 cnim
1378 2129 1573 2162 interpretatur
1597 2137 1602 2154 :
1625 2127 1763 2163 I’rwclpue

975 2163 1076 2190 -ΙιιιΙαιιδ
1087 2164 1223 2189 ardentius
1238 2164 1265 2189 in
1282 2163 1337 2189 Iura
1346 2171 1378 2189 επ
1392 2171 1463 2189 more
1479 2163 1645 2197 ferventibus.

1011 2199 1065 2233 (78)
1090 2199 1243 2225 Ὑπολύειν
1257 2198 1375 2225 ἑαυτόν.
1394 2198 1550 2232 llnjusmodi
1573 2198 1690 2225 oﬂicinut
1703 2199 1762 2233 epi-

976 2236 1065 2267 scopis
1087 2239 1114 2260 et
1130 2234 1334 2260 eoufessorilnts
1360 2240 1489 2268 pra-stare
1509 2233 1632 2262 solebant
1656 2239 1764 2260 veteres

940 2260 961 2287 Β
976 2260 1136 2296 Christiani.
1150 2268 1194 2295 Sic
1216 2269 1242 2295 in
1260 2260 1387 2295 Passiaite
1410 2260 1563 2297 FIIICIIIOSi—
1576 2260 1704 2302 episcopi
1723 2269 1761 2295 lc-

972 2305 1062 2338 gimus
1080 2312 1085 2328 :
1103 2304 1167 2330 Cum
1182 2305 1290 2330 reniuet
1310 2306 1343 2329 ad
1365 2304 1603 2337 amphitheatrum,
1615 2305 1705 2330 statim
1726 2305 1761 2329 ad

972 2348 1030 2365 eum
1044 2341 1149 2366 accessit
1167 2339 1320 2373 Augustalis
1338 2347 1443 2365 nomme
1458 2339 1539 2365 lector
1557 2341 1686 2374 ejusdem,
1701 2346 1760 2365 cum

971 2375 1075 2408 [Ictibus
1092 2378 1243 2407 tleprecuus,
1261 2380 1286 2399 ut
1300 2382 1358 2400 eum
1371 2374 1537 2400 excalciuret.

1008 2410 1062 2443 (79)
1081 2409 1140 2443 Πρὸ
1159 2408 1214 2443 τῆς
1233 2408 1341 2441 πολιᾶς
1358 2408 1691 2442 ὲκεκόσμητοΛιιιιεὶιλιο
1707 2417 1758 2435 vox

971 2451 1005 2470 eo
1015 2446 1124 2478 quidem
1139 2453 1231 2475 sensu,
1257 2452 1306 2478 pro
1329 2452 1361 2470 eo
1377 2445 1447 2477 qttod
1473 2446 1518 2470 alti
1537 2446 1659 2470 dicerent
1679 2444 1763 2470 ἐτετί-

973 2488 1051 2515 μητο.
1068 2480 1102 2505 At
1118 2479 1288 2512 Nicephorus
1303 2487 1364 2505 cum
1382 2479 1439 2505 htec
1452 2487 1508 2515 non
1530 2479 1702 2515 intelligeret,
1722 2479 1762 2515 lo-

972 2513 1033 2541 mm
1059 2515 1235 2550 interpolavit
1260 2516 1310 2540 hoc
1328 2516 1407 2550 modo
1422 2521 1429 2538 :
1450 2514 1552 2550 Ἀγαοῇ
1568 2513 1622 2548 γὰρ
1638 2514 1762 2546 πολιτείᾳ

971 2550 1017 2576 καὶ
1032 2549 1084 2585 πρὸ
1097 2549 1146 2584 τῆς
1161 2549 1255 2580 πολιᾶς
1270 2548 1449 2583 ἐκεκόσμητο.
1465 2550 1492 2575 lu
1510 2548 1656 2576 UsSet-iana
1669 2555 1760 2585 autem

971 2585 1091 2612 editione
1114 2587 1189 2611 locus
1214 2586 1257 2610 lttc
1276 2585 1356 2609 aliter
1373 2585 1551 2617 tnterpolutus
1573 2589 1615 2610 est
1642 2584 1667 2609 itt
1688 2584 1760 2610 hunc

972 2621 1079 2646 ntotlnut
1097 2628 1102 2645 :
1124 2619 1167 2645 Ἐν
1182 2619 1263 2645 παντὶ
1276 2619 1330 2654 γὰρ
1346 2618 1430 2653 καλῷ,
1455 2619 1559 2653 ἀγαθῆς
1574 2618 1667 2645 ἕνεκεν
1685 2618 1758 2645 πολι.-

970 2655 1055 2686 τείας,
1069 2656 1115 2681 καὶ
1129 2654 1181 2689 πρὸ
1194 2655 1242 2689 τῆς
1260 2654 1414 2689 μαρτυρίας
1430 2654 1609 2689 ἐκεκόσμητο.

1007 2691 1062 2724 (80)
1084 2691 1122 2716 Τά
1141 2688 1215 2723 πρέ-ς
1239 2688 1305 2723 τὴν(
1322 2689 1421 2723 πυρὰν
1437 2690 1611 2724 ἡρμοσμένα
1635 2688 1756 2723 ὄργανα.

971 2727 1102 2752 Tunicam
1118 2730 1259 2752 molestam
1278 2725 1410 2758 intelligo,
1430 2732 1489 2758 ptct:
1506 2734 1537 2750 at:
1554 2726 1685 2751 bitumtnc
1705 2725 1759 2750 illi-

971 2767 1037 2791 tant,
1055 2764 1089 2786 de
1105 2769 1156 2795 qua
1172 2760 1313 2787 Juvenalis
1325 2759 1607 2793 ejusquesultoliastes
1625 2760 1745 2793 loquitur

973 2795 1036 2822 ient
1053 2796 1142 2829 palntn
1153 2804 1198 2822 seu
1216 2797 1335 2829 stipitem
1346 2798 1378 2820 ad
1392 2803 1472 2829 quem
1487 2796 1667 2829 alligabautur
1680 2803 1754 2821 cotu-

970 2831 1082 2858 burentli
1099 2839 1105 2857 :
1123 2831 1239 2864 denique
1257 2831 1347 2857 clavos
1359 2838 1391 2856 ac
1408 2830 1494 2862 t'unes,
1510 2835 1539 2857 ut
1558 2831 1650 2857 videre
1666 2834 1708 2857 est
1727 2830 1755 2856 in

970 2868 1043 2892 Actis
1059 2865 1146 2893 l‘ionii
1164 2866 1302 2900 martyris,
1319 2866 1368 2892 sub
1381 2865 1474 2892 tiuetn.
