1993 3164
178 139 228 167 Iulii

673 138 847 167 HISTORIA?
868 139 1145 168 ECCLESIASTIC.E
1166 140 1230 167 LIB.
1251 139 1296 168 IV.

1744 139 1796 168 56':

177 195 246 222 ἄλλα
263 195 401 231 μαρτύρια
415 195 533 231 συνῆπτο
545 195 599 230 (88)
617 196 686 223 κατὰ
703 197 750 232 τὴν
768 198 852 233 αὐτὴν
874 197 950 232 Σμύρ

1017 205 1079 225 vero
1089 203 1214 232 tauquam
1224 197 1368 231 discipulos
1376 203 1403 225 et
1411 197 1560 225 imitatores
1575 196 1690 230 Domini,
1703 198 1799 225 merito

177 249 226 267 ναν
241 241 424 276 πεπραγμένα
441 241 492 268 ὑπὸ
508 241 555 277 τὴν
571 241 654 277 αὐτὴν
671 242 793 278 περίοδον
809 243 854 269 τοῦ
870 243 965 278 χρόνου

176 287 227 322 τῆς
239 288 286 313 τοῦ
299 287 478 323 Πολυκάρπου
496 288 655 324 μαρτυρίας·
674 289 732 324 μεθ’
749 285 786 315 ὧν
800 289 846 315 καὶ
859 289 968 325 Μητρό-

177 332 263 369 δωρος
276 334 325 367 τῆς
342 334 411 360 κατὰ
429 334 579 370 Μαρκίωνα
603 336 706 370 πλάνης
728 335 915 371 πρεσϐύτερος
933 335 965 370 δὴ

178 377 246 405 εἴναι
265 380 361 411 δοκῶν,
378 380 443 416 πυρὶ
454 380 615 419 παραδοθεὶς
629 380 770 416 ἀνῄρηται.
788 381 848 407 Τῶν
863 389 894 415 γε
913 380 966 416 μὴν

179 426 238 452 τότε
254 425 416 461 περιϐόητος
429 426 532 461 μάρτυς
552 423 591 457 εἷς
607 435 648 458 τις
663 425 825 461 ὲγνωρίζετο
843 425 963 458 Πιόνιος,

178 468 207 498 οὗ
225 471 274 502 τὰς
289 471 359 498 κατὰ
375 471 456 507 μέρος
472 471 625 506 ὁμολογίας,
637 472 685 507 τήν
699 480 729 498 τε
746 471 792 497 τοῦ
807 471 885 505 λόγου
897 472 964 506 παῤ-

180 517 286 552 ρησίαν,
308 518 354 544 καὶ
370 518 420 549 τὰς
436 518 506 553 ὑπὲρ
521 519 569 553 τῆς
579 519 695 550 πίστεως
708 518 753 544 ἐπὶ
762 517 809 544 τοῦ
821 518 905 553 δήμου
917 518 963 544 καὶ⁴

178 562 232 588 τῶν
249 563 386 598 ἀρχόντων
402 562 558 596 ἀπολογίας,
582 561 772 593 διδασκαλικὰς
791 570 821 587 τε
844 561 965 596 δημηγο-

179 609 250 644 ρίας,
266 609 312 635 καὶ
326 609 365 635 ἔτι
376 609 425 640 τὰς
435 609 501 644 πρδς
517 610 579 641 τοὺς
591 608 821 639 ὑποπεπτωκότας
836 607 875 643 τῷ
894 608 964 635 κατὰ

178 654 223 680 τὶν
236 654 353 689 διωγμὸν
371 654 514 690 πειρασμῷ
532 654 679 688 δεξιώσεις,
699 655 874 690 παραμυθίας
886 664 915 681 τε
932 655 965 687 ἃς

178 700 224 726 ἐπὶ
245 700 293 735 τῆς
315 701 425 736 εἱρκτῆς
444 703 500 732 τοῖς
522 701 587 738 παρ’
607 701 688 728 αὑτὸν
712 701 965 737 είσαιρικνουμένοις

177 746 301 781 ἀδελφοῖς
317 748 488 783 παρετίθετο,
501 748 533 779 ἃς
545 756 574 774 τε
589 748 636 774 ἐπὶ
651 748 755 780 τούτοις
769 748 899 782 ὑπέμεινε
916 748 965 783 βα-

178 792 285 824 σάνους.
301 793 406 825 καὶτὰς
419 794 464 820 ἐπὶ
478 793 591 826 ταύταις
603 794 750 828 ἀλγηδόνας
761 814 768 826 ,
794 793 963 828 καθηλώσεις

176 847 217 870 τε,
232 839 279 865 καὶ
293 839 341 875 τὴν
366 840 411 866 ἐπὶ
434 840 481 876 τῆς
503 841 593 876 πυρᾶς
617 840 780 876 καρτερίαν,
804 842 853 876 τήν
866 849 896 866 τε
921 840 963 875 ἐφ’

1018 251 1109 271 amore
1121 244 1321 278 prosequimur,
1337 243 1371 270 ob
1383 243 1508 270 eximiam
1519 243 1636 278 ipsoium
1647 243 1803 270 benevolen-

1019 290 1095 322 tiam,
1107 296 1186 323 quam
1202 296 1265 323 erga
1275 289 1374 324 Regem
1383 297 1413 317 ac
1423 289 1580 324 Magistrum
1590 297 1667 316 suum
1681 289 1799 316 declara-

1016 341 1090 363 rnnl.
1103 335 1222 369 Quorum
1236 343 1285 363 nos
1294 343 1400 370 quoque
1408 341 1548 363 consortes
1560 343 1592 363 ac
1604 335 1802 370 condiscipulos

1017 381 1074 409 ﬁeri
1083 382 1206 409 omnibus
1214 381 1301 409 modis
1308 386 1440 416 optamus.
1449 381 1532 409 Porro
1541 389 1600 409 eum
1611 381 1730 410 centurio
1742 389 1801 417 per-

1018 427 1145 455 tinaciam
1154 427 1307 455 Judmorum
1323 427 1560 459 animadverteret,
1569 435 1665 463 corpus
1677 428 1703 456 in
1714 428 1802 455 medio

1018 473 1190 506 collocatum,
1209 478 1239 500 ut
1251 474 1336 500 moris
1351 477 1392 500 est
1405 473 1480 507 ipsis,
1498 473 1694 500 concremavit.
1715 474 1802 508 Atque

1017 520 1053 547 ita
1070 527 1118 547 nos
1137 520 1243 547 demum
1272 527 1336 547 ossa
1362 519 1435 547 illius
1462 521 1576 554 gemmis
1600 520 1804 554 pretiosissimis

1017 566 1154 598 chariora,
1169 571 1197 593 et
1211 566 1308 600 quovis
1331 573 1398 592 auro
1420 565 1530 601 puriora
1554 565 1728 600 colligentes,
1758 565 1803 593 ubi

1017 611 1130 638 decebat
1144 611 1323 638 condidimus.
1348 611 1406 644 Quo
1428 611 1510 638 etiam
1534 610 1563 638 in
1585 611 1644 638 loco
1665 611 1756 644 nobis,
1780 612 1803 639 si

1017 656 1075 684 ﬁeri
1089 658 1199 692 poterit,
1217 657 1442 685 convenientibus
1456 657 1585 684 concedet
1599 656 1671 684 Deus
1682 656 1802 683 natalem

1016 702 1074 737 ejus
1089 703 1214 738 martyrii
1230 703 1300 730 diem
1327 710 1387 730 cum
1412 703 1550 730 hilaritate
1567 706 1594 729 et
1614 702 1713 737 gaudio
1733 702 1804 729 cele-

1016 748 1106 781 brare,
1123 753 1178 775 tum
1195 749 1222 776 in
1239 749 1399 776 memoriam
1414 755 1506 776 eorum
1520 748 1566 783 qui
1582 749 1700 784 glorioso
1716 754 1804 777 certa-

1017 796 1236 831 mine-perfuncti
1260 800 1340 829 sunt,
1360 799 1414 822 tum
1440 795 1472 822 ad
1497 800 1621 829 posteros
1649 795 1805 829 huiusmodi

1025 842 1149 876 exemplo
1178 841 1340 869 erudiendos
1367 846 1395 869 et
1422 841 1656 869 conﬁrmandos.»
1681 840 1745 868 Haec
1769 841 1804 867 de

176 883 263 910 ἅπασι
271 886 326 916 τοῖς
335 885 492 920 παραδόξοις
503 886 585 912 αὐτοῦ
591 886 728 922 τελευτὴν,
736 886 910 921 πληρέστατα
919 886 952 921 τῆ

1020 875 1274 923 beatorl’olycarpo.
1293 888 1338 923 qui
1355 895 1416 915 cum
1439 887 1498 914 aliis
1511 887 1652 914 duodecim
1668 886 1805 915 Philadel-

174 930 240 965 περὶ
257 931 337 957 αὐτοῦ
354 932 462 967 γραφῆς
478 932 667 968 περιεχούσης,
682 932 745 964 τοὺς
759 929 800 964 οἷς
814 932 901 967 φίλον,
917 932 962 958 ἐπὶ

174 977 277 1012 ταύτην
285 978 491 1014 ἀναπέμψομεν,
507 979 562 1010 τοῖς
574 978 628 1005 τῶν
648 978 769 1014 ἀρχαίων
791 977 961 1013 συναχθείσιν

173 1023 242 1058 ἡμῖν
250 1024 407 1060 μαρτυρίοις
416 1024 610 1060 ὲντεταγμένην
618 1023 694 1060 (88”).
703 1023 782 1059 Ἑξῆς
789 1024 868 1050 δὲκαὶ
877 1024 963 1050 ἄλλων

174 1070 204 1097 ἓν
223 1071 362 1107 Περγάμῳ
378 1071 432 1107 (89)
450 1071 525 1098 πόλει
541 1071 592 1106 τῆς
608 1070 697 1103 Ἀσίας
717 1071 899 1106 ὑπομνήματα
915 1079 961 1106 με-

176 1129 310 1165 Smyrnmi
327 1130 458 1165 exemplo
482 1129 596 1163 apostoli
623 1130 709 1163 Pauli,
727 1131 772 1164 qui
799 1130 824 1156 in
851 1131 907 1157 suis
927 1131 960 1156 ad

174 1164 314 1192 Ennianos
326 1164 425 1191 litteris
437 1165 520 1192 Turtii
535 1172 643 1199 quoque
657 1166 807 1192 litterarum
819 1166 961 1199 scriptoris

175 1207 276 1227 nomen
290 1200 422 1234 apposuit.
444 1200 585 1227 Postremo
598 1201 744 1227 notandum
757 1205 809 1232 est,
825 1201 895 1234 quod
910 1200 962 1227 Ρο-

175 1233 420 1268 Ιμιιῖριιέιιιιεςυε
438 1242 498 1262 esse
518 1235 616 1262 dicitur
637 1235 680 1262 die
705 1233 839 1262 secundo'
857 1236 958 1262 mensis

175 1265 365 1301 Xantbicifid
385 1275 438 1300 est,
458 1276 521 1298 ante
541 1271 612 1297 diem
634 1278 671 1297 Vll
690 1269 824 1297 Kalendas
839 1270 959 1298 Martias.

177 1305 305 1332 lisserius
319 1305 428 1339 quidem
449 1310 503 1331 tmn
522 1305 552 1340 in
571 1305 641 1332 uotis
657 1306 690 1331 ad
708 1305 849 1339 epistolam
864 1305 960 1340 Smyr-

175 1347 308 1371 na’orutn,
327 1346 382 1366 tum
407 1340 434 1366 iu
454 1340 523 1366 libro
540 1339 577 1366 De
593 1348 664 1367 anno
679 1341 761 1367 solari
779 1339 958 1367 Macedonum

174 1380 204 1403 et
231 1374 404 1406 Asianorum,
430 1382 490 1409 cap.
508 1376 534 1406 l,
549 1374 664 1401 aﬂirmat
687 1375 842 1410 Smyrnath
860 1380 957 1410 praater

174 1418 280 1437 morem
300 1410 465 1444 reliquarqu
484 1411 555 1437 Asiae
571 1410 724 1442 civitatum,
748 1418 867 1437 mensem
883 1410 959 1437 Xan-

175 1446 280 1472 thicum
299 1452 411 1472 exorsos
425 1444 507 1472 fuisse
524 1454 538 1472 a
563 1445 606 1472 die
620 1445 654 1472 25
671 1445 771 1472 mensis
786 1445 885 1472 Martii.
905 1445 958 1472 Sed

174 1488 239 1507 cum
253 1480 285 1506 ad
304 1480 328 1506 id
347 1480 513 1514 probandum
535 1480 638 1507 nullam
660 1481 792 1507 rationem
809 1479 914 1513 aﬂ‘erat,
932 1482 958 1507 in

173 1523 208 1541 eo
233 1523 285 1542 non
307 1523 415 1549 possum
440 1515 478 1542 illi
505 1515 641 1542 assentiri.
665 1514 732 1548 Quis
757 1516 829 1542 cnim
854 1516 958 1548 credat,

175 1550 334 1585 Smyrliatos
349 1551 375 1576 in
387 1551 517 1577 mensium
532 1550 767 1577 Macedonicorum
779 1550 958 1584 dispositione

1016 935 1164 969 phcnsibus
1177 935 1247 968 apud
1263 934 1409 969 Smyrnam
1433 933 1565 968 martyrio
1581 937 1624 961 est
1643 937 1801 961 coronatus.

1019 979 1069 1014 Qui
1091 984 1180 1007 tamen
1203 979 1276 1007 Solus
1297 979 1417 1006 omnium
1443 979 1580 1006 hominum
1607 977 1737 1006 memoria
1769 986 1802 1006 ac

1017 1024 1086 1052 fama
1101 1025 1235 1060 praecipue
1258 1024 1424 1056 celebratur.
1455 1025 1523 1051 adeo
1544 1028 1574 1051 ut
1599 1031 1696 1052 nomen
1717 1024 1803 1059 ipsius

1015 1072 1117 1106 ubique
1131 1076 1264 1098 terrarum
1278 1070 1360 1097 etiam
1373 1077 1388 1097 a
1402 1070 1546 1105 gentilibus
1559 1077 1800 1098 commemoretur.

1013 1129 1151 1156 Kalendas
1168 1129 1291 1162 Martias,
1304 1133 1415 1164 prmstat
1429 1135 1489 1164 meo
1504 1129 1612 1163 quidem
1626 1128 1728 1163 judicio
1739 1138 1799 1158 eam

1014 1165 1177 1192 sententiam
1199 1165 1279 1196 tueriI
1295 1163 1355 1197 quae
1376 1169 1431 1191 tum
1458 1163 1633 1199 Smyrnensis
1659 1164 1799 1197 Ecclesiae,

1013 1203 1069 1226 tum
1082 1200 1202 1227 omnium
1216 1199 1394 1226 Orientalium
1409 1199 1508 1234 tabulis
1518 1199 1678 1226 coniirmatu
1685 1208 1707 1231 r,
1717 1208 1798 1234 quam

1014 1235 1124 1262 incertis
1136 1235 1169 1261 de
1184 1242 1281 1269 magno
1293 1234 1412 1261 Sabbato
1422 1233 1587 1267 coniecturis
1602 1239 1629 1260 et
1641 1233 1798 1262 Judzetirum

1014 1270 1205 1297 traditionibus
1239 1270 1329 1296 inniti.
1355 1268 1446 1303 Neque
1471 1269 1544 1296 enim
1577 1270 1718 1303 probabile
1743 1275 1795 1302 est.

1014 1304 1169 1340 Smyrnmos
1182 1305 1252 1331 diem
1268 1311 1322 1339 quo
1336 1311 1431 1337 passus
1442 1309 1482 1331 est
1495 1305 1523 1331 Β.
1536 1304 1703 1339 Polycarpus
1725 1304 1799 1339 igno-

1012 1339 1104 1371 rasse;
1117 1344 1162 1366 aut
1180 1339 1297 1366 natalem
1314 1340 1373 1372 ejus
1393 1340 1447 1366 alio
1471 1340 1514 1366 die
1533 1347 1613 1373 quam
1627 1347 1681 1373 quo
1696 1347 1795 1374 passus

1011 1374 1108 1405 fuerat.
1125 1374 1289 1406 celebrasse,
1309 1375 1459 1408 praesertim
1475 1382 1536 1401 cum
1554 1375 1684 1409 Smyrnaei
1705 1376 1731 1401 in
1746 1376 1797 1404 hac

1012 1410 1068 1444 ipsa
1080 1410 1113 1436 ad
1127 1409 1352 1436 Philomelienses
1363 1409 1478 1443 epistola
1493 1410 1594 1437 diserte
1604 1409 1795 1444 polliceantur.

1011 1453 1040 1472 se
1055 1445 1201 1478 quotannis
1219 1444 1290 1471 diem
1308 1444 1368 1478 ejus
1385 1444 1501 1480 natalem
1517 1445 1561 1480 pie
1574 1449 1720 1479 sancteque
1736 1453 1796 1473 esse

1011 1479 1210 1506 culebraturos.
1226 1480 1316 1512 Quare
1338 1487 1398 1515 cum
1416 1479 1495 1513 paulo
1514 1484 1577 1506 ante
1591 1480 1677 1506 Pionii
1694 1486 1796 1515 marty—

1011 1516 1092 1546 rinin,
1114 1515 1266 1549 principatu
1290 1514 1362 1541 Decii
1380 1514 1509 1550 Augusti,
1532 1514 1559 1542 id
1581 1520 1633 1547 est,
1655 1514 1794 1550 octoginta

1009 1551 1118 1577 circiter
1130 1550 1207 1586 anuis
1219 1550 1368 1586 a_passione
1378 1549 1574 1586 D.7Polycarpi,
1584 1554 1687 1586 constet
1701 1550 1795 1586 Smyr-

176 1593 190 1611 a
208 1578 319 1618 reliquis
333 1586 404 1612 Asim
420 1586 576 1613 civitatibus
589 1585 767 1613 dissensisse?
782 1578 861 1612 Certe
881 1586 903 1612 si
921 1587 956 1612 ita
971 1578 993 1608 Ο
1010 1593 1081 1620 naeus
1094 1585 1212 1620 natalem
1230 1578 1261 1611 Β.
1280 1584 1417 1620 Polycarpi
1432 1578 1583 1612 celblira'ss'e
1607 1593 1643 1612 vn
1658 1578 1793 1612 Kalendas

176 1620 285 1651 fuisset,
304 1620 435 1655 Smyrnaei
451 1621 520 1647 diem
536 1628 589 1654 quo
610 1628 706 1654 passus
719 1625 759 1647 est
778 1620 874 1655 Polyca
882 1628 955 1655 rpns,

174 1663 232 1682 non
253 1655 291 1681 ita
317 1656 514 1687 designassent,
536 1661 566 1682 ut
583 1656 681 1689 legitur
706 1657 731 1682 in
755 1657 805 1682 hac
824 1656 954 1689 epistola:

175 1691 312 1726 μαρτυρεῖ
335 1690 363 1716 δὲ
381 1691 395 1717 ὁ
410 1691 586 1726 Πολύκαρπος
604 1690 734 1717 Ξανθικοῦ
751 1690 865 1726 δευτέρᾳ.
882 1691 956 1717 ἱστα-

173 1727 271 1762 μένου.
291 1725 343 1762 Sed
360 1726 392 1762 ad
408 1725 954 1762 vitandamambiguitatem,adjetiisseut,

174 1760 237 1787 ξιον
251 1761 324 1795 ἡμᾶς
339 1761 401 1792 τοὺς
420 1761 596 1796 Σμυρναίους.
612 1761 743 1788 Caeterum
758 1761 910 1795 Smyrutcos
929 1762 954 1787 in

173 1797 240 1822 anni
254 1803 286 1822 ac
302 1796 435 1823 mensium
452 1804 562 1823 suorum
579 1797 755 1829 diSpOSitione
768 1803 878 1830 prorsus
894 1804 954 1822 cum

172 1831 285 1857 Asianis
310 1832 491 1862 consensisse,
517 1832 616 1858 docent
636 1832 702 1857 Acta
723 1831 807 1858 Piouii
828 1831 955 1866 martyris

173 1866 222 1897 qni
238 1873 332 1898 passus
344 1871 384 1893 est
406 1867 527 1901 Smyrna:
540 1867 565 1892 in
585 1867 771 1901 persecutione
788 1866 912 1898 Deciana,
928 1866 953 1893 iu

172 1901 274 1935 quibus
289 1902 325 1927 ita
346 1900 472 1928 scribitur
491 1909 498 1928 :
517 1901 580 1928 Η(ιέ
596 1906 656 1927 acta
672 1906 731 1928 sunt
751 1900 825 1927 Julia
845 1908 954 1931 procon-

171 1937 243 1966 sule,
262 1941 322 1962 ante
346 1944 371 1962 tv
388 1936 453 1962 litus
468 1936 578 1963 Martias
595 1944 665 1962 more
681 1936 867 1968 Romanorum,
885 1936 954 1962 Asite

172 1977 263 1997 autent
285 1979 366 2002 more,
389 1972 492 2003 septimi
508 1972 601 1997 mensis
625 1971 770 1997 undecimo.
794 1970 904 1997 Rectius
927 1971 952 1998 in

172 2005 305 2033 Chronico
323 2005 501 2033 Alexandrino
515 2006 612 2040 legitur
628 2015 635 2032 :
654 2007 667 2032 ὅ
680 2006 738 2032 ἐστι
766 2005 835 2032 κατὰ
861 2005 952 2032 Ἀσια-

171 2043 235 2072 νοὺς
248 2041 314 2076 μηνὶ
329 2041 400 2075 ἕκτῳ
415 2041 458 2076 ιβ’.
477 2042 542 2068 Cum
559 2042 641 2076 igitur
658 2042 788 2076 Smyrnaei
807 2049 858 2067 non
874 2042 952 2068 aliter

171 2084 282 2103 menses
293 2085 357 2103 suos
369 2077 555 2104 ordinaverint
566 2085 647 2111 quam
662 2077 750 2103 caeteri
764 2076 868 2108 Asiani,
882 2077 952 2109 apud

171 2112 290 2138 Asianos
303 2119 367 2138 vero
381 2112 482 2138 mensis
494 2110 620 2138 Xanthici
635 2112 740 2138 initium
753 2111 779 2137 in
793 2111 951 2138 vicesimum

171 2147 324 2173 secundum
343 2147 482 2174 Februarii
504 2147 575 2173 diem
598 2147 733 2177 inciderit,
755 2146 824 2173 idem
846 2153 952 2180 quoque

172 2189 187 2207 ιι
204 2181 355 2216 Smyrntcis
378 2183 552 2208 observatum
575 2182 610 2209 sit
627 2188 736 2208 necesse
751 2185 802 2207 est.
818 2181 907 2214 Quare
924 2181 950 2208 in

171 2217 288 2250 epistola
305 2215 504 2251 Smyrmcurnm
517 2219 551 2244 de
570 2217 699 2250 martyrio
712 2216 862 2250 Polycarpi,
880 2216 949 2243 scri—

171 2252 290 2278 beudum
308 2260 315 2278 :

171 2292 252 2314 vetus
278 2286 421 2321 interpres.
445 2288 509 2313 Nam
530 2288 665 2314 secundus
680 2287 738 2313 dies
755 2286 855 2313 mensis
874 2286 947 2312 Xan-

171 2322 240 2349 thici
267 2322 338 2356 apud
364 2323 518 2356 Smyrnaaos
540 2327 566 2349 et
589 2322 702 2348 Asianos
724 2321 847 2356 eadcbat
862 2321 888 2347 in
910 2328 946 2348 vit

170 2355 306 2384 Kalendas
321 2355 443 2384 Martias.
459 2357 538 2384 Certe
552 2364 584 2383 eo
599 2357 651 2387 die,
662 2356 698 2383 25
713 2356 815 2382 scilicet
828 2355 947 2383 Februa-

171 2394 214 2425 ru,
230 2397 259 2419 et
275 2392 406 2426 Smyrnaei
428 2397 454 2418 et
468 2400 562 2419 omnes
577 2391 663 2418 Graeci
682 2391 839 2418 memoriam
861 2393 945 2418 sam-ti

170 2427 312 2462 l’ulycarpi
334 2435 441 2461 semper
458 2427 636 2457 celebrarunt,
659 2431 688 2462 ut
706 2431 810 2462 constat
833 2432 887 2452 tum
914 2435 946 2453 cx

169 2460 243 2489 Actis
260 2460 346 2489 Pionii
367 2460 504 2498 martyris,
521 2468 576 2489 tum
599 2470 632 2498 cit
654 2461 760 2498 Nemnis
781 2460 944 2498 Grtecorum.

170 2497 248 2530 Quod
269 2499 289 2523 si
303 2498 364 2532 quis
381 2496 443 2524 cum
460 2497 569 2524 Usserio
583 2497 661 2522 nobis
671 2496 791 2532 ohjiciat,
804 2497 874 2522 diem
888 2504 946 2522 ma-

170 2534 214 2566 gni
244 2531 366 2564 Sabbati,
385 2541 438 2565 quo
463 2541 557 2567 passus
574 2533 658 2567 astili.
681 2531 855 2567 Pulycarpus.
881 2539 947 2557 nuu-

170 2565 252 2601 qnam
273 2576 351 2602 posse
371 2565 470 2594 cadere
496 2569 521 2594 in
544 2575 577 2594 vn
605 2566 740 2593 Kalendas
760 2565 880 2602 Martias,
905 2573 946 2593 τες

170 2601 362 2635 spondebimus
374 2603 518 2630 obscurum
531 2602 610 2629 nobis
624 2610 649 2628 e-
656 2609 684 2628 se
698 2607 779 2635 atque
795 2601 947 2634 incomper-

171 2643 239 2668 tum,
268 2640 404 2673 quodnam
433 2638 514 2665 fuerit
542 2645 667 2671 magnum
696 2637 760 2662 illud
785 2635 944 2673 Satibatum,

170 2674 247 2706 cujus
260 2671 350 2707 a'Smy
357 2673 435 2700 rimis
450 2673 522 2700 facta
537 2678 579 2700 est
594 2673 703 2702 mentio,
722 2677 777 2698 tum
795 2672 822 2698 in
834 2671 945 2707 epistola

169 2710 202 2733 ad
226 2706 448 2736 Pliilmnelienses
475 2710 508 2736 de
528 2709 659 2742 martyrio
683 2707 834 2741 l’olycarpi,
850 2706 945 2733 tumin

169 2743 244 2769 Actis
269 2743 365 2770 Pionii.
380 2744 505 2777 Capellus
527 2741 634 2777 quidein
656 2743 771 2777 primum
790 2741 946 2777 rb‘abbatum

169 2776 438 2814 Quadragesiuneita
448 2776 542 2806 vocari?
552 2776 727 2814 existimavit.
748 2776 831 2810 Cujus
858 2776 946 2814 conje-

169 2811 425 2848 ctnratn'scqttejnr
446 2815 490 2847 qui
516 2814 597 2840 volet.
609 2812 661 2839 Sed
683 2820 743 2839 cum
763 2814 837 2838 diem
859 2811 944 2844 ipsum

169 2855 222 2880 quo
236 2847 341 2881 passus
351 2854 393 2875 est
411 2849 440 2875 Β.
459 2849 634 2883 Pulycarpus,
652 2852 691 2874 tot
707 2848 844 2880 tantisque
867 2847 944 2883 testi-

168 2890 266 2910 ulUuIlS
291 2885 460 2918 designatum
489 2885 647 2916 habeamus,
673 2884 816 2918 septimum
842 2882 944 2909 scilich

309 2934 443 2964 PAT-itUL.
461 2933 482 2962 li
489 2942 518 2962 tt.
538 2931 594 2962 ΧΧ
602 2955 608 2962 .

1009 1619 1129 1650 Martias,
1142 1619 1216 1646 nefas
1226 1619 1281 1654 jam
1289 1627 1353 1654 esse
1365 1620 1493 1654 existimo
1501 1621 1533 1646 de
1540 1620 1582 1646 die
1595 1621 1729 1654 passionis
1737 1621 1796 1654 ejus

1007 1655 1122 1691 amplius
1136 1653 1431 1691 dubitare.Siculorunt
1443 1653 1586 1691 Fastorum
1594 1653 1700 1691 auctor,
1709 1653 1796 1691 inquit

1010 1690 1143 1722 Usserius,
1161 1697 1209 1723 pro
1222 1690 1318 1716 Μαῖων
1334 1689 1588 1725 Ιεκίιγᾎπριλλίων.
1609 1690 1704 1717 Verum
1718 1689 1793 1718 enim

1006 1725 1147 1759 l’olycarpi
1168 1725 1286 1751 natalem
1304 1726 1329 1751 in
1349 1724 1383 1751 26
1401 1723 1493 1751 Martii
1508 1729 1568 1752 esse
1580 1726 1750 1757 statuendum
1766 1731 1793 1752 et

1005 1758 1100 1786 Asiani
1118 1758 1180 1786 anni
1199 1758 1267 1787 ratio
1280 1764 1306 1787 ct
1321 1759 1408 1794 magni
1433 1759 1543 1787 Sabbati
1560 1760 1703 1788 character
1717 1761 1794 1788 evin-

1006 1795 1053 1826 cit,
1069 1796 1132 1822 licet
1161 1795 1232 1829 apud
1265 1794 1376 1822 Latinos
1409 1795 1444 1821 ‘26
1470 1795 1545 1827 Jau.,
1577 1796 1646 1829 apud
1683 1795 1794 1823 Graecos

1004 1830 1040 1857 25
1057 1830 1138 1857 Febr.
1154 1830 1319 1857 celebretur.
1336 1829 1449 1857 Usserio
1464 1830 1626 1865 astipulatur
1645 1830 1745 1865 Pagius
1758 1831 1792 1858 ad

1005 1873 1050 1891 an.
1068 1865 1129 1896 16⁵1,
1149 1873 1174 1891 ιι.
1187 1865 1214 1896 5,
1229 1865 1255 1891 4.
1274 1865 1354 1891 Eut'r.

1040 1900 1095 1934 (88)
1108 1900 1157 1927 Ἐν
1170 1899 1208 1934 τῇ
1226 1899 1302 1935 αὐτῇ
1312 1899 1345 1925 δὲ
1353 1899 1522 1935 περὶαύτοῦ
1538 1900 1636 1935 τραφῇ
1652 1902 1701 1927 καὶ
1714 1901 1795 1928 ἄλλα

1000 1935 1147 1969 μαρτύρια
1171 1934 1320 1968 συνῆπτο.
1338 1934 1404 1961 Male
1434 1936 1503 1961 hunc
1528 1937 1614 1962 locum
1630 1934 1792 1969 acceperunt

1004 1970 1128 2002 Rutilius,
1146 1969 1315 2009 N_icephorus_
1336 1974 1364 1996 et
1378 1970 1662 2009 .Christopbm'sonus.
1690 1971 1792 2009 Existi-

1003 2005 1191 2040 maruntenim
1215 2004 1242 2040 in
1266 2005 1359 2031 eadem
1378 2005 1422 2031 illa
1445 2005 1478 2040 de
1494 2004 1633 2040 Polycarpi
1661 2006 1791 2040 martyrio

1002 2040 1126 2074 epistola,
1151 2039 1236 2066 Pionii
1264 2047 1371 2074 quoque
1395 2044 1422 2066 et
1449 2039 1791 2073 Metrodoriialiorumqne

1003 2075 1140 2109 passiones
1155 2082 1170 2102 a
1192 2075 1339 2109 Smyrna-is
1363 2080 1591 2102 commemoratas
1613 2075 1709 2106 fuisse,
1729 2083 1790 2102 cum

1004 2117 1092 2137 tamen
1116 2110 1141 2136 id
1158 2118 1210 2136 non
1229 2111 1300 2136 dicat
1314 2109 1455 2141 Eusebius,
1469 2110 1515 2136 sed
1537 2114 1640 2136 tantum
1664 2111 1790 2140 aﬂirmet.

1001 2145 1123 2179 epistola:
1134 2144 1171 2171 illi
1182 2145 1217 2181 riu
1229 2152 1286 2181 qua
1299 2145 1332 2171 de
1345 2145 1484 2180 Polycarpi
1500 2145 1630 2179 martyrio
1648 2148 1790 2181 agebatur.

1002 2180 1141 2214 adjunctas
1152 2180 1236 2215 fuisse
1253 2179 1366 2207 aliorum
1377 2184 1525 2215 martyrum
1542 2179 1691 2214 passiones,
1704 2182 1790 2208 Piomi

1002 2216 1106 2251 scilicet
1129 2214 1342 2251 acheAtrodori.
1369 2215 1449 2251 Certe
1475 2215 1605 2242 Eusebius
1621 2216 1699 2250 paulo
1718 2221 1789 2251 past,

346 2249 398 2287 τξρδ
420 2251 490 2292 ἑπτὰ
510 2249 655 2292 Καλανδῷν
676 2249 815 2292 ἣιξαρτίων,
828 2249 950 2292 ⁷.ιιι“[ιιξςίι

1009 2250 1140 2292 θρίδιοιςιιιι
1163 2250 1196 2277 de
1220 2249 1305 2290 Pionji
1324 2250 1454 2292 martyrio
1469 2250 1611 2292 distinguit
1623 2249 1661 2291 ab
1677 2249 1789 2292 epistula

999 2287 1043 2312 illa
1064 2286 1088 2312 in
1109 2293 1160 2320 qua
1178 2286 1337 2320 martyrium
1356 2285 1494 2320 Polycarpi
1515 2286 1694 2313 describitur:
1717 2286 1790 2320 Πλη-

1000 2319 1178 2356 ρέςταταίτῆς
1188 2321 1251 2356 περὶ
1262 2320 1343 2346 αὑτοῦ
1357 2319 1465 2356 γραφῆς
1477 2320 1665 2356 περιεχούσης,
1675 2322 1736 2353 τοὺς
1747 2319 1789 2353 οἷς

999 2355 1073 2390 φίλον
1099 2356 1144 2382 ἐπὶ
1170 2355 1271 2391 ταύτην
1295 2355 1502 2390 ἀναπέμψομεν.
1521 2355 1554 2391 Et
1570 2364 1594 2382 ιιι
1613 2357 1665 2383 hoc
1678 2358 1787 2391 quidem

999 2389 1113 2418 t’ortasse
1126 2389 1255 2418 excusari
1270 2396 1359 2425 potest
1379 2391 1521 2417 Eusebius.
1541 2389 1570 2417 lu
1584 2398 1615 2417 eo
1631 2389 1697 2418 vero
1715 2394 1786 2426 quod

997 2426 1133 2457 Pionium,
1150 2426 1344 2457 Metrodorum,
1366 2425 1483 2458 Carpuin
1504 2430 1531 2451 et
1549 2425 1667 2459 reliquos
1689 2425 1786 2460 paisos

998 2469 1057 2488 esse
1078 2461 1216 2488 existimat
1239 2462 1388 2494 principatu
1410 2460 1493 2487 Marci
1522 2461 1661 2492 Antonini.
1690 2462 1785 2488 iisdem

1000 2497 1164 2530 temporibus
1181 2496 1279 2530 quibus
1296 2503 1390 2529 passus
1406 2499 1447 2521 est
1463 2494 1637 2530 Polycarpus,
1657 2503 1736 2523 nemo
1752 2496 1785 2522 il-

999 2529 1197 2557 lum’excusare
1222 2538 1340 2564 unquam
1358 2535 1455 2563 potest.
1472 2529 1622 2564 Quippe’ex
1634 2529 1707 2557 Actis
1724 2531 1786 2557 Pto-

999 2567 1046 2598 uii,
1062 2570 1089 2592 et.
1110 2573 1142 2592 ex
1158 2565 1229 2592 Actis
1246 2565 1326 2599 Carpi
1350 2570 1378 2591 et
1400 2564 1504 2598 Papuli.
1529 2569 1637 2592 constat
1655 2566 1713 2593 illos
1738 2573 1785 2593 re-

997 2606 1096 2635 gnante
1105 2599 1184 2627 Decio
1192 2600 1307 2626 subiisse
1315 2600 1481 2635 martyrium.
1491 2600 1606 2626 Causam
1616 2601 1717 2627 erroris
1729 2600 1784 2628 Eii-

997 2634 1072 2664 Sehio
1093 2635 1216 2668 praebuit,
1237 2635 1310 2668 quod
1321 2635 1386 2660 Acta
1404 2634 1447 2669 illa
1464 2635 1547 2661 l’ionii
1564 2640 1590 2661 et
1608 2635 1688 2669 Carpi
1702 2635 1783 2662 simul

997 2678 1057 2697 cum
1073 2670 1144 2697 Actis
1164 2670 1295 2703 passionis
1311 2670 1397 2696 sancti
1411 2668 1551 2704 Polycarpi
1568 2671 1594 2696 in
1619 2668 1671 2698 uno
1689 2671 1784 2698 codice

997 2711 1134 2740 compacta
1155 2705 1321 2739 legebantur.
1337 2704 1382 2738 ,Ex
1402 2712 1455 2738 quo
1474 2706 1627 2739 suspicatus
1644 2710 1686 2732 est
1700 2705 1784 2733 Euse-

998 2742 1057 2767 bius
1069 2741 1127 2767 illos
1144 2748 1197 2766 ιιιιυ
1207 2740 1356 2773 eodemque
1368 2745 1488 2773 tempore
1501 2747 1594 2774 passos
1605 2741 1697 2767 fuisse.

1032 2775 1100 2811 (88')
1125 2774 1368 2812 'Ertemmérnr.
1402 2775 1562 2812 Al._impr.,
1584 2775 1784 2812 ἐντεταγμένη,

999 2809 1306 2850 ιιὶιιιὶειιιιι-ιὲνροιέιειμὴε
1322 2817 1427 2850 errore.
1446 2809 1526 2850 FDLT.

1032 2846 1086 2881 (89)
1110 2844 1200 2880 Ἑξῆς
1213 2845 1247 2872 δὲ
1260 2845 1308 2872 καὶ
1324 2844 1426 2872 ἄλλων
1439 2845 1472 2871 ἑν
1483 2845 1634 2880 Περγάμῳ.
1649 2846 1729 2875 Hunc
1747 2847 1784 2873 lo-

997 2890 1057 2910 cum
1077 2886 1113 2908 ita
1126 2880 1526 2917 accepit_Cliristophorsonus,
1539 2890 1616 2916 quasi
1633 2884 1697 2908 Acin
1713 2891 1788 2908 Inar-

1634 2932 1670 2960 12
