1993 3164
214 150 265 178 M5
569 148 703 177 EUSEBII
721 146 962 176 CESARIENSIS
981 146 1056 174 OPP.
1075 146 1165 174 PARS
1184 145 1205 173 l.
1223 161 1258 167 -—
1277 145 1475 175 HISTORICA.
1789 144 1842 172 5M

211 210 304 243 Atque
319 209 363 236 hic
375 207 464 235 exitus
480 205 630 233 admirandi
644 205 717 232 illius
739 210 765 231 et
785 204 924 240 apostolici
947 203 992 231 Po-

1053 203 1266 239 μαρτυρηκὸτων
1285 203 1408 239 φέρεται,
1430 204 1546 239 Κὰρπου
1567 202 1614 229 καὶ
1629 201 1769 234 Παπύλου,
1793 201 1843 229 καὶ

209 256 268 291 lyca
276 256 315 292 rpi
333 265 340 282 :
358 254 435 289 cujus
448 253 572 282 ordinem
582 259 614 279 ac
625 251 723 279 seriem
741 251 837 278 fratres
851 250 992 286 Smyrnen~

1052 249 1182 283 γυναικὸς
1199 249 1386 284 ’Δγαθονίκης,
1401 249 1470 285 μετὰ
1481 249 1610 280 πλείστας
1620 249 1666 276 καὶ
1681 249 1843 284 διαπρεπεῖς

209 302 245 328 sis
265 301 401 332 Ecclesiae,
419 300 444 326 in
460 305 490 326 ea
504 305 584 333 quam
604 298 721 324 diximus
734 296 846 331 epistola
862 297 992 323 memoria

1052 296 1196 331 ὁμολογίας
1208 296 1339 329 ἐπιδόξως
1350 295 1577 331 τετελειωμένων.

209 347 397 380 prodiderunt.
414 344 466 372 Seu
482 349 511 371 et
521 343 573 371 alia
587 344 715 378 martyria
732 343 783 370 sub
806 342 876 369 idem
893 347 998 377 tempus

207 399 260 427 quo
276 392 443 428 Polycarpus
464 398 559 426 passus
579 394 628 421 est.
656 390 725 423 apud
748 389 896 425 Smyrnam
922 388 1006 420 facta,
1028 389 1054 415 in
1086 389 1180 415 eadem
1215 387 1328 421 epistola
1344 387 1509 423 conjunctim
1534 387 1670 422 leguntur.
1693 386 1721 413 In
1744 385 1844 420 quibus

205 444 231 464 et
247 438 418 466 Metrodorus
435 437 555 472 quidam,
570 435 616 472 qui
648 435 794 463 Marcionis
823 440 903 462 secuc
924 434 1069 470 presbyter
1101 435 1253 465 dicebatur.
1278 434 1393 461 flammis
1416 437 1596 468 consumptus
1624 432 1736 459 interiit.
1764 431 1843 458 Cele-

211 488 346 514 berrimus
360 493 469 521 quoque
485 485 557 512 inter
574 484 695 518 reliquos
724 483 781 517 ejus
815 482 943 517 temporis
957 487 1091 518 martyres
1111 482 1161 509 fuit
1177 482 1300 509 Pionins.
1333 480 1416 515 Cujus
1444 481 1567 515 singulas
1583 479 1770 507 confessiones
1782 499 1789 509 ι
1804 486 1836 506 ac

211 536 362 563 libertatein
376 535 402 562 in
421 533 544 566 dicendo,
559 538 641 567 utque
674 539 767 559 coram
799 531 907 566 populis
923 538 955 557 ac
985 530 1144 565 prarsidibus
1179 537 1227 564 pro
1257 529 1317 556 fidei
1350 534 1450 556 nostra;
1473 527 1631 555 defensione
1648 527 1816 562 peroraverit
1833 547 1842 559 ,

209 579 355 608 conciones
385 579 448 606 item
478 578 512 604 de
547 567 716 604 institutione
750 575 824 608 fidei,
861 581 992 610 pra-terea
1012 575 1229 607 cohortationes,
1264 575 1346 608 atque
1373 574 1546 601 invitationes
1577 575 1609 601 ad
1625 581 1672 601 eos
1686 573 1732 608 qui
1751 581 1845 608 persc-

210 628 328 656 cutionis
349 631 472 660 tempore
503 624 570 659 lapsi
589 623 696 651 fuerant
715 633 721 651 :
756 622 936 650 allocutiones
949 623 1031 649 etiam
1053 627 1078 649 et
1090 622 1292 649 consolationes
1311 629 1380 655 quas
1405 621 1431 648 in
1457 628 1570 648 carcere
1593 621 1696 655 positus
1715 620 1842 646 adeunti-

211 679 260 704 bus
273 676 362 708 ipsum
393 674 525 701 fratribus
557 672 702 704 adhibuit;
726 679 787 706 qua:
804 679 886 706 super
907 671 950 698 his
974 675 1128 701 tormenta.
1150 675 1322 705 quantosque
1343 669 1451 697 dolores
1473 668 1634 696 sustinuerit
1663 675 1671 695 :
1703 667 1842 694 clavorum

210 720 321 754 insuper
337 718 516 749 confixioncs,
536 720 564 744 et
583 715 735 743 mirabilem
760 716 787 742 in
816 716 908 743 medio
928 722 994 749 rogo
1013 715 1196 742 constantiam
1231 725 1237 741 :
1272 718 1386 740 mortem
1409 713 1526 746 denique
1549 713 1634 748 ipsam
1657 720 1717 747 qua:
1740 716 1840 739 cuncta

211 767 255 794 illa
270 765 402 794 miracula
421 765 565 792 subsecuta
595 768 648 797 est,
661 763 684 791 si
715 763 761 798 qui
777 763 869 790 volent
899 769 1078 797 cognoscere,
1099 769 1146 789 eos
1165 761 1197 788 ad
1220 760 1361 796 epistolam
1395 760 1428 787 de
1445 759 1516 787 illius
1542 759 1675 794 tuartyrio
1704 758 1840 785 uberrime

210 812 392 846 conscriptam
420 810 610 844 amandatnus,
631 817 713 844 quam
743 816 793 837 nos
819 808 846 836 in
876 816 960 844 opere
986 809 1018 836 de
1039 807 1136 843 priscis
1163 806 1327 843 martyribus
1353 813 1470 841 quorum
1505 805 1646 840 passiones
1671 805 1841 839 collegimus.

213 858 294 894 136
304 856 400 894 ordine
430 864 480 884 suo
498 856 671 883 inseruimus.
700 855 823 882 Aliorum
841 861 973 890 praeterea
989 855 1034 889 qui
1055 854 1081 881 in
1101 853 1167 880 urbe
1183 853 1254 880 Asia:
1269 853 1403 888 Pergamo
1425 851 1475 880 sub
1497 852 1524 879 id
1549 856 1654 886 tempus
1679 852 1841 886 martyrium

210 905 282 940 passi
300 908 373 936 sunt,
388 903 455 930 Acta
473 902 622 931 etiamnttm
649 901 890 934 circumferuntur,
913 901 996 935 Carpi
1014 901 1149 931 videlicet,
1185 898 1298 933 Papnli,
1330 903 1358 926 et
1379 897 1502 926 mulieris
1527 897 1667 931 cujusdam
1690 897 1840 932 AgatltOni-

210 959 248 980 cze
263 960 270 977 :
285 951 333 986 qui
354 956 414 985 post
433 949 533 977 multas
549 954 631 984 atque
660 947 780 976 illustres
801 948 864 976 fidei
894 952 994 975 nostra:
1012 947 1199 975 confessiones
1219 946 1337 981 glorioso
1354 946 1429 972 exitu
1446 945 1628 973 consummati
1642 948 1715 972 sunt.

494 1038 609 1068 CAPUT
634 1037 704 1066 XVI.

209 1100 347 1133 Quomodo
376 1097 499 1125 Justinus
525 1095 873 1133 pltilosophusfeligionem
897 1094 997 1122 Christi

312 1134 400 1160 Roma
421 1133 570 1167 prmdicans
598 1131 754 1166 martyrium
781 1131 888 1158 meruit.

242 1224 339 1252 Iisdem
355 1223 523 1258 temporibus
533 1227 561 1249 et
571 1221 707 1253 Justinus,
729 1220 808 1256 cujus
822 1229 904 1255 supra
920 1229 997 1247 men-

207 1272 306 1300 tionem
317 1270 440 1303 fecimus,
453 1278 514 1297 cum
527 1270 642 1297 alterum
652 1269 749 1297 librum
759 1276 810 1304 pro
822 1268 884 1296 fidei
897 1273 996 1295 nostrae

207 1317 366 1346 defensione
382 1315 593 1351 imperatoribus
604 1314 731 1350 superius
749 1314 908 1341 memoratis
917 1313 996 1340 obtu-

207 1363 296 1395 lisset.
313 1370 392 1391 sacro
409 1362 540 1398 martyrio
553 1364 701 1389 exornatus
715 1364 758 1388 est
773 1359 870 1387 fraude
887 1367 920 1387 ac
939 1366 996 1385 ma-

207 1409 410 1437 chinationibus
428 1407 583 1436 Crescentis
605 1406 780 1441 philosophi,
809 1405 855 1440 qui
884 1405 996 1432 vivendi

208 1456 339 1482 rationem
361 1461 473 1489 prorsus
499 1453 706 1481 convenientem
726 1459 758 1479 ac
785 1451 994 1486 respondentem

206 1500 316 1535 Cynica:
345 1498 516 1534 appellationi
543 1498 732 1525 aemulabatur.
753 1497 838 1530 Quem
860 1504 921 1524 cum
949 1495 996 1525 ille

207 1547 350 1581 disputans
362 1545 538 1572 audientibus
551 1543 676 1580 plurimis
688 1543 865 1576 convicisset,
885 1543 994 1570 tandem

207 1591 334 1619 veritatis
350 1591 422 1618 illius
435 1598 517 1625 quam
532 1591 739 1626 prazdicaverat,
758 1589 900 1624 praemium
922 1596 995 1615 mar-

207 1636 278 1671 tyrio
302 1640 464 1664 consecutus
492 1640 542 1664 est.
574 1636 651 1663 llunc
675 1640 767 1663 autem
795 1635 899 1662 exitum
920 1635 993 1667 vitae,

206 1682 276 1708 idem
297 1681 341 1709 ille
364 1688 436 1708 verte
454 1682 594 1716 sapientia:
617 1681 833 1709 studiosissimus
860 1686 992 1714 sectator,

206 1728 234 1755 in
256 1728 413 1762 supradicto
437 1729 604 1764 Apologelico
631 1733 724 1762 aperte
748 1733 829 1764 prout
858 1733 919 1755 erat
941 1728 992 1763 ipsi
1008 1746 1030 1776 Ο

206 1781 292 1809 prope
311 1774 382 1801 diem
401 1781 558 1807 eventurus,
577 1775 699 1809 praedicit
721 1775 765 1807 his
778 1774 870 1802 verbis
886 1783 892 1801 :
914 1783 923 1800 ι
936 1773 994 1809 Ego

206 1819 292 1847 etiam"
308 1825 438 1855 exspecto
451 1825 481 1848 ut
494 1821 527 1848 ab
547 1820 639 1856 aliquo
659 1828 754 1848 eorum
773 1822 818 1856 qui
837 1820 992 1856 philosophi

207 1866 386 1902 appellantur,
403 1867 510 1894 insidiis
525 1872 646 1903 appctar,
673 1872 700 1894 et
723 1867 748 1894 in
775 1874 889 1894 nervum
912 1874 990 1895 com-

205 1972 294 2004 tyrum
314 1968 394 2003 Carpi
409 1973 435 1996 et
449 1969 552 2003 Populi,
571 1969 598 1995 in
617 1969 711 1996 eadem
724 1968 768 1995 illa
787 1967 989 2004 Smyrnmorum

205 2004 316 2038 epistola
333 2004 547 2031 continerentur.
566 2004 643 2036 Quod
657 2008 746 2030 tamen
764 2011 856 2031 verunt
871 2011 924 2030 non
943 2013 993 2037 |)ll-

206 2044 243 2066 to.
258 2038 349 2074 Neque
369 2040 440 2067 enim
461 2040 607 2066 verisimile
623 2043 675 2070 cst,
690 2038 844 2074 Smyrnteos
865 2043 993 2074 martyrta

226 2081 266 2100 om
289 2073 409 2108 l‘ergami
422 2079 497 2108 gesta
516 2079 604 2106 erant,
618 2074 643 2100 in
663 2073 774 2107 epistola
793 2082 840 2101 sna
858 2073 991 2101 retrxliSse.

205 2081 266 2135 gum
289 2081 409 2108 t'ergann
422 2081 497 2108 gesm
516 2081 604 2106 erant,
618 2082 643 2100 in
663 2081 774 2107 epiStoia
793 2082 840 2101 sna
858 2081 991 2101 retulisse.

229 2108 374 2144 rpbabilius
384 2109 508 2140 est,Acta
524 2110 581 2136 hate
597 2113 745 2144 martyrum
765 2108 991 2144 Pergamenorum

205 2151 220 2169 a
235 2143 382 2178 Smyrnaeis
408 2145 447 2170 vel
466 2152 480 2170 a
506 2143 674 2178 quibusdam
690 2144 763 2175 aliis,
781 2143 829 2170 ob’
841 2145 992 2178 argumenti

204 2178 416 2214 similitudinem
426 2183 519 2212 postea
535 2178 754 2212 adjunctafuisse
769 2179 889 2214 epistolae
897 2179 992 2214 Smyr-

206 2221 336 2246 nteorum,
359 2218 386 2241 et
411 2213 437 2240 in
454 2221 537 2240 unum
557 2214 633 2248 quasi
655 2221 753 2248 corpus
768 2213 887 2240 re'Jacta.
904 2213 992 2248 Atque

205 2249 240 2276 ita
263 2249 334 2283 hanc
354 2248 440 2275 locum
464 2249 569 2282 cepisse
587 2249 692 2275 videtur
717 2248 895 2282 Nicephorus.
920 2250 990 2276 Duas

204 2291 287 2319 porro
302 2283 429 2319 epistolas
444 2284 646 2319 Smyrntcornm
666 2283 748 2310 fuisse
765 2284 907 2311 existimo:
923 2284 989 2312 alte-

205 2317 262 2346 ram
281 2317 340 2352 qua:
355 2319 387 2346 de
404 2317 555 2354 Polycar-pi,
572 2318 683 2345 alteram
699 2326 758 2353 quae
769 2319 801 2346 de
817 2319 902 2346 Pionii
919 2327 990 2346 mar-
1007 2317 1028 2344 D

205 2354 275 2390 tyrio
295 2361 417 2390 seorsum
442 2354 718 2390 conmiemoraverit:
738 2354 845 2390 quibus
870 2354 990 2390 subjecta

204 2388 282 2416 erant
295 2388 361 2416 Acta
374 2389 508 2424 passionis
524 2389 605 2422 Carpi
619 2394 646 2415 et
661 2389 764 2423 Papnli.
782 2388 863 2416 Certe
882 2389 990 2416 Pionins

205 2425 323 2459 itemque
338 2425 442 2458 Carpus
457 2429 484 2451 ct
502 2425 627 2459 Papulns,
647 2425 726 2451 Decio
740 2425 899 2458 imperante,
917 2433 990 2450 Inar-

205 2461 304 2495 tyrimn
321 2460 393 2494 passi
409 2465 482 2488 sunt.
499 2464 526 2486 ut
541 2467 637 2495 eorum
651 2459 717 2485 Acta
736 2460 868 2493 hodieque
886 2465 988 2487 testan-

205 2494 259 2523 tur.
273 2496 362 2528 Quare
372 2496 462 2529 passio
474 2495 581 2522 illorum
596 2494 690 2521 referri
706 2503 757 2522 non
775 2496 860 2529 potuit
875 2495 900 2522 iit
915 2495 987 2522 dicta

204 2531 404 2565 Smyrnzcorunt
421 2530 545 2564 epistola,
561 2538 621 2564 qua:
645 2530 679 2557 de
694 2529 833 2564 Polycarpi
858 2530 987 2565 martyrio

203 2565 291 2593 adhuc
303 2565 405 2593 recenti
429 2565 528 2599 scripta
546 2571 589 2592 est
606 2566 639 2592 ad
660 2565 807 2592 Ecclesiant
832 2565 985 2592 Philontclii

205 2601 369 2635 temporibus
384 2599 466 2628 Marci
480 2600 622 2628 Antonini.
639 2599 704 2627 Vide
726 2601 870 2627 Baronium
886 2601 923 2635 ad,
935 2607 986 2626 an-

205 2634 267 2671 nnni
289 2636 390 2664 Christi
419 2635 480 2666 169.
503 2643 563 2671 cap.
586 2636 631 2668 2'2,
655 2640 682 2662 et
707 2635 842 2663 Usserium
861 2635 887 2661 in
918 2634 986 2671 libro

205 2670 242 2696 De
255 2679 322 2697 anno
340 2671 421 2698 solari
434 2669 607 2698 Macedonum
619 2676 643 2698 et
662 2671 830 2702 Asianorum,
846 2677 904 2703 cap.
921 2669 947 2696 5.

238 2704 294 2739 (90)
315 2706 455 2739 Δεύτερον
474 2706 550 2740 ὑπὲρ
572 2705 631 2732 τῶν
647 2706 711 2733 καθ’
732 2704 809 2740 ἡμᾶς
833 2704 986 2740 δογμάτων

200 2740 323 2772 ,βιϐλίον
334 2741 474 2774 ἀναδούς.
484 2742 617 2768 Eusebius
629 2741 697 2768 inira
706 2749 764 2775 cap.
776 2743 804 2767 l7
824 2742 987 2767 mentionem

205 2780 300 2802 iterum
324 2777 388 2803 facit
414 2777 493 2810 hujus
513 2777 622 2803 secundi
645 2776 818 2810 Apologclici,
839 2783 918 2810 quem
940 2775 987 2802 Ju-

203 2811 291 2837 stinus
315 2811 379 2845 itnp.
403 2811 438 2838 ill.
463 2811 573 2838 Aurelio
594 2812 731 2838 Antonino
754 2819 802 2845 pro
822 2810 986 2837 Christianis

202 2846 349 2873 dicaverat.
361 2846 486 2879 Ejusdem
502 2847 563 2872 libri
576 2847 699 2873 meminit
711 2846 790 2872 etiam
807 2845 987 2880 Hieronymus

204 2881 322 2914 iuuperc
348 2881 383 2908 Ue
406 2881 574 2915 scriptoribus
600 2880 790 2908 ecclesiasticis.
810 2880 931 2914 Scaliger
958 2881 983 2907 in

1307 1026 1504 1053 ΚΕΦΑΛΑΙΟΝ
1519 1027 1579 1060 tq'.

1051 1084 1146 1116 Ὅπως
1160 1083 1325 1120 »Ἰοιτστῖνος
1349 1086 1365 1111 ὁ
1392 1085 1559 1118 φιλόσοφος
1574 1084 1628 1111 τὸν
1650 1085 1778 1120 Χριστοῦ
1792 1085 1842 1113 λεῖ-

1048 1127 1103 1153 τον
1117 1118 1167 1145 ἐπὶ
1180 1119 1234 1153 τῆς
1255 1119 1410 1156 Ῥωμαίοῃς
1428 1121 1545 1156 attigero;
1565 1118 1737 1154 πρεσϐέύων
1752 1121 1841 1156 symp—

1226 1154 1439 1189 rzlpna'eriNic.
1458 1155 1493 1183 ΙΙ.
1508 1155 1541 1181 E.
1581 1163 1623 1189 tit,
1639 1156 1695 1191 5‘2).

1084 1221 1162 1248 Κατὰ
1175 1221 1286 1254 τούτους
1300 1221 1327 1248 δὲ
1343 1221 1390 1248 καὶ
1401 1222 1416 1247 ὁ
1432 1220 1523 1257 μικρῷ
1540 1221 1658 1257 πρόσθεν
1673 1223 1738 1257 ἡμῖν
1754 1222 1840 1258 δηλω-

1048 1267 1104 1299 est;
1123 1268 1275 1300 Ἰουστῖνος,
1292 1267 1417 1302 δεύτερον
1430 1267 1500 1302 ὑπὲρ
1513 1267 1568 1293 τῶν
1582 1267 1643 1294 καθ’
1658 1268 1732 1302 ἡμᾶς
1741 1267 1840 1302 δογμά·

1047 1323 1100 1340 των
1117 1313 1218 1348 βιϐλίον
1229 1313 1343 1345 ἀναδοὺς
1358 1313 1413 1347 (90)
1431 1314 1487 1345 τοῖς
1503 1313 1697 1349 δεδηλωμένοις
1715 1313 1839 1349 ἄρχουσι,

1048 1360 1112 1395 θείῳ
1127 1360 1343 1394 κατακοσμεῖται
1362 1359 1503 1395 μαρτυρίῳ
1514 1380 1520 1392 ,
1542 1359 1686 1394 φιλοσόφου
1704 1359 1840 1395 Κρὶσκεν-

1045 1415 1092 1438 τος
1119 1406 1175 1442 (τὸν
1198 1405 1358 1441 φερώνυμον
1373 1406 1400 1432 δὲ
1411 1403 1488 1437 οὗτος
1502 1407 1534 1441 τῇ
1549 1406 1652 1441 Κυνικῇ
1670 1407 1838 1443 προσηγορίᾳ

1046 1451 1104 1486 βίον
1118 1459 1148 1477 τε
1156 1452 1202 1478 καὶ
1210 1451 1309 1487 τρόπον
1322 1450 1435 1487 ἐζήλου)
1451 1451 1499 1486 τὴν
1516 1451 1661 1487 ἐπιϐουλὴν
1682 1452 1755 1487 αὖτῴ
1772 1461 1839 1479 κατ-

1045 1496 1224 1533 αρτύσαντος,
1238 1497 1355 1533 ἐπείπερ
1372 1497 1515 1529 πλεονάκις
1542 1498 1570 1523 ὲν
1589 1497 1721 1531 διαλόγοις
1739 1498 1840 1533 ἀκρολ-

1045 1543 1099 1570 τῶν
1112 1543 1253 1579 παρόντων
1268 1544 1323 1579 (91)
1337 1543 1450 1575 εὐθύνας
1467 1543 1547 1570 αὐτὸν
1558 1563 1565 1574 ,
1580 1543 1615 1569 τὰ
1634 1544 1779 1579 νικητήρια
1795 1553 1840 1570 τε-

1045 1590 1147 1618 λευτῶν
1161 1591 1231 1627 ὑπὲρ
1249 1589 1284 1627 ἧς
1298 1591 1463 1626 ἐπρέσϐευεν
1477 1590 1622 1626 ἀληθείας,
1637 1590 1681 1617 διὰ
1703 1591 1750 1617 τοῦ
1766 1600 1838 1627 μαρ-

1044 1637 1136 1673 τυρίου
1149 1636 1194 1663 τοῦ
1209 1637 1268 1663 κατ’
1286 1637 1366 1663 αὑτὸν
1381 1637 1540 1672 ἀνεδήσατο.
1562 1636 1646 1663 Τοῦτο
1667 1637 1696 1663 δὲ
1720 1637 1767 1663 καὶ
1788 1638 1839 1664 αὺ-

1043 1682 1089 1714 τὸς
1101 1684 1181 1714 ὁταῐς
1194 1683 1334 1718 ἀληθείαις
1348 1683 1575 1718 φιλοσοφώτατος,
1592 1684 1620 1709 ὲν
1635 1684 1667 1718 τῇ
1682 1683 1837 1718 δεδηλωμέ-

1045 1737 1078 1765 νῃ
1101 1729 1261 1764 Ἀπολογίᾳ
1274 1729 1366 1764 σαφῶς
1379 1729 1464 1761 οὕτως
1473 1748 1481 1761 ,
1496 1729 1589 1765 ὥσπερ
1604 1727 1650 1756 οὖν
1664 1729 1710 1755 καὶ
1725 1728 1838 1764 ἔμελλεν

1045 1775 1108 1802 ὅσον
1121 1774 1196 1802 οὔπω
1212 1775 1276 1811 περὶ
1289 1775 1369 1802 αὐτὸν
1391 1774 1578 1810 συμϐήσεσθαι
1588 1795 1595 1807 ,
1610 1774 1752 1811 προλαΰὼν
1767 1775 1835 1801 dm—

1047 1820 1173 1856 σημαίνει
1186 1820 1291 1853 τούτοις
1311 1821 1402 1852 αὐτοῖς
1425 1821 1481 1852 τοῖς
1506 1821 1628 1857 ῥήμασιο
1654 1830 1663 1847 ι
1683 1820 1769 1855 Κάγὼ
1788 1819 1836 1848 οὖν

1047 1867 1188 1903 προσδοκῶ
1201 1867 1253 1894 ὑπό
1268 1876 1340 1900 τινος
1354 1868 1408 1894 τῶν
1423 1867 1625 1903 ὠνομασμένων
1641 1867 1835 1904 ἐπιϐουλευθῆ-

1044 1968 1332 2004 Animadvcrsiunibus
1347 1968 1518 2001 Eusebianis,
1539 1976 1599 2004 pag.
1621 1969 1684 2001 9.0L
1704 1969 1742 1996 ait
1761 1969 1834 1996 hunc

1045 2005 1195 2031 secundum
1225 2003 1324 2039 Justini
1354 2003 1671 2039 Apologeticim’ifcnjus
1696 2006 1747 2031 hoc
1774 2005 1834 2031 loco

1045 2039 1210 2066 mentionem
1226 2038 1291 2066 facit
1312 2039 1453 2070 Eusebius,
1478 2040 1558 2066 hodie
1581 2048 1633 2066 non
1655 2046 1775 2070 exstare,
1791 2040 1833 2066 id-

1044 2081 1096 2108 que
1110 2074 1197 2108 palam
1210 2081 1271 2101 esse
1289 2074 1413 2101 allii-mat.
1439 2075 1467 2100 ln
1488 2081 1542 2108 quo
1559 2080 1646 2100 tamen
1668 2075 1746 2109 longe
1761 2075 1831 2100 falli-

1045 2114 1098 2135 tur.
1130 2109 1236 2136 Etenim
1265 2109 1407 2140 Eusebius,
1435 2114 1575 2143 postquam
1602 2110 1669 2136 dixit
1693 2109 1831 2136 Justinunt

1044 2143 1232 2178 philosophum
1257 2144 1401 2171 secuudani
1421 2151 1470 2178 pro
1493 2145 1655 2171 Christianis
1669 2145 1828 2179 Apologiam

1044 2178 1079 2206 M.
1102 2179 1212 2206 Aurelio
1233 2179 1371 2206 Antonino
1393 2179 1532 2210 obtulisse,
1559 2179 1650 2206 statim
1673 2188 1706 2206 ex
1733 2178 1829 2206 eadem

1042 2215 1165 2241 oratione
1183 2214 1316 2249 insignem
1345 2214 1432 2241 locum
1455 2213 1543 2245 affert,
1569 2222 1623 2248 quo
1637 2213 1761 2242 Justinus
1781 2217 1831 2242 ad-

1041 2256 1135 2277 versus
1149 2249 1322 2276 Crescentem
1332 2249 1463 2284 Cynicum
1479 2249 1665 2284 philosophum
1682 2250 1828 2278 invehitur.

1043 2285 1092 2317 Qui
1110 2285 1217 2319 quidem
1243 2285 1317 2311 locus
1342 2285 1422 2311 hodie
1437 2289 1525 2311 exstat
1550 2285 1576 2310 in
1598 2284 1724 2319 Apologia
1739 2286 1826 2318 prima

1043 2318 1161 2352 ejusdem
1173 2319 1281 2351 .lustini,
1295 2327 1354 2354 pag.
1363 2319 1399 2346 46
1410 2318 1536 2346 editionis
1548 2318 1708 2347 Parisiensis
1724 2320 1830 2346 Greco-

1043 2355 1154 2381 Latinas.
1171 2355 1268 2382 Verum
1288 2356 1313 2381 in
1333 2355 1449 2388 vulgatis
1462 2354 1562 2381 Justini
1575 2354 1749 2386 editionibus,
1767 2363 1829 2381 ora-

1043 2391 1130 2417 tiones
1144 2390 1214 2417 illius
1231 2389 1403 2424 apologeticte
1423 2396 1586 2423 prtepostero
1599 2390 1697 2417 ordine
1709 2389 1828 2417 colloca-

1042 2430 1155 2451 ta‘snnt.
1169 2424 1234 2451 Nam
1249 2433 1307 2459 qn:c
1319 2424 1435 2451 secunda
1445 2426 1552 2458 ponitur
1569 2425 1594 2451 in
1615 2426 1722 2452 exctisis
1733 2433 1827 2451 exeni-

1041 2460 1174 2494 plaribus,
1190 2468 1221 2486 ea
1246 2461 1336 2494 priore
1356 2459 1416 2486 loco
1430 2459 1492 2494 poni
1511 2460 1613 2486 debuit.
1628 2460 1693 2491 Quae
1716 2467 1781 2487 vero
1797 2460 1826 2487 in

1039 2495 1202 2522 cditionibus
1220 2495 1305 2529 pritna
1322 2499 1487 2523 recensetur.
1502 2499 1529 2521 ct
1547 2495 1580 2521 ad
1592 2500 1712 2521 senatum
1727 2495 1828 2522 Roma-

1040 2538 1103 2557 nttm
1117 2530 1244 2563 inscripta
1253 2534 1304 2563 est,
1314 2537 1343 2556 ea
1361 2530 1508 2564 posteriore
1523 2529 1581 2556 loco
1589 2529 1715 2557 collocari
1733 2531 1824 2563 debet,

1041 2570 1069 2591 ut
1084 2565 1204 2599 pluribus
1218 2564 1288 2592 infra
1304 2565 1401 2591 dicturi
1418 2572 1523 2592 sumus.

1075 2600 1129 2637 (9f)
1149 2599 1312 2637 Ἀκρσατῷν
1328 2600 1503 2637 γπιιρόιντων.
1520 2599 1562 2637 ita
1584 2599 1690 2637 quidem
1713 2599 1824 2634 Regius.

1040 2635 1092 2662 Sed
1108 2641 1223 2670 quatuor
1239 2636 1345 2670 reliqui,
1366 2635 1467 2663 Μελίη.
1488 2635 1592 2662 scilicet
1607 2643 1639 2662 ac
1656 2635 1737 2665 Med.,
1760 2642 1824 2670 cum

1040 2669 1147 2698 Fnkfet
1171 2671 1317 2703 Sariliano,
1344 2671 1472 2704 scriptum
1500 2671 1609 2702 habent,
1624 2671 1666 2697 ἐπ’
1681 2669 1824 2705 ἁκροατῶι

1039 2705 1152 2738 εὐθύνας
1170 2706 1261 2739 αὐτόν,
1277 2706 1347 2740 quod
1369 2706 1476 2739 quidem
1502 2706 1566 2732 mihi
1583 2706 1689 2732 videtur
1712 2707 1824 2738 cli-gan-

1038 2746 1099 2770 tius.
1120 2742 1204 2768 Porro
1221 2742 1277 2768 haec
1286 2739 1418 2776 periodus
1432 2747 1493 2767 cum
1509 2741 1534 2767 in
1551 2741 1645 2768 Graeco
1661 2739 1772 2767 confusa
1788 2741 1824 2766 sit

1037 2784 1067 2802 ac
1084 2777 1249 2811 perturbata,
1265 2775 1370 2803 induas
1381 2783 1397 2802 ιι
1413 2775 1489 2803 nobis
1503 2776 1588 2802 divisa
1605 2780 1657 2808 est,
1678 2781 1707 2802 ut
1726 2782 1824 2802 sensus

1036 2813 1153 2872 ἰιέιεέςιίοι
1171 2812 1337 2840 redderetur.
1361 2811 1443 2845 quue
1459 2815 1541 2839 etiam
1558 2815 1621 2838 ante
1634 2819 1683 2839 nos
1698 2811 1825 2845 praestitit

1062 2856 1074 2872 tl
1089 2855 1160 2872 IllllS.

1047 2847 1160 2875 lnlinus.
