1993 3164
203 157 253 182 Eii?

555 153 689 182 EUSEBII
709 153 949 181 CESARIENSIS
966 153 1043 181 OPP.
1064 152 1155 180 PARS
1175 151 1196 180 1.
1216 166 1249 172 -
1268 151 1462 180 HISTORICA.

1777 153 1832 180 558

1698 188 1712 200 1

203 219 284 239 aures
300 215 405 238 vestras
421 213 616 244 pervenerunt,
638 210 812 244 perspicuum
837 209 913 236 vobis
938 213 991 241 est,

1044 216 1098 240 νος.
1119 209 1179 234 ’Ὁτι
1199 207 1227 234 δὲ
1249 208 1320 234 κατὰ
1339 208 1388 242 τὴν
1412 208 1494 234 αὐτοῦ
1517 207 1668 243 πρόρρησιν
1692 207 1760 243 πρὸς
1784 209 1832 235 τοῦ

204 258 279 285 illum
296 257 322 283 in
336 256 468 290 religione
486 261 577 283 nostra
590 263 704 291 prorsus
720 255 788 283 nihil
801 256 883 283 seire.
897 255 951 282 Aut
969 256 991 282 si

204 303 310 331 scitille
326 303 446 338 quidem,
466 302 514 330 sed
536 308 651 338 propter
664 303 806 335 auditores
827 302 917 337 eloqui
940 310 992 329 non

204 351 296 382 audet,
314 356 486 384 nequaquam
507 348 700 384 philosophus,
715 353 745 376 ut
761 353 840 376 antea
853 348 928 380 dixi,
945 348 992 375 sed

201 395 340 430 popularis
359 403 434 422 aura:
449 400 574 430 captator
587 402 648 422 esse
657 393 880 428 deprehenditur,
893 393 994 429 quippe

200 442 247 476 qui
261 440 476 476 pulcherrimum
486 441 550 468 illud
562 440 683 468 Socratis
694 440 794 468 dictum
804 440 879 475 parvi
889 440 991 467 faciat:

201 487 314 521 Nullum
327 495 386 515 esse
397 488 507 515 veritati
524 487 733 515 anteferendum
745 486 846 513 virum.
860 495 869 512 ι
893 486 994 514 Hacte-

202 539 254 562 mis
269 532 405 562 Justinus.
417 534 503 568 Quem
519 533 638 568 quidem,
656 533 728 560 sicut
747 532 804 567 ipse
818 531 991 566 praedixerat,

201 581 315 610 Structis
331 587 346 607 a
362 580 508 608 Crescente
520 579 639 611 insidiis,
659 578 793 613 martyrio
805 585 864 606 esse
874 585 991 606 corona-

202 631 259 654 tum
287 626 421 654 Tatianns
447 626 489 654 vir
505 626 550 661 qui
571 625 660 661 primo
682 624 771 651 aetatis
795 631 851 659 suae
873 629 993 658 tempore

202 672 370 700 rhetoricam
383 673 494 704 docens,
512 673 538 699 in
552 672 697 708 gentilium
719 669 870 705 disciplinis
885 676 991 697 summa

203 727 265 748 cum
278 720 356 747 laude
368 724 492 747 versatus
507 724 561 752 est,
588 724 615 746 et
635 719 680 753 qui
699 718 818 753 plurima
837 715 937 752 ingenii
950 716 991 743 sui

203 769 380 792 monumenta
394 764 513 800 posteris
525 764 645 799 reliquit,
661 764 686 790 in
707 763 776 790 libro
788 763 917 789 Adversus
928 769 992 796 geu-

201 815 240 837 m
268 814 383 838 testatur
408 810 452 838 his
481 810 592 838 verbis:
610 819 619 835 ι
634 808 668 836 Ει
692 813 765 836 recte
789 807 923 840 Justinus,
950 807 992 833 vir

202 857 324 884 omnium
349 857 531 884 admiratione
554 856 748 892 dignissimus,
773 857 821 882 eos
840 853 991 881 latronibus

1043 254 1211 289 Κρίσκεντος
1229 253 1423 285 συσκευασοεὶς
1439 253 1582 288 ἐτελειώθη
1595 273 1602 284 ,
1617 253 1748 285 Τατιανὺς
1764 254 1833 290 ἀνὴρ

1043 299 1088 326 τὸν
1102 299 1209 335 πρῶτον
1223 299 1305 326 αὑτοῦ
1318 299 1374 334 βίον
1387 299 1565 334 σοφιστεύσας
1577 301 1609 326 ἓν
1621 300 1676 331 τοῖς
1700 299 1834 335 Ἑλλήνων

1045 347 1186 382 μαθήμασι
1199 346 1265 382 (96),
1283 346 1331 373 καὶ
1345 346 1424 379 δόξαν
1438 346 1469 372 οὐ
1481 345 1600 381 σμικρὰν
1613 347 1641 373 ὲν
1661 346 1753 379 αὐτοῖς
1766 347 1836 373 ἁπε-

1043 391 1210 427 νηνεγμὲνος
1223 412 1231 424 ,
1247 392 1361 420 πλεῖστά
1373 401 1404 418 τε
1422 392 1634 427 συγγράμμασιν
1649 391 1732 418 αὑτοῦ
1749 401 1836 419 κατα-

1043 438 1129 465 λιπὼν
1138 439 1304 474 μνημεῖα,ὲν
1316 438 1354 474 τῷ
1369 439 1446 473 Πρὸς
1461 439 1617 472 Ἕλληνας
1631 439 1733 474 ἱστορεῖ
1746 438 1835 473 λέγων

1043 481 1094 511 ὧδέ
1110 493 1184 516 πως·
1209 494 1217 510 i
1236 484 1290 511 Καὶ
1307 485 1322 510 ὀ
1341 483 1564 519 θαυμασιώτατος
1587 485 1727 515 Ἰουστῖνος
1746 484 1834 520 ὀρθῶς

1043 529 1215 564 ἐξεφώνησεν
1224 550 1231 561 ,
1247 529 1364 557 ἐοικέναι
1378 530 1440 561 τοὺς
1457 529 1670 566 προειρημένους
1683 529 1805 566 λῃσταῖς.
1822 540 1832 554 ι

1042 573 1100 602 Εἶτ’
1122 574 1244 601 ἐπειπών
1268 583 1328 601 τινα
1353 575 1417 610 περὶ
1438 574 1492 600 τῶν
1516 574 1686 608 φιλοσόφων,
1712 573 1836 608 ἐπιλέγει

1042 621 1144 648 ταῦτα·
1164 630 1173 646 t
1193 620 1317 656 Κρίσκης
1340 620 1407 655 γοῦν
1423 620 1438 647 ὁ
1459 620 1648 652 ὲννεοττεὺσας
1670 621 1703 656 τῇ
1727 621 1833 657 μεγάλῃ

1043 667 1134 699 πόλει,
1147 668 1328 703 παιδεραστίᾳ
1344 667 1393 702 μὲν
1411 666 1516 699 πάντας
1537 667 1708 703 ὑπερήνεγκε
1718 687 1726 698 ,
1739 667 1836 702 φιλαρ-

1041 715 1125 749 γυρίᾳ
1146 713 1175 740 δὲ
1190 714 1260 740 πάνυ
1277 713 1413 749 προσεχὴς
1426 711 1470 748 ἦν.
1485 712 1606 740 Θανάτου
1622 713 1651 739 δὲ
1668 714 1683 739 ὁ
1696 722 1834 749 καταφρο-

1043 761 1098 787 νεῖν
1114 759 1319 794 συμϐουλεύων,
1332 759 1418 790 οὕτως
1436 759 1517 790 αὐτὸς
1535 759 1630 786 ἐδεδίει
1648 759 1693 786 τὸν
1709 759 1834 793 θάνατον,

1041 807 1080 839 ὡς
1095 808 1141 834 καὶ
1160 808 1300 834 Ἰουστῖνον
1315 807 1440 844 καθάπερ
1456 807 1566 844 μεγάλῳ
1586 808 1681 843 κακῷ,
1694 807 1734 843 τῷ
1751 807 1834 834 θανά-

1042 862 1081 889 τῳ
1107 853 1265 890 περιϐαλείν
1290 853 1566 890 πραγματεύσασθαι,
1596 854 1664 881 διότι
1690 854 1836 890 κηρύττων

201 902 306 930 similes
328 910 387 930 esse
404 903 482 929 dixit.
495 911 505 928 ι
529 902 618 930 Pauca
638 900 735 930 deinde
756 900 935 928 interlocutus
957 899 990 927 de

1043 900 1090 936 τὴν
1106 900 1250 936 ἀλήθειαν,
1266 900 1372 936 λίχνους
1394 901 1456 932 τοὺς
1471 900 1631 934 φιλοσόφους
1642 901 1690 927 καὶ
1709 899 1836 927 ἀπατεῶ-

201 948 371 983 philosophis
388 968 397 981 .
422 949 481 977 haec
513 948 676 984 subiungit:
697 947 853 974 «Crescens
881 945 990 981 quidem

201 994 247 1030 qni
268 995 296 1023 in
317 995 384 1022 urbe
400 994 486 1022 Roma
508 994 630 1022 nidulum
659 1001 739 1021 suum
768 993 884 1024 ﬁxerat,
911 990 992 1019 fcedis

1045 954 1092 978 νας
1108 946 1246 982 egenus.
1267 956 1276 971 ι
1293 947 1348 973 Καὶ
1361 947 1391 974 τὸ
1409 947 1457 983 μὲν
1480 946 1550 974 κατὰ
1568 947 1708 974 Ἰουστῖνον
1731 946 1837 982 μαρτύε

1047 1000 1104 1027 ριον
1119 991 1246 1026 τοιαύτην
1260 991 1351 1027 εἴληχε
1368 992 1418 1028 τὴν
1434 992 1534 1019 αἰτίαν.

200 1047 348 1074 puerorum
364 1040 513 1074 amoribus,
525 1045 552 1068 et
576 1040 698 1068 avaritiae
714 1046 795 1074 supra
808 1045 902 1066 omnes
922 1037 1049 1066 mortales
1075 1038 1184 1066 deditus
1209 1037 1269 1066 fuit.
1287 1039 1319 1066 Et
1333 1040 1378 1074 qni
1398 1039 1465 1067 alios
1486 1040 1649 1068 hortabatur
1673 1043 1704 1067 ut
1718 1043 1834 1067 mortem

201 1091 418 1120 contemnerent,
448 1088 506 1122 ipse
535 1092 676 1122 tantopere
706 1094 767 1114 eam
802 1085 987 1118 formidabat,
1020 1090 1049 1112 iit
1067 1084 1173 1112 Justino
1211 1091 1342 1121 tanquam
1360 1087 1551 1121 gravissimum
1589 1088 1688 1115 malum
1720 1091 1834 1115 mortem

201 1132 463 1165 concionaverit,eo
485 1134 557 1168 quod
582 1134 628 1161 ille
646 1134 788 1161 veritatem
812 1132 984 1168 przedicans,
1009 1131 1184 1166 pliilusophos
1215 1132 1354 1160 helluones
1382 1137 1410 1160 et
1435 1134 1591 1168 deceptores
1613 1142 1674 1163 esse
1690 1135 1837 1162 convince-

205 1186 257 1208 ret.
271 1191 282 1208 ι
304 1182 336 1208 Ει
351 1181 410 1209 haec
421 1181 530 1216 quidem
550 1180 658 1210 Justino
680 1189 762 1209 causa
785 1181 910 1216 martyrii
927 1179 990 1208 fuit.

494 1261 610 1289 CAPUT
636 1261 717 1289 XVII.

202 1307 240 1335 De
255 1307 415 1343 martyribus
430 1315 542 1342 quorum
556 1307 679 1335 Justinus
698 1308 725 1335 in
747 1309 803 1336 suis
821 1309 896 1337 libris
915 1317 991 1336 men-

502 1343 600 1370 tionem
617 1342 692 1377 facit.

238 1390 309 1418 Idem
331 1397 415 1424 porro
435 1388 559 1416 Justinus
574 1389 691 1416 alierum
713 1396 821 1425 quoque
842 1390 889 1425 qui
911 1389 990 1425 paulo

203 1440 266 1463 ante
287 1436 375 1470 ipsum
397 1435 529 1470 martyrio
552 1435 687 1470 perfuncti
716 1440 813 1468 erant,
840 1435 868 1462 in
895 1435 988 1470 priore

202 1483 370 1518 Apologetico
387 1483 550 1510 mentionem
569 1482 634 1510 facit
650 1483 693 1510 his
704 1483 816 1511 verbis:
833 1489 894 1518 quae
915 1490 989 1518 quo-

205 1589 282 1620 ptore
300 1590 440 1614 omissam,
455 1584 617 1620 necessario
632 1584 658 1620 in
675 1585 800 1612 versione
814 1590 906 1613 nostra
923 1586 993 1619 adji-

204 1618 327 1656 ciendani
342 1619 442 1656 putavi.
453 1618 538 1656 Porro
555 1619 635 1656 hunc_
644 1619 732 1656 locum
747 1628 780 1647 ex
800 1618 992 1656 manuscriptis

205 1655 350 1691 codicibus
368 1653 449 1685 his-1.,
466 1653 586 1691 hiemet
616 1653 738 1691 Fuk._ita
763 1656 866 1682 restitui
881 1653 946 1688 πῶς’
959 1665 990 1691 γε

205 1689 272 1730 me:
291 1689 321 1715 τὸ
332 1689 506 1730 Σωξιρατιδιὺν
519 1688 677 1730 ἀξιέραστον
687 1689 716 1730 ὃν
727 1691 804 1726 τιμᾷ.
816 1691 859 1726 (At
869 1699 916 1718 nos
931 1688 990 1718 cuin

204 1724 267 1752 aliis
285 1726 446 1751 correximus
461 1724 491 1750 ὅν
503 1732 549 1758 pro
570 1724 608 1752 ὃν.
625 1724 717 1760 Ειητ.)

240 1760 294 1795 (96)
307 1760 535 1797 ιΣοριστεύο-ας
563 1760 598 1786 ἐν
627 1759 688 1797 τοῖς
719 1760 871 1797 Ἑλλήνων
896 1762 993 1796 μαθή-
1015 1793 1019 1797 _

200 1801 287 1830 μασι.
306 1794 418 1821 llulinus
438 1797 592 1829 magistrum
610 1795 765 1829 eloquenliw
785 1797 883 1828 vertit;
897 1794 994 1824 ’Ταλία-

204 1839 265 1864 rius,
278 1830 375 1864 inquit,
388 1829 426 1856 vir
439 1829 644 1859 eruditissimus.
656 1830 683 1856 in
691 1831 775 1864 prima
783 1835 860 1858 «etate
874 1839 923 1858 sua
934 1840 992 1859 ara-

203 1864 423 1902 torianiﬁicem,
433 1865 472 1892 Ita
483 1865 565 1892 etiam
577 1864 853 1902 vertitllieronymus
869 1866 895 1892 in
911 1865 993 1894 Cala-

204 1901 275 1935 loga.
289 1899 471 1928 Theodoritus
495 1907 602 1935 quoque
625 1901 651 1927 in
668 1900 740 1928 libro
763 1899 783 1928 ι’
795 1900 992 1930 Hterelicarum

204 1935 367 1968 fabularum,
381 1935 525 1962 Tatianuin
540 1937 628 1970 primo
643 1936 793 1970 sophistam
809 1935 892 1964 fuisse
907 1941 989 1964 testa-

203 1976 257 1998 tur.
275 1971 332 2004 Ipse
343 1969 474 1998 Tatianns
493 1971 526 1997 tle
541 1969 570 1997 Se
586 1969 700 2004 loquens
712 1971 737 1998 in
754 1970 808 1999 fine
821 1971 882 1998 libri
893 1971 994 1999 Adver-

203 2013 248 2032 sus
270 2005 386 2035 Gra'cos,
418 2006 512 2032 eodem
536 2006 620 2032 utitur
642 2006 724 2032 verbo
745 2013 800 2035 quo
828 2005 963 2034 Eusebius
983 2017 990 2035 :

204 2013 248 2032 siis
270 2013 386 2035 ura'cos,
418 2013 512 2032 eouem
536 2013 620 2032 uiitiir
642 2013 724 2032 verno
765 2014 800 2033 uo
828 2013 963 2034 nusebius
983 2017 990 2035 :

204 2040 297 2084 :[ai‘ita
308 2040 356 2090 μιν
370 2038 458 2080 οὖν.οὐ
467 2040 532 2090 παρ’
543 2040 623 2080 tight)
633 2040 726 2090 μαθὼν
735 2013 993 2090 ὲιὲερέμηνὶτξοὶὶλὴν

203 2076 381 2111 ὲπιφοιτήσας
392 2075 454 2110 γῆν,
464 2075 600 2111 καὶτοῦτο
612 2075 660 2110 μὲν
671 2075 849 2110 σοφιστεύσας
853 2077 888 2103 τὰ
896 2075 993 2111 ὑμέτέ-

225 2110 341 2152 euasi-.0
352 2110 380 2136 δὲ
391 2111 497 2151 τέχναις
506 2110 693 2152 καὶξττινοιαις
703 2111 859 2152 ὲγκυρήσας
870 2110 990 2152 πολλαῖς.

207 2119 252 2172 ραι,
264 2119 341 2136 τουτο
352 2119 380 2136 οε
391 2119 497 2145 τεχναις
506 2119 693 2150 καιεπινοιαις
703 2119 859 2152 εγκυρησας
870 2119 990 2144 πολλαῖς.

223 2145 257 2172 lbi
274 2153 323 2171 vox
339 2145 516 2179 σοφιστεύσας
535 2146 600 2172 iiiliil
621 2146 654 2172 ad
669 2147 851 2180 elaquentiani
862 2147 991 2180 pertinet,

206 2181 253 2207 sed
267 2187 375 2207 omnem
389 2180 542 2207 Graecorum
558 2181 717 2214 sapientiam
731 2186 758 2207 et
773 2181 899 2208 liberales
910 2183 993 2210 disci-

206 2215 294 2250 plinas
304 2215 501 2248 complectitur.
517 2214 588 2241 Sane
609 2215 679 2250 quod
695 2215 826 2242 Tatianus
841 2216 940 2244 ibidem
954 2217 993 2245 ait

205 2259 236 2279 se
246 2250 376 2285 plurimas
389 2250 513 2284 regiones
528 2257 696 2285 peragrasse,
717 2251 870 2285 multasque
882 2256 953 2278 artes
965 2257 992 2279 et

206 2285 378 2321 inventiones
397 2285 571 2321 mechanicas
592 2286 700 2321 curiose
717 2285 856 2321 didicisse,
872 2286 990 2321 philoso-

204 2321 288 2355 phum
299 2320 389 2356 magis
399 2319 505 2356 iudicat
518 2327 597 2356 quam
615 2319 796 2356 professorem
816 2319 988 2356 eloq‘uentire.

1326 1262 1522 1290 ΚΕΦΔΛΑῙΟΝ
1534 1263 1583 1290 lZ'.

1045 1310 1114 1345 Περὶ
1127 1307 1172 1337 ὧν
1191 1309 1354 1342 ’Ῑουστῖνος
1365 1309 1399 1336 ἐν
1417 1309 1481 1345 ἰδίῳ
1496 1309 1702 1345 ᾳυγῃράμματι
1719 1319 1835 1345 μνημο-

1138 1318 1172 1337 υν
1193 1318 1354 1342 ἰουστινος
1365 1318 1399 1336 εν
1419 1318 1481 1342 ιοιφ
1496 1318 1702 1370 συπέραμματι
1719 1321 1727 1345 Α

1138 1346 1217 1373 νεύει
1232 1344 1472 1381 μαρτύρων-(Νῆα.
1492 1344 1526 1371 ΙΙ.
1579 1365 1586 1372 .
1612 1352 1654 1377 Ill,
1669 1345 1727 1379 55).

1085 1392 1114 1419 '0
1127 1392 1149 1418 δ’
1162 1392 1243 1424 αὐτὸς
1259 1390 1329 1426 ἀνὴρ
1345 1390 1397 1427 πρὸ
1411 1390 1458 1417 τοῦ
1474 1390 1534 1417 κατ’
1549 1390 1629 1417 αὑτὸν
1643 1391 1748 1426 ἀγῶνος
1764 1391 1833 1427 (9Ἱ),

1044 1438 1144 1474 ἑτέρων
1160 1438 1213 1474 πρὸ
1239 1437 1321 1464 αὐτοῦ
1341 1437 1573 1473 μαρτυρησάντων
1599 1438 1628 1464 ἐν
1655 1439 1688 1474 τῇ
1713 1438 1836 1474 προτέρᾳ

1042 1485 1126 1512 αὐτοῦ
1142 1483 1304 1521 μνημονεύει
1322 1484 1482 1520 Ἀπολογίᾳ
1490 1483 1557 1520 (98),
1567 1484 1708 1521 χρησίμως
1718 1485 1751 1520 τῇ
1765 1484 1835 1511 ὑπο-

1046 1584 1166 1619 ejusdem
1180 1584 1252 1611 libri.
1268 1582 1324 1619 Sed
1339 1587 1367 1611 et
1382 1583 1408 1610 in
1424 1583 1494 1611 libro
1509 1591 1540 1616 ii,
1552 1590 1612 1618 cap.
1628 1584 1673 1614 l2.
1690 1584 1735 1612 ubi
1751 1584 1836 1612 Justi-

1047 1627 1111 1647 niim
1127 1620 1160 1647 de
1184 1619 1296 1647 Simone
1317 1618 1394 1654 Mago
1417 1619 1569 1653 loquentem
1595 1619 1708 1652 inducit,
1742 1620 1832 1647 locum

1047 1655 1125 1683 affert
1141 1661 1173 1682 ex
1193 1654 1283 1688 priore
1297 1654 1355 1689 ejus
1379 1654 1557 1689 Apologetico,
1579 1654 1624 1688 qui
1644 1654 1670 1681 in
1688 1662 1707 1682 ii
1732 1654 1833 1682 Justini

1005 1677 1026 1706 (ἶ
1043 1677 1173 1725 ,ιῖἱῦὶόοἷᾶ
1181 1677 1264 1725 sua
1270 1677 1594 1725 Ῑθέίὶἶιτῗόἶὶὲἔῖιέῧό⁷ίμῖ
1600 1677 1720 1724 “vnlg-aiis
1732 1677 1834 1717 ὲίιῖἱίὄέ

1044 1724 1231 1759 ηἱὺιιςρτίηιδ
1250 1724 1351 1751 dicitur
1363 1724 1490 1758 Apologia
1502 1728 1529 1751 et
1545 1724 1578 1751 ad
1592 1725 1812 1752 senatunrtinscri
1823 1739 1831 1746 ι

1043 1761 1126 1791 bitur.
1142 1767 1200 1787 eam
1220 1759 1353 1787 Eusebius
1372 1759 1518 1786 secundam
1533 1764 1622 1793 vocat,
1635 1764 1665 1786 ut
1682 1760 1774 1787 videre
1788 1764 1832 1787 est

1043 1797 1070 1823 in
1086 1795 1176 1830 capite
1189 1794 1294 1821 decimo
1307 1799 1394 1830 sexto,
1404 1799 1436 1830 et
1446 1793 1481 1830 Μ.
1492 1794 1603 1821 Aurelio
1618 1795 1755 1830 Antonino
1767 1800 1830 1829 post

1043 1829 1146 1858 obitum
1162 1829 1333 1864 imperatoris
1346 1829 1399 1861 Pii,
1412 1829 1530 1856 oblatam
1547 1837 1606 1856 esse
1619 1829 1685 1857 dicit
1699 1837 1713 1856 a
1722 1829 1829 1857 Iustino

1044 1866 1070 1892 in
1085 1872 1145 1899 cap.
1163 1865 1196 1892 l6
1211 1868 1238 1892 et
1248 1864 1292 1892 l8.
1311 1865 1366 1900 Ego
1381 1866 1456 1900 vero,
1473 1865 1544 1900 quod
1559 1864 1666 1900 quidem
1676 1869 1780 1899 spectat
1795 1866 1831 1893 ad

1043 1901 1166 1928 ordinem
1188 1899 1376 1934 Apologiaritm
1391 1899 1502 1932 Justini,
1523 1899 1602 1927 facile
1619 1901 1757 1927 assentior
1773 1900 1825 1927 Eu-

1043 1936 1119 1963 sebio
1136 1939 1183 1962 :et
1196 1935 1267 1962 illam
1287 1942 1347 1970 qua:
1366 1935 1399 1962 ad
1421 1940 1544 1962 senatum
1565 1935 1644 1970 vulgo
1659 1935 1828 1966 inscribitur,

1042 1971 1219 2006 posteriorem
1233 1971 1427 2006 esseconcedo
1446 1970 1624 2006 :rpraasertim
1637 1978 1700 1998 cum
1723 1970 1828 2006 videam

1044 2004 1114 2034 idetn
1127 2005 1264 2041 placuisse
1278 2005 1345 2032 viris
1358 2005 1534 2037 doctissimis,
1548 2004 1724 2041 Bellarmino,
1741 2005 1829 2033 Baro-

1043 2041 1090 2069 nio
1102 2039 1180 2076 etiis
1202 2048 1271 2076 quos
1284 2048 1367 2074 supra
1393 2041 1552 2076 memoravi.
1574 2039 1628 2067 Sed
1653 2045 1680 2068 et
1693 2040 1828 2076 Georgius

1044 2075 1186 2112 Syncellus
1194 2074 1220 2102 in
1230 2074 1375 2112 Chronico.
1391 2075 1503 2112 ejusque
1512 2075 1654 2112 interpres
1667 2074 1829 2103 Anastasius

1044 2110 1280 2142 Bibliothecarius,
1295 2111 1328 2137 ad
1342 2117 1441 2145 annum
1455 2110 1554 2137 Christi
1569 2110 1614 2143 46,
1635 2118 1747 2145 prorsus
1763 2118 1826 2138 cum

1043 2146 1159 2174 Eusebio
1169 2145 1354 2173 consentiunt.
1369 2144 1422 2172 Sed
1435 2147 1506 2179 quod
1520 2144 1745 2180 prioreniJustini
1757 2146 1828 2179 Apo-

1043 2181 1182 2216 logeti‘cum
1205 2179 1241 2207 Μ.
1265 2180 1376 2207 Aurelio
1399 2179 1534 2208 Antonino
1553 2186 1738 2215 nuncupatum
1766 2188 1827 2208 esse

1042 2215 1147 2247 scribit,
1166 2216 1192 2242 in
1209 2222 1242 2243 eo
1260 2223 1313 2242 non
1330 2222 1436 2249 possum
1455 2215 1492 2242 illi
1505 2216 1641 2243 assentiri.
1658 2216 1712 2243 Nec
1731 2216 1828 2249 ignoro

1042 2252 1116 2279 viros
1130 2251 1304 2278 doctissimos
1316 2258 1385 2284 quos
1396 2257 1476 2284 supra
1494 2251 1651 2283 memoravi,
1667 2258 1728 2279 cum
1738 2251 1826 2278 Euse-

1043 2286 1266 2314 bio'consentire.
1286 2284 1339 2312 Sed
1355 2285 1510 2320 quicunque
1529 2292 1584 2313 rem
1606 2286 1692 2320 ipsam
1713 2293 1828 2312 accura-

1044 2321 1100 2348 tius
1111 2321 1265 2354 expendere
1280 2320 1407 2352 voluerit,
1426 2321 1544 2348 inveniet
1560 2320 1680 2355 profecto
1695 2320 1826 2355 Apologe—

204 2356 281 2382 Adde
294 2356 366 2389 quod
383 2355 452 2382 liber
480 2355 523 2381 ille
536 2355 666 2382 Adversus
681 2355 786 2382 Urwcos
806 2355 988 2391 conscriptus,
1003 2355 1029 2385 D
1043 2357 1123 2382 ticum
1136 2355 1221 2387 illum,
1231 2363 1285 2391 non
1298 2360 1329 2391 ut
1343 2356 1438 2383 scribit
1457 2355 1591 2383 Eusebius
1599 2355 1634 2384 Μ.
1647 2355 1826 2391 Aurelio,sed

204 2391 271 2418 satis
291 2395 405 2418 testatur
423 2394 559 2417 auctorem
575 2398 670 2424 parum
685 2390 712 2417 iii
731 2390 846 2418 dicendo
856 2390 990 2418 exercita-

205 2429 262 2452 ttiiii
274 2424 367 2453 fuisse.
383 2425 429 2452 Est
444 2433 516 2452 enim
531 2425 769 2459 eruditiisquidciu
782 2425 860 2458 liber,
874 2427 920 2454 sed
930 2427 990 2454 sine

203 2461 344 2488 ordinatae
363 2461 488 2499 niethmlo
499 2460 674 2506 compositus.
757 2493 770 2499 _
806 2459 810 2464 '

241 2495 295 2506 ιηιιι
331 2496 384 2506 ri“
421 2504 472 2506 _.,_
504 2503 556 2506 ..Αι-
593 2495 660 2506 μ.’.-ὶ
677 2503 683 2506 .
716 2495 741 2506 Αἰ.
755 2504 807 2506 ν,..4

240 2495 296 2530 (97)
326 2496 386 2530 Πρὸ
419 2494 472 2530 τοῦ
502 2493 568 2522 κατ(
590 2495 684 2521 αὐτὸν
713 2493 834 2529 ἀγῶνος.
867 2496 990 2529 Quatuor

205 2531 289 2557 nostri
303 2529 411 2558 codices
426 2529 507 2561 In...
525 2530 609 2561 Metl.,
627 2538 689 2557 cuni
706 2529 775 2557 Fult.
790 2536 818 2558 et
833 2532 989 2565 Saviliano,

204 2566 340 2602 scripturn
352 2567 461 2602 habent,
479 2565 532 2602 πρὸ
548 2565 600 2602 1067
609 2565 668 2602 κατ’
687 2565 768 2592 αὑτὸν
783 2566 944 2602 μαρτυρίου.

239 2602 297 2635 (98)
313 2601 362 2627 Ἐν
376 2600 413 2634 τῇ
431 2600 557 2634 προτέρᾳ
568 2600 661 2627 αὑτοῦ
671 2600 851 2635 μνημονεύω
871 2600 989 2628 Ἀπολο-

223 2635 451 2671 lu:Scribenduni
464 2641 506 2662 est
518 2637 546 2661 ἐν
562 2637 595 2670 τῇ
611 2635 734 2671 δευτέρᾳ,
747 2642 775 2662 ut
792 2641 864 2664 recte
873 2638 989 2670 conjecit

230 2688 237 2696 .
255 2670 378 2698 Petavius
393 2672 420 2698 in
435 2670 720 2698 Aniinadversimiihus
738 2672 771 2698 ad
787 2672 910 2698 haeresim
926 2679 987 2699 var

203 2704 358 2741 fgipipbanii.
376 2710 403 2733 et
416 2705 447 2734 Ρ,
464 2705 612 2732 Halloixius
627 2706 652 2732 in
670 2705 729 2732 Vita
750 2705 779 2732 S.
794 2706 908 2737 Justini,
925 2714 986 2741 cap.

205 2739 250 2766 26.
275 2739 379 2774 Quippe
402 2740 534 2767 Eusebius
550 2741 604 2767 alio
620 2741 717 2768 ordine
735 2741 874 2774 Apolagias
888 2739 987 2768 Justini

206 2779 338 2805 recenset,
353 2783 433 2808 quam
458 2783 511 2810 quo
531 2783 601 2803 nunc
622 2780 685 2802 stitit
708 2777 797 2803 editie.
822 2776 886 2802 Eam
914 2776 985 2802 enim

206 2816 266 2843 quin
280 2811 306 2836 in
323 2811 439 2844 vulgatis
455 2811 619 2837 editiotiibus
632 2811 749 2837 secunda
767 2811 935 2841 inscribitur.
959 2815 986 2837 et

206 2845 342 2872 Antonino
353 2845 399 2871 l'io
414 2851 566 2878 nuncupata
574 2851 626 2877 est,
635 2845 764 2873 Eusebius
773 2847 889 2879 priorem
897 2846 987 2880 appel-

207 2884 255 2912 lat,
276 2885 303 2907 ut
319 2880 408 2907 videre
423 2886 464 2907 est
480 2881 505 2906 in
524 2881 611 2914 capite
628 2881 659 2906 l2
682 2880 728 2908 lib.
744 2888 779 2914 iv,
795 2881 860 2907 etin
877 2888 939 2915 cap.
953 2880 986 2907 18

1044 2391 1132 2426 potius
1146 2389 1283 2426 Antonino
1301 2390 1349 2417 Pio
1369 2396 1550 2426 nuncupatum
1567 2399 1637 2418 esse.
1658 2390 1725 2417 Nam
1746 2390 1826 2418 initio

1043 2424 1205 2461 Hpologetici
1219 2424 1385 2452 aitJustinus
1393 2425 1532 2453 mulierem
1543 2425 1614 2453 illam
1629 2425 1826 2458 Christianam,

1042 2468 1104 2488 cum
1119 2468 1133 2487 a
1150 2461 1208 2487 viro
1221 2465 1349 2487 accusata
1362 2466 1446 2494 esset,
1458 2461 1563 2488 dedisse
1574 2461 1692 2488 libellum
1706 2461 1826 2494 impera-

1044 2496 1104 2526 tori,
1121 2495 1168 2522 καὶ
1183 2496 1211 2531 ἡγ
1221 2495 1270 2530 μὲν
1284 2495 1409 2530 βιϐλίδιὸν
1423 2504 1463 2522 σοι
1476 2495 1514 2531 τῷ
1527 2496 1706 2531 αὐτοκράτορι
1728 2495 1826 2522 ἀναδέ-

1041 2531 1121 2558 δωκε.
1136 2530 1213 2564 Quod
1227 2531 1249 2557 si
1263 2530 1445 2565 Apolageiicua
1463 2531 1507 2558 ille
1527 2530 1730 2558 succesiiorlbus
1740 2532 1826 2556 Anto-

1042 2567 1098 2593 nini
1118 2565 1159 2592 Pii
1172 2566 1279 2593 dicatus
1296 2565 1391 2592 fuisset
1410 2571 1439 2592 ut
1452 2566 1508 2593 vult
1531 2565 1672 2597 Eusebius,
1691 2570 1764 2593 certe
1775 2565 1825 2592 Ju-

1040 2601 1126 2628 stinus
1139 2602 1166 2628 in
1180 2601 1274 2633 plurali
1289 2607 1402 2627 numero
1417 2601 1529 2628 dixisset
1541 2601 1605 2636 ὑμῖν
1618 2602 1673 2632 τοῖς
1690 2601 1825 2636 αὐτοκρά-

1040 2644 1142 2671 τορσιν.
1167 2636 1273 2663 Marcus
1297 2636 1373 2671 enim
1389 2635 1523 2671 etAVerus
1548 2635 1628 2671 ambo
1645 2636 1726 2663 simul
1745 2635 1826 2663 erant

1041 2669 1165 2706 Augusti.
1177 2671 1301 2698 Secundo
1311 2670 1406 2706 scribit
1415 2669 1549 2703 Justinus,
1559 2670 1671 2698 Lucium
1679 2671 1823 2705 quemdam

1041 2713 1102 2732 ciini
1125 2706 1300 2734 Ptolemaeum
1323 2705 1509 2741 Christianum
1530 2707 1563 2733 ad
1582 2706 1742 2741 supplicium
1762 2705 1824 2741 duri

1040 2741 1154 2773 videret,
1173 2742 1214 2767 his
1228 2741 1317 2767 verbis
1337 2740 1455 2773 judiccm
1474 2740 1672 2774 compellassc:
1700 2741 1737 2767 Οὐ
1759 2740 1825 2775 πρέ-

1040 2783 1124 2802 ποντα
1143 2775 1256 2802 Εὑσεϐεἰ
1282 2775 1470 2811 αὐτοκράτορι,
1494 2776 1554 2803 οὐδὲ
1581 2776 1725 2811 φιλοσόφου
1753 2775 1825 2800 Καί.

1041 2819 1122 2846 σαρος
1153 2811 1237 2837 παιδί.
1268 2811 1294 2837 Iil
1316 2818 1379 2846 est:
1403 2810 1462 2837 Nini
1489 2812 1544 2837 lucc
1570 2817 1659 2838 decent
1685 2812 1825 2844 impertito—

1040 2845 1094 2872 rein
1119 2845 1205 2878 Pium,
1237 2854 1289 2872 non
1312 2845 1463 2879 Pliilowplti
1489 2846 1600 2873 Ca'sari's
1629 2846 1722 2880 ﬁlium.
1746 2846 1823 2880 Apud

1041 2881 1185 2909 Eusebium
1210 2882 1236 2908 in
1263 2888 1323 2915 cap.
1339 2881 1370 2908 l7
1396 2881 1443 2908 lib.
1466 2888 1491 2908 iv
1519 2879 1742 2916 rectius'legitur
1763 2879 1823 2906 οὐδὲ
