1993 3164
151 165 205 192 571

652 171 825 202 HISTORIA]
845 173 1124 204 ECCLESIASTICE
1142 175 1205 203 LIB.
1227 176 1271 204 IV.

1723 180 1776 208 578

151 227 336 276 cognovisset.
354 237 366 256 ι
389 230 479 265 Atque
492 231 548 258 haec
572 234 727 261 necessario
744 242 760 261 a
781 235 858 263 nobis
883 236 956 264 dicta
974 237 1047 270 sint,
1064 243 1094 265 ut
1122 238 1240 265 discendi
1265 238 1376 266 studiosi
1399 239 1433 266 ad
1460 239 1544 268 libros
1565 241 1624 276 ejus
1646 248 1772 270 accurate

152 274 351 306 pervolvendos
367 276 523 317 inciteutur.
540 279 673 308 Hactenus
697 281 731 308 de
746 281 864 310 Justiuo.

413 323 607 351 ΚΕΦΑΛΑΙΟΝ
628 326 676 352 ΙΘ¹.

155 363 238 407 Τίνες
316 365 371 408 τῆς
392 366 508 408 (ζὺήρου
520 369 692 408 ᾔᾳσιᾼείας,
715 370 770 405 τῆς
792 373 940 408 Ῥωμαίων

188 401 236 439 καὶ
280 401 492 440 Ἀλεξανδρέων
525 401 707 439 Ἑκκλησίὶῑς
743 401 939 442 ’ἐροέσὲησιιν

189 435 257 468 (NW.
270 435 305 462 Η.
322 435 355 462 Ιι.
369 444 404 467 Ιν,
422 438 476 472 199.

188 480 256 515 Ἤδη
269 481 296 507 δὲ
315 482 355 513 εἰς
371 482 462 516 ὃγδοον
483 484 646 522 ἑλαυνούσης
663 486 721 520 ἔτος
741 488 791 524 τῆς
806 488 938 525 δηλουμέ-

149 534 200 560 νης
214 527 370 561 ἡγεμονίας,
394 529 444 563 τῆς
466 529 608 565 Ῥωμαίων
630 533 792 568 Ἐκκλησίας
809 534 857 570 τὴν
878 536 937 561 ἐπι-

150 571 255 607 σκοπὴν
270 573 408 608 Ἀνίκητον
425 575 520 603 ἕνδεκα
534 579 589 609 τοῖς
607 580 688 605 πᾶσιν
703 580 774 606 ἔτεσι
787 581 935 614 διελθόντα,

147 619 244 654 Σωτὴρ
259 620 416 656 διαδέχεται.
436 622 516 650 Ἀλλὰ
535 624 582 651 καὶ
603 625 652 660 τῆς
675 627 868 664 Ἀλεξανδρέων
884 639 936 656 πα-

149 663 254 698 ροικίας
275 665 443 699 Κελαδίωνος
459 668 602 704 τέτταρσιν
628 671 675 697 ἐπὶ
697 671 762 698 δέκα
779 663 851 700 ἔτεσι
867 683 935 710 προ-

147 709 271 743 στάντος,
285 710 333 745 τὴν
350 711 473 748 διαδοχὴν
492 715 668 750 ’Λγριππῐνος
679 717 865 754 διαλαμϐάνει.

408 803 605 832 ΚΕΦᾹΛΛΙΟΝ
622 807 664 833 Κ’.

216 846 298 879 Τίνες
310 847 365 882 τῆς
384 849 552 883 Ἀντιοχέων
569 852 638 885 (Mc.
658 853 692 880 Π.
709 853 742 882 Ε.
759 863 795 889 ιν,
811 857 867 892 19).

179 890 337 926 Τηνικαῦτα
359 894 406 920 καὶ
435 895 482 921 ἐπὶ
507 896 556 931 τῆς
587 897 744 934 Ἀντιοχέων
768 890 931 939 Ἐκκλησίας

143 933 272 982 ξῖεόφιλος
287 936 365 969 ἕκτος
388 939 442 965 ἀπὸ
460 939 514 967 τῶν
531 933 691 971 ἀποστόλων
702 933 872 982 ἐγνωρίζετο,
888 933 931 975 ’τῖε-ζ

1283 327 1396 355 CAPUT
1416 327 1487 356 XIX.

992 373 1107 406 Quinam
1119 374 1262 409 imperante
1275 372 1343 400 Vero
1355 374 1477 402 Ecclesiw
1487 375 1611 403 Romana:
1623 380 1648 403 et
1657 377 1770 404 Alexan-

1246 409 1331 436 drinae
1344 409 1508 443 prwfuerint.

1024 490 1108 518 Porro
1121 490 1276 525 supradicto
1296 491 1458 526 imperatore
1485 491 1541 525 jam
1553 497 1677 520 octavum
1693 493 1768 528 prin-

987 536 1095 571 cipatus
1106 543 1206 563 annum
1224 541 1330 572 agente,
1343 545 1404 564 cum
1419 537 1547 565 Anicetus
1569 537 1697 566 Ecclesiae
1711 539 1767 566 Ro-

986 589 1072 608 manae
1090 582 1273 617 episcopatum
1291 583 1417 610 undecim
1429 583 1508 610 annis
1529 584 1702 616 obtinuisset,
1716 585 1767 613 So-

987 632 1028 655 ter
1043 629 1069 655 in
1081 628 1141 663 ejus
1155 628 1242 656 locum
1254 629 1394 657 successit.
1407 629 1483 664 Apud
1495 630 1686 658 Alexandriam
1700 639 1766 666 quo-

985 681 1038 709 que
1062 682 1122 701 cum
1152 675 1277 702 Celadion
1305 683 1353 710 per
1383 683 1469 703 annos
1487 677 1692 711 quatuordecim
1714 677 1770 704 Ec-

984 721 1073 748 clesize
1102 721 1263 756 praefuisset,
1292 722 1458 757 Agrippinus
1491 722 1584 751 sedem
1608 723 1667 758 ejus
1695 723 1767 751 obti-

984 767 1054 794 nuit.

1284 813 1397 842 CAPUT
1416 813 1474 841 XX.

984 857 1098 890 Quinam
1108 867 1137 885 eo
1153 864 1268 892 tempore
1280 860 1469 887 Antiochenam
1486 860 1633 888 Ecclesium
1641 861 1766 888 ruerint.

1016 904 1193 932 Antiochense
1206 913 1270 932 vero
1285 905 1412 933 Ecclesia
1424 906 1607 941 episcopatum
1623 911 1716 934 sextus
1730 907 1764 935 ab

983 950 1114 985 apostolis
1137 949 1305 984 Theophilus
1332 952 1508 986 gubernabat.
1531 951 1637 986 Quippe
1660 952 1765 980 Corne-

142 980 242 1015 τᾱρτου
267 983 316 1018 μὲν
337 983 391 1010 τῶν
414 985 502 1012 ἐκεῖσε
525 987 592 1021 μετὰ
617 989 727 1025 Ἥρωνα
750 995 923 1027 καταστάντος

143 1026 164 1035 ν
237 1027 262 1035 κ,
373 1030 377 1035 .
395 1031 414 1035 --
454 1031 460 1035 -
483 1032 488 1035 -
560 1033 565 1035 -

982 996 1043 1029 lius,
1057 996 1171 1024 llcronis
1183 1003 1334 1035 successor,
1349 1001 1461 1032 quartus
1481 997 1515 1025 ab
1535 998 1664 1033 apostolis
1675 999 1763 1026 eidem

143 1026 302 1074 Κορνηλίου,
316 1030 384 1064 μετὰ
393 1031 421 1056 δὲ
431 1031 522 1064 αὐτὸν,
532 1033 650 1070 πέμπτῳ
661 1035 756 1073 βαθμῷ
765 1039 814 1074 τὴν
823 1026 932 1067 ὲπτισκοζ

143 1072 197 1108 πὴν
215 1074 334 1110 Ἔρωτος
350 1076 553 1113 διαδεξαμένου.

404 1169 600 1198 ΚΕΦΛΛΑΙΟΝ
621 1173 685 1199 KA’.

142 1212 216 1256 11$pr
233 1212 291 1239 τῶν
315 1215 390 1253 κατὰ
415 1217 540 1256 τούτους
563 1218 797 1256 διᾳλαμψάζτων
817 1221 929 1256 ἐκκλη-

194 1255 359 1275 σιαστικων
376 1253 651 1289 συγγτραφέων(Νίιε.
668 1255 702 1281 Η.
718 1255 748 1282 Ε,
769 1264 805 1286 tv.
821 1256 874 1290 l9).

179 1293 320 1339 Ἤκμαζον
332 1295 360 1321 δὲ
378 1297 406 1322 ὲν
420 1297 525 1330 τούτοις
541 1299 586 1325 ἐπὶ
598 1299 647 1335 τῆς
667 1301 828 1336 Ἐκκλησίας
844 1303 928 1339 Ἠγή-

142 1338 242 1369 amt-:6;
259 1347 287 1365 τε
307 1339 334 1366 ὃν
351 1341 429 1376 ἴσμεν
447 1343 478 1368 ἐκ
493 1343 546 1370 τῶν
561 1345 710 1380 προτέρων,
731 1347 777 1373 καὶ
793 1348 928 1381 Διονύσιος

139 1383 291 1419 Κορινθίων
302 1386 459 1419 ἐπίσκοπος,
472 1389 584 1421 Πινυτός
597 1397 625 1416 τε
639 1391 717 1423 ἄλλος
731 1392 785 1419 τῶν
801 1394 846 1420 ἐπὶ
855 1395 928 1430 Κρή-

139 1437 190 1463 της
204 1430 360 1464 ἐπίσκοπος,
379 1433 511 1466 Φίλιππός
524 1443 553 1461 τε
567 1436 613 1462 ἐπὶ
631 1436 736 1469 τούτοις
754 1439 800 1466 καὶ
823 1440 928 1467 Ἀπολι-

137 1475 232 1510 νάριος
249 1478 296 1504 καὶ
310 1479 444 1512 Μελίτων,
460 1481 601 1514 Μουσανός
614 1491 643 1509 τε
661 1485 708 1511 καὶ
722 1485 868 1518 Μόδεστος,
880 1487 927 1513 καὶ

138 1520 186 1547 ἐπὶ
200 1523 282 1549 πᾶσιν
299 1523 458 1560 Εἰρηναῖος·
476 1523 513 1553 ὦν
531 1527 577 1553 καὶ
593 1529 634 1559 είς
654 1530 728 1564 ἡμᾶς
743 1531 792 1566 τῆς
812 1531 927 1558 ἀποστο-

138 1568 218 1603 λικῆς
239 1571 413 1605 παραδόσεως
435 1573 451 1608 ἡ
470 1572 520 1608 τῆς
537 1573 631 1607 ὑγιοῦς
653 1575 770 1608 πίστεως
791 1576 926 1613 ἔγγραφος

137 1615 272 1651 κατῆλθεν
283 1617 430 1653 ὀρθοδοξία.

384 1701 581 1728 ΚΕΦΛΛΑΙΟΝ
609 1703 672 1730 KB’.

171 1744 241 1778 Περὶ
264 1745 447 1785 Ἡγησίππου
461 1748 510 1785 καὶ
524 1757 568 1785 ων
583 1747 671 1782 οὗτος
693 1751 873 1785 μνημονεύει

385 1782 456 1817 (Nic.
469 1782 505 1810 Η.
525 1783 558 1811 Ε.
579 1792 615 1816 IV,
633 1785 672 1820 7).

183 1835 204 1862 0
230 1835 279 1870 μὲν
296 1833 342 1862 οὖν
373 1836 542 1873 Ἡγήσιππος
557 1839 586 1864 ἐν
607 1838 687 1865 πέντε
707 1840 764 1872 τοῖς
788 1841 827 1872 εἰς
850 1841 924 1875 ἡμᾶς

134 1880 257 1908 ἐλθοῦσιν
273 1882 551 1919 ’Υπομνήμασι,τῆς
565 1885 632 1916 ἰδίας
645 1885 757 1921 γνώμης
769 1886 923 1921 πληρεστά-

133 1935 183 1962 την
202 1928 310 1964 μνήμην
324 1929 528 1961 καταλέλοιπεν,
544 1931 574 1956 ὲν
586 1929 626 1962 οἷς
642 1930 726 1966 δηλοῖ,
738 1931 775 1963 ὡς
788 1931 923 1964 πλείστοις

134 1972 292 2004 ἐπισκόποις
308 1974 477 2009 συμμίξειεν,
491 1976 644 2012 ἀποδημίαν
658 1977 830 2012 στειλάμενος
843 1978 922 2013 μέχρι

139 2017 260 2054 Ῥώμης,
278 2019 325 2046 καὶ
341 2019 378 2051 ὼς
394 2021 435 2046 ὅτι
450 2020 499 2057 τὴν
513 2022 597 2058 αὐτὴν
614 2022 689 2058 παρὰ
703 2023 811 2049 πάντων
827 2024 924 2059 παρεί-

131 2063 200 2100 ληφε
210 2064 392 2093 διδασκαλίαν,
414 2067 541 2094 Ἀκοῦσαι
559 2068 591 2102 γέ
603 2077 644 2095 τοι
667 2069 782 2104 πάρεστι
800 2069 869 2105 μετά
882 2079 922 2096 τι-

131 2119 165 2137 να
177 2111 233 2146 (Μ)
248 2112 311 2147 περὶ
325 2112 375 2147 τῆς
386 2113 543 2149 Κλήμεντος
557 2114 626 2150 πρὸς
639 2115 799 2151 Κορινθίους
814 2116 923 2143 ἐπιστο-

130 2157 179 2193 λῆς
197 2158 271 2194 αὐτῷ
295 2160 437 2196 εἰρημένα,
460 2160 630 2195 ἐπιλέγοντος
645 2161 747 2188 ταῦτα·
766 2172 774 2187 ι
787 2163 841 2189 Καὶ
865 2163 916 2190 ἐπ-

131 2203 231 2238 έμενεν
245 2205 262 2240 ἡ
285 2205 433 2239 Ἐκκλησία
448 2207 465 2242 ὴ
480 2207 630 2242 Κορινθίων
642 2209 671 2234 ἐν
688 2207 727 2243 τῷ
744 2208 816 2244 ὀρθῷ
838 2208 919 2244 λόγῳ,

133 2250 214 2285 μέχρι
235 2251 343 2287 Πρίμου
357 2253 582 2285 ὲπισκοπεύοντος
594 2254 622 2280 ἐν
636 2254 775 2290 Κορίνθῳ·
791 2253 832 2286 οἷς
860 2264 920 2282 συν-

130 2295 213 2331 έμιξα
228 2297 316 2324 πλέων
324 2299 364 2330 είς
379 2298 498 2334 Ῥώμην,
510 2300 556 2326 καὶ
570 2300 744 2335 συνδιέτριψα
755 2302 812 2332 τοῖς
822 2302 920 2337 Κοριν-

983 1043 1110 1070 Ecclesim
1125 1043 1296 1077 praesederat.
1310 1042 1395 1076 Quem
1411 1043 1508 1070 deinde
1529 1044 1666 1078 excipiens
1679 1043 1761 1077 Eros,

981 1089 1077 1123 quinto
1088 1089 1122 1115 ab
1148 1089 1274 1123 apostolis
1294 1088 1352 1116 loco
1373 1089 1495 1117 eamdem
1514 1090 1660 1118 Ecclesiam
1681 1091 1762 1119 rexit.

1273 1179 1387 1207 CAPUT
1408 1179 1480 1206 XXI.

980 1224 1018 1251 De
1052 1225 1222 1259 scriptoribus
1238 1226 1418 1254 ecclesiasticis
1443 1227 1489 1262 qui
1509 1227 1600 1255 eadem
1623 1233 1698 1254 wtate
1710 1228 1762 1262 μοι

1308 1267 1429 1288 ruerunt.

1015 1307 1110 1334 Iisdem
1124 1307 1289 1342 temporibus
1305 1307 1330 1334 in
1345 1307 1464 1335 Ecclesia
1478 1307 1568 1335 ﬂoruit
1580 1308 1759 1343 Hegesippus,

979 1353 1011 1380 de
1028 1360 1082 1387 quo
1102 1353 1128 1380 in
1143 1353 1328 1386 superioribus
1344 1353 1420 1380 libris
1442 1352 1549 1380 abunde
1566 1353 1621 1386 jam
1636 1353 1709 1385 dixi;
1734 1358 1760 1380 et

978 1397 1130 1432 Dionysius,
1147 1396 1348 1424 Corinthiorum
1373 1397 1516 1432 episcopus
1530 1417 1538 1429 ,
1563 1397 1675 1432 Pinytus
1689 1405 1759 1433 quo—

978 1451 1030 1478 que
1052 1443 1224 1471 Cretensium
1249 1444 1410 1478 episcopus;
1437 1444 1579 1478 Philippus
1590 1448 1720 1478 prmterea
1732 1447 1760 1470 et

976 1488 1140 1524 Apollinaris
1155 1496 1188 1516 ac
1206 1488 1314 1516 Melito:
1331 1489 1461 1516 Musanus
1473 1489 1553 1516 etiam
1571 1494 1598 1516 et
1613 1489 1758 1520 Modestus,

976 1541 1007 1561 ac
1021 1538 1159 1568 postremo
1187 1533 1267 1569 142
1294 1533 1420 1560 Irenrcns.
1441 1533 1560 1566 Quorum
1591 1532 1711 1559 omnium
1728 1531 1760 1558 li-

975 1580 1028 1612 bri,
1061 1580 1195 1607 sinceram
1224 1579 1380 1613 apostolica:
1395 1578 1550 1605 traditionis
1562 1585 1593 1604 ac
1613 1585 1682 1604 verae
1699 1577 1759 1603 lidei

975 1625 1125 1653 doctrinam
1137 1626 1323 1656 continentes,
1339 1626 1371 1652 ad
1387 1633 1435 1651 nos
1449 1632 1533 1658 usque
1553 1627 1747 1659 pervcnerunt.

1263 1705 1376 1732 CAPUT
1390 1704 1472 1732 XXII.

977 1750 1016 1778 De
1043 1750 1200 1786 Hegesippo,
1222 1752 1303 1786 deque
1319 1751 1352 1777 iis
1381 1758 1493 1785 quarunt
1511 1751 1666 1777 mentionem
1681 1749 1756 1784 facit.

1010 1843 1177 1878 llegcsippus
1190 1843 1298 1878 quidem
1312 1843 1339 1870 in
1360 1843 1478 1877 quinque
1501 1841 1758 1868 Commentariorum

973 1889 1051 1916 libris
1063 1889 1107 1923 qui
1133 1889 1165 1915 ad
1188 1896 1237 1916 nos
1251 1892 1444 1922 pervenerunt,
1470 1887 1682 1915 luculentissima
1695 1887 1757 1914 Ildei

973 1941 1029 1961 sua:
1046 1934 1198 1960 testimonia
1211 1933 1287 1960 nobis
1300 1932 1419 1967 reliquit.
1434 1932 1538 1959 Scribit
1554 1932 1625 1959 enim
1642 1939 1681 1964 se,
1695 1939 1754 1958 cum

973 1979 1085 2006 Romam
1105 1979 1332 2013 proﬁcisceretur,
1348 1978 1478 2012 plurimos
1490 1978 1632 2012 episcopos
1645 1977 1755 2009 adiisse.

972 2030 1000 2052 et
1012 2025 1046 2051 ab
1055 2024 1179 2052 omnibus
1201 2031 1281 2051 unam
1295 2024 1471 2057 eamdemque
1499 2023 1633 2050 audivisse
1652 2023 1756 2050 doctri-

972 2078 1045 2097 nam.
1075 2069 1147 2096 Idem
1160 2074 1301 2104 postquam
1337 2068 1371 2095 de
1387 2068 1533 2096 Clementis
1555 2067 1587 2094 ad
1602 2067 1756 2095 Corinthios

971 2116 1083 2152 epistola
1112 2116 1233 2150 quaedam
1263 2114 1497 2146 commemoravit,
1519 2114 1576 2140 hanc
1590 2113 1677 2146 addit,
1696 2120 1756 2147 qua:

971 2171 1030 2196 nos,
1046 2163 1067 2190 si
1081 2162 1180 2196 placet,
1207 2161 1348 2193 audiamus
1366 2169 1372 2187 :
1395 2169 1404 2186 ‹
1423 2159 1456 2187 Et
1475 2159 1678 2188 Corinthiorum
1695 2160 1756 2194 qui-

971 2209 1042 2240 dem,
1060 2207 1159 2242 inquit,
1175 2205 1334 2233 Ecclesiain
1349 2210 1421 2232 recta
1437 2205 1488 2232 [ide
1509 2205 1660 2240 permansit
1672 2212 1756 2239 usque

970 2255 1004 2280 ad
1030 2253 1164 2285 Primum,
1184 2251 1304 2286 ejusdem
1329 2250 1378 2278 loci
1393 2250 1558 2285 episcopum,
1583 2257 1698 2285 quocum
1716 2250 1756 2276 fa-

971 2298 1113 2326 miliariter
1128 2297 1279 2324 collocutus
1293 2304 1352 2324 sum
1370 2297 1432 2323 dum
1454 2295 1566 2322 Romam
1577 2296 1732 2330 navigarem
1746 2304 1755 2330 ;

130 2341 200 2374 Οἰοις
215 2343 323 2380 ἡμέρας
344 2345 449 2377 ἱκανὰς,
465 2346 494 2372 ὲν
509 2345 552 2378 α’ἷς
569 2347 723 2382 συνανεπάη
729 2355 778 2382 μεν
793 2347 832 2382 τῷ
846 2347 918 2382 ὀρθῷ

976 2352 1019 2372 nec
1030 2351 1130 2378 paucos
1146 2343 1205 2370 dies
1224 2346 1349 2370 versatus
1363 2350 1422 2369 sum
1445 2350 1506 2369 cum
1519 2342 1680 2374 Corinthiis,
1696 2349 1758 2368 mu-

129 2388 212 2423 λὸγῳ.
236 2390 383 2426 Γενόμενος
399 2391 428 2418 δὲ
449 2393 478 2418 ὲν
510 2392 614 2429 Ῥώμῃ,
640 2393 763 2429 διαδοχὴν
787 2393 915 2428 ἐποιησά-

131 2444 186 2470 μην
203 2436 256 2471 (12)
273 2437 370 2473 μέχρις
389 2438 538 2474 Ἀνικήτου,
558 2436 588 2466 οὗ
606 2439 728 2471 διάκονος
743 2437 776 2474 ἦν
796 2439 917 2466 Ἐλεύθε-

130 2490 187 2516 ρος.
200 2483 255 2509 Καὶ
271 2483 348 2518 παρὰ
366 2483 508 2520 ’Δνικήτου
524 2485 673 2520 διαδέχεται
695 2484 799 2520 Σωτὴρ,
819 2485 876 2519 μεθ’
888 2485 917 2511 ὂν

134 2527 303 2563 Ἐλεύθερος.
325 2529 368 2556 Ἐν
391 2531 493 2567 ἑκάστῃ
516 2530 544 2557 δὲ
566 2531 673 2566 διαδοχῇ
697 2531 744 2556 καὶ
768 2531 796 2556 ὲν
815 2530 917 2567 ἑκάστῃ

128 2573 205 2601 πόλει
219 2573 304 2606 οὕτως
316 2574 384 2610 ἔχει,
396 2575 433 2607 ὡς
445 2577 459 2603 ὁ
472 2576 554 2611 νόμος
567 2576 694 2612 κηρύττει
711 2576 758 2602 καὶ
774 2576 798 2602 οἱ
811 2576 918 2611 προφῆ-

163 2669 219 2703 (ll)
233 2668 314 2696 Μετὰ
332 2677 407 2695 τινα.
427 2669 472 2696 Sic
486 2669 546 2697 cod.
565 2669 631 2703 llcg.
655 2670 740 2701 prima
757 2677 847 2696 manu.
878 2669 915 2697 Ita

126 2706 209 2730 etiam
226 2705 366 2739 legitcod.
387 2704 471 2731 Savil.
487 2705 567 2736 Etllll,
585 2704 690 2739 μεγάλα
702 2705 772 2735 τινά,
786 2704 865 2730 tnale.

164 2739 220 2774 (l2)
238 2739 389 2772 Διαδοχὴν
412 2739 611 2774 ἐποιησάμην.
636 2740 753 2766 Savilins
779 2740 812 2766 ad
838 2746 915 2766 oram

128 2775 166 2800 sui
180 2775 283 2801 codicis
300 2782 348 2808 pro
362 2775 487 2809 διαδοχήν
507 2775 626 2802 correxit
646 2774 800 2809 διατριϐήν
826 2780 914 2801 utrum

128 2817 159 2836 ex
176 2809 343 2842 conjectura,
360 2818 393 2836 an
406 2817 437 2836 ex
465 2810 517 2837 lide
541 2810 717 2844 manuscripti
739 2809 912 2842 exemplaris,

128 2845 282 2875 incertum,
314 2850 451 2876 utetmque
481 2849 569 2871 tamen
604 2845 754 2871 necessaria
786 2848 826 2870 cst
854 2844 912 2871 ltrcc

128 2880 294 2906 emendatio.
316 2879 401 2906 Porro
414 2880 438 2906 in
454 2880 542 2912 capite
557 2879 583 2906 Η
604 2879 683 2912 hujus
699 2879 770 2909 libri,
788 2879 835 2906 ubi
857 2879 908 2904 Eu-

130 2914 220 2942 sebius
235 2915 307 2942 hunc
324 2914 465 2949 llugcsippi
481 2914 568 2942 locum
587 2915 708 2946 addsxit,
737 2913 814 2949 paulo
829 2914 907 2940 aliter

971 2396 1098 2426 tuamque
1113 2399 1145 2418 ex
1158 2394 1232 2418 recta
1252 2390 1304 2417 lide
1329 2388 1539 2416 consolationem
1553 2387 1685 2422 cepimus.
1700 2387 1756 2416 llo-

970 2445 1042 2465 tnam
1055 2444 1121 2464 vero
1148 2444 1210 2464 cum
1235 2435 1383 2468 venissem,
1404 2434 1490 2462 mansi
1515 2434 1550 2461 ibi
1563 2435 1635 2468 apud
1654 2434 1754 2462 Anice-

970 2487 1038 2515 tum,
1051 2483 1127 2517 cujus
1142 2487 1198 2509 tum
1213 2482 1344 2509 diaconus
1359 2485 1418 2508 erat
1429 2479 1601 2507 Eleutherus.
1616 2480 1681 2508 Post
1702 2481 1754 2508 ob.

971 2530 1037 2556 itum
1055 2529 1151 2556 deinde
1174 2528 1280 2555 Aniceti
1298 2528 1430 2556 successit
1445 2528 1534 2561 Soler,
1556 2535 1636 2561 quem
1648 2528 1754 2562 excepit

970 2575 1143 2604 Eleutherus.
1169 2574 1197 2601 In
1225 2574 1339 2608 singulis
1367 2579 1456 2602 autem
1488 2574 1677 2609 episcoporum
1693 2582 1754 2601 suc-

969 2669 1026 2696 hmc
1043 2669 1206 2696 referuntur.
1223 2667 1326 2695 Etenim
1347 2667 1479 2694 Eusebius
1500 2666 1554 2693 illic
1578 2666 1683 2698 scribit,
1699 2666 1752 2693 lle-

968 2705 1105 2738 gesippum
1126 2703 1416 2738 Rotnamradvenlasse
1442 2702 1617 2738 temporibus
1633 2701 1749 2738 Aniceti,

965 2736 992 2765 et
1004 2736 1089 2772 usduc
1102 2739 1135 2765 ad
1159 2737 1345 2772 pontiﬁcatum
1369 2737 1518 2763 Elettllterii
1535 2737 1561 2762 in
1578 2737 1645 2763 urbe
1663 2736 1748 2763 Iloma

964 2771 1166 2808 permansisse.’
1185 2773 1351 2808 Ilegesippus
1367 2777 1455 2798 tamen
1483 2773 1534 2808 hoc
1557 2771 1615 2798 loco
1648 2772 1672 2798 id
1695 2780 1748 2798 non

963 2807 1038 2839 dicit.
1057 2810 1102 2836 sed
1120 2814 1224 2835 tantum
1237 2809 1286 2838 ait.
1298 2815 1326 2832 Sc
1343 2807 1435 2834 Romae
1449 2807 1581 2832 mansisse
1607 2814 1690 2840 nsqm-
1714 2812 1747 2832 at]

961 2845 1149 2877 pontiﬁcatum
1169 2843 1284 2870 Aniceti.
1304 2842 1428 2868 Romatn-
1443 2850 1508 2877 ergo
1526 2846 1638 2869 venerat
1661 2841 1747 2876 Hege-

959 2882 1050 2915 sippus
1064 2880 1114 2907 sub
1129 2885 1250 2906 extrema
1267 2878 1305 2904 l’ii
1320 2883 1450 2912 tempora.
