1993 3164
141 175 195 203 5S5

624 174 796 203 lllSTORliE
816 175 1096 204 ECCLESIASTICE
1115 175 1179 203 LIB.
1200 175 1243 204 IV.

1719 177 1771 205 586

141 233 243 259 Θέντων
261 233 308 259 καὶ
329 232 377 267 τῆς
403 232 519 264 πίστεως
541 231 754 268 ἀναζωπύρησιν
780 233 935 269 εἰληχότων.

991 234 1126 261 niensium
1142 233 1222 270 144.
1238 239 1279 261 est
1294 235 1461 262 constitutus
1477 243 1484 262 :
1499 233 1612 270 ejusque
1636 235 1728 262 labore
1745 228 1772 262 εί

141 279 224 314 Δηλοῖ
235 279 257 305 δ’
275 279 322 305 ἐπὶ
336 278 451 310 τούτοις,
467 278 504 310 ὡς
517 280 564 306 καὶ
583 279 720 311 Διονύσιος
735 281 750 306 ὑ
773 281 933 316 Ἀρεοπαγί-

141 331 192 360 της
208 324 261 350 ὑπὸ
277 324 324 350 τοῦ
341 323 490 350 ἀποστόλου
512 324 618 351 Παύλου
634 325 803 360 προτραπεὶς
819 325 866 352 ἐπὶ
882 326 933 361 τὴν

142 370 236 397 πίστιν
251 370 323 396 κατὰ
345 369 380 398 τὰ
395 371 423 396 ὲν
445 371 504 402 ταῖς
521 370 641 406 Πράξεσι
657 371 839 407 δεδηλωμένα,
858 372 934 407 πρῶ-

142 423 189 446 τος
205 414 255 450 τῆς
283 414 431 449 Ἀθηναίων
447 415 593 450 παροικίας
612 415 662 450 τὴν
685 415 836 451 ἐπισκοπὴν
855 417 935 450 ὲγκε-

143 461 274 497 χείριστο.
291 460 374 496 Ἀλλη
392 459 413 487 δ’
431 461 558 496 ἐπιστολή
575 470 618 492 τις
633 460 716 487 αὑτοῦ
731 461 800 497 πρὸς
813 461 934 497 Νικομη-

142 506 206 538 δέας
219 506 344 542 φέρετᾱι’
362 507 391 533 ὲν
437 506 486 542 τὴν
503 507 664 542 Μαρκίωνος
676 507 780 543 αἵρεσιν
795 507 932 544 πολεμῶν,

142 553 183 588 τῷ
201 554 252 589 τῆς
275 553 403 588 ἀληθείας
428 553 592 589 παρίσταται
619 554 711 581 κανόνι
733 554 800 590 (50).
826 554 881 581 Καὶ
899 555 932 589 τῇ

149 598 300 634 Ἐκκλησία
323 598 352 624 δὲ
373 599 406 633 τῇ
426 598 596 635 παροικούσῃ
621 599 759 635 Γόρτυναν
794 599 853 636 ἃμα
873 601 934 632 ταῖς

143 643 253 674 λοιπαῖς
275 643 346 670 κατὰ
367 644 479 680 Κρήτην
495 644 651 680 παροικίαις
664 645 828 677 ἐπιστείλας,
840 645 934 671 Φίλιπ-

143 697 196 716 πον
208 689 356 716 ἐπίσκοπον
370 689 460 716 αὐτῶν
473 690 645 726 ἀποδέχεται,
669 691 715 717 ἅτε
730 691 761 727 δὴ
776 691 822 718 ἐπὶ
839 691 931 718 πλείσ-

142 743 204 766 ταις
220 734 275 770 (51)
294 735 519 771 μαρτυρουμένης
529 735 721 772 ἀνδραγαθίαις
732 736 781 771 τῆς
796 736 841 762 ὑπ’
853 737 933 763 αὐτὸν

149 780 324 816 Ἐκκλησίας,
341 781 391 816 τήν
405 790 435 808 τε
453 781 507 808 τῶν
524 781 668 817 αἱρετικῶν
683 781 847 818 διαστροφὴν
864 783 932 809 ὑπο-

144 828 294 862 μιμνήσκει
310 827 500 862 φυλάττεσθαι.
516 828 571 855 Καὶ
579 829 612 864 τῇ
631 828 780 864 Ἐκκλησία
793 828 821 855 δὲ
832 830 865 865 τῇ
879 838 933 856 πα-

144 873 274 911 ροικούσῃ
290 875 442 910 Ἄμαστριν
461 874 519 910 ἅμα
535 876 594 906 ταῖς
609 874 681 901 κατὰ
696 875 796 902 Πόντον
812 875 932 902 ἐπιστεί-

984 279 1118 307 industria
1138 280 1214 306 cives
1240 280 1328 307 denuo
1344 280 1370 306 in
1385 279 1536 307 Ecclesium
1558 281 1728 313 convenisse,
1744 285 1772 308 et

984 325 1133 352 redivivum
1149 326 1209 352 iidei
1226 326 1349 353 ardorem
1365 326 1391 353 in
1409 327 1461 353 illis
1490 332 1645 361 reparatum
1660 334 1719 354 esse
1735 332 1772 354 te-

984 375 1083 398 statur.
1099 371 1194 398 Refert
1225 375 1354 405 praeterea
1384 372 1542 408 Dionysium
1565 374 1770 408 Areopagitam,

983 418 1027 452 qui
1046 424 1060 443 a
1072 416 1155 444 Paulo
1168 417 1289 451 apostolo
1302 418 1335 444 ad
1353 417 1433 445 [idem
1448 426 1597 446 conversus
1610 424 1661 451 est,
1676 427 1772 454 quem-

983 463 1126 490 admodum
1160 464 1276 491 traditur
1301 463 1328 490 in
1354 464 1466 492 Actibus
1490 465 1686 499 apostolorum,
1715 467 1772 500 pri-

984 517 1057 537 mum
1083 510 1203 538 omnium
1232 510 1360 538 Ecclesiae
1388 511 1562 538 Atheniensis
1589 511 1769 539 sacerdotium

984 556 1146 591 suscepisse.
1160 555 1213 583 Sed
1231 561 1258 584 et
1276 556 1328 582 alia
1343 556 1401 590 ejus
1414 557 1526 591 epistola
1543 561 1631 584 exstat
1645 557 1677 584 ad
1690 557 1770 584 Nico-

985 603 1149 636 medienses,
1164 604 1189 630 in
1207 611 1259 638 qua
1285 603 1431 631 Marcionis
1448 604 1573 631 haeresim
1599 604 1770 639 impugnans,

983 650 1105 677 veritatis
1122 650 1221 686 regulae
1239 650 1356 678 ﬁrmiter
1370 649 1542 678 adhaerescit.
1559 649 1687 677 Ecclesia:
1702 657 1772 684 βιω-

985 700 1058 723 terea
1083 695 1307 731 Gortynensium,
1337 701 1362 723 et
1395 696 1508 730 reliquis
1537 695 1618 722 simul
1643 694 1774 722 Ecclesiis

984 742 1071 770 Cretae
1085 742 1192 770 litteras
1206 743 1341 776 scribens,
1355 743 1510 778 episcopum
1528 742 1647 777 ipsorum
1672 741 1773 775 Philip-

983 796 1046 824 pum
1068 796 1232 824 magnopere
1259 789 1408 824 przedicat,
1434 789 1532 823 quippe
1555 787 1633 823 cujus
1652 787 1774 814 Ecclesia

984 835 1122 870 egregiam
1149 835 1256 862 laudem
1286 834 1452 862 fortitudinis
1479 839 1506 862 et
1533 834 1657 870 generosi
1680 834 1773 866 animi,

984 880 1121 908 communi
1143 881 1264 908 omnium
1290 888 1424 908 consensu
1451 880 1611 907 retulisset:
1628 884 1774 913 monetque

141 919 204 953 λας,
219 920 383 956 Βακχυλίδου
400 922 447 957 μὲν
461 922 509 948 καὶ
526 921 677 953 Ἐλπίστου,
695 921 733 953 ὡς
750 921 782 948 ἂν
795 921 875 948 αὑτὸν
886 923 932 957 επὶ

989 933 1015 954 ut
1031 927 1065 954 ab
1077 926 1268 954 haereticorum
1287 926 1382 953 fraude
1397 933 1428 953 ac
1444 925 1564 953 versutia
1579 925 1630 952 sibi
1646 929 1773 952 caveant.

141 966 175 993 τὸ
189 966 291 1002 γράψαι
303 966 513 1002 προτρεψάντων
528 967 673 1002 μέμνηται,
684 967 800 1002 Γραφῶν
812 976 842 994 τε
854 968 933 995 θείων

143 1011 289 1048 ἐξηγήσεις
305 1012 511 1048 παρατέθειται,
536 1012 685 1039 ἐπίσκοπον
709 1013 799 1040 αὐτῶν
821 1013 933 1049 ὀνόματι

145 1058 259 1093 Πάλμαν
284 1058 495 1094 ὑποσημαίνων¹
522 1058 607 1085 πολλὰ
630 1058 658 1085 δὲ
683 1059 747 1095 περὶ
771 1059 860 1095 γάμου
888 1060 934 1086 καὶ

145 1104 258 1138 ἁγνείας
274 1107 328 1137 τοῖς
346 1107 438 1138 αὐτοῖς
462 1107 600 1142 παραινεῖ.
624 1106 679 1134 Καὶ
695 1108 758 1139 τοὺς
783 1107 813 1139 ἐξ
834 1107 894 1139 οἵας
910 1108 931 1134 δ’

144 1148 191 1177 οὖν
207 1147 400 1184 ἀποπτῶσεως,
413 1153 467 1179 εἴτε
483 1152 679 1189 πλημμελείας,
694 1153 749 1180 εἴτε
766 1153 819 1189 μὴν
833 1154 934 1189 αἱρετι-

144 1197 199 1232 κῆς
211 1198 315 1233 πλάνης
331 1199 543 1234 ἐπιστρέφοντας
553 1220 560 1231 ,
582 1199 733 1232 δεξιοῦσθαι
759 1200 933 1236 προστάττει.

144 1242 265 1275 Ταύταις
277 1243 344 1279 ἄλλη
360 1244 564 1278 ὲγκατείλεκται
574 1245 642 1279 πρὸς
655 1245 812 1277 Κνωσσίους
827 1246 936 1272 ἐπιστο-

144 1289 190 1324 λὴ,
207 1290 237 1316 ὲν
284 1290 398 1317 Πινυτὺν
414 1291 464 1325 τῆς
481 1291 628 1326 παροικίας
645 1291 796 1318 ἐπίσκοπον
810 1300 936 1327 παρακα-

144 1335 197 1369 λεῖ,
213 1336 250 1372 μὴ
267 1336 336 1372 βαρὺ
351 1336 460 1372 φορτίον
475 1337 630 1372 ὲπάναγκες
641 1337 671 1364 τὸ
683 1337 747 1374 περὶ
760 1337 871 1372 ἁγνείας
880 1338 937 1370 τοῐς

145 1447 430 1485 scipnlits,_nunquam
442 1447 585 1485 episcopus
600 1447 661 1475 luit.
679 1448 758 1485 Ce_rte
770 1456 819 1476 nec
839 1449 935 1485 Diony-

145 1484 203 1510 sius
225 1482 428 1510 Corinthiorum
453 1483 608 1518 episcopus,
641 1491 692 1511 nec
709 1483 841 1511 Eusebius
860 1482 933 1518 Qua-

147 1518 256 1545 dmtum
271 1518 437 1545 Athenarum
467 1518 622 1553 episcopum
653 1519 729 1545 aiunt
753 1519 836 1547 fuisse
853 1520 935 1548 disci-

146 1553 240 1587 pulum
269 1553 462 1587 apostolorum.
496 1553 573 1587 Quod
601 1554 694 1588 utique
723 1555 850 1581 omissuri
882 1564 934 1582 non

146 1593 237 1625 erant,
249 1588 270 1615 si
286 1596 331 1625 res
345 1589 387 1625 ita
395 1596 425 1616 se
436 1589 589 1625 hahuisset,
603 1596 664 1616 cum
676 1589 732 1616 hare
746 1589 787 1616 vel
802 1590 934 1625 praecipua

147 1623 207 1650 laus
223 1627 295 1651 esset
313 1623 453 1657 Quadrati.
473 1623 603 1651 Praeterea
621 1629 770 1658 temporum
785 1623 854 1651 ratio
871 1623 937 1653 satis

147 1658 292 1695 admonet,
321 1663 356 1695 uti
376 1659 425 1695 bos
460 1659 526 1686 duos
551 1658 703 1695 Quadratos
729 1659 934 1695 distinguamus.

147 1693 302 1730 Quadratus
316 1694 386 1720 enim
399 1694 444 1721 ille
457 1694 639 1728 apostolorum
650 1694 797 1730 discipulus
809 1693 860 1722 non
875 1703 936 1730 pro-

148 1730 233 1756 cessit
247 1729 316 1755 ultra
332 1734 451 1764 tempora
467 1729 639 1763 imperatoris
648 1730 771 1756 Adriani.
784 1729 936 1763 Quadratus

147 1771 214 1791 vero
239 1764 403 1791 Athenarum
431 1765 572 1798 episcopus
595 1764 743 1792 Ecclesium
770 1765 840 1792 illam
866 1767 937 1792 rexit

148 1799 300 1836 principatu
319 1799 401 1836 Marci
414 1800 553 1836 Antonini,
563 1804 596 1836 ut
606 1804 715 1836 constat
725 1807 758 1827 ex
771 1800 821 1827 hac
834 1799 935 1836 Diony-

148 1834 182 1870 sii
207 1835 241 1861 ad
254 1834 432 1863 Atheuienses
451 1835 574 1870 epistola.
590 1835 655 1861 Nam
674 1835 816 1870 Dionysius
839 1836 871 1863 de
886 1834 936 1864 hoc

148 1869 288 1902 Quadrato
312 1870 431 1904 loquitur
452 1874 579 1905 tanquam
604 1871 636 1896 de
655 1869 763 1904 aequali,
782 1871 827 1904 qui
844 1879 936 1899 recens

148 1905 291 1931 ordinatus
312 1905 405 1932 fuisset
417 1906 558 1939 episcopus
572 1905 750 1932 Athenarum.
765 1905 871 1932 Floruit
886 1913 936 1932 au-

150 1945 203 1966 tem
221 1939 363 1976 Dionysius
377 1940 578 1968 Corinthiorum
594 1940 737 1975 episcopus
757 1945 886 1976 regnante
898 1940 935 1968 M.

149 1975 298 2002 Antonino.
315 1975 405 2008 Quare
422 1976 548 2011 assentiri
560 1975 789 2011 .non'pOSsumB.
805 1975 936 2011 Hierony-

150 2017 204 2042 mo,
222 2011 267 2044 qui
289 2010 338 2037 hos
357 2011 423 2038 duos
438 2010 590 2043 Quadratus
608 2012 718 2038 minime
736 2010 868 2037 distinxit.
890 2010 936 2038 Sic

148 2046 221 2072 enim
246 2046 343 2073 scribit
358 2045 384 2072 in
402 2046 470 2072 libro
490 2045 527 2073 De
540 2047 710 2080 scriptoribus
732 2046 914 2073 ecclesiasticis
926 2055 936 2073 :

149 2080 306 2112 Quadratus
315 2081 494 2114 apostolorum
503 2081 656 2112 discipulus,
671 2080 764 2107 Publio
776 2080 936 2108 Athenarum

148 2116 271 2150 episcopo
284 2116 314 2142 ob
325 2115 423 2143 Christi
436 2116 514 2149 [idem
525 2118 653 2150 martyrio
661 2120 797 2147 coronato,
812 2116 839 2142 in
850 2117 936 2142 locunt

148 2151 206 2185 ejus
219 2152 398 2182 substituitur,
414 2156 438 2177 et
454 2150 600 2178 Ecclesium
615 2152 709 2186 grandi
724 2157 821 2177 terrore
836 2152 938 2184 disper-

149 2195 218 2219 sam,
233 2187 287 2221 ﬁde
305 2191 329 2212 et
347 2187 479 2213 industria
492 2194 540 2212 sua
554 2191 705 2221 congregat,
717 2187 854 2221 ctc.rldem
870 2187 936 2213 scri-

150 2222 190 2247 bit
217 2223 244 2248 in
270 2222 382 2256 epistola
408 2222 442 2250 ad
467 2221 590 2255 Magnum
612 2220 749 2248 oratorem
771 2220 934 2248 Romanum.

151 2257 203 2283 Sed
217 2262 244 2283 et
261 2256 288 2283 in
304 2256 458 2284 Graecorum
480 2256 638 2291 Menologio,
656 2256 808 2289 Quadratus
827 2262 936 2291 aposto-

151 2293 194 2318 lus
209 2292 386 2319 confunditur
399 2299 459 2318 eum

154 2327 252 2353 Verum
271 2328 297 2353 in
316 2326 413 2361 Typico
426 2327 582 2354 monasterii
598 2327 626 2353 S.
640 2326 718 2353 Saliae
739 2325 782 2353 hic
794 2325 872 2353 error
885 2336 938 2353 non

151 2363 277 2389 habetur.
289 2362 334 2388 Sic
342 2362 413 2388 enim
421 2362 448 2388 in
458 2370 490 2388 eo
499 2362 596 2395 legitur
605 2362 687 2389 die‘Zl
705 2361 880 2394 Septembris,
892 2362 938 2388 τοῦ

150 2398 229 2431 ἁγίου
252 2397 407 2433 ἀποστόλου,
418 2397 556 2433 Κοδράτου
573 2395 620 2423 τοῦ
638 2397 666 2423 ὲν
681 2397 714 2432 τῇ
729 2396 885 2433 Μαγνησίᾳ.
906 2397 941 2424 Ει

152 2434 211 2460 haec
225 2433 334 2467 quidem
350 2434 382 2459 de
393 2432 530 2465 Quadi-ato
543 2433 709 2459 Athenarum
721 2432 847 2467 episeopo
862 2441 876 2458 ιι
891 2441 940 2458 no-

153 2470 194 2495 bis
208 2466 352 2494 observata
372 2469 438 2495 sint.
462 2467 537 2500 Quod
556 2475 620 2494 vero
638 2471 742 2501 spectat
764 2467 798 2493 ad
816 2466 939 2495 Publium

152 2504 324 2530 decessorem
352 2502 495 2535 Quadrati,
517 2503 660 2537 plerosque
682 2502 718 2528 ita
732 2501 833 2528 sentire
852 2503 938 2536 video,

152 2538 276 2564 Publium
288 2539 362 2565 hunc
376 2538 502 2573 Dionysio
519 2538 688 2572 Areopagitm
699 2537 821 2573 proxime
832 2545 940 2564 succes-

152 2575 229 2601 sisse.
250 2573 286 2599 Ita
304 2571 486 2600 Baronius'iu
516 2571 703 2600 Notat’ioulbus
731 2574 764 2598 ad
781 2571 940 2607 Martyrolo-

153 2610 225 2644 gium
239 2608 402 2644 Romanum,
416 2609 575 2644 Sirmondus
589 2609 615 2634 in
628 2607 819 2634 dissertatione
830 2607 867 2644 lle
875 2608 940 2634 duo-

153 2643 200 2670 bus
214 2644 358 2678 Dionysiis,
371 2643 523 2670 Blondellus
540 2644 565 2670 iu
581 2643 830 2678 praefatiouerquam
846 2643 940 2676 Apolo-

153 2681 203 2713 gia:
221 2677 349 2713 Sttaa’pro
362 2679 493 2706 sententia
510 2677 666 2713 Hieronymi
682 2677 808 2712 praeﬁxit,
833 2683 860 2703 et
875 2683 940 2704 ante

153 2715 214 2741 illos
233 2713 383 2745 Usuardus,
403 2714 480 2748 cujus
509 2714 566 2740 btec
590 2718 653 2740 sunt
672 2713 753 2740 verba
776 2713 808 2738 ad
821 2713 891 2738 diem
905 2713 936 2739 ‘2l

153 2749 294 2776 Januarii:
312 2748 420 2776 Natalis
440 2749 474 2775 Β.
496 2748 586 2775 Publii
601 2748 726 2782 episcOpi,
747 2748 791 2782 qui
811 2748 939 2774 secundus

152 2791 207 2818 post
218 2784 376 2820 Dionysium
386 2784 582 2820 Areopagitam,
592 2783 786 2820 Atheniensium
795 2782 939 2820 Ecclesium

154 2822 231 2848 rexit.
251 2818 350 2847 Verum
361 2827 423 2846 cum
441 2818 491 2846 nec
503 2818 633 2846 Eusebius
649 2826 698 2846 nec
713 2818 855 2852 Dionysius
870 2818 894 2843 id
906 2819 939 2844 de

154 2855 249 2882 Publio
270 2856 403 2886 dixerint,
417 2855 489 2881 haud
506 2853 585 2881 facile
606 2854 766 2881 crediderim
786 2853 859 2879 Illum
875 2853 938 2879 Dio-

154 2892 230 2925 nysio
242 2891 367 2925 proxime
380 2889 555 2925 successisse.
566 2889 650 2925 Certe
666 2888 810 2924 Dionysius
821 2890 939 2925 Areopa-

153 2923 221 2961 gitcs
242 2923 402 2961 principatu
426 2924 572 2953 Domitiani
594 2924 660 2952 abiit
683 2932 697 2952 e
719 2923 786 2957 vita,
813 2927 842 2951 ut
868 2923 939 2950 inter

471 2286 608 2325 Qtiatlralo
620 2286 787 2318 Athenarum
800 2286 935 2326 episcopo.
953 2286 974 2313 D

984 971 1012 998 In
1024 972 1136 1007 epistola
1144 979 1298 1006 veroquam
1312 971 1406 999 scribit
1417 971 1450 998 ad
1461 971 1609 999 Ecclesium
1623 971 1775 998 Amastria-

985 1025 1081 1044 norum
1112 1022 1139 1045 et
1159 1022 1271 1045 caeteras
1298 1017 1377 1045 simul
1405 1017 1541 1044 Eeclesias
1565 1017 1654 1049 Ponti,
1669 1025 1698 1044 se
1713 1017 1774 1052 qui-

985 1063 1047 1091 dem
1061 1070 1076 1090 a
1091 1063 1258 1099 Bacchylide
1274 1068 1301 1091 et
1318 1063 1421 1098 Elpisto
1437 1063 1470 1090 ad
1486 1063 1658 1091 scribendum
1675 1064 1775 1098 impul-

987 1116 1046 1136 sum
1062 1115 1121 1136 esse
1136 1113 1342 1136 commemorat.
1371 1109 1532 1144 Episcopum
1551 1113 1638 1136 autem
1654 1109 1774 1143 ipsorum

987 1154 1107 1182 Palmam
1122 1155 1281 1182 nominatim
1295 1155 1445 1190 appellans,
1463 1163 1601 1182 sacrarum
1619 1154 1775 1189 Scriptura-

988 1209 1048 1229 rum
1066 1201 1262 1236 expositionem
1281 1201 1371 1228 all‘ert.
1396 1200 1477 1228 Multa
1494 1209 1601 1236 quoque
1620 1201 1653 1229 de
1675 1202 1776 1236 nuptiis

988 1251 1016 1274 et
1027 1246 1061 1274 de
1073 1247 1200 1274 castitate
1214 1247 1254 1274 eis
1266 1247 1389 1281 prmeipit
1405 1255 1412 1273 :
1428 1251 1454 1274 et
1469 1253 1581 1274 cunctos
1594 1247 1638 1281 qui
1653 1255 1666 1274 a
1681 1248 1775 1282 quovis

990 1291 1075 1327 lapsu,
1090 1293 1147 1320 sive
1160 1291 1271 1325 delicto,
1285 1293 1340 1319 sive
1351 1292 1433 1319 etiam
1449 1293 1483 1319 ab
1497 1293 1624 1320 haeretica
1640 1294 1776 1327 pravitate

990 1337 1127 1371 resiliunt,
1142 1337 1258 1371 benigne
1271 1337 1372 1372 suscipi
1386 1337 1475 1372 jubet.
1485 1337 1513 1364 In
1527 1338 1622 1365 eodem
1638 1337 1775 1365 volumine

988 1455 1082 1476 omnes
1098 1451 1214 1475 constat.
1239 1447 1293 1474 Nec
1308 1447 1448 1482 probabile
1460 1452 1500 1475 est
1513 1447 1586 1474 illutn
1603 1447 1685 1474 vitam
1706 1449 1776 1475 ulte-

988 1484 1045 1511 rius
1057 1483 1228 1518 produxisse,
1240 1484 1340 1517 quippe
1355 1483 1400 1517 qui
1413 1483 1468 1516 jam
1481 1483 1642 1517 grandaevus
1655 1485 1688 1518 ad
1697 1482 1776 1510 Chri-

989 1520 1022 1546 sti
1038 1517 1114 1546 iidem
1130 1525 1276 1545 conversus
1293 1520 1337 1545 sit.
1355 1518 1466 1545 Athenis
1483 1518 1554 1544 enim
1574 1525 1627 1545 non
1643 1517 1691 1544 nisi
1710 1527 1774 1553 pro-

989 1558 1064 1582 vecta
1080 1554 1136 1588 jam
1158 1558 1239 1580 :etate
1259 1553 1331 1580 cives
1349 1554 1375 1580 in
1389 1554 1558 1588 Areopagum
1579 1556 1776 1588 promoveban-

990 1594 1042 1616 tur.
1056 1589 1132 1622 Quod
1148 1589 1169 1616 si
1187 1588 1310 1615 Publium
1329 1589 1352 1615 ei
1369 1588 1492 1622 proxime
1511 1589 1676 1615 successisse
1699 1590 1775 1616 dica-

990 1632 1065 1655 mus,
1083 1632 1143 1650 etim
1170 1623 1213 1650 llic
1239 1624 1390 1658 principatu
1412 1623 1447 1649 Μ.
1465 1623 1592 1650 Antonini
1615 1625 1774 1659 martyrium

991 1659 1094 1689 fecerit.
1108 1659 1166 1693 plus
1179 1666 1260 1692 quam
1278 1666 1330 1686 Lxx
1346 1658 1426 1685 annis
1442 1660 1468 1685 in
1484 1659 1638 1692 episcopatu
1656 1658 1716 1686 eum
1732 1661 1774 1686 vi-

990 1695 1063 1721 xisse
1074 1694 1216 1721 dicemlmn
1232 1699 1283 1720 est.
1299 1693 1383 1720 Porro
1395 1693 1516 1720 Publium
1536 1699 1666 1728 regnante
1687 1694 1776 1721 Marco

990 1729 1104 1756 subiisse
1121 1728 1288 1763 martyrium,
1316 1736 1350 1755 ex
1372 1729 1422 1756 hac
1437 1729 1555 1763 Dionysii
1580 1729 1612 1755 ad
1626 1729 1775 1756 Athenien-

991 1771 1033 1792 ses
1051 1764 1163 1799 epistola
1183 1763 1328 1799 colligitur.
1350 1763 1465 1798 Scripsit
1486 1764 1557 1790 enim
1583 1764 1652 1790 hanc
1676 1765 1776 1798 episto-

990 1799 1043 1826 lam
1072 1800 1215 1834 Dionysius
1244 1799 1277 1825 ad
1309 1799 1498 1834 Athenienses,
1523 1804 1551 1825 ut
1580 1806 1672 1824 eorum
1696 1801 1774 1826 Iidem

990 1833 1146 1866 sascitaret,
1162 1841 1222 1868 qua:
1244 1839 1305 1868 post
1332 1840 1444 1861 mortem
1468 1833 1567 1865 Publii,
1595 1834 1721 1867 dissipata
1741 1835 1775 1862 ob

990 1870 1123 1896 fervorem
1137 1870 1332 1904 persecutionis
1347 1869 1478 1899 Ecclesia,
1495 1869 1607 1904 nutltum
1623 1869 1710 1895 fuerat
1723 1871 1774 1895 im-

991 1905 1095 1931 minuta
1114 1913 1120 1931 :
1137 1903 1188 1931 insi
1205 1905 1275 1937 quod
1292 1904 1444 1937 Quadratus
1469 1903 1514 1937 qui
1539 1905 1563 1929 in
1580 1903 1666 1929 locmn
1687 1903 1773 1930 Publii

991 1947 1085 1966 recens
1102 1940 1264 1966 substitutus
1282 1940 1380 1970 fuerat,
1398 1946 1457 1965 eam
1482 1939 1586 1972 erigere
1603 1943 1685 1973 atque
1703 1946 1775 1965 exet-

991 1980 1048 2002 tare
1063 1979 1193 2009 coeperat.
1220 1973 1301 2006 Cujus
1321 1979 1446 2001 conatum
1470 1980 1497 1999 ut
1514 1973 1653 2006 adjsvaret
1677 1974 1775 2009 Dltilly-

989 2011 1057 2042 sius,
1076 2008 1136 2037 cuin
1152 2010 1184 2036 ad
1193 2016 1253 2036 eum
1264 2014 1355 2043 utpote
1373 2008 1570 2042 metropolitem
1587 2009 1695 2035 Achabe
1710 2008 1774 2036 cura

991 2045 1047 2072 haec
1059 2045 1217 2079 pertineret,
1235 2044 1304 2070 hanc
1326 2044 1358 2070 ad
1380 2043 1561 2070 Athenienses
1580 2043 1653 2069 dedit
1673 2044 1773 2077 episto-

991 2080 1042 2106 lam
1053 2078 1065 2111 ,ί
1076 2080 1220 2114 etquidem
1235 2079 1284 2106 sub
1299 2079 1376 2106 initio
1389 2078 1560 2114 episcopatus
1574 2079 1627 2105 sui.
1639 2079 1723 2106 Orsus-
1733 2085 1775 2105 cal.

991 2121 1079 2141 autem
1093 2113 1277 2148 episcopatum
1295 2114 1459 2148 temporibus
1473 2113 1574 2140 Soteris
1591 2121 1674 2147 papae.
1690 2119 1719 2140 ut
1734 2123 1776 2140 su-

991 2158 1037 2182 pra
1054 2151 1118 2180 dixi,
1130 2156 1190 2184 post
1205 2150 1308 2177 obitum
1322 2148 1417 2182 Primi,
1433 2149 1635 2175 Corinthiorum
1645 2151 1773 2183 Pplscupt,

990 2194 1068 2219 quem
1082 2185 1131 2211 sub
1139 2186 1251 2212 Auieeto
1261 2185 1363 2212 sedisse
1372 2184 1449 2211 testis
1458 2192 1498 2211 est
1511 2185 1660 2218 lli-gesippu
1669 2200 1671 2202 -
1680 2204 1687 2211 .
1699 2187 1774 2217 Quod

991 2221 1013 2247 si
1034 2220 1144 2247 Publius
1163 2220 1213 2246 sub
1227 2219 1344 2253 Trajano
1357 2226 1452 2254 passus
1466 2219 1571 2250 fuisset,
1589 2225 1617 2245 ut
1644 2223 1699 2246 vult
1715 2222 1752 2245 Su

992 2256 1116 2288 tnomlus,
1139 2255 1205 2282 nilnl
1218 2254 1274 2289 jam
1293 2263 1381 2281 causa:
1396 2259 1454 2281 erat
1474 2262 1522 2281 cur
1544 2255 1685 2289 Dionysius
1702 2261 1775 2280 l.‘ttlllt

990 2295 1050 2325 post
1076 2296 1198 2325 tempore
1221 2290 1433 2317 Atheniensibus
1445 2290 1578 2325 scriberet
1596 2292 1627 2314 ml
1642 2298 1772 2316 suscitati-

990 2323 1051 2352 ilatn
1066 2323 1159 2352 coruin
1177 2326 1273 2358 tidem,
1291 2325 1416 2359 cumjam
1434 2332 1447 2351 ιι
1463 2323 1599 2357 Quadrato
1615 2325 1639 2351 id
1655 2328 1759 2351 Cilllltllis

991 2365 1017 2387 te
1034 2360 1182 2392 priestitum
1196 2360 1302 2387 luisset.

1025 2396 1080 2430 (50)
1108 2395 1182 2430 Vulg.
1218 2394 1257 2427 τῷ
1293 2394 1348 2429 τῆς
1389 2395 1566 2427 Ἐκκλησίιις
1599 2394 1776 2428 παρίσταμαι

990 2429 1103 2458 κανόνι.
1137 2429 1305 2465 Nicepliorus
1333 2438 1358 2456 in
1382 2429 1427 2458 lib.
1452 2437 1488 2465 tv,
1518 2436 1578 2463 cap.
1604 2430 1638 2465 8.”
1661 2437 1708 2463 pro
1734 2432 1774 2455 liS

991 2467 1081 2492 verbis
1118 2466 1174 2492 lucc
1203 2463 1316 2500 posuit,
1358 2465 1395 2500 τῷ
1428 2463 1644 2499 ὲκκλησιαστικῷ
1685 2464 1775 2489 κανόνι

991 2502 1099 2536 στοιχεί,
1120 2500 1147 2527 id
1173 2499 1219 2528 est
1231 2499 1526 2536 ecclesiastic'teAreguite
1554 2499 1660 2536 insistit.
1679 2500 1705 2524 In
1721 2507 1774 2532 quo

992 2534 1102 2563 sensum
1124 2536 1232 2570 quidem
1248 2536 1381 2569 expressit
1405 2534 1525 2570 Eusebii,
1555 2535 1602 2561 sed
1628 2535 1772 2570 vimrverui

990 2571 1154 2607 παρίσταται
1183 2578 1235 2607 non
1255 2575 1296 2607 est
1325 2575 1473 2607 assecutus.
1491 2569 1553 2607 Vox.
1568 2573 1609 2595 est
1635 2569 1776 2607 familiaris

990 2603 1106 2634 Eusebio
1130 2605 1322 2640 παρίστασθαι,
1340 2612 1400 2638 qua:
1421 2605 1490 2631 idem
1513 2604 1583 2640 valet
1599 2611 1630 2631 ac
1654 2603 1773 2640 probare,

990 2647 1116 2672 astruere,
1132 2638 1288 2674 coli/innare
1303 2648 1334 2666 ac
1348 2639 1497 2674 defendere,
1508 2644 1537 2666 ut
1551 2639 1595 2665 hic
1607 2640 1689 2665 vertit
1701 2638 1775 2664 [tuli-

990 2676 1122 2714 t_tus._Sie_
1135 2675 1266 2714 Eusebius
1284 2675 1353 2702 inl‘ra
1370 2675 1396 2714 in
1411 2675 1497 2714 capite
1512 2675 1606 2714 ultimo
1621 2674 1702 2708 hujus
1714 2674 1774 2700 libri

990 2712 1024 2738 de
1053 2711 1221 2738 Bardessanc
1238 2709 1472 2744 loquenszixavd);
1492 2709 1531 2745 τῷ
1553 2709 1623 2744 λόγῳ
1641 2717 1776 2744 παριστα-

991 2746 1163 2782 μένῳ·ίιιιθιιι
1180 2745 1267 2782 locum
1286 2753 1338 2782 non
1355 2745 1489 2782 intellexit
1500 2745 1773 2782 Cht'istophorsouus.

1025 2780 1081 2818 (5i)
1099 2782 1167 2808 "Ars
1182 2780 1230 2818 -δὴ
1254 2780 1303 2807 ἐπὶ
1330 2780 1496 2818 πτᾷείᾳταις.
1522 2780 1558 2806 Ita
1571 2780 1774 2818 legituruiu‘co-

990 2813 1050 2844 dice
1066 2813 1161 2851 Regio.
1181 2813 1233 2843 Sed
1257 2821 1311 2843 tres
1322 2816 1430 2851 reliqui,
1455 2816 1523 2842 Maz.
1540 2813 1652 2851 scilicet,
1666 2813 1735 2841 Med.
1750 2818 1778 2851 et

991 2852 1069 2885 Fuk.,
1085 2849 1213 2886 scriptum
1237 2851 1337 2879 habent
1365 2850 1402 2882 ὡς
1420 2850 1451 2878 ἂν
1470 2851 1516 2878 ἐπὶ
1536 2850 1686 2883 πλείσταις,
1705 2849 1776 2884 quod

992 2888 1060 2916 idem
1071 2894 1123 2915 est.
