1996 3165
149 128 207 165 409⁷

667 137 842 167 ιιιδτοΒιΑέ
860 139 1139 169 ECCLL‘SIASTICE
1160 142 1222 170 LIB.
1246 143 1275 169 V.

1728 145 1781 173 “0

149 193 284 231 Χριστοῦ,
301 194 357 226 τοῖς
373 194 444 221 κατὰ
456 194 505 230 τὴν
525 194 617 221 Ἀσίαν
632 194 679 222 καὶ
696 196 816 231 Φρυγίαν
833 195 881 231 τὴν
896 197 938 222 αὖ·

997 197 1155 233 Lugdunum
1170 198 1266 225 Gallia:
1281 199 1382 233 degunt
1396 219 1404 231 ,
1426 197 1557 226 fratribus
1579 206 1626 234 per
1639 199 1730 228 Asiam
1753 207 1780 229 et

148 240 198 276 τὴν
214 241 264 276 τῆς
275 240 489 277 ἀπολυτρώσεως
506 243 570 276 ἡμῖν
585 241 676 269 πίστιν
694 244 741 269 καὶ
758 243 854 270 ἐλπίδα
867 243 943 278 ἔχου-

150 294 193 312 σιν
211 286 346 320 ἀδελφοῖς,
371 287 465 322 εἰρήνη
491 287 537 312 καὶ
558 286 637 321 χάρις
657 287 703 314 καὶ
717 287 781 320 δόξα
800 287 854 314 ἀπὺ
875 287 942 314 Θεοῦ

150 332 259 368 Πατρὺς
270 332 316 359 καὶ
330 332 449 368 Χριστοῦ
469 331 555 368 Ἰησοῦ
568 332 615 358 τοῦ
628 332 730 368 Κυρίου
744 333 833 369 ἡμῶν.
850 343 857 360 ι
877 331 942 360 Εἶτα.

150 376 256 408 τούτοις
269 377 341 412 ἑξῆς,
362 376 444 412 ἕτερα
459 378 715 412 προοιμιασάμενοι,
731 379 780 414 τὴν
801 379 847 405 τοῦ
862 379 942 413 λόγου

151 423 292 459 καταρχὴν
311 424 448 450 ποιοῦνται
470 424 498 450 ὲν
512 423 632 456 τούτοις”
653 435 662 450 ‹
684 425 720 452 Τὸ
747 425 796 460 μὲν
819 424 866 452 οὖν
893 425 942 460 μὲ-

151 469 232 503 γεθος
249 470 297 505 τῆς
322 469 415 496 ἐνθάδε
439 470 566 505 θλίψεως,
593 471 639 497 xxi.
658 470 708 506 τὴν
731 472 865 507 τοσαύτην
889 471 943 498 τῶν

150 514 238 541 ἐθνῶν
258 516 298 547 εἰς
319 517 382 547 τοὺς
399 516 493 550 ἁγίους
509 516 604 551 ὀργὴν,
624 517 670 542 καὶ
684 517 733 544 ὅσα
748 517 897 552 ὑπέμειναν
918 518 942 543 οἱ

152 562 283 596 μακάριοι
307 561 455 597 μάρτυρες,
474 562 517 588 ἐπ’
538 562 652 598 ἀκριϐὲς
674 562 730 589 οὗθ’
755 563 835 598 ἡμεῖς
857 564 942 589 εἰπεῖν

150 607 249 638 ἱκανοὶ,
265 606 327 633 οὔτε
346 607 399 642 μὴν
412 610 503 643 γραφῇ
514 609 714 644 περιληφθῆναι
725 609 846 635 δυνατόν.
858 609 943 635 Παντὶ

149 652 206 688 γὰρ
233 652 319 679 σθένει
341 653 490 688 ἐνέσκηψεν
509 655 523 681 ὁ
543 654 740 688 ἀντικείμενος,
768 654 943 690 προοιμιαζό-

152 706 234 733 μενος
251 699 301 734 ᾕδη
319 699 368 734 τὴν
390 699 476 731 ἀδεῶς
495 700 644 735 μέλλουσαν
663 700 772 727 ἔσεσθαι
793 701 942 736 παρουσίαν

150 744 249 771 αὑτοῦ·
268 745 314 771 καὶ
329 744 372 771 διὰ
388 745 496 772 πάντων
513 746 628 781 διῆλθεν,
650 745 746 778 ἐθίζων
766 747 828 778 τοὺς
846 746 942 772 ἑαυτοῦ

150 790 198 817 καὶ
215 791 415 826 προγυμνάζων
435 792 504 818 κατὰ
519 792 573 818 τῶν
590 791 692 818 δούλων
708 792 754 819 τοῦ
772 792 850 822 Θεοῦ.
873 793 942 819 ὥστε

151 836 190 872 μὴ
208 837 287 871 μόνον
301 837 394 863 οἰκιῶν
410 837 464 873 (76)
480 838 526 864 καὶ
545 838 691 873 βαλανείων
706 839 753 865 καὶ
766 839 869 874 ἀγορᾶς
886 838 942 874 εἴρ-

149 882 257 916 γεσθαι,
278 883 345 910 ἀλλὰ
361 883 408 910 καὶ
432 884 462 910 τὸ
476 884 590 911 καθόλου
617 884 757 919 φαίνεσθαι
781 885 858 920 ἡμῶν
881 894 941 911 τινα

149 929 242 960 αὐτοῖς
270 929 436 966 ἀπειρῆσθαι
459 931 487 956 ἐν
518 931 603 966 ὁποίῳ
626 931 724 966 δήποτε
749 931 834 966 τόπῳ.
864 932 940 957 Ἀντ-

150 975 313 1010 εστρατήγει
335 976 363 1001 δὲ
379 977 394 1010 ἡ
411 977 490 1011 χάρις
504 976 551 1002 τοῦ
567 976 645 1008 Θεοῦ,
660 977 708 1003 καὶ
722 977 784 1008 τοὺς
803 977 850 1011 μὲν
861 976 939 1003 d605-

149 1019 204 1050 νετς
228 1019 351 1055 ὲρῤύετο,
376 1020 592 1055 ἀντιπαρέτασσε
612 1021 640 1047 δὲ
667 1021 778 1053 στύλους
807 1022 939 1057 ἑδραίους.

150 1064 317 1100 δυναμένους
336 1065 380 1092 διὰ⁵
395 1066 444 1100 τῆς
460 1066 599 1102 ὑπομονῆς
618 1067 707 1093 πᾶσαν
724 1067 772 1102 τὴν
791 1067 878 1102 ὁρμὴν
893 1066 940 1093 τοῦ

150 1112 268 1148 πονηροῦ
290 1113 329 1144 είς
341 1113 455 1144 ἑαυτοὺς
471 1112 599 1140 ἑλκύσαι·
618 1113 642 1139 οἳ
659 1113 706 1139 καὶ
723 1113 806 1148 ὁμόσε
823 1112 942 1148 ἐχώρουν

149 1158 234 1193 αὐτῷ,
249 1160 301 1185 πᾶν
314 1157 384 1190 εἶδος
395 1158 546 1194 ὀνειδισμοῦ
563 1159 610 1186 καὶ
622 1159 759 1191 κολάσεως
772 1159 940 1194 ἀνεχόμενοι,

150 1203 175 1231 οῗ
198 1204 245 1231 καὶ
268 1205 302 1231 τὰ
324 1205 410 1231 πολλὰ
434 1205 511 1238 ὀλίγα
534 1204 692 1240 ἡγούμενοι,
718 1205 846 1231 ἔσπευδον
872 1206 940 1240 πρὸς

149 1250 276 1286 Χριστὸν,
293 1251 377 1282 ὖντως
392 1250 607 1286 ἐπιδεικνύμενοι
624 1246 691 1286 (77),
708 1253 749 1278 ὅτι
765 1252 815 1278 οὐκ
829 1252 890 1284 ἄξια
906 1252 940 1279 τὰ

149 1296 300 1332 παθήματα
314 1297 360 1323 τοῦ
374 1297 421 1323 νῦν
437 1298 544 1333 καιροῦ,
559 1297 626 1332 πρὸς
636 1297 685 1332 τὴν
701 1297 846 1332 μέλλουσαν
861 1298 939 1332 δόξαν

148 1343 374 1378 ἀποκαλυφθῆναι
391 1345 431 1375 εἰς
450 1344 533 1379 ἡμᾶς.
553 1343 608 1369 Καὶ
634 1343 741 1377 πρῶτον
768 1343 818 1378 μὲν
834 1343 868 1369 τὰ
886 1344 939 1371 ἀπὸ

146 1388 194 1415 τοῦ
210 1388 288 1423 ὄχλου
308 1389 442 1424 πανδημεὶ
461 1389 580 1425 σωρηδὸν
595 1389 790 1425 ἐπιφερόμενα,
808 1389 939 1423 γενναίως

148 1435 294 1470 ὑπέμενον,
309 1435 476 1470 ἐπιϐοήσεις,
492 1436 538 1462 καὶ
554 1436 671 1470 πληγὰς,
684 1436 731 1462 καὶ
746 1436 878 1471 συρμοὺς,
893 1436 939 1462 καὶ

146 1480 312 1516 διαρπαγὰς,
336 1481 382 1507 καὶ
399 1481 480 1507 λίθων
502 1481 593 1515 βολὰς,
617 1482 663 1508 καὶ
684 1482 854 1516 συγκλείσεις
869 1483 937 1518 (78),

147 1526 194 1552 καὶ
213 1525 291 1551 πάνθ’
313 1526 364 1552 ὅσα
378 1525 543 1560 ἠγριωμένῳ
565 1525 662 1560 πλήθει
680 1526 717 1557 ὡς
735 1526 803 1562 πρὸς
824 1526 939 1562 ἐχθροὺς

146 1571 195 1597 καὶ
213 1570 357 1605 πολεμίους
371 1570 442 1605 φιλεῖ
452 1571 585 1605 γίνεσθαι.
602 1571 657 1598 Καὶ
673 1572 705 1607 δὴ
719 1572 881 1607 ἀναχθέντες
898 1573 937 1604 είς

146 1616 196 1652 τὴν
211 1617 313 1651 ἀγορὰν
327 1616 380 1642 ὑπό
396 1625 426 1643 τε
442 1616 489 1642 τοῦ
508 1617 648 1652 χιλιάρχου
671 1618 718 1644 καὶ
736 1617 790 1644 τῶν
805 1626 938 1653 προεστη-

147 1664 235 1691 κότων
261 1664 310 1698 τῆς
334 1663 437 1694 πόλεως
463 1662 591 1696 ἐξουσιῶν
607 1663 677 1698 (79),
699 1664 745 1689 ἐπὶ
772 1663 873 1694 παντὸς
890 1663 936 1690 τοῦ

148 1710 267 1746 πλήθους
284 1709 475 1745 ἀνακριθέντες
491 1709 538 1735 καὶ
553 1709 778 1744 ὁμολογήσαντες,
802 1708 937 1736 συνεκλεί-

150 1779 224 1802 runt.
239 1774 279 1801 Ad
290 1774 347 1802 haec
368 1778 481 1808 utraque
497 1773 635 1808 provincia
657 1775 706 1801 sub
723 1775 801 1801 unius
818 1775 938 1809 prmsidis

145 1809 421 1845 jurisdictione.tunc
435 1810 544 1843 quidem
567 1809 696 1845 temporis
710 1810 815 1836 videtur
842 1811 935 1840 fuisse;

149 1844 217 1872 illex
229 1852 261 1871 eo
273 1844 430 1877 conjicitur.
445 1844 515 1878 quod
529 1849 582 1870 tam
593 1844 761 1872 Viennenses
773 1852 852 1878 quam
869 1845 936 1878 Lng-

148 1881 295 1911 tlunenses,
317 1880 350 1905 ob
373 1879 450 1905 fidem
471 1879 570 1906 Christi
589 1886 602 1904 a
619 1879 731 1913 prmside
746 1879 935 1912 comprehensi

149 1919 176 1942 ct
193 1914 312 1941 damnati
332 1922 392 1940 esse
409 1914 537 1941 dicuntur
550 1914 575 1940 in
592 1914 643 1940 hac
659 1914 781 1947 epistola.
797 1915 841 1940 llas
855 1914 937 1947 igitur

149 1957 239 1976 causze
262 1953 326 1975 sunt
348 1956 397 1975 cur
411 1948 573 1981 conjunctim
591 1949 753 1981 scripserint
768 1949 937 1976 Viennenses

149 1989 176 2011 et
199 1984 402 2018 Lugdunenses.
423 1983 488 2010 Nam
503 1983 574 2017 quod
594 1983 721 2017 suspicati
743 1984 937 2017 snntqnidain,

149 2027 231 2047 unttm
239 2017 303 2046 {unc
311 2019 392 2044 fuisse
401 2020 555 2052 episcopum
566 2017 675 2045 Vienna:
686 2023 766 2052 atquc
774 2018 906 2053 Lugduni,
915 2017 940 2043 id

147 2061 180 2083 ex
189 2056 238 2081 hac
246 2055 302 2088 ipsa
311 2054 424 2087 epistola
435 2053 514 2079 facile
522 2053 663 2084 refellitur,
671 2053 878 2088 quteiPothinurn
887 2053 941 2086 cpi-

149 2096 261 2122 scopum
274 2087 395 2122 Lugduni
405 2088 486 2114 fuisse
496 2088 572 2119 dicit,
584 2096 635 2114 non
647 2088 710 2114 item
727 2087 845 2115 Viennae.
857 2087 940 2114 Porro

149 2123 341 2157 Lugdunenses
353 2124 463 2150 honoris
470 2130 548 2149 causa
563 2123 861 2157 Viennensiumjnomen
874 2130 941 2155 prir-

149 2163 333 2193 ponunt.cum
349 2163 438 2193 tamen
448 2158 498 2191 ipsi
516 2157 708 2192 Lugdunenses
717 2158 857 2190 epistolam
871 2158 941 2184 seri-

150 2192 213 2221 bant
225 2193 299 2220 deiis
310 2200 369 2225 quae
382 2192 502 2226 Lugduni
520 2198 595 2225 gesta
603 2193 719 2222 fuerant.
728 2192 860 2220 Vetustati
873 2200 940 2227 quo-

995 243 1139 278 Phrygiam
1160 243 1327 275 constitutis,
1342 243 1388 277 qui
1403 244 1526 271 eamdem
1542 245 1682 272 nobiscum
1700 246 1778 274 fidem

994 296 1026 316 ac
1040 297 1114 323 spem
1128 289 1228 316 habent
1243 289 1449 323 redemptionis.
1471 298 1524 324 pax
1538 296 1564 318 et
1581 292 1666 326 gratia
1682 296 1708 319 et
1723 293 1780 327 glo—

995 333 1033 359 ria
1049 340 1063 359 a
1083 332 1137 359 Deo
1162 332 1242 360 Patre
1255 338 1281 360 et
1303 333 1415 360 Christo
1430 334 1493 361 Jesu
1509 336 1621 362 Domino
1643 341 1746 363 nostro.
1767 347 1776 363 ι

995 379 1056 406 Post
1073 379 1130 406 hmc
1151 379 1247 406 deinde
1263 379 1386 414 quietiam
1404 380 1455 406 alia
1467 380 1584 414 praefati,
1596 382 1778 409 narrationem

995 425 1078 459 ipsam
1095 425 1291 452 ordiuntnrhis
1304 425 1415 452 verbis:
1433 435 1441 451 ι
1458 426 1488 452 Et
1499 426 1657 460 gravitatem
1670 428 1778 462 quidem

994 470 1078 504 ipsam
1089 478 1280 502 :crumnarum,
1293 476 1320 497 et
1331 471 1469 504 gentilium
1482 473 1610 499 adversus
1621 479 1730 500 sanctos
1739 474 1779 500 fu-

995 524 1082 543 rorem
1101 523 1131 542 ac
1147 517 1260 548 rabiem,
1276 524 1388 551 qumque
1401 522 1427 544 et
1441 524 1540 552 quanta
1560 520 1630 546 beati
1648 527 1780 555 martyres

994 562 1114 597 perpessi
1222 568 1293 595 sunt,
1304 571 1352 589 nec
1366 571 1414 590 nos
1427 563 1576 598 exprimere
1593 565 1713 594 dicendo.
1731 575 1780 593 nec

995 610 1070 642 quisq
1077 617 1136 634 uatn
1148 609 1291 635 scribendo
1304 609 1446 642 complcCIi
1460 615 1588 637 accurate
1599 612 1669 644 pussi
1676 617 1692 637 t.
1701 611 1780 638 Omni

995 655 1126 687 siquitlettt
1142 655 1236 681 virium
1254 655 1353 688 impetu
1375 656 1400 681 in
1423 663 1472 682 nos
1498 656 1576 682 irruit
1593 657 1778 690 adverSarius,

995 701 1126 727 adventus
1143 701 1183 726 sui
1200 700 1225 727 in
1241 709 1295 734 quo
1311 709 1372 727 cttm
1387 702 1460 728 omni
1479 701 1588 728 licentia
1607 707 1781 737 grassaburus

994 751 1046 777 est,
1072 746 1127 780 jam
1145 751 1198 772 tum
1217 747 1295 773 nobis
1321 747 1396 773 initia
1413 755 1443 774 ac
1469 747 1617 781 primordia
1637 748 1779 775 exhibens.

995 791 1066 818 Nihil
1087 791 1187 826 quippe
1214 792 1376 819 intentatum
1406 793 1525 828 reliquit,
1552 794 1613 819 dum
1640 793 1781 820 ministros

995 844 1059 864 suos
1073 837 1230 873 assuefacit,
1245 842 1271 864 et
1288 838 1449 872 quibusdam
1469 838 1546 873 quasi
1564 838 1692 873 proludiis
1702 847 1780 865 excr-

994 887 1037 910 cet
1050 883 1179 909 advcrsus
1192 890 1284 909 servos
1298 883 1353 909 Dei.
1367 883 1441 910 Adeo
1452 888 1480 909 ut
1495 891 1545 910 non
1561 884 1647 910 solum
1665 885 1698 911 ab
1715 886 1780 911 tedi-

994 927 1052 956 bus.
1072 935 1086 954 a
1102 927 1215 960 balneis,
1230 935 1244 953 a
1259 927 1318 954 foro
1331 935 1488 954 arcerentur
1505 937 1511 955 :
1525 936 1616 955 verum
1639 930 1719 956 etiam
1736 930 1780 956 in-

993 974 1138 1000 terdictutn
1169 973 1251 1000 fuerit
1293 981 1325 1000 ne
1367 974 1427 1008 quis
1466 981 1587 1001 nOSIrum
1619 983 1779 1010 quocunque

993 1018 1100 1045 demum
1120 1019 1146 1045 in
1162 1018 1221 1046 loco
1238 1023 1389 1054 appareret.
1408 1018 1460 1047 Sed
1474 1021 1559 1055 gratia
1576 1022 1621 1048 Dei
1642 1029 1689 1056 pro
1701 1021 1779 1048 nobis

993 1064 1124 1091 adversus
1135 1065 1272 1092 diabolmn
1285 1066 1447 1100 depugnavit
1465 1075 1471 1094 :
1488 1072 1514 1094 et
1539 1067 1703 1094 infirmiores
1716 1068 1776 1102 qui-

994 1109 1053 1136 dem
1069 1110 1197 1142 serravit,
1211 1113 1285 1138 viros
1300 1117 1390 1138 autem
1403 1112 1439 1138 illi
1451 1113 1575 1146 opposuit
1591 1113 1777 1141 columnarum

993 1155 1079 1182 instar
1097 1155 1191 1183 firmos
1206 1164 1237 1183 ac
1255 1157 1379 1190 stabiles,
1406 1158 1451 1192 qui
1471 1157 1628 1186 fortitudine
1654 1167 1701 1185 stta
1719 1160 1779 1185 uni-

992 1210 1101 1229 versum
1118 1203 1249 1230 daemonis
1263 1204 1391 1238 impetum
1406 1205 1431 1230 in
1451 1205 1609 1239 semetipsos
1621 1205 1778 1239 pertrahere

992 1248 1126 1274 valerent.
1147 1247 1178 1274 lli
1201 1256 1266 1282 ergo
1278 1250 1402 1275 cominus
1426 1250 1576 1283 congressi.
1595 1257 1674 1276 (Illinc
1693 1257 1778 1284 genus

990 1293 1129 1327 opprobrii
1154 1294 1341 1320 sustinuerunt
1366 1303 1372 1320 :
1399 1299 1426 1321 et
1451 1301 1511 1327 quae
1531 1295 1575 1320 alii
1604 1295 1730 1320 diuturna
1751 1299 1778 1321 et

991 1339 1082 1373 gravia
1095 1338 1269 1371 existimant,
1285 1339 1333 1373 ipsi
1354 1339 1421 1366 levia
1438 1339 1577 1371 ducentes,
1593 1340 1625 1365 ad
1638 1339 1775 1367 Christum

992 1386 1032 1413 ire
1056 1386 1263 1421 properabant;
1291 1386 1416 1420 exemplo
1441 1393 1489 1413 suo
1508 1386 1690 1417 Ostendcntes,
1723 1394 1775 1413 non

991 1439 1052 1459 esse
1065 1432 1159 1466 dignas
1176 1432 1314 1465 passiones
1338 1428 1417 1466 hujus
1434 1432 1525 1458 sazculi
1547 1439 1606 1465 qua:
1630 1431 1776 1458 conferan-

991 1483 1036 1504 tur
1051 1484 1111 1503 cum
1128 1476 1214 1510 gloria
1228 1483 1288 1510 quae
1306 1477 1331 1502 in
1348 1478 1425 1504 nobis
1439 1476 1583 1504 revelanda
1600 1481 1652 1503 est.
1669 1478 1706 1503 Ac
1723 1478 1776 1511 pri-

992 1531 1063 1550 mum
1084 1523 1194 1558 quidem
1215 1531 1383 1557 qutccunquc
1407 1531 1421 1549 a
1446 1523 1542 1557 populo
1560 1523 1687 1551 universo
1702 1531 1777 1549 acer-

992 1570 1075 1596 vatim
1106 1568 1311 1602 ingerebantur,
1347 1569 1569 1597 constantissime
1603 1569 1775 1596 tolerarunt:

991 1614 1203 1641 acclamationes
1225 1613 1340 1645 scilicet,
1358 1613 1461 1647 plagas,
1479 1614 1655 1648 raptationcs,
1675 1614 1777 1647 spolia.

993 1660 1079 1686 tiones
1095 1660 1238 1690 honorum,
1254 1659 1372 1692 lapidum
1395 1659 1496 1692 jactus,
1517 1667 1654 1691 carceres,
1678 1664 1775 1686 cuncta

992 1705 1109 1740 denique
1121 1713 1181 1739 qua:
1194 1705 1290 1740 vulgus
1303 1705 1395 1733 lurore
1409 1710 1437 1732 et
1450 1706 1523 1732 rabie
1541 1705 1716 1737 concitatum,
1731 1706 1778 1731 ad-

992 1773 1042 1800 bns
1064 1778 1117 1800 tum
1140 1773 1304 1800 arcebantur
1328 1773 1486 1805 Christiani,
1506 1774 1531 1800 id
1557 1777 1596 1800 est
1621 1773 1655 1799 ab
1675 1774 1776 1800 mitibus

990 1809 1152 1836 amicorum.
1179 1809 1403 1842 propinquorum,
1430 1809 1569 1842 opiliculn.
1588 1807 1681 1842 Neque
1704 1809 1776 1834 enim

989 1843 1124 1869 assentior
1142 1843 1248 1874 ltutino,
1265 1844 1309 1877 qui
1327 1843 1496 1870 Christianos
1526 1844 1551 1870 in
1577 1843 1633 1869 suis
1657 1843 1776 1877 ipsorum

988 1877 1111 1911 domibus
1126 1877 1249 1904 habitare
1264 1878 1410 1911 prohibitos
1426 1878 1598 1904 existimavit.

1024 1912 1081 1946 (77)
1099 1907 1361 1946 Ἐπιδεικνῦμενοι.
1393 1912 1481 1939 Codex
1508 1912 1650 1940 Medicin-us
1677 1913 1776 1939 adver-

992 1947 1065 1972 bium
1082 1947 1156 1973 addit
1171 1947 1222 1973 hoc
1240 1948 1329 1978 modo,
1346 1947 1430 1978 ὅντως
1444 1946 1669 1982 ἐπιδεικνύμενοι.
1684 1947 1776 1982 Neque

993 1982 1073 2008 aliter
1090 1982 1174 2008 codex
1188 1982 1245 2008 lilaz
1262 2002 1268 2012 ,
1288 1982 1354 2009 Fuk.
1371 1987 1397 2008 et
1414 1982 1576 2008 Savilianus.

1030 2016 1084 2052 (V78)
1099 2017 1302 2052 Συγκλείσεις.
1317 2016 1372 2043 Non
1388 2024 1495 2051 possunt
1510 2016 1625 2050 probare
1641 2016 1774 2052 interpre-

995 2051 1125 2078 tationem
1141 2051 1224 2085 Langi
1238 2052 1526 2086 etrtlhrislophorsoni,
1544 2052 1587 2085 qui
1605 2051 1776 2086 συγκλείσεις

995 2094 1113 2112 carceres
1129 2091 1247 2114 vertunt.
1265 2085 1314 2113 llic
1332 2087 1402 2113 enim
1422 2087 1510 2120 primo
1525 2087 1583 2113 loco
1600 2092 1775 2114 recensentur

996 2120 1102 2152 injuria:
1122 2125 1148 2147 et
1162 2121 1242 2154 mala,
1255 2129 1315 2155 qire
1327 2129 1340 2147 a
1360 2121 1481 2148 conferta
1497 2121 1586 2155 populi
1602 2122 1774 2149 multitudine

995 2155 1182 2182 inferebantur
1206 2156 1377 2191 Christianis.
1401 2155 1428 2182 lu
1455 2157 1555 2191 quibus
1581 2157 1774 2184 carcerlocutn

996 2190 1096 2231 habere
1115 2198 1168 2218 non
1199 2196 1297 2231 potest.
1324 2190 1580 2231 Juldicumiluippc,
1603 2192 1773 2231 nonhpqpuli

149 2236 202 2262 que
213 2233 240 2254 et
252 2223 386 2255 nobilitati
398 2223 511 2254 colonia:
521 2223 717 2254 Viennensium
727 2229 752 2254 id
762 2223 891 2255 tributum
902 2227 942 2253 vi-
958 2223 979 2249 υ
994 2229 1062 2262 erat,
1078 2233 1139 2252 reos
1153 2223 1262 2262 carceri
1275 2225 1438 2262 mancipare.
1458 2223 1648 2260 Rectius'ergu
1662 2223 1774 2253 Rufi-nus

149 2263 206 2290 deri
217 2267 316 2297 potest.
325 2263 401 2295 Quod
414 2271 477 2289 vero
485 2263 516 2289 ad
528 2263 676 2289 secundam
690 2263 866 2296 qua'stionem
879 2263 938 2289 atti-

150 2303 206 2329 net,
215 2306 247 2324 ex
259 2298 315 2331 ipsa
327 2297 438 2331 epistola
452 2298 579 2324 discimus
590 2297 721 2331 plurimos
730 2297 813 2324 fuisse
829 2297 937 2324 Graecos

150 2333 176 2360 in
195 2333 315 2360 Ecclesia
338 2332 522 2366 Lugdunensi,
538 2332 688 2366 eujusmodi
709 2332 758 2359 fuit
782 2333 888 2359 Attalus
910 2338 937 2359 et

150 2368 302 2402 Alexander
318 2366 449 2402 Phryges,
463 2373 487 2402 et
508 2367 661 2394 Alcibiades
681 2368 814 2394 oriundus
826 2369 888 2394 item
903 2375 936 2394 ex

150 2401 276 2437 Phrygia.
294 2406 323 2428 ut
338 2401 434 2437 opinor
450 2411 455 2428 :
472 2401 589 2429 [reumus
606 2410 714 2436 quoque
732 2403 861 2430 oriundus
878 2407 936 2429 erat

149 2445 181 2464 ex
203 2436 278 2469 Asia,
293 2442 319 2463 et
336 2436 516 2471 Polycarpum
533 2436 655 2472 Smyrna:
669 2437 792 2464 audierat
808 2445 858 2464 una
875 2444 934 2463 cum

151 2473 260 2501 Floriuo
283 2472 429 2498 admodum
449 2480 526 2505 puer,
549 2477 576 2499 ut
600 2472 655 2506 ipse
677 2477 801 2498 testatur.
829 2472 934 2499 l'othini

150 2515 258 2542 quoque
277 2507 454 2543 episcopi_vel
473 2515 571 2534 nomen
597 2507 694 2543 ipsum,
717 2507 837 2543 Grzecam
854 2508 937 2543 origi-

151 2541 210 2571 nem
234 2542 370 2577 designat.
393 2541 511 2569 Proinde
531 2549 583 2568 non
605 2542 703 2568 mirum
730 2547 782 2572 est,
800 2542 822 2567 si
841 2543 884 2577 qui
900 2541 936 2568 ex

149 2577 212 2605 Asia
227 2577 252 2603 iu
266 2576 370 2605 Gallias
382 2581 521 2610 venerant,
538 2577 668 2604 fratribus
683 2577 739 2603 suis
751 2577 776 2604 in
789 2577 852 2602 Asia
869 2584 934 2603 con-

149 2612 254 2639 stitutis
266 2613 298 2638 de
320 2612 401 2638 rebus
415 2613 472 2638 suis
483 2612 623 2638 :cribant:
640 2619 654 2637 a
674 2612 782 2645 quibus,
804 2616 833 2638 ut
848 2611 934 2638 credi-

150 2648 202 2675 bile
213 2652 264 2678 est,
282 2646 423 2680 epistolam
449 2646 519 2672 illam
544 2647 577 2673 de
605 2648 736 2682 martyrio
755 2647 893 2680 Polycarpi
908 2651 936 2672 et

150 2684 276 2714 aliorum,
298 2683 373 2716 prius
391 2682 572 2716 accepissent.
591 2681 674 2715 llujus
698 2687 788 2708 autem
812 2681 935 2715 epistolae

149 2722 288 2744 auctorem
314 2717 398 2743 fuisse
423 2717 542 2744 arbitror
556 2717 702 2749 lrenmutn;
718 2717 762 2751 qui
780 2716 887 2750 quidem
902 2723 935 2743 eo

152 2758 272 2786 tempore
290 2751 419 2778 Ecclesiae
432 2751 619 2786 Lugdunensis
630 2756 687 2778 erat
702 2752 857 2786 presbyter.

184 2785 242 2822 (7G)
258 2785 306 2820 Μὴ
318 2786 416 2822 μόνον
429 2785 540 2813 οἰκιῶν.
559 2785 824 2820 Christophorsouus
849 2785 934 2818 (ediﬁ-

149 2821 193 2849 ἀιί
213 2821 320 2855 publica
347 2821 554 2856 interpretatur.
574 2822 646 2856 quod
671 2830 722 2848 non
739 2822 833 2856 probo,
853 2821 934 2847 οἰκίαι

148 2857 220 2885 cuitu
235 2856 348 2885 nonnisi
365 2857 396 2883 de
414 2857 527 2889 privatis
551 2857 674 2884 domibus
691 2857 826 2889 dicuntur,
843 2865 857 2884 a
874 2864 932 2892 qut-

766 2912 781 2922 δ

991 2261 1082 2292 vertit,
1098 2261 1230 2287 concludi.
1246 2261 1298 2288 Sed
1314 2266 1338 2287 et
1351 2261 1492 2292 verberari,
1507 2262 1603 2295 inquit.
1623 2269 1649 2287 se
1665 2261 1772 2295 abillis,

988 2303 1018 2331 ac
1034 2295 1167 2331 lqpiduri,
1177 2302 1200 2322 rt
1217 2296 1352 2327 concludi,
1366 2297 1495 2329 patienter
1510 2294 1684 2331 accipiebant.
1699 2294 1774 2331 Gen-

989 2329 1049 2357 tiles
1061 2331 1132 2357 enitu
1152 2330 1324 2358 Christianos
1349 2332 1418 2357 intra
1434 2332 1528 2357 domos
1551 2329 1615 2358 sitas
1630 2330 1774 2357 conclude-

988 2365 1062 2396 hant,
1082 2366 1144 2391 dum
1162 2373 1175 2392 a
1194 2366 1252 2392 foro
1275 2371 1302 2392 et
1325 2366 1428 2393 balneis
1457 2373 1503 2392 eos
1528 2370 1663 2396 arcerent,
1683 2371 1731 2391 nee
1747 2364 1773 2391 in

987 2401 1124 2435 publicum
1147 2401 1255 2435 prodire
1280 2402 1413 2432 sinerent,
1435 2404 1464 2426 ut
1490 2407 1572 2434 Supra
1593 2400 1693 2426 dictum
1721 2405 1772 2426 est.

988 2433 1058 2461 Infra
1075 2433 1161 2462 talneit
1178 2435 1348 2469 συγκλείσεις
1365 2443 1413 2469 pro
1429 2433 1532 2461 carcere
1547 2439 1700 2469 sumuntur.

1023 2469 1078 2504 (79)
1095 2471 1329 2504 Προεστηχότων
1344 2470 1397 2504 τῆς
1413 2471 1533 2503 πόλεως
1545 2468 1701 2502 ἐξουσιῶν.
1717 2468 1773 2496 Ma-

988 2505 1119 2540 gistratus
1144 2507 1322 2538 munieipales
1344 2506 1480 2538 intelligit,
1498 2507 1542 2538 qui
1566 2506 1647 2531 etiam
1676 2505 1772 2530 duum-

987 2539 1037 2566 viri
1055 2540 1222 2566 dicebantur.
1240 2540 1372 2573 Quamvis
1383 2547 1474 2566 autem
1489 2539 1612 2572 ἐξουσίας
1628 2546 1673 2565 seu
1697 2544 1772 2572 pote-

987 2575 1067 2601 statis
1083 2575 1255 2606 vocabulum,
1277 2577 1333 2601 tere
1348 2575 1381 2600 de
1407 2574 1553 2607 majoribus
1567 2574 1704 2609 jmlicihus
1719 2573 1772 2600 dici

987 2609 1067 2641 solet,
1083 2610 1127 2644 qui
1145 2610 1242 2635 habent
1255 2610 1300 2643 jus
1317 2609 1412 2643 gladii,
1435 2613 1464 2635 ut
1489 2608 1573 2636 docet
1594 2608 1724 2644 Ulpiauus
1745 2609 1772 2634 iu

988 2645 1066 2671 titulo
1083 2643 1327 2678 Dejurisdictione,
1345 2649 1371 2670 et
1390 2644 1427 2670 De
1442 2644 1581 2670 verborum
1597 2643 1773 2678 signiﬁcatio-

987 2679 1075 2711 nibus,
1089 2677 1176 2706 tamen
1189 2680 1222 2706 de
1242 2679 1445 2712 magistratibus
1467 2679 1550 2705 etiam
1568 2677 1774 2711 municipalibus

988 2720 1147 2748 usurpatur,
1162 2715 1207 2748 qui
1225 2713 1361 2740 habebant
1374 2714 1506 2739 modicam
1520 2714 1724 2742 coercitionem,
1736 2717 1773 2748 rut

987 2747 1135 2783 loquuntur
1158 2747 1355 2782 jurisconsulti.
1378 2748 1424 2775 Sic
1440 2751 1509 2782 apud
1525 2748 1679 2776 Juvenalem
1697 2755 1703 2773 :
1720 2747 1771 2783 (ξιι-

986 2781 1139 2818 bidruinque
1153 2781 1208 2810 esse
1218 2789 1342 2818 potestas.
1360 2783 1432 2811 Infra
1452 2781 1495 2811 tibi
1509 2784 1542 2812 de
1556 2783 1682 2816 Pothino,
1700 2781 1775 2810 πολι.⁴

987 2819 1060 2845 rimi
1077 2818 1196 2846 ἐξουσίαι
1214 2820 1349 2846 dicuntur.
