1996 3165
122 190 171 217 £25

122 253 273 289 ῐξαιτηθεὶς
297 253 349 279 ὑπο
371 251 418 278 τοῦ
440 251 530 287 ὄχλον,
554 251 600 278 καὶ
622 250 676 286 γὰρ
697 248 731 285 ἦν
756 249 915 286 ὀνομαστὸς,

122 301 229 335 ἕτοιμος
255 298 379 334 εἰσ-ἦλθεν
406 297 558 332 ἀγωνιστὴς
587 297 631 323 διὰ
663 296 693 322 τὸ
716 295 914 330 εὐωνεέδητον,

123 346 214 381 ἐπειδὴ
231 345 349 380 γνησίως
370 345 400 371 ὲν
419 345 451 380 τῇ
468 345 618 380 Χριστιανῇ
640 342 763 376 συντάξει
779 350 916 376 γεγυμνα-

124 392 220 427 σμένος
235 388 286 426 ἦν,
308 390 356 416 καὶ
372 390 415 416 ἀεὶ
440 390 544 425 μάρτυς
559 388 680 423 ἐγεγόνει
694 388 758 422 παρ’
770 388 837 422 ἡμῖν
851 387 916 421 ἀλη-

123 436 206 467 θείας.
223 436 279 463 Καὶ
294 435 450 471 περιαχθεὶς
464 435 555 470 κύκλῳ
576 434 623 460 τοῦ
643 433 830 468 ἀμφιθεάτρου
848 432 915 466 (16),

124 482 237 514 tium;
255 481 336 507 αὑτὸν
358 480 524 516 προάγοντος
547 481 576 507 ἐν
639 478 829 514 ἐπεγέγραπτο
850 478 916 504 Ῥω-

125 528 218 564 μαῖστί
230 537 236 543 ”
254 525 337 559 ὓῗιτός
351 529 424 554 ἐστιν
440 526 570 557 Ἄτταλος
583 526 596 552 ὁ
609 525 771 562 Χριστιανός
782 532 789 539 ·
807 525 852 551 καὶ
868 523 915 550 τοῦ

121 575 206 610 δήμου
224 574 324 610 σφόδρα
347 572 516 609 σφριγῶντος
539 572 580 598 ἐπ’
597 570 686 605 αὐτῷ,
714 569 806 606 μαθὼν
822 571 836 596 ὁ
851 571 916 606 ἡγε-

124 619 181 654 μὼν
199 620 238 646 ὅτι
256 619 390 654 Ῥωμαῖός
407 619 490 649 ἐστιν⁷
506 617 648 643 ἐκέλευσεν
663 616 744 643 αὑτὸν
758 615 915 651 ἀναληφθῆ-

122 675 167 693 ναι
186 665 254 701 μετὰ
271 666 317 691 καὶ
335 665 389 691 τῶν
411 664 512 691 λοιπῶν
528 663 584 690 τῶν
604 665 634 690 ὲν
653 664 685 698 τῇ
706 664 801 699 εἱρκτῇ
820 662 914 696 ὅντων,

120 712 187 747 περὶ
203 708 240 737 ὧν
257 710 397 737 ἐπέστειλε
418 709 457 745 τῷ
478 707 597 745 Καίσάρι
611 728 618 741 ,
642 709 688 735 καὶ
705 709 849 744 περιέμενε
866 708 915 743 τὴν

121 756 259 790 ἀπόφασιν
273 755 321 790 τὴν
333 755 379 781 ἀπ’
389 755 504 781 ἐκείνου.
520 754 550 780 ’0
563 754 592 780 δὲ
604 753 647 780 διὰ
658 754 741 790 μέσου
756 753 851 789 καιρὸς
866 753 915 780 οὐκ

121 802 207 837 ἀργὸς
231 802 322 832 αὐτοῖς
341 801 402 828 οὐδὲ
423 800 547 836 ἄκαρπος
567 801 671 835 ὲγίνετο
685 820 691 832 ,
713 799 782 826 ἀλλὰ
803 800 847 826 διὰ
865 800 916 835 τῆς

122 849 262 884 ὑπομονῆς
272 847 370 880 αὐτῶν,
387 848 417 874 τὸ
428 847 580 883 ἀμέτρητον
595 847 670 878 ἕλεος
681 845 839 881 ἀνεφαίνετο
849 846 916 882 Χρι-

122 894 198 921 ποέ.
221 894 270 921 Διὰ
289 893 345 928 γὰρ
364 893 417 920 τῶν
433 893 541 926 ζώντων
555 892 750 924 ὲζωοποιοῦντο
766 893 798 920 τὰ
819 893 913 928 νεκρὰ,

120 940 170 966 καὶ
185 939 322 975 μάρτυρες
335 940 389 970 τοῖς
404 939 440 974 μὴ
458 938 591 974 μάρτυσιν
605 938 761 974 ἐχαρίζοντο
775 938 841 974 (17).
859 938 914 965 Καὶ

121 985 258 1019 ἑνεγίνετο
282 985 366 1020 πολλὴ
389 984 462 1020 χαρὰ
485 985 518 1019 τῇ
539 983 666 1020 παρθένῳ
689 984 787 1019 μητρὶ,
810 983 855 1015 οὓς
877 983 914 1016 ὡς

122 1031 236 1067 νεκροὺς
253 1030 311 1062 ἐξέτ
317 1039 386 1066 ρωσε
395 1050 402 1062 ,
421 1029 533 1060 τούτους
548 1029 652 1062 ζῶντας
672 1029 758 1055 ἀπολα
763 1029 912 1066 μὸανούσῃ.

122 1077 160 1103 Δι’
175 1077 286 1103 ἐκείνων
311 1076 365 1112 γὰρ
391 1078 414 1103 οἱ
438 1076 546 1107 πλειους
560 1075 613 1102 τῶν
629 1076 791 1110 ὴρνημένων
809 1077 913 1111 ἀνεμη-

121 1121 235 1157 τροῦντο
253 1121 309 1156 (18)
328 1121 373 1148 καὶ
389 1121 598 1154 ἁνεκυΐσκοντο,
614 1122 660 1148 καὶ
677 1122 912 1157 ἀνεζωπυροῦντο,

121 1168 170 1194 καὶ
185 1167 338 1202 ἐμάνθανον
355 1167 507 1203 ὁμολογεῖν,
523 1167 571 1192 καὶ
588 1166 688 1199 ζῶντες
703 1167 752 1202 ἥδη
771 1166 818 1193 καὶ
838 1175 912 1193 τετο-

121 1213 247 1248 νωμένοι,
264 1211 419 1248 προσῄεσαν
435 1211 474 1246 τῷ
489 1211 600 1246 βήματι,
617 1210 840 1245 ὲγγλυκαίνοντος
857 1210 913 1246 (19)

120 1257 168 1284 τοῦ
184 1257 230 1284 τὸν
248 1257 296 1292 μὲν
314 1257 428 1284 θάνατον
445 1256 492 1283 τοῦ
510 1256 672 1292 ἀμαρτωλοῦ
688 1256 725 1291 μὴ
741 1255 913 1291 βουλομένου,

120 1303 168 1329 ἐπὶ
189 1303 217 1329 δὲ
241 1303 290 1338 τὴν
313 1303 458 1338 μετάνοιαν
480 1302 699 1337 χρηστενομένου
713 1301 791 1333 Θεοῦ,
810 1302 852 1327 ἵνα
867 1302 914 1328 καὶ

121 1347 204 1374 πάλιν
237 1347 447 1383 ὲπερωτηθῶσιν
470 1346 522 1374 ὑπὸ
549 1346 594 1373 τοῦ
621 1347 753 1382 ἡγεμόνος
769 1355 775 1362 ·
796 1347 915 1373 ἐπιστεί-

119 1393 216 1424 λαντος
230 1392 284 1428 γὰρ
300 1392 346 1421 τοῦ
358 1393 508 1429 Καίσαρος,
526 1393 588 1424 τοὺς
607 1393 655 1428 μὲν
672 1392 915 1428 ἀποτυμπανισθῆ-

119 1445 164 1464 vat
179 1437 235 1472 (20)
246 1457 253 1468 ,
271 1437 295 1463 εὶ
316 1436 344 1463 δέ
358 1445 430 1468 τινες
449 1437 586 1472 ἀρνοῖντο,
603 1436 713 1468 τούτους
733 1437 913 1472 ἀπολυθῆναι,

119 1484 169 1518 τῆς
189 1483 283 1509 ἐνθάδε
300 1482 480 1518 πανηγύρεως
497 1481 565 1517 (ἔστι
578 1482 606 1508 δὲ
619 1482 688 1518 αὕτη
705 1482 914 1518 πολυάνθρωπος

119 1529 153 1555 ὲκ
169 1529 279 1555 πάντων
299 1528 353 1555 τῶν
369 1527 453 1555 ἐθνῶν
471 1527 675 1564 συνερχομένων
689 1529 729 1559 εἰς
743 1527 845 1563 αὐτὴν)
862 1527 912 1564 ἀρ-

119 1575 241 1612 χομένης
258 1576 417 1602 συνεστάναι
440 1575 510 1610 (21),
528 1575 628 1610 ἀνῆγεν
644 1575 690 1601 ἐπὶ
706 1574 736 1601 τὸ
754 1575 830 1610 βῆμα
851 1574 914 1602 θεα-

119 1621 220 1657 τρίζων
233 1622 296 1652 τοὺς
310 1621 471 1656 μακαρίους,
486 1621 532 1647 καὶ
545 1620 731 1656 ὲμπομπεύων
746 1623 800 1652 τοῖς
813 1621 912 1656 ὄχλοις.

121 1667 168 1695 Διὸ
184 1669 230 1695 καὶ
248 1667 327 1694 πάλιν
343 1666 460 1703 ἀνήταζε
471 1687 478 1699 ,
503 1667 549 1694 καὶ
566 1667 623 1693 ὅσοι
644 1667 692 1701 μὲν
710 1667 818 1693 ἐδόκουν
835 1667 912 1694 πολι-

118 1715 195 1742 τείαν
217 1714 361 1749 Ῥωμαίων
385 1713 551 1748 ἐσχηκέναι,
576 1713 677 1739 τούτων
704 1713 834 1748 ἀνέτεμνε
862 1714 933 1746 τὰς-

120 1760 240 1795 γεψαλὰς
250 1780 257 1791 ,
273 1760 336 1790 τοὺς
351 1759 380 1785 δὲ
404 1758 514 1790 λοιποὺς
530 1759 652 1794 ἔπεμπεν
667 1760 707 1790 εὶς
727 1758 817 1794 θηρία.
843 1759 913 1785 Ἐδο-

120 1807 216 1840 ξάζετο
242 1806 271 1833 δὲ
303 1805 428 1841 μεγάλως
454 1806 468 1832 ὁ
488 1806 605 1842 Χριστὸς
630 1805 676 1831 ἐπὶ
703 1807 758 1837 τοῖς
781 1805 913 1841 πρότερον

119 1852 319 1888 ἀρνησαμένοις
333 1871 340 1883 ,
363 1851 422 1877 τότε
448 1850 523 1886 παρὰ
540 1851 589 1886 τὴν
611 1851 665 1877 τῶν
685 1850 770 1877 ὲθνῶν
785 1851 913 1878 ὑπόνοιαν

117 1899 291 1933 ὁμολογοῦσι.
305 1898 359 1925 Καὶ
376 1898 428 1933 γὰρ
447 1897 498 1933 ἰδίᾳ
512 1894 583 1924 οὗτοι
595 1897 769 1933 ἀνητάξοντο,
783 1897 820 1929 ὡς
833 1897 912 1933 δῆθεν

118 1943 362 1980 ἀπολυθησόμενοι.
379 1943 434 1969 Καὶ
446 1943 651 1978 ὁμολογοῦντες,
670 1942 861 1977 προσετίθεντο
873 1941 911 1976 τῷ

155 2030 210 2066 (16)
227 2029 473 2066 Καὶηπεριαχθεὶς
496 2029 598 2066 κύκλῳ
616 2029 679 2066 Δτοῦ
698 2029 907 2064 ἁμφιθεὰτρου.

119 2064 252 2094 Solebant
264 2065 326 2092 olim
339 2065 501 2099 gladiatores
514 2069 541 2091 et
555 2064 686 2096 bestiarii,
698 2068 841 2099 antequam
855 2072 910 2091 cer-

119 2107 211 2128 tamen
228 2100 347 2139 obirent,
369 2107 416 2139 per
427 2107 477 2139 _ora
493 2099 582 2139 populi
600 2099 778 2139 circumduci.
801 2100 838 2139 De
851 2107 909 2139 ~qua

62 2139 67 2142 '
117 2143 217 2170 pompa
234 2134 354 2170 loquitur
370 2133 505 2170 Luciiauus
517 2134 671 2170 iu__1‘a,tari,
689 2139 717 2160 ut
734 2134 840 2170 notavit
851 2133 910 2161 Sal-

119 2168 223 2197 inasius
242 2168 276 2196 ini
287 2169 364 2196 Notis
376 2170 410 2195 (id
425 2169 526 2195 Iulium
541 2168 732 2204 Capitolinum,
752 2176 812 2204 pag.
829 2168 876 2204 9i,
886 2172 912 2195 et

118 2204 312 2236 Casaubonus;
330 2208 390 2237 post
413 2203 532 2238 Lipsiutn
551 2204 576 2230 in
593 2203 798 2236 Saturnalibus,
810 2205 855 2238 qui
871 2203 912 2229 lo-

118 2248 182 2267 cum
212 2239 371 2272 Quintiliani
401 2237 659 2273 ex'Declqmatione
686 2246 755 2265 noua
790 2237 826 2266 eo
847 2245 908 2273 ερε-

118 2279 239 2301 clamem
260 2274 362 2307 primus
385 2273 508 2301 adduxit.
530 2272 556 2299 ld
578 2278 667 2300 autem
684 2273 763 2300 fiebat
787 2281 838 2301 non
863 2272 909 2300 So-

119 2309 175 2336 lum
192 2309 219 2335 in
236 2309 270 2335 iis
285 2309 329 2342 qui
349 2308 452 2342 seipsos
466 2308 499 2335 ad
515 2308 607 2335 ludum
625 2313 842 2340 auctoraverant,
862 2308 909 2335 sed

120 2345 147 2371 in
164 2343 220 2370 reis
236 2344 281 2377 qui
306 2343 339 2370 ad
361 2343 461 2379 ferrum
484 2347 531 2370 aut
556 2343 655 2370 bestias
680 2344 798 2370 damnati
821 2347 908 2370 erant.

119 2379 274 2406 Martialis:

177 2413 310 2440 Traducla
323 2417 360 2439 est
377 2413 458 2447 gyris,
476 2419 521 2439 nec
537 2412 605 2447 cepit
618 2420 699 2439 arena
709 2417 838 2439 nocentes.

161 2447 217 2484 (17)
227 2446 474 2482 Καὶίμάρτυρες...
482 2446 665 2484 ἐχαρίζοντο.
674 2447 701 2484 id
720 2452 772 2478 est.
783 2447 906 2474 dextram

120 2482 205 2518 lapsis
219 2487 411 2518 porrexerunt,
421 2483 614 2518 etmedieinam
625 2483 815 2514 adhibuerunt,
827 2486 850 2508 et
861 2489 910 2516 pro

120 2517 156 2545 iis
167 2519 388 2545 intercesserunt.
406 2517 432 2544 ld
447 2517 517 2545 enim
530 2517 654 2544 solebant
670 2522 814 2552 martyres,
830 2521 858 2543 ut
874 2523 908 2543 ex

119 2553 257 2589 Cypriane
272 2553 427 2589 didicimus.

157 2587 213 2624 (l8)
226 2587 466 2624 ’Δνεμητροῦντα

120 2621 239 2650 bendum
254 2621 325 2649 esée.
349 2623 444 2649 Postea
465 2629 529 2649 vero
548 2623 575 2648 in
601 2622 693 2648 codice
711 2621 796 2656 Regio
815 2628 911 2655 super-

120 2659 252 2692 scriptum
269 2657 358 2683 inveni
377 2658 473 2684 eadetn
492 2664 584 2683 manu.
605 2656 757 2690 Quinetiam
786 2656 910 2683 Christo-

121 2694 288 2727 pltorsonum
302 2693 337 2718 ita
352 2692 448 2727 legisse
461 2697 581 2727 apparet.

155 2727 211 2762 (l9)
226 2726 504 2761 Ἑγτλυκαίνοντος.
524 2726 584 2762 Hoc
606 2726 717 2762 verbum
747 2729 800 2752 tam
822 2726 912 2754 active

121 2761 202 2797 quam
225 2761 424 2797 passiversuuti
451 2767 550 2797 potest.
567 2761 599 2788 Et
618 2761 785 2797 Nicephorus
802 2762 910 2795 quidem

122 2795 208 2824 active
224 2795 328 2823 dictum
341 2796 483 2822 intellexit.
501 2796 546 2822 Sic
558 2796 628 2823 enim
641 2795 711 2822 hunc
728 2797 815 2822 locum
829 2797 913 2823 inter-

121 2833 231 2865 polavit,
261 2831 310 2858 καὶ
323 2830 512 2864 ὲγλυκαίνοντο
531 2830 583 2857 ὑπὸ
604 2830 650 2857 τοῦ
666 2831 704 2866 μὴ
725 2831 846 2862 θέλοντος
867 2831 911 2857 τὸν

121 2867 246 2894 θάνατον.
263 2866 418 2899 MetaphOra
431 2871 472 2892 est
489 2866 522 2892 ab
534 2867 660 2898 oleastro,
674 2867 719 2901 qui
737 2867 833 2893 insitus
850 2866 911 2893 dul-

119 2904 211 2934 cescit,
225 2902 262 2929 de
278 2909 334 2935 quo
348 2901 445 2928 Paulus
459 2902 604 2935 apostolus.
620 2901 672 2929 Sed
685 2907 708 2928 et
722 2902 828 2935 passive
841 2901 911 2928 sumi

281 2947 420 2978 Pnaos.
442 2947 497 2976 Gn.
523 2947 592 2978 XX.

483 2586 586 2614 Dudum
601 2585 770 2620 conjeceram
789 2585 826 2613 ita
842 2586 911 2613 scri-

655 188 733 216 illS'l‘
736 187 828 216 01’.le
848 184 1128 215 ECCLESIASTICIE
1147 185 1212 212 Llii.
1235 186 1265 213 ν.

1416 147 1428 162 ι

1705 192 1757 220 ιὲϐ

932 251 952 280 Α
968 254 1017 283 gus
1029 247 1154 274 insanum
1171 253 1220 280 pro
1238 253 1288 273 suo
1303 246 1418 282 quisque
1432 249 1548 278 arbitrio
1562 250 1646 279 variis
1662 252 1753 280 accla-

969 291 1133 320 mationibus
1153 292 1303 326 imperabat
1324 298 1330 315 :
1357 292 1444 326 ipsam
1470 300 1608 328 postremo
1638 297 1754 325 ferream

966 339 1148 370 cathedram.
1183 338 1225 365 cui
1252 339 1422 373 superposita
1453 347 1601 376 martyrum
1620 332 1755 372 hmembra

967 390 1028 410 cutn
1042 387 1223 416 torrerentur,
1236 383 1344 410 illorum
1358 391 1439 412 nares
1455 385 1663 416 molestissimus
1676 390 1756 417 nidor

968 428 1106 463 implebat.
1127 429 1225 456 Verum
1238 429 1276 456 illi
1295 436 1330 456 ne
1344 429 1385 457 sic
1401 430 1509 465 quidem
1528 432 1608 460 linem
1626 436 1753 464 saeviendi

967 474 1100 502 fecerunt.
1114 475 1167 503 Sed
1182 481 1288 510 contra,
1302 485 1335 504 eo
1351 477 1539 505 vehementius
1558 482 1756 510 accendebatur

967 528 1060 548 eorum
1078 522 1165 555 furor,
1187 529 1252 549 cum
1272 530 1429 559 expugnare
1454 529 1606 559 martyrum
1628 533 1757 554 constan-

968 567 1031 594 tiam
1049 568 1256 596 contenderent.
1276 569 1382 597 Nullam
1403 575 1492 598 tamen
1517 572 1550 598 ab
1579 572 1637 606 ipso
1658 577 1757 602 sancto

966 620 1061 640 vocem
1089 613 1190 641 elicere
1208 618 1367 650 potuerunt,
1384 622 1484 651 praeter
1514 617 1589 645 illam
1618 626 1698 652 quam
1721 620 1756 646 ab

968 657 1044 684 initio
1056 658 1179 692 proferre
1187 664 1370 688 consueverat
1387 662 1569 690 confessionis
1584 671 1638 690 sua:
1649 668 1753 691 vo‘cem.

967 701 999 728 lli
1011 709 1076 737 ergo
1097 703 1217 731 maximo
1233 705 1384 732 certamine
1401 707 1548 741 perfuncti,
1564 715 1626 735 cttm
1643 708 1754 737 vitalem

968 747 1097 781 spiritum
1114 749 1159 775 diu
1185 751 1395 784 protraxissent,
1413 753 1522 780 tandem
1536 753 1650 788 jugulati
1666 759 1731 782 sunt
1745 764 1753 782 :

965 802 998 822 eo
1014 795 1058 822 die
1073 797 1259 831 spectaculum
1285 797 1350 825 facti
1381 799 1492 832 tnundo,
1520 801 1580 828 loco
1599 801 1755 837 multiplicis

967 840 1039 868 illius
1053 842 1196 870 varietatis
1207 850 1268 877 qua:
1281 844 1308 871 in
1320 844 1498 878 gladiatorum
1515 847 1680 880 spectaculis
1695 855 1756 875 cer-

967 886 1050 915 nitur.
1068 887 1201 916 Blantliua
1216 897 1282 917 vero
1313 891 1346 918 ad
1373 891 1466 925 palum
1496 900 1640 927 suspensa,
1659 894 1756 922 bestiis

967 935 1072 969 objecta
1088 940 1140 963 est.
1159 936 1224 970 Qua:
1243 945 1303 964 eum
1330 937 1356 964 iu
1374 939 1465 966 cruris
1489 939 1605 974 speciem
1623 947 1755 975 suspensa

966 987 1135 1014 cerneretur,
1145 981 1254 1017 Deoque
1265 984 1471 1012 contentissime
1481 986 1655 1020 supplicaret,
1668 987 1755 1015 maxi-

965 1033 1036 1052 mam
1051 1026 1221 1055 alacritatem
1238 1029 1356 1057 addebat
1381 1030 1565 1065 certantibus;
1595 1032 1695 1067 quippe
1709 1033 1755 1067 qui

965 1071 991 1098 in
1019 1071 1077 1106 ipso
1104 1074 1268 1108 certamine,
1284 1075 1336 1103 sub
1355 1076 1459 1104 sororis
1480 1084 1597 1110 persona
1615 1078 1755 1113 corporeis

964 1117 1052 1144 oculis
1080 1125 1228 1146 cernerent
1248 1120 1347 1153 illum,
1367 1122 1412 1156 qui
1439 1129 1490 1155 pro
1517 1122 1639 1156 ipsorum
1665 1124 1755 1152 salute

965 1162 1112 1191 crucifixus
1127 1164 1188 1191 ideo
1197 1164 1296 1199 fuerat,
1312 1169 1342 1192 ut
1358 1167 1532 1195 credentibus
1545 1168 1571 1194 in
1589 1168 1677 1203 ipsum
1694 1165 1756 1204 per-

965 1208 1104 1241 suaderet,
1121 1210 1278 1244 quicunque
1302 1218 1352 1245 pro
1371 1212 1472 1239 Christi
1492 1213 1582 1248 gloria
1598 1218 1751 1248 pateretur.

965 1255 1039 1282 hunc
1065 1256 1112 1283 Dei
1139 1257 1258 1284 viventis
1285 1263 1442 1286 consortem
1472 1259 1607 1288 futurum.
1631 1260 1755 1296 Cumque

965 1301 1037 1328 nulla
1055 1306 1118 1329 tunc
1137 1302 1220 1329 bestia
1238 1310 1337 1337 corpus
1363 1303 1435 1331 illius
1457 1304 1606 1340 attigisset,
1630 1306 1755 1341 deposita

964 1353 999 1373 ex
1023 1346 1126 1381 stipite,
1139 1354 1234 1374 rursus
1248 1346 1274 1373 iu
1294 1347 1373 1383 162
1388 1356 1529 1376 carcerem
1554 1351 1712 1385 conjicitur,
1726 1353 1755 1379 in

965 1390 1038 1417 aliud
1061 1396 1199 1418 certamen
1224 1398 1364 1420 reservata
1382 1403 1388 1420 :
1404 1398 1433 1420 ut
1456 1393 1578 1429 pluribus
1594 1395 1757 1430 prolusioni-

965 1436 1016 1463 bus
1026 1436 1185 1464 adversario
1202 1442 1342 1472 superato,
1361 1440 1476 1467 tortuosi
1498 1441 1607 1474 quidem
1641 1449 1754 1476 serpen—

967 1481 1002 1508 tis
1031 1482 1290 1511 condemnationem
1320 1489 1423 1511 certam
1464 1491 1546 1520 atque
1569 1487 1754 1514 inevitabilem

967 1527 1104 1560 redderet,
1128 1527 1228 1556 fratres
1253 1535 1320 1557 vero
1345 1530 1471 1565 exemplo
1497 1539 1546 1559 suo
1568 1532 1752 1560 accenderet:

927 1587 950 1618 ο
967 1572 1068 1608 quippe
1081 1581 1142 1608 quae.
1165 1576 1272 1603 tametsi
1289 1576 1384 1610 pusilla
1413 1576 1576 1614 inﬁrmaque
1595 1584 1623 1608 et
1636 1583 1755 1607 contem-

965 1623 1024 1654 pta,
1041 1618 1145 1646 Christi
1160 1624 1262 1653 tamen,
1274 1621 1364 1655 magni
1379 1620 1451 1648 illius
1470 1622 1620 1658 invictique
1631 1625 1753 1658 athletae,

967 1664 1065 1692 robore
1088 1664 1194 1697 induta.
1217 1671 1244 1693 et
1267 1666 1455 1694 adversarium
1475 1669 1568 1696 multis
1583 1669 1690 1698 vicibus
1708 1677 1756 1699 stl-

967 1714 1100 1745 perasset,
1115 1716 1145 1738 et
1163 1710 1283 1746 glorioso
1295 1713 1448 1741 certamine
1463 1721 1595 1742 coronam
1617 1716 1756 1744 immorta-

965 1757 1052 1785 litatis
1072 1761 1249 1792 reportasset.
1275 1758 1382 1786 Attalus
1413 1767 1522 1794 quoque
1545 1760 1723 1790 vehementer
1738 1771 1754 1789 a

967 1804 1067 1838 populo
1090 1803 1243 1839 postulatus
1269 1805 1303 1832 ad
1320 1805 1497 1841 supplicium,
1512 1811 1605 1841 utpote
1621 1808 1662 1835 vir
1676 1809 1755 1836 valde

966 1849 1092 1882 celebris,
1107 1855 1220 1886 paratus
1235 1851 1269 1878 ad
1284 1856 1424 1879 certamen
1442 1853 1569 1885 accessit,
1585 1853 1672 1882 fretus
1687 1862 1755 1882 con-

966 1895 1081 1922 scientia
1102 1901 1177 1924 recte
1200 1897 1344 1924 factorum.
1361 1897 1466 1933 Quippe
1487 1899 1513 1925 in
1531 1898 1752 1927 Christianorum

965 1941 1107 1976 disciplina
1132 1941 1219 1970 solide
1247 1943 1429 1976 exercitatus,
1455 1944 1586 1979 testisque
1612 1946 1684 1980 apud
1704 1953 1753 1974 nos

960 2033 1060 2065 potest;
1087 2033 1116 2056 et
1142 2030 1256 2065 quidem
1274 2030 1426 2062 commode.
1448 2033 1478 2057 ut
1502 2029 1568 2056 mihi
1593 2030 1707 2058 videtur.
1726 2032 1753 2059 Id

957 2064 1029 2100 enim
1042 2065 1091 2091 sibi
1107 2064 1198 2091 volunt
1208 2065 1400 2100 Lugdunenses
1414 2074 1421 2091 :
1436 2071 1533 2100 nomen
1548 2065 1660 2099 Christi,
1671 2073 1752 2100 quem

958 2099 1027 2133 lapsi
1044 2104 1221 2134 negaverant,
1235 2099 1312 2126 dulce
1326 2100 1359 2125 de
1369 2103 1467 2126 caetero
1480 2099 1548 2133 ipsis
1559 2100 1652 2128 fuisse.
1669 2099 1754 2130 Paulo

959 2139 1019 2167 post
1035 2141 1083 2168 pro
1099 2133 1271 2169 ὲρωτηθῶσι,
1286 2133 1378 2160 Codex
1397 2133 1542 2161 Medicazus
1554 2139 1582 2161 et
1599 2135 1754 2165 Mazarinus

959 2169 1155 2229 ὲγῖερωτηθῶσι
1173 2169 1283 2196 habent.
1303 2169 1349 2195 Sic
1363 2169 1446 2196 etiam
1466 2169 1550 2196 codex
1572 2169 1639 2197 Fuit.
1660 2176 1688 2199 et
1703 2171 1756 2199 Sa-
1770 2184 1776 2188 ·

960 2211 984 2229 Vl
1001 2212 1028 2229 ll.

960 2211 1028 2231 νιιιι.

927 2255 948 2282 D
998 2237 1054 2278 (20)
1067 2238 1390 2279 Ἀξίοτυμθτανισθῆναί.
1409 2238 1484 2266 Hanc
1498 2246 1591 2279 vocem
1608 2247 1659 2280 non
1676 2240 1752 2282 intel-

964 2272 1029 2300 lexit
1045 2273 1319 2307 Cltrtstophorsouus,
1334 2281 1378 2307 qut
1390 2278 1521 2308 lympams
1538 2278 1752 2308 torquertverttt.

963 2307 1034 2340 Quid
1068 2308 1119 2335 hoc
1151 2308 1262 2335 verbum
1291 2308 1439 2342 signiticet,
1465 2307 1631 2342 jampridem
1661 2311 1754 2337 docuit

963 2342 1137 2370 Villiomarus
1152 2343 1178 2370 in
1191 2343 1268 2369 libris
1280 2343 1409 2369 Adversus
1420 2342 1560 2369 Hobertum
1572 2343 1680 2371 Titium.

998 2377 1054 2414 (21)
1068 2376 1128 2414 Τῆς-γ
1140 2377 1245 2414 ἐνθάδε
1255 2378 1482 2414 πανηγύρεως...
1498 2378 1670 2414 ἀρχομένης
1679 2386 1754 2407 συν-

962 2411 1230 2440 εσὲάναιζϋειειπίε
1239 2420 1271 2440 ex
1284 2411 1356 2440 omni
1370 2411 1612 2440 Galli:tconvcittus
1631 2411 1755 2442 ludorum

963 2454 1045 2474 causa
1063 2447 1144 2474 fiebat
1168 2447 1301 2482 Lugduni.
1320 2447 1353 2473 ad
1376 2447 1592 2482 aramrAugusto
1605 2454 1753 2477 sacratam.

964 2482 1056 2509 Dicata
1070 2486 1160 2509 autem
1180 2481 1268 2508 fuerat
1279 2483 1337 2508 haec
1356 2489 1402 2508 ara
1412 2481 1612 2510 .lulioAntonio
1628 2487 1653 2510 et
1670 2483 1756 2512 Fabio

963 2516 1094 2544 Africano
1115 2524 1200 2549 coss.,
1215 2516 1343 2543 Kalendis
1357 2516 1482 2549 Augusti,
1499 2522 1529 2544 ut
1544 2518 1639 2544 scribit
1654 2518 1754 2545 Sueto-

967 2553 1029 2579 nius
1052 2553 1078 2579 in
1101 2552 1222 2578 Claudio.
1242 2551 1294 2578 Eos
1313 2551 1389 2578 ludos
1409 2551 1498 2578 adhuc
1515 2559 1561 2579 sua
1579 2557 1659 2580 aetate
1679 2560 1756 2580 mau-

964 2586 1035 2614 sisse
1049 2586 1144 2614 scribit
1160 2587 1218 2622 Dio.
1233 2585 1269 2612 Ex
1284 2586 1325 2612 his
1342 2585 1478 2619 colligitur
1494 2593 1630 2622 martyres
1645 2587 1756 2622 Lugdu-

965 2629 1062 2656 nenses
1071 2628 1164 2648 mense
1179 2619 1298 2656 Augusto
1312 2627 1484 2656 passosesse.
1493 2619 1670 2654 Quod'autem
1683 2619 1756 2656 Ᾰιιο,

965 2655 1115 2688 Usuardus,
1130 2657 1212 2687 Beda,
1224 2654 1366 2692 ’Notkerus
1385 2655 1621 2692 aliiquegnatalem
1645 2654 1755 2692 Lugd";

965 2692 1087 2718 nensium
1105 2694 1253 2726 martyrum
1270 2689 1452 2726 conferuutin
1468 2691 1540 2718 diem
1559 2689 1754 2726 quartum'l‘o-

966 2734 1015 2753 nas
1030 2726 1114 2757 Junii,
1143 2724 1209 2752 nihil
1225 2732 1269 2752 me
1288 2729 1388 2761 movet.
1405 2724 1453 2751 Diu
1482 2726 1554 2753 enim
1568 2724 1631 2761 post
1645 2728 1755 2755 illorum

966 2768 1071 2791 necem,
1084 2768 1145 2788 cum
1161 2761 1267 2788 illorum
1286 2760 1405 2794 reliquiae
1425 2760 1540 2788 inventae
1559 2761 1682 2794 fuissent,
1712 2763 1758 2790 hic

965 2797 1024 2823 dies
1036 2796 1206 2830 potissimutn
1219 2796 1322 2823 electus
1338 2799 1390 2826 est,
1407 2802 1461 2830 quo
1474 2796 1592 2823 omnium
1609 2797 1688 2824 simul
1702 2805 1757 2823 me-

967 2832 1052 2857 moria
1080 2831 1275 2863 celebraretur,
1298 2838 1359 2857 cutu
1384 2836 1471 2858 tatncn
1493 2839 1546 2858 non
1569 2839 1624 2859 ttno
1647 2833 1758 2859 codem-

965 2873 1019 2899 que
1033 2866 1074 2892 die
1089 2873 1182 2893 omnes
1197 2867 1268 2900 passi
1292 2866 1355 2898 sint,
1382 2873 1412 2892 ut
1438 2874 1470 2893 ex
1497 2867 1548 2893 hac
1566 2867 1679 2901 epistola
1691 2875 1758 2894 cotti-

966 2906 1032 2928 stat.

1565 2948 1600 2976 ιθ
