1996 3165
156 169 207 196 857

666 169 839 197 HISTORle
860 166 1139 197 ECCLESIASTICE
1159 166 1220 195 LIB.
1242 167 1274 195 ν.

1715 167 1767 195 438

156 218 199 242 ἔτι
216 216 278 248 τοὺς
293 218 507 254 ἑμφανιστέρους
526 215 559 252 ἧς
582 218 742 253 κατείληφεν
758 218 937 253 ἁποστολικῆς

995 219 1110 251 videtur,
1133 218 1179 245 ubi
1203 217 1442 252 praestantissimos
1465 216 1545 252 176
1566 222 1685 250 quosque
1701 223 1767 250 apo-

157 260 284 297 διαδοχῆς
296 263 537 298 ὲπισημαινόμενος
550 263 616 298 (74),
631 263 716 290 ταῦτά
731 272 824 299 φησιν·
841 273 849 289 ι
867 263 935 298 Ἤδη

153 308 180 335 δὲ
198 307 228 334 ὁὺ
253 307 342 343 γραφὴ
358 309 397 340 είς
411 308 538 341 ἐπίδειξιν
553 305 754 345 τετεχνασμένή
772 309 819 344 ἥδε
836 311 851 344 ἡ
869 318 937 343 πρα-

153 353 284 389 γματεία,
302 353 370 380 ἀλλά
388 363 432 389 μοι
446 355 628 390 ὑπομνήματα
645 356 685 387 είς
700 355 789 390 γῆρας
809 355 938 391 Θησαυρί-

156 399 233 432 ζεται
254 399 339 436 λήθης
354 401 515 436 φάρμακον·
537 401 644 428 εῐδωλον
660 401 778 437 ἀτεχνῶς
791 402 838 428 καὶ
860 409 937 428 σκια-

157 445 261 481 γραφία
277 445 330 472 τῶν
345 445 467 482 ἐναργῶν
482 447 529 473 καὶ
543 447 671 482 ἐμψύχων
685 447 795 473 ἐκείνων
807 443 843 473 ὧν
873 455 938 473 κατ-

157 490 276 527 ηξιώθην
300 491 414 518 ἀκοῦσαι
435 492 521 526 λόγων
545 501 575 519 τε
601 493 646 520 καὶ
656 491 758 528 ἀνδρῶν
786 493 937 527 μακαρίων,

159 537 206 564 καὶ
218 537 257 573 τῷ
273 537 328 564 ὄντι
344 537 499 572 ἀξιολόγων.
518 538 624 564 Τούτων
645 539 659 564 ὁ
677 538 725 573 μὲν
742 538 788 564 ἐπὶ
804 538 852 573 τῆς
880 537 938 563 Ἐλ-

158 584 235 615 λάδος
257 585 271 610 ό
299 584 426 616 Ἰωνικὸς,
450 585 464 611 ὁ
480 585 508 611 δὲ
526 585 571 611 ἐπὶ
588 585 636 620 τῆς
659 584 779 620 μεγάλης
806 583 938 615 Ἑλλάδος,

156 630 207 664 τῆς
223 630 323 666 Κοίλης
344 630 439 665 ἅτερος
456 630 544 657 αὐτῶν
565 629 664 666 Συρίας
678 629 732 665 (75)
749 628 794 665 ἦν,
811 630 825 656 ὁ
843 629 871 655 δὲ
892 629 939 655 ἀπ’

157 675 305 710 Αἰγύπτου.
329 675 420 702 ’Λλλοι
441 676 468 702 δὲ
485 676 535 703 ἀνὰ
548 676 598 712 τὴν
610 676 760 711 Ἀνατολήν·
779 676 826 703 καὶ
840 675 940 711 ταύτης

156 723 171 748 ὁ
198 721 247 757 μέν
268 730 308 753 τις
328 721 381 748 τῶν
404 722 563 757 Ἀσσυρίων,
579 722 593 748 ὁ
612 722 640 748 δὲ
665 723 693 748 ἐν
715 723 748 757 τῇ
775 721 940 757 Παλαιστίνῃ

163 768 288 804 Ἐϐραῖος
306 768 447 796 ἀνέκαθεν.
472 769 595 803 ’Υστάτῳ
610 768 638 794 δὲ
653 768 814 803 περιτυχὼν,
829 767 941 802 δυνάμει

157 814 185 840 δὲ
203 814 258 849 ἄρα
274 813 381 849 πρῶτος
394 811 438 849 ἦν,
454 813 659 849 ἀνεπαυσάμην,
671 813 700 839 ὲν
715 813 843 848 Αίγύπτῳ
859 813 942 849 θηρά-

158 868 207 891 σας
223 859 353 895 λεληθότα
368 859 435 894 (76).
457 859 528 886 Ἀλλ’
542 861 566 886 οἰ
585 859 635 895 μὲν
657 859 706 894 τὴν
719 859 805 894 ἀληθῆ
822 861 871 894 τῆς
888 868 940 894 μα-

989 262 1091 291 stolicie
1113 262 1242 290 doctrinze
1263 269 1434 289 successores
1459 269 1474 288 a
1499 263 1597 296 quibus
1630 261 1769 288 institutus

988 309 1086 342 fuerat,
1102 312 1226 337 recenset
1239 308 1281 334 his
1297 308 1387 335 verbis
1402 316 1409 334 :
1428 317 1436 333 i
1453 308 1484 334 Hi
1500 308 1607 342 quidem
1624 307 1698 342 libri,
1718 315 1768 334 ne-

988 362 1121 389 quaquam
1149 354 1182 381 ad
1209 353 1418 380 ostentationem
1444 352 1592 385 elaborati,
1614 354 1660 380 sed
1691 353 1769 386 quasi

989 401 1116 428 viaticum
1133 400 1292 432 senectutis,
1311 405 1338 426 et
1354 398 1498 426 oblivionis
1514 398 1674 430 remedium,
1693 406 1708 424 a
1729 405 1772 425 me

989 446 1102 481 sepositi
1122 445 1309 473 commentarii
1339 444 1521 472 reconduntur
1540 453 1546 470 :
1566 448 1596 470 ut
1617 444 1671 470 sint
1694 445 1776 480 nobis.

991 494 1078 527 imago
1093 492 1215 527 quaedam
1232 496 1258 519 et
1273 491 1378 526 species
1390 491 1549 517 adumbrata
1564 489 1682 518 ellicaeis
1700 490 1773 517 illius

991 539 1169 574 auimatzeque
1183 537 1322 569 doctrinae,
1335 544 1415 572 quam
1433 544 1448 562 a
1467 536 1532 562 viris
1549 535 1646 568 beatis,
1664 540 1774 562 etcom-

991 585 1184 611 ntemoratione
1197 583 1318 618 profecto
1330 582 1496 617 dignis-simis
1509 579 1602 608 audire
1613 581 1772 608 meruimus.

991 631 1090 657 lloruin
1114 630 1182 656 alter
1204 629 1230 655 in
1253 628 1355 655 Crmcia
1382 628 1506 658 lonicus,
1532 626 1600 652 alter
1627 625 1653 652 in
1678 625 1774 661 Magna

991 677 1093 704 Graecia
1105 676 1164 703 fuit.
1180 675 1299 709 Quorum
1321 673 1364 700 ille
1378 673 1486 707 quidem
1502 679 1535 699 ex
1552 671 1701 707 Coalesyria
1716 675 1777 698 erat

991 723 1132 756 oriundus,
1144 722 1188 749 ille
1197 729 1261 749 vero
1269 729 1300 747 cx
1316 720 1442 755 Ᾱίεγριο.
1455 719 1505 746 Alii
1520 725 1610 747 autem
1624 719 1650 745 in
1664 719 1777 746 Oriente

991 772 1130 803 vixerunt;
1145 779 1177 797 ex
1190 771 1289 805 quibus
1305 769 1374 796 alter
1389 769 1498 804 quidem
1515 769 1565 795 fuit
1577 769 1705 803 Assyrius
1717 778 1723 795 :
1737 768 1777 795 al-

993 823 1033 844 ter
1048 818 1074 844 in
1093 816 1252 848 Palaestina,
1272 816 1306 843 ab
1331 815 1424 842 ultima
1446 815 1551 850 origine
1566 815 1704 842 Hebraeus.
1724 814 1778 841 No-

993 862 1131 889 vissimuin
1153 869 1233 894 vero,
1254 862 1361 888 tametsi
1384 862 1428 888 hic
1451 861 1584 888 doctrinae
1605 860 1702 886 inerito
1717 867 1778 886 cin-

158 905 256 940 καρίας
270 905 440 937 διδασκαλίας
458 905 590 937 σώζοντες
615 905 772 941 παράδοσιν,
790 904 870 936 εὐθὺς
890 905 940 931 ἀπὸ

995 908 1066 934 nium
1080 909 1184 942 primus
1199 913 1279 939 erat,
1299 915 1360 935 eum
1379 915 1441 934 casu
1456 907 1572 942 quodam
1590 906 1777 938 oﬂ‘eiidissein,

157 949 261 986 Πέτρου
278 951 325 978 καὶ
345 950 484 982 ἰακώὸου,
507 950 629 978 Ἰωάννου
645 959 673 976 τε
692 951 737 977 καὶ
759 950 865 977 Παύλου
888 950 940 977 τῶν

157 995 242 1030 ἁγίων
262 996 432 1027 ἀποστόλων,
452 997 516 1027 παῖς
542 995 617 1031 παρὰ
641 996 741 1031 πατρὸς
764 995 940 1031 ἐκδεξάμενος

158 1041 167 1076 (
179 1041 263 1075 ὀλίγοι
275 1041 303 1068 δὲ
315 1041 340 1068 οἱ
356 1041 488 1077 πατράσιν
501 1041 587 1076 ὅμοιοι
601 1041 620 1075 ),
632 1039 698 1077 ἧκον
713 1041 744 1077 δὴ
760 1041 807 1067 σὺν
822 1041 880 1076 Θεῷ
894 1042 941 1070 καὶ

157 1087 197 1117 είς
212 1086 294 1121 ἡμᾶς,
312 1086 345 1112 τὰ
363 1085 512 1122 προγονικὰ
534 1086 624 1112 ἐκεῖνα
645 1087 692 1113 καὶ
713 1086 877 1113 ἀποστολικὰ
894 1095 942 1113 κα-

156 1131 258 1166 ταθησό
262 1141 335 1167 μενοι
355 1132 510 1167 σπέρματα.
528 1142 537 1156 ι

994 954 1100 980 tandem
1120 954 1147 980 in
1168 961 1201 981 eo
1215 953 1338 988 acquievi
1356 963 1362 980 :
1381 961 1461 987 quem
1482 953 1592 988 quidem
1613 953 1639 979 in
1660 952 1779 988 Egypt!)

995 1000 1141 1033 latentem,
1161 1005 1289 1035 tanquam
1305 1005 1420 1028 venator
1440 1000 1644 1035 indagaveram.
1662 999 1692 1026 lli
1712 1006 1779 1034 ergo

993 1045 1126 1072 sinceram
1150 1047 1304 1081 apostolica:
1330 1046 1463 1074 doctriiize
1484 1045 1657 1072 traditionem
1684 1051 1779 1072 custo—

995 1091 1110 1124 dientes,
1126 1100 1207 1127 quam
1219 1093 1274 1127 jam
1293 1093 1355 1120 inde
1370 1100 1385 1119 a
1398 1092 1489 1123 Petro,
1502 1091 1615 1122 Jacobo,
1633 1090 1737 1118 Joanne
1747 1098 1780 1118 ac

996 1136 1078 1164 Paulo
1094 1139 1275 1166 sanctissimis
1293 1139 1434 1174 apostolis,
1450 1143 1576 1172 tauquam
1593 1137 1639 1164 lilii
1655 1145 1669 1163 a
1682 1144 1780 1171 pareit-

160 1179 240 1209 tibus,
258 1178 384 1205 continua
408 1180 583 1206 successione
626 1179 752 1206 traditam
791 1187 970 1215 acceperant,
1001 1186 1108 1212 tametsi
1130 1193 1190 1213 raro
1213 1187 1353 1222 contingat
1375 1191 1403 1213 ut
1424 1185 1582 1221 parentibus
1604 1185 1706 1212 similes
1726 1185 1780 1212 sint

159 1225 217 1257 ﬁlii,
236 1225 282 1253 Dei
303 1231 368 1253 nutu
391 1226 424 1253 ad
447 1231 538 1253 nostra
561 1234 645 1261 usque
666 1231 785 1262 tempora
805 1235 992 1264 pervenerunt,
1014 1237 1043 1259 ut
1067 1234 1139 1261 avita
1171 1240 1198 1261 et
1218 1235 1365 1271 apostolica
1391 1234 1493 1261 semina
1521 1234 1654 1260 mentibus
1680 1233 1780 1260 nostris

158 1273 320 1300 insererent.
340 1282 349 1298 I

417 1308 614 1334 ΚΕΦΑΑΑΙΟΝ
632 1309 681 1335 lB'.

233 1352 303 1386 Περὶ
322 1351 381 1379 τῶν
397 1352 432 1379 ἐν
452 1353 672 1414 ἸἛοσολύμοις
686 1355 860 1382 ἐπισκόπων

395 1388 465 1414 (Nic.
513 1408 519 1414 .
539 1388 570 1414 Ε.
589 1397 625 1414 iv.
644 1390 699 1414 19).

395 1388 465 1423 (Nic.
483 1388 519 1414 Η.
539 1388 570 1415 Ε.
589 1397 625 1420 iv,
644 1390 699 1424 l9).

199 1433 260 1459 Ἐπὶ
283 1432 385 1460 τούτων
414 1435 463 1469 τῆς
493 1435 521 1460 ὲν
553 1434 748 1470 Ἰεροσολύμοις
781 1436 944 1473 Ἐκκλησίας

157 1479 316 1511 ἐπίσκοπος,
336 1481 350 1506 ὁ
374 1480 448 1515 παρὰ
473 1480 579 1512 πολλοῖς
602 1481 686 1508 εἰσέτι
711 1482 758 1509 νῦν
782 1482 945 1519 βεϐοημένος

1303 1313 1416 1341 CAPUT
1434 1313 1489 1341 Xll.

1165 1359 1201 1387 De
1218 1360 1460 1394 Hierosolymorum
1471 1360 1607 1395 episcopis.

1032 1437 1131 1464 Eadem
1164 1424 1327 1470 tempestate
1349 1435 1502 1467 Narcissus,
1531 1435 1779 1471 Hierosolymorum

997 1482 1150 1517 episcopus,
1164 1481 1266 1513 ﬂoruit,
1283 1481 1324 1508 vir
1342 1481 1489 1508 multorum
1503 1482 1675 1509 sermonibus
1688 1487 1780 1509 nostra

155 1524 318 1561 ὲγνωρίςετο
330 1525 495 1561 Νάρκισσος,
515 1527 759 1564 πεντεκαιδεκάτην
775 1528 849 1563 ἄγων
865 1529 940 1556 διαδο

997 1535 1103 1563 quoque
1132 1532 1211 1554 a:taie
1234 1527 1398 1554 celebratus.
1426 1525 1475 1554 Hic
1500 1529 1622 1560 quintum
1647 1526 1780 1554 decimum

155 1570 217 1605 χὴν,
243 1570 297 1596 ἀπὸ
312 1571 362 1606 τῆς
380 1570 435 1597 τῶν
458 1571 592 1598 Ἰουδαίων
607 1573 677 1600 κατὰ
699 1574 837 1610 Ἀδριανδν
855 1575 940 1602 πολιο-

997 1574 1177 1601 successionis
1189 1573 1275 1600 locum
1289 1572 1407 1600 obtinuit
1423 1577 1482 1607 post
1499 1573 1685 1600 obsessionem
1707 1572 1780 1613 illam

157 1616 253 1650 ρκίας·
274 1616 303 1648 ἐξ
321 1613 351 1643 οὗ
367 1617 399 1653 δὴ
422 1617 528 1653 πρῶτον
548 1619 598 1654 τὴν
617 1619 709 1646 αὐτόθι
731 1621 892 1657 Ἐκκλησίαν
915 1622 944 1655 ἐξ

155 1660 240 1687 ὲθνῶν
263 1662 393 1697 συστῆναι
415 1663 484 1698 μετὰ
502 1664 565 1695 τοὺς
585 1666 618 1690 ὲκ
639 1666 800 1701 περιτομῆς,
824 1666 944 1703 καθηγή-

156 1707 254 1734 σασθαί
266 1717 296 1734 τε
313 1709 401 1735 αὐτῶν
416 1708 522 1744 πρῶτον
536 1710 564 1743 eg
576 1710 660 1737 ἐθνῶν
674 1711 821 1739 ἐπίσκοπον
832 1714 944 1749 Μάρκον

155 1752 341 1788 ἐδηλώσαμεν.
365 1754 433 1780 Μεθ’
457 1754 485 1780 ὃν
508 1755 706 1782 ὲπισκοπεῦσαι
729 1757 892 1791 Κασσιανὺν,
915 1760 943 1786 αἱ

154 1799 210 1825 τῶν
226 1799 321 1826 αὐτόοι
336 1799 455 1835 διαδοχαὶ
471 1801 527 1836 (77)
545 1801 718 1837 περιέχουσι·
741 1804 787 1830 καὶ
804 1804 871 1839 μετὰ
883 1805 945 1831 τοῦ-

154 1869 229 1904 quod
245 1875 341 1896 auctor
361 1877 454 1899 eorum
469 1877 659 1906 excerptorum
675 1873 725 1906 sub
739 1874 818 1901 linem
837 1874 942 1901 Ριιιιιειι-

156 1912 220 1941 Eiim
238 1905 399 1941 magistrum
409 1913 496 1941 suum
518 1905 647 1941 appellat.
671 1906 717 1934 Sic
738 1909 810 1936 enim
831 1910 891 1935 ait:
913 1910 942 1936 '0

155 1939 307 1980 Hdt/tiaton
320 1939 347 1965 δὲ
457 1939 561 1980 ἔλεγενξ
573 1946 623 1980 etc.
646 1942 706 1969 Fuit
725 1949 812 1970 autem
835 1943 942 1972 Pantae-

157 1982 208 2012 nus
230 1975 381 2012 Clementis
403 1976 578 2012 Alexandrini
607 1983 765 2012 praeceptor,
792 1985 820 2006 ut
846 1980 941 2006 sci-ibit

154 2008 304 2049 Eusebius;
334 2017 414 2049 quem
433 2011 569 2049 _Cle_meus
602 2008 628 2049 in
655 2008 717 2049 illis,
740 2013 940 2048 Hyaoiyposeon

154 2044 234 2081 l_ibris
256 2044 405 2081 identidem
433 2046 578 2080 laudabat,
607 2048 678 2074 sicut
698 2044 939 2081 Phenus—reteri.

155 2078 386 2119 Eorro'l'heodoti
405 2086 535 2119 excerpta
558 2078 650 2119 laudat
670 2079 753 2110 etiam
786 2083 941 2119 Victorinus

153 2113 364 2154 Ifetabipnensis
374 2113 516 2150 episcopus
529 2117 556 2144 in
568 2117 763 2145 Cummeniari‘a
782 2120 814 2145 ad
827 2118 940 2147 Joannis

154 2149 351 2184 Apaciilypsim.

191 2183 579 2222 (τω-,Ἐπισημρινόμενοᾳ
618 2187 683 2214 Tres
711 2190 795 2216 nostri
821 2191 940 2222 i-oilii-es,

154 2218 237 2252 Man,
256 2218 328 2261 aged.
353 2218 623 2261 et'FukESeriptuin
648 2224 747 2261 habent
773 2218 942 2261 ἐπισημηνάῖ

155 2263 246 2295 μενρςς
266 2255 319 2295 8Ξρ
333 2256 443 2295 vulgata
462 2257 542 2295 lectio
550 2255 658 2295 melior
668 2259 782 2295 videtur.

191 2290 247 2330 (ib)
277 2290 332 2330 Τῆς·
363 2293 474 2330 Κοίλης
495 2292 600 2326 ἅτερος
626 2292 724 2330 αὐτῶν
755 2296 874 2330 Συρίας.
905 2296 942 2324 lix

154 2325 261 2364 duobus
278 2326 342 2364 viris
359 2334 373 2352 a
386 2325 524 2354 Clemente
539 2325 708 2364 memoratis,
724 2325 943 2364 male'iuterpre-

155 2365 196 2386 tes
210 2359 262 2386 hoc
277 2360 335 2387 loco
351 2367 467 2395 quatuor
482 2363 615 2389 fecerunt.
635 2359 705 2390 Duos
719 2365 790 2391 enim
803 2359 942 2392 sacrarum

155 2395 308 2421 litterarum
327 2396 453 2424 doctores
474 2405 488 2423 a
506 2404 536 2424 se
555 2398 661 2425 auditos
678 2398 721 2425 hic
737 2406 869 2427 memorat
882 2402 944 2428 Gle~

155 2437 250 2468 inens;
266 2430 381 2468 alterum
398 2431 424 2468 in
440 2432 542 2458 Achaia
557 2452 564 2464 ,
591 2434 636 2468 qui
653 2433 758 2460 Ionicus
782 2435 941 2468 dicebatur;

153 2467 274 2502 alterum
295 2473 359 2502 vero
371 2467 396 2492 in
411 2467 486 2493 Italia
498 2475 505 2499 ;
517 2471 544 2493 et
559 2470 653 2494 lioritin
666 2469 774 2502 quidem
795 2471 909 2497 alterum
928 2467 943 2497 e

152 2501 304 2541 C(elesyria
320 2501 465 2541 oriundum
483 2503 590 2541 tiiisse_:_
604 2501 718 2530 alterum
743 2510 834 2532 autem
859 2505 942 2541 [Εεν-

152 2533 253 2573 ριὶυιιιζ
266 2536 370 2563 Prieter
385 2538 434 2563 hos
450 2538 533 2573 duos,
557 2538 624 2564 alios
647 2546 755 2573 quoque
778 2540 803 2566 in
823 2533 942 2568 Orieiit'is

153 2571 279 2609 partibus
305 2573 339 2598 ab
363 2579 392 2598 se
420 2572 529 2599 auditos
548 2579 617 2609 ‘esse
641 2571 779 2609 siibjiiiigit
797 2583 805 2601 :
826 2576 941 2602 alterum

151 2607 301 2644 Assyrium
311 2614 422 2640 genere,
439 2607 696 2644 qiie_m_‘l‘atiauum'
712 2607 772 2636 esse
800 2612 940 2644 suspicor;

151 2641 270 2680 alterum
282 2641 424 2668 Hebrzeum
437 2650 470 2668 ex
479 2641 629 2680 Palaestina
639 2663 647 2675 ,
661 2652 742 2677 quem
763 2641 940 2680 Theophilum

153 2683 214 2702 esse
229 2675 426 2712 Caesariensem
444 2677 599 2712 episcopum
616 2675 731 2705 credidit
755 2675 886 2707 Baron'ius
908 2681 941 2707 ad

154 2718 254 2748 anitum
272 2711 376 2748 Christi
391 2712 452 2739 l85.
471 2711 612 2748 Assyrium
628 2721 690 2740 veru
706 2715 780 2741 illum
800 2717 869 2742 idem
892 2716 942 2742 Ba-

154 2746 248 2785 rouius
272 2745 454 2785 ~{Sardesan‘ein
472 2745 533 2785 esse
555 2749 692 2782 opinatur.
722 2750 777 2785 Ego
800 2759 864 2777 vero
891 2752 942 2778 lle-

153 2779 256 2819 brzeuni
272 2782 347 2808 illum
358 2781 552 2819 errl’raliestina
566 2779 724 2815 oriundum.
745 2779 837 2819 potius
854 2787 942 2813 Theo-

153 2817 244 2856 dotum
262 2823 325 2856 esse
340 2818 501 2844 crediderim
519 2819 624 2856 :Jidque
635 2827 668 2856 ex
680 2827 712 2856 eo
730 2817 855 2856 conjicio,
869 2822 940 2856 quod

154 2851 282 2890 Epitome
292 2850 503 2890 [lypotyposeori
522 2850 671 2890 Clementis
694 2850 854 2882 inscribitur
868 2850 884 2870 ’”
894 2856 941 2882 Ἐκ

153 2886 206 2912 τῶν
217 2886 347 2914 Θεοδότου
364 2887 523 2922 ἀνατολικῆς
533 2888 715 2919 διδασκαλίας.
727 2892 852 2918 Clemens
868 2893 939 2919 ciiiiii

315 2937 450 2967 PATROL.
471 2938 527 2968 Gn.
545 2938 608 2967 XX.

997 1619 1162 1651 Iudaeorum,
1175 1628 1234 1654 quin
1247 1619 1366 1646 Adriano
1381 1622 1511 1653 regnante
1525 1618 1597 1645 faeta
1608 1623 1660 1647 est.
1677 1619 1714 1646 Ex
1728 1627 1782 1654 quo

997 1667 1107 1701 quidem
1134 1671 1254 1700 tempore
1275 1665 1426 1692 Ecclesiam
1448 1663 1522 1690 illius
1537 1664 1589 1691 loci
1609 1665 1727 1699 primum
1749 1672 1782 1691 ex

998 1711 1123 1745 gentibus
1144 1711 1276 1738 coaluisse
1293 1715 1354 1746 post
1375 1717 1421 1738 eos
1442 1711 1487 1745 qui
1511 1719 1545 1738 ex
1570 1710 1783 1738 circumcisione

997 1757 1115 1790 l'iieruut,
1135 1758 1304 1792 primumque
1317 1766 1349 1785 ex
1367 1758 1491 1793 gentibus
1511 1757 1631 1784 Marcum
1647 1758 1700 1785 illis
1715 1765 1782 1792 pra:-

998 1804 1080 1830 fuisse
1094 1803 1244 1830 retulimus.
1255 1803 1317 1830 Post
1329 1811 1407 1838 quem
1419 1803 1573 1838 episcopatu
1586 1803 1709 1831 l'unctuni
1722 1811 1783 1830 esse

998 1879 1029 1898 ea
1057 1879 1117 1903 qum
1136 1878 1151 1896 a
1171 1870 1308 1904 magistris
1339 1871 1364 1896 iii
1391 1870 1502 1898 Oriente
1526 1870 1672 1903 didicerat,
1702 1876 1782 1898 vocat

1004 1905 1175 1941 ’Δνατολικὴν
1196 1905 1378 1932 διδασκαλίαν.
1401 1905 1592 1941 Theophilumr
1605 1913 1669 1932 vero
1692 1907 1782 1932 Caesa-

999 1943 1114 1969 riensem
1131 1940 1175 1968 hic
1197 1949 1211 1967 a
1227 1941 1368 1968 Clemente
1388 1949 1440 1966 nuit
1458 1940 1612 1974 designari,
1638 1942 1691 1966 duo
1715 1942 1780 1967 mihi

997 1981 1156 2012 argumenta
1171 1977 1345 2012 persuadent.
1371 1975 1491 2012 ίΪὶιιιιιιη
1516 1975 1589 2012 quod
1615 1974 1781 2009 Theophilus

995 2010 1106 2047 :eq‘tialis
1125 2011 1177 2037 l'uit
1199 2011 1356 2038 Clementis.
1384 2010 1487 2047 Floruit
1512 2011 1583 2047 enim
1613 2012 1782 2047 temporibus

996 2045 1113 2074 Victoris
1136 2054 1231 2080 papas,
1259 2051 1289 2072 iit
1312 2053 1344 2072 ex
1373 2046 1489 2072 Eusebio
1512 2045 1651 2072 discimus.
1680 2045 1781 2073 Deinde

996 2082 1174 2117 Theophilum
1199 2082 1280 2113 hunc,
1306 2080 1460 2112 “ebrilllllll,
1486 2085 1533 2106 aut.
1557 2081 1628 2117 quod
1646 2080 1716 2106 idem
1740 2088 1782 2108 est

995 2115 1117 2144 Judaeum
1134 2117 1227 2144 fuisse.
1241 2124 1319 2142 nemo
1334 2124 1455 2143 veterum
1468 2117 1547 2142 dixit.
1558 2115 1617 2141 .lam
1632 2123 1696 2142 vero
1707 2118 1780 2150 quod

996 2157 1099 2186 spectat
1112 2153 1144 2178 ad
1158 2152 1351 2181 Bardesanein,
1368 2158 1455 2185 neque
1469 2152 1512 2177 hic
1525 2159 1538 2176 a
1549 2152 1687 2178 Clemente
1701 2152 1782 2178 intel-

997 2188 1041 2221 ligi
1059 2193 1156 2221 potest.
1175 2187 1231 2213 Non
1245 2186 1316 2213 eiiiin
1331 2188 1460 2220 Assyrius
1474 2186 1522 2212 fuit
1533 2187 1714 2218 Bardesanes,
1732 2188 1779 2213 sed

997 2223 1144 2256 Osroenus,
1177 2223 1308 2248 oriundus
1333 2221 1450 2254 Edessa,
1476 2230 1536 2255 quae
1559 2226 1641 2256 caput
1664 2228 1706 2248 est
1731 2221 1782 2249 0s-

998 2266 1095 2284 γυειιςιξ.

1030 2292 1084 2329 ξῖϐ)
1100 2293 1239 2327 Θηράσας
1252 2293 1410 2329 λεληθότα.
1423 2291 1487 2318 Post
1498 2291 1652 2329 li:ec_verba
1663 2299 1782 2329 sequun-

996 2327 1040 2355 tur
1056 2327 1177 2361 quaedam
1191 2328 1262 2362 apud
1278 2328 1457 2358 Clementem,
1476 2334 1536 2359 qua:
1549 2327 1683 2354 Eusebius
1701 2328 1783 2354 omit-

984 2370 1051 2391 'iere
1076 2372 1127 2390 non
1148 2364 1289 2390 debuerat.
1314 2362 1353 2389 Ex
1382 2363 1423 2389 liis
1451 2363 1522 2389 enim
1551 2362 1642 2395 colligi
1662 2363 1779 2392 videtur.

995 2399 1152 2425 l’aiitieniim
1171 2405 1205 2425 es;
1227 2398 1320 2424 Sicilia
1343 2398 1487 2425 oriundum
1510 2397 1604 2424 fuisse.
1631 2397 1727 2424 Annon
1754 2398 1780 2423 iil

994 2439 1087 2466 aperte
1105 2435 1219 2460 iiiiiuuut
1230 2433 1379 2460 Clementis
1397 2434 1453 2459 [nec
1472 2432 1573 2459 verba?
1593 2431 1720 2468 Σικελικὴ
1742 2432 1782 2468 τῷ

993 2469 1049 2494 ὄντι
1077 2469 1093 2504 ὴ
1115 2468 1237 2504 μέλιττα,
1251 2475 1304 2494 etc.
1324 2468 1389 2494 Cum
1403 2468 1474 2494 enim
1489 2469 1781 2504 praecedentibusrer—

994 2504 1035 2531 bis
1050 2504 1175 2530 Clemens
1192 2505 1347 2529 Panticuiiin
1362 2504 1493 2537 designet,
1514 2508 1542 2528 iit
1563 2508 1677 2529 testatur
1698 2503 1782 2530 Euse-

994 2539 1065 2569 bius,
1084 2539 1140 2565 hinc
1155 2546 1263 2572 quoque
1284 2539 1316 2564 ad
1334 2539 1458 2564 eumdem
1480 2538 1638 2564 l’aiitienitiit
1661 2538 1798 2570 referan-l

995 2579 1039 2600 tur
1053 2581 1163 2601 necesse
1177 2579 1228 2600 est.
1250 2573 1370 2599 Siculam
1388 2574 1471 2606 igitur
1487 2580 1565 2606 apem
1582 2581 1642 2598 eum
1659 2575 1783 2600 nominat

993 2610 1128 2640 Clemens,
1145 2617 1177 2635 eo
1192 2611 1264 2643 quod
1283 2610 1315 2634 de
1343 2608 1436 2635 Sicilia
1460 2613 1531 2635 esset
1556 2608 1700 2634 oriundus.
1724 2609 1782 2635 Cuu

993 2645 1066 2671 enim
1084 2644 1202 2670 Siculam
1216 2644 1304 2677 potius
1319 2651 1397 2678 apem
1415 2651 1477 2678 eum
1494 2648 1603 2669 voraret
1615 2649 1697 2677 quam
1711 2645 1784 2670 Atti-

993 2679 1075 2706 cain?
1088 2679 1183 2706 Petrus
1199 2679 1349 2705 llalloixius
1367 2680 1392 2705 in
1413 2677 1471 2704 Vita
1494 2677 1615 2704 Puniwni
1628 2697 1636 2710 ,
1654 2678 1693 2704 ait
1709 2679 1783 2704 illiiiii

994 2715 1078 2741 fuisse
1091 2722 1188 2749 genere
1205 2714 1358 2745 Hebraeum,
1381 2713 1460 2747 idque
1477 2720 1509 2739 ex
1523 2713 1671 2749 Clementis
1695 2713 1782 2740 verbis

993 2747 1104 2785 colligit:
1125 2749 1223 2776 Verum
1247 2749 1371 2785 Clemens
1393 2749 1470 2783 plane
1495 2747 1659 2785 contrarium
1683 2749 1782 2775 innuit.

993 2783 1216 2812 Naiiivllebraaum
1229 2784 1336 2818 quidem
1354 2784 1427 2810 illum
1445 2789 1482 2810 ait
1498 2792 1511 2808 :i
1527 2791 1556 2809 se
1577 2783 1700 2810 auditum
1721 2792 1784 2811 esse

993 2820 1020 2847 iu
1038 2819 1159 2851 Oriente,
1180 2820 1338 2846 Pantaenum
1351 2827 1415 2845 vero
1431 2819 1456 2845 iii
1474 2818 1600 2853 Egypto.

1029 2855 1085 2890 (77)
1109 2856 1144 2881 Λὶ
1164 2854 1223 2880 τῶν
1236 2854 1339 2882 αὐτόθι
1355 2854 1499 2888 διαδοχαί.
1518 2853 1625 2890 Nobiles
1643 2853 1782 2886 Ecclesia',

993 2895 1022 2918 et
1036 2889 1187 2924 praesertim
1204 2898 1263 2924 quae
1290 2892 1474 2924 tib-apostolis
1500 2889 1633 2916 instituta:
1661 2889 1782 2922 inerant,

1586 2937 1623 2966 15
