1996 3165
165 210 213 239 ιδι

692 208 868 236 HISTORIA:
889 209 1166 239 ECCLESIASTICE
1186 211 1250 239 LIB.
1270 211 1304 239 ν.

1735 212 1788 241 462

165 267 326 303 ϐαλλόμενοι
341 267 459 302 λέγουσι.
478 276 487 293 ι
508 267 610 303 Γράφει
627 267 656 294 δὲ
672 268 686 294 ὸ
702 269 782 300 αὐτὸς
798 269 836 300 ὡς
852 269 900 295 καὶ
915 271 939 296 εί

1008 271 1060 298 lius
1073 275 1222 298 sectatores
1238 275 1400 303 memorant,
1414 271 1542 306 princeps
1555 275 1582 298 et
1594 271 1787 306 antesignanus

163 313 259 349 λόγους
281 313 404 349 ἐληλύοοι
420 313 459 349 τῷ
478 313 603 349 Ἀπελλῇ,
626 314 737 348 φάσκων
750 314 853 347 οὕτως·
882 325 891 340 ‹
922 316 951 341 Ὀ

163 360 217 396 γὰρ
233 359 322 396 γέρων
345 359 476 394 Ἀπελλῆς
492 359 632 394 συμμίξας·
645 361 720 395 ἡμῖν,
735 360 820 387 πολλὰ
834 361 882 396 μὲν
902 369 950 387 κα-

163 406 219 438 κῶς
235 405 322 440 λέγων
337 405 457 441 ἠλέγχθη
467 414 474 421 ·
488 406 548 432 ὃοεν
568 406 614 432 καὶ
633 406 735 440 ἔφασκε
756 406 793 443 μὴ
816 407 870 434 δεῖν
883 407 950 439 ὅλως

163 452 299 485 ἐξετάζειν
317 452 362 479 τὸν
379 452 466 487 λόγον,
484 452 541 479 ἀλλ’
561 452 692 485 ἕκαστον,
711 453 749 485 ὠς
772 454 948 487 πεπίστευκε,

162 498 307 533 διαμένειν.
327 498 501 534 Σωθήσεσϐαι
524 498 578 533 γὰρ
594 499 657 530 τοὺς
676 499 723 525 ἐπὶ
746 499 792 526 τὸν
812 500 950 536 ἐσταυρω-

163 544 246 578 μένον
267 543 417 579 ὴλπικότας
439 544 614 578 ἀπεφαίνετο,
639 545 718 580 μόνον
734 545 781 571 ἐὰν
807 546 836 572 ὲν
859 545 950 581 ἔργοις

161 590 272 624 ἀγαθοῖς
286 590 475 626 εὑρίσκωνται.
487 591 523 616 Τὸ
535 590 562 616 δὲ
573 591 681 617 πάντων
695 591 880 625 ἀσαφέστατον
893 591 948 626 (82)

161 635 353 671 ὲδογματῖζετο
375 635 449 671 αὑτῷ
471 637 595 671 πρᾶγμα,
620 636 711 668 καθὼς
731 638 947 672 προειρήκαμεν,

161 682 192 708 τὸ
210 682 274 718 περὶ
293 682 339 709 τοῦ
363 682 441 708 Θεοῦ.
459 682 554 717 Ἔλεγε
573 684 626 719 γὰρ
652 683 716 719 μίαν
740 683 837 719 ἀρχὴν,
857 682 949 714 καθὼς

161 729 210 755 καὶ
229 729 243 754 ὁ
260 729 392 764 ἡμέτερος
407 729 494 763 λόγος,
522 739 531 755 ι
549 727 615 756 Εἶτα
631 729 742 765 προθεὶς
759 730 841 756 αὑτοῦ
857 730 947 755 πᾶσαν

159 774 209 810 τὴν
225 774 312 807 δόξαν,
340 775 465 811 ἐπιφέρει
493 775 620 809 φάσκων·
647 785 656 800 ι
683 776 815 809 Λέγοντος
838 775 867 802 δέ
897 784 946 811 μου

160 819 228 854 πρὸς
242 818 334 851 αὑτὸν,
351 819 438 846 Πόθεν
455 820 617 855 ἡάπόδειξις
638 820 707 856 αὕτη
726 829 777 852 σοι,
791 821 807 856 ἢ
823 821 882 852 πῶς
902 821 947 847 δύ-

158 873 239 891 νασαι
261 864 350 898 λέγειν
374 865 437 900 μίαν
461 865 557 901 ἀρχὴν,
585 866 687 902 φράσον
713 868 792 902 ἡμῖν·
817 867 878 902 ἔφη,
898 867 946 900 τὰς

160 909 210 943 μὲν
229 909 395 949 προφητείας
412 910 510 942 ἑαυτὰς
524 911 657 946 ἐλέγχειν,
680 911 724 938 διὰ
739 912 768 938 τὺ
785 913 866 948 μηδὲν
879 912 946 944 ὅλως

1005 317 1055 343 fuit
1069 316 1201 352 Syneros.
1225 325 1234 341 ι
1255 315 1326 342 ldem
1348 316 1461 343 Rhodon
1482 324 1511 343 se
1525 323 1586 343 cum
1602 316 1693 350 Apelle
1706 316 1789 344 ουΗο-

1004 368 1095 389 culum
1126 369 1188 390 esse
1216 363 1313 390 scribit
1338 362 1380 389 his
1406 362 1498 390 verbis
1525 371 1532 389 :
1562 371 1572 387 ι
1604 362 1692 389 Senex
1714 362 1787 390 enim

1003 409 1126 443 Apelles,
1151 408 1255 443 inquit,
1278 408 1346 435 inito
1369 407 1508 434 nobiscum
1533 407 1682 441 colloquio,
1705 407 1787 434 multa

1003 453 1110 488 quidem
1123 460 1262 487 perperam
1275 453 1364 480 dicere
1376 453 1515 479 convictus
1536 457 1587 479 est.
1606 451 1787 485 Quamobrem

1002 500 1084 527 etiam
1100 499 1239 526 asserebat
1259 506 1311 525 non
1330 505 1391 525 esse
1410 498 1521 524 omnino
1535 497 1741 524 examinandam
1758 498 1789 523 li-

1003 546 1074 578 dem,
1090 545 1138 572 sed
1152 551 1375 579 unumquemque
1395 544 1420 570 in
1435 551 1467 570 eo
1484 544 1555 578 quod
1572 544 1654 571 semel
1666 543 1789 570 imbibis-

1002 597 1058 624 set,
1081 597 1203 626 perstare
1216 595 1353 625 oportere.
1370 589 1476 624 Quippe
1491 597 1537 616 eos
1550 589 1596 624 qui
1614 589 1640 616 in
1652 589 1788 616 Crucitixo

1002 647 1076 674 spem
1095 647 1170 666 suam
1186 638 1374 670 collocassent,
1393 638 1542 664 servandos
1554 644 1614 664 esse
1625 635 1786 668 aﬂirmabat,

1002 685 1147 711 dummodo
1177 684 1203 710 itt
1238 683 1316 713 bonis
1345 681 1474 716 operibus
1505 680 1786 715 deprehenderentur.

1001 729 1067 756 Rem
1085 735 1150 755 vero
1167 727 1288 755 onmium
1309 726 1530 754 obscurissimam
1552 732 1612 752 esse
1634 725 1786 755 statuebat,

1001 775 1180 807 utdiximus,
1204 775 1381 808 qnznslionetn
1404 773 1436 799 de
1456 771 1521 798 Deo.
1546 771 1634 798 Unum
1654 771 1786 805 siquidem

1000 821 1165 856 principium
1183 828 1243 847 esse
1256 820 1364 847 diccbat
1389 819 1461 846 sicut
1472 824 1498 844 ct
1516 823 1609 844 nostra
1630 816 1726 851 religio
1739 817 1787 843 do-

1000 872 1069 894 cet.»
1087 866 1218 894 Uuiversa
1234 865 1332 892 deinde
1345 864 1402 898 ejus
1416 863 1538 890 doctrina
1555 863 1581 888 in
1596 861 1713 888 medium
1724 867 1787 895 pro-

1000 912 1065 944 lata,
1081 912 1138 938 haec
1161 910 1300 944 subjuugit
1321 918 1328 936 :
1354 918 1363 934 ι
1391 908 1456 936 Cum
1479 916 1544 935 vero
1566 907 1617 942 ipsi
1642 908 1785 934 dicerem:

159 953 260 989 ἀληθὲς
280 955 429 990 εἰρηκέναι.
460 955 631 990 Ἀσύμφωνοι
651 957 704 992 γὰρ
730 958 881 993 ὑπάρχουσι
900 959 939 985 κα¹

1000 958 1075 986 Unde
1092 957 1148 984 bscc
1163 958 1210 983 tibi
1228 956 1423 983 demonstratio
1438 977 1444 987 ,
1464 960 1510 981 aut
1526 962 1580 989 qua
1598 954 1703 980 ratione
1714 953 1786 980 allir-

158 1000 276 1033 ψευδεῖς,
295 1001 340 1026 καὶ¹
363 1002 472 1034 ἑαυταῖς
493 1003 688 1037 ἀντικείμεναι.
701 994 742 1030 ’Τὸ
764 1004 790 1030 δὲ
809 1004 866 1036 πῶς
887 1007 945 1031 ἐστι

159 1045 209 1080 μία
227 1045 308 1082 ἀρχὴ,
328 1046 364 1082 μὴ
383 1047 526 1081 γινώσκειν
548 1049 650 1083 ἔλεγεν,
674 1049 744 1076 οὕτω
763 1049 790 1076 δὲ
813 1050 944 1077 κινεῖσθαι

158 1091 249 1125 μόνον.
262 1090 316 1118 Εἶτ’
328 1093 534 1128 ὲπομοσαμένου
549 1103 600 1129 μου
610 1095 723 1130 τάληθὲς
731 1096 828 1127 εἰπεῖν,
840 1095 944 1131 ὤμνυεν

157 1135 296 1171 ἀληθεύων
313 1137 412 1171 λέγειν,
429 1139 465 1173 μὴ
485 1139 646 1166 ἐπίστασθαι
661 1140 715 1175 (85)
733 1139 791 1171 πῶς
809 1138 849 1172 εἷς
869 1141 944 1167 ἐστιν

156 1182 304 1217 ἀγέννητος
321 1183 396 1216 Θεὸς,
414 1184 492 1210 τοῦτο
507 1184 534 1210 δὲ
555 1186 703 1212 πιστεύειν.
727 1185 796 1220 Ἐγὼ
817 1186 846 1212 δὲ
862 1187 943 1221 γελά-

157 1236 217 1260 σας,
235 1228 373 1262 κατέγνων
391 1229 484 1262 αὐτοῦ,
504 1230 570 1257 διότι
586 1230 745 1263 διδάσκαλος
761 1230 829 1259 εἶναι
846 1232 942 1266 λέγων,

155 1273 206 1300 οὐκ
222 1274 279 1309 ᾔδει
291 1275 320 1301 τὸ
332 1275 522 1311 διδασκόμενον
539 1278 584 1304 ὑπ’
598 1277 680 1304 αὐτοῦ
695 1278 847 1313 κρατύνειν.
868 1289 877 1305 ›
900 1280 944 1306 Ἐν

154 1318 193 1354 τῷ
210 1320 284 1355 αὐτῷ
300 1321 328 1347 δὲ
347 1323 542 1357 συγγράμματι
563 1322 743 1349 Καλλιστίωνι
765 1324 942 1359 προσφωνῶν,

153 1367 168 1392 ὁ
183 1366 264 1397 αὐτὸς
282 1367 502 1402 μεμαθητεῦσθαι
516 1369 561 1395 ἐπὶ
583 1368 691 1404 Ῥώμης
709 1369 833 1404 Τατιανῴ
849 1370 942 1396 ἑαυτὸν

153 1412 291 1447 ὸμολογεζ.
301 1413 375 1448 ’Φησὶ
387 1413 414 1440 δὲ
427 1414 474 1440 καὶ
487 1414 669 1440 ἐσπουδάσθαι
685 1414 723 1449 τῷ
739 1413 863 1448 Τιτιανῷ
877 1422 943 1450 προ-

153 1458 301 1493 ϐλημάτων
319 1458 418 1493 βιϐλίον
428 1468 434 1475 ·
449 1460 481 1487 δι’
496 1457 533 1487 ὧν
549 1461 579 1487 τὸ
592 1461 695 1496 ἀσαφὲς
711 1461 758 1488 καὶ
774 1462 943 1498 ἐπικεκρυμ-

153 1503 234 1537 μένον
250 1503 305 1530 τῶν
321 1504 400 1531 θείων
417 1505 532 1541 Γραφῶν
550 1507 736 1542 παραστήσειν
754 1508 941 1543 ὑποσχομένου

152 1548 199 1574 τοῦ
217 1549 361 1582 Tuta-405,
377 1551 457 1582 αὐτὸς
475 1552 489 1577 ὁ
511 1552 608 1578 Ῥόδων
622 1554 649 1579 ὲν
669 1552 725 1588 [δίῳ
745 1553 941 1589 συγγράμματι

151 1594 202 1626 τὰς
218 1594 272 1621 τῶν
291 1596 395 1622 ἐκείνου
411 1597 610 1633 προϐλημάτων
626 1598 762 1630 ὲπιλύσεις
777 1599 941 1634 ἐκθήσεσϐαι

152 1639 360 1673 ἐπαγγέλλεται.
383 1641 496 1677 Φέρεται
526 1642 553 1668 δὲ
578 1643 624 1669 τοῦ
650 1643 731 1670 αὑτοῦ
756 1643 802 1670 καὶ
825 1645 869 1675 εὶς
884 1643 942 1678 τὴν

158 1684 344 1720 Ἕξαήμερον
352 1687 508 1722 ὑπόμνημα.
525 1689 554 1715 'U
561 1689 633 1722 γέτοι
649 1689 778 1725 Ἀπελλῆς
791 1686 878 1722 οὗτος,
890 1698 940 1724 μυ-

154 1731 200 1766 ρία
216 1733 287 1758 κατὰ
300 1733 347 1760 τοῦ
359 1734 497 1766 Μωϋσέως
514 1736 632 1771 ἠσέϐησε
645 1736 737 1772 νόμου,
753 1735 797 1763 διὰ
813 1736 941 1762 πλειόνων

153 1780 377 1815 συγγραμμάτων
390 1781 452 1812 τοὺς
468 1781 555 1814 θείους
571 1782 760 1818 βλασφημίσας
776 1783 883 1816 λόγους,
901 1783 942 1814 είς

151 1824 263 1860 ἓλεγχόν
280 1834 320 1858 τε,
341 1826 379 1858 ὥς
395 1835 426 1861 γε
446 1827 477 1863 δὴ
499 1827 597 1860 ἐδόκει,
619 1830 666 1855 καὶ
682 1828 836 1864 ἀνατροπὴν
851 1829 941 1855 αὐτῶν

149 1871 182 1898 οὐ
196 1872 299 1907 μικρὰν
311 1874 492 1908 πεποιημένος
503 1874 629 1910 σπουδήν.
643 1874 734 1901 Ταῦτα
747 1874 795 1909 μὲν
813 1873 860 1901 οὖν
875 1875 939 1911 περὶ

150 1925 266 1946 τουτων.

997 1011 1072 1030 mare
1093 1008 1169 1037 potes
1193 1010 1273 1028 unum
1293 1002 1375 1036 178
1396 1010 1455 1028 esse
1475 1000 1654 1035 principium?
1670 1000 1719 1026 Dic
1737 1007 1785 1026 no-

996 1049 1038 1076 bis
1059 1049 1082 1075 si
1109 1048 1206 1083 placet.
1231 1049 1299 1075 Tum
1326 1049 1372 1074 ille
1398 1047 1558 1082 respondit;
1575 1046 1731 1080 Prophetias
1751 1052 1785 1072 eo

996 1096 1068 1130 quod
1090 1095 1156 1121 nihil
1180 1095 1291 1121 omnino
1314 1095 1369 1120 veri
1388 1094 1498 1126 dicunt,
1520 1093 1624 1126 seipsas
1647 1091 1782 1118 refellere.

995 1143 1063 1170 Sunt
1080 1143 1164 1174 enim,
1177 1142 1276 1173 aiebat,
1296 1142 1468 1168 dissonautes
1485 1146 1511 1168 et
1528 1140 1600 1168 falsa:
1615 1148 1646 1167 ac
1661 1139 1784 1166 sibimet-

994 1189 1061 1224 ipsis
1086 1189 1238 1216 contrariaa.
1262 1187 1345 1214 Porro
1370 1194 1422 1222 qua
1446 1187 1550 1213 ratione
1584 1186 1693 1213 unicum
1711 1189 1784 1212 esset

994 1234 1174 1269 principium,
1197 1242 1226 1260 se
1247 1234 1356 1267 quidem
1383 1232 1489 1259 nescire
1513 1232 1711 1265 proﬁtebatur;
1735 1230 1783 1258 sed

995 1285 1085 1307 tamen
1110 1279 1211 1306 moveri
1233 1283 1314 1312 atque
1335 1277 1435 1312 impelli
1462 1281 1492 1303 ut
1514 1277 1550 1303 ita
1575 1277 1699 1303 sentiret.
1720 1274 1784 1302 Post

994 1324 1051 1351 lucc
1065 1332 1125 1351 cum
1141 1331 1201 1350 eum
1216 1323 1394 1358 jurejurando
1409 1322 1571 1356 adegissent,
1592 1326 1621 1347 ut
1643 1329 1674 1347 ex
1697 1320 1782 1346 animi

993 1371 1035 1398 sui
1054 1370 1190 1397 sententia
1204 1370 1372 1404 loqueretur,
1393 1368 1497 1403 juravit
1517 1375 1546 1396 se
1564 1375 1656 1395 verum
1677 1367 1781 1399 dicere,

994 1423 1043 1442 nec
1060 1423 1089 1443 se
1102 1416 1214 1443 omnino
1232 1415 1302 1442 scire
1317 1423 1371 1450 qua
1389 1414 1494 1441 ratione
1511 1421 1579 1440 unus
1592 1418 1664 1440 esset
1678 1412 1784 1447 ingeni-

994 1467 1036 1489 tus
1051 1462 1132 1494 Deus,
1147 1470 1177 1488 se
1189 1466 1278 1488 tamen
1296 1462 1332 1488 ita
1348 1461 1469 1488 credere.
1487 1460 1534 1487 His
1549 1460 1651 1487 auditis
1664 1466 1714 1494 ego
1729 1459 1781 1486 ho-

993 1509 1092 1536 minem
1109 1509 1235 1535 dcridens
1254 1507 1436 1542 reprehendi,
1452 1506 1499 1541 qui
1517 1514 1578 1533 cum
1595 1514 1625 1533 se
1641 1506 1780 1532 ductorem

992 1555 1178 1590 proﬁteretur,
1196 1555 1346 1581 doctrinam
1364 1561 1439 1580 suam
1455 1553 1603 1580 rationibus
1618 1552 1781 1580 conﬁrmare

993 1608 1047 1628 tton
1065 1605 1164 1635 posset.
1186 1610 1194 1626 ι
1211 1600 1341 1628 Οιιειοιιιιιι
1365 1599 1391 1625 in
1413 1600 1506 1626 eodem
1531 1599 1599 1626 libro
1618 1605 1696 1633 quem
1717 1597 1780 1625 Cal<

955 1635 976 1664 θ
992 1646 1092 1674 listioui
1114 1646 1290 1680 nuncupavit,
1305 1645 1396 1672 Romae
1421 1653 1435 1671 a
1457 1644 1572 1672 Tatiano
1591 1652 1620 1672 se
1641 1644 1779 1671 eruditum

991 1700 1052 1720 esse
1065 1697 1190 1719 testatur.
1213 1691 1308 1718 Rel'ert
1327 1691 1410 1718 etiam
1430 1698 1444 1716 a
1464 1690 1580 1716 Tatiano
1591 1690 1779 1716 elucubratum

992 1746 1052 1765 esse
1068 1737 1247 1771 Qua’stionum
1265 1736 1373 1768 librum,
1390 1737 1415 1762 in
1432 1744 1484 1770 quo
1507 1743 1568 1762 cum
1585 1735 1715 1761 Tatianus
1732 1735 1781 1761 0b-

991 1792 1086 1810 seuros
1113 1788 1194 1818 atque
1224 1783 1360 1810 involutos
1381 1790 1465 1809 sacra:
1485 1782 1633 1815 Scriptura:
1658 1780 1732 1807 lecos
1750 1787 1779 1806 sc

991 1830 1177 1863 expositurum
1192 1836 1252 1855 esse
1266 1825 1446 1862 promisisset,
1461 1827 1517 1861 ipse
1531 1827 1644 1853 Rhodon
1666 1826 1780 1853 soluti:-

992 1883 1039 1901 nes
1060 1875 1240 1908 qumstionum
1261 1873 1366 1900 Tatiani
1390 1873 1520 1907 peculiari
1546 1880 1627 1906 opere
1642 1873 1777 1899 editurum

991 1928 1020 1947 se
1030 1927 1090 1947 esse
1102 1921 1254 1954 prolitetur.
1270 1920 1385 1947 Exstant
1399 1920 1482 1946 etiam
1497 1917 1618 1952 ejusdem
1634 1919 1660 1944 iu
1675 1918 1779 1945 Hexae-

150 1972 242 1990 meron
256 1963 455 1992 Commentarii.
471 1964 522 1993 iste
549 1973 630 2000 porro
656 1973 736 2000 quem
762 1965 880 1993 diximus
905 1965 1034 2000 Apelles,
1056 1966 1172 2001 plurima
1207 1966 1337 1992 adversus
1359 1965 1444 1999 legem
1464 1964 1610 1990 Mosaicatn
1638 1964 1718 1997 impie
1737 1971 1777 1993 est

151 2010 278 2042 locutus;
294 2009 442 2044 multisque
458 2011 535 2038 libris
561 2011 827 2038 maledicentissimis
843 2011 951 2037 oracula
969 2011 1058 2038 divina
1077 2012 1226 2038 insectatus
1241 2016 1294 2043 est,
1307 2011 1370 2038 dum
1389 2018 1419 2036 ea
1441 2008 1593 2041 confutare,
1620 2013 1647 2036 et
1673 2014 1702 2035 ut
1717 2011 1776 2044 qni-

153 2059 216 2084 u’em
239 2057 290 2084 sibi
308 2057 467 2089 videbatur,
484 2059 592 2092 penitus
604 2063 737 2090 evertere,
758 2058 861 2093 ingenti
882 2059 971 2086 studio
998 2059 1120 2086 tnolitur.
1137 2058 1236 2086 Verum
1254 2059 1288 2085 de
1303 2058 1347 2085 bis
1364 2058 1505 2084 hactenus.

415 2105 611 2131 ΚΕΦΑΛΑΙυΝ
625 2105 674 2131 ΙΔ’.

221 2150 293 2184 Περὶ
307 2150 365 2177 τῶν
380 2151 455 2179 κατὰ
477 2152 593 2186 Φρύγας
608 2151 865 2186 ψευδοπροφητῶν

414 2186 483 2222 (Nic.
501 2187 573 2214 [ιιι.
590 2186 691 2221 :v,20).

185 2232 341 2263 Μισόκαλός
358 2241 389 2266 γε
405 2233 456 2268 μὴν
471 2234 509 2264 εὶς
520 2232 554 2260 τὰ
571 2233 685 2268 μάλιστα
699 2234 746 2260 καὶ
757 2233 936 2269 φιλοπόνηρος

147 2279 186 2305 ὧν
196 2280 210 2305 ὁ
226 2279 277 2314 τῆς
299 2279 461 2314 Ἐκκλησίας
476 2279 522 2306 τοῦ
538 2279 604 2305 Θεοῦ
629 2279 765 2314 πολέμιος,
792 2279 892 2316 μηδένα
907 2288 936 2306 τε

1282 2106 1395 2134 CAPUT
1416 2105 1485 2133 XIV.

1109 2153 1149 2181 De
1165 2153 1241 2188 falsis
1260 2154 1391 2188 prop/telis
1409 2153 1651 2188 Cutap/trygarum.

1027 2231 1160 2259 Caeterum
1177 2232 1262 2258 hostis
1282 2231 1410 2259 Ecclesia:
1429 2231 1486 2264 Dei,
1499 2232 1544 2266 qui
1558 2239 1665 2267 semper
1682 2231 1775 2260 virtuti

991 2279 1106 2306 infestus
1119 2283 1160 2306 est
1173 2283 1200 2306 et
1216 2279 1295 2306 malis
1307 2279 1471 2310 delectatur,
1488 2285 1538 2305 nec
1556 2278 1638 2305 ullam
1654 2286 1774 2313 unquam

149 2324 283 2360 μηδαμῶς
295 2324 345 2359 τῆς
360 2324 430 2351 κατὰ
447 2324 499 2352 τῶν
517 2324 665 2361 ἀνθρώπων
679 2325 823 2360 ἐπιϐουλῆς
840 2326 936 2351 ἀπολι-

993 2325 1136 2352 iusidiandi
1161 2325 1318 2352 hominibus
1347 2325 1463 2358 speciem
1490 2329 1570 2358 atque
1604 2325 1774 2351 occasionem

147 2370 207 2397 πὼν
230 2371 340 2405 τρόπον,
362 2370 480 2405 αἱρέσεις
499 2371 576 2403 ξένας
597 2369 672 2402 αὖθις
689 2371 850 2405 ὲπιφύεσϐαι
867 2371 936 2405 κατὰ

146 2416 197 2451 τῆς
217 2416 377 2451 Ἐκκλησίας
392 2417 513 2452 ἐνήργει·
530 2413 567 2444 ὧν
579 2418 604 2443 οἰ
620 2418 667 2452 μὲν
682 2417 789 2444 ἰοϐόλων
799 2417 875 2453 δίκην
892 2418 936 2453 ἐρ-

148 2462 237 2488 πετῶν
256 2463 302 2489 ἐπὶ
321 2462 372 2497 τῆς
393 2463 483 2493 Ἀσίας
501 2465 546 2491 καὶ
561 2463 680 2499 Φρυγίας
700 2462 805 2499 εἷρπον,
826 2464 871 2490 τὸν
889 2465 937 2499 μὲν

181 2547 237 2584 (82)
261 2547 296 2574 Τὸ
311 2547 344 2574 δὲ
359 2548 479 2575 πάντων
499 2549 719 2584 ἀσαφέστατον,
739 2549 851 2576 Ruﬁnus
873 2549 937 2583 legit

146 2582 327 2619 σαφέστατον,
346 2589 375 2619 ut
390 2591 422 2610 ex
451 2582 576 2611 versione
599 2585 658 2619 ejus
674 2589 783 2619 constat
808 2592 868 2618 qua:
890 2582 930 2611 sic

139 2616 401 2652 ‘liabet:Mani[‘este
426 2623 513 2646 tamen
535 2616 687 2646 decernebat
711 2621 743 2645 de
769 2616 832 2649 Deo.
861 2620 927 2645 sicut

144 2654 329 2684 prwdizimus,
343 2661 424 2679 unum
437 2661 491 2680 esse
503 2653 767 2688 principium.Quam
781 2654 926 2680 lectionem

144 2692 256 2726 secutus
278 2693 320 2726 est
341 2689 423 2726 etiam
447 2689 720 2726 ()hristopborsonus.
748 2688 846 2726 Verum
870 2690 928 2716 liaac

146 2722 334 2757 interpretatio
352 2722 416 2748 ferri
433 2731 486 2749 non
503 2729 601 2757 potest.
624 2724 744 2751 Primum
770 2724 842 2750 enim
865 2731 926 2750 ver-

145 2756 207 2796 bum
224 2755 425 2796 _£80ﬂl.atl§619
444 2755 578 2796 passivam
597 2759 926 2796 habet;signiﬁcationem.

146 2790 260 2827 Deinde,
278 2790 382 2818 tantum
397 2790 473 2819 abest
488 2798 518 2819 ut
538 2794 645 2827 Apelles
660 2790 873 2827 disputationem
894 2793 928 2820 de

146 2825 211 2866 Deo,
237 2826 408 2866 manifestam
433 2833 518 2866 atque
543 2825 781 2866 eipeditam'esse
806 2829 926 2866 diceret,

146 2861 210 2898 quin
225 2861 318 2894 potius
338 2863 560 2893 asserebat,‘rem
575 2861 637 2890 esse
651 2864 772 2890 omnium
792 2863 928 2891 obscuris-

147 2901 253 2934 simam,
269 2897 516 2934 prorsuSquernihil
530 2898 593 2934 sciri
609 2905 686 2931 posse
706 2899 739 2924 de
753 2898 819 2934 Deo,
841 2905 873 2924 ac
893 2905 928 2934 ne

147 2932 219 2963 ipsos
237 2932 348 2965 quidem
369 2933 514 2966 prophetas
534 2933 681 2967 quidquam
703 2934 735 2960 de
757 2933 811 2959 Dco
834 2933 922 2959 mani-

989 2371 1183 2405 pt'mtertnittit,
1195 2372 1353 2406 peregrinas
1364 2371 1494 2405 quasdam
1511 2372 1627 2397 hatrcses
1640 2370 1773 2397 adversus

991 2417 1140 2444 Ecclesium
1157 2417 1290 2451 pullulare
1315 2418 1412 2444 itcrum
1433 2417 1506 2444 fecit.
1520 2416 1638 2449 Quarum
1658 2421 1774 2443 sectato-

992 2471 1035 2490 res
1054 2463 1099 2490 alii
1117 2464 1223 2498 quidem
1250 2469 1443 2490 venenatorum
1466 2464 1592 2497 anguium
1618 2463 1705 2490 instar
1724 2470 1772 2497 per

992 2550 1071 2581 l'este,
1096 2554 1177 2585 atque
1198 2554 1227 2575 ut
1250 2556 1295 2575 res
1309 2554 1350 2585 est
1366 2549 1566 2583 pronuntiasse,
1593 2549 1771 2583 quemadmo-

989 2585 1052 2611 dum
1069 2584 1137 2610 iufra
1155 2584 1233 2611 docet
1249 2585 1373 2610 Rhodon.

1019 2620 1076 2653 (85)
1104 2618 1153 2653 Μὴ
1186 2618 1375 2646 ἐπίστασθαι.
1402 2618 1428 2645 In
1449 2626 1481 2645 eo
1514 2618 1622 2652 quidem
1645 2626 1696 2645 non
1714 2618 1771 2644 val-

983 2654 1015 2681 de
1043 2654 1281 2688 reprehendendus
1318 2657 1378 2680 erat
1412 2654 1539 2687 Apelles,
1562 2653 1641 2688 quod
1668 2653 1767 2680 diceret

983 2687 1088 2716 nescire
1108 2697 1137 2715 se.
1153 2689 1288 2722 quomodo
1307 2696 1377 2714 unus
1392 2693 1464 2715 esset
1481 2689 1617 2722 ingenitus
1636 2687 1721 2720 Deus,
1739 2696 1769 2715 se

984 2729 1072 2750 tamen
1098 2725 1133 2750 ita
1153 2724 1276 2750 credere.
1303 2723 1401 2750 Verum
1419 2724 1490 2750 ineo
1507 2723 1672 2757 aberrabat,
1695 2724 1767 2757 quod

982 2759 1142 2792 propltetias
1152 2759 1249 2792 quibus
1260 2766 1291 2785 ea
1300 2759 1333 2784 de
1343 2766 1395 2784 uno
1407 2763 1435 2785 et
1446 2758 1564 2792 ingenito
1578 2756 1634 2784 Deo
1646 2756 1767 2784 doctrina

983 2794 1109 2824 traditur,
1130 2800 1242 2826 prorsus
1256 2793 1433 2827 repudiabat;
1453 2798 1479 2819 et
1502 2793 1571 2827 quod
1591 2793 1767 2826 philosophize

982 2828 1203 2861 imperitissimus
1216 2849 1225 2859 ,
1242 2829 1356 2855 aliorum
1375 2836 1404 2854 se
1425 2830 1562 2854 doctorem
1577 2828 1764 2860 proﬁtebatur.

981 2863 1037 2898 "ac
1049 2865 1081 2889 de
1095 2871 1174 2890 causa
1192 2864 1289 2890 merito
1300 2871 1313 2888 a
1327 2863 1456 2890 ledone
1466 2862 1633 2897 stlggillattlr.
1647 2861 1766 2898 [sti-nili.

984 2897 1137 2932 ἀληθεύειν,
1155 2898 1242 2933 λέγων
1258 2907 1288 2926 cx
1308 2898 1439 2933 Stcpitan.
1459 2896 1519 2926 Nic.
1539 2896 1659 2932 scripsit:
1675 2896 1726 2934 [1.]
