1996 3165
140 157 195 185 465

620 160 623 163 ’
654 158 828 187 ηιδτοιιικε
850 158 1129 188 ECCLESlASTICA-I
1151 157 1215 186 LIB.
1235 157 1268 185 ν.

729 0 789 15 f—,-
805 12 846 15 -Α
852 8 1092 15 βαρ-,Μ-
1105 7 1143 12 Α
1153 0 1443 12 ,η--α-Ᾰισυγ

1717 157 1769 184 466

142 225 206 252 μην,
215 215 264 242 οὐκ
274 215 376 251 ἀπορίᾳ
386 215 433 243 τοῦ
445 215 573 243 δύνασθαι
585 217 710 252 ἐλέγχειν
720 218 768 252 μὲν
783 218 813 244 τὸ
823 217 924 260 ψεῦδος.

983 217 1042 244 bius
1064 217 1195 244 hactenus
1213 215 1320 243 substiti
1337 223 1344 242 :
1363 223 1414 242 non
1438 215 1508 250 quod
1529 219 1576 242 aut
1596 214 1767 243 mendacium

141 261 289 297 μαρτυρεῖν
296 261 323 288 δὲ
331 262 363 296 τῇ
373 261 494 297 ἀληθείᾳ·
506 261 598 293 δεδιὼς
606 262 634 288 δὲ
641 263 686 289 καὶ
693 262 835 296 ὲξευλαὸού
840 271 928 297 μενος,

140 308 177 343 μή
190 316 227 341 πη
237 306 305 339 δόξω
315 307 385 333 τισὶν
399 308 613 343 ὲπισυγγράφειν
622 309 638 343 ἢ
648 308 884 335 ὲπιδιατάσσεσθαι
892 309 930 344 τῷ

137 354 189 388 τῆς
202 353 248 380 τοῦ
262 353 428 388 Εὑαγγελίου
444 354 548 390 Καινῆς
565 354 702 390 Διαθήκης
718 355 799 390 λόγῳ,
820 352 842 389 ᾧ
861 357 929 391 μήτε

139 400 296 436 προσθεῖναι
313 400 375 436 μήτ’
386 400 495 434 ἀψελεῖν
507 400 628 431 δυνατὸν,
639 400 677 436 τῷ
687 401 757 428 κατὰ
767 401 797 428 τὸ
806 402 929 436 Εὐαγγέ-

137 447 194 473 λιον
213 447 279 474 αὐτὸ
298 446 484 473 πολιτεύεσθαι
505 447 698 483 προῃρημένῳ.
718 448 885 484 Προσφάτως
901 449 929 475 δὲ

137 494 284 529 γενῦμενος
298 494 327 520 ὲν
347 493 469 529 Ἀγκύρᾳ
485 494 533 529 τῆς
550 494 694 526 Γαλατίας,
710 495 755 521 καὶ
769 495 929 522 καταλαϐὼν

137 539 186 575 τὴν
200 539 271 567 κατά
282 540 364 566 τόπον
375 539 538 575 Ἐκκλησίαν
549 540 603 575 (89)
617 540 669 567 ὑπὸ
680 541 728 576 τῆς
741 540 804 572 νέας
817 541 928 576 ταύτης,

137 587 197 621 οὐχ,
213 585 251 618 ὡς
268 586 344 612 αὐτοί
358 594 435 620 φασι,
450 587 625 622 προφητείας,
642 587 708 613 πολὺ
723 587 750 614 δὲ
767 587 876 623 μᾶλλον,
891 587 929 619 ὡς

137 631 316 667 δειχθήσεται,
329 631 579 668 ψευδοπροφητείας
590 632 678 659 διατεο
683 632 764 668 ρυλλη
768 632 851 668 μένην
862 633 927 668 (90),

137 678 253 705 καθόσον
259 678 379 710 δυνατὸν,
392 679 438 706 τοῦ
448 679 550 714 Κυρίου
563 679 749 715 παρασχόντος
762 681 826 716 περὶ
840 680 928 707 αὐτῶν

135 733 166 752 τε
173 724 276 752 τούτων
285 725 392 752 καὶτῶν
405 726 620 770 προτεινομένων
630 727 676 753 ὑπ’
685 726 772 754 αὐτῶν
782 727 885 754 ἕκαστά
899 736 928 754 τε

138 771 194 805 (9|)
205 770 380 806 διελέχθημεν
395 772 513 807 ἡμέραις
523 771 641 799 πλείοσιν
650 773 678 798 ὲν
729 773 860 809 ἐκκλησίᾳ
870 782 876 787 ·
891 774 928 806 ὼς

136 816 185 851 τὴν
198 816 247 851 μὲν
264 816 425 852 Ἐκκλησίαν
435 817 658 852 ἀγαλλιασθῆναι,
667 819 713 845 καὶ
726 818 793 854 πρὸς
804 818 852 854 τὴν
867 819 929 854 ἁλή-

137 862 212 889 θειαν
220 863 431 898 ἐπιρρωσθῆναι,
442 864 504 896 τοὺς
517 864 545 890 δὲ
556 864 710 896 ἐξεναντίας
721 865 788 900 πρὸς
801 865 831 891 τὸ
841 866 927 901 παρὸν

136 909 368 945 ἀποκῳυσθῆναι,
385 911 432 937 καὶ
447 911 510 942 τοὺς
523 910 678 943 ἀντιθέτους
693 899 747 947 (9⁸2)
764 899 925 947 λυπηθῆναι.
944 899 964 926 Β

144 956 304 988 Ἀξιούντων
323 954 369 983 οὗν
384 957 437 983 τῶν
453 958 523 984 κατά
534 958 616 984 τόπον
633 958 835 994 πρεσϐυτέρων,
853 959 927 991 ὅπως

136 1002 190 1028 τῶν
211 1003 360 1038 λεχθέντων
388 1003 458 1030 κατὰ
480 1004 533 1031 τῶν
552 1004 805 1040 ἀντιδιατιθεμένων
824 1004 862 1040 τῷ
878 1005 927 1040 τῆς

137 1048 266 1081 ἀληθείας
284 1049 355 1085 λόγῳ
369 1049 519 1085 ὑπόμνημά
531 1058 557 1076 τι
574 1049 778 1085 καταλίπωμεν,
797 1051 928 1085 παρόντος

136 1096 184 1121 καὶ
206 1094 253 1121 τοῦ
268 1095 508 1132 συμπρεσϐυτέρου
528 1095 606 1131 ἡμῶν
629 1096 748 1122 Ζωτικοῦ
766 1095 814 1122 τοῦ
831 1096 927 1131 Ὀτρη-

135 1139 260 1174 νοῦ(95),
278 1139 357 1166 τοῦτο
374 1140 423 1175 μὲν
444 1140 493 1166 οὐκ
517 1141 686 1176 ἐπράξαμεν,
706 1140 926 1176 ἐπηγγειλάμεθα

135 1185 164 1212 δὲ
177 1185 271 1213 ἐνθάδε
285 1185 439 1221 γράψαντες
455 1186 501 1212 τοῦ
516 1187 618 1222 Κυρίου
636 1187 762 1218 διδόντος,
785 1186 828 1214 διὰ
843 1195 926 1213 σπου-

135 1232 182 1266 δῆς
195 1231 313 1267 πέμπειν
327 1232 428 1263 αὐτοῖς.
449 1242 458 1258 t
478 1232 570 1259 Ταῦτα
589 1233 636 1259 καὶ
652 1232 714 1268 ὲξῆς
726 1233 830 1265 τούτοις
846 1233 926 1269 ἕτερα

136 1277 276 1314 καταρχὰς
289 1277 374 1305 είπὼν
396 1278 442 1304 τοῦ
457 1278 546 1312 λόγου,
561 1278 607 1305 τὸν
624 1279 710 1305 αἴτιον
730 1281 780 1315 τῆς
796 1279 927 1314 δηλουμέ-

135 1333 184 1360 νης
206 1324 338 1360 αἱρέσεως
363 1324 466 1360 προῖὼν
484 1324 576 1351 τοῦτον
597 1325 733 1360 ἀνιστορεῖ
748 1325 794 1352 τὸν
815 1325 924 1361 τρόπον·

138 1380 147 1396 ι
168 1370 199 1397 'H
208 1371 296 1397 τοίνυν
309 1370 435 1402 ἔνστασις
448 1371 536 1397 αὐτῶν
548 1371 595 1397 καὶ
608 1372 623 1406 ἠ
637 1371 790 1407 πρόσφατος
801 1372 848 1398 τοῦ
861 1373 927 1398 ἁπο-

135 1416 284 1452 σχίσματος
303 1417 409 1453 αἵρεσις
428 1417 495 1453 πρὸς
510 1417 558 1453 τὴν
578 1417 750 1453 Ἐκκλησίαν,
772 1417 820 1454 τὴν
838 1418 927 1445 αἰτίαν

134 1461 197 1496 ἔσχε
224 1461 361 1498 τοιαύτην.
384 1461 471 1498 Κώμη
494 1471 536 1493 τις
552 1460 621 1489 εἶναι
634 1462 743 1497 λέγεται
766 1465 795 1490 ὲν
811 1465 843 1499 τῇ
857 1463 927 1490 κατὰ

133 1507 184 1542 τὴν
199 1507 319 1542 Φρυγίαν
330 1508 423 1544 Μυσίᾳ
434 1507 500 1543 (94),
516 1509 670 1545 καλουμένη
685 1509 817 1546 ’Δρδαεῖᾶν
833 1509 926 1536 τοῦνο-

134 1562 189 1589 μα·
206 1553 270 1580 ἔνθα
286 1554 350 1589 φασί
367 1563 426 1580 τινα
443 1554 497 1581 τῶν
514 1556 662 1582 νεοττία-των
676 1555 802 1591 πρώτως,
820 1557 925 1582 Μοντα-

131 1599 178 1626 νὺν
192 1599 321 1635 τοῦνομα,
335 1600 406 1627 κατά
422 1602 524 1637 Γράτον
538 1601 628 1633 Ἀσίας
639 1602 804 1634 ἀνθύπατον,
821 1603 849 1629 ἐν
864 1603 924 1630 ἐπι-

132 1647 218 1682 θυμίᾳ
231 1647 319 1683 ψυχῆς
330 1648 442 1684 ἀμέτρῳ
453 1648 651 1684 φιλοπρωτείας
664 1649 743 1676 δόντα
755 1649 870 1684 πάροδον
884 1650 925 1682 εἰς

132 1692 230 1719 ἑαυτὸν
250 1692 290 1728 τῷ
305 1693 495 1728 ἀντικειμένῳ,
514 1693 805 1730 πνευματοφορηθῆναί
823 1701 853 1721 τε
877 1695 924 1721 καὶ

131 1738 273 1773 αὶςρνιδίως
287 1740 314 1765 ὲν
326 1741 427 1775 κατοχῇ
441 1749 492 1766 τινι
507 1740 554 1766 καὶ
567 1741 752 1776 παρεκστάσει
767 1740 922 1775 γενόμενον,

132 1785 287 1821 ὲνθουσιᾷν,
304 1785 438 1821 ἄρξασθαί
455 1795 484 1813 τε
500 1786 590 1813 λαλεῖν
606 1787 653 1813 καὶ
664 1786 833 1822 ξενοφωνεῖν,
848 1787 923 1823 παρὰ

131 1831 163 1858 τὺ
191 1831 262 1858 κατὰ
278 1831 427 1868 παράδοσιν
450 1832 497 1859 καὶ
522 1833 592 1859 κατὰ
615 1832 739 1868 διαδοχὴν
757 1833 860 1860 ἄνωθεν
874 1834 923 1868 τῆς

168 1932 227 1962 (89)
249 1932 309 1966 Τὴν
318 1933 394 1960 κατὰ
404 1934 498 1960 τόπον
513 1933 707 1967 Ἐκκλησίαν.
717 1933 826 1960 Editttm
835 1932 924 1960 fuerat

131 1968 182 2004 τὴν
199 1968 277 2004 κατὰΔ
285 1967 384 2004 Πόντον
403 1967 575 2003 Ἐκκλησίαψ
596 1969 643 1996 sed
661 1969 742 2003 longe
757 1968 924 2002 prazlerenda

131 2001 176 2030 est
192 2001 294 2030 codicis
312 2003 386 2038 Regii
414 2001 561 2038 scriptura,
592 2011 672 2038 quam
706 2001 859 2038 recepimus
889 2012 923 2030 ex

131 2038 289 2072 Nicephoro
323 2037 420 2065 in'lilt.
447 2037 490 2070 Ivi,
524 2037 664 2071 conﬂi?”
699 2039 723 2065 id
747 2037 798 2069 est,
829 2037 922 2065 Eccle-

131 2075 202 2100 siam
217 2073 290 2100 illius
303 2073 364 2104 loci,
379 2074 494 2108 Ancyra
509 2074 622 2101 scilicet.
642 2074 687 2101 Sic
702 2074 727 2101 in
745 2074 922 2108 inscriptione

131 2108 258 2142 epistolae
274 2108 480 2144 Smyrnensium
505 2110 536 2136 ad
555 2109 672 2144 reliquas
692 2109 846 2136 Eeclesias:
866 2109 921 2135 Καὶ

131 2144 238 2180 πάσαις
251 2145 311 2180 ταῖς
324 2143 395 2170 κατὰ
410 2144 499 2180 ¹πάντα
512 2145 599 2180 τόπον
615 2145 663 2180 τῆς
680 2144 760 2178 ἁγίας
775 2144 922 2180 καθολικῆς

138 2179 305 2214 Ἐκκλησίας
315 2178 479 2214 παροικίαις.
498 2179 529 2206 Ει
542 2181 612 2207 infra
627 2178 652 2207 in
666 2181 716 2207 hac
731 2180 839 2214 pagina.
856 2178 925 2206 Teti-

133 2220 182 2242 tus
198 2215 270 2249 \‘ulg.
287 2220 380 2247 antea,
395 2214 464 2240 κατὰ
480 2215 589 2242 Πόντον.

170 2249 228 2284 (90)
244 2249 552 2284 Διατεθρυλλημένην.
587 2251 616 2277 Id
645 2255 709 2282 est,
738 2255 920 2284 personanlem

132 2293 166 2313 ac
196 2289 410 2319 perstrepentem.
430 2284 496 2311 'l‘ota
524 2285 596 2312 enim
623 2285 744 2312 Ecclesia
771 2285 844 2312 illius
870 2285 920 2312 loci

133 2328 246 2347 rumore
267 2328 343 2347 nova:
363 2320 512 2354 prophetiae
523 2321 697 2355 personabat,
712 2328 773 2347 cum
788 2321 822 2347 oh
840 2325 921 2347 tanta:

133 2357 172 2383 rei
190 2355 339 2382 novitatem
354 2355 446 2382 cuncti
468 2356 501 2382 de
515 2362 545 2382 ea
563 2363 592 2382 re
610 2356 795 2390 loquerentur.
814 2355 852 2382 Ex
867 2363 921 2388 quo

131 2395 268 2425 apparet,
284 2391 384 2418 donum
400 2390 548 2424 prophetia:
569 2390 624 2423 jam
640 2395 696 2417 tum
712 2390 763 2417 illis
790 2390 921 2424 tempori-

131 2426 186 2454 bus
215 2426 242 2452 in
265 2425 383 2452 Ecclesia
410 2433 502 2452 rarum
529 2430 612 2459 atque
640 2425 797 2452 inusitatum
818 2426 920 2458 fuisse;

131 2462 238 2494 quippe
250 2468 311 2487 cum
327 2465 420 2487 exorta
440 2460 557 2487 Montani
584 2461 734 2495 prophetia,
762 2465 852 2487 tantos
877 2466 920 2488 tn-

130 2496 237 2524 Innltus
259 2501 323 2522 tunc
335 2496 464 2528 temporis
479 2496 506 2522 in
523 2495 642 2522 Ecclesia
659 2496 828 2522 excitaverit.
844 2495 920 2529 Quod

130 2537 209 2559 certe
230 2539 284 2558 non
298 2531 466 2563 contigisset,
479 2532 501 2557 si
520 2531 641 2558 solemne
655 2535 717 2557 tunc
731 2539 761 2557 ac
778 2532 922 2565 pervulga-

130 2571 192 2592 tum
218 2566 246 2593 in
277 2565 397 2592 Ecclesia
419 2566 513 2593 fuisset
539 2566 687 2600 prophetia:
706 2566 815 2592 donum.
836 2565 922 2593 Porro

127 2601 311 2637 διατεθρυλλη
316 2601 399 2637 μένην
414 2601 525 2637 Longus
536 2602 617 2628 vertit
632 2601 810 2637 decantatam.

168 2636 211 2672 (9t
218 2635 234 2671 )⁷
243 2635 380 2672 "Emori
387 2644 429 2663 τε.
439 2635 607 2672 νΑιπψΙοοιοι·
621 2636 834 2672 emendationem
843 2635 921 2672 Chri-

129 2671 322 2704 stoplmrsoni,
336 2671 382 2706 qui
397 2671 525 2698 ἑκάστοτε
541 2671 671 2702 correxit,
693 2671 719 2697 id
738 2675 790 2702 est,
804 2671 920 2702 assidue,

128 2707 261 2743 quotidie,
277 2711 304 2743 et
316 2707 361 2743 sic
373 2706 490 2743 Savilius
499 2707 531 2743 ad
540 2706 690 2743 oram_lih_ri
698 2707 738 2743 sui
756 2707 920 2743 etnendavit.

167 2742 226 2777 (92)
240 2742 295 2769 Καὶ
316 2741 387 2774 τοὺς
409 2741 590 2774 ἀντιθέτους.
614 2740 703 2777 Malim
727 2740 874 2777 ἀντιθέουςἐ
893 2745 922 2767 ut

129 2776 236 2812 legitur
264 2777 299 2805 ad
331 2777 482 2812 marginem
502 2776 921 2812 editionisGenevetisis.HCutn

128 2810 206 2840 enim
221 2813 277 2847 jam
305 2810 405 2839 dixerit
430 2812 493 2843 τοὺς
521 2810 674 2847 ἐξεναντίας
689 2810 920 2847 ἀποκρουσθῆναι,

130 2846 304 2882 ineptissima
328 2851 410 2882 esset,
425 2846 563 2882 repetitio,
577 2847 600 2873 si
619 2846 683 2877 τοὺς
699 2846 856 2878 ἀντιθέτους
870 2847 922 2873 ite.

131 2881 193 2910 rum
207 2882 373 2910 nominaret.
391 2881 488 2910 Verum
504 2881 653 2913 ἀντιθέους,
672 2883 743 2916 quod
761 2883 838 2917 longe
858 2890 920 2916 gra-

939 1577 959 1606 C

937 2225 961 2254 D

983 263 1115 296 refellere,
1132 267 1177 290 aut
1190 262 1297 289 veritati
1315 261 1478 297 patrocinari
1496 262 1606 289 minime
1621 262 1740 293 valerem
1759 271 1767 290 :

981 309 1028 337 sed
1042 309 1114 343 quod
1129 309 1245 336 verebar
1265 315 1296 335 ac
1321 307 1542 340 reformidabmn,
1563 316 1595 336 ne
1622 308 1692 336 forte
1708 309 1768 343 qui-

981 355 1092 382 husdam
1108 354 1214 380 viderer
1226 353 1389 387 evangelicae
1401 352 1466 379 Novi
1480 353 1647 381 Testumenti
1663 354 1766 381 doctri-

981 409 1021 428 me
1039 400 1187 436 quidquam
1204 398 1349 426 scribendo
1371 399 1481 431 addere,
1494 405 1521 426 et
1535 400 1624 426 denuo
1647 405 1768 428 statuere

980 447 1097 474 voluisse
1111 455 1118 474 :
1137 446 1180 473 Cui
1196 451 1285 473 tamen
1302 453 1389 480 neque
1403 445 1482 480 adjici
1510 446 1656 480 quidquam
1680 453 1767 481 neque

981 494 1063 521 adimi
1085 493 1126 520 l‘as
1143 497 1195 526 est,
1212 493 1244 520 ab
1268 500 1301 519 eo
1326 491 1476 526 praesertim
1504 493 1549 525 qui
1572 499 1604 519 ex
1627 493 1767 528 Evangelii

981 539 1121 575 pra-ceptis
1138 540 1219 566 vitam
1232 545 1313 573 agere
1325 538 1482 566 instituerit.
1500 538 1589 573 Nuper
1612 546 1677 566 vero
1704 547 1765 567 cum

980 593 1068 613 essem
1083 585 1197 621 Ancym
1214 585 1240 612 in
1264 584 1381 617 Galatia,
1397 589 1424 611 et
1448 584 1595 612 Ecclesiam
1623 584 1694 612 illius
1716 585 1766 614 loci

980 640 1048 659 nova
1064 631 1107 658 illa
1126 639 1177 659 non
1197 635 1225 658 ut
1242 631 1292 666 ipsi
1310 631 1405 658 dicunt
1419 630 1571 665 prophetia,
1593 631 1650 662 sed,
1671 636 1699 657 ut
1720 639 1767 665 p0-

979 683 1038 705 stea
1076 677 1318 708 alemonstrabitur,
1353 676 1598 712 pseudoprophetia
1632 677 1766 704 turbatam

979 723 1384 758 deprehendissem;quantum
1416 723 1506 750 facere
1531 723 1618 756 potui,
1644 723 1698 750 Deo
1722 722 1768 756 ju-

980 775 1068 802 vante,
1086 775 1141 796 tum
1156 769 1188 796 de
1213 769 1256 796 his
1279 769 1357 803 ipsis,
1375 774 1429 795 tum
1454 769 1487 795 de
1505 768 1617 803 reliquis
1641 769 1774 797 omnibus-

978 824 1038 851 qu:e
1052 816 1085 843 ab
1100 815 1153 843 illis
1169 815 1398 850 proponebantur,
1421 814 1576 849 singillatim
1597 815 1622 841 in
1649 815 1767 843 ecclesia

979 862 1094 889 disserui
1119 861 1241 896 pluribus
1259 860 1354 888 diebus
1370 869 1377 887 :
1395 860 1461 887 adeo
1478 865 1506 887 ut
1522 860 1642 888 Ecclesia
1656 861 1766 896 quidem

980 907 1130 935 incredibili
1147 907 1244 942 gaudio
1261 906 1367 938 affecta,
1390 910 1417 933 et
1438 906 1462 932 in
1485 905 1600 933 veritate
1626 906 1686 934 ﬁdei
1709 915 1767 934 ma-

979 961 1097 989 gnopere
1104 953 1264 980 conﬁrmata
1278 953 1328 988 siti;
1342 953 1492 980 adversarii
1505 961 1569 981 vero
1582 958 1645 981 tunc
1658 953 1766 988 quidem

979 999 1062 1035 fugati
1078 1006 1105 1027 et
1122 999 1167 1026 Dei
1181 999 1273 1026 hostes
1298 1007 1352 1026 non
1374 999 1504 1026 mediocri
1532 1000 1624 1026 dolore
1650 999 1766 1034 perculsi

979 1046 1090 1074 fuerint.
1129 1046 1195 1073 Cum
1216 1053 1279 1072 vero
1301 1045 1360 1080 ejus
1389 1046 1439 1073 loci
1471 1046 1620 1082 presbyteri
1646 1046 1767 1081 postula-

980 1097 1038 1119 rcnt
1066 1098 1205 1120 ulc-orum
1235 1100 1296 1126 quze
1323 1097 1419 1119 contra
1448 1092 1573 1119 veritatis
1595 1092 1766 1119 adversarios

978 1140 1050 1164 dicta
1063 1138 1178 1167 fuerant.
1193 1138 1421 1166 commentarium
1439 1138 1504 1173 ipsis
1520 1139 1651 1173 scriptum
1683 1139 1766 1166 rclin-

978 1192 1089 1220 querem
1106 1194 1112 1212 :
1132 1189 1238 1212 astante
1262 1185 1342 1211 etiam
1365 1184 1585 1219 eompresbytero
1598 1190 1692 1212 nostro
1713 1185 1765 1212 Ζο-

979 1233 1034 1259 tico
1048 1234 1160 1264 Utreno,
1174 1232 1199 1258 id
1213 1232 1324 1266 quidem
1337 1232 1449 1258 minime
1470 1232 1582 1266 praestiti
1597 1241 1603 1265 ;
1623 1233 1704 1268 130
1719 1233 1765 1260 sed

978 1277 1057 1305 simul
1079 1282 1159 1312 atque
1173 1277 1226 1304 huc
1243 1278 1396 1310 rediissem,
1413 1278 1579 1311 scripturum
1605 1287 1647 1305 me
1662 1279 1765 1310 omnia,

978 1330 1004 1351 et
1033 1325 1065 1351 ad
1090 1325 1161 1358 ipsos
1181 1324 1382 1358 quamprimum
1412 1325 1556 1351 missurum
1584 1324 1638 1352 Deo
1660 1324 1767 1352 favente

979 1370 1101 1405 promisi.
1120 1380 1128 1396 ι
1151 1370 1211 1397 llaec
1226 1375 1251 1397 et
1267 1370 1318 1397 alia
1337 1371 1363 1397 in
1381 1370 1494 1398 exordio
1516 1371 1605 1405 operis
1621 1375 1765 1406 postquam

978 1417 1057 1447 dixit.
1076 1417 1205 1451 paulatim
1220 1417 1332 1444 ulterius
1347 1423 1520 1451 progressus,
1536 1417 1697 1451 supradicta:
1712 1418 1767 1444 lue-

978 1465 1045 1492 resis
1059 1470 1196 1491 auctorem
1209 1464 1342 1491 describit
1355 1464 1397 1491 his
1421 1463 1511 1490 verbis
1526 1471 1538 1490 ι
1558 1473 1567 1489 ι
1585 1463 1668 1497 Igitur
1681 1464 1766 1492 obsti-

979 1516 1040 1538 nuta
1065 1510 1172 1538 illorum
1200 1510 1283 1538 coitio
1310 1510 1440 1538 adversus
1465 1510 1624 1543 Ecclesiam,
1641 1516 1668 1538 et
1696 1519 1765 1538 nova

979 1557 1121 1592 perniciosi
1134 1557 1287 1585 schismatis
1300 1557 1420 1588 hmrcsis.
1436 1557 1505 1584 hanc
1517 1557 1610 1584 habuit
1621 1557 1766 1592 originem.

979 1602 1061 1630 Vicus
1077 1602 1186 1637 quidam
1212 1610 1273 1630 esse
1301 1602 1401 1630 dicitur
1427 1602 1453 1629 in
1481 1602 1566 1637 Mysia
1595 1605 1765 1631 contermina

978 1649 1102 1685 Phrygiae
1126 1650 1234 1678 nomine
1247 1649 1366 1676 Ardaba.
1395 1648 1422 1676 In
1439 1657 1492 1683 quo
1507 1649 1583 1677 aiunt
1609 1650 1765 1678 Montanum

978 1697 1123 1730 quemdam
1140 1704 1172 1723 ex
1191 1696 1224 1723 iis
1242 1695 1286 1731 qui
1303 1696 1420 1723 ﬁdelium
1438 1704 1552 1723 numero
1571 1704 1668 1724 recens
1682 1698 1767 1725 ascri-

978 1741 1016 1776 pti
1028 1741 1146 1774 fuerant,
1160 1740 1304 1768 immodica
1318 1741 1398 1775 primi
1417 1741 1468 1768 loci
1486 1741 1635 1776 cupiditate
1645 1747 1765 1777 captum,

977 1785 1096 1820 primum
1109 1785 1159 1812 sub
1173 1784 1257 1812 Grato
1270 1785 1339 1812 Asize
1350 1785 1510 1820 procon5ule
1524 1785 1625 1812 aditum
1641 1785 1667 1812 in
1680 1793 1708 1812 se
1718 1785 1767 1812 ad-

978 1832 1102 1859 versario
1113 1831 1222 1867 spiritui
1238 1830 1387 1865 praebuisse
1403 1840 1409 1858 :
1434 1836 1461 1858 et
1481 1831 1605 1858 daemone
1630 1831 1764 1866 repletum

978 1933 1039 1960 vius
1050 1938 1101 1964 est,
1123 1932 1242 1967 appellat
1268 1932 1456 1962 Montanistas.
1470 1933 1496 1960 id
1510 1937 1562 1966 est,
1580 1933 1628 1960 Dei
1641 1934 1767 1960 adversa-

978 1969 1042 2000 rios,
1063 1976 1096 1995 eo
1106 1969 1175 2002 quod
1190 1976 1287 1995 novum
1302 1968 1471 1996 Paracletum
1491 1968 1662 1995 inducerent.
1676 1969 1766 2003 Atque

978 2004 1013 2030 ita
1038 2005 1064 2030 in
1091 2004 1184 2030 codice
1200 2003 1266 2030 Fltk.
1284 2009 1311 2030 et
1326 2003 1411 2031 Savil.
1432 2003 1562 2037 scriptum
1584 2003 1707 2030 habetur.
1736 2004 1764 2030 Si

976 2039 1037 2072 quis
1053 2046 1118 2065 vero
1135 2038 1289 2070 ἀντιθέτους
1306 2039 1423 2065 retinere
1455 2039 1590 2067 maluerit.
1610 2046 1662 2064 non
1684 2046 1766 2072 repu-

977 2074 1076 2107 gnaho.
1095 2074 1164 2109 Infra
1181 2074 1252 2100 enim
1271 2074 1399 2101 dicuntur
1419 2073 1672 2109 ἀντιδιατιθέμενοι,
1689 2079 1718 2100 ιιι
1738 2077 1766 2100 et

978 2109 1046 2141 apud
1059 2109 1138 2143 (ἔνι-ε.
1158 2108 1315 2141 Nyssmnum
1339 2109 1384 2135 lib.
1403 2117 1411 2136 ι
1427 2109 1528 2136 Contra
1551 2107 1722 2140 Eunomium.
1738 2115 1766 2137 et

977 2143 1089 2170 Paulum
1105 2144 1129 2169 in
1144 2143 1163 2170 ll
1182 2145 1217 2169 ad
1232 2143 1346 2170 Timolh.

1013 2178 1069 2213 (95)
1090 2178 1147 2206 Τοῦ
1170 2179 1320 2212 Ὄτρηνοῦ.
1336 2179 1403 2205 Male
1418 2178 1487 2213 apud
1501 2178 1681 2213 Nicephorum
1699 2179 1763 2211 legi-

975 2218 1018 2241 tur
1030 2213 1187 2250 Ὁστρηνοῦ.
1203 2213 1412 2250 Distinguendus
1426 2219 1516 2241 autem
1533 2215 1640 2241 videtur
1655 2215 1698 2242 llic
1712 2214 1766 2240 Z0-

977 2250 1047 2277 ticus
1067 2248 1185 2276 0irénus
1199 2256 1213 2275 a
1231 2248 1333 2281 Zotico,
1353 2249 1515 2276 Comanensi
1533 2250 1675 2283 episcopo.
1687 2250 1764 2282 cujus

976 2283 1046 2326 infra
1059 2285 1185 2346 mpminit
1200 2285 1243 2312 hic
1256 2290 1362 2312 auctor.
1379 2284 1635 2313 NamComaueusis
1653 2285 1698 2312 ille
1715 2293 1763 2311 au-

976 2325 1076 2346 uuutor
1101 2324 1150 2346 uit.

976 2320 1076 2347 tiauior
1088 2319 1150 2347 fuit.

998 2327 1076 2391 ί]ἴὲἴῖ
1088 2327 1189 2389 εὲῗῖτῇ
1213 2355 1287 2382 κατὰ
1299 2355 1507 2391 τὴνλΦρυγίαν
1518 2355 1630 2391 Μυσίᾳ.
1649 2355 1765 2391 Ruﬁnus

976 2389 1070 2423 vertit,
1084 2391 1156 2417 vicus
1168 2390 1275 2424 quidam
1288 2398 1343 2417 esse
1353 2389 1451 2417 dicitur
1463 2391 1533 2424 apud
1547 2390 1691 2424 Phrygiam
1704 2390 1765 2424 My-

975 2425 1023 2451 sire
1038 2425 1179 2457 civitatem,
1199 2425 1379 2459 ineptissime.
1399 2425 1454 2452 Nec
1469 2425 1565 2452 melius
1584 2425 1723 2452 Musonius
1736 2430 1763 2452 et

976 2460 1240 2495 Christophorsonus
1283 2461 1500 2494 interpretantur
1540 2460 1610 2494 apud
1649 2460 1763 2495 Mysiam

977 2494 1110 2529 Phrygid’.
1128 2495 1197 2528 Quid
1214 2495 1298 2527 enim,
1313 2494 1420 2530 amabo,
1436 2495 1487 2522 sibi
1500 2495 1558 2530 vult
1577 2495 1663 2529 Mysia
1674 2494 1762 2530 Pliry-

975 2530 1154 2570 gize?_l)uplex
1168 2530 1231 2570 olim
1245 2529 1297 2556 fuit
1309 2529 1404 2570 Mysia,
1417 2530 1488 2569 sicut
1500 2535 1527 2557 et
1543 2529 1672 2570 Phrygia,
1695 2529 1764 2557 teste

977 2564 1111 2593 Strabone
1130 2565 1157 2592 in
1172 2565 1218 2592 lib.
1235 2572 1274 2592 χιι
1287 2573 1294 2592 :
1307 2564 1361 2591 alia
1377 2564 1472 2598 major,
1486 2572 1566 2598 quam
1582 2564 1760 2599 Olympeuem

976 2605 1055 2628 vocat
1070 2600 1184 2632 Strabo;
1203 2600 1255 2626 alia
1270 2600 1369 2631 minor.
1384 2607 1466 2633 quam
1487 2600 1699 2634 Hellespontiam
1716 2608 1764 2627 vo-

976 2640 1022 2663 cat
1037 2636 1207 2663 Ptolemaeus.
1222 2635 1342 2669 Utraque
1358 2642 1438 2668 porro
1453 2634 1578 2670 Phrygia:
1593 2635 1762 2662 contermina

976 2643 1022 2663 cat
1037 2643 1207 2663 rtotemarus.
1224 2643 1342 2669 Utraque
1358 2643 1438 2668 porro
1453 2643 1524 2670 rnry
1545 2643 1578 2662 tae
1593 2643 1762 2662 contermina

976 2671 1034 2697 fuit.
1053 2671 1130 2698 Unde
1144 2675 1235 2697 natum
1249 2669 1420 2705 proverbium
1436 2643 1638 2705 apudigiraecos
1655 2670 1763 2705 εΧωρὶς

975 2705 1009 2732 τὰ
1022 2706 1132 2734 Μυσῶν.
1146 2705 1208 2732 Fuit
1223 2704 1347 2732 et'altera
1362 2704 1444 2740 Mysia
1464 2705 1491 2732 in
1509 2704 1626 2740 Europa,
1640 2704 1763 2733 Thraciae

976 2742 1141 2774 contributa,
1164 2748 1245 2775 quam
1271 2740 1362 2768 Latini
1388 2740 1499 2775 quidem
1513 2740 1638 2768 Mtesiam
1651 2745 1762 2773 vocant,

975 2776 1063 2803 Grieci
1082 2783 1145 2803 vero
1168 2784 1276 2809 semper
1288 2775 1408 2802 Μυσίαν.
1434 2776 1474 2803 Ad
1488 2776 1568 2811 hujus
1581 2783 1647 2809 ergo
1664 2776 1762 2802 distin-

975 2812 1094 2847 ctionem
1107 2813 1123 2846 ἡ
1140 2811 1211 2838 κατὰ
1226 2811 1345 2846 Φρυγίαν
1362 2811 1455 2838 Μυσία
1481 2810 1535 2847 hic;
1547 2810 1648 2847 dicitur
1676 2810 1760 2847 Mysia

974 2845 1100 2881 Phrygiae
1117 2845 1297 2879 contermina,
1309 2855 1355 2873 seu
1380 2847 1507 2874 Asiatica.
1522 2845 1608 2874 Porro
1620 2845 1759 2874 vicus’iste

976 2883 1002 2909 in
1019 2882 1111 2910 codice
1123 2881 1189 2909 Maz.
1207 2882 1304 2909 dicitur
1325 2881 1467 2915 Ἀρδαϐᾶϐ.
