1996 3165
142 124 191 152 ιοθ

645 123 821 152 HISTORLE
842 122 1120 151 ECCLESIASTICIE
1140 122 1204 150 LIB.
1225 122 1258 150 ν.

1699 121 1752 148 470

141 182 186 210 δὰν
205 181 293 209 τοίνυν
309 182 355 208 καὶ
369 181 591 217 προφητοφόντας
609 182 682 219 ἡμᾶς
699 183 861 216 ἀπεκάλουν,
879 183 907 209 ὅτ

970 190 1052 210 causa
1080 181 1282 213 convenissent.
1316 187 1467 216 novamque
1493 180 1567 207 illam
1598 180 1750 207 doctrinam

142 229 177 265 μὴ
190 229 252 260 τοὺς
264 227 472 264 ἀμετροφώνονς
483 227 520 264 (1)
535 228 623 255 αὐτῶν
639 230 778 265 προφήτας
793 229 919 265 ἐδεξάμε-

140 275 181 302 θα”
192 274 302 306 τούτους
315 274 367 310 γὰρ
382 272 450 300 εἷναί
463 282 554 308 φασιν,
565 273 668 311 οὕσπερ
684 275 865 310 ἐπηγγείλατο
879 275 918 311 τῷ

139 321 194 356 λαῷ
213 321 329 356 πέμψειν
353 321 367 347 ὁ
388 320 498 356 Κύριος,
514 320 755 356 ἀποκρινάσθωσαν
768 322 832 356 ἡμῖν
850 321 918 357 πρὸς

138 366 214 398 Θεοῦ,
225 366 281 393 ἐστι
298 375 347 398 τις,
363 362 386 393 ὦ
406 365 551 401 βέλτιστοι⁷
565 367 666 393 τούτων
678 366 732 393 τῶν
748 367 802 393 ἀπὸ
812 368 917 394 Μοντα-

137 411 182 439 νοῦ
202 412 248 439 καὶ
259 412 393 446 γυναικῶν
405 411 494 438 λαλεῖν
511 412 680 448 ἀρξαμένων,
696 413 769 445 ὅστις
783 413 835 440 ὑπὸ
850 414 917 439 Ἰου-

136 458 215 485 δαίων
225 457 372 493 ὲδιώχθη,ἢ
387 458 439 484 ὑπὸ
452 448 616 493 παριῖνόμων
628 458 782 493 ἀπεκτάνθη
796 467 802 490 ;
819 457 915 490 οὐδείς’

135 504 195 530 οὐδέ
218 504 249 538 γέ
270 513 312 536 τις
332 503 420 530 αὐτῶν
433 502 578 547 κρατηθεὶς
593 504 662 540 ὑπὲρ
674 504 720 530 τοῦ
733 504 862 539 ὀνόματος
878 503 916 539 ('2)

133 549 343 585 évsceaaptbO-q;
361 549 390 576 οὐ
411 549 464 585 γὰρ
482 547 543 576 οὖν·
562 549 621 575 οὐδὲ
643 549 695 585 μὴν
712 549 771 576 οὐδὲ
791 551 819 576 ὲν
838 559 916 576 συνα-

133 597 238 629 γωγαῖς
255 595 388 622 Ἰουδαίων
406 595 461 621 τῶν
473 594 610 629 γυναικῶν
625 604 667 626 τις
681 595 853 631 ὲμαστιγώθη
867 605 916 622 πο-

131 643 172 676 τὲ,
186 643 202 678 ῆ
215 642 403 678 ἐλιθοῆολήθη;
421 642 552 678 οὐδαμόσε
566 642 701 678 οὐδαμῶς.
722 642 810 678 Ἄλλῳ
828 643 855 669 δὲ
868 643 915 670 θα.-

130 690 204 724 νάτῳ
220 688 378 724 τελευτῆσαι
392 688 516 722 λέγονται
531 689 667 721 Μοντανός
679 698 707 716 τε
720 690 766 715 καὶ
781 689 915 724 Magth-

128 735 174 762 λα.
189 735 306 766 Τούτους
324 734 377 770 γὰρ
392 735 444 761 ὑπὸ
457 735 609 770 πνεύματος
625 731 802 770 βλαψίφρονος
817 735 913 761 ἑκατέ-

127 789 194 816 ρους
215 781 436 816 ὑποκινήσαντος,
462 780 540 815 λόγος
554 781 704 817 ἀναρτῆσαι
725 781 846 813 ἑαυτοὺς,
865 781 913 816 οὐχ

125 826 206 862 ὁμοῦ,
223 826 293 854 κατὰ
309 826 336 853 δὲ
355 826 399 853 τὸν
414 826 464 861 τῆς
478 827 594 854 ἑκάστου
606 827 734 863 τελευτῆς
748 827 843 862 καιρὸν
860 828 912 863 φή-

969 228 1180 259 examinassent,
1203 231 1230 254 et
1254 227 1395 262 profanant
1426 232 1508 261 atque
1541 226 1651 260 impiam
1678 225 1751 259 judi-

969 275 1086 304 cassent,
1103 271 1228 298 damnata
1250 271 1343 298 litercsi
1358 272 1400 298 isti
1414 272 1446 298 ab
1462 271 1579 306 Ecclesia
1591 277 1617 297 et
1632 271 1748 298 lidelium

969 318 1159 345 communione
1173 317 1276 352 expulsi
1292 323 1364 345 sunt.
1382 327 1391 343 ι
1409 318 1454 344 llis
1471 318 1496 344 in
1514 318 1645 352 principio
1658 317 1750 352 operis

968 363 1197 396 commemoratis,
1210 370 1241 390 ac
1253 370 1300 397 per
1314 367 1396 389 totum
1423 363 1547 397 deinceps
1573 363 1669 389 librum
1685 370 1750 389 cou-

969 408 1102 436 l'ntatione
1117 409 1224 436 illorum
1240 409 1342 435 erroris
1358 409 1471 443 adjecta,
1491 409 1660 442 supradictus
1678 408 1749 435 scri-

968 460 1030 490 ptor
1046 456 1072 482 in
1084 455 1204 483 secundo
1221 455 1289 482 libro
1302 455 1334 482 de
1351 455 1457 481 illorum
1471 463 1537 489 quos
1553 455 1607 482 dixi
1625 455 1699 482 obitu
1712 455 1749 482 ita

968 502 1065 528 scribit
1081 511 1087 528 :
1109 511 1118 527 ι
1135 502 1246 534 Quando
1258 502 1348 536 igitur,
1372 501 1469 535 inquit,
1483 501 1673 536 prophetarum
1699 508 1750 528 nos

968 547 1157 575 interfectores
1182 553 1328 581 vocarunt,
1352 552 1492 582 propterea
1520 547 1590 581 quod
1622 547 1749 582 loquaces

968 592 1084 626 ipsorum
1101 593 1246 627 prophetas
1264 600 1315 618 nou
1330 592 1488 619 admisimus
1512 592 1573 625 (hos
1588 592 1661 618 enim
1687 599 1749 619 esse

967 638 1111 670 allirmant,
1125 646 1193 673 quos
1206 633 1339 666 Dominus
1355 638 1453 674 popqu
1466 645 1494 666 se
1519 639 1664 665 missurum
1688 646 1749 665 esse

967 684 1145 719 promiserit),
1163 685 1343 718 respondeant
1359 685 1447 715 nobis,
1461 691 1562 718 quaeso,
1576 691 1624 719 per
1640 684 1723 720 Deum
1739 693 1747 711 :

965 735 1042 757 estne
1053 730 1150 764 aliquis
1171 737 1264 757 eorum
1280 731 1325 764 qui
1341 730 1396 766 jam
1410 731 1472 758 inde
1489 738 1502 756 a
1517 730 1643 757 Montano
1654 736 1681 758 et
1695 739 1750 758 mu-

966 776 1085 804 lierculis
1101 776 1206 810 garrire
1234 777 1348 811 primum
1373 782 1523 809 cmpernnt,
1542 776 1588 810 qui
1610 785 1625 803 a
1648 775 1749 805 Iudaeis

965 823 1180 856 persecutionem
1197 830 1291 857 passus
1315 822 1361 855 sit,
1379 827 1423 848 aut
1454 822 1487 849 ab
1515 821 1605 855 impiis
1632 823 1750 850 trucida-

127 860 166 909 μη
183 872 265 908 πολλή
277 881 283 887 ·
309 872 355 898 καὶ
376 860 447 899 οὕτω
465 872 493 898 δὲ
506 873 663 908 τελευτῆσαι
676 860 724 899 καλ.
738 873 783 899 τὸν
796 860 852 908 βίον

966 868 1030 894 tus?
1042 867 1126 894 Nemo
1141 875 1223 895 certe.
1243 868 1297 895 Nec
1311 875 1375 896 vero
1388 868 1458 896 ullus
1469 876 1564 896 eorum
1586 877 1635 904 pro
1647 869 1748 897 Christi

124 918 288 954 ταπρέψαι,
305 917 391 945 Ἰούδα
404 918 532 954 προδότου
546 919 633 954 δίκην.
647 918 779 955 Καθάπερ
801 919 848 946 καὶ
867 919 913 952 τῂν

124 964 280 1000 θαυμαστὸν
296 965 396 991 ἐκεῖνον
411 965 456 991 τὸν
473 965 579 1001 πρῶτον
594 965 644 1000 τῆς
656 966 716 992 κατ’
728 965 826 998 αὐτοὺς
839 965 913 1000 λεγο-

125 1010 212 1045 μένης
229 1010 397 1045 προφητείας
414 1007 469 1036 οῗον
493 1011 639 1048 ἐπίτροπόν
707 1020 766 1038 τινα
776 1011 912 1044 Θεόδοτον,

123 1055 210 1087 πολὺς
235 1056 309 1092 αἱρεῖ
323 1055 400 1090 λόγος
418 1055 466 1091 (4),
488 1056 525 1088 ὡς
551 1057 693 1092 αἱρὸμενόν
711 1065 776 1083 ποτε
790 1057 836 1084 καὶ
849 1057 913 1087 ἀναιτ

121 1101 329 1136 λαμϐανόμενον
348 1102 386 1133 εις
405 1101 536 1136 οὐρανοὺς
553 1102 738 1138 παρεκστῆναί
759 1102 796 1138 (5)
817 1111 846 1129 τε
865 1103 912 1130 καὶ

121 1147 341 1174 κατα-πιστεῦσαι
353 1146 447 1174 ἑαυτὸν
459 1147 498 1183 τῷ
513 1148 561 1182 τῆς
578 1148 684 1183 ἀπάτης
705 1148 850 1183 πνεύματι,
863 1150 911 1176 καὶ

121 1193 308 1226 δισκευθέντα,
320 1193 412 1225 κακῶς
425 1194 584 1228 τελευτῆσαι
588 1215 594 1221 .
609 1194 677 1220 Φασὶ
691 1194 756 1228 γοῦν
774 1194 851 1220 τοῦτο
865 1194 910 1221 οὒ-

120 1247 179 1271 τως
200 1239 348 1273 γεγονέναι.
364 1239 444 1266 Ἀλλὰ
468 1240 505 1275 μὴ
529 1239 593 1266 ἄνευ
619 1238 723 1276 (6)τοῦ
746 1239 809 1271 ἰδεῖν
825 1241 908 1275 ἡμᾶς,

120 1285 286 1312 ἐπίστασθαί
306 1294 332 1311 τι
346 1285 399 1312 τῶν
419 1285 545 1312 τοιούτων
564 1285 719 1321 νομίζομεν,
743 1282 765 1312 ὦ
780 1286 908 1321 μακάριε.

121 1331 207 1362 Ἰσως
223 1330 271 1365 μὲν
283 1330 336 1365 γὰρ
352 1329 447 1362 οὕτως,
465 1331 529 1364 ἴσως
545 1331 573 1359 δὲ
588 1332 637 1366 οὐχ
653 1330 739 1362 οὕτως
755 1331 910 1368 τετελευτή-

120 1384 186 1402 κασι
209 1375 346 1407 Μοντανύς
366 1384 396 1402 τε
420 1375 605 1409 καὶηΘεόδοτος
622 1376 669 1402 καὶ
687 1377 703 1412 ἡ
722 1377 908 1412 προειρημένη

119 1422 201 1456 γυνή.
219 1430 228 1443 ι
245 1419 328 1452 Αὖθις
352 1421 373 1447 δ’
392 1422 420 1448 ὲν
439 1421 478 1456 τῷ
497 1421 570 1456 αι)τῷ
592 1430 657 1456 φησι
670 1421 751 1457 λόγῳ,
773 1423 835 1454 τοὺς
849 1423 908 1449 τότε

120 1467 213 1501 ἱεροὺς
235 1466 401 1502 ἐπισκόπους
423 1466 602 1502 πεπειρᾶσθαι
625 1467 671 1501 μὲν
686 1467 716 1493 τὺ
730 1468 759 1493 ἐν
773 1469 806 1503 τῇ
824 1466 910 1499 Magi.-

120 1511 204 1548 μίλλῃ
215 1511 322 1547 πνεῦμα
333 1511 474 1545 διελέγξαι,
488 1510 658 1538 κεκωλῦσθαι
674 1511 701 1537 δὲ
717 1512 783 1547 πρὸς
797 1512 907 1548 ἑτέρων,

119 1557 324 1592 συνεργούντων
338 1557 436 1593 δηλαδὴ
451 1556 489 1592 τῷ
502 1557 645 1592 πνεύματι.
657 1557 758 1593 Γράφει
772 1557 799 1584 δὲ
812 1558 907 1590 οὕτως·

122 1613 131 1624 ι
149 1604 206 1630 Καὶ
231 1604 268 1639 μὴ
288 1603 388 1637 λεγέτω
403 1605 431 1630 ὲν
445 1604 483 1640 τῷ
497 1604 571 1639 αὑτῷ
587 1603 659 1639 λόγῳ
679 1604 717 1639 τῷ
732 1604 803 1631 κατὰ
817 1604 908 1630 Ἀστέ-

121 1659 177 1686 ριον
191 1649 329 1686 Οὐρϐανὸν
346 1650 382 1685 (7)
396 1650 426 1676 τὺ
439 1650 482 1677 διὰ
498 1649 667 1686 Μαξιμίλλης
682 1650 799 1686 πνεῦμα,
813 1649 908 1689 διῴκο-

155 1742 195 1776 (1)
218 1740 464 1775 Ἀμετροφὼνους.
483 1740 583 1776 Allndit
601 1742 635 1768 ad
659 1741 809 1775 epithelum
829 1741 904 1773 illud,

120 1783 173 1809 quo
190 1776 324 1803 Homerus
339 1778 364 1802 in
389 1776 474 1802 Iliade
497 1775 649 1802 Thersith
669 1776 770 1808 affecit,
794 1777 909 1811 ἀμετρο-

119 1811 200 1846 επής,
217 1812 289 1845 quod
314 1812 384 1838 idem
406 1816 447 1838 est
459 1818 490 1837 ac
508 1811 676 1845 falsiloqttus.
689 1811 756 1838 Nam
769 1811 814 1845 qui
833 1820 908 1838 men-

121 1847 238 1876 tiuntur.
254 1846 355 1872 nullum
374 1846 399 1871 in
418 1847 533 1873 dicendo
546 1847 653 1873 modum
671 1853 782 1873 servare
806 1846 906 1875 solent.

155 1881 195 1915 (2)
217 1880 301 1914 Ὑπὲρ
328 1881 380 1908 τοῦ
403 1881 555 1915 ὀνόματος.
572 1881 599 1908 lu
626 1881 780 1915 Nicephoro
810 1881 908 1915 legitur

120 1916 190 1951 ὑπὲρ
206 1916 253 1942 τοῦ
271 1917 363 1951 νόμον.
380 1917 449 1949 quod
464 1923 515 1942 non
535 1917 638 1949 probo;
656 1916 817 1942 subauditur
833 1916 905 1942 enim

118 1951 166 1978 τοῦ
178 1951 309 1986 Χριστοῦ,
325 1957 352 1977 ιιι
365 1951 475 1978 Rulinus
486 1956 513 1986 et
528 1951 788 1983 Christopliorsouus
799 1951 907 1984 supple-

119 1987 169 2013 vit.
193 1985 240 2013 Sic
256 1985 409 2021 iniratcap.
431 1985 465 2013 18
491 1985 613 2021 loquitur
624 1986 795 2020 Apollonius,
809 1986 854 2013 ubi
873 1986 906 2013 de

119 2021 285 2050 Nexandrn.

117 2064 122 2085 ι
154 2057 196 2092 (5)
225 2055 296 2092 οἷον
319 2056 489 2090 ἐπίτροπον.
521 2056 634 2084 [tulinus
661 2057 717 2083 hac
742 2057 823 2084 verba
852 2063 905 2083 non

119 2091 255 2126 agitoscit.
272 2091 318 2118 Sic
330 2092 400 2117 enim
416 2092 506 2124 vertit,
526 2092 605 2118 veluti
631 2092 830 2126 primogenitum
846 2100 908 2124 pro-

118 2127 359 2161 phetiaedprorum,
378 2126 539 2153 Theodotum
567 2127 681 2153 nomine.
694 2127 794 2153 Omnes
815 2131 904 2153 tamen

118 2162 267 2188 codiceset
281 2161 451 2194 Nicephorus
463 2162 533 2189 hanc
548 2169 641 2188 vocem
663 2166 823 2196 agnoscunt.
842 2161 906 2188 Erat

119 2197 188 2230 apud
210 2195 389 2223 Montanistas
416 2205 478 2224 arca
498 2197 631 2231 quzedam,
649 2195 775 2231 iniquam
798 2197 905 2224 sodales

118 2232 218 2266 stipem
240 2231 427 2266 gonjiciebant
454 2233 487 2259 ad
515 2231 706 2265 prophetarum
735 2231 901 2258 alimoniam.

118 2265 229 2302 Primus
239 2265 394 2293 Theodotus
408 2267 486 2302 hujus
510 2274 584 2302 arcte
594 2273 686 2293 curam
707 2267 802 2301 gessit.
825 2274 902 2299 queui

120 2301 226 2328 idcirco
241 2301 450 2334 procuratorem
463 2301 612 2336 prophetia:
626 2301 669 2328 hic
681 2302 799 2335 scriptor
812 2307 901 2333 vocat.

118 2337 188 2369 quod
209 2336 312 2364 reditus
335 2336 440 2363 illorum
468 2341 494 2363 et
520 2336 618 2370 prmdia
642 2341 808 2369 procuraret.
839 2337 904 2363 Erat

114 2370 225 2406 alioqui
253 2371 394 2399 Montanus
411 2379 472 2398 cum
493 2373 548 2398 Suis
575 2371 764 2405 prophetissis.
789 2379 902 2404 magnus

118 2409 280 2438 teruscator,
297 2407 344 2440 qui
358 2408 499 2441 pecuniam
525 2407 642 2439 undique
656 2407 810 2433 corraderet
828 2407 902 2433 oblao

116 2441 227 2470 tinuum
251 2443 353 2474 specie.
376 2441 479 2469 Salaria
504 2441 585 2470 etiam
612 2441 732 2475 prabcre
747 2441 843 2468 solitus
869 2442 902 2468 iis

119 2476 164 2511 qui
182 2477 335 2503 doctrinam
350 2484 424 2503 suam
441 2477 629 2511 praidicarent,
646 2480 673 2502 ut
699 2476 794 2503 scribit
822 2476 904 2510 Apol-

119 2510 210 2538 lonius
229 2512 299 2544 apud
324 2510 468 2538 Eusebium
487 2512 511 2538 in
538 2512 626 2544 capite
643 2512 779 2543 sequenti.
806 2511 902 2538 Arcam

119 2545 202 2580 igitur
220 2553 267 2573 seu
282 2546 376 2573 liscum
389 2547 511 2573 habuerit
530 2553 641 2573 necesse
661 2550 712 2578 est,
727 2550 753 2572 et
775 2553 904 2580 procura-

115 2576 208 2609 torem
228 2581 330 2612 :erarii,
345 2582 390 2641 qui
409 2582 517 2612 salaria,
536 2581 560 2610 id
574 2586 614 2607 est
631 2576 760 2615 pecunias
773 2576 901 2608 numera-

120 2620 160 2641 ret
173 2616 206 2641 iis
222 2617 322 2641 quibus
338 2615 351 2641 Δ
365 2621 480 2641 ontanus
495 2617 663 2641 decreverat.

120 2620 160 2641 ret
173 2616 206 2642 iis
222 2617 322 2648 quibus
338 2615 480 2642 Montanus
495 2617 663 2643 decreverat.

116 2657 134 2711 ιτ
155 2649 194 2685 (4)
212 2649 314 2691 Πολὺς
328 2650 405 2685 αἱρεῖ
413 2652 515 2693 ιλόγος.
530 2650 558 2677 In
572 2651 665 2691 codice
679 2649 817 2692 Medicam,
833 2650 902 2691 Mal.

116 2709 119 2711 ν
137 2689 146 2710 ι
164 2685 233 2711 Fuk.
252 2686 352 2711 legitur
366 2687 433 2711 ὲοει.
446 2687 521 2711 Anud
535 2686 680 2711 Eusebium
706 2692 794 2711 tamen
813 2694 838 2711 tn
855 2686 902 2711 lth.

116 2685 146 2721 kat
164 2685 233 2712 Fuk.
252 2686 352 2720 legitur
366 2687 433 2721 ἐρεῖ.
446 2687 521 2720 Apud
535 2686 680 2713 Eusebium
706 2692 794 2714 tamen
812 2688 838 2713 in
855 2686 902 2713 lib.

116 2713 229 2765 iﬂl‘t‘bis
241 2713 294 2765 ita:
309 2713 499 2765 scribitur-lant.
515 2721 642 2765 hoclloco
663 2722 792 2765 scriptum
816 2722 902 2763 vides,

117 2755 205 2791 ιτωλὺς
221 2756 293 2790 αἱρεῖ
309 2755 397 2789 λόγος.
415 2756 459 2791 ubi
469 2756 544 2791 αἱρεί
559 2756 627 2783 idem
647 2757 716 2783 valet
733 2764 764 2784 ac
779 2757 884 2791 κρατεῖ.

156 2789 427 2826 (5),Πα,ρεκστῆγαι.
452 2789 521 2826 Male
548 2791 707 2824 interpretes
728 2789 904 2818 omue~luuuc

120 2823 210 2856 locum
224 2823 331 2861 cupere.
344 2825 534 2862 Παρεκστῆναι
546 2831 587 2854 est
601 2823 669 2854 [also
680 2828 776 2855 tuentis
789 2834 901 2855 excessu

965 914 1073 940 nomine
1088 915 1249 948 prehensus,
1265 914 1291 941 in
1308 922 1418 942 crucem
1430 920 1507 943 actus
1521 921 1562 943 est
1576 925 1582 942 :
1599 917 1645 944 sed
1661 925 1748 951 neque

964 959 1015 986 ulla
1029 959 1125 987 mulier
1141 961 1168 986 in
1185 959 1338 988 Judzeorum
1356 963 1499 997 synagogis
1520 962 1664 998 autﬂagris
1676 971 1745 991 caesa

963 1011 1009 1032 aut
1024 1006 1155 1039 lapidibus
1169 1007 1290 1042 impetita
1309 1013 1361 1035 est.
1400 1008 1536 1043 Nusquam
1552 1009 1681 1044 profecto,
1696 1017 1747 1038 nec

963 1059 1090 1086 unquam.
1129 1053 1184 1080 lmo
1200 1053 1279 1087 longe
1292 1053 1345 1081 alio
1367 1055 1463 1081 mortis
1487 1063 1585 1090 genere
1609 1056 1747 1084 interiisse

962 1099 1089 1125 dicuntur
1105 1098 1244 1127 Montanus
1267 1105 1293 1127 et
1311 1099 1468 1129 Maximilla.
1494 1103 1581 1129 Ambo
1604 1103 1687 1136 enim,
1701 1112 1706 1118 ν
1719 1109 1746 1131 ιιι

963 1143 1031 1170 fama
1044 1148 1097 1176 est,
1109 1144 1142 1171 ab
1154 1143 1249 1171 insano
1262 1145 1357 1179 spiritu
1376 1145 1492 1179 incitati,
1510 1146 1605 1180 laqueo
1620 1147 1669 1174 sibi
1695 1155 1746 1182 gu-

961 1189 1014 1216 lam
1026 1189 1164 1224 fregerunt
1179 1199 1186 1217 :
1203 1198 1256 1218 non
1269 1191 1377 1225 quidem
1395 1191 1484 1224 simul,
1497 1193 1543 1219 sed
1556 1200 1611 1220 sua?
1629 1194 1745 1228 quisque

961 1237 1056 1265 mortis
1082 1241 1203 1272 tempore
1220 1247 1227 1264 :
1244 1242 1325 1271 atque
1343 1238 1380 1264 ita
1398 1238 1485 1265 instar
1511 1240 1657 1272 proditoris
1671 1239 1746 1268 Iuda:

960 1283 1044 1311 vitam
1063 1283 1199 1311 (inierunt.
1238 1283 1284 1310 Sic
1300 1284 1381 1310 etiam
1407 1285 1574 1312 admirabilis
1590 1286 1636 1313 ille
1657 1285 1746 1314 Theo-

961 1329 1051 1361 dotus,
1067 1329 1112 1363 qui
1132 1329 1235 1364 primus
1250 1329 1400 1363 prophetia:
1422 1329 1528 1357 illorum
1553 1331 1629 1366 quasi
1647 1339 1747 1366 procuc

961 1380 1035 1403 rator
1048 1374 1156 1408 quidam
1177 1375 1237 1406 fuit,
1253 1375 1429 1410 plurimorum
1444 1383 1570 1403 sermone
1587 1378 1746 1411 perhibetur

961 1421 1030 1449 falso
1046 1422 1142 1448 mentis
1152 1429 1265 1449 excessu
1279 1421 1406 1455 abreptus
1427 1421 1522 1455 fuisse,
1544 1423 1655 1457 perinde
1670 1431 1702 1450 ac
1721 1425 1744 1451 si

960 1466 1094 1495 levaretur
1109 1467 1254 1502 aliquando
1267 1472 1294 1494 et
1304 1473 1489 1494 assumeretur
1499 1468 1524 1494 in
1538 1468 1635 1495 coelum
1649 1477 1657 1496 :
1670 1476 1746 1496 cum-

960 1519 1015 1548 que
1027 1520 1056 1539 se
1074 1517 1159 1540 totum
1172 1512 1424 1540 lrauduleutissimo
1442 1513 1548 1546 spiritui
1565 1513 1743 1547 permisisset,

961 1560 995 1586 ab
1009 1567 1041 1586 eo
1057 1560 1083 1586 in
1099 1559 1182 1586 altum
1210 1559 1327 1593 jactatus
1347 1559 1494 1586 miserabili
1520 1559 1593 1586 exitu
1620 1560 1742 1594 pcriisso.

962 1604 993 1631 Et
1008 1604 1034 1631 id
1050 1604 1155 1639 quidem
1171 1604 1206 1630 ita
1221 1603 1321 1630 factum
1339 1611 1398 1630 esse
1414 1608 1536 1631 narrant.
1550 1603 1603 1631 Sed
1616 1604 1742 1638 quoniam

961 1650 1012 1685 ipsi
1030 1658 1082 1677 non
1093 1650 1219 1684 vidimus,
1233 1658 1401 1686 nequaquam
1412 1650 1597 1678 existimamus
1608 1657 1656 1678 nos
1667 1650 1744 1686 quid-

960 1741 1062 1778 abripi.
1073 1741 1119 1769 Sic
1134 1741 1319 1778 παρέκστασις
1331 1749 1411 1776 supra
1430 1741 1560 1778 sumitur,
1574 1741 1605 1778 id
1624 1746 1665 1778 est
1677 1741 1744 1769 falsa

963 1777 1089 1804 exstasis.
1106 1777 1258 1804 Sunt'enim
1280 1786 1348 1804 vera:
1363 1783 1485 1804 exstases
1501 1777 1527 1804 in
1543 1777 1677 1809 Ecclesia,
1696 1784 1744 1803 cn-

959 1811 1075 1844 jusmodi
1092 1812 1141 1839 l'uit
1155 1813 1226 1839 Petri
1249 1813 1372 1846 apostoli,
1389 1813 1414 1839 in
1427 1811 1545 1844 Actibus,
1557 1820 1617 1846 cap.
1636 1820 1653 1839 x
1666 1817 1692 1837 et
1703 1820 1743 1844 xt.

963 1847 1006 1874 ubi
1022 1847 1117 1874 Petrus
1128 1847 1226 1874 vidisse
1236 1847 1336 1874 dicitur
1349 1848 1375 1874 in
1389 1848 1490 1874 exstasi
1503 1848 1650 1874 visionem.
1669 1846 1742 1874 Talis

962 1881 1026 1908 item
1046 1882 1097 1908 fuit
1113 1883 1230 1909 exstasis
1250 1882 1325 1908 Pauli
1346 1882 1471 1916 apostoli,
1488 1889 1548 1908 cum
1573 1882 1604 1908 ad
1633 1882 1742 1909 tertium

960 1924 1048 1950 usque
1063 1917 1161 1944 coelum
1174 1918 1302 1950 ahrepttts
1314 1921 1363 1944 est.
1380 1917 1529 1943 Pnemrum
1555 1924 1662 1950 quoque
1692 1924 1741 1942 ex-

959 1956 1046 1986 stases
1070 1951 1096 1978 in
1123 1952 1305 1979 testimonium
1333 1953 1503 1979 adducuntur
1524 1959 1538 1978 a
1559 1952 1695 1986 Cypriano
1714 1951 1741 1978 in

959 1985 1078 2020 Epistola
1093 1994 1173 2014 noua.
1189 1987 1258 2014 Sttnt
1270 1987 1332 2014 item
1345 1987 1420 2014 l‘alste
1431 1991 1553 2013 exstases
1570 1985 1639 2020 apud
1655 1986 1743 2013 haere-

962 2021 1041 2057 ticos,
1058 2029 1117 2055 qua:
1132 2022 1330 2057 παρεκστάσεις
1345 2022 1484 2056 eleganter
1503 2022 1630 2057 dicuntur
1642 2022 1681 2057 ab;
1692 2022 1742 2057 hoc

965 2056 1113 2093 'scriptore,
1147 2055 1242 2093 eodem
1261 2058 1341 2084 modo
1353 2055 1406 2093 quo
1421 2056 1653 2093 παραδιορθῴσεις
1669 2055 1743 2093 falsa:

960 2091 1161 2127 emendationes
1174 2091 1304 2127 dicuntur
1326 2099 1340 2118 a
1358 2092 1506 2127 Porphyrio
1531 2091 1557 2119 in
1580 2092 1742 2125 Qnmtioni-

959 2126 1006 2153 bus
1022 2125 1178 2154 Homericis.
1202 2126 1237 2153 Et
1257 2127 1299 2154 ha:
1315 2127 1424 2161 quidem
1441 2125 1516 2154 falsa:
1527 2132 1660 2159 exstases,
1675 2134 1740 2161 pro-

958 2161 1020 2195 pius
1031 2161 1062 2187 ad
1078 2162 1194 2189 lurorem
1205 2162 1347 2194 accedunt,
1364 2166 1456 2196 utpote
1476 2170 1490 2189 a
1507 2162 1630 2190 daemone
1642 2169 1742 2196 procu-

957 2201 1033 2232 ratze.
1048 2196 1102 2224 like
1115 2204 1180 2224 vero
1194 2205 1254 2232 qua:
1275 2205 1289 2224 a
1314 2198 1406 2224 divino
1427 2197 1530 2231 Spiritu
1547 2198 1740 2230 immittuntur,

956 2231 1070 2267 placidae
1081 2237 1154 2264 sunt,
1167 2231 1218 2259 nec
1233 2237 1331 2259 statum
1350 2233 1450 2259 mentis
1472 2233 1526 2260 ullo
1543 2233 1622 2260 modo
1633 2237 1741 2267 pertur-

956 2266 1032 2299 bant,
1047 2271 1076 2294 ut
1100 2268 1179 2294 docet
1204 2267 1369 2302 Epiphanius
1384 2268 1411 2294 in
1430 2268 1526 2295 haeresi
1554 2266 1742 2302 Cataphryga-

957 2309 1029 2334 rum,
1047 2307 1071 2328 et
1089 2302 1132 2329 hic
1148 2309 1245 2330 auctor
1259 2303 1453 2330 innominatns.
1474 2302 1565 2336 Quare
1578 2303 1682 2330 fallitur
1695 2302 1741 2329 Ni-

956 2336 1047 2363 colaus
1072 2336 1216 2371 Rigaltius,
1239 2338 1283 2371 qui
1306 2338 1333 2365 in
1363 2338 1433 2365 notis
1453 2339 1509 2365 suis
1535 2339 1567 2365 ad
1598 2337 1740 2372 epistolam

957 2379 1055 2398 nouam
1070 2373 1210 2407 Cypriani.
1226 2378 1349 2400 exstases
1367 2373 1485 2407 furorem
1509 2378 1537 2401 et
1552 2372 1739 2399 alienationem

956 2407 1048 2442 mentis
1060 2407 1253 2442 interpretatus
1265 2413 1318 2435 est.
1333 2407 1390 2435 Non
1406 2407 1442 2434 ita
1455 2407 1647 2442 Hieronymus,
1661 2407 1740 2441 cujus

956 2441 1014 2468 haec
1039 2446 1101 2469 sunt
1116 2441 1197 2469 verba
1216 2443 1248 2469 ad
1265 2443 1378 2470 Suniam
1405 2447 1432 2470 et
1457 2441 1592 2471 Fretelam
1623 2451 1631 2469 :
1654 2442 1740 2468 Aliter

954 2477 1022 2516 enim
1037 2476 1147 2517 Latinus
1173 2486 1256 2504 sermo
1273 2477 1399 2505 ἔκστασιν
1416 2479 1560 2512 exprimere
1587 2485 1638 2504 non
1656 2482 1739 2512 potest

956 2519 1006 2538 7115!
1023 2517 1133 2538 tntenlts
1149 2520 1290 2539 excessum.
1311 2519 1320 2536 ι

991 2546 1028 2582 (6)
1047 2546 1182 2582 Ἀλλὰμὴ
1192 2548 1276 2574 ἄνευ.
1287 2548 1366 2575 Sicin
1375 2547 1453 2575 codd.
1463 2547 1557 2582 Regio.
1568 2546 1648 2579 Ma1..,
1657 2546 1737 2579 Fuk.,

956 2581 1019 2609 Sav.
1030 2587 1054 2608 et
1065 2581 1133 2608 Med.
1148 2583 1278 2617 scriptum
1288 2585 1387 2618 reperi.
1400 2591 1481 2617 quam
1492 2581 1633 2610 lectionem
1648 2583 1738 2609 verio-

955 2624 1013 2655 rem
1019 2624 1086 2655 _esse
1099 2617 1239 2655 existimo
1246 2624 1326 2655 quam
1337 2618 1405 2655 ᾴλλὰ
1412 2619 1478 2655 μήν,
1487 2625 1603 2655 eamque
1629 2623 1738 2644 secutus

956 2651 1150 2689 estMusculus.
1165 2651 1473 2689 AtChristophorsonus
1485 2651 1619 2689 animi;
1633 2657 1736 2685 tuetur,

957 2687 1066 2721 hancque
1082 2695 1130 2721 per
1143 2688 1380 2722 interrogationem
1396 2688 1446 2715 dici
1460 2687 1609 2716 existimat.

991 2723 1029 2755 (7)
1053 2722 1100 2748 Ἐν
1111 2722 1151 2754 τῷ
1163 2722 1242 2755 αὐτῷ
1257 2723 1336 2757 λόγῳ
1349 2722 1389 2756 τῷ
1401 2722 1475 2749 κατὰ
1497 2723 1650 2757 Ἀστέριον
1663 2724 1736 2757 Οὐρ-

956 2757 1057 2784 ϐανόν.
1075 2758 1136 2784 llaec
1145 2758 1224 2785 verba
1237 2758 1357 2785 scholtou
1366 2766 1426 2785 esse
1442 2759 1652 2790 milnvidentnr,
1665 2759 1736 2793 qttod

956 2797 1034 2819 vetus
1057 2793 1166 2827 quidam
1191 2793 1364 2826 scholiaslcs,
1390 2800 1436 2821 seu
1457 2794 1588 2820 Eusebius
1615 2794 1683 2826 ipse.
1701 2793 1735 2820 ad

956 2827 1105 2863 marginem
1124 2827 1184 2857 libri
1202 2828 1242 2856 sui
1260 2829 1434 2857 adnotaverat
1451 2829 1484 2856 ad
1510 2837 1541 2857 ea
1567 2831 1649 2856 verba
1676 2835 1736 2863 qua!
