1996 3165
261 139 310 168 ῧΤΙ

618 140 752 168 EUSEBII
771 141 1009 169 CESARIENSIS
1045 141 1120 170 OPP.
1141 140 1231 167 PARS
1249 139 1270 168 1.
1291 155 1325 161 -
1344 139 1537 168 ιιιετοιιισιι.

1827 138 1880 166 472

264 211 344 237 quam
357 210 449 230 eorum
462 207 538 230 certo
551 210 727 236 cognoscere.
738 202 804 230 Nam
818 203 888 231 forte
897 204 956 235 hoc,
973 203 1041 230 forte

1105 211 1141 228 ιαι
1150 202 1187 234 ὼς
1198 202 1278 234 λύκος
1293 203 1323 228 ὲκ
1339 201 1545 237 προϐάτων-οὐκ
1558 200 1614 236 εἰμὶ
1622 200 1715 232 λύκοςο
1727 197 1808 236 ῥῆμά
1823 199 1881 234 ειμι

265 250 346 275 etiam
364 248 417 275 alio
432 247 526 275 mortis
549 256 649 282 genere
668 247 810 276 Montanus
831 257 862 276 ac
889 249 1043 276 Theodotus

264 293 401 320 vt'mulier
414 293 458 320 illa
477 293 533 329 jam
549 302 562 320 a
577 294 653 322 nobis
668 295 804 322 nominata
820 294 1013 322 occubuerunt.
1031 304 1040 321 ι

265 338 357 366 Refert
370 344 500 374 prazterea
520 339 546 366 in
559 340 652 366 eodem
673 339 743 366 libro
757 339 836 374 182
860 340 1044 367 sanctissimos

265 385 405 420 episcopos
425 385 552 420 spiritum
576 385 650 412 illum
667 386 711 420 qui
732 386 757 412 in
774 385 918 412 Maximilla
943 386 1045 413 reside-

265 431 320 464 bat,
339 431 481 459 conlutare
504 436 617 459 conatos
630 431 738 466 quidem
753 431 851 464 fuisse;
871 432 918 459 sed
940 432 973 458 ab
985 432 1044 459 aliis

264 477 309 511 qui
327 478 434 512 spiritui
452 479 588 510 favebant,
606 478 769 513 prohibitos.
805 477 892 505 Verba
913 477 971 512 ejus
988 478 1045 506 haec

266 527 328 549 sunt
344 533 351 550 :
376 532 384 548 ι
402 523 456 551 Nec
472 524 536 551 mihi
547 523 602 558 jam
615 523 742 551 dicatille
757 523 909 550 Maximilla
925 524 1044 558 spiritus,

265 574 346 602 prout
361 569 386 596 in
402 570 498 596 eodem
513 569 611 597 Asterii
634 569 735 597 Urbani
755 570 824 596 libro
840 569 951 596 relatum
975 574 1016 596 est
1037 578 1044 596 :

265 615 368 641 Arreor
387 620 513 649 tanquam
531 615 608 649 lupus
619 615 652 642 ab
664 615 769 642 ovibus.
807 614 864 642 Non
884 623 942 642 snm
959 615 1045 649 lupus,

268 659 314 685 sed
326 660 449 690 verbum,
464 660 576 694 spiritus
595 664 622 687 et
639 661 773 694 potentia.
790 661 888 688 Verum
900 661 1046 695 potentiam

268 704 341 731 illam
366 705 391 731 in
415 705 512 740 spiritu
539 705 680 733 evidenter
704 706 829 733 ostendat
856 712 883 734 et
907 707 1046 742 approbet,

268 749 401 785 faterique
424 756 452 778 et
473 751 599 778 assentiri
617 759 664 786 per
681 752 805 786 spiritum
834 758 912 787 cogat
932 761 978 780 eos
1002 754 1048 788 qui

271 801 334 822 tunc
347 797 460 823 aderant
483 802 511 824 ut
533 797 671 830 garrulum
693 796 766 824 illum
784 798 908 832 spiritum
928 799 1048 834 alloque-

270 846 362 867 rentur
379 846 405 868 et
430 843 631 875 examinari-nt,
647 842 720 869 viros
741 844 840 877 probos
853 848 880 871 et
903 845 1048 879 episcopali

1096 248 1143 275 καὶ
1150 246 1256 280 πνεῦμα
1262 247 1309 274 καὶ
1315 245 1435 282 δύναμις·
1446 246 1513 273 ἀλλὰ
1519 246 1566 281 τὴν
1573 247 1601 272 ὲν
1608 245 1647 281 τῷ
1655 244 1789 280 πνεύματι
1802 243 1882 271 δύνα-

1097 303 1142 330 μιν
1150 293 1270 329 ἐναργῶς
1277 292 1389 326 δειξάτω
1395 292 1442 319 καὶ
1454 292 1597 326 ἐλεγξάτω,
1606 291 1652 318 καὶ
1662 291 1788 326 ἐξομολογ
1794 289 1880 316 ιῖσθαι

1096 339 1139 366 διὰ
1149 338 1196 365 τοῦ
1205 338 1357 374 πνεύματος
1364 338 1597 372 καταναγκασάτω
1606 337 1668 369 τοὺς
1675 337 1734 363 τότε
1741 345 1796 372 παρ
1802 335 1880 367 όντας

1097 392 1109 410 ε
1114 384 1136 415 ἱς
1144 384 1174 410 τὸ
1180 383 1322 418 δοκιμάσαι
1329 382 1375 409 καὶ
1381 382 1549 418 διαλεχθῆναι
1556 381 1594 417 τῷ
1603 381 1735 416 πνεύματι
1743 379 1823 407 λαλοῦ
1828 387 1879 410 ντι,

1098 429 1257 466 ἄνδραςδοκί
1260 438 1325 464 μους
1333 430 1379 456 καὶ
1386 429 1558 460 ἐπισκόπους,
1566 428 1683 455 Ζωτικδν
1689 426 1741 454 ἀπὸ
1750 426 1878 462 Κομάνης

1099 474 1205 510 κώμης,
1216 474 1408 501 καὶἼουλιανδν
1414 473 1541 500 ἀπὸἊπα
1545 473 1633 508 μαίας.
1640 469 1689 498 Ὦν
1698 473 1722 498 οἱ
1731 480 1763 498 πε
1767 471 1794 506 pl
1799 471 1879 506 Θεμί-

1099 529 1171 547 σωνα
1183 520 1220 555 (8)
1233 520 1266 546 τὰ
1281 520 1399 555 στόματα
1409 518 1587 554 φιμώσαντες,
1604 518 1653 544 οὐκ
1672 518 1763 543 εῐασαν
1777 516 1807 542 τὸ
1818 516 1880 550 ψευ-

1097 567 1142 598 δὲς
1153 567 1198 594 καὶ
1211 566 1358 593 λαοπλάνον
1372 564 1477 600 πνεῦμα
1488 565 1532 591 ὑπ’
1542 564 1630 591 αὐτῶν
1643 563 1812 598 ἐλεγχθῆναι.
1821 563 1878 588 »Ἑν

1099 612 1189 648 ταύτῷ
1203 612 1232 638 δὲ
1249 611 1328 639 πάλιν
1343 611 1425 647 ἕτερα
1442 611 1540 647 μεταξὺ
1553 610 1620 646 πρὸς
1637 610 1744 644 ἔλεγχον
1761 609 1817 635 τῶν
1831 609 1880 644 τῆς

1100 657 1270 693 Μαξιμίλλης
1279 657 1531 693 ψευδοπροφητειῶν
1542 656 1636 688 εἰπὼν,
1649 656 1715 691 ὁμοῦ
1729 656 1773 682 τόν
1781 664 1809 682 τε
1819 655 1882 690 χρό-

1100 712 1144 731 νον
1157 704 1218 730 καθ¹
1231 704 1260 730 ὃν
1273 704 1346 730 ταῦτ’
1359 704 1471 738 ἔγραφε,
1485 703 1620 738 σημαίνει,
1638 703 1684 729 καὶ
1697 701 1751 728 τῶν
1765 701 1883 737 προῤῥή-

1102 757 1169 776 σεων
1188 750 1273 784 αὐτῆς
1294 749 1438 784 μέμνηται,
1463 749 1495 775 δι’
1508 745 1545 775 ὦν
1564 749 1696 784 πολέμους
1709 747 1816 774 ἔσεσθαι
1837 747 1882 773 καὶ

1102 795 1302 826 ἀκαταστασίας
1315 793 1549 830 προεμαντεύσατο
1559 803 1565 809 ·
1587 790 1624 820 ὧν
1637 794 1684 820 καὶ
1700 794 1748 828 τὴν
1759 792 1883 828 ψευδολο-

1101 842 1163 876 γίαν
1177 841 1292 867 -εὐθύνει
1316 837 1368 867 ὦδε
1387 840 1488 874 λέγων·
1507 849 1517 866 ‹
1535 840 1590 866 Καὶ
1609 839 1667 871 πῶς
1686 839 1716 865 οὒ
1730 837 1884 872 καταφανὲς

269 885 400 920 dignitate
417 887 543 921 praeditos
563 896 569 914 :
589 886 710 915 Zoticum
729 888 830 915 scilicet
844 889 1049 922 Comanensem.

1105 887 1150 923 ἤδη
1165 887 1260 922 γέγονε
1282 888 1329 914 καὶ
1344 886 1422 913 τοῦτο
1437 886 1466 912 τὺ
1478 886 1591 921 ψεῦδοςς
1607 885 1695 912 Πλείω
1706 884 1760 920 γὰρ
1775 884 1792 919 ἢ
1806 892 1883 920 τρισ-

269 936 296 957 et
313 931 448 959 lulianum
467 933 645 968 Apamenum.
675 934 776 967 Quibus
793 935 939 962 Themison
953 936 1053 970 aliique

270 987 301 1006 os
317 979 485 1011 obturantes,
497 980 652 1007 mendacem
666 981 740 1008 illum
753 986 781 1008 et
796 981 865 1017 vulgi
884 982 1052 1010 seductorem

270 1026 396 1060 spiritum
424 1026 458 1052 ab
479 1025 537 1053 aliis
566 1027 677 1061 coargui
704 1032 858 1055 vetuerunt.
875 1028 929 1054 »1η
961 1029 1052 1056 eodem

271 1078 377 1106 quoque
402 1071 471 1098 libro
491 1076 632 1106 postquam
655 1073 782 1100 nonnulla
808 1074 840 1100 ad
855 1074 950 1101 falsam
980 1075 1053 1102 illam

272 1117 422 1144 Maximilla:
447 1118 614 1152 prophetiam
643 1119 853 1146 eouvincendam
879 1120 1053 1154 iuterseruit,

274 1167 329 1188 tum
347 1167 450 1196 tempus
466 1163 552 1196 ipsum
571 1171 623 1198 quo
646 1165 703 1192 haec
719 1165 818 1199 scripta
835 1170 897 1192 sunt
922 1165 1054 1200 designat,

275 1212 330 1233 tum
352 1207 473 1234 mulieris
488 1208 560 1234 illius
576 1209 700 1236 vaticiuia
725 1216 930 1243 commemorat,
958 1211 1055 1246 quibus

275 1254 342 1280 bella
363 1259 391 1281 et
425 1254 555 1282 tumultus
575 1255 717 1283 imminere
739 1257 913 1290 praedixerat.
936 1258 1055 1291 Quorum

274 1300 381 1334 quidem
393 1300 582 1328 vaticiniorum
598 1301 741 1329 falsitatem
750 1303 886 1330 convincit
899 1303 938 1330 bis
947 1305 1035 1331 verbis
1048 1314 1055 1333 :

276 1346 405 1378 «Nonne,
423 1346 520 1380 inquit,
544 1347 626 1373 etiam
654 1348 705 1375 hoc
735 1349 904 1375 tucttdacium
931 1351 1056 1377 omnibus

276 1392 448 1420 manifestum
462 1392 724 1427 apparuit‘lEteuim
752 1393 786 1420 ab
810 1395 884 1421 obitu
906 1395 1056 1423 Maximilla:

276 1447 361 1473 usque
376 1439 402 1465 in
421 1439 492 1466 hunc
513 1439 584 1466 diem
599 1438 739 1474 plusquam
766 1440 893 1467 tredecim
912 1442 974 1468 anui
1000 1442 1056 1475 jam

277 1485 359 1519 elapsi
388 1489 450 1512 sunt
467 1493 474 1513 :
491 1493 539 1512 nec
560 1490 646 1512 tamen
661 1486 741 1513 ullum
758 1492 803 1513 aut
820 1488 982 1522 particulare
1000 1488 1054 1515 ιιυί-

277 1529 332 1556 ltun
348 1535 394 1556 aut
411 1530 563 1557 universale
580 1531 606 1557 in
629 1531 707 1557 terris
733 1531 792 1560 fuit.
813 1532 868 1559 ltuo
883 1533 1054 1565 Christianis.

280 1573 414 1607 praecipua
430 1573 546 1607 quadam
561 1574 606 1601 Dei
622 1574 817 1609 misericordia,
836 1585 888 1611 pax
904 1579 1010 1607 stabilis
1030 1585 1056 1607 et

282 1619 358 1644 lirma
372 1620 529 1652 permansit.
551 1629 559 1645 ι
577 1620 664 1654 Atque
678 1621 734 1648 haec
750 1622 776 1649 in
790 1624 907 1651 secundo
933 1624 1058 1658 leguntur

280 1664 358 1690 libro.
377 1663 415 1691 Ex
428 1665 509 1691 tertio
521 1665 583 1692 item
598 1666 736 1694 volumine
749 1675 834 1702 pauca
850 1669 971 1704 proferre
983 1670 1056 1704 libet,

280 1709 324 1736 ubi
336 1710 465 1737 adversus
482 1718 530 1738 eos
543 1712 587 1746 qui
601 1712 743 1747 jactabant
754 1713 844 1748 plures
860 1715 969 1742 illorum
985 1724 1059 1743 mar-

281 1755 350 1789 tyrio
365 1762 425 1782 esse
439 1761 594 1789 coronatos,
611 1757 668 1784 hrec
683 1758 746 1785 dicit
761 1768 768 1786 :
797 1768 806 1785 ι
825 1759 969 1794 Postquam
997 1769 1060 1789 vero

281 1802 307 1828 in
321 1802 445 1830 omnibus
461 1810 519 1836 quae
542 1811 623 1838 supra
636 1804 712 1838 posui
735 1806 861 1838 convicti,
877 1806 943 1833 nihil
961 1808 1061 1834 habent

280 1848 350 1882 quod
366 1849 553 1883 respondeant,
571 1851 603 1877 ad
614 1855 746 1885 martyres
760 1851 904 1886 confugere
917 1859 1058 1886 conantur,

281 1899 433 1922 asserentes
449 1896 548 1922 multos
562 1903 591 1922 se
601 1901 733 1932 martyres
749 1898 859 1930 habere.
875 1899 953 1933 idque
968 1905 1062 1933 poten-

281 1939 325 1967 tia:
342 1940 492 1976 prophetici
504 1941 574 1968 illius
585 1941 629 1976 qui
647 1942 716 1977 apud
734 1942 806 1977 ipsos
822 1949 863 1970 est
878 1944 989 1978 spiritus
1002 1952 1062 1971 cer-

282 1987 416 2015 tissimum
436 1994 497 2015 esse
512 1988 715 2016 documentum.
732 1988 785 2016 Sed
804 1989 864 2023 hoc,
879 1997 939 2017 meo
954 1991 1061 2026 quidem

278 2032 390 2067 judicio.
405 2033 489 2060 nihilo
503 2034 593 2061 verius
609 2038 660 2061 est.
673 2034 741 2061 Nam
756 2040 782 2061 et
796 2035 910 2061 aliarum
924 2036 1061 2063 haareseon

281 2083 429 2105 sectatores
443 2079 572 2113 plurimos
587 2088 616 2107 se
634 2079 733 2107 habere
747 2086 880 2117 martyres
891 2082 1037 2115 praedicant
1053 2092 1060 2110 :

283 2131 369 2158 neque
384 2125 485 2152 idcirco
504 2130 591 2152 tamen
608 2127 647 2153 eis
676 2127 868 2159 assentiemur.
896 2128 1063 2155 nemverita-

283 2177 336 2197 tem
356 2178 439 2205 penes
465 2172 524 2199 illos
542 2180 602 2199 esse
626 2173 781 2200 fatebimur.
806 2173 889 2200 Primi
920 2179 994 2202 certe
1018 2175 1062 2208 qui

1103 932 1215 959 καίδεκα
1226 931 1272 966 ἔτη
1286 932 1326 962 είς
1335 931 1435 966 ταύτην
1447 930 1494 966 τὴν
1510 930 1625 966 ἡμέραν,
1641 930 1669 963 ἐξ
1686 927 1715 956 οὗ
1731 928 1885 964 τετελεύτη-

1103 985 1149 1004 κεν
1162 977 1254 1012 ήγυνή
1265 985 1271 992 ο
1291 977 1337 1003 καὶ
1357 976 1417 1003 οὔτε
1432 976 1551 1012 μερικὸς,
1566 975 1627 1002 οὒτε
1639 975 1780 1007 καθολικδς
1790 975 1885 1010 κόσμῳ

1103 1023 1196 1056 γέγονε
1211 1022 1336 1057 πνίλεμος,
1348 1021 1414 1048 ἀλλὰ
1428 1022 1474 1048 καὶ
1487 1022 1658 1057 Χριπιανοῖς
1672 1020 1771 1056 μᾶλλον
1789 1021 1884 1056 εἰρήνη

1104 1067 1228 1103 διάμονος
1244 1066 1273 1098 ἐξ
1286 1067 1377 1098 ἐλέους
1389 1066 1466 1093 Θεοῦ.
1486 1076 1494 1092 ι
1512 1066 1566 1093 Kal
1578 1065 1662 1092 ταῦτα
1679 1066 1707 1091 δὲ
1726 1066 1757 1092 ἐκ
1767 1064 1814 1091 τοῦ
1825 1065 1886 1091 δευ-

1103 1113 1181 1148 τέρου
1196 1114 1416 1148 συγγράμματος.
1432 1113 1487 1140 Kal.
1500 1113 1554 1139 ἀπὺ
1565 1113 1611 1139 τοῦ
1624 1113 1714 1148 τρίτου
1726 1112 1754 1138 δὲ
1767 1111 1885 1147 σμικρὰς

1105 1158 1295 1194 παραθήσομαι
1307 1158 1403 1191 λέξεις,
1420 1158 1453 1184 δι’
1467 1154 1504 1184 ὧν
1518 1158 1586 1193 πρὸς
1602 1158 1665 1189 τοὺς
1681 1157 1838 1192 αὐχοῦντας,
1848 1155 1886 1187 ὡς

1104 1205 1156 1240 ἄρα
1174 1204 1284 1236 πλείους
1304 1205 1351 1231 καὶ
1363 1203 1451 1231 αὐτῶν
1467 1203 1705 1239 μεμαρτυρηκότες
1723 1202 1786 1234 εἶεν,
1800 1201 1887 1228 ταῦτά

1105 1258 1203 1285 φησιν’
1236 1260 1246 1275 ‹
1273 1251 1354 1277 Ὅταν
1384 1251 1472 1277 τοίνυν
1500 1251 1527 1276 ὲν
1553 1250 1618 1276 πᾶσι
1652 1251 1708 1280 τοῖς
1733 1248 1887 1284 εἰρημένοις

1105 1294 1276 1331 ἐλεγχθέντες
1301 1296 1483 1332 ἀπορήσωσιν,
1507 1296 1552 1321 ἐπὶ
1567 1296 1629 1326 τοὺς
1647 1295 1785 1330 μάρτυρας
1803 1302 1886 1319 κατα-

1106 1342 1215 1376 φεύγειν
1227 1343 1383 1378 πειρῶνται,
1395 1342 1517 1376 λέγοντες
1530 1341 1643 1372 πολλοὺς
1654 1341 1725 1376 ἔχειν
1737 1340 1886 1375 μάρτυρας,

1106 1390 1153 1416 καὶ
1170 1389 1250 1416 τοῦτο
1271 1388 1339 1416 εῖναι
1355 1390 1501 1424 τεκμήριον
1520 1387 1614 1414 πιστὸν
1629 1387 1679 1422 τῆς
1690 1387 1828 1421 δυνάμεως
1840 1385 1887 1412 τοῦ

1106 1437 1170 1472 παρ’
1184 1437 1275 1468 αὐτοῖς
1287 1435 1431 1471 λεγομένω
1449 1433 1615 1470 προφητικοῦ
1631 1433 1792 1469 πνεύματος.
1807 1432 1843 1459 Τὸ
1859 1432 1888 1458 δέ

1107 1484 1179 1510 ἐστιν
1199 1483 1252 1518 ἄρα
1274 1482 1311 1513 ὡς
1327 1482 1396 1508 ἔοικε
1417 1481 1515 1513 παντὸς
1529 1481 1626 1516 μᾶλλον
1647 1480 1696 1506 οὐκ
1708 1479 1812 1514 ἀληθές.
1834 1478 1889 1505 Kal.

1108 1529 1160 1565 γὰρ
1168 1529 1221 1555 τῶν
1234 1529 1320 1556 ἄλλων
1335 1527 1464 1563 αἱρέσεών
1474 1536 1556 1558 τινες,
1570 1526 1709 1558 πλείστους
1722 1527 1798 1557 ὅσους
1811 1525 1888 1560 ἔχου-

1109 1583 1134 1601 σι
1153 1574 1302 1609 μάρτυρας,
1317 1573 1363 1599 καὶ
1375 1573 1404 1599 οὐ
1418 1571 1493 1607 παρὰ
1505 1571 1582 1598 τοῦτο
1594 1571 1677 1607 δήπου
1692 1570 1890 1605 συγκαταθησό-

1110 1620 1187 1656 μεοα,
1207 1619 1265 1646 οὐδὲ
1283 1618 1409 1654 ἀλήθειαν
1426 1618 1496 1652 ἔχειν
1506 1618 1602 1649 αὐτοὺς
1612 1616 1822 1652 ὁμολογήσομεν.
1835 1616 1890 1643 Kal

1109 1666 1211 1702 πρῶτοί
1225 1674 1256 1700 γε
1272 1666 1296 1691 οἱ
1315 1664 1368 1691 ἀπὸ
1384 1665 1433 1699 τῆς
1446 1664 1606 1700 Μαρκίωνος
1617 1662 1748 1698 αἱρέσεως
1762 1663 1891 1698 Μαρκιω-

1109 1713 1196 1739 νισταὶ
1212 1711 1381 1746 καλούμενοι,
1405 1711 1546 1741 πλείστους
1572 1710 1651 1741 ὅσους
1675 1708 1745 1743 ἔχειν
1771 1708 1890 1743 Χριστοῦ

1111 1759 1252 1794 μάρτυρας
1264 1757 1385 1790 λέγουσιν
1397 1765 1403 1771 ·
1427 1755 1492 1783 ἀλλὰ
1503 1755 1547 1782 τόν
1561 1764 1592 1790 γε
1605 1754 1716 1791 Χριστὸν
1729 1754 1808 1780 αὐτὸν
1821 1754 1892 1788 μετὰ

1110 1803 1236 1839 ἀλήθειαν
1250 1803 1298 1838 οὐχ
1310 1802 1479 1838 ὁμολογοῦσι.
1498 1811 1506 1827 ι
1522 1802 1576 1828 Καὶ
1592 1800 1659 1836 μετὰ
1673 1800 1773 1836 βραχέα
1785 1799 1892 1831 τούτοις

1111 1841 1235 1885 ἐπιφέρει
1245 1849 1330 1883 λέγων
1339 1857 1345 1864 ·
1364 1858 1372 1874 α
1391 1849 1470 1875 Ὅθεν
1480 1857 1520 1874 τοι
1537 1849 1584 1875 καὶ
1594 1848 1700 1875 ἐπειδὰν
1710 1847 1735 1873 οἱ
1745 1847 1790 1873 ἐπι
1800 1846 1830 1872 τὸ
1841 1846 1892 1881 τῆς

1111 1896 1181 1924 κατὰ
1192 1895 1319 1932 ἀλήθειαν
1333 1895 1448 1927 πίστεως
1464 1895 1609 1931 μαρτύριον
1624 1894 1766 1929 κληθέντες
1779 1894 1831 1920 ἀπὸ
1844 1895 1893 1928 τῆς

1111 1942 1274 1978 Ἐκκλησίας
1287 1942 1388 1977 τύχωσι
1402 1942 1469 1977 μετὰ
1481 1951 1559 1968 τινων
1568 1941 1620 1968 τῶν
1634 1941 1686 1967 ἀπὺ
1700 1942 1749 1976 τῆς
1760 1940 1813 1966 τῶν
1824 1940 1894 1974 Φρυ-

1111 1989 1166 2024 γῶν
1184 1989 1315 2024 αἱρέσεως
1336 1989 1487 2024 λεγομένων
1509 1988 1664 2023 μαρτύρων,
1680 1985 1850 2021 διαφέρονταί
1863 1994 1892 2011 τε

1112 2036 1180 2072 πρὸς
1194 2036 1299 2067 αὐτοὺς,
1314 2035 1360 2061 καὶ
1376 2034 1413 2070 μὴ
1431 2035 1642 2069 κοινωνήσαντες
1658 2033 1748 2063 αὐτοῖς
1763 2030 1893 2057 τελειοῦν-

1111 2090 1166 2111 ται,
1180 2080 1223 2107 διὰ
1236 2081 1265 2107 τὸ
1282 2081 1317 2117 μὴ
1333 2080 1474 2115 βούλεσθαι
1491 2079 1706 2114 συγκαταϐέσθαι
1717 2078 1756 2113 τῷ
1767 2077 1811 2104 διὰ
1825 2077 1894 2103 Μον-

1113 2127 1192 2154 τανοῦ
1219 2127 1265 2154 καὶ
1287 2127 1342 2153 τῶν
1362 2126 1498 2160 γυναικῶν
1519 2126 1661 2161 πνεύματι.
1679 2125 1734 2151 Kal
1755 2124 1795 2150 ὃτι
1816 2121 1894 2149 τοῦτο

1113 2174 1220 2209 ἀληθὲς,
1233 2174 1279 2201 καὶ
1291 2174 1337 2200 ἐπὶ
1349 2174 1402 2200 τῶν
1415 2173 1554 2209 ἡμετέρων
1565 2172 1666 2208 χρόνων
1674 2172 1702 2197 ὲν
1715 2168 1850 2205 Ἀπαμείᾳ
1859 2169 1892 2204 τῇ

282 2216 426 2244 Marcionis
455 2218 580 2245 haeresim
610 2223 770 2252 sequuntur.
795 2220 876 2254 vulgo
898 2219 1053 2247 Marcionita

1115 2222 1182 2257 πρὸς
1200 2220 1346 2256 Μαιάνδρῳ
1364 2219 1490 2254 τυγχάνει
1509 2217 1697 2254 γεγενημένον,
1717 2218 1745 2244 ὲν
1759 2217 1814 2247 τοῖς
1830 2214 1895 2250 περὶ

281 2264 474 2297 cognominati.
486 2265 698 2299 quamplurimos
715 2265 813 2292 habere
829 2273 858 2292 se
879 2265 971 2293 dicunt
988 2274 1060 2293 mar-

283 2313 358 2344 tyres
369 2309 478 2336 Christi.
496 2310 529 2336 Et
543 2314 631 2336 tamen
647 2308 784 2336 Christum
798 2310 885 2344 ipsum
897 2318 991 2338 revera
1012 2313 1062 2339 mi-

1113 2269 1192 2296 Γάϊον
1212 2267 1258 2294 καὶ
1277 2267 1448 2301 Ἀλέξανδρον
1466 2265 1518 2293 ἀπὸ
1536 2264 1683 2300 Εὐμενείας
1694 2263 1893 2300 μαρτυρήσασι,

1115 2313 1255 2349 πρόδηλον.
1273 2322 1281 2338 ι

283 2358 356 2384 nime
369 2356 544 2384 conﬁtentur.
561 2365 570 2381 ›
584 2355 680 2383 Paucis
690 2356 787 2383 deinde
799 2357 975 2391 interpositis,
994 2359 1071 2394 183
1092 2360 1148 2387 hmc
1163 2359 1299 2394 subjungit
1318 2367 1326 2384 :
1342 2366 1351 2383 ι
1373 2355 1564 2389 Quamobrem,
1590 2355 1693 2390 inquit,
1717 2353 1894 2389 quotiescun-

281 2411 333 2436 que
346 2402 474 2430 Ecclesim
488 2401 539 2428 viri
555 2401 588 2428 ad
603 2402 763 2438 martyrium
793 2410 841 2437 pro
865 2410 926 2430 vera
951 2404 1002 2431 ﬁde
1029 2406 1198 2432 subeundum
1234 2403 1333 2434 vocati,
1363 2410 1415 2429 una
1445 2409 1505 2428 cum
1526 2399 1685 2435 quibusdam
1709 2399 1741 2425 de
1760 2397 1894 2432 Phrygum

281 2449 376 2476 lueresi
388 2449 433 2484 qui
445 2455 579 2485 martyres
587 2450 725 2483 dicuntur,
735 2458 798 2478 casu
808 2452 921 2485 quodam
933 2451 1058 2485 coierint,
1078 2459 1183 2487 semper
1195 2451 1227 2478 ab
1240 2451 1292 2478 illis
1308 2450 1482 2481 dissentiunt,
1496 2453 1523 2475 et
1557 2446 1772 2474 communionem
1801 2452 1894 2473 eorum

278 2496 394 2524 sollicite
410 2496 534 2529 vitantes,
548 2496 693 2532 gloriosum
706 2497 826 2532 martyrii
845 2497 946 2525 exitum
980 2503 1192 2533 consequuntur,
1217 2497 1315 2532 quippe
1329 2495 1375 2530 qui
1391 2494 1513 2522 Montani
1546 2498 1573 2521 et
1589 2492 1808 2520 muliercularum
1838 2491 1895 2527 spi-

279 2543 343 2570 ritui
360 2550 500 2571 assensum
520 2544 724 2571 accommodare
737 2543 814 2571 nefas
826 2544 935 2571 ducant.
949 2544 1037 2578 Atque
1051 2544 1077 2571 id
1096 2551 1187 2571 verum
1204 2551 1265 2571 esse
1275 2547 1381 2570 constat
1393 2549 1425 2569 ex
1440 2542 1473 2568 iis
1487 2548 1548 2574 quae
1562 2545 1654 2568 nostra
1673 2543 1752 2566 aetate
1783 2537 1809 2564 in
1829 2536 1896 2565 urbe

278 2592 398 2624 Apamea
417 2597 477 2624 qua:
499 2590 531 2616 ad
557 2589 720 2616 Mmandrum
738 2590 788 2616 sita
804 2594 854 2622 est,
874 2596 946 2625 gesta
967 2594 1030 2617 sunt
1043 2597 1059 2617 a
1077 2588 1142 2617 Caio
1153 2595 1179 2616 et
1191 2588 1344 2616 Alexandro
1353 2587 1528 2623 martyribus,
1553 2585 1672 2613 oriundis
1692 2583 1831 2612 Eumenia.
1848 2591 1858 2608 ι

282 2682 361 2715 paulo
376 2687 436 2708 ante
454 2686 661 2716 prmcesserunt.
677 2679 754 2713 αὖθις
767 2681 794 2707 δὲ
817 2681 846 2708 ἐν
859 2681 897 2716 τῷ
909 2680 982 2715 αὐτῷ
995 2689 1060 2715 φησι

283 2717 362 2751 λόγῳ.
382 2715 465 2743 Porro
477 2725 509 2743 ex
526 2717 568 2743 his
580 2717 668 2743 verbis
684 2717 799 2747 elicitur,
818 2715 952 2751 Asterium
973 2715 1059 2742 llrba-

284 2750 346 2778 num
360 2756 495 2778 auctorem
511 2758 572 2778 esse
583 2752 678 2778 horum
694 2752 773 2778 trium
786 2751 914 2778 librorum
930 2750 1059 2777 Aduersus

283 2786 473 2820 Culapltrygal.
502 2793 554 2812 non
577 2791 667 2812 autem
689 2787 881 2821 Apollinarem,
898 2791 927 2812 ut
944 2785 1060 2812 credidit

285 2821 395 2846 Itnlinus
412 2826 438 2847 ot
450 2821 721 2854 Christophorsonus.

319 2856 355 2890 (β)
373 2857 403 2881 (ιη’
430 2856 493 2888 περὶ
530 2857 692 2889 Θεμίσωνα.
716 2856 826 2884 lllustris
844 2856 887 2883 hic
915 2855 962 2882 fuit
990 2855 1058 2882 inter

1115 2680 1305 2713 Montanistas,
1324 2680 1369 2715 qui
1386 2687 1415 2706 se
1429 2679 1612 2717 confessorem
1635 2681 1662 2717 et
1680 2680 1838 2717 _martyrem
1852 2674 1894 2717 jar

1116 2717 1205 2742 ctahat
1220 2725 1226 2748 ;
1242 2708 1376 2749 aususque
1389 2720 1429 2741 est
1445 2714 1585 2750 epistolam
1599 2708 1897 2750 catholicam'eaemplo

1114 2746 1227 2784 apostoli
1241 2746 1360 2787 scribere
1375 2751 1407 2787 ad
1422 2746 1604 2787 Ecéles_ias,_ut
1617 2754 1714 2787 novam
1729 2746 1894 2787 prophetiam

1115 2782 1327 2813 commendaret.
1343 2786 1378 2812 De
1397 2785 1447 2812 hoc
1459 2783 1541 2811 «muta
1556 2782 1714 2818 Apollonius
1730 2782 1756 2809 in
1772 2782 1894 2815 sequenti

1114 2827 1211 2854 capite.
