1996 3165
178 141 215 170 73

429 200 623 227 ΚΕΦΑΛᾹῙΟΝ
640 201 689 227 lZ'.

230 247 300 282 Περὶ
318 246 479 274 Μιλτιάδου
498 247 545 273 καὶ
563 244 606 282 (iw
620 246 766 282 συνέταξε
779 246 875 280 λόγων

421 282 490 316 (Nic.
511 281 545 308 ΙΙ.
560 281 594 310 Ε.
609 289 645 313 ιν,
659 281 717 316 24).

205 328 249 355 Ἑν
262 327 349 363 τούτῳ
367 328 395 354 δὲ
409 327 448 362 τῷ
463 327 655 363 συγγράμματι
667 327 713 353 καὶ
723 325 866 353 Μιλτιάδου
881 333 945 359 συγ-

163 374 290 411 γραφέως
317 374 450 409 μέμνηται
473 373 522 408 (9),
554 373 592 405 ὡς
611 373 688 407 λόγον
712 373 771 399 τινὰ
797 373 843 400 καὶ
864 372 945 400 αὐτοῦ

163 420 233 447 κατὰ
245 420 294 455 τῆς
309 419 507 455 προειρημένης
520 419 648 454 αἱρέσεως
663 419 838 453 γεγραφότος.
855 419 946 454 Παρα-

163 466 275 502 θέμενος
288 465 352 500 γοῦν
376 464 464 492 αὐτῶν
480 464 565 498 λέξεις
585 464 676 497 τινὰς,
695 465 818 500 ἐπιφέρει
842 464 943 499 λέγων’

167 523 176 538 ε
195 512 286 539 Ταῦτα
302 511 389 547 εὑρὼν
405 511 432 537 ἐν
446 519 499 537 τινι
520 510 714 546 συγγράμματι
734 509 822 536 αὐτῶν
839 510 945 536 ἐνιστα-

166 558 254 593 μένων
269 557 306 593 τῷ
317 556 461 584 Μιλτιάδου
474 555 520 582 τοῦ
537 555 649 590 ἀδελφοῦ
668 555 862 590 συγγράμματι
878 553 944 589 (l0),

164 606 195 632 ὲν
208 601 230 638 ᾧ
244 603 414 630 ἀποδείκνυσι
429 602 493 637 περὶ
509 601 554 628 τοῦ
572 600 608 636 μὴ
619 601 673 627 δεῖν
687 601 830 636 προφήτην
854 601 882 626 ὲν
902 601 946 626 ὲκ-

165 651 259 678 στάσει
277 649 382 679 λαλεῖν,
407 647 587 682 ὲπετεμόμην.
616 656 624 672 ι
654 646 842 678 Ύποκαταϐὰς
864 645 892 672 δὲ
917 646 946 673 ἐν

164 694 255 730 ταύτῷ
269 695 331 725 τοὺς
346 693 415 720 κατὰ
431 693 479 728 τὴν
490 691 591 727 Καινὴν
603 691 739 726 Διαθήκην
757 699 945 726 προπεφητευ-

165 741 245 772 κὸτας
259 739 411 773 καταλέγει,
420 739 448 764 ὲν
459 735 498 770 οἷς
515 737 677 773 καταριθμεῖ
698 737 815 772 Ἀμμίαν
827 737 886 763 τινὰ
899 737 946 764 καὶ

164 787 311 823 Κοδρᾶτον,
324 785 410 819 λέγων
422 784 505 815 οὕτως
517 792 523 799 ⁸
539 793 548 809 ‹
574 783 642 810 Ἀλλ’
663 783 709 818 ὅγε
724 783 946 819 ψευδοπροφήτης

164 835 194 860 ὲν
205 831 389 869 παρεκστάσει
404 830 470 865 (Η),
487 827 508 863 ᾧ
520 830 614 856 ἕπεται
627 829 702 856 ἄδεια
714 829 760 855 καὶ
773 829 882 863 ἀφοϐία,
896 829 945 864 ἁρ-

164 880 277 916 χόμενος
295 879 343 914 μὲν
365 877 394 909 ἐξ
413 875 535 903 ἑκουσίου
550 876 684 910 ἀμαθίας,
707 875 902 911 καταστρέφων
917 875 945 901 δὲ

164 910 206 958 ξιξ
229 910 355 952 ἀκούσιον
372 923 469 959 μανίαν
484 921 586 957 ψυχῆς,
601 921 639 953 ὡς
663 921 831 957 προείρηται.
846 921 945 948 Τοῦτον
960 910 982 940 Β

163 972 191 998 δὲ
211 971 256 998 τὸν
281 970 396 1006 τρόπον,
422 967 483 995 οὗτε
505 967 565 994 τινὰ
586 966 640 993 τῶν
661 966 730 993 κατὰ
747 967 795 1002 τὴν
815 966 944 998 Παλαιὰν,

163 1017 225 1044 οὔτε
239 1016 292 1043 τῶν
306 1015 376 1042 κατὰ
392 1015 442 1050 τὴν
457 1013 560 1048 Καινὴν
574 1011 863 1048 πνευματοφορηθέντα
878 1020 944 1048 προσ

164 1063 252 1097 φήτην
264 1061 346 1094 δεῖξαι
357 1060 523 1095 δυνήσονται,
536 1057 597 1084 οὒτε
612 1058 741 1091 Ἃγασον,
758 1057 819 1084 οὕτε
837 1055 945 1088 Ἰούδαν,

163 1106 225 1134 οὔτε
241 1106 329 1135 Σίλαν.
347 1104 408 1131 οὕτε
422 1103 470 1135 τὰς
485 1103 616 1129 Φιλίππου
634 1102 798 1137 θυγατέρας,
814 1100 875 1128 οὔτε
896 1101 945 1137 τὴν

164 1152 193 1177 ὲν
205 1150 378 1186 Φιλαδελφείᾳ
399 1149 515 1184 Ἀμμίαν
525 1168 533 1180 ,
552 1147 612 1174 οὕτε
630 1147 765 1183 Κοδρᾶτον
775 1167 782 1179 ,
796 1146 856 1173 οὔτε
869 1146 945 1179 τινὰς

164 1197 260 1228 ἄλλους
269 1196 324 1231 (12)
338 1195 419 1230 μηδὲν
434 1195 523 1226 αὐτοῖς
533 1194 718 1230 προσήκοντας
731 1193 919 1228 καυχήσονται.
933 1203 942 1218 ι

164 1241 247 1274 Αὖθις
265 1242 292 1268 δὲ
310 1241 377 1276 μετὰ
391 1241 502 1276 βραχέα,
515 1240 601 1267 ταῦτά
617 1247 712 1275 φησιν·
734 1248 743 1265 ‹
764 1239 795 1265 Et
807 1239 860 1275 γὰρ
876 1239 946 1274 μετὰ

165 1289 299 1324 Κοδρᾶτον
317 1289 362 1314 καὶ
376 1288 425 1323 τὴν
444 1288 473 1314 ἐν
493 1286 669 1322 Φιλαδελφείᾳ
691 1286 822 1319 Ἀμμίαν,
842 1286 880 1318 ὥς
896 1295 946 1322 φα-

166 1343 223 1366 σιν,
241 1334 344 1369 αἱπερὶ
367 1333 503 1360 Μοντανὸν
522 1331 671 1364 διεδέξαντο
684 1332 809 1366 γυναῖκες
831 1332 861 1358 τὸ
879 1340 945 1367 προ-

165 1380 279 1415 φητικὸν
300 1379 420 1415 χάρισμα
433 1399 441 1412 ,
454 1378 516 1410 τοὺς
536 1377 590 1404 ἀπὸ
613 1377 751 1404 Μοντανοῦ
770 1378 815 1404 καὶ
831 1377 885 1404 τῶν
899 1386 946 1412 γυ-

166 1426 266 1453 ναικῶν
281 1426 352 1458 τίνες
373 1425 435 1461 παρ’
460 1425 550 1456 αὐτοῖς
575 1424 740 1456 διεδέξαντο,
765 1424 943 1456 δειξάτωσαν-

164 1473 220 1499 δεῖν
231 1472 285 1508 γὰρ
299 1470 367 1499 εἶναι
389 1471 420 1498 τὺ
432 1470 598 1506 προφητικὸν
620 1470 741 1506 χάρισμα
765 1470 793 1496 ἐν
815 1472 889 1505 πάσῃ
911 1472 944 1507 τῇ

171 1518 316 1553 Ἐκκλησία
333 1517 413 1553 μέχρι
431 1517 480 1551 τῆς
502 1516 607 1547 τελείας
619 1515 769 1551 παρουσίας
779 1516 807 1548 ,ὁ
820 1515 946 1543 ’Δπόστο-

164 1564 210 1595 λος
224 1564 306 1597 ἀξιοῖ·
321 1563 377 1590 ἀλλ’
391 1563 440 1590 οὐκ
452 1563 483 1589 ἂν
497 1562 581 1597 ἔχοιεν
593 1561 676 1594 δεῖξαι
687 1561 946 1597 τεσσαρεσκαιδέκα-

163 1619 210 1638 τον
224 1611 273 1646 ήδη
289 1619 339 1637 που
357 1610 435 1637 τοῦτο
454 1609 512 1641 ἔτος
533 1609 586 1636 ἀπὸ
605 1610 653 1644 τῆς
667 1609 838 1645 Μαξιμίλλης
851 1610 943 1636 τελευ-

163 1657 223 1692 τῆς.
243 1667 252 1683 ι
271 1654 353 1688 Οὗτος
368 1656 415 1691 μὲν
429 1656 461 1691 δὴ
475 1655 599 1682 τοσαῦτα.
623 1655 652 1682 '0
669 1655 702 1690 γέ
717 1664 758 1682 τοι
781 1655 849 1691 πρὸς
862 1655 944 1682 αὑτοῦ

959 1594 979 1623 C

201 1738 239 1773 (9)
262 1736 457 1773 Mummiam?
471 1736 628 1773 μέμνηται,
655 1737 693 1764 Ex
716 1736 759 1764 his
777 1741 850 1772 patet
863 1744 943 1766 error

166 1773 324 1808 Hieronymi
336 1773 362 1798 in
376 1772 422 1808 lib.
441 1772 477 1808 De
492 1772 662 1808 scriptoribus
684 1773 876 1808 ecclesiasticis,
896 1773 941 1799 ubi

169 1810 225 1835 inec
244 1806 357 1835 scribit:
371 1807 514 1838 Miltiades,
532 1807 608 1840 cujus
631 1806 740 1833 Rhodon
755 1808 782 1833 in
797 1815 872 1840 opere
895 1815 942 1834 suo

167 1845 236 1876 quod
254 1843 378 1869 adversus
392 1840 557 1872 Montanum,
575 1841 736 1876 Priscillam.
750 1841 942 1869 Mazimitlam-

166 1875 216 1912 aue
229 1877 381 1910 composuit,
396 1877 554 1902 recordatur.
573 1875 631 1903 Non
655 1876 823 1912 Rhodonem,
843 1877 943 1912 sedin-

167 1911 333 1941 nominatum
362 1912 433 1938 hunc
458 1911 616 1945 scriptorem
637 1911 730 1937 debuit
754 1911 852 1938 dicere.
874 1911 941 1938 Nam

167 1948 280 1976 Rhodon
301 1947 431 1974 adversus
453 1945 608 1972 Montanum
631 1951 658 1972 et
686 1945 871 1980 Cataphrygas
888 1955 940 1974 non

166 1983 284 2044 εει-ἰιὲεὴ,
295 1981 344 2042 lsed
363 1981 492 2008 adversus
506 1980 651 2008 Marcionis
664 1980 800 2013 hreresim,
817 1986 845 2008 ut
859 1986 943 2009 testa-

167 2023 213 2044 ιω·
248 2025 292 2043 ιιεε
304 2023 364 2043 nus.

167 2023 213 2045 tur
227 2023 364 2044 Lnsemus.

202 2051 345 2088 (10)__Vulg.
355 2050 395 2084 τῷ
406 2050 589 2088 ’ᾼλκιὸἶιᾴδον
596 2050 648 2088 τοῦ
656 2050 787 2086 ἀδελφοῦ
799 2051 947 2088 συγγράμ-

225 2085 350 2113 t.'Ncscio
360 2093 412 2120 quo
424 2086 480 2113 fato
489 2086 634 2112 Alcibiadis
648 2094 743 2113 nomen
755 2093 804 2119 pro
815 2085 946 2120 Miltiade,

169 2128 197 2149 et
217 2122 348 2148 Miltiadis
375 2127 424 2155 pro
448 2121 584 2147 Alcibiade
612 2121 785 2148 substitutum
809 2125 860 2147 est.
879 2121 945 2148 Nam

168 2157 312 2192 superiore
342 2156 461 2192 quidem
496 2155 743 2192 capite_Miltiadis
780 2155 943 2192 vocabulum

670 141 844 169 HISTORIA
864 140 1143 169 ECCLESIASTICE
1161 140 1225 167 LIB.
1247 138 1279 167 V.

963 207 985 234 Δ

1727 133 1782 164 ιῖι

1280 195 1394 224 CAPUT
1412 195 1494 223 XVII.

1172 243 1210 270 De
1226 242 1344 269 Miltiade
1360 247 1385 269 et
1405 242 1477 268 illius
1492 241 1604 275 scriptis.

999 338 1005 348 ς
1035 323 1064 350 In
1083 322 1179 350 eodem
1192 327 1303 355 quoque
1327 319 1397 347 libro
1413 318 1542 347 Miltiadis
1556 319 1695 354 cujusdam
1709 320 1779 347 scri-

999 371 1085 405 ptoris
1099 369 1265 396 mentionem
1286 366 1365 398 facit,
1386 367 1431 401 qui
1452 366 1583 393 adversus
1597 367 1779 401 snpradiclam

1000 416 1123 443 haeresim
1150 414 1247 441 librum
1274 412 1477 446 conscripserit.
1498 411 1595 439 Citatis
1619 413 1691 439 enim
1720 412 1781 447 qui-

999 462 1111 489 busdam
1143 460 1232 487 verbis
1260 459 1367 485 illorum
1393 458 1598 490 haereticorum,
1623 459 1657 485 ita
1684 457 1781 485 deinde

999 507 1092 535 scribit
1108 517 1115 534 :
1135 515 1144 532 ι
1163 505 1223 533 llmc
1234 513 1284 540 ego
1295 513 1355 532 cum
1368 504 1528 538 reperissem
1540 506 1566 531 in
1582 504 1696 538 quodam
1712 504 1781 531 libro

1002 555 1122 588 ipsorum
1140 552 1271 579 adversus
1289 551 1436 577 Miltiadem
1456 551 1565 576 fratrem
1583 555 1715 583 nostrum,
1734 551 1780 584 qui

999 599 1128 634 peculiari
1143 604 1225 630 opere
1241 598 1369 624 docuerat
1385 604 1437 623 non
1459 596 1556 624 decere
1573 597 1730 631 prophetam
1753 597 1778 624 in

999 645 1101 673 exstasi
1132 645 1218 679 loqui,
1245 644 1271 670 in
1310 642 1497 678 compendium
1525 642 1625 676 redegi.
1642 652 1651 668 ›
1681 642 1781 670 Deinde

1000 692 1138 726 aliquanto
1150 695 1210 726 post
1223 691 1249 718 in
1267 692 1362 718 eodem
1377 690 1446 716 libro
1459 690 1601 716 universos
1615 689 1682 717 Novi
1692 690 1783 718 Testa-

1000 737 1082 764 meuti
1111 737 1257 772 prophetas
1279 740 1433 768 ermrnerat,
1459 735 1531 761 inter
1555 742 1623 769 quos
1647 735 1780 762 Ammiam

1000 783 1144 818 quamdam
1177 787 1204 810 et
1237 782 1404 816 Quadratum
1439 786 1562 808 recenset
1593 782 1634 808 his
1667 782 1779 810 verbis:

1003 839 1012 856 ι
1027 829 1277 864 Pseudo-propheta
1294 833 1394 861 autem,
1411 829 1516 864 inquit,
1539 830 1564 857 in
1588 828 1659 856 falso
1684 831 1782 857 mentis

998 883 1123 906 excessu.
1142 875 1218 910 cujus
1239 883 1331 902 comes
1354 881 1395 903 est
1420 875 1529 903 licentia
1556 881 1585 903 et
1611 875 1736 908 audacia,
1765 882 1780 903 α

996 927 1145 956 spontanea
1174 921 1282 956 quidem
1309 921 1443 955 imperitia
1470 922 1576 949 initium
1600 929 1726 953 sumens,
1753 921 1780 948 in

996 967 1141 994 amentiam
1155 972 1255 1001 autem,
1276 966 1372 1001 utinm
1388 967 1455 1001 dixi,
1472 967 1682 995 involuntariam
1701 967 1776 994 desi-

996 1020 1075 1041 nens.
1092 1013 1249 1047 Huiusmodi
1274 1021 1338 1040 vero
1361 1013 1458 1048 spiritu
1478 1013 1578 1040 nullum
1597 1021 1715 1047 unquam
1731 1020 1780 1040 nec

996 1059 1023 1088 in
1039 1059 1136 1088 Vetere
1160 1067 1210 1087 nec
1223 1060 1249 1087 in
1262 1059 1336 1087 Novo
1351 1059 1526 1086 Testamento
1537 1059 1694 1094 prophetam
1705 1057 1780 1085 ama-

997 1110 1053 1133 tum
1086 1110 1214 1140 poterunt
1241 1106 1430 1134 demonstrare
1446 1114 1453 1132 :
1472 1113 1525 1133 non
1551 1105 1695 1138 Agabum.
1724 1113 1778 1133 non

995 1151 1102 1184 Judam,
1115 1159 1167 1179 non
1181 1151 1275 1184 Silam,
1291 1159 1340 1179 nec
1353 1151 1468 1186 Philippi
1487 1151 1566 1183 ﬁlias.
1582 1159 1633 1179 nec
1642 1151 1777 1179 Ammlam

996 1197 1264 1231 Pliiladelphensem,
1280 1205 1330 1224 nec
1345 1197 1524 1230 Quadratum,
1539 1205 1589 1226 nec
1604 1198 1696 1233 plures
1709 1206 1778 1232 quo-

995 1251 1047 1278 que
1060 1243 1139 1275 alios,
1162 1243 1209 1278 qui
1230 1243 1296 1270 nihil
1323 1243 1355 1269 ad
1380 1243 1452 1278 ipsos
1474 1244 1622 1277 pertinent,
1649 1244 1779 1278 praedica-

995 1287 1070 1316 bunt.
1083 1297 1093 1314 ι
1112 1288 1208 1315 Paucis
1222 1287 1485 1323 deindeinterjectis,
1499 1289 1538 1316 sic
1548 1289 1682 1323 loquitur:
1693 1288 1776 1316 «Nam

995 1335 1018 1362 si
1031 1334 1153 1369 quidem,
1171 1338 1200 1361 ut
1217 1333 1377 1368 przedicant,
1397 1335 1457 1368 post
1467 1334 1632 1367 Quadratum
1661 1339 1688 1362 et
1714 1335 1780 1361 Am-

995 1380 1077 1406 miam
1095 1378 1348 1413 Philadelphensem
1376 1378 1503 1405 mulieres
1529 1378 1582 1406 illas
1606 1378 1726 1406 Montani
1750 1379 1776 1407 in

997 1424 1146 1459 prophetia:
1171 1424 1285 1460 gratiam
1305 1428 1511 1457 successerunt,
1535 1425 1680 1452 ostendant
1699 1425 1778 1452 nobis

995 1471 1107 1506 quinam
1122 1471 1192 1498 inter
1204 1471 1276 1506 ipsos
1292 1469 1418 1498 Montano
1441 1478 1473 1497 ac
1489 1463 1779 1498 mulierculis'succes-

996 1517 1089 1544 serint.
1107 1516 1212 1543 Etenim
1227 1517 1376 1552 prophetiae
1391 1518 1490 1544 donum
1513 1517 1539 1544 in
1563 1517 1637 1544 omni
1655 1516 1776 1544 Ecclesia

997 1564 1030 1589 ad
1057 1563 1181 1589 ultimum
1208 1570 1292 1597 usque
1322 1562 1427 1590 Domini
1449 1562 1593 1590 adventum
1619 1569 1779 1598 permanere

997 1609 1095 1636 debere
1112 1614 1206 1636 auctor
1228 1615 1270 1636 est
1294 1609 1450 1643 Apostolus.
1474 1608 1526 1636 Sed
1550 1608 1651 1636 nullum
1669 1616 1779 1644 prorsus

996 1660 1125 1690 poterunt
1141 1655 1294 1688 ostendere.
1317 1655 1424 1682 tametsi
1444 1655 1501 1689 jam
1526 1659 1639 1690 quartus
1659 1655 1780 1683 decimus

996 1737 1022 1763 in
1038 1735 1116 1764 Novo
1152 1743 1202 1763 nec
1224 1736 1251 1764 in
1266 1735 1359 1763 Veteri
1388 1735 1562 1764 Testamento
1587 1736 1741 1771 prophetas
1751 1737 1777 1764 in

995 1772 1096 1798 exstasi
1113 1778 1231 1805 unquam
1248 1772 1424 1806 prophetasse
1436 1771 1567 1806 legamus.
1588 1770 1691 1805 itaque
1718 1770 1777 1798 Mil-

997 1807 1084 1833 tiades
1097 1806 1194 1833 librum
1207 1806 1337 1833 adversus
1350 1814 1397 1833 eos
1412 1807 1522 1840 scripsit
1534 1807 1584 1833 hoc
1594 1807 1671 1834 titulo
1689 1815 1696 1833 :
1708 1807 1779 1840 Περὶ

994 1841 1048 1867 τοῦ
1052 1841 1094 1875 μὴ
1109 1840 1172 1867 δεῖν
1184 1840 1340 1875 προφήτην
1352 1841 1533 1868 ἐνὲκστάσει
1541 1841 1657 1868 λαλεῖν.
1671 1841 1703 1868 Et
1718 1842 1778 1875 Epi-

995 1875 1370 1909 phaniusAdversushwresim
1380 1875 1612 1906 Μοηιαηὶιιαηιηι,
1624 1884 1649 1903 c.
1660 1876 1677 1902 2
1689 1886 1694 1902 :
1707 1877 1777 1903 Ὀσα

994 1910 1048 1946 γὰρ
1059 1911 1082 1937 οἱ
1090 1910 1226 1946 προφῆται
1238 1911 1375 1946 εἰρήκασι,
1386 1910 1454 1945 μετὰ
1463 1911 1594 1942 συνέσεως
1606 1911 1778 1946 παρακολου-

995 1945 1272 1979 θοῦντεςὲφθέγγοντο
1282 1954 1288 1960 ·
1299 1951 1326 1972 et
1337 1953 1361 1972 c.
1374 1946 1391 1972 4
1403 1954 1433 1971 ac
1445 1945 1628 1979 sequentibus.
1648 1945 1720 1972 hanc
1734 1954 1778 1973 ve-

995 1987 1032 2007 ra:
1039 1988 1069 2007 ac
1078 1980 1224 2015 spiritualis
1231 1980 1377 2014 prophetia
1385 1981 1563 2007 certissimam
1573 1987 1664 2015 notam
1674 1987 1732 2007 esse
1739 1981 1779 2007 di-

999 2015 1047 2047 cit,
1061 2013 1200 2042 ut'mentis
1213 2013 1268 2042 sua:
1281 2013 1423 2049 compotes
1436 2015 1500 2046 sint,
1518 2015 1562 2049 qui
1575 2013 1663 2042 futura
1679 2015 1778 2049 praedi-

1000 2055 1074 2076 cunt.
1091 2049 1222 2084 Similiter
1237 2049 1355 2077 Joannes
1370 2049 1579 2084 Chrysuslomus
1596 2049 1777 2078 liomili229in

999 2084 1120 2118 Epistula
1133 2083 1147 2111 1
1159 2085 1193 2111 ad
1212 2084 1373 2116 Corinthios,
1389 2083 1432 2112 ubi
1447 2085 1593 2112 discrimen
1611 2084 1690 2112 aliert
1706 2085 1777 2112 inter

999 2121 1192 2147 divinationem
1208 2124 1235 2147 et
1248 2120 1427 2154 prophetiam.
1443 2119 1498 2147 Hoc
1509 2120 1590 2151 enim.
1604 2120 1700 2155 inquit,
1714 2127 1778 2154 pro-

1000 2155 1087 2189 prium
1104 2159 1145 2181 est
1159 2155 1230 2181 vatis
1247 2163 1293 2181 seu
1310 2155 1479 2187 divinatoris,
1497 2159 1592 2182 eumue
1611 2163 1670 2183 esse
1698 2163 1775 2182 men-

169 2188 217 2224 pro
230 2188 370 2224 Alcibiade
379 2191 497 2224 positum
512 2188 572 2217 esse
582 2190 796 2218 observavimus.
811 2190 859 2217 Hic
881 2198 944 2218 con-
960 2188 982 2215 D
997 2190 1050 2221 tis;
1066 2189 1148 2224 pelli;
1168 2190 1257 2222 trahi;
1275 2190 1376 2224 raptari
1395 2195 1520 2224 tauquam
1538 2190 1680 2218 furentem.
1707 2190 1775 2217 Pro-

169 2232 222 2257 Ira,
237 2225 390 2253 Alcibiades
401 2231 455 2260 pro
475 2224 607 2252 Miltiades
634 2225 754 2260 irrepsit.
774 2225 854 2252 Certe
876 2225 947 2260 apud

168 2261 345 2295 Nicephorum
356 2259 506 2295 Μιλτιάδου
517 2260 622 2294 legitur,
632 2259 784 2295 quanquam
805 2268 854 2287 nec
866 2259 946 2288 Nice-

167 2294 276 2330 phorus,
286 2301 334 2321 nec
348 2294 607 2330 Christopltorsonus
620 2295 691 2330 hunc
704 2296 789 2323 locum
804 2295 946 2322 intellexit.

203 2331 259 2366 (Η)
279 2329 431 2366 Ἀζλξὸτε
454 2329 704 2366 ψερδοπροφήτης
724 2331 759 2358 ὲν
779 2330 946 2364 παρεκστά-

166 2364 225 2393 σαὶ.
240 2365 306 2392 Male
321 2365 434 2391 Ruﬁnus
452 2364 624 2393 etBaronius
645 2366 700 2392 haec
728 2366 808 2393 verba
833 2373 864 2392 ex
889 2366 947 2392 Mil-

168 2401 248 2428 tiadis
272 2400 340 2427 libro
364 2399 503 2434 desumpta
532 2406 594 2427 esse
627 2400 827 2428 existimarunt.
853 2399 947 2435 Neque

167 2436 238 2463 enim
262 2435 306 2462 hic
324 2434 508 2470 innominatus
531 2438 625 2462 auctor
644 2436 791 2470 quidquam
821 2435 887 2462 citat
903 2434 944 2463 rex

167 2470 295 2498 Miltiadis
322 2469 391 2496 libro
403 2489 416 2505 ν,
441 2469 488 2496 sed
511 2474 669 2505 tantumrex
698 2469 872 2505 responsione
894 2470 945 2498 Ca-

168 2506 360 2540 taphrygarum
377 2504 506 2540 adversus
518 2504 645 2540 Miltiadis
663 2504 779 2537 librum;
794 2505 864 2538 quod
890 2513 943 2533 non

169 2539 414 2567 animadverterunt
429 2539 599 2574 interpretes.
614 2539 659 2566 Est
681 2546 770 2566 autem
796 2540 840 2567 hic
865 2541 944 2574 hujus

168 2575 217 2602 loci
242 2582 347 2603 sensus.
364 2581 490 2608 magnum
516 2582 577 2602 esse
601 2575 746 2602 discrimen
771 2575 841 2602 inter
865 2583 944 2603 veros

168 2610 314 2644 prophetas
329 2613 356 2636 et
370 2608 461 2636 falsos.
476 2609 539 2637 Veri
556 2609 626 2636 enim
641 2609 788 2644 prophetm,
816 2610 860 2644 qui
886 2611 944 2644 Spi-

169 2645 220 2672 ritu
236 2645 280 2672 Dei
296 2644 389 2679 repleti
410 2648 497 2675 erant,
520 2644 610 2679 quieto
624 2652 656 2672 ac
685 2644 831 2678 tranquillo
854 2645 943 2673 animo

168 2679 349 2713 praedicebant
362 2678 460 2705 futura.
486 2678 737 2714 rPseudoprophetas
763 2687 835 2711 vero,
853 2680 942 2713 qualis

167 2720 227 2741 erat
242 2713 392 2744 Montanus,
407 2721 467 2740 cum
481 2713 572 2741 furore
584 2713 611 2740 et
625 2714 727 2741 insania
753 2714 940 2748 loquebantur.

167 2749 247 2776 Certe
272 2747 401 2776 Catholici
426 2748 476 2775 hoc
513 2749 645 2783 praecipue
679 2747 842 2782 objiciebant
867 2749 943 2776 Mon-

170 2783 288 2814 tanistis.
301 2783 346 2817 qui
362 2790 391 2810 se
402 2784 558 2818 prophetico
567 2784 663 2818 spiritu
676 2783 768 2818 plenos
782 2791 841 2811 esse
852 2783 941 2818 jacta-

169 2819 243 2852 bant,
259 2818 330 2853 quod
345 2818 374 2844 in
386 2819 486 2846 exstasi
503 2819 705 2853 prophetareut,
719 2826 778 2847 cum
794 2823 882 2846 tamen
894 2826 942 2847 nec

1000 2225 1079 2259 pheta
1091 2232 1154 2252 vero
1168 2232 1222 2252 non
1236 2225 1272 2252 ita
1286 2234 1293 2252 :
1308 2225 1353 2251 sed
1370 2231 1459 2252 mente
1471 2226 1572 2257 sobria,
1584 2231 1611 2253 et
1631 2233 1693 2252 cum
1716 2232 1776 2251 mo-

998 2262 1073 2286 desta
1086 2268 1118 2287 ac
1142 2264 1291 2294 temperata
1319 2260 1401 2286 animi
1428 2260 1638 2294 constitutione;
1666 2265 1692 2287 et

997 2294 1128 2330 loquitur,
1144 2295 1297 2330 intelligens
1311 2295 1377 2330 dicit
1390 2296 1491 2322 omnia.
1522 2295 1568 2322 llis
1589 2296 1658 2322 adde
1681 2295 1775 2322 lliero-

997 2329 1107 2358 nvinum
1119 2330 1144 2356 in
1159 2329 1320 2358 Pratl'utione
1331 2329 1584 2356 Commentariorum
1594 2331 1620 2356 in
1641 2329 1748 2356 ΝηΙηιηι
1763 2339 1775 2358 :

998 2364 1060 2391 Non
1078 2366 1146 2393 enim
1171 2364 1287 2399 loquitur
1306 2366 1331 2390 in
1356 2365 1492 2396 ἐκστάσει,
1520 2370 1545 2391 ιιι
1579 2365 1718 2391 Montanus
1749 2371 1773 2392 et

997 2399 1090 2427 Prisca
1106 2399 1303 2434 Maximillaque
1317 2400 1431 2426 delirant
1445 2407 1454 2426 :
1470 2399 1514 2426 sed
1529 2400 1596 2434 quod
1612 2400 1749 2433 prophetat
1763 2420 1773 2434 ,

995 2434 1060 2470 liber
1076 2440 1113 2462 est
1124 2435 1230 2462 visionis
1253 2435 1420 2470 intelligentia
1436 2436 1554 2461 universa
1567 2443 1625 2469 quin
1646 2435 1773 2469 loquitur.

995 2469 1080 2497 Porro
1090 2469 1237 2497 notandum
1267 2473 1309 2496 est
1333 2471 1404 2505 hunc
1423 2470 1772 2505 aiionymunnscriptorem

995 2511 1132 2539 nunquam
1163 2510 1285 2531 exstases
1311 2504 1444 2538 appellare
1475 2504 1559 2531 vanos
1586 2504 1646 2531 illos
1672 2505 1773 2538 mentis

994 2546 1122 2567 excessus
1137 2539 1360 2566 Montanistarum
1372 2559 1380 2572 ,
1405 2540 1451 2566 sed
1467 2546 1574 2573 semper
1591 2546 1771 2573 parexstuses,

994 2575 1028 2601 ob
1039 2582 1098 2601 eam
1111 2575 1241 2601 rationem
1255 2581 1336 2607 quam
1348 2581 1430 2608 supra
1441 2574 1507 2601 dixi.
1535 2573 1637 2608 Quippe
1650 2580 1772 2602 exstases

993 2608 1050 2635 fere
1063 2610 1089 2636 in
1107 2609 1205 2644 bonam
1220 2613 1322 2643 partem
1339 2613 1481 2636 sumuntur
1495 2618 1509 2636 a
1522 2608 1655 2644 Cypriane
1667 2613 1694 2636 et
1707 2609 1773 2636 Ter-

994 2644 1122 2677 tulliano;
1137 2648 1164 2671 et
1176 2643 1244 2678 viris
1260 2644 1362 2670 sanctis
1377 2644 1504 2671 immissas
1526 2643 1652 2678 leguntur
1669 2652 1682 2670 a
1700 2645 1771 2676 Deo,

993 2684 1023 2707 ut
1036 2681 1138 2706 Adamo
1152 2683 1180 2705 et
1192 2677 1272 2706 Petro
1286 2678 1420 2712 apostolo.
1435 2679 1469 2705 At
1481 2677 1647 2714 pareistasis
1664 2686 1771 2714 semper

993 2715 1021 2741 in
1037 2714 1133 2740 malam
1149 2719 1252 2748 partem
1269 2713 1412 2748 accipitur.

1028 2746 1172 2783 (12)Οὕὲε
1183 2748 1241 2783 ἤδη
1269 2746 1352 2781 τινᾶς
1377 2746 1501 2781 ἄλλους.
1522 2749 1550 2776 ln
1581 2749 1668 2783 codd.
1691 2748 1772 2780 Med..

991 2783 1060 2826 M’az.
1075 2789 1101 2826 et
1113 2783 1179 2812 Fuit.
1194 2789 1221 2812 et
1236 2782 1306 2820 apud
1328 2783 1508 2818 Nicephomm
1533 2785 1629 2820 legitur
1641 2782 1703 2812 οὒτε
1733 2792 1773 2811 τι·

992 2823 1048 2852 νας,
1068 2823 1120 2847 etc.

1716 2268 1776 2294 qua
