1996 3165
229 105 282 132 475

578 105 714 135 EUSEBII
733 108 974 139 CESARIENSIS
991 112 1067 141 OPP.
1087 112 1176 140 PARS
1193 111 1214 141 Ι,
1233 126 1271 133 -
1285 110 1481 139 HISTOBICA.

1787 111 1841 140 676

228 162 273 189 hic
288 167 385 197 agatur
406 162 485 198 184
503 170 592 190 annus
607 164 642 191 ab
657 164 732 192 obitu
751 166 918 196 Maximillae.
929 177 938 195 ι
949 168 1002 197 Hau

1061 168 1244 204 δεδηλωμένος
1263 167 1421 202 Μιλτιάδης,
1445 166 1493 194 καὶ
1512 166 1593 198 ἄλλας
1618 167 1683 202 ἡμῖν
1698 166 1747 202 τῆς
1772 167 1841 199 ιδίας

228 208 281 235 ille.
308 208 438 235 Miltiades
459 216 535 240 vero,
561 209 638 244 cujus
664 212 829 240 mentionem
859 213 933 246 fecit,
958 214 1009 241 alia

227 261 333 288 quoque
348 254 387 280 sui
399 254 424 280 in
439 254 538 282 divinis
563 255 714 290 Scripturis
737 259 819 286 studii
835 267 1009 288 monumettta

226 300 304 326 nobis
317 299 423 334 reliquit
437 308 445 326 :
463 304 519 327 tum
535 301 560 328 in
579 301 657 329 libris
674 310 742 337 quos
762 305 890 333 adversus
903 310 1008 341 gentes,

226 349 282 372 tum
296 345 322 372 in
335 346 368 372 iis
381 353 450 380 quos
463 348 593 374 adversus
605 347 713 377 Judteos
723 352 890 385 composuit;
904 357 1010 380 utrum-

225 397 277 424 que
303 396 494 425 argumentum
523 392 593 420 binis
630 393 814 423 voluminibus
853 402 1008 425 exsecutus.

226 435 362 462 Prmterea
379 437 576 472 Apologeticnm
593 446 642 473 pro
653 439 806 468 Christiana
818 462 826 475 ,
851 451 930 477 quam
953 444 1010 478 ipse

225 481 413 516 profi:ebatur,
429 483 610 518 philosophia,
627 485 660 512 ad
675 485 756 519 hujus
769 488 858 515 saeculi
873 489 1008 524 principes
1049 505 1052 508 ι

222 528 396 562 conscripsit.

505 577 620 606 CAPUT
640 578 733 607 XVIII.

223 617 452 652 Quemadmodum
467 623 620 656 Apollonius
629 623 812 659 Cataplirygas
825 623 1006 658 confutaverit,

398 661 422 683 et
439 665 549 693 quorum
560 660 718 686 mentionem
732 660 831 693 fecerit.

257 731 312 760 Sed
326 737 353 760 et
364 733 532 768 Apollonius,
550 735 752 764 ecclesiasticus
764 738 892 773 scriptor,
910 745 1006 773 supra-

223 777 324 805 dictant
341 778 576 816 Cataphrygarum
602 782 726 810 ltmresim
754 784 842 811 adhuc
860 791 909 812 sua
928 789 1007 812 aetate

222 823 358 858 vigentem
385 825 503 853 refutare
533 834 688 862 aggressus,
716 828 853 862 peculiare
876 830 1006 857 adversus

1062 214 1126 250 περὶ
1140 215 1174 240 τὰ
1188 213 1246 240 θεῖα
1256 213 1334 247 λόγια
1347 213 1463 248 σπουδῆς
1476 213 1584 248 μνήμας
1597 211 1797 245 καταλέλοιπεν,
1811 213 1840 239 ἓν

1060 268 1090 286 τε
1101 257 1141 291 οἷς
1160 259 1227 294 πρὸς
1241 258 1373 294 Ἕλληνας
1386 258 1513 290 συνέταξε
1526 257 1624 292 λόγοις,
1640 258 1686 285 καὶ
1698 259 1755 289 τοῖς
1771 258 1839 293 πρὸς

1067 306 1218 338 Ἰουδαίους,
1234 305 1350 342 ἑκατέρᾳ
1364 305 1437 337 ἰδίως
1451 305 1576 332 ὑποθέσει
1589 305 1617 331 ὲν
1631 305 1704 331 δυσὶν
1720 305 1840 340 ὑπαντή-

1061 361 1112 384 σας
1128 351 1354 387 συγγράμμασιν,
1368 351 1408 377 ἔτι
1424 350 1453 378 δὲ
1468 350 1513 377 καὶ
1529 349 1596 386 πρὸς
1613 351 1674 382 τοὺς
1691 351 1838 386 χοσμικοὺς

1060 397 1191 433 ἄρχοντας
1204 397 1277 432 (l3),
1292 397 1361 433 ὑπὲρ
1374 394 1408 434 ἧς
1428 396 1520 433 μετῄει
1535 395 1704 433 φιλοσοφίας,
1724 396 1839 430 πεποίη-

1060 452 1104 470 ται
1116 443 1272 478 ἀπολογίαν.

1307 575 1506 605 ΚΕΦΑΛΑΙΟΝ
1535 576 1589 602 lH’.

1060 625 1136 652 Ὀσα
1161 623 1210 651 καὶ
1245 622 1442 655 Ἀπολλώνιος
1462 621 1532 655 τοὺς
1551 620 1625 648 κατὰ
1645 621 1761 654 Φρύγας
1781 620 1838 647 ἀπ-

1094 660 1212 693 ἠλεγεε,
1233 660 1281 686 καὶ
1303 659 1392 685 τίνων
1410 658 1634 692 ἐμνημόνευσεν
1659 656 1726 691 (Nic.
1743 655 1767 682 11
1772 675 1778 682 .
1801 655 1833 682 E.

1218 737 1286 765 κατὰ
1303 737 1410 773 Φρύγας
1432 737 1600 772 καλουμένης
1619 735 1766 772 αἱρέσεως,
1790 735 1838 761 καὶ

1063 785 1248 817 Ἀπολλώνιος,
1265 783 1488 820 ὲκκλησιαστικὸς
1505 784 1686 818 συγγραφεὺς,
1701 781 1838 818 ἀκμαζού-

1058 841 1107 867 σης
1122 832 1203 859 εἰσέτι
1216 831 1276 858 τότε
1291 830 1362 857 κατὰ
1382 830 1431 865 τὴν
1442 830 1558 864 Φρυγίαν
1575 829 1682 864 ἔλεγχον
1706 828 1837 863 ἐνστησά-

222 877 270 897 eos
285 870 410 898 volumen
431 873 562 903 condidit.
582 878 638 900 tum
661 873 742 901 falsas
763 875 920 909 prophetias
948 883 1002 910 qua

1061 887 1148 914 μενος,
1164 878 1228 904 ἴδιον
1245 877 1304 904 κατ’
1321 876 1410 902 αὐτῶν
1427 875 1571 911 πεποίηται
1589 875 1772 910 σύγγραμμα,
1787 874 1838 906 τὰς

222 916 256 943 ab
274 916 327 944 illis
349 918 580 945 circumferuntur
593 920 726 946 verbatim
753 921 918 954 expendens,
951 927 1007 948 tum

222 963 304 989 vitam
323 971 466 998 moresque
485 973 578 992 eorum
593 966 637 1000 qui
659 967 771 994 hmresis
789 967 862 994 illius
886 973 1008 995 auctores

222 1009 343 1041 fuerunt,
357 1010 515 1038 discutiens.
529 1011 567 1038 Ac
579 1013 611 1039 dc
637 1013 766 1040 Montano
780 1014 887 1048 quidem
909 1014 969 1041 audi
985 1015 1007 1041 si

221 1055 310 1089 placet
340 1064 400 1090 qum.
426 1056 498 1084 dicat
514 1064 521 1084 :
539 1058 614 1086 «Sed
645 1059 769 1094 quisnam
792 1064 835 1086 cst
855 1067 940 1087 novus
964 1060 1007 1088 ilie

220 1100 316 1128 doctor
331 1102 343 1128 τ’
357 1101 445 1135 Opera
464 1103 522 1138 ejus
535 1095 570 1131 \et
589 1105 713 1132 doctrina
742 1105 809 1132 satis
828 1110 921 1140 aperte
945 1114 1008 1141 pro-

219 1147 294 1174 dunt.
317 1147 365 1175 ilic
380 1150 480 1184 estqui
502 1151 656 1185 nuptiarum
686 1151 799 1178 discidia
832 1152 942 1185 docuit,
960 1153 1005 1186 qui

215 1194 381 1228 jejuniorutn
401 1195 474 1228 leges
492 1197 642 1230 imposuit;
659 1199 704 1231 qui
734 1197 870 1232 Pepuzam
899 1203 927 1225 et
950 1198 1004 1234 Ty-

220 1241 314 1272 miutn,
331 1241 453 1276 Phrygiae
474 1243 771 1277 oppidnla,.lerusaletn
793 1243 952 1277 nominavit,
976 1249 1006 1271 ut

219 1291 332 1314 cunctos
345 1289 462 1322 undique
479 1289 602 1317 homines
622 1297 654 1316 eo
671 1295 849 1321 convocaret;
862 1291 908 1325 qui
924 1297 1005 1324 pecu-

220 1332 325 1359 niarum
343 1339 484 1361 exactores
503 1335 663 1368 constituit;
684 1336 728 1369 qui
747 1336 882 1363 sordidam
909 1344 1004 1364 mune-

219 1385 278 1404 rum
290 1379 470 1413 captalionem
482 1379 650 1406 oblationtttn
668 1381 777 1407 nomine
796 1380 894 1408 callide
916 1381 1002 1408 obve-

220 1423 304 1456 lavit;
322 1425 366 1459 qui
381 1424 532 1451 doctrinam
557 1433 632 1452 suam
655 1426 865 1460 praedicantibus
896 1425 997 1453 salaria

220 1470 330 1504 prmltet,
351 1475 380 1497 ut
394 1478 442 1505 per
459 1470 557 1497 {tedam
583 1472 685 1499 ventris
702 1472 848 1506 ingluviem
873 1472 1002 1499 doctrina

218 1515 278 1548 ejus
291 1516 475 1543 convalescat.
491 1525 500 1542 ›
522 1516 583 1544 lltec
600 1517 644 1544 ille
657 1518 690 1544 de
704 1518 840 1544 Montano.
866 1517 902 1544 De
925 1517 1000 1544 Mon-

219 1561 276 1588 tani
296 1569 360 1588 vero
379 1563 558 1597 prophetissis
576 1563 717 1598 aliqttanto
744 1568 805 1597 post
828 1563 948 1597 loquitur
973 1562 999 1590 in

220 1604 292 1632 hunc
306 1605 412 1631 modum
429 1615 436 1632 ι
452 1605 627 1634 Ostendimus
641 1607 734 1641 igitur,
749 1608 846 1641 inquit,
862 1608 910 1634 has
927 1607 1001 1642 prin-

220 1651 295 1685 cipes
308 1650 492 1685 propltetissas
507 1652 588 1678 simul
608 1660 640 1680 ac
665 1654 760 1688 spiritu
788 1653 904 1688 impleta:
926 1658 999 1686 sunt,

218 1695 293 1722 viros
308 1704 371 1723 suos
385 1697 529 1725 dimisisse.
546 1706 555 1722 ι
567 1698 739 1733 Quantopere
750 1707 814 1734 ergo
832 1699 999 1727 Incutieban-

219 1745 264 1767 tur
272 1742 315 1775 qtti
334 1741 455 1769 Priscum
477 1742 608 1778 virginem
626 1744 778 1771 vocabant?
793 1753 802 1770 ›
824 1744 924 1771 Deinde
935 1744 999 1771 sub-

217 1787 307 1822 jungit
334 1787 392 1815 haec
419 1788 522 1816 verba:
541 1789 622 1817 «Non
646 1790 696 1817 tibi
724 1790 833 1818 videtur
861 1789 1003 1825 Scriptura

252 1907 308 1944 (l3)
323 1909 491 1943 Κοσμικοὺς
503 1909 660 1944 ἄρχοντας.
676 1909 855 1946 Hieronymus
871 1915 897 1937 et
924 1910 999 1938 Rufi-

217 1950 278 1974 nus,
292 1950 392 1980 eosque
409 1945 494 1980 sccuti
512 1946 600 1973 cancri
617 1945 790 1980 interpretes,
812 1946 868 1973 btet:
889 1947 922 1973 de
946 1946 999 1972 im-

217 1979 389 2015 peratoribus
415 1979 546 2006 Romanis
577 1980 630 2007 dici
662 1981 872 2011 existimarunt.
902 1981 1000 2015 quibus

218 2012 350 2040 Miltiades
364 2014 402 2047 Ap
413 2015 558 2049 Alogelictmt
572 2022 650 2042 smnn
666 2012 919 2050 nuncnpasset.Egd
934 2024 999 2042 vero

217 2055 278 2074 cum
294 2056 326 2084 eo
342 2054 462 2082 tempore
477 2057 531 2076 non
542 2049 650 2084 plures;
669 2051 714 2078 sed
733 2049 803 2078 unus
817 2049 899 2078 fuerit
915 2051 1000 2084 impe-

218 2088 292 2119 rator
307 2082 456 2112 Romanus.
472 2082 636 2112 Commodus
649 2085 786 2117 videlicet,
805 2092 924 2112 rectores
935 2082 999 2119 pro-

219 2117 367 2156 !inciarunt
395 2119 486 2145 malim
503 2119 675 2156 intelligo-re.
698 2120 764 2147 Nam
793 2128 843 2146 vox
871 2117 999 2156 ἄρχοντες

219 2150 274 2188 fere
290 2160 396 2185 semper
412 2155 539 2187 prmsitlcs
555 2150 754 2188 proiinciarum
777 2150 922 2187 signiﬁch
952 2150 998 2182 His

218 2187 301 2222 igitur
315 2187 507 2221 Apologetieunt
533 2196 610 2215 suum
629 2190 729 2216 dicavit
754 2190 904 2222 Miltiades,
928 2190 998 2216 sicut

217 2220 402 2259 Tertuliianus
419 2227 510 2256 postea
528 2223 599 2259 fccit.
616 2223 683 2250 Nam
695 2224 876 2259 Apologeticus
893 2220 999 2258 quidem

217 2257 275 2289 ejus
287 2257 320 2283 ad
335 2265 432 2284 omnes
447 2257 610 2290 generaliter
640 2257 841 2292 provinciarum
871 2257 1000 2292 pra-sides

217 2292 398 2328 directusest.
417 2292 575 2328 Specialiter
589 2300 652 2319 vero
667 2294 700 2319 ad
718 2293 872 2327 Scapulam,
887 2302 1000 2328 procon-

217 2326 303 2362 sulem
317 2327 426 2356 Africa},
445 2327 541 2353 librum
559 2334 608 2362 pro
625 2327 788 2354 Christianis
807 2329 876 2355 idem
887 2326 999 2355 Tertul-

217 2361 304 2389 lienus
318 2363 400 2388 misit.
414 2361 485 2389 Pene
510 2363 655 2389 omiseram
679 2364 750 2390 httnc
780 2363 923 2390 Miltiadem
949 2364 999 2390 Ec-

217 2396 360 2458 clllcsiarnttt
378 2397 528 2432 sopltistam
547 2398 637 2424 vocari
661 2405 676 2425 a
708 2397 885 2432 Tertulliano,
904 2399 930 2426 id
943 2403 999 2427 εδει

217 2438 230 2458 r
251 2437 362 2458 αξιοι-ειη.

216 2437 362 2459 rhetorem.

252 2467 308 2502 (Μ)
330 2467 357 2493 ’0
371 2467 515 2501 νηστείας
527 2467 741 2502 νομοθετήσας.
770 2467 838 2495 Tres
853 2469 998 2503 quotannis

215 2503 449 2539 qnadmgesinias,
467 2509 497 2529 ac
513 2509 642 2539 praeterea
669 2504 735 2530 duas
765 2503 996 2539 Xerophagiarum

217 2537 402 2574 hebdomadas
415 2536 559 2574 Montanth
575 2538 737 2565 instituerat.
756 2539 794 2565 Ac
807 2536 846 2565 de'
862 2536 997 2574 xeropha-

217 2571 268 2608 giis
280 2572 386 2608 quidem
403 2577 518 2599 testatur
531 2572 714 2608 Tertullianus
727 2574 753 2601 in
769 2574 838 2601 libro
864 2574 900 2601 De
921 2571 993 2608 jeju-

218 2606 278 2633 niie.
296 2607 332 2633 De
347 2607 433 2634 tribus
447 2614 510 2634 vero
522 2607 736 2642 quadragesimis
747 2610 824 2636 testis
841 2614 882 2636 est
900 2606 995 2637 llic-ro-

218 2616 278 2633 nm.
296 2616 332 2633 ue
347 2616 433 2634 trtuus
447 2616 510 2634 vero
522 2616 624 2642 quanra
645 2616 736 2635 estmts
747 2616 824 2636 testis
841 2616 882 2636 est
900 2616 994 2637 tttero-

217 2648 324 2675 nymus.
342 2647 397 2668 tum
417 2643 442 2668 in
458 2643 571 2676 epistola
583 2643 615 2670 ad
629 2616 796 2675 iiarcellam,
808 2648 861 2670 llllll
875 2645 901 2670 in
917 2644 994 2670 Com-

216 2676 351 2711 mentariis
362 2677 394 2702 ad
408 2682 487 2711 caput
504 2685 512 2704 ι
526 2678 671 2711 Agywi,ita
686 2679 806 2705 scribens
821 2687 827 2704 :
842 2678 876 2704 Et
895 2687 994 2705 omnem

217 2709 330 2748 laborem
345 2709 479 2748 manuum.
491 2709 650 2746 accipiamus
657 2713 760 2747 jejunio
770 2721 859 2739 eorum
870 2719 893 2739 et
908 2713 996 2739 obser-

216 2746 332 2782 uationes
349 2746 446 2782 rarius,
460 2751 484 2772 et
512 2746 718 2782 χαμευνίαςζίιί
741 2751 791 2779 εει,
821 2748 992 2774 humidormi-

217 2778 300 2804 tiones
321 2788 331 2807 :
349 2780 399 2816 qui
411 2781 495 2807 tribus
512 2778 721 2815 quadragesimi:
740 2790 786 2816 per
804 2790 901 2809 annum
913 2782 993 2816 'jeiu-

218 2817 319 2844 nantes,
337 2819 360 2841 et
386 2814 563 2849 ξηροφαγίαις
584 2814 750 2844 Ιιιιὴιὶίίαηιιὲ
776 2817 889 2844 animum
907 2814 991 2848 suam.

1013 2180 1035 2206 D

1060 921 1108 957 μὲν
1120 920 1270 956 φερομένας
1287 919 1374 946 αὐτῶν
1387 919 1552 955 προφητείας
1565 918 1670 954 ψευδεῖς
1687 918 1769 950 οὔσας
1788 927 1837 944 χα-

1057 965 1091 992 τὰ
1107 965 1178 998 λέξιν
1192 963 1319 995 εὐθύνων,
1335 964 1381 990 τὸν
1396 964 1424 990 δὲ
1439 963 1494 998 βίον
1508 963 1562 990 τῶν
1576 963 1624 998 τῆς
1639 963 1770 998 αἱρέσεως
1788 963 1837 998 ἀρ-

1057 1009 1160 1045 χηγῶν,
1178 1009 1267 1040 ὁποῖός
1280 1017 1320 1040 τις
1336 1009 1440 1042 γέγονε,
1460 1009 1614 1044 διελέγχων.
1635 1009 1729 1040 Aiaci;
1739 1008 1766 1034 δὲ
1787 1009 1836 1043 ρή-

1059 1064 1124 1091 μασι
1145 1055 1209 1090 περὶ
1233 1055 1279 1081 τοῦ
1306 1054 1444 1081 Μοντανοῦ
1474 1054 1558 1081 ταῦτα
1586 1053 1708 1088 λέγοντας
1737 1053 1835 1080 ἄκουε’

1059 1111 1069 1127 ι
1091 1101 1169 1127 Ἀλλὰ
1185 1100 1226 1132 τίς
1237 1101 1308 1127 ἐστιν
1322 1098 1397 1132 οὗτος
1410 1101 1424 1127 ὸ
1441 1100 1592 1136 πρόσφατος
1613 1098 1785 1130 διδάσκαλος,
1802 1098 1836 1126 τὰ

1056 1146 1123 1182 ἔργα
1137 1146 1217 1174 αὐτοῦ
1234 1148 1281 1173 καὶ
1296 1148 1312 1182 ἡ
1327 1145 1484 1172 διδασκαλία
1496 1145 1639 1172 δείκνυσιν.
1656 1143 1739 1176 Οὗτός
1762 1145 1836 1171 ἐσδν

1055 1194 1069 1219 6
1094 1193 1202 1226 διδάξας
1231 1193 1321 1224 λύσεις
1344 1192 1448 1227 γάμων,
1474 1193 1487 1218 ὁ
1508 1191 1632 1227 νηστείας
1656 1190 1835 1226 νομοθετήσας

1056 1239 1124 1274 (14),
1137 1240 1151 1266 ὁ
1167 1238 1306 1270 Πέπουζαν
1326 1238 1372 1264 καὶ
1391 1237 1492 1272 Τύμιον
1509 1236 1684 1272 Ἰερουσαλὴμ
1700 1236 1835 1272 ὀνομάσας

1055 1285 1157 1320 (πόλεις
1175 1284 1203 1310 δέ
1225 1285 1293 1310 εἰσιν
1319 1280 1397 1311 αὗται
1422 1283 1517 1319 μικραὶ
1540 1283 1589 1318 τῆς
1612 1282 1755 1318 Φρυγίας),
1773 1283 1835 1314 τοὺς

1054 1331 1220 1367 πανταχόθεν
1242 1332 1299 1357 ἐκεῖ
1323 1332 1483 1365 συναγαγεῖν
1507 1330 1605 1359 ἐθέλων
1617 1350 1624 1360 ,
1639 1331 1654 1356 ὸ
1674 1330 1835 1365 πρακτῆρας

1053 1379 1200 1414 χρημάτων
1224 1379 1413 1413 καταστήσας,
1438 1378 1452 1404 ὁ
1475 1378 1516 1404 ἐπ’
1540 1377 1650 1412 ὀνόματι
1673 1376 1834 1412 προσφορῶν

1052 1425 1102 1460 τὴν
1118 1424 1287 1460 δωροληῲίαν
1307 1422 1535 1457 ἐπιτεχνώμενος,
1555 1423 1570 1448 ὁ
1585 1421 1700 1457 σαλάρια
1711 1421 1834 1457 χοῇγῶν

1052 1471 1107 1502 τοῖς
1118 1469 1295 1506 κηρύττουσιν
1309 1468 1390 1496 αὑτοῦ
1400 1468 1444 1494 τὸν
1453 1467 1540 1501 λόγον,
1557 1467 1600 1494 ἴνα
1612 1467 1655 1493 διὰ
1662 1467 1711 1501 τῆς
1725 1474 1836 1501 γαστρι-

1055 1516 1172 1551 μαργίας
1194 1515 1211 1550 ἡ
1224 1513 1378 1542 διδασκαλία
1398 1513 1444 1540 τοῦ
1464 1513 1542 1546 λόγου
1562 1512 1735 1547 κρατύνηται.
1755 1522 1763 1537 ι
1781 1511 1834 1538 Καὶ

1052 1562 1139 1589 ταῦτα
1153 1562 1202 1597 μὲν
1216 1561 1279 1596 περὶ
1292 1559 1339 1587 τοῦ
1351 1559 1487 1587 Μοντανοῦ
1497 1567 1503 1574 ·
1519 1559 1564 1585 καὶ
1576 1559 1639 1594 περὶ
1652 1558 1705 1584 τῶν
1729 1566 1828 1593 προφη·

1053 1609 1132 1637 τίδων
1144 1608 1172 1635 δὲ
1185 1607 1267 1635 αὑτοῦ
1281 1607 1454 1638 ὑποκαταόὰς
1475 1606 1544 1633 οὕτω
1564 1605 1680 1641 γράφει⁹
1700 1614 1708 1629 t
1726 1604 1833 1630 Δείκνυ-
1879 1610 1886 1616 ’

1055 1663 1104 1689 μεν
1116 1651 1162 1680 οὖν
1175 1652 1258 1684 αὑτὰς
1273 1651 1382 1687 πρώτας
1399 1652 1447 1683 τὰς
1469 1651 1635 1686 προφήτιδας
1657 1649 1756 1680 ταύτας
1766 1669 1773 1680 ,
1787 1650 1833 1684 ἀφ’

1053 1695 1084 1725 οὒ
1100 1697 1146 1724 τοῦ
1165 1697 1316 1732 πνεύματος
1331 1696 1526 1732 ἐπληρώθησαν
1536 1716 1543 1727 ,
1557 1696 1619 1727 τοὺς
1639 1695 1736 1730 ἄνδρας
1750 1703 1833 1721 κατα-

1053 1743 1192 1775 λιπούσας.
1206 1743 1268 1774 Πῶς
1289 1741 1335 1769 οὖν
1357 1741 1495 1777 ἐψεύδοντο
1514 1741 1678 1777 Πρίσκιλλαν
1699 1740 1832 1776 παρθένον

1054 1790 1109 1826 (15)
1121 1789 1335 1823 ὰποκαλοῦντες;
1353 1799 1362 1815 ι
1383 1786 1438 1816 Εἶτ’
1458 1788 1580 1824 ἐπιφέρει
1599 1787 1701 1822 λέγων·
1727 1796 1736 1812 ι
1754 1787 1831 1814 Δοκεὶ

1052 1915 1076 1936 et
1091 1909 1129 1937 uel
1141 1909 1254 1936 maxime
1269 1909 1301 1936 de
1329 1908 1433 1936 Taliani
1459 1909 1546 1936 radice
1570 1913 1731 1939 crescentes,
1754 1917 1832 1943 super

1051 1945 1203 1979 Itujurmodi
1215 1944 1347 1971 laboribus
1364 1945 1475 1971 audiunt
1493 1953 1501 1971 :
1519 1943 1604 1971 Tanta
1616 1945 1687 1977 passi
1704 1944 1764 1971 estis
1775 1944 1832 1971 sine

1050 1978 1142 2007 causa.
1155 1980 1289 2007 Cmterum
1303 1980 1448 2006 notandum
1459 1984 1500 2006 est
1515 1981 1565 2006 hoc
1588 1979 1648 2006 loco
1661 1978 1830 2013 Apollonium

1051 2020 1178 2050 tanquam
1204 2014 1394 2050 gravissimum
1425 2015 1529 2050 facinus
1552 2014 1673 2050 objicere
1692 2014 1830 2045 Montano,

1049 2048 1119 2083 quod
1132 2050 1233 2083 jejunis
1247 2050 1296 2076 sub
1310 2048 1377 2083 lege,
1395 2057 1426 2076 ac
1441 2048 1491 2076 sub
1506 2049 1632 2083 praecepti
1648 2048 1733 2076 forma
1765 2055 1832 2075 eon-

1050 2085 1182 2112 stituisset
1199 2091 1207 2111 :
1224 2092 1275 2111 non
1294 2084 1363 2117 quod
1376 2084 1498 2118 jejunare
1511 2084 1615 2111 crimett
1629 2084 1673 2115 sit,
1691 2088 1736 2111 aut
1753 2085 1830 2117 quasi

1049 2120 1207 2153 quibusdam
1226 2119 1253 2146 in
1264 2119 1381 2146 Ecclesia
1396 2127 1447 2146 non
1465 2119 1554 2149 liceat.
1570 2125 1731 2153 semperque
1745 2118 1829 2145 licue-

1050 2156 1085 2180 rit
1101 2155 1218 2181 indicere
1241 2154 1354 2187 jejunia.
1389 2153 1455 2180 Nam
1484 2157 1511 2181 et
1538 2153 1658 2181 Joannes
1691 2153 1830 2187 apostolus

1051 2190 1200 2215 triduanum
1218 2188 1342 2220 Ephesiis
1360 2187 1493 2223 jejunium
1511 2189 1606 2215 indixit
1622 2189 1778 2223 priusquam
1794 2189 1827 2215 ad

1051 2224 1220 2250 scribendum
1235 2223 1408 2256 Evangeliutn
1424 2231 1454 2250 se
1466 2223 1610 2250 conferret.
1634 2223 1731 2250 Verum
1751 2223 1827 2250 Mon-

1051 2264 1114 2285 tano
1129 2259 1153 2285 id
1169 2258 1259 2285 facere
1275 2259 1424 2285 nullatenus
1434 2258 1540 2291 licebat,
1560 2258 1659 2286 homini
1687 2258 1828 2290 literetico,

1050 2298 1077 2320 et
1092 2294 1126 2320 ab
1139 2293 1267 2320 Ecclesiae
1278 2301 1391 2327 corpore
1402 2298 1551 2328 segregate,
1568 2301 1618 2320 nec
1637 2293 1719 2319 ullum
1733 2300 1827 2320 sacer-

1050 2328 1151 2355 dotium
1165 2329 1279 2363 gerenti.
1303 2328 1398 2355 Merito
1415 2329 1496 2363 igitur
1513 2335 1574 2356 cum
1602 2328 1778 2363 reprehendit
1790 2328 1828 2355 A-

1049 2362 1197 2398 pollonius;
1212 2363 1281 2398 quod
1292 2371 1323 2390 ex
1339 2363 1453 2391 arbitrio
1472 2371 1531 2396 suo,
1547 2371 1600 2390 non
1621 2371 1653 2390 cx
1677 2362 1826 2397 apostolica

1050 2399 1194 2425 traditione
1210 2398 1395 2426 constituisset
1407 2398 1522 2432 jejunia.
1543 2398 1608 2424 Nam
1623 2398 1825 2425 Catholicorutn

1048 2433 1156 2467 quidem
1169 2433 1269 2467 jejttnia
1283 2441 1316 2460 ex
1331 2434 1514 2468 apostolorum
1532 2433 1678 2460 traditione
1696 2438 1824 2464 manant;

1049 2471 1082 2495 de
1097 2468 1263 2496 solemnibus
1276 2476 1308 2496 ac
1318 2469 1431 2503 publicis
1443 2467 1553 2503 jejuuiis
1567 2468 1674 2502 loquor,
1691 2475 1749 2502 qute
1764 2475 1823 2495 cer-

1049 2503 1083 2530 tis
1097 2503 1192 2530 diebus
1220 2504 1246 2530 in
1272 2503 1391 2530 Ecclesia
1423 2503 1571 2537 quotannis
1596 2504 1824 2530 observabuntur.

1048 2537 1240 2565 llaereticorum
1254 2543 1342 2565 autem
1355 2539 1455 2572 jejunia
1471 2546 1505 2564 ex
1519 2537 1592 2564 inani
1604 2538 1823 2572 praesumptione,

1047 2578 1074 2599 et
1100 2574 1253 2601 sanctitatis
1282 2574 1453 2600 simulatione
1480 2573 1640 2607 procedunt.
1667 2572 1822 2607 Cujusmodi

1047 2607 1122 2634 fuere
1133 2607 1234 2643 ieiunia
1248 2616 1307 2643 qua:
1319 2607 1461 2635 Montanus
1479 2608 1657 2635 sectatoribus
1683 2608 1740 2635 suis
1765 2612 1826 2634 latt-

1046 2650 1126 2677 quant
1143 2642 1296 2670 Paracletus
1312 2643 1416 2670 indixit.

1081 2676 1136 2713 (15)
1161 2678 1347 2713 Πρίσκιλλαν
1374 2677 1535 2712 Παρθένον.
1560 2677 1588 2713 In
1615 2677 1712 2713 codice
1734 2676 1822 2713 Μαι..

1046 2711 1115 2739 Med.
1130 2717 1157 2739 et
1171 2711 1238 2739 Fuk.
1252 2718 1279 2739 et
1295 2713 1364 2748 apud
1381 2711 1674 2748 Nicepltorumilegitur
1690 2711 1822 2748 Πρίσκαν,

1045 2754 1125 2779 quant
1141 2748 1299 2781 scripturam
1313 2748 1456 2775 confirmat
1469 2749 1550 2774 etiam
1566 2747 1690 2774 Rufinus.
1716 2747 1766 2774 Sed
1795 2751 1823 2773 et

1045 2781 1226 2810 Tertullianus
1242 2787 1267 2810 ct
1283 2782 1454 2811 Firtnilianus
1470 2782 1569 2818 aliique
1597 2781 1716 2809 Priscum
1732 2781 1822 2809 nomi-

1045 2821 1119 2844 nant.
