1996 3165
214 119 271 149 479

567 118 704 148 EUSEBII
724 118 966 148 CzESARlENSlS
986 117 1061 147 OPP.
1083 119 1174 147 PARS
1193 119 1213 146 l.
1233 134 1267 140 -ο
1286 119 1482 148 HISTORICA.

1788 120 1838 147 488

212 178 259 205 sed
273 177 308 204 ob
324 183 354 204 ea
370 182 430 210 quae
448 179 656 210 perpetrarent
682 176 836 208 latrocinia.
859 183 921 203 cum
943 175 997 210 jam

1054 185 1119 210 ματι
1142 177 1189 203 τοῦ
1207 177 1327 213 Κυρίου,
1353 177 1516 205 άπολελυται
1543 178 1682 213 πλανήσας
1698 179 1760 211 τοὺς
1782 180 1839 206 ἐκεῖ

211 223 336 249 desertor
352 221 412 248 ﬁdei
425 226 506 248 esset.
529 221 629 249 Deinde
649 230 724 254 vero,
739 223 886 249 ementitus
900 230 996 250 nomen

210 268 323 299 Christi,
340 268 470 296 dimissus
485 272 540 300 est,
558 275 619 295 cum
637 269 711 295 urbis
728 269 801 296 illius
813 268 905 296 ﬁdeles
922 268 999 296 fefel-

210 314 296 341 lisset.
316 313 434 341 Ecclesia
460 320 526 340 vero
539 313 597 346 eius
612 314 662 341 loci
678 315 750 341 unde
773 318 834 342 erat
855 315 997 349 oriundus,

210 360 298 395 ipsum
317 368 369 387 non
386 359 509 394 recepit,
531 366 564 386 eo
586 360 657 394 quod
677 360 820 388 latrocinia
844 367 997 389 exerceret.

211 406 240 432 Si
256 405 303 440 qui
320 413 384 432 vero
401 410 485 432 totum
500 405 573 433 illius
587 405 725 441 negotium
744 406 814 433 scire
829 407 998 440 desiderant,

210 455 311 486 praesto
335 455 376 478 est
393 451 529 485 publicum
553 451 623 479 Asiae
651 451 826 479 tabularium.
856 453 888 480 Et
908 457 997 481 tamen

210 498 343 532 propheta
358 497 432 524 illum
454 498 581 532 ignorare
603 505 633 525 se
654 497 740 533 lingit,
765 506 881 532 quorum
909 500 998 534 plures

210 549 298 569 annos
309 542 388 569 simul
401 543 476 569 vixit.
494 542 570 570 Hunc
585 551 634 570 nos
645 545 842 577 convincenda,
853 553 900 579 per
909 546 996 580 ipsum

210 588 291 615 etiam
319 588 458 623 propheta:
479 589 669 616 convincimus
693 589 851 617 falsitatem.
874 589 946 618 ldem
971 591 997 617 in

210 635 271 662 aliis
283 634 467 670 compluribus
484 642 626 669 possumus
644 636 795 663 ostendere.
812 636 887 670 Quod
918 637 999 672 186

209 681 234 709 si
244 681 370 709 ﬁduciam
383 681 424 708 sui
444 681 565 714 habent,
586 682 701 709 subeant
715 689 840 710 examen.
855 692 865 709 ι
895 683 999 710 Rursus

211 729 238 756 in
252 727 307 755 alio
321 728 442 763 ejusdem
458 729 550 762 operis
565 729 634 762 loco,
649 729 682 756 de
700 729 839 764 prophetis
859 737 927 764 quos
939 735 998 756 tan-

210 779 303 809 topere
314 773 427 808 jactant,
445 774 501 801 haec
514 773 653 809 subjuugit
669 784 674 800 :
690 784 699 800 ι
713 774 740 802 Si
766 779 864 810 negant
878 775 997 810 prophe-

210 825 252 848 tas
265 827 328 848 suos
343 827 455 847 tnunera
481 820 635 854 accepisse,
658 820 710 848 hoc
742 821 824 856 igitur
847 821 996 855 fateantur,

1048 221 1171 254 πιστούς.
1187 222 1241 248 Καὶ
1261 223 1278 257 ἡ
1296 222 1348 249 ἰδία
1372 223 1500 258 παροικία
1523 224 1621 256 αὐτὸν,
1642 224 1703 251 ὅθεν
1729 223 1839 260 ἦν,οὺκ

1047 267 1166 300 ἐδέξατο,
1181 268 1225 294 διὰ
1239 268 1270 294 τὸ
1284 266 1354 295 εἶναι
1371 269 1452 296 αὑτὸν
1470 269 1571 306 λῃστήν
1581 278 1587 284 ”
1609 270 1656 297 καὶ
1670 271 1694 297 οἱ
1717 270 1840 304 θέλοντες

1050 314 1144 349 μαθεῖν
1160 314 1194 341 τὰ
1209 315 1269 341 κατ’
1284 316 1364 342 αὑτὸν
1374 336 1381 348 ,
1403 315 1494 352 έχουσι
1508 317 1539 343 τὸ
1563 316 1614 352 τῆς
1636 317 1727 350 Ἀσίας
1753 318 1841 354 δημό-

1048 367 1104 386 σιον
1120 360 1228 395 ἀρχεῖον
1238 369 1244 376 ·
1260 361 1289 387 ὃν
1300 363 1314 388 ὀ
1330 363 1472 398 προφήτης
1492 363 1605 390 συνόντα
1620 363 1724 396 πολλοῖς
1738 364 1839 399 ἐτεσιν,

1048 405 1149 439 ἀγνοεῖ.
1165 405 1264 433 Τοῦτον
1284 407 1440 443 ἐλέγχοντες
1461 410 1541 444 ἡμεῖς
1553 429 1561 441 ,
1574 409 1607 436 δι’
1622 410 1705 436 αὑτοῦ
1725 411 1771 437 καὶ
1787 411 1838 446 τὴν

1048 450 1195 477 ὑπόστασιν
1209 451 1386 488 ὲξελέγχομεν
1399 452 1446 479 τοῦ
1467 454 1617 489 προφήτου.
1633 455 1670 481 Τὸ
1683 455 1774 490 ὅμοιον
1790 456 1836 482 ἐπὶ

1048 496 1151 523 πολλῶν
1167 497 1303 533 δυνάμεθα
1319 499 1468 532 ἀποδεῖξαι.
1483 500 1537 526 Καὶ
1557 501 1580 527 εὶ
1596 500 1740 537 Θαρῥοῦσιν
1750 522 1756 534 ,
1771 502 1837 528 ὑπο-

1049 544 1220 578 μεινάτωσαν
1235 545 1281 571 τὸν
1297 545 1415 580 ἔλεγχον.
1432 556 1441 571 ι
1465 546 1548 573 Πάλιν
1563 555 1592 573 τε
1607 545 1640 574 αὖ
1656 549 1684 574 ὲν
1698 547 1782 583 ἑτέρῳ
1795 547 1838 574 τό·

1048 596 1091 623 πῳ
1106 588 1152 614 τοῦ
1171 590 1397 625 συγγράμματος,
1417 592 1480 627 περὶ
1497 589 1534 619 ὧν
1554 592 1665 627 αὺχοῦσι
1677 593 1835 628 προφητῶν,

1048 634 1168 668 ἐπιλέγει
1181 636 1284 662 ταῦτα·
1304 647 1313 662 ι
1338 637 1399 664 Ἐὰν
1411 637 1546 673 ἀρνῶνται
1561 638 1634 674 δῶρα
1652 640 1714 671 τοὺς
1730 639 1836 674 προφή-

1047 688 1097 711 τας
1118 681 1208 708 αὐτῶν
1233 682 1391 718 εἰληφέναι,
1414 683 1492 710 τοῦτο
1513 684 1774 720 ὀμολογησάτωσαν,
1794 685 1835 711 ὅτι

1048 725 1095 751 ἐὰν
1111 725 1273 761 ἐλεγχθῶσιν
1291 728 1431 764 εἰληφότες
1443 749 1450 761 ,
1470 729 1520 756 οὐκ
1537 729 1591 756 aldi.
1611 728 1758 764 προφῆται.
1781 729 1835 756 Καὶ

1050 771 1150 807 μυρίας
1175 773 1325 806 ἀποδείξεις
1359 775 1461 801 τούτων
1492 776 1714 810 παραστήσομεν.
1739 776 1835 810 Ἀναγ-

1049 817 1126 842 καῖον
1137 817 1166 843 δέ
1179 819 1236 844 ἐστι
1254 818 1357 850 πάντας
1372 819 1494 854 καρποὺς
1512 819 1706 854 δοκιμάζεσθαι
1725 820 1816 855 προφή
1830 835 1834 838 -

210 873 265 893 non
276 872 336 893 esse
348 865 410 892 illos
427 866 586 900 prophetas,
607 866 628 892 si
643 873 754 893 munera
775 865 915 900 accepisse
930 873 996 893 con-

1049 870 1106 888 του.
1120 863 1275 900 Προφήτης,
1290 865 1349 891 εἰπέ
1365 873 1426 900 μοι,
1451 865 1580 900 βάπτεται
1600 865 1673 899 (‘23);
1692 868 1834 901 προφήτης

211 909 275 937 victi
291 910 355 937 sint.
369 910 409 937 Ac
430 914 486 937 tum
512 910 621 937 demum
637 914 764 937 sexcenta
781 909 840 944 ejus
856 911 894 937 rei
911 910 995 937 docu-

211 961 301 984 menta
318 964 352 984 ac
370 956 524 984 testimonia
540 956 718 991 proferemus.
731 956 847 985 Necesse
860 965 942 992 porro
956 962 998 985 est

211 1007 241 1029 ut
255 1010 351 1030 onmes
366 1005 505 1037 prophetae
519 1003 626 1030 fructus
644 1008 726 1036 atque
743 1009 819 1030 actus
835 1004 995 1037 probentur.

212 1046 259 1074 Dic
275 1048 353 1079 mihi,
371 1048 484 1083 tingitne
499 1049 612 1083 capillos
627 1049 779 1083 propheta?
791 1057 825 1076 an
844 1049 924 1076 stibio
936 1057 998 1076 ocu-

211 1092 251 1120 los
260 1093 337 1120 linit?
348 1101 382 1120 an
397 1094 487 1120 studet
500 1093 611 1121 ornari?
640 1093 810 1129 Prophetane
824 1094 912 1121 tabula
930 1094 998 1122 ludit

209 1143 238 1165 et
269 1139 400 1168 tesseris?
427 1147 460 1167 an
485 1140 627 1175 pecuniam
656 1140 727 1167 locat
749 1140 856 1168 lenori?
883 1141 997 1176 ingenue

212 1185 349 1213 fateantur
375 1194 407 1213 ac
424 1187 605 1221 respondeant
621 1190 712 1213 utrum
728 1186 785 1214 hac
809 1194 889 1221 agere
905 1187 996 1220 liceat,

211 1238 245 1257 an
260 1238 350 1259 secus.
369 1231 425 1267 Ego
444 1239 509 1259 vero
524 1231 582 1259 hac
600 1231 670 1266 apud
694 1231 765 1266 ipsos
781 1236 840 1258 acta
854 1239 914 1259 esse
931 1240 997 1259 con-

211 1276 350 1304 vincam.»
369 1277 504 1305 Caeterum
525 1278 569 1305 hic
589 1278 646 1312 ipse
665 1278 825 1313 Apollonius
850 1278 875 1304 in
903 1279 995 1305 eodem

211 1322 280 1350 libro
293 1327 417 1356 testatur,
430 1327 494 1351 tunc
506 1331 566 1351 cum
585 1324 641 1351 haec
658 1325 801 1354 scriberet,
814 1332 914 1350 annum
931 1332 997 1358 qua-

211 1368 394 1404 dragesimum
419 1369 502 1397 fuisse
521 1377 556 1397 ex
571 1378 626 1405 qtto
647 1370 791 1397 Montanus
813 1370 995 1403 adulterinam

211 1413 285 1440 illam
298 1415 470 1449 prophetiam
486 1421 655 1443 commentus
666 1415 764 1443 fuerat.
783 1416 864 1442 Addit
880 1421 996 1450 prmtcr-

212 1467 245 1487 ea
262 1460 385 1488 Zoticum
415 1461 501 1494 illum,
526 1461 604 1496 cujus
625 1468 639 1487 a
662 1461 753 1495 priore
777 1462 908 1495 scriptore
927 1461 996 1489 facta

211 1510 254 1533 est
265 1507 377 1539 mentio,
392 1514 452 1534 cum
466 1506 521 1541 jam
533 1506 678 1534 Maximilla
696 1507 810 1542 Pepuzis
832 1515 861 1535 se
877 1509 996 1543 prophe-

1051 910 1199 942 στιϐίζεται
1213 919 1219 942 ;
1235 913 1377 947 προφήτης
1387 911 1560 946 φιλοκοπμεῐ;
1574 911 1714 946 προφήτης
1722 912 1834 943 τάὸλαις

1050 958 1097 984 καὶ
1111 957 1202 990 νύϐοις
1219 958 1328 991 παίζει;
1350 959 1492 994 προφήτης
1508 958 1642 990 δανείζεις
1661 957 1751 984 Ταῦτα
1767 959 1835 993 ὁμο-

1051 1003 1245 1039 λογησάτωσαν
1261 1004 1374 1040 πότερον
1395 1004 1497 1038 ἔξεστιν
1513 1004 1529 1039 ἦ
1548 1004 1584 1039 μὴ
1595 1024 1602 1034 ,
1619 1003 1673 1038 ἐγὼ
1693 1003 1720 1030 δὲ
1734 1003 1774 1030 ὅτι
1789 1003 1836 1038 γέσ

1050 1058 1112 1083 γονε
1128 1051 1191 1085 παρ’
1207 1050 1311 1082 αὐτοῖς,
1326 1050 1414 1082 δείξω.
1436 1060 1445 1075 ι
1471 1051 1499 1077 '0
1512 1050 1533 1076 δ’
1549 1049 1628 1081 αὐτὸς
1641 1046 1718 1081 οὗτος
1737 1048 1832 1075 Ἀπολ-

1050 1093 1144 1125 λώνιος
1167 1094 1237 1120 κατά
1260 1094 1290 1120 τὸ
1310 1095 1375 1121 αὐτὸ
1396 1095 1562 1130 σύγγραμμα
1582 1095 1698 1130 ἱστορεῖ,
1721 1093 1759 1125 ὡς
1779 1093 1834 1130 ἄρα.

1050 1139 1266 1174 τεσσαρακοστὸν
1278 1139 1423 1175 ἐτύγχανεν
1435 1140 1493 1172 ἔτος
1506 1140 1560 1174 (24)
1575 1141 1620 1167 Erl.
1631 1141 1679 1175 τὴν
1696 1140 1742 1166 τοῦ
1767 1149 1833 1173 συγ-

1050 1185 1214 1220 γράμματος
1230 1185 1312 1212 αὐτοῦ
1327 1187 1445 1221 γραφὴν.
1463 1186 1492 1218 ἐξ
1506 1185 1536 1213 οὗ
1547 1188 1580 1222 τῇ
1598 1188 1771 1222 προσποιήτῳ
1784 1187 1833 1212 αὺ-

1050 1229 1095 1256 τοῦ
1108 1230 1259 1265 προφητείᾳ
1277 1231 1290 1256 ὁ
1311 1231 1446 1261 Μοντανὸς
1464 1232 1662 1268 ἐπικεχείρηκε.
1684 1232 1737 1257 Καὶ
1753 1231 1831 1258 πάλιν

1050 1276 1142 1311 φησὶν,
1161 1276 1198 1308 ὡς
1212 1276 1265 1311 ἄρα
1278 1277 1395 1308 Ζωτικὺς
1411 1274 1440 1302 οὗ
1463 1278 1509 1304 καὶ
1533 1278 1547 1303 ὁ
1569 1278 1698 1313 πρότερος
1712 1285 1832 1312 συγγρα-

1051 1323 1118 1357 φεὺς
1136 1323 1352 1357 ἐμνημόνευσεν,
1374 1324 1402 1349 ὲν
1414 1324 1562 1356 Πεπούζοις
1587 1324 1766 1360 προφητεύειν
1781 1325 1832 1360 ἤδη

1051 1369 1284 1404 προσποιουμένης
1297 1369 1354 1404 (‘23)
1379 1370 1427 1404 τῆς
1455 1369 1625 1405 Μαξιμίλλης
1644 1370 1773 1401 ἐπιστὰς,
1794 1370 1833 1396 δι-

1050 1413 1157 1448 ελέγξαι
1171 1414 1201 1440 τὸ
1213 1414 1339 1450 ἐνεργοῦν
1347 1415 1373 1441 ἐν
1381 1415 1448 1450 αὐτῇ
1462 1416 1568 1450 πνεῦμα
1580 1415 1752 1451 πεπείραται,
1766 1416 1836 1442 ἐκω-

1050 1460 1116 1496 λύθη
1140 1470 1171 1495 γε
1195 1461 1248 1496 μὴν
1269 1461 1321 1488 ὑπὸ
1342 1461 1396 1487 τῶν
1410 1461 1443 1487 τὰ
1463 1462 1569 1497 ἐκείνης
1584 1461 1761 1496 φρονούντων.
1778 1462 1832 1488 Καὶ

1050 1505 1157 1541 Θρασέα
1177 1506 1205 1533 δέ
1219 1515 1291 1538 τινος
1316 1506 1369 1532 τῶν
1397 1507 1457 1533 τότε
1491 1506 1635 1542 μαρτύρων
1659 1506 1832 1542 μνημονεύει.

212 1557 269 1579 tare
285 1552 436 1586 simularet,
452 1554 691 1588 supervenientem
709 1554 870 1580 daanronium
887 1562 940 1588 quo
953 1554 996 1581 illa

1050 1539 1110 1579 Ἴ-Ξτι
1124 1553 1151 1579 δὲ
1170 1553 1208 1584 ὼς
1223 1553 1256 1579 ὲκ
1273 1552 1446 1587 παραδόσεως
1464 1539 1509 1579 τον
1530 1539 1644 1588 maps
1750 1560 1835 1587 προσ-

210 1597 375 1633 agitabatur,
398 1605 547 1633 coarguere
570 1598 741 1625 instituisse:
767 1606 859 1625 verum
884 1600 918 1626 ab
938 1599 999 1627 aliis

211 1646 257 1680 qui
274 1645 418 1684 idemcum
437 1645 482 1672 illa
501 1646 667 1677 sentiebant,
688 1653 749 1672 esse
766 1645 928 1672 cohibitum.
945 1646 1000 1673 Me-

212 1692 292 1719 minit
305 1692 385 1719 etiam
399 1692 541 1727 cujusdam
554 1692 682 1719 Thrasea:
695 1693 740 1726 qui
756 1693 829 1719 circa
846 1692 904 1720 haec
929 1697 998 1720 lem-

211 1745 279 1773 pora
292 1743 396 1773 martyr
411 1738 472 1765 fuit.
489 1738 529 1765 Ad
543 1738 601 1765 haec
613 1742 740 1773 tanquam
755 1746 788 1766 ex
803 1743 926 1766 veterum
943 1743 997 1766 tra-

212 1785 313 1812 ditione
327 1785 384 1812 haec
404 1784 500 1817 refert,
518 1785 660 1812 Dominum
681 1785 811 1818 apostolis
824 1785 882 1812 suis
893 1792 996 1820 praece-

214 1830 296 1864 pisse,
309 1837 343 1856 ne
357 1829 427 1856 intra
440 1829 582 1857 duodecim
598 1836 685 1856 annos
705 1829 901 1865 Hierosolymis
914 1837 997 1857 exce-

213 1875 321 1903 derent.
341 1875 432 1904 Utitur
452 1883 561 1910 quoque
588 1876 751 1903 testimoniis
771 1883 805 1904 ex
815 1875 928 1903 Joannis
945 1875 1007 1903 Rem

212 1946 329 1980 primum
344 1945 370 1971 in
387 1952 420 1972 eo
439 1949 545 1979 peccat,
564 1945 636 1981 quod
658 1945 820 1981 παραϐάτην
847 1945 996 1979 maleﬁcum

212 1981 310 2014 vertit;
327 1981 424 2008 deinde
438 1981 463 2008 in
487 1988 519 2008 eo
533 1981 604 2015 quod
625 1981 720 2016 ἐκρίθη
743 1982 824 2008 vertit
838 1981 997 2008 condemna-

213 2021 255 2042 tua
270 2021 318 2042 εει.

249 2050 304 2091 (ἳὸ)
319 2050 671 2091 Bd41retat.“l_lierol_tyntus
691 2051 717 2077 in
731 2050 855 2091 thaloga
871 2051 942 2091 hunc
957 2050 995 2091 lo:

212 2085 274 2112 cum
293 2087 329 2112 ita
350 2087 449 2114 vertit:
467 2085 514 2112 Dic
534 2085 609 2119 milii,
625 2087 723 2112 crinem
750 2086 823 2120 furat
846 2086 994 2118 prop/tem?

213 2122 292 2148 stibio
310 2122 398 2148 oculos
411 2121 468 2147 lmil
483 2121 495 2147 ?
509 2120 639 2154 Propheta
656 2121 767 2148 vestibus
791 2125 814 2146 et
836 2121 942 2154 gemmis
955 2129 995 2147 or-

214 2157 313 2183 natur?
325 2154 456 2190 Propheta
470 2155 559 2182 tabula
572 2156 637 2182 ludit
661 2160 684 2182 et
709 2157 813 2182 tesseris
828 2157 840 2184 ?
862 2154 994 2189 Prop/tela

218 2191 293 2224 fenus
314 2192 437 2224 accipit?
467 2191 559 2222 Longe
583 2191 704 2225 profrCto
738 2191 888 2225 elegantius
913 2198 993 2224 quam

217 2225 445 2267 liullnusﬁrmci
481 2225 591 2260 βάπτειν
611 2225 659 2267 τήν
690 2225 770 2267 τρέχω.
798 2226 903 2265 dicunt,
924 2225 994 2266 quod

217 2261 303 2287 Latini
319 2261 404 2288 crines
415 2262 513 2295 tingere
525 2268 571 2288 seu
591 2261 710 2288 rutilare.
728 2262 754 2287 Id
771 2261 842 2287 enim
864 2261 999 2294 praecipue

216 2296 513 2329 studebmitmatronaz,
533 2301 563 2322 ut
587 2296 695 2322 rutilum
722 2295 853 2322 haberent
883 2295 999 2322 crinem.

216 2332 301 2364 Quam
329 2332 354 2358 in
383 2339 438 2359 rem
458 2332 550 2358 cinere
574 2331 667 2358 lixivio
691 2331 846 2362 utebantur,
873 2335 902 2357 ut
922 2331 1001 2357 docet

217 2365 515 2407 Varro._Sammonicus
533 2366 654 2394 Serenus
666 2366 700 2393 de
710 2365 808 2401 capillo
821 2365 949 2398 tingendo
964 2366 1000 2392 ita

226 2402 336 2434 ira'cipit
349 2409 356 2427 ε

226 2409 293 2428 »ιιι-οι
316 2408 336 2428 ιι
349 2409 356 2427 :

215 2408 224 2436 l
253 2410 414 2463 Adprutilnm
427 2437 537 2470 speciem
551 2437 638 2471 nigros
649 2436 784 2471 ﬂavescere
797 2436 879 2462 crines

251 2470 389 2503 Unguento
403 2473 507 2501 cineris,
524 2470 644 2503 pra'ilizit
660 2470 762 2497 Tullius
773 2474 874 2498 auctor.

218 2505 284 2534 Vide
298 2507 462 2541 Hesychium
477 2509 502 2533 in
517 2506 679 2536 Ξανθίζὲιν.

251 2541 307 2576 (24)
322 2540 573 2576 Τέσσαρακοστόν
585 2542 750 2577 ἐτύγχανεν
762 2541 838 2574 ἔτος,
864 2547 917 2569 etc.
940 2540 1000 2568 1am

215 2577 310 2604 videor
333 2578 396 2604 mihi
414 2577 626 2611 deprehendisse
643 2585 724 2611 quam
737 2577 772 2603 ob
792 2584 901 2604 causam
918 2577 1002 2603 Euse-

216 2612 278 2639 bius
307 2613 476 2647 Apollonium
503 2612 576 2639 hunc
615 2618 676 2647 post
719 2619 884 2646 anonytnum
926 2612 1000 2638 illuni

215 2648 376 2681 scriptorem
397 2648 429 2674 de
444 2654 498 2682 quo
519 2648 545 2675 iu
567 2647 700 2682 superiori
722 2648 811 2681 capite
825 2651 917 2674 actum
948 2651 999 2678 est,

215 2682 401 2709 rollocaverit.
421 2682 488 2710 Cum
502 2683 573 2709 enim
586 2690 736 2718 anonyinus
755 2682 800 2718 ille.
823 2686 950 2718 testetur,
964 2688 1002 2718 se

214 2718 418 2751 quatuordecim
436 2718 514 2744 annis
525 2722 586 2752 post
603 2716 721 2745 Montani
737 2722 765 2744 et
778 2716 930 2752 Maximilla:
944 2716 1001 2744 obi-

217 2757 274 2777 tum
290 2752 374 2779 libros
385 2760 449 2779 suos
466 2753 627 2786 scripsisse;
646 2753 689 2780 hic
723 2757 812 2779 autem
840 2751 1001 2785 Apollonius

215 2786 339 2822 aliirmet,
368 2787 547 2822 quadraginta
575 2789 662 2819 annis,
685 2793 829 2821 antequam
857 2787 1000 2816 scriberet.

216 2821 385 2848 Montanum’
407 2823 577 2856 prophetiam
610 2830 687 2849 suam
712 2823 871 2849 imexisse:
898 2822 1001 2856 putavit

216 2856 348 2886 Eusebius
359 2856 529 2891 Apollonium
546 2865 680 2892 anonymo
695 2858 739 2884 illo
757 2858 891 2892 scriptore
907 2863 999 2884 recen-

1048 1599 1190 1634 τετοιχένειι
1202 1599 1257 1630 τοῖς
1276 1598 1359 1625 αὐτοῦ
1376 1598 1550 1631 ἀποστόλοις,
1575 1599 1621 1624 ἐπὶ
1644 1598 1748 1625 δώδεκα
1762 1598 1833 1624 έτεσι

1051 1646 1087 1680 μὴ
1102 1644 1269 1681 χωρισθῆναι
1293 1645 1342 1681 τῆς
1363 1645 1552 1681 Ἰερουσαλήμ..
1580 1645 1720 1681 Κέχρηται
1740 1645 1769 1671 δὲ
1787 1645 1834 1671 καὶ

1051 1691 1214 1728 μαρτυρίαις
1237 1692 1291 1718 ἀπὺ
1314 1692 1364 1726 τῆς
1393 1692 1516 1718 Ἰωάννου
1542 1691 1763 1726 Ἀποκαλὺψεωςο
1787 1691 1833 1718 καὶ

1045 1738 1140 1773 νεκρὸν
1153 1738 1181 1764 δὲ
1195 1738 1308 1773 δυνάμει
1330 1737 1389 1774 θεία
1415 1737 1481 1773 πρὸς
1506 1737 1587 1764 αὑτοῦ
1616 1737 1738 1764 Ἰωάννου
1759 1736 1787 1762 ὲν
1799 1737 1833 1771 τῇ

1053 1784 1158 1820 Ἐφέσῳ
1179 1783 1328 1820 ἐγηγέρϐαι
1346 1785 1455 1820 ἱστορεῖ.
1480 1784 1534 1810 Καὶ
1546 1783 1613 1810 ἄλλα
1627 1783 1688 1810 τινά
1699 1791 1782 1818 φησι,
1799 1782 1834 1809 δε

1047 1827 1084 1857 ὧν
1097 1830 1196 1861 ἱκανῶς
1214 1830 1264 1866 τῆς
1284 1829 1486 1865 προειρημένης
1507 1828 1639 1864 αἱρέσεως
1662 1827 1833 1864 πληρέστατα

1049 1874 1174 1910 διηύθυνε
1188 1873 1236 1910 τὴν
1249 1873 1364 1909 πλάνην.
1383 1873 1474 1900 Ταῦτα
1488 1874 1535 1899 καὶ
1548 1873 1562 1899 ὸ
1579 1871 1763 1904 Ἀπολλώνιος.

1051 1947 1144 1972 dorem
1155 1951 1225 1971 esse.
1243 1942 1271 1970 In
1298 1950 1352 1978 quo
1372 1948 1472 1975 tamen,
1503 1950 1563 1970 meo
1587 1941 1694 1978 quidem
1717 1940 1833 1978 judicio,

1051 1980 1128 2013 longe
1142 1979 1226 2006 falsus
1237 1983 1292 2008 est;
1307 1976 1406 2005 etenim
1421 1978 1590 2012 Apollonius,
1607 1976 1833 2013 Montanoadhuc

1052 2011 1197 2049 superstite
1223 2021 1284 2040 cum
1308 2014 1413 2040 insanis
1439 2011 1494 2040 suis
1522 2013 1628 2049 vatibus
1656 2011 1777 2049 Priscilla
1805 2015 1833 2037 et

1051 2046 1209 2080 Aiaxitnilla,
1225 2049 1323 2075 librutn
1340 2056 1418 2074 suum
1436 2048 1598 2082 composuit.
1619 2052 1647 2073 ut
1659 2054 1690 2073 ex
1704 2047 1745 2073 his
1759 2046 1833 2080 frag-

1048 2085 1148 2112 mentis
1170 2091 1230 2118 qua!
1252 2083 1356 2118 profert
1379 2083 1510 2110 Eusebius
1533 2083 1651 2113 elicitur,
1674 2082 1752 2118 idque
1780 2089 1833 2118 non

1046 2128 1099 2146 llllo
1114 2115 1191 2150 loco}
1204 2123 1233 2145 ut
1249 2115 1311 2145 cum
1323 2118 1405 2153 dixit:
1422 2118 1452 2143 'H
1468 2117 1601 2153 προφῆτις
1608 2118 1676 2153 ἡμῖν
1683 2115 1790 2153 εἰπάτω
1800 2115 1834 2153 τὲ

1046 2155 1116 2181 κατὰ
1139 2147 1321 2199 ’.ξλέξανδιρον1
1337 2150 1389 2179 τὸν¹
1406 2147 1517 2193 λέξοντα
1528 2147 1789 2199 ’έαυτὺῇμάρξιζρφ
1803 2147 1834 2199 Li}:

1047 2191 1227 2220 συνεστιᾶται,
1255 2186 1277 2224 ᾧ
1302 2188 1482 2224 προσκυνοῦσι
1510 2188 1557 2214 καὶ
1581 2187 1655 2222 αὑτῷ
1683 2186 1834 2224 πολλοίκζζι

1014 2226 1036 2253 Ι)
1052 2226 1133 2258 paulo
1147 2230 1207 2259 post
1225 2221 1269 2251 de'
1285 2221 1380 2250 eodem
1397 2225 1553 2259 Alexandro
1579 2221 1691 2259 loquens
1706 2222 1743 2259 ﬁt
1760 2229 1767 2246 :
1785 2221 1833 2259 Ὧν

1051 2256 1065 2287 ὁ
1079 2256 1223 2297 προφήτης
1237 2259 1349 2286 συνόντα
1360 2258 1467 2297 πολλοῖς
1483 2257 1570 2297 ἐτεσιν
1586 2256 1746 2297 ἀγνοῇ-ΕΚ
1774 2256 1834 2290 qui-

1052 2291 1107 2322 hus'
1122 2291 1212 2323 verbis
1235 2299 1349 2329 apparet
1368 2299 1396 2321 et
1418 2294 1600 2320 Alexandrum
1624 2298 1651 2319 ct
1678 2291 1832 2329 Montanum

1052 2331 1138 2363 ipsum
1154 2339 1186 2357 ac
1198 2326 1370 2356 Martiinillam
1385 2329 1474 2356 adhuc
1485 2329 1595 2361 vixisse,
1608 2335 1667 2354 cum
1690 2328 1745 2353 haec
1763 2326 1833 2353 scri-

1051 2367 1130 2393 beret
1144 2365 1311 2399 Apollonius.
1328 2364 1420 2398 Neque
1444 2371 1515 2399 vero
1524 2364 1561 2390 ait
1583 2363 1748 2399 Apollonius
1766 2368 1834 2394 qua-

1052 2396 1176 2434 draginta
1188 2407 1274 2427 annos
1293 2396 1429 2426 elliuxisse
1443 2399 1477 2434 ab
1492 2398 1566 2425 obitu
1585 2396 1749 2434 Montaniad
1766 2401 1834 2423 tem-

1053 2432 1171 2470 pus‘quo
1188 2435 1238 2462 ista
1252 2435 1399 2462 scribebat.
1415 2433 1470 2470 Sed
1489 2434 1514 2460 id
1536 2439 1639 2470 tanturn
1662 2432 1736 2470 dicit,
1765 2438 1834 2465 qua-

1052 2467 1175 2505 draginta
1193 2471 1272 2497 annis
1286 2475 1432 2502 antequam
1450 2469 1507 2505 ipse
1521 2469 1554 2505 ad
1568 2467 1740 2505 scribendum
1758 2474 1836 2505 acce-

1052 2502 1137 2538 εἰει-ἐι,
1147 2506 1305 2532 Montanum
1316 2503 1586 2538 pseudoprophetiani
1600 2511 1674 2529 suam
1688 2502 1834 2538 invexisse.

1052 2536 1186 2569 Ponamus
1201 2540 1293 2575 igitur,
1316 2536 1568 2575 Μοηιιιιιίιιηζιιιιηον
1586 2537 1680 2575 astatis
1696 2536 1835 2564 tricesimo

1052 2576 1171 2603 fabulam
1184 2571 1259 2602 suam
1283 2575 1434 2602 inchoasse.
1463 2573 1529 2600 Cum
1556 2571 1716 2606 Apollonius
1740 2576 1834 2598 contra

1051 2611 1110 2646 ejus
1121 2616 1224 2638 sectam
1235 2611 1378 2646 scriberet,
1393 2609 1435 2635 vix
1444 2609 1590 2646 hiontanus
1607 2607 1833 2646 septuagesimum

1052 2641 1151 2672 annum
1164 2651 1326 2673 excesserat.
1342 2644 1515 2671 Maximillam
1527 2647 1621 2669 autem
1634 2641 1661 2670 et
1683 2641 1834 2669 Priscillam

1055 2689 1109 2708 non
1125 2682 1218 2708 statim
1234 2681 1267 2707 ab
1281 2681 1340 2714 ipso
1354 2680 1395 2706 sui
1425 2678 1527 2705 erroris
1551 2678 1664 2705 exordio
1680 2676 1836 2714 _Monlanus

1052 2717 1164 2744 comites
1181 2716 1274 2742 habuit
1285 2712 1298 2747 ;’
1309 2715 1354 2742 sed
1368 2721 1414 2741 eas
1425 2714 1469 2740 diu
1491 2719 1584 2747 postea
1612 2712 1761 2747 prophetia).
1779 2718 1836 2738 sum

1052 2751 1155 2778 retibus
1168 2751 1333 2785 implicuisse
1344 2758 1377 2776 ac
1388 2750 1527 2785 decepisse
1544 2748 1607 2774 mihi
1629 2747 1744 2785 videtur.

1087 2787 1144 2820 (25)
1171 2781 1371 2820 Προςοητεύειν
1405 2781 1462 2817 ἤδη
1504 2781 1775 2820 προσποιουμένης.
1791 2781 1835 2820 _ln

1052 2817 1140 2848 tribus
1157 2817 1390 2857 codicibuslllaz"
1406 2820 1476 2846 Med.
1491 2817 1836 2857 et_Fult._scrip‘t_um‘habe-

1054 2862 1097 2884 tur
1107 2856 1285 2891 προφητεύειν
1297 2855 1328 2889 δὴ
1343 2854 1587 2889 προσποιουμένης,
1600 2853 1650 2881 levi
1667 2852 1834 2880 discrimine.
