1996 3165
168 197 219 225 ιδδ

675 197 849 226 HISTORIA!
867 198 1142 226 ECCLESIASTICAL
1163 198 1227 226 LlB.
1251 198 1282 227 ν.

1733 205 1786 233 όΒῧ

166 260 200 294 τῇ
224 257 380 294 Ἐκκλησία,
398 259 438 290 είς
459 259 507 294 τὴν
526 258 655 294 μεγίστην
680 259 807 286 ἀσέϐειαν
824 259 947 295 περιϐάλ-

1007 259 1134 294 pietatem
1152 267 1199 286 eos
1217 260 1366 293 conjiciunt
1384 262 1430 295 qui
1447 262 1499 290 illis
1514 264 1708 292 assentiuntur.
1724 265 1785 294 Hice

166 304 247 331 λοντα
262 305 325 334 τοὺς
344 303 519 339 πειθομένους
540 305 645 336 αὐτοῖς·
664 304 750 331 ταῦτα
774 305 808 331 τὰ
833 305 953 341 δόγματα

167 350 229 377 οὐδὲ
254 351 278 376 nl.
303 350 355 382 ἔξω
379 350 427 385 τῆς
460 350 621 385 Ἐκκλησίας
646 351 778 386 αἰρετικοὶ
803 351 953 387 ἐτόλμησαν

168 397 359 432 ἀποφήνασθαί
377 405 441 423 ποτε
453 405 459 411 ·
480 396 566 423 ταῦτα
584 396 618 424 τὰ
630 397 762 432 δόγματα,
774 398 798 424 οἱ
810 398 862 433 πρὸ
876 398 953 433 ἡμῶν

169 442 358 478 πρεσϐύτεροι,
375 443 400 468 oi.
415 443 460 469 καὶ
472 444 528 474 τοῖς
541 443 699 474 ἀποστόλοις
711 445 951 478 συμφοιτήσαντες,

168 488 199 514 οὐ
214 488 375 523 παρέδωκάν
391 497 440 514 σοι.
460 486 536 514 Εἶδον
552 487 606 523 γάρ
631 497 660 514 σε
677 490 742 520 παῖς
758 488 794 515 ὣν
815 488 855 515 ἔτι
871 490 900 516 ὲν
918 491 951 525 τῇ

168 533 244 559 κάτω
270 534 346 569 Ἀσίᾳ
368 533 445 569 παρὰ
467 533 505 568 τῷ
522 533 701 568 Πολυκάρπῳ,
719 533 852 569 λαμπρῶς
867 534 953 569 πράτ-

165 586 246 604 τοντα
268 579 295 604 ὲν
310 580 342 614 τῇ
361 578 484 614 βασιλικῇ
505 578 584 613 αὐλῇ,
603 579 649 605 καὶ
663 578 831 613 πειρώμενον
847 579 952 605 εὐδοκι-

170 624 229 658 μεῖν
243 624 307 660 παρ¹
323 624 405 659 αὐτῷ.
419 624 526 651 Μᾶλλον
542 624 596 660 γὰρ
612 624 646 650 τα
661 624 720 650 τότε
735 624 950 660 διαμνημονεύω,

167 670 222 696 τῶν
237 669 348 705 ἔναγχος
363 671 518 706 γινομένων.
538 671 569 696 ΑΞ
586 670 640 706 γὰρ
654 671 685 696 ὲκ
702 671 803 697 παίδων
821 671 952 706 μαθήσεις

165 714 345 748 συναύξουσαι
363 717 395 750 τῇ
416 715 498 750 ψυχῇ,
523 715 643 742 ὲνοῦνται
667 716 746 751 αὐτῇ,
765 715 835 742 ὥστε
855 725 887 751 με
905 716 950 742 δύ-

164 760 260 787 νασθαι
274 762 359 787 εἰπεῖν
375 761 422 788 καὶ
436 762 480 787 τὸν
493 762 573 788 τόπον
588 763 616 788 ἐν
632 759 654 796 ᾧ
670 762 850 797 καθεζόμενος
865 763 950 789 διελέ-

163 813 226 839 γετο
235 806 249 830 ό
261 805 393 841 μακάριος
402 805 586 841 Πολύκαρπος,
596 806 698 837 καὶτὰς
712 807 839 842 προόδους
847 806 900 841 (56)
907 807 951 833 αὺ-

162 850 209 877 τοῦ
221 851 266 876 καὶ
285 850 334 882 τὰς
347 851 473 882 εἰσόδους,
483 850 582 877 καὶτὸν
593 851 753 886 χαρακτῆρα
762 849 809 877 τοῦ
827 850 893 885 βίου,
904 851 950 876 καὶ

161 894 211 930 τὴν
227 894 273 920 τοῦ
290 893 414 929 σώματος
431 895 510 927 ἰδέαν,
528 895 574 921 καὶ
589 895 639 926 τὰς
648 895 777 928 διαλέξεις
790 895 823 927 ἃς
834 896 949 922 ἐποιεῖτο

1003 306 1129 339 dogmata
1148 313 1180 332 ne
1195 305 1244 339 ipsi
1259 305 1367 340 quidem
1395 307 1515 335 litcretici
1536 315 1613 336 extra
1635 311 1784 339 Ecclesium

1003 351 1083 386 positi
1099 351 1220 385 proferre
1238 359 1355 385 unquam
1374 353 1431 379 ausi
1449 358 1522 381 sunt.
1539 355 1601 383 llzec
1615 356 1737 391 dogmata
1757 358 1784 385 hi

1003 399 1048 430 qui
1065 402 1127 423 ante
1144 404 1194 424 nos
1214 397 1306 423 vixere
1321 398 1484 433 presbyteri,
1512 400 1557 433 qui
1577 401 1658 428 etiam
1674 408 1784 437 aposto-

1004 441 1089 467 lorum
1110 441 1234 476 discipuli
1252 442 1427 474 exstiteraut,
1443 451 1616 478 nequaquam
1635 446 1682 473 tibi
1700 448 1784 474 tradi-

1002 487 1111 514 derunt.
1127 486 1186 514 Vidi
1213 487 1284 515 enim
1299 492 1336 518 te.
1353 495 1414 514 cum
1440 489 1529 516 adhuc
1553 498 1619 524 puer
1640 498 1740 524 essem,
1757 493 1784 520 in

1002 532 1133 560 inferiore
1146 533 1210 559 Asia
1234 533 1304 567 apud
1327 532 1515 568 Polycarpum,
1534 535 1674 568 splendide
1700 546 1784 571 agen-

1004 584 1056 606 tem
1073 579 1098 606 in
1114 579 1224 613 palatio,
1239 585 1267 605 et
1283 587 1447 614 magnopere
1464 580 1631 608 laborantem
1651 587 1679 608 ut
1699 587 1723 609 te
1745 583 1784 610 illi

1002 624 1180 659 approbares.
1197 624 1305 652 Etenim
1334 632 1363 651 ea
1389 633 1450 660 qua:
1468 631 1531 653 tunc
1559 627 1688 661 temporis
1710 633 1784 663 gesta

1002 675 1073 703 sunt,
1093 670 1191 696 melius
1208 671 1339 697 memoria
1357 675 1436 698 tem-0
1460 679 1540 705 quam
1563 672 1607 699 illa
1625 681 1684 707 qua:
1702 682 1786 707 nuper

1002 716 1170 743 acciderunt.
1186 716 1291 751 Quippe
1307 724 1337 743 ea
1356 724 1414 751 qum
1432 718 1508 752 pueri
1523 717 1679 752 didicimus,
1703 719 1784 746 simul

1001 769 1063 788 cum
1081 761 1172 788 animo
1187 762 1246 795 ipso
1267 761 1436 794 coalescunt,
1463 763 1542 796 eique
1566 763 1673 796 penitus
1699 764 1784 791 inhae-

1001 812 1070 834 rent.
1091 807 1165 834 Adeo
1192 812 1221 834 ut
1246 812 1273 834 et
1299 807 1386 834 locum
1401 808 1493 842 ipsum
1518 808 1618 842 possim
1637 809 1739 842 dicere,
1757 811 1784 837 in

1000 860 1054 888 qtto
1083 853 1254 880 beatissimus
1281 853 1448 888 Polycarpus
1476 854 1574 881 sedens
1603 855 1782 889 disserebat;

1000 906 1144 933 processus
1161 907 1268 934 quoque
1283 900 1342 932 eius
1357 905 1384 926 et
1400 900 1548 934 ingressus,
1569 901 1685 934 vitzeque
1702 902 1785 929 totius

163 939 232 975 πρὸς
244 939 274 966 τὸ
292 939 401 975 πλῆθος,
416 941 463 967 καὶ
476 940 525 975 τὴν
541 939 612 966 κατὰ
631 939 752 966 Ἰωάννου
770 948 947 975 συναναστρο-

1000 945 1125 977 fortnam,
1151 951 1177 971 ct
1195 945 1318 979 corporis
1343 945 1480 979 speciem;
1505 953 1646 973 sermones
1667 947 1785 981 denique

164 986 216 1021 φὴν
231 986 269 1018 ὡς
290 985 453 1021 ἀπήγγελλε,
475 987 521 1013 καὶ
544 986 593 1021 τὴν
619 985 687 1021 μετὰ
708 985 760 1012 τῶν
777 985 947 1013 λοιπῶν.τῶν

163 1032 323 1067 ἑωρακότων
339 1032 385 1058 τὸν
401 1032 518 1068 Κύριον·
538 1032 584 1058 καὶ
604 1032 641 1064 ὼς
660 1032 866 1067 ἀπεμνημόνευε
886 1033 948 1065 τοὺς

162 1078 258 1112 λόγους
279 1078 378 1110 αὐτῶν,
399 1078 445 1105 καὶ
463 1079 525 1114 περὶ
540 1078 587 1105 τοῦ
604 1080 705 1115 Κυρίου
721 1079 781 1105 τίνα
801 1077 834 1114 ἦν
849 1079 866 1106 ἃ
883 1080 947 1114 παρ’

163 1124 274 1150 ἐκείνων
293 1124 416 1159 ἀκηκόει,
434 1124 479 1151 καὶ
499 1125 563 1160 περὶ
578 1124 630 1150 τῶν
643 1124 780 1160 δυνάμεων
796 1125 888 1156 αὐτοῦ,
902 1125 949 1151 καὶ

165 1171 228 1206 περὶ
246 1171 295 1206 τῆς
311 1171 492 1202 ἱεδασκαλίας,
509 1171 546 1203 ὡς
564 1171 638 1207 παρὰ
655 1171 794 1198 αὐτοπτῶν
812 1171 860 1206 τῆς
877 1170 949 1206 ζωῆς

163 1216 211 1243 τοῦ
235 1217 314 1251 λόγου
335 1217 509 1253 παρειληφὼς
534 1219 548 1244 ό
575 1217 767 1253 Πολύκαρπος,
795 1217 948 1253 ἀπήγγελλε

164 1263 252 1289 πάντα
277 1263 407 1298 σύμφωνα
424 1265 484 1295 ταῖς
508 1263 637 1299 Γραφαῖς.
655 1263 747 1290 Ταῦτα
763 1265 809 1290 καὶ
824 1264 884 1289 τότε
905 1263 949 1290 διὰ

164 1309 195 1335 τὸ
211 1309 283 1340 ἕλεος
306 1309 352 1335 τοῦ
375 1308 441 1335 Θεοῦ
467 1309 497 1335 τὸ
517 1310 559 1335 ἐπ’
582 1309 644 1344 ἐμοὶ
664 1309 776 1343 γεγονῦς
799 1308 950 1340 σπουδαίως

164 1355 271 1390 ἢκουον,
289 1355 395 1390 ὑπομνη
401 1354 576 1390 ματιξόμενος
588 1355 657 1382 αὐτὰ
671 1355 721 1381 οὐκ
735 1356 763 1381 ὲν
780 1354 877 1391 χάρτῃ,
893 1354 948 1380 ἀλλ’

165 1403 193 1428 ἐν
209 1403 242 1436 τῇ
264 1402 316 1437 ἐμῇ
339 1401 453 1437 καρδίᾳ·
470 1402 515 1428 καὶ
532 1402 574 1428 ἀεὶ
592 1401 636 1428 διὰ
655 1402 702 1437 τὴν
721 1402 799 1437 χάριν
814 1400 860 1427 τοῦ
881 1400 948 1427 Θεοῦ

165 1448 284 1484 γνησίως
302 1448 371 1474 αὐτὰ
386 1447 606 1483 ἀναμαρυκῶμαι
617 1457 623 1463 ·
640 1448 686 1474 καὶ
701 1448 817 1483 δύναμαι
833 1447 949 1483 διαμαρ-

164 1493 297 1529 τύρασθαι
323 1493 474 1528 ἔμπροσθεν
499 1493 545 1520 τοῦ
569 1493 647 1524 Θεοῦ,
672 1494 712 1520 ὅτι
735 1494 761 1520 εἴ
784 1503 809 1520 τι
830 1493 949 1519 τοιοῦτον

165 1539 277 1575 ἀκηκόει
290 1539 391 1571 ἐκεῖνος
405 1540 418 1566 ό
434 1539 567 1575 μακάριος
581 1539 627 1566 καὶ
639 1539 813 1571 ἀποστολικὸς
829 1538 949 1574 πρεσϐύ-

164 1593 252 1620 τερος,
271 1585 425 1619 ἀνακράξας
440 1585 472 1611 ἂν
490 1585 535 1611 καὶ
551 1584 690 1620 ἐμφράξας
706 1584 740 1611 τὰ
759 1581 815 1611 ὦτα
831 1584 885 1618 (57)
900 1585 949 1611 αὺρ

164 1632 222 1664 τοῦ,
234 1633 280 1658 καὶ
299 1631 369 1658 κατὰ
382 1631 412 1657 τὸ
427 1631 539 1666 σύνηθες
558 1631 654 1662 εἰπὼν,
674 1641 683 1656 ι
703 1629 737 1656 Ὦ
751 1631 817 1657 καλὲ
832 1630 891 1661 Θεὲ,
910 1631 949 1663 εἰς

164 1678 237 1710 οἴους
253 1686 286 1713 με
304 1678 416 1712 καιροὺς
432 1679 596 1713 τετήρηκας,
607 1678 650 1704 ἵνα
658 1678 758 1703 τούτων
775 1676 923 1711 ἀνέχωμαι·
936 1686 946 1702 ι

164 1723 295 1758 πεφεύγοι
309 1724 340 1750 ἂν
352 1724 397 1749 καὶ
409 1723 454 1750 τὸν
470 1724 550 1750 τόπον
566 1724 594 1749 ὲν
643 1722 821 1758 καθεζόμενος
836 1723 852 1758 ἢ
865 1722 950 1754 ἑστὼς

162 1770 218 1796 τῶν
231 1770 356 1796 τοιούτων
373 1770 484 1806 ἀκηκόει
505 1770 600 1803 λόγων.
619 1770 673 1796 Καὶ
688 1771 718 1796 ἐκ
732 1769 785 1796 τῶν
802 1768 948 1796 ἐπιστολῶν

163 1816 192 1842 δὲ
206 1816 289 1842 αὑτοῦ
301 1813 337 1842 ὧν
346 1816 574 1849 ὲπέστειλεν,ἦτοι
589 1817 647 1847 ταῖς
655 1815 824 1850 γειτνιώσαις
838 1814 949 1850 Ἐκκλη-

165 1863 236 1893 σίαις
249 1861 432 1898 ἐπιστηρίζων
445 1862 538 1894 αὑτὰς,
555 1863 571 1898 ἢ
585 1862 637 1888 τῶν
651 1862 772 1897 ἀδελφῶν
789 1870 842 1888 τισι
857 1861 948 1887 νουθε⁴

163 1907 218 1935 τῶν
235 1909 332 1940 αὐτοὺς
354 1909 398 1935 καὶ
416 1909 643 1945 προτρεπόμενος,
660 1909 770 1936 δύναται
788 1908 946 1944 φανερωθῆ-

163 1962 206 1980 ναι
231 1964 240 1980 ι
258 1955 349 1981 Ταῦτα
361 1955 375 1981 6
389 1955 539 1991 Εἰρηναῖος.

999 997 1064 1024 quos
1081 991 1113 1017 ad
1131 990 1257 1025 populum
1275 991 1413 1022 habebat;
1430 996 1455 1017 et
1473 990 1635 1018 familiarem
1662 998 1781 1018 consue-

1000 1036 1131 1067 tudinem,
1147 1044 1207 1070 qua:
1223 1036 1260 1062 illi
1276 1044 1337 1063 cum
1351 1035 1466 1068 Joanne,
1477 1042 1506 1062 ut
1524 1038 1662 1069 narrabat,
1678 1043 1705 1064 et
1722 1046 1782 1064 cum

999 1081 1111 1116 reliquis
1131 1084 1177 1116 qui
1191 1082 1333 1108 Dominum
1349 1082 1437 1117 ipsum
1457 1083 1599 1115 Vidissent,
1618 1083 1783 1111 intercesse-

1000 1133 1060 1154 rat:
1080 1134 1106 1155 ct
1123 1129 1241 1162 qualiter
1256 1128 1327 1154 dicta
1345 1129 1451 1155 illorum
1467 1129 1701 1155 cmnmemorabat
1724 1139 1731 1156 :
1753 1135 1781 1156 et

999 1181 1167 1208 quaecunque
1183 1174 1216 1200 de
1232 1174 1343 1200 Domino
1361 1174 1394 1200 ab
1412 1173 1507 1200 iisdem
1521 1174 1653 1201 audierat.
1678 1175 1714 1201 De
1729 1175 1781 1201 trti-

1000 1220 1100 1247 raculis
1117 1227 1223 1254 quoque
1250 1219 1321 1246 illius
1346 1227 1378 1246 ac
1402 1219 1435 1246 de
1450 1219 1584 1253 doctrina,
1605 1225 1684 1254 prout
1700 1221 1732 1247 ab
1748 1221 1782 1248 iis

999 1267 1046 1301 qui
1062 1265 1172 1292 verbum
1188 1266 1249 1292 vita:
1267 1265 1316 1299 ipsi
1334 1262 1533 1298 conspexerant
1548 1265 1713 1300 Polycarpus
1734 1274 1782 1293 ac-

1000 1317 1118 1347 ceperat,
1132 1312 1226 1338 e‘odem
1244 1318 1354 1344 prorsus
1381 1312 1459 1338 modo
1474 1311 1619 1343 referebat,
1640 1311 1666 1338 itt
1689 1312 1781 1338 omni-

1000 1358 1049 1384 bus
1067 1365 1126 1384 cum
1144 1356 1283 1391 Scriptura
1298 1364 1375 1384 saera
1391 1358 1574 1383 consentiens.
1590 1356 1651 1383 "me
1669 1365 1719 1391 ego
1736 1357 1779 1383 di-

1000 1404 1061 1430 vina
1089 1403 1153 1430 milii
1172 1403 1305 1437 largiente
1333 1403 1477 1430 clementia
1496 1408 1559 1430 tunc
1575 1404 1712 1430 studiOsus
1732 1412 1781 1430 ου-

1001 1449 1117 1480 diebam,
1146 1456 1198 1475 non
1229 1449 1255 1474 in
1278 1449 1372 1475 charta
1397 1450 1443 1476 sed
1466 1449 1492 1475 in
1508 1450 1597 1483 .corde
1613 1457 1671 1475 meo
1689 1450 1781 1476 audita

1000 1493 1159 1520 describens
1172 1501 1178 1519 :
1195 1493 1343 1527 eademque
1357 1500 1403 1527 per
1424 1493 1470 1519 Dei
1487 1494 1602 1527 gratiam
1617 1494 1725 1520 assidue
1738 1500 1782 1520 re-

1001 1544 1062 1574 peto
1074 1546 1105 1566 ac
1121 1539 1239 1566 revolvo.
1253 1538 1285 1565 Et
1300 1539 1324 1565 in
1341 1544 1488 1573 conspectu
1506 1539 1551 1566 Dei
1571 1538 1707 1566 allii-mare
1721 1546 1781 1573 pos-

1001 1591 1073 1616 sunt,
1089 1584 1196 1611 beatum
1209 1585 1283 1611 illum
1295 1590 1323 1612 et
1337 1584 1517 1619 apostolicum
1537 1584 1742 1620 presbyterum,
1757 1585 1781 1612 si

1000 1630 1064 1664 quid
1092 1630 1222 1664 ejusmodi
1242 1637 1361 1664 unquam
1386 1629 1533 1662 audiisset,
1564 1631 1780 1657 exclamaturum

999 1675 1138 1708 cautinuo,
1154 1681 1181 1703 et.
1196 1675 1329 1702 obturatis
1345 1675 1456 1703 auribus
1472 1676 1531 1703 suis
1546 1676 1684 1702 dicturtnn
1699 1675 1783 1703 fuisse

1000 1727 1078 1756 prout
1093 1722 1141 1756 ipsi
1163 1722 1245 1748 moris
1258 1728 1336 1749 erat:
1355 1731 1364 1747 ι
1379 1723 1447 1749 Deus
1459 1722 1605 1756 bone,quze
1622 1729 1664 1748 me
1675 1722 1700 1748 in
1716 1726 1782 1748 tem-

1000 1774 1066 1800 pora
1082 1766 1273 1798 reservasti,ut
1286 1767 1342 1794 bace
1357 1767 1519 1794 sustinerem
1532 1767 1538 1794 l
1552 1777 1561 1792 ι
1575 1767 1664 1801 Atque
1679 1775 1711 1794 ex
1723 1767 1782 1794 loco

1001 1813 1058 1847 ipso
1072 1811 1266 1846 aufugiturum,
1292 1812 1318 1838 in
1338 1804 1391 1846 ipto
1412 1819 1458 1839 seu
1481 1819 1568 1844 stans,
1595 1820 1642 1839 seu
1673 1813 1781 1844 sedens.

1001 1858 1131 1892 ejusmodi
1159 1865 1300 1885 sermones
1324 1859 1464 1886 audiisset.
1485 1858 1537 1885 Sed
1563 1863 1590 1885 et
1615 1866 1646 1885 ex
1662 1858 1783 1892 epistolis

1001 1905 1112 1932 illiusid
1133 1905 1234 1938 liquido
1257 1905 1429 1938 comprobari
1444 1909 1545 1938 potest,
1566 1912 1632 1938 quas
1651 1904 1696 1930 ille
1720 1912 1782 1938 par-

1001 1951 1048 1977 tim
1074 1950 1108 1977 ad
1131 1950 1235 1976 vicinas
1257 1949 1392 1977 Ecclesias
1410 1955 1438 1976 ut
1452 1957 1499 1976 eas
1515 1950 1703 1981 confirmaret,
1720 1955 1783 1983 par-

162 2002 211 2028 tim
227 2001 260 2028 ad
274 2002 403 2036 quosdatn
421 2009 451 2028 ex
472 2002 602 2029 fratribus
618 2002 701 2035 misit,
716 2001 864 2028 admonens
881 1999 940 2026 illos
956 2002 1036 2032 atque
1047 1996 1207 2024 exhortans.
1223 2004 1232 2021 ι
1244 1995 1379 2022 Hactenus
1393 1996 1518 2022 lretnrus.

409 2049 605 2076 ΚΕΦΑΛΑΙΟΝ
629 2048 692 2075 ΚΑ’.

186 2095 282 2128 Ὅπως
295 2095 345 2122 ἐπὶ
370 2095 483 2130 Ῥώμης
499 2095 707 2130 ἐμαρτύρησεν
731 2093 922 2125 Ἀπολλώνιος

394 2129 465 2166 (Nic.
482 2129 516 2156 ΙΙ.
531 2130 565 2157 Ε.
577 2139 614 2161 tv,
626 2131 682 2165 26).

197 2177 275 2203 Κατὰ
286 2177 314 2203 δὲ
330 2177 375 2203 τὸν
390 2177 470 2203 αὐτὴν
489 2176 539 2212 τῆς
553 2176 674 2211 Κομόδου
691 2175 827 2211 βασιλείας
841 2175 946 2210 χρόνον,

164 2221 348 2256 μεταϐέϐλητο
360 2222 407 2257 μὲν
422 2222 467 2248 ἐπὶ
480 2222 510 2247 τὺ
522 2222 608 2256 πρᾶον
623 2220 657 2247 τὰ
671 2220 730 2247 καθ’
744 2221 826 2256 ἡμᾶς,
836 2221 948 2256 εἰρήνης

1247 2041 1327 2076 139
1338 2040 1449 2068 CAPUT
1464 2041 1536 2070 xxi.

1003 2088 1141 2121 Quomodo
1154 2087 1309 2122 Apollonius
1330 2086 1421 2113 Roma:
1446 2087 1602 2121 martyrium
1623 2094 1716 2120 passus
1731 2091 1779 2113 ut.

1034 2177 1134 2203 Eodem
1153 2181 1285 2211 tempore,
1300 2175 1448 2202 Commodo
1462 2174 1605 2210 imperium
1628 2174 1778 2200 Romanum

998 2223 1148 2254 obtinente,
1163 2230 1206 2248 res
1222 2223 1328 2256 quidem
1345 2228 1444 2248 nostra:
1460 2222 1485 2248 in
1502 2220 1687 2254 trauquilliore
1709 2225 1779 2246 statu

163 2269 211 2294 σὺν
226 2268 286 2304 θείᾳ.
301 2269 391 2304 χάριτι
405 2268 454 2299 τὰς
469 2267 529 2294 καθ’
544 2267 607 2302 ὅλης
620 2267 669 2302 τῆς
683 2267 844 2302 οἰκουμένης
857 2266 947 2293 διαλα-

999 2269 1183 2299 versabantur,
1210 2275 1275 2302 pace
1296 2275 1343 2303 per
1368 2268 1414 2294 Dei
1439 2267 1552 2301 gratiam
1578 2271 1690 2292 cunctas
1703 2264 1778 2291 orbis

162 2312 262 2348 δούσης
294 2313 470 2348 Ἑκκλησίαςο
496 2313 540 2339 ὅτε
564 2313 635 2338 me
661 2313 790 2347 σωτήριος
813 2312 889 2346 λόγος
915 2311 947 2337 ἐκ

163 2359 263 2390 παντὸς
278 2360 372 2393 γένους
386 2359 546 2395 ἀνθρώπων,
562 2360 650 2385 πᾶσαν
665 2360 783 2394 ὑπήγετο
798 2359 885 2393 ψυχὴν
900 2358 946 2384 ἐπὶ

161 2403 211 2439 τὴν
225 2404 323 2439 εὐσεϐῆ
337 2404 384 2430 τοῦ
398 2404 451 2431 τῶν
465 2403 532 2430 ὅλων
549 2403 615 2429 Θεοῦ
629 2403 774 2439 θρησκείαν
784 2412 790 2418 ·
810 2403 880 2430 ὥστε
895 2403 943 2440 ἤδη

200 2460 257 2494 (56)
275 2459 330 2493 Τὰς
344 2459 502 2493 προόδους.
520 2459 565 2485 Sic
577 2459 639 2486 cod.
657 2458 736 2492 Reg.,
749 2459 828 2491 lilaz.,
852 2459 947 2488 Medic.

165 2501 192 2523 et
207 2496 318 2528 Niceph.
334 2495 371 2521 lta
394 2495 476 2521 etiatn
492 2493 558 2521 Fuit.
576 2501 608 2520 ac
623 2493 719 2525 Savil.,
738 2495 846 2521 codices
860 2500 950 2523 textus

164 2530 249 2566 vulg.)
265 2530 406 2566 παρόδους.

200 2565 258 2598 (57)
274 2562 328 2592 Κὰὶ
348 2565 502 2599 ἐμφράξας
516 2564 552 2590 τὰ
569 2562 637 2591 ὦτα.
652 2563 702 2591 Hic
720 2571 778 2599 nios
803 2569 862 2591 erat
875 2569 947 2591 vete-

165 2608 224 2627 ruut
241 2598 469 2631 Christianorum,
489 2605 516 2626 ut
531 2600 553 2626 si
572 2600 641 2626 forte
664 2599 690 2625 in
716 2598 842 2626 familiari
867 2599 948 2626 collo.

164 2635 228 2669 quio
242 2635 354 2669 impium
371 2635 488 2669 aliquem
502 2642 652 2661 sermonem
665 2638 692 2661 et
708 2641 724 2660 a
735 2634 794 2661 fidei
807 2633 947 2661 catholicae

166 2670 258 2705 regula
272 2670 478 2705 dissentientem
496 2670 655 2699 andiissent.
671 2670 795 2703 protinus
806 2669 941 2705 obturatis

165 2704 277 2731 auribus
288 2712 348 2732 sese
362 2705 387 2731 in
402 2704 489 2739 fugam
510 2705 616 2739 darent.
635 2705 691 2737 Qua
707 2705 740 2732 de
756 2712 785 2731 re
804 2704 880 2731 locus
896 2711 942 2730 ex-

166 2745 220 2766 stat
235 2740 348 2766 illustris
372 2740 396 2765 in
414 2739 461 2766 lib.
485 2747 502 2766 tt
526 2738 740 2773 Recagnitionum
760 2738 943 2766 Pseudo-Cle-

165 2776 274 2804 mentis.
291 2775 336 2801 ubi
352 2775 446 2801 Simon
459 2773 489 2800 B.
507 2773 585 2801 Petro
597 2775 632 2800 ait
650 2783 656 2800 :
672 2773 704 2800 Si
716 2775 806 2800 dixero
817 2774 886 2809 quod
897 2783 941 2801 ne-

163 2817 213 2843 que
231 2810 277 2836 tibi
293 2817 445 2840 consonum,
464 2817 510 2836 nec
527 2809 601 2842 vulgo
624 2810 683 2835 huic
702 2809 820 2844 imperito
843 2815 940 2835 rectum

164 2846 276 2875 ridetur,
293 2849 320 2870 tn
332 2845 436 2880 quidem
453 2845 526 2878 quasi
542 2844 744 2880 obstupefactus,
760 2852 836 2870 aures
856 2845 941 2870 couti—

165 2887 216 2905 nuo
230 2880 379 2911 occ/uilem,
398 2879 463 2906 velut
479 2887 510 2905 ne
528 2879 687 2913 blasphemia
701 2879 864 2913 polluantur,
883 2887 940 2906 ver-

164 2915 224 2941 teris
239 2915 264 2942 in
277 2915 378 2950 fugam.
391 2914 444 2942 Sed
461 2919 488 2941 et
501 2913 617 2941 lrenxus
633 2914 658 2940 iu
675 2914 722 2942 lib.
739 2922 768 2941 nt
781 2913 877 2941 Contra
887 2914 937 2941 hte-

998 2319 1131 2342 terrarum
1143 2313 1279 2341 Ecclesias
1294 2313 1445 2348 complexa.
1465 2313 1552 2345 Atque
1575 2310 1681 2337 interim
1705 2311 1778 2337 saltt-

998 2360 1064 2386 taris
1079 2359 1126 2387 Dei
1142 2367 1231 2386 sermo
1247 2367 1279 2385 ex
1294 2359 1366 2385 outni
1390 2365 1487 2393 genere
1513 2356 1652 2384 hominum
1679 2363 1776 2389 qnam-

997 2405 1128 2440 piurintos
1152 2406 1186 2432 ad
1208 2405 1363 2440 religiosum
1392 2403 1490 2431 summi
1522 2401 1647 2429 Numinis
1674 2401 1776 2427 cultum

1002 2469 1082 2492 reses,
1095 2461 1180 2494 capite
1196 2466 1303 2494 quarto,
1321 2460 1443 2486 cuntdem
1467 2466 1566 2486 morem
1593 2457 1712 2485 declarat
1735 2457 1775 2484 his

1001 2497 1091 2521 verbis
1110 2504 1116 2522 :
1133 2493 1232 2527 Quibus
1259 2497 1281 2521 si
1299 2495 1393 2529 aliquis
1410 2494 1603 2521 annuntiaverit
1630 2501 1659 2519 ea
1675 2500 1733 2527 qua:
1745 2493 1775 2518 ab

1000 2530 1130 2556 luci-elicis
1153 2530 1290 2556 adiumenta
1316 2535 1387 2559 aunt,
1409 2529 1514 2561 proprio
1539 2535 1655 2554 sermone
1687 2535 1777 2553 eorum

1000 2565 1161 2599 colloquens,
1182 2565 1268 2590 statim
1282 2565 1463 2590 roncludemex
1472 2571 1559 2594 aures,
1578 2563 1654 2599 longo
1675 2561 1775 2599 longius

1000 2597 1111 2634 fugient,
1137 2608 1168 2626 ne
1192 2599 1285 2625 audire
1308 2599 1412 2633 quidem
1431 2597 1776 2634 sustinentesblasphemum

1000 2631 1167 2667 rolloquium.
1182 2631 1489 2660 l‘rartcreaAtbanasius
1505 2633 1530 2658 in
1549 2631 1668 2667 Epistola
1682 2633 1715 2667 ad
1732 2640 1776 2667 Io-

994 2666 1094 2695 litnrios
1109 2678 1115 2696 :
1133 2670 1164 2694 Ὢ
1178 2668 1218 2700 τίς
1231 2668 1348 2710 ἀκούσας
1359 2668 1389 2711 02
1405 2666 1644 2711 Suxpdome,’rd7a
1661 2666 1708 2708 καὶ
1718 2666 1777 2711 ’τὴν

994 2705 1079 2740 ἀκοὴν
1095 2705 1235 2736 κλείσειεν,
1265 2704 1308 2730 ἵνα
1329 2703 1396 2738 μηδὲ
1413 2701 1512 2740 »ἑτέρου
1539 2702 1662 2740 λέγοντος
1680 2701 1777 2740 ἀνέχη-

994 2748 1038 2766 ται
1080 2740 1257 2774 Hieronymus
1275 2736 1390 2774 denique
1408 2738 1438 2774 in
1464 2736 1511 2766 lib.
1531 2745 1539 2765 ι
1556 2738 1684 2774 Adversus
1700 2736 1773 2774 lin/t-

995 2771 1060 2800 rium
1075 2783 1083 2800 :
1099 2771 1187 2801 Lectis
1197 2782 1283 2808 nuper
1297 2771 1433 2806 Theophili
1448 2781 1521 2806 ponte
1535 2771 1661 2806 epistolis,
1675 2772 1701 2797 in
1717 2772 1777 2806 qui-

995 2810 1041 2835 bus
1055 2808 1174 2844 Origenia
1185 2809 1288 2843 exponit
1306 2816 1418 2839 errores,
1434 2808 1531 2844 dicitur
1547 2808 1680 2834 abiurasse
1700 2815 1775 2844 eum

993 2852 1066 2874 suas.
1088 2843 1111 2870 et
1133 2850 1265 2871 auctorem
1285 2843 1352 2871 tanti
1367 2845 1430 2870 ntali
1454 2843 1526 2870 clara
1549 2849 1637 2870 coram
1659 2843 1776 2868 ottmibus

995 2887 1054 2906 race
1068 2880 1126 2906 dum
1131 2887 1216 2907 nasse.
