1996 3165
164 183 216 213 £97

674 181 845 210 HISTORIE
865 181 1139 209 ECCLESIASTICAE
1159 179 1222 208 LIB.
1242 179 1276 208 V.

1726 182 1776 210 498

164 243 208 271 καὶ
228 243 317 269 πᾶσαν
333 242 413 276 ἁγίαν
435 241 544 277 Γραφὴν
562 241 735 277 διεληλυθὼς,
757 242 787 268 οὺ
812 241 936 277 πτύρομα

999 241 1088 268 tribus
1104 245 1160 267 toto
1175 239 1240 266 orbe
1253 238 1382 273 dispersis
1396 245 1535 266 sermones
1559 244 1629 274 saepe
1653 241 1752 266 contuli
1767 259 1774 271 ,

164 291 206 316 ἐπὶ
220 290 275 320 τοῖς
291 287 566 322 καταπλησσομὲνοις.
583 287 614 313 0t
627 286 680 322 γὰρ
691 286 758 322 ἐμοῦ
775 287 894 322 μείζονες
908 288 945 313 ει-

166 337 263 370 ρὴκαςι
274 342 280 347 ·
297 343 306 359 ί
320 333 480 369 Πειθαρχεῖν
488 332 528 359 δεῖ
540 332 599 368 Θεῷ
614 332 713 368 μᾶλλον
729 331 914 368 ἧάνθρώποις.
934 343 942 358 ι

164 381 274 412 Τούτοις
287 379 410 415 ἐπιφέρει
426 380 490 414 περὶ
505 378 613 405 πάντων
625 379 737 414 γράφων
751 378 804 404 τῶν
822 387 945 414 συμπαρ-

164 426 246 452 όντων
274 425 349 460 αὑτῷ
377 425 424 451 καὶ
446 423 644 459 ὁμοδοξούντων
670 423 835 454 ἐπισκόπων,
861 423 945 449 ταῦτα

163 471 263 506 λέγων·
287 481 296 497 ‹
319 471 469 506 Ἐδυνάμην
497 470 524 496 δὲ
551 469 604 497 τῶν
628 470 785 496 ἐπισκόπων
805 468 859 495 τῶν
879 477 945 504 συμ-

164 518 304 554 παρόντων
317 516 510 552 μνημονεῦσαι,
520 515 565 547 οὒς
573 516 650 550 ὑμεῖς
661 513 794 549 ἠξιώσατε
813 514 946 550 μετακλη-

163 564 242 600 θῆναι
271 564 316 590 ὑπ’
343 563 409 598 ἐμοῦ
427 562 492 597 (69),
518 562 564 588 καὶ
590 561 823 596 μετεκαλεσάμην*
850 558 886 587 ὧν
912 560 945 587 τὰ

163 609 282 644 ὀνόματα
295 609 342 636 ἐὰν
356 608 468 644 γράφω,
484 607 568 633 πολλὰ
583 607 672 642 πλήθη
687 606 764 632 εἰσιν.
788 606 819 632 0t
833 606 861 632 δὲ
878 606 945 632 ἰδόν-

161 663 208 686 τες
233 655 278 681 τδν
305 655 401 690 μικρόν
429 661 478 688 μου
508 652 660 687 ἄνθρωπον,
685 651 886 687 συνηυδόκηπαν
912 652 944 686 τῇ

162 700 302 735 ἐπιστολῇ,
320 699 418 730 εἰδότες
433 699 473 724 ὅτι
493 698 552 734 εἱκῆ
569 697 664 728 πολιὰς
687 697 736 723 οὐκ
753 697 864 731 ἤνεγκα,
879 695 945 722 ἀλλὰ

161 749 190 774 ἐν
207 746 300 781 Κυρίῳ
320 745 405 780 Ἰησοῦ
421 745 535 771 πάντοτε
548 743 752 778 πεπολίτευμαι.
773 752 782 768 ›
809 743 869 769 Ἐπὶ
884 742 945 769 τού-

159 801 216 825 τοις
229 794 242 820 ὁ
261 793 310 827 μὲν
326 792 374 827 τῆς
395 791 538 826 Ῥωμαίων
553 789 692 825 προεστὼς
707 789 822 824 Βίκτωρ,
841 788 945 824 ἀθρόως

159 840 208 874 τῆς
225 838 316 869 Ἀσίας
329 837 417 872 πάσης
433 836 490 871 ἅμα
503 837 562 867 ταῖς
577 835 686 871 ὁμόροις
707 835 877 870 Ἐκκλησίαις
897 834 945 865 τὰς

160 883 303 920 παροικίας
315 882 487 917 ἀποτέμνειν.
501 881 538 913 ὡς
553 879 771 916 ὲτεροδοξούσας,
792 880 840 915 τῆς
854 880 944 914 κοινῆς

158 929 282 961 ἑνώσεως
294 929 432 964 πειρᾶται,
446 928 493 954 καὶ
520 926 670 962 στηλιτεύει
685 926 740 961 (70)
753 934 784 959 γε
799 925 842 952 διὰ
854 934 942 961 γραμ-
960 919 978 946 Β

159 976 262 1011 μάτων,
278 975 471 1010 ἀχοινωνήτους
484 973 567 1009 ἄρδην
579 972 680 1004 πάντας
696 973 757 1003 τοὺς
769 972 856 998 ἐκεῖσε
875 973 940 998 ἀνει-

158 1020 300 1054 κηρύττων
322 1017 462 1052 ἀδελφούς.
487 1017 554 1044 Ἀλλ’
575 1017 605 1043 οὺ
627 1017 693 1043 πᾶσι
709 1025 740 1050 γε
757 1018 812 1048 τοῖς
829 1016 940 1042 ἐπισκό-

157 1071 219 1095 ποις
248 1063 324 1090 ταῦτ’
356 1062 497 1098 ἠρέσκετο.
540 1060 842 1096 Ἀντιπαρακελεύονται
873 1060 941 1095 δῆτα

157 1109 243 1144 αὐτῷ,
266 1109 300 1136 τὰ
319 1109 368 1144 τῆς
386 1109 497 1144 εἰρήνης
518 1107 564 1134 καὶ
582 1107 631 1141 τῆς
649 1107 716 1142 πρὸς
741 1107 804 1138 τοὺς
828 1106 940 1142 πλησίον

156 1154 279 1186 ἑνώσεως
304 1154 351 1180 καὶ
375 1153 484 1189 ἀγάπης
507 1154 624 1188 φρονεῖν.
641 1152 768 1188 Φέρονται
791 1152 818 1178 δὲ
841 1152 887 1178 καὶ
912 1153 939 1178 αἱ

155 1199 259 1226 τούτων
282 1199 379 1232 φωναὶ,
409 1196 630 1234 πληκτικώτερον
656 1197 867 1232 καθαπτομένων
892 1197 939 1224 τοῦ

155 1245 294 1280 Βίκτορος.
323 1245 366 1271 Ἐν
380 1241 421 1276 οἷς
437 1243 485 1271 καὶ
504 1245 518 1270 ὁ
536 1244 678 1279 Εἰρηναῖος
698 1244 729 1270 ὲκ
747 1242 890 1278 προσώπου
902 1239 939 1268 ὦν

155 1291 248 1326 ἡγεῖτο
263 1290 318 1326 (7|)
339 1289 410 1316 κατὰ
425 1289 474 1325 τὴν
494 1289 608 1316 Γαλλίαν
629 1289 750 1324 ἀδελφῶν
773 1289 938 1321 ἐπιστείλας.

190 1337 213 1353 ³⁷
228 1337 290 1366 Act.
307 1345 334 1365 ν.

155 1398 286 1425 teriorem
298 1397 442 1424 lectionem
457 1397 524 1424 Rob.
541 1396 677 1431 Stepltano
693 1395 826 1431 placuisse
839 1397 934 1425 miror.

155 1434 236 1461 Certe
250 1432 363 1468 Ruﬁnus
374 1432 456 1468 ἧρνυε
479 1432 552 1467 legit,
571 1437 603 1468 ut
618 1439 650 1458 ex
672 1432 798 1468 versione
813 1432 871 1466 ejus
885 1440 934 1467 ap-

155 1473 241 1503 paret.
257 1467 304 1494 Sic
323 1467 393 1494 enim
417 1467 507 1497 vertit,
532 1467 577 1501 qui
598 1475 686 1503 omnes
708 1467 745 1493 ita
765 1468 935 1494 observarunt

154 1501 222 1530 hunc
245 1503 326 1533 diem,
347 1506 375 1528 ut
396 1503 543 1529 conveniret
563 1510 620 1528 rum
642 1501 688 1529 illo
707 1509 758 1536 quo
779 1502 934 1536 fertttentum

154 1539 309 1565 Judworum
322 1537 435 1572 populus
451 1537 549 1571 aufert.
565 1537 692 1564 Facessat
713 1537 793 1572 igitur
807 1537 934 1572 deinceps
949 1563 967 1572 η

154 1572 311 1600 emendatio
322 1565 428 1604 eorum,
452 1565 499 1606 qui
519 1572 602 1608 ἤρτυε
623 1572 656 1598 τὰ
676 1565 767 1607 ᾶζυῖαα
789 1573 832 1599 hic
855 1565 933 1600 resii—
948 1565 967 1590 ε

156 1612 242 1634 11111111.

188 1643 244 1677 (69)
274 1641 331 1674 οὓς
350 1641 434 1677 ὑμεῖς
462 1641 609 1677 ἠξιώσατε
633 1642 855 1676 μετακληθῆναι
884 1643 935 1670 ὑπ’

153 1676 238 1712 eam).
258 1677 413 1713 Scripserat
430 1677 514 1713 igitur
531 1676 621 1704 Victor
634 1685 702 1711 papa
719 1679 751 1704 ad
766 1677 933 1713 Polycratem

155 1713 296 1746 Ephesinze
309 1712 381 1739 urbis
396 1712 560 1747 episcopum,
578 1716 616 1744 ut,
631 1719 778 1739 convocato
793 1712 934 1745 episcopo-

154 1755 212 1774 rttm
227 1747 300 1774 Asiae
309 1746 432 1779 concilio,
451 1747 555 1774 litteras
578 1755 640 1774 suas
655 1752 681 1773 et
698 1748 859 1774 sententiam
878 1747 933 1774 Ro-

154 1782 225 1809 tnani
250 1781 355 1809 concilii
370 1782 402 1808 de
424 1782 606 1809 celebratione
631 1781 690 1808 festi
716 1783 850 1817 paschalis
869 1783 935 1817 ipsis

155 1818 285 1844 recitaret
303 1824 309 1843 :
331 1817 449 1844 minatus
472 1824 531 1844 sese
553 1817 624 1843 illum
639 1824 653 1843 a
670 1818 857 1844 communione
880 1818 934 1844 lto-

155 1860 239 1879 tnana:
271 1851 396 1879 Ecclesia:
425 1857 639 1887 segregaturum,
669 1852 720 1887 nisi
750 1853 865 1879 decretis
879 1853 934 1880 suis

154 1887 366 1920 obtemperaret,
393 1891 419 1913 et
448 1887 528 1914 minis
554 1887 661 1919 qttidcm
692 1886 806 1914 Victoris
829 1888 864 1913 ita
888 1895 933 1914 re—

154 1922 268 1954 spondet
279 1921 434 1956 Polycrates
444 1922 493 1949 :0'3
505 1921 641 1957 πτύρομαι
655 1922 699 1948 ἐπὶ
707 1923 762 1953 τοῖς
780 1922 934 1957 καταπλησ-

155 1956 291 1992 σομένοις.
309 1958 440 1992 Caeterum
467 1957 538 1990 quod
551 1956 647 1992 attinet
665 1958 696 1983 ad
713 1956 932 1984 convocattoneut

153 1993 357 2025 episcoporum,
371 1991 527 2026 Polycrates
550 1991 649 2019 Victori
670 1992 876 2027 obtemperavit,
905 1997 934 2019 ttt

153 2034 185 2053 ex
200 2027 250 2053 Itoc
265 2026 324 2053 loco
338 2032 459 2060 apparet.

188 2061 243 2097 (70)
274 2061 329 2097 Kal
357 2061 534 2095 στηλιτεύει.
571 2061 676 2094 Langus
712 2062 819 2096 quidem
855 2065 934 2091 rertit

155 2101 236 2124 uolat.
274 2096 410 2123 Musculus
441 2104 506 2123 vero
530 2101 555 2122 et
582 2097 842 2131 Christopltorsmtus
873 2107 934 2126 ver-

155 2136 242 2158 terunt
270 2131 408 2163 inve/titur,
438 2131 634 2167 quiarscilicet
665 2132 864 2167 στηλιτευτικὸς
889 2134 934 2161 λὸ-

171 2174 199 2198 ος
223 2167 353 2193 invectiva
368 2167 451 2193 oratio
469 2166 577 2193 dicitttr.
601 2166 732 2193 Cmterttin
751 2175 810 2194 cum
826 2170 882 2196 bazc
899 2171 933 2196 ab

154 2201 270 2228 Eusebio
295 2201 436 2228 obscurius
455 2207 564 2228 narrata
588 2202 651 2232 sint,
675 2202 750 2228 nmlti
776 2203 934 2230 dubitarunt

154 2242 242 2263 utrum
271 2235 363 2276 Victor
381 2244 461 2276 papa.
476 2236 610 2263 Ecclesias
625 2237 694 2278 Asia!
718 2245 732 2262 a
745 2240 933 2266 communione
951 2251 972 2278 υ

154 2279 201 2298 sua
217 2278 314 2298 revera
328 2271 486 2305 sejunxerit,
513 2279 547 2297 an
569 2279 630 2297 vero
652 2272 677 2298 id
693 2277 793 2298 tantum
819 2280 932 2300 conatus

154 2311 233 2340 atque
249 2306 441 2333 interminatus
454 2306 498 2333 sit.
519 2307 596 2339 Quod
623 2307 655 2333 ad
681 2314 723 2333 me
749 2307 854 2339 attinet,
882 2309 932 2336 ltoc

153 2346 318 2374 postremum
346 2342 435 2368 verius
460 2346 532 2375 puto.
562 2341 665 2368 Etenim
683 2342 812 2369 Eusebius
833 2344 932 2370 diSertc

154 2376 218 2402 dicit
230 2375 395 2410 ἀποτέμνειν
411 2376 548 2411 πειρᾶται.
562 2375 663 2411 Deinde
676 2377 933 2410 epistolatlrenatiet

154 2411 266 2437 aliorum
293 2410 479 2445 episcoporum
502 2412 534 2438 ad
565 2410 699 2438 Victorem
722 2413 839 2447 scriptre,
867 2416 932 2440 satis

154 2451 270 2479 arguunt
288 2454 345 2472 rem
364 2447 451 2473 adhuc
469 2447 494 2472 itt
520 2446 645 2480 pendenti
666 2447 758 2480 fuisse,
780 2446 838 2475 inec
854 2449 931 2475 dant—

154 2481 270 2507 nationis
283 2482 442 2507 sententiam
460 2481 599 2508 etiamtum
617 2489 631 2508 a
646 2481 754 2508 Victore
777 2483 802 2508 itt
820 2484 931 2510 Asianos

155 2515 235 2542 fuisse
248 2516 391 2550 prolatam.
407 2516 451 2543 Sic
463 2517 533 2543 enim
545 2517 638 2543 scribit
654 2517 784 2543 Eusebius
796 2519 828 2544 de
841 2519 930 2545 Ircnttri

153 2549 255 2588 litteris?
267 2552 299 2588 ad
316 2550 449 2588 Victorem
463 2559 470 2577 :
546 2552 646 2588 Tsp-‘riv
661 2551 768 2588 Βξκτορι
784 2554 933 2588 προσηκόν-

152 2593 204 2622 fit);
216 2585 254 2617 ὡς
269 2586 307 2621 μὴ
321 2585 469 2622 ἀποκόπξτοι
483 2585 546 2618 ὅλοις
562 2585 721 2622 Ἑάςκλησίας
733 2585 811 2619 Θεοῦξ
822 2585 932 2614 πλέῖστα

152 2619 232 2654 ἔτερα
263 2619 399 2655 stupuit/si.
426 2621 547 2649 Nondum
573 2630 637 2656 ergo
655 2619 796 2650 'Ecclesias
821 2625 892 2650 Asia)
917 2632 931 2650 a

152 2657 341 2682 communione
364 2656 454 2682 Victor
479 2657 641 2688 absciderat,
663 2665 723 2683 cum
750 2659 798 2684 bas
829 2659 932 2685 litteras

152 2690 281 2728 scriberet
295 2689 420 2728 lrenmus,
439 2693 654 2726 quandoquidem
671 2691 804 2728 Vit-torem
816 2693 933 2720 lrcntetts

152 2724 193 2750 his
227 2725 327 2752 litteris
348 2724 485 2758 admonet,
516 2724 635 2754 ne'illas
660 2726 694 2753 ob
720 2729 817 2755 γοωδιί
851 2731 932 2755 moris

151 2760 351 2798 observantiam
374 2768 389 2787 τι
416 2762 496 2791 totius
512 2761 638 2788 Ecclesia:
661 2770 773 2796 corpore
793 2763 932 2798 sejungerc

152 2794 224 2831 velit.
252 2795 378 2822 Socrates
409 2801 496 2822 tamen
526 2798 551 2823 in
571 2797 639 2823 libro
652 2804 677 2828 ν,
700 2794 748 2831 cap
765 2794 930 2830 ‘22,]juseltii

152 2830 232 2870 verba
256 2830 294 2856 ita
317 2831 432 2864 accepit,
450 2832 524 2870 quasi
542 2831 631 2870 Victor
646 2830 759 2859 Asianos
774 2841 797 2870 5r
814 2841 933 2870 comunt-

152 2867 230 2903 Ithlle
243 2872 294 2903 sua
311 2867 491 2903 separarent.
506 2867 593 2901 Atque
611 2867 646 2892 ita
663 2873 756 2894 auctor
768 2867 839 2894 Libri
852 2877 931 2902 syno-

151 2899 212 2930 dtci,
230 2899 308 2933 cujus
324 2905 412 2927 tamen
434 2899 612 2928 testimonium
633 2903 708 2936 parvi
725 2903 805 2930 iacio.
834 2899 933 2931 Obser-

997 288 1041 322 qui
1055 287 1224 322 Scripturam
1240 292 1345 312 sacram
1359 293 1469 313 omnem
1484 285 1598 320 perlegi,
1623 285 1693 312 nihil
1718 293 1776 312 mo-

997 341 1060 359 veor
1073 334 1105 360 iis
1120 340 1180 367 qua:
1193 332 1271 359 nobis
1284 332 1316 358 ad
1335 331 1506 358 formidinem
1522 332 1697 358 intentantur.
1730 331 1775 357 Et—

995 381 1065 406 enim
1075 379 1168 406 abillis
1177 379 1222 413 qui
1236 385 1278 404 tne
1290 377 1368 412 longe
1381 377 1495 411 majores
1506 381 1583 404 erant
1591 377 1689 404 dictum
1699 377 1773 404 scio:

998 435 1007 450 ‹
1028 426 1142 453 Obedire
1158 428 1263 459 oportet
1275 423 1328 451 Deo
1342 423 1427 458 magis
1443 430 1524 457 quam
1540 422 1693 449 hominibus
1708 421 1740 449 ".
1761 431 1771 447 ι

995 470 1059 498 Post
1075 471 1133 498 haec
1153 471 1186 498 de
1212 470 1347 505 episcopis
1361 469 1407 504 qui
1423 468 1503 495 simul
1521 468 1632 495 aderant
1643 476 1704 495 eum
1717 468 1774 495 haec

995 517 1137 549 scriberet,
1151 521 1178 543 et
1195 517 1289 543 eadem
1300 523 1362 542 cum
1377 515 1434 549 ipso
1451 514 1619 545 sentiebant,
1635 513 1775 548 sicloqui-

996 568 1058 589 tnr:
1074 571 1083 587 α
1104 561 1211 588 Possem
1225 561 1305 588 etiam
1317 560 1504 595 episcoporum
1519 559 1563 594 qui
1578 565 1684 586 mecum
1699 563 1772 590 sunt,

997 608 1085 634 facere
1105 607 1280 639 mentionem,
1304 613 1371 640 quos
1391 606 1508 641 petiistis
1522 609 1552 632 ut
1573 611 1751 632 convocarem
1766 624 1774 635 ,

995 654 1064 679 sicut
1077 659 1104 679 et
1119 653 1180 680 feci.
1194 651 1314 685 Quorum
1332 652 1442 678 nomina
1459 652 1483 679 si
1498 650 1665 684 ascripsero,
1681 649 1774 684 ingens

995 706 1123 726 numerus
1147 697 1294 724 videbitur.
1311 697 1343 724 Hi
1357 705 1417 724 cum
1438 705 1481 725 me
1497 696 1623 731 pusillum
1638 695 1775 722 hominem

996 744 1158 775 invisissent,
1173 742 1314 777 epistolam
1333 746 1454 770 nostram
1468 749 1579 770 assensu
1591 748 1640 768 suo
1651 747 1776 774 compro-

995 791 1103 822 barunt,
1121 788 1196 823 gnari
1218 796 1260 815 me
1279 796 1359 815 canos
1387 788 1452 815 istos
1471 795 1523 815 non
1541 787 1640 814 frustra
1656 792 1774 821 gestare,

994 836 1040 862 sed
1054 835 1138 862 vitam
1154 843 1186 862 ex
1215 834 1358 869 prmceptis
1387 834 1571 868 institutisque
1591 833 1655 861 Jesu
1674 832 1775 860 Christi

994 889 1100 916 semper
1113 882 1209 916 egisse.
1235 891 1245 907 ι
1263 881 1310 908 liis
1328 881 1363 908 ita
1378 881 1470 916 gestis,
1487 880 1578 908 Victor
1593 879 1701 914 quidem
1720 879 1774 906 lto-

996 935 1080 954 mante
1090 928 1166 954 urbis
1179 928 1320 962 episcopus
1335 927 1407 955 illico
1418 934 1512 954 omnes
1524 927 1595 953 Asiae
1608 926 1772 952 vicinarum-

994 981 1046 1008 que
1059 974 1260 1008 provinciarum
1281 973 1415 1001 Ecclcsias
1438 978 1564 1008 tanquam
1582 973 1718 999 contraria
1733 979 1776 999 re-

995 1025 1044 1047 ctae
1059 1020 1120 1047 ﬁdei
1137 1021 1296 1052 sentientes,
1314 1028 1328 1047 a
1351 1019 1542 1047 communione
1556 1018 1716 1046 abscindere
1729 1025 1775 1045 co-

994 1070 1090 1098 natur;
1120 1066 1241 1101 datisque
1264 1066 1361 1093 litteris
1385 1066 1526 1092 universos
1550 1065 1594 1099 qui
1626 1064 1680 1091 illic
1696 1067 1776 1090 erant

993 1110 1091 1138 fratres
1107 1111 1264 1146 proscribit,
1281 1116 1307 1138 et
1334 1112 1368 1138 ab
1396 1111 1498 1138 unitate
1514 1110 1640 1137 Ecclesim
1663 1116 1775 1144 prorsus

993 1156 1096 1184 alienos
1115 1164 1176 1184 esse
1193 1157 1359 1191 pronuntiat.
1379 1157 1477 1183 Verum
1495 1156 1552 1183 haec
1582 1164 1634 1182 tton
1649 1155 1775 1183 omnibus

993 1202 1137 1236 placebant
1160 1203 1303 1237 episcopis.
1328 1201 1445 1229 Proinde
1461 1201 1598 1230 Victorem
1614 1209 1645 1228 ex
1661 1201 1774 1228 adverso

993 1246 1093 1273 hortati
1109 1251 1181 1279 sunt,
1198 1251 1226 1273 ιη
1246 1254 1277 1273 ea
1307 1247 1395 1282 potius
1416 1247 1518 1274 sentire
1535 1246 1616 1273 vellet
1631 1253 1689 1281 qua:
1713 1245 1774 1280 paci

992 1296 1020 1318 et
1031 1291 1127 1319 unitati
1141 1292 1320 1326 charitatique
1335 1301 1397 1328 erga
1411 1293 1562 1328 proximum
1578 1292 1772 1327 congruebant.

988 1398 1047 1425 vavi
1074 1398 1145 1425 enitn
1167 1397 1240 1424 illum
1259 1397 1429 1431 scriptorem,
1442 1396 1564 1431 quisquis
1584 1395 1674 1428 fuerit,
1689 1396 1774 1423 multa

989 1439 1091 1460 temere
1103 1433 1270 1467 contingere.
1289 1432 1340 1459 Sed
1356 1437 1474 1458 nostram
1496 1432 1657 1458 sententiam
1673 1431 1773 1458 contir-

988 1473 1052 1502 mat,
1070 1469 1157 1503 pritno
1181 1467 1314 1503 Eusebius
1341 1468 1398 1500 ipse
1423 1467 1449 1493 itt
1481 1466 1771 1503 locissupracitatis.

988 1501 1087 1530 Deinde
1102 1503 1215 1530 Photius
1228 1503 1252 1529 in
1269 1502 1439 1531 Bibliotheca,
1459 1509 1518 1534 cap.
1537 1501 1599 1530 120.
1616 1501 1660 1528 ubi
1677 1501 1773 1528 scribit

986 1537 1119 1565 lrenazttm
1162 1538 1253 1573 plures
1287 1538 1392 1564 dedisse
1431 1537 1544 1573 litteras
1569 1537 1601 1573 ad
1639 1535 1770 1573 Victorem

986 1581 1092 1608 papam,
1123 1571 1186 1600 dum
1216 1573 1289 1599 illum
1318 1573 1442 1608 hortatur
1464 1579 1497 1598 ne
1522 1571 1556 1608 ob
1573 1571 1771 1608 dissensionem

989 1606 1026 1635 de
1046 1608 1147 1635 Pascha
1173 1607 1240 1634 ullos
1267 1616 1280 1634 a
1308 1607 1497 1634 communione
1528 1606 1653 1633 Ecclesize
1683 1613 1773 1639 segre-

1007 1649 1074 1670 aret.
1097 1643 1168 1678 Ergo
1191 1647 1252 1670 autc
1276 1643 1379 1669 litteras
1399 1642 1491 1668 lrenmi
1520 1642 1654 1678 neminem
1683 1642 1772 1678 adhuc

1007 1652 1074 1670 aret.
1097 1652 1168 1678 largo
1191 1652 1252 1670 autc
1276 1652 1379 1669 tllterns
1399 1652 1491 1668 Il'ClliL‘l
1520 1652 1654 1669 IICIIIIIIEIII
1683 1652 1772 1668 ίιυιιιια

988 1652 1082 1706 ξτὶῡιοι*
1098 1688 1111 1705 a
1128 1678 1316 1705 commnttioue
1334 1678 1518 1712 prmsriderat.
1537 1677 1590 1703 Sed
1615 1683 1700 1710 neque
1719 1677 1772 1703 dici

988 1719 1077 1748 potest
1103 1717 1162 1747 post
1184 1713 1311 1747 epistolas
1335 1711 1429 1739 lrenmi
1455 1713 1480 1748 id
1509 1720 1522 1738 a
1540 1712 1648 1748 Victore
1670 1711 1770 1748 factum

988 1749 1084 1775 fuisse.
1100 1749 1190 1774 Primo
1219 1749 1289 1774 enim
1315 1747 1444 1774 Eusebius
1469 1747 1519 1774 ltoc
1548 1755 1600 1773 non
1624 1747 1698 1776 dicit.
1718 1754 1770 1773 non

987 1785 1136 1810 emissurus
1161 1783 1262 1817 utique,
1278 1783 1300 1810 si
1327 1783 1352 1809 id
1380 1790 1394 1808 a
1416 1781 1526 1809 Victore
1553 1789 1645 1816 postea
1671 1782 1771 1808 factum

988 1819 1092 1845 fuisset.
1132 1817 1188 1845 lmo
1222 1825 1285 1850 vero
1321 1825 1431 1852 prorsus
1463 1817 1629 1844 contrarium
1664 1817 1770 1848 innuit,

986 1854 1049 1880 duttt
1068 1854 1196 1879 lreumum
1220 1853 1254 1879 ob
1278 1853 1429 1886 huiusmodi
1455 1852 1561 1879 litteras
1571 1857 1650 1878 vocat
1663 1853 1770 1886 εἰρηνο-

987 1888 1072 1918 ποιόν.
1099 1889 1125 1914 id
1139 1893 1180 1914 cst
1193 1888 1266 1920 pacis
1279 1892 1423 1914 auctorem.
1449 1887 1559 1914 Littera:
1574 1887 1654 1920 igitur
1676 1887 1770 1913 lrentei

987 1926 1019 1950 ad
1047 1924 1182 1950 Victorem
1203 1930 1298 1956 papam
1319 1923 1436 1955 scriptae,
1458 1930 1550 1956 pacem
1564 1921 1692 1948 Ecclesiae
1707 1929 1772 1954 pra:-

987 1959 1123 1985 stiteruut.
1141 1958 1207 1984 Cum
1238 1959 1308 1984 enim
1327 1957 1418 1984 Victor
1442 1962 1553 1990 paratus
1573 1961 1645 1983 esset
1662 1964 1771 1982 exectu-

987 1993 1176 2020 municationis
1192 1993 1351 2019 sententiam
1364 1999 1488 2025 promere
1504 1992 1635 2022 adversus
1643 1991 1770 2022 Asianos,

987 2028 1078 2054 lrenwi
1094 2027 1207 2061 cpistola
1226 2036 1287 2054 cttnt
1311 2035 1324 2054 a
1344 2028 1456 2053 consilio
1470 2027 1593 2061 diut0vit.
1611 2026 1700 2058 Quare
1718 2034 1769 2052 non

987 2060 1120 2090 assentior
1135 2061 1278 2094 llalloixio,
1297 2062 1340 2096 qtti
1355 2063 1387 2088 ad
1416 2061 1498 2088 Vitam
1512 2060 1616 2091 Irena’i,
1632 2069 1692 2095 pag.
1706 2061 1769 2093 668,

986 2099 1085 2124 asserit
1102 2096 1235 2124 Victorem
1263 2098 1393 2124 adversus
1408 2097 1524 2124 Asianos
1549 2096 1769 2124 excommunica-

989 2133 1068 2160 tiot-is
1084 2131 1177 2159 tulisse
1190 2133 1364 2159 sententiam.

1021 2168 1077 2202 (7i)
1094 2167 1251 2201 Εὶριηνιιῖος
1262 2168 1297 2194 ἐκ,
1311 2167 1471 2201 προσώπου
1487 2164 1530 2193 ὧν
1544 2166 1653 2202 ἠγεῖτο.
1669 2166 1712 2193 Fit
1724 2166 1772 2198 igi-

988 2208 1030 2229 tur
1054 2203 1110 2230 hzec
1140 2205 1231 2229 lrenwi
1253 2203 1364 2238 epistola
1385 2204 1526 2238 synodica,
1556 2207 1647 2237 utpote
1670 2202 1769 2234 scripta

988 2238 1096 2265 tmtttiltc
1131 2238 1315 2265 Ecclesiarum
1343 2237 1454 2270 Gallae,
1482 2239 1567 2273 pcujus
1601 2241 1681 2273 caput
1711 2241 1772 2262 erat

987 2273 1156 2307 Lugdunum.
1179 2272 1295 2300 Proinde
1316 2274 1373 2300 haec
1390 2271 1503 2308 epistola
1523 2271 1617 2300 referri
1640 2271 1770 2308 debuerat

988 2305 1056 2334 inter
1089 2308 1203 2335 concilia
1234 2308 1338 2340 Gallias,
1369 2305 1488 2336 ut'olim
1515 2308 1606 2335 montti
1636 2305 1768 2334 Jacobutn

987 2342 1172 2376 Sirmontlum,
1187 2345 1274 2370 virum
1293 2344 1488 2374 doctissimum.
1514 2351 1562 2370 nec
1581 2350 1697 2376 unquam
1717 2341 1768 2367 ttisi

986 2378 1133 2405 honorifice
1146 2380 1349 2406 nominandum.
1364 2379 1469 2406 Etenim
1483 2379 1525 2405 ille
1537 2378 1680 2404 editionem
1693 2384 1769 2402 suam

986 2413 1165 2440 Cottciliorum
1181 2414 1276 2441 Cal/ite
1293 2422 1307 2439 ιι
1324 2414 1493 2441 Constantini
1511 2412 1675 2446 temporibus
1689 2418 1771 2437 exor-

986 2456 1033 2475 sus
1048 2453 1107 2481 est;
1133 2449 1185 2476 hoc
1206 2449 1292 2476 solum
1324 2450 1350 2475 in
1377 2449 1534 2483 prazl'atione
1556 2456 1604 2474 sua
1633 2447 1770 2483 monuisse

986 2488 1139 2519 contentus,
1152 2484 1217 2510 duas
1229 2484 1345 2519 synodos
1358 2481 1550 2518 Lugdunenses
1558 2483 1655 2519 quibus
1663 2481 1770 2519 praefuit

986 2517 1103 2554 tremens
1117 2517 1263 2545 memorari
1282 2527 1288 2545 :
1305 2517 1418 2554 quarum
1433 2520 1458 2545 itt
1474 2520 1557 2554 altera
1574 2517 1769 2554 Valentittus‘et

986 2553 1104 2580 Marcion
1115 2554 1233 2580 damnati
1248 2552 1351 2581 sintfln
1366 2556 1449 2581 altera
1467 2561 1532 2580 vero
1544 2553 1647 2579 Pascha
1659 2552 1767 2578 nonnisi

987 2589 1029 2615 die
1046 2589 1184 2615 Dominico
1201 2589 1394 2616 celebrandum
1417 2597 1477 2616 cum
1490 2588 1617 2615 lredccint
1635 2587 1768 2621 episcopis

986 2624 1103 2650 lrettaaus
1118 2623 1246 2650 decrevit.
1271 2624 1367 2650 Verunt
1394 2624 1520 2658 quoniam
1542 2623 1768 2656 itarutnsynodo-

987 2667 1045 2685 rum
1060 2659 1203 2685 obscurior
1215 2665 1287 2686 esset
1301 2667 1440 2689 memoria,
1457 2660 1516 2685 ideo
1533 2667 1562 2684 sc
1578 2657 1636 2684 illas
1656 2664 1767 2690 prauor-

987 2695 1092 2720 misisse
1104 2695 1208 2720 scribit.
1221 2694 1276 2728 Ego
1288 2702 1350 2720 vero
1362 2695 1459 2727 prioris
1470 2694 1578 2728 quidem
1590 2693 1660 2718 illius
1671 2691 1765 2728 synodi

986 2730 1171 2763 Lugdunensis
1190 2725 1275 2756 fateor
1288 2725 1430 2755 obscuram
1449 2725 1508 2756 esse
1529 2725 1766 2763 metnoriam.’Scd

986 2762 1119 2797 posterior
1133 2764 1177 2790 illa
1191 2765 1215 2790 in
1229 2772 1282 2798 qua
1294 2765 1326 2790 de
1345 2765 1388 2790 die
1403 2765 1512 2790 Pascle
1528 2769 1616 2789 actum
1640 2767 1690 2792 est,
1708 2762 1767 2788 illu-

987 2799 1121 2825 strissimo
1135 2799 1240 2826 Eusebit
1258 2799 1409 2826 testimonio
1425 2801 1608 2826 continuatur.
1621 2798 1708 2826 Locus
1725 2802 1768 2825 est

985 2841 1044 2868 cap.
1056 2834 1090 2860 ‘23
1104 2835 1182 2866 hujus
1193 2836 1265 2867 libri,
1279 2835 1323 2862 ubi
1336 2835 1368 2862 de
1383 2836 1492 2870 syttodis
1503 2835 1688 2868 episcoporum
1701 2836 1765 2868 agit,

986 2877 1044 2903 qua:
1065 2869 1100 2897 ob
1113 2871 1326 2898 centroversiaut
1345 2869 1427 2906 super
1441 2871 1547 2898 Pascha
1558 2871 1639 2897 variis
1657 2871 1683 2896 in
1699 2869 1767 2897 locis

986 2910 1154 2939 congregata:
1169 2911 1243 2938 sunt,
1260 2912 1286 2933 ct
1304 2907 1334 2933 de
1350 2907 1486 2941 synodicis
1514 2907 1642 2941 cujusque
1658 2906 1768 2933 concilii
