1996 3165
217 114 269 142 503

583 113 717 142 EUSEBll
738 113 974 142 CAESARIENSIS
993 113 1002 141 (

1055 118 1068 140 ·.
1088 113 1177 140 psus
1196 113 1216 140 ι.
1237 128 1272 133 -
1291 103 1490 141 ιιιδτοιιιοΑ.’

1781 112 1834 138 5M

216 170 289 199 enim
317 172 474 198 existimant
488 171 567 199 unico
594 172 636 199 die
658 172 708 199 sibi
723 179 783 199 esse
797 171 974 207 jejunandum
991 181 997 197 :

1055 169 1236 205 συμμετροῦσι
1255 169 1304 205 τὴν
1325 170 1432 205 ἡμέραν
1451 170 1538 196 αὐτῶν
1562 168 1626 203 (79).
1644 168 1699 195 Καὶ
1722 168 1832 202 τοιαύτη

216 216 260 242 alii
274 216 388 246 duobus.
410 215 454 242 alii
477 215 620 250 pluribus:
640 215 757 242 nonnulli
785 216 865 242 etiam
882 214 997 249 quadra-

216 261 290 296 ginta
303 260 376 287 horis
390 261 496 287 diurnis
513 260 591 296 193
612 268 643 288 ac
673 261 811 287 nocturnis
835 259 997 294 computatis

216 305 286 331 diem
302 312 378 331 suum
403 306 563 332 metiuntur.
590 305 678 339 Atque
693 306 749 331 haec
777 305 803 331 iu
828 305 997 332 observando

214 349 315 385 jejunio
332 350 453 378 varietas
466 359 518 377 non
532 355 623 377 nostra
640 351 758 384 primum
773 354 852 376 :etate
870 354 931 376 nata
944 354 997 379 est.

216 396 262 424 sed
278 395 355 430 longe
368 401 446 423 antea
466 397 535 431 apud
556 396 671 429 majores
684 400 795 422 nostros
819 395 900 429 coepit
917 405 924 421 :
953 396 996 428 qui

216 441 408 476 negligentius,
421 446 451 468 ut
463 441 612 468 verisimile
625 446 677 474 est,
689 441 874 475 praesidentes,
890 447 922 467 ex
935 441 999 467 sim-

215 487 336 522 plicitate
351 493 379 515 et
392 488 527 522 imperitia
539 493 625 514 ortam
645 487 868 515 consuetudinem
885 487 1000 521 posteris

216 534 392 562 tradiderunt.
412 535 590 563 Nihilominus
603 539 692 562 tamen
704 537 731 561 et
742 541 836 561 oumes
850 534 893 561 isti
904 541 997 568 pacem

185 618 187 625 π
216 611 335 640 brutum.
352 613 504 643 Postremo.
518 613 594 639 varie
610 621 623 638 ιι
638 612 722 639 variis
739 611 822 639 fuisse
835 612 997 646 jejunatum.

217 647 330 682 Semper
344 653 433 674 autetu
458 649 613 675 meminisse
629 647 775 678 debemus.
797 647 929 674 lreureum
955 648 999 675 hic

217 681 290 714 loqui
306 685 338 710 tle
351 683 453 718 jejunio
476 683 712 716 superpositiouis,
727 683 798 717 quod
811 691 860 716 per
873 690 998 718 magnam

218 717 412 745 hebdomadam
431 726 444 744 a
465 718 630 745 Christianis
650 718 849 744 celebrabatur.
865 717 997 744 Caeterum

217 753 300 779 semel
316 754 437 780 admisso
451 753 623 780 hebdomadis
636 752 773 780 Paschalis
786 753 898 785 jejunio,
917 752 998 779 etiatn

217 787 428 822 Quatlragesima
450 788 614 814 admittenda
632 793 683 815 est.
696 788 761 814 Nam
787 788 934 814 hebdomas
949 786 998 813 Pa-

218 823 318 850 schalis
331 831 392 857 pars
403 829 441 850 cst
452 824 679 857 Quadragesimm.
692 825 730 850 Ae
743 823 876 850 interdum
889 822 996 856 quidem

215 857 346 891 jejunium
366 859 438 885 illius
456 858 629 885 hebdomadis
642 859 770 893 distingui
790 858 911 885 videmus
926 865 940 884 a
955 858 1000 893 je-

216 892 293 926 junio
307 894 525 927 Quadragcsiunc
538 913 544 924 ,
562 898 588 919 ut
613 894 682 927 apud
702 892 882 927 Epipbauitun
905 893 930 919 in
949 892 1000 920 E1:-

218 928 346 961 positione
355 929 433 962 fidei;
451 929 520 961 apud
533 929 698 955 Clementem
714 929 740 955 in
764 928 999 955 Constitutionibus

219 964 380 995 apostolicis.
401 963 452 990 Sed
467 968 494 990 et
512 969 587 990 vetus
604 969 698 991 auctor
718 964 745 990 in
771 968 884 990 tractatu
909 969 1000 990 contra

220 998 346 1031 (ἐνίπτοι,
362 1006 441 1032 quem
467 999 550 1024 edidit
574 999 672 1025 Petrus
698 998 851 1026 Steuartius
871 999 897 1025 in
927 1002 1000 1024 temo

219 1033 350 1066 singulari
368 1033 514 1067 lnsignium
528 1039 676 1064 auctorum,
692 1042 754 1067 pag.
773 1033 836 1064 509,
851 1034 884 1061 de
897 1033 1000 1061 Graecis

219 1068 256 1104 ita
278 1069 372 1095 scribit
399 1077 406 1094 :
437 1067 492 1095 Nec
508 1068 745 1104 Quadragesimam
769 1069 917 1100 celebrant;
941 1077 1000 1095 cum

220 1103 430 1139 Quadragesima
458 1105 491 1131 ait
515 1103 647 1139 jejunium
684 1105 861 1139 quadraginta
887 1104 1000 1130 dierum.

219 1138 275 1171 Ipsi
287 1147 346 1165 vero
359 1140 485 1173 majorem
497 1138 668 1173 septimanam
692 1148 708 1166 α
722 1148 827 1166 numero
843 1139 1000 1173 Quadrage-

219 1175 292 1200 simae
306 1174 485 1205 secludenles.
509 1183 555 1201 sea:
575 1175 743 1202 hebdomadis
767 1175 1000 1207 Quadragesimam

219 1209 357 1235 claudunt.
381 1209 428 1236 Tot
443 1211 510 1236 enim
522 1214 583 1236 sunt
604 1218 620 1236 a
636 1211 720 1242 prima
732 1218 821 1236 eorum
846 1210 1001 1242 septimana,

218 1252 299 1280 usque
309 1244 342 1270 ad
355 1244 498 1272 Sabbatum
518 1246 587 1280 quod
604 1244 759 1272 Palntarum
771 1252 856 1280 ramos
870 1244 1001 1280 pt'wcedit.

219 1278 253 1305 In
267 1288 319 1313 quo
334 1278 559 1307 universaliterab
581 1281 634 1307 illis
656 1286 780 1307 cantatur
802 1287 810 1306 :
829 1279 895 1311 Qua:
908 1279 1003 1305 anima

218 1314 290 1341 utilis
303 1316 511 1349 estcomplemus
545 1315 789 1349 Quadragesimam.
826 1314 913 1341 Verba
941 1318 1003 1340 sunt

220 1358 254 1376 cx
271 1350 357 1376 oliicio
372 1350 527 1377 Gl‘ﬂ‘t'Ol‘llm
553 1351 579 1377 in
610 1351 728 1377 Sabbato
750 1355 813 1377 ante
836 1349 1002 1376 Dominicam

221 1385 385 1412 l’almarum.
406 1385 503 1413 \‘erutu
522 1394 609 1420 ncqtte
625 1387 668 1412 hic
687 1390 781 1412 auctor
793 1405 800 1416 ,
815 1392 864 1411 nec
882 1383 1004 1418 plerique

220 1420 266 1447 alii
286 1420 452 1448 recentiores
468 1421 535 1448 satis
549 1421 716 1447 intellexisse
732 1420 797 1446 mihi
808 1419 941 1448 videntur.
956 1425 1005 1444 cur

220 1454 279 1481 hac
294 1462 389 1489 magna
401 1455 691 1483 hebdomasintertlutu
707 1455 888 1489 distinguatur
905 1462 918 1480 a
932 1454 1003 1487 Qua-

221 1490 383 1524 dragesima.
401 1489 458 1516 Non
471 1490 543 1517 enim
559 1491 592 1516 ita
611 1490 802 1523 distinguitur.
817 1490 891 1523 quasi
910 1495 1002 1516 revera

221 1516 286 1550 nonv
297 1524 430 1558 pertineat
452 1516 485 1552 ad
507 1516 756 1559 Quadragesiniam.
777 1516 875 1552 verum
899 1525 931 1551 ab
957 1524 999 1550 illa
1016 1516 1036 1544 (ἶ

221 1559 403 1593 distinguitur.
417 1566 445 1586 nt
461 1567 525 1594 pars
540 1567 554 1585 τι
569 1564 633 1586 toto.
647 1559 701 1586 Cur
715 1565 803 1586 autem
817 1568 830 1586 a
844 1560 998 1594 Quadrage-

222 1594 290 1621 sima
306 1594 442 1621 interdum
461 1595 586 1622 distincta
599 1595 690 1626 fuerit,
710 1595 806 1629 duplex
825 1595 895 1621 ratio
910 1595 999 1621 afferri

221 1634 320 1662 potest.
342 1629 429 1656 Prima
442 1651 448 1660 .
465 1630 537 1664 quod
555 1629 712 1656 districtiori
731 1630 832 1664 jejunio
853 1631 1001 1657 celebrare-

223 1670 276 1696 tttr,
292 1665 513 1699 superpositiouis
531 1665 634 1691 scilicet
647 1685 654 1696 .
675 1670 703 1691 ιιι
720 1673 799 1699 supra
817 1666 1000 1696 ostendimus;

223 1699 339 1734 secunda
360 1700 447 1732 ratio,
471 1700 540 1729 tutotl
567 1700 623 1727 hatc
654 1701 801 1727 hebdomas
834 1701 940 1734 proprie
969 1701 1001 1727 ad

223 1733 327 1760 Pascha
340 1735 465 1768 pertinet.
481 1735 567 1762 Fet-ia:
593 1736 663 1762 enim
681 1733 856 1763 hebdomadis
882 1733 1003 1762 denomi-

223 1774 323 1805 nantur
334 1778 347 1796 a
359 1775 488 1805 sequente
506 1771 644 1797 Dominica
655 1792 661 1803 ,
679 1775 706 1797 et
729 1772 761 1797 ad
777 1778 837 1798 eam
853 1772 1002 1805 pertinent,

222 1810 253 1831 ut
266 1804 328 1831 alibi
344 1806 585 1833 demonstrabitur.
604 1806 693 1838 Quare
706 1813 767 1832 cum
783 1808 838 1833 base
855 1804 1004 1833 hebdomas

226 1839 389 1867 Dominicam
412 1841 568 1868 Pascltalem
587 1841 709 1875 proxime
732 1842 889 1872 ann-cedat,
910 1842 1004 1867 merito

223 1877 305 1902 etiam
327 1877 359 1902 ad
380 1883 439 1902 eam
460 1876 586 1911 pertinet.
614 1876 680 1902 llinc
707 1881 747 1902 est
772 1877 841 1909 quod
858 1877 1005 1903 bebdoutas

226 1911 330 1947 μεγάλη
344 1910 554 1947 (Ιὶςίιιιι-ζϐιιῇιιδ
575 1911 698 1947 vocabuli
717 1919 812 1937 causas
831 1911 907 1938 allcrl
921 1911 1006 1946 Chry-

224 1946 479 1978 tsostomusdtomilia
491 1946 525 1973 50
536 1948 563 1973 in
574 1946 704 1973 Genesim.
716 1946 768 1973 Sed
781 1954 843 1973 vera
853 1947 922 1972 illius
932 1954 1007 1973 voea-

225 1982 280 2009 hnli
290 1983 359 2008 ratio
367 1987 497 2017 estquam
509 1982 574 2008 dixi.
585 1982 651 2008 Cum
662 1982 732 2008 enim
749 1982 805 2008 haec
814 1982 848 2008 sit
863 1981 1007 2008 bebtlmnas

226 2017 344 2048 Pascha»,
361 2018 416 2043 dies
429 2022 516 2043 autem
528 2017 637 2043 Pascha:
649 2017 821 2052 appelletnri)
830 2016 940 2052 Μεγάλη
950 2018 1006 2044 Κυ-

226 2052 307 2088 ριακὴ
316 2052 363 2078 τοῦ
373 2052 478 2087 Πάσχα,
489 2057 560 2079 recte
569 2053 649 2088 etiam
660 2052 717 2078 haec
727 2053 873 2088 ltebdontas
881 2058 975 2079 saneta
982 2058 1009 2078 et

227 2086 321 2120 inagna
339 2086 550 2121 cognominatur.
571 2087 599 2114 lu
621 2086 716 2120 Typico
735 2087 826 2114 Sancti
840 2087 919 2113 Saba:
931 2108 937 2117 ,
952 2088 1005 2114 sin-

226 2123 279 2154 polt
297 2122 353 2148 dies
368 2122 446 2154 hujus
463 2122 638 2149 hebdomadis
663 2123 747 2148 sancti
761 2127 787 2148 et
807 2123 897 2156 magni
912 2129 1010 2149 vocan-

227 2163 271 2183 tur
284 2157 335 2184 hoc
351 2159 430 2183 modo
443 2166 449 2183 :
473 2158 504 2184 'H
516 2157 580 2192 ἁγία.
594 2157 640 2183 καὶ
659 2157 763 2192 μεγάλη
777 2157 891 2192 δευτέρα
901 2178 908 2190 ,
930 2163 957 2184 et
969 2158 1008 2184 sic

227 2193 364 2226 deinceps.
393 2193 542 2227 lucipiebat
562 2198 649 2218 autem
678 2193 824 2219 ltebdumas
848 2193 891 2218 illa
909 2202 921 2218 :t
938 2193 1003 2220 feria

227 2227 360 2257 secunda.
385 2233 414 2254 ut
432 2227 562 2255 discimus
585 2236 616 2253 ex
640 2227 743 2262 Cyrillo
765 2232 792 2254 et
805 2227 954 2261 Theophila
975 2228 1002 2254 in

230 2262 352 2289 Ilomiliis
367 2263 534 2296 paschalibus
556 2268 583 2289 et
603 2270 635 2288 es
652 2263 802 2296 Epiphanio
824 2263 850 2289 in
871 2264 1003 2290 Aerimu's.

227 2297 311 2325 Porro
322 2299 443 2331 qll:llll\'lS
458 2306 472 2324 a
481 2299 689 2332 Quadragcsima
712 2305 902 2332 nonnunquam
915 2298 1005 2325 distin-

227 2339 354 2366 gueretur
374 2334 408 2359 ob
431 2341 478 2359 cas
498 2341 564 2367 quas
591 2333 645 2359 dixi
664 2341 774 2364 causas,
801 2341 893 2359 revera
916 2338 1004 2360 tamen

227 2371 367 2401 conjuncta
384 2373 441 2394 erat
452 2368 680 2402 Quadragcsiuue,
693 2369 805 2402 ejusque
816 2374 935 2396 extrema
944 2377 1006 2403 pars

227 2409 287 2429 erat
301 2408 327 2430 et
346 2404 580 2439 complementum.
595 2404 674 2430 Certe
696 2404 720 2430 id
739 2403 879 2430 manifeste
900 2404 1005 2439 Colligi-

231 2443 274 2464 tur
294 2447 327 2465 ex
346 2438 470 2465 Homiliis
482 2439 648 2474 past/talibus
665 2439 775 2474 Cyrilli,
792 2441 818 2465 in
836 2439 933 2472 quibus
950 2438 1005 2466 hinc

228 2475 375 2507 septimana
390 2480 518 2509 perpetuo
533 2475 660 2500 distincta
676 2474 774 2508 legitur
786 2482 798 2500 a
816 2475 917 2508 reliqua
932 2475 1004 2508 Qua-

229 2509 391 2542 dragesima,
410 2511 597 2543 etseptimaua
623 2509 732 2536 Pasclrc
757 2515 879 2536 vocatur.
906 2510 1005 2537 Eadem

231 2548 319 2580 talucn
333 2545 547 2578 Quatltagesimm
559 2546 751 2575 contrilmitur,
764 2547 861 2579 quippe
872 2553 932 2580 qua:
943 2552 1006 2579 qua-

230 2579 353 2612 draginta
375 2579 478 2606 dierum
499 2588 639 2606 utnneruut
662 2581 815 2612 aditnpleat.
838 2579 1005 2614 Denique“-

231 2613 274 2639 lttd
288 2615 367 2640 etiam
382 2615 513 2641 observan
525 2618 577 2641 luut
591 2621 649 2647 est,
672 2617 742 2650 quod
772 2616 866 2642 scribit
881 2613 1007 2643 Socrates

231 2649 257 2674 iu
282 2649 333 2685 lib.
353 2657 378 2685 ιι,
408 2658 466 2684 cap.
493 2651 544 2682 ‘22,
570 2656 674 2678 veteres
695 2651 861 2678 Christianos
883 2651 1007 2685 pasehale

231 2692 310 2710 suum
325 2684 456 2718 jejunium
479 2693 587 2712 vocasse
608 2687 863 2720 Quadragesitnam,
883 2684 1008 2720 quamvis

231 2726 283 2757 pou
307 2724 370 2746 lotis
397 2721 574 2754 quadraginta
597 2722 691 2748 diebus
722 2729 816 2747 omnes
841 2721 1005 2755 jejuuat'enl.

233 2754 348 2787 lijusque
360 2756 481 2782 vocabuli
494 2757 582 2782 varias
594 2763 607 2781 ιι
622 2757 703 2783 variis
719 2764 814 2783 causas
827 2757 916 2784 all'erri
932 2757 1005 2785 dicit.

233 2788 295 2826 Mihi
323 2790 429 2822 quidem
457 2790 666 2826 Quadragesima
689 2792 760 2818 dicta
788 2793 893 2819 videtur
913 2792 1008 2819 eodem

233 2824 334 2859 modo,
352 2833 406 2859 quo
428 2824 652 2860 Qtttttqti:tge$itna
677 2834 736 2861 qua:
761 2831 801 2854 est
821 2832 881 2862 post
894 2827 1007 2854 Pascha.

1052 217 1101 252 μὲν
1126 216 1245 243 ποικιλία
1267 217 1320 244 τῶν
1337 216 1549 252 ὲπιτηρούντων,
1575 216 1605 242 οὐ
1631 215 1678 242 νῦν
1694 216 1735 249 ἐφ’
1754 215 1834 250 ἡμῶν

1050 264 1185 297 γεγονυῖα,
1199 262 1266 289 ἀλλὰ
1278 263 1324 290 καὶ
1335 263 1401 289 πολὺ
1414 263 1544 298 πρότερον
1557 260 1666 287 ἐπὶτῶν
1680 261 1731 296 πρὸ
1743 261 1832 296 ἡμῶν,

1049 308 1102 335 τῶν
1127 308 1202 344 παρὰ
1219 309 1249 334 τὸ
1271 308 1394 344 ἀκριϐὲς,
1418 309 1455 340 ὡς
1474 309 1555 340 εἰκὸς,
1575 307 1746 343 κρατούντων
1765 306 1833 341 (80),

1048 353 1097 389 τὴν
1114 354 1175 380 καθ’
1198 354 1334 390 ἁπλότητα
1350 355 1397 381 καὶ
1418 354 1570 388 ἰδιωτισμὸν
1586 353 1729 388 συνήθειαν
1751 354 1791 385 εὶς
1804 353 1834 380 τὸ

1051 399 1195 434 μετέπειτα
1211 400 1406 434 πεποιηκότων.
1431 400 1486 426 Καὶ
1502 400 1578 426 οὐδὲν
1602 398 1713 425 ἔλαττον
1735 398 1834 430 πάντες

1049 441 1121 471 οὗτοι
1134 445 1293 480 εἰρήνευσὰν
1306 454 1335 470 τε
1351 445 1397 472 καὶ
1420 444 1595 481 εἰρηνεὺομεν
1612 444 1680 479 πρὸς
1693 443 1833 480 ἀλλήλους,

1049 489 1096 516 καὶ
1128 491 1144 524 ἡ
1170 490 1301 524 διαῃωνία
1328 492 1376 526 τῆς
1406 491 1531 525 νηστείας
1557 490 1606 526 τὴν
1633 489 1758 525 ὁμόνοιαν
1784 489 1834 524 τῆς

1050 537 1166 569 πίστεως
1191 537 1331 573 συνίστησι
1361 538 1427 573 (81).
1461 548 1471 564 ι
1504 537 1614 569 Τούτοις
1641 537 1688 564 καὶ
1715 536 1834 572 ἱστορίαν

1051 613 1116 640 Nam
1139 618 1168 640 ιιι
1191 614 1417 648 ριιίηιιιιιιιιεείιιιιι
1446 622 1491 642 seu
1524 614 1701 645 Pentecoste,
1726 613 1835 648 proprie

1051 648 1158 681 quidem
1175 656 1215 676 est
1229 650 1285 677 dies
1300 649 1392 677 ultima
1415 650 1447 676 de
1462 650 1656 683 quinquaginta
1670 649 1722 675 illis
1739 648 1834 676 diebus

1052 683 1181 710 Pascbale
1194 684 1291 711 festum
1307 685 1542 718 subsequentibus.
1557 689 1646 710 tamen
1660 684 1712 710 late
1727 690 1835 718 sumpto

1052 719 1183 746 vocabulo
1197 739 1204 750 ,
1222 719 1356 746 interdum
1380 720 1512 754 signiﬁcat
1529 724 1612 745 totum
1630 718 1692 746 illttd
1719 719 1833 753 spatium

1052 754 1157 788 dierum
1172 755 1244 788 quod
1262 760 1304 782 est
1320 763 1334 782 a
1351 755 1452 782 Pascha
1469 755 1500 780 ad
1516 755 1708 782 Pentecosteu.
1723 759 1751 779 ut
1763 754 1834 787 apud

1052 787 1241 824 Hieronymum
1257 790 1282 816 in
1297 790 1407 824 epistola
1424 791 1455 816 ad
1471 789 1632 820 Marcellam,
1649 789 1718 823 apud
1731 789 1834 816 Cassia-

1053 832 1115 849 ltlltlt
1133 829 1159 850 et
1183 825 1335 857 complures
1360 824 1435 851 alios.
1457 825 1502 851 Sic
1522 825 1603 851 etiam
1621 824 1832 858 Quadragesima

1052 859 1160 891 proprie
1173 860 1281 892 quidem
1294 864 1336 887 est
1348 860 1407 887 dies
1424 867 1492 885 tttnts
1509 860 1542 886 de
1559 859 1735 892 quadraginta
1747 879 1754 889 ,
1776 860 1835 886 dies

1050 894 1155 920 scilicet
1173 895 1332 924 Parasceve.
1351 895 1395 928 qui
1410 894 1516 928 quidem
1542 895 1611 928 apud
1635 894 1835 921 Alexandrinos

1050 934 1110 964 erat
1125 929 1358 963 quadragesimus,
1376 934 1447 956 utex
1465 929 1555 964 Cyrilli
1579 928 1699 956 Hontiliis
1724 931 1835 960 pascha-

1051 963 1119 1004 libus
1141 969 1257 1004 constat.
1278 964 1369 1004 Latius
1380 963 1768 1004 tamensumpto-vocabulo:
1788 965 1835 1004 tle—

1052 999 1141 1035 signat
1157 999 1239 1026 etiam
1258 999 1435 1035 quadraginta
1451 1000 1508 1026 dies
1531 999 1694 1034 jejuniorum
1719 1000 1766 1034 qui
1787 999 1822 1026 Pa

1052 1034 1117 1060 Seba
1131 1035 1302 1062 antecedunt.

1088 1070 1143 1103 (79)
1167 1070 1371 1104 Συμμετροῦσι
1394 1069 1451 1103 τὴν
1476 1069 1590 1103 ἡμέραν
1617 1068 1723 1096 αὐτῶν.
1753 1069 1835 1096 Miror

1053 1109 1092 1131 tot
1118 1105 1241 1131 homines
1262 1106 1398 1137 eruditos,
1424 1105 1468 1138 qui
1486 1106 1557 1132 hunc
1583 1104 1673 1131 lretnei
1701 1104 1788 1131 locum
1807 1105 1834 1131 iu

1052 1140 1109 1167 StIlS
1121 1140 1196 1167 libris
1214 1146 1408 1174 exposuerunt,
1425 1140 1481 1173 ejus
1495 1141 1586 1165 vitium
1600 1147 1651 1166 non
1671 1140 1836 1165 animadver-

1053 1176 1126 1202 tisse.
1150 1175 1215 1208 Quis
1227 1176 1297 1202 cnim
1319 1180 1359 1202 est
1376 1182 1472 1201 sensus
1492 1175 1586 1201 bortnn
1608 1175 1773 1200 verborum?
1788 1180 1835 1200 aut

1053 1209 1113 1243 quis
1136 1218 1252 1243 unquam
1276 1211 1368 1237 credat
1393 1210 1476 1236 fuisse
1500 1210 1641 1240 homines,
1656 1209 1700 1243 qui
1718 1210 1835 1243 quadra-

1053 1246 1125 1279 ginta
1141 1246 1267 1271 horarum
1284 1246 1370 1278 spatio
1394 1246 1463 1271 dietn
1482 1245 1650 1271 metirentur.
1672 1243 1834 1279 Atquirqtta-

1053 1278 1175 1313 draginta
1195 1281 1268 1306 hora).
1283 1280 1390 1306 biduum
1407 1279 1586 1312 jejuuantibus
1600 1278 1730 1306 elliciuut.
1756 1278 1832 1311 Equi-

1053 1314 1114 1342 dem
1134 1315 1305 1346 nou‘dubitn,
1321 1315 1383 1348 quin
1400 1315 1515 1341 lrenatus
1534 1315 1570 1340 ita
1587 1315 1746 1347 scripserit:
1763 1314 1794 1340 οι
1806 1313 1834 1339 δὲ

1053 1350 1253 1386 τεσσαράκοντα
1272 1350 1345 1386 ὥρας
1374 1350 1504 1386 ἡμερινᾲς
1536 1357 1565 1376 τε
1600 1349 1648 1376 καὶ
1677 1347 1836 1386 νυκτερινὰς

1055 1384 1240 1420 συμμέτροῦσι
1254 1384 1302 1420 em;
1317 1384 1453 1419 νηστείαίι.
1472 1385 1528 1418 Qua
1550 1386 1682 1418 scriptura
1697 1384 1762 1410 nihil
1778 1384 1834 1418 pla-

1055 1419 1118 1447 nius
1137 1419 1197 1448 esse
1224 1419 1320 1454 potest.
1341 1421 1429 1453 Quare
1453 1425 1499 1446 aut
1514 1419 1632 1446 lremcus
1659 1419 1770 1445 omnino
1798 1420 1834 1446 ita

1055 1456 1184 1490 scripsit.
1213 1461 1260 1482 aut
1279 1460 1352 1482 certe
1370 1456 1405 1481 ita
1431 1455 1550 1482 scribere
1571 1455 1674 1482 debuit.
1697 1454 1750 1481 Sed
1764 1454 1836 1480 anti-

1055 1492 1142 1525 quarii
1153 1511 1160 1520 .
1175 1491 1307 1517 vocabulo
1318 1498 1351 1517 ett
1367 1491 1508 1524 superiore
1521 1490 1590 1517 linea
1614 1490 1665 1516 huc
1691 1489 1834 1521 translato,

1054 1526 1139 1552 locum
1157 1531 1344 1558 corruperunt.

1086 1562 1141 1595 (80)
1153 1561 1212 1587 Τῶν
1222 1560 1299 1594 παρὰ
1310 1561 1343 1588 τὸ
1356 1560 1484 1594 ἀκριϐὲς,
1493 1560 1531 1592 ὡς
1538 1558 1627 1592 εἰκὸς,
1640 1559 1836 1595 κρατούντων.

1051 1593 1136 1623 11ιιίιο
1151 1596 1238 1622 locum
1261 1593 1317 1623 non
1347 1593 1537 1623 intellexerunt
1561 1596 1730 1628 interpretes.
1757 1593 1837 1623 Solus

1052 1631 1188 1658 Museulus
1205 1638 1312 1658 sensum
1331 1635 1472 1658 assecutus
1483 1636 1524 1658 est
1537 1649 1543 1661 ,
1561 1630 1607 1656 sed
1627 1638 1657 1657 ex
1681 1635 1756 1664 parte
1774 1634 1834 1655 tan-

1053 1672 1118 1693 ttnn.
1141 1666 1186 1693 Sic
1201 1667 1271 1692 enim
1287 1667 1366 1693 vertit
1384 1674 1390 1691 :
1408 1665 1441 1692 Et
1460 1667 1510 1692 ista
1527 1665 1704 1699 jejunantium
1723 1665 1834 1690 varietas

1053 1707 1141 1728 nostro
1163 1702 1268 1728 demum
1288 1707 1419 1734 (corpore.
1443 1702 1486 1727 sed
1511 1701 1592 1727 multo
1612 1704 1689 1726 antea
1709 1707 1753 1733 per
1775 1699 1834 1724 illo»

1053 1737 1138 1768 ((Bpll,
1154 1737 1199 1771 qui
1214 1742 1273 1762 ante
1285 1745 1330 1763 nos
1343 1742 1438 1770 prazter
1449 1740 1603 1762 accuratam
1619 1735 1792 1771 diligentiam,
1806 1740 1833 1760 ut

1054 1769 1192 1798 verisimile
1207 1775 1243 1798 est
1258 1791 1265 1803 ,
1285 1779 1372 1797 rerum
1398 1771 1505 1797 habenis
1529 1771 1622 1804 potiti,
1643 1769 1785 1803 simplicem
1804 1777 1836 1795 at:

1054 1806 1186 1840 vulgatam
1206 1807 1419 1832 consuetudinem
1431 1807 1634 1840 pasthabuerunt
1648 1813 1678 1831 ac
1690 1808 1835 1831 mutmunt.

1056 1842 1102 1868 Est
1125 1847 1198 1868 certe
1223 1842 1264 1867 ltic
1290 1841 1381 1868 lrcntei
1406 1841 1482 1868 locus
1497 1841 1639 1868 admodum
1656 1840 1796 1866 intricatus
1810 1845 1836 1865 ct

1055 1878 1194 1904 obscurus.
1209 1875 1270 1902 Vult
1287 1881 1376 1902 autem
1392 1877 1535 1903 ostendere
1554 1875 1668 1903 lrenmus
1685 1875 1755 1901 unde
1776 1880 1837 1901 orta

1057 1913 1092 1938 sit
1107 1916 1179 1938 tanta
1198 1911 1344 1938 diversitas
1355 1911 1448 1946 jejunii
1463 1911 1608 1945 paschalis.
1623 1910 1667 1936 Ait
1680 1910 1761 1946 igitur
1775 1916 1835 1935 eam

1057 1951 1146 1973 natam
1161 1954 1220 1973 esse
1236 1954 1286 1973 non
1310 1953 1342 1973 ex
1369 1947 1426 1981 lege
1449 1947 1535 1980 aliqua
1559 1947 1592 1972 ab
1613 1945 1741 1979 apostolis
1762 1949 1805 1970 aut
1821 1951 1836 1971 a

1058 1982 1164 2009 Christo
1175 1983 1249 2014 data,
1264 1982 1310 2008 sed
1322 1981 1450 2015 paulatitn
1464 1989 1511 2008 usu
1523 1982 1637 2016 quodam
1653 1980 1836 2016 iucrebuisse;

1059 2025 1091 2043 ac
1113 2022 1207 2051 postea
1224 2017 1365 2051 episcopos
1381 2015 1570 2050 quosdam,in
1583 2017 1615 2042 iis
1629 2023 1688 2048 qua:
1706 2015 1739 2051 ad
1757 2015 1839 2041 disci-

1059 2050 1158 2086 plinam
1178 2053 1311 2086 pertinent
1327 2060 1421 2086 partim
1438 2051 1579 2084 diligentes
1602 2058 1650 2077 nec
1671 2050 1735 2086 satis
1757 2057 1835 2086 accu~

1060 2084 1151 2118 ratos,
1166 2084 1191 2113 id
1215 2088 1285 2121 quod
1300 2084 1458 2118 simpliciter
1481 2086 1664 2112 introductuut
1683 2084 1785 2117 fuerat,
1807 2084 1839 2111 li-

1061 2127 1103 2149 cet
1119 2122 1256 2157 singulare
1269 2125 1296 2148 ct
1308 2122 1341 2148 ab
1357 2122 1470 2147 aliarum
1502 2121 1683 2148 Ecclesiarutn
1706 2127 1780 2157 more
1803 2121 1840 2157 di-

1061 2155 1178 2189 versunf,
1197 2157 1222 2183 iu
1237 2157 1463 2184 consuetudinem
1480 2157 1593 2183 vertisse
1608 2163 1639 2182 ac
1657 2155 1770 2188 posteris
1791 2155 1839 2181 ob-

1060 2193 1222 2219 servandum
1237 2192 1387 2226 reliquisse.
1405 2190 1587 2223 lleprebendit
1609 2191 1689 2225 igitur
1712 2191 1771 2216 illos
1787 2191 1840 2216 lrc-

1059 2235 1140 2260 mnus,
1154 2229 1224 2262 quod
1240 2225 1314 2262 παρᾶ
1330 2227 1360 2253 τὸ
1373 2226 1488 2261 ἀκριϐές
1500 2227 1612 2261 egerint.
1631 2226 1677 2252 Est
1689 2226 1765 2262 cuitu
1783 2225 1841 2262 dili-

1058 2270 1146 2297 gentis
1163 2260 1302 2296 citisc0pi,
1329 2260 1419 2289 videre
1440 2271 1472 2288 tte
1497 2263 1560 2296 quid
1579 2269 1677 2297 novum
1698 2261 1724 2297 iu
1747 2260 1840 2297 Eccle-

1058 2295 1126 2325 sium
1151 2295 1294 2324 inducatur
1327 2302 1427 2331 praeter
1458 2295 1622 2331 reliquarum
1659 2295 1839 2331 Ecclesiarum

1058 2334 1292 2361 coasnetudtnetn.
1322 2330 1359 2358 lta
1388 2330 1525 2358 Socrates,
1536 2332 1607 2358 hunc
1632 2331 1725 2357 lreuaei
1753 2330 1839 2357 locum

1058 2369 1162 2402 cepisse
1176 2369 1280 2394 videtur
1295 2370 1321 2394 in
1337 2375 1396 2401 cap.
1410 2367 1445 2393 ‘2').
1469 2367 1516 2394 ιιι).
1535 2374 1560 2398 v,
1579 2366 1623 2392 ubi
1650 2366 1841 2402 ιιοδιῳιιιιιιμόε

1056 2400 1219 2438 jejuniorum
1238 2408 1266 2430 et
1282 2402 1467 2436 hujuscemodi
1488 2403 1585 2428 rituum
1603 2402 1673 2435 apttd
1691 2400 1842 2438 varias

1058 2436 1155 2466 etesias
1170 2438 1352 2471 discrepantia
1364 2437 1617 2467 abundedisseruit,
1630 2438 1665 2462 ita
1682 2436 1818 2471 concludit
1833 2445 1840 2462 :

1059 2475 1143 2501 Λῖτιοι
1160 2474 1223 2509 γὰρ,
1241 2473 1278 2505 ὡς
1295 2472 1431 2509 ἠγοῦμαι,
1449 2472 1498 2509 τῆς
1511 2471 1639 2506 τοιαύτης
1651 2470 1801 2509 ῥιαφωνίᾳς
1816 2471 1841 2509 οἱ

1059 2510 1130 2537 κατὰ
1154 2506 1248 2544 καιρὸν
1272 2506 1325 2536 τῶι)
1349 2506 1515 2544 Ἐκκξιησιῷν
1545 2506 1727 2542 προεστῶτες
1758 2507 1784 2544 oi
1813 2506 1842 2533 δὲ

1059 2545 1143 2571 ταῦτα
1161 2541 1378 2579 παραλαῦόντες.
1408 2541 1533 2577 ᾧ⁷νόμον
1564 2544 1619 2574 τοῖς
1643 2541 1842 2577 ἐπιγινομένοις

1060 2580 1248 2615 παρέγραψαν.

1107 2612 1159 2648 δη·
1183 2612 1213 2641 Ἠ
1232 2614 1376 2647 διαφωνία
1397 2613 1451 2647 τῆς
1468 2613 1610 2646 νηστείας
1630 2613 1684 2647 τὴν
1702 2612 1842 2647 ὁμόνοιαι·

1060 2649 1115 2685 τῆς
1139 2651 1268 2683 πίστεως
1304 2650 1478 2683 συνίστησι.
1511 2649 1580 2675 Idem
1606 2649 1643 2674 ait
1677 2649 1789 2685 August.
1813 2649 1840 2685 in

1061 2683 1141 2720 epist.
1157 2686 1200 2718 86,
1217 2689 1250 2712 ad
1267 2685 1453 2712 Casulantnn:
1477 2684 1516 2720 Sit
1538 2692 1599 2718 ergo
1621 2692 1673 2710 una
1697 2683 1761 2716 ﬁdes
1786 2683 1843 2709 uni-

1061 2718 1140 2748 versa:
1154 2730 1213 2755 qua:
1233 2721 1326 2755 ubique
1335 2721 1464 2746 dilatatur
1479 2718 1613 2748 Ecclesiw.
1627 2724 1750 2755 tanquam
1769 2719 1840 2755 intus

1061 2757 1088 2783 in
1105 2754 1226 2782 membris
1236 2776 1244 2787 ,
1257 2754 1359 2782 etiamsi
1372 2756 1428 2789 ipsa
1444 2755 1505 2788 [idei
1518 2755 1604 2780 unitas
1622 2754 1781 2787 quibusdam
1800 2754 1842 2779 di-

1062 2792 1143 2818 versis
1156 2791 1380 2817 observationibus
1392 2791 1553 2819 celebratur.
1569 2790 1662 2823 quibus
1677 2790 1750 2815 nullo
1763 2789 1839 2815 modo

1062 2828 1130 2862 q-tod
1140 2828 1166 2853 iu
1176 2826 1228 2860 ﬁde
1241 2834 1329 2853 verum
1342 2831 1389 2857 est,
1406 2826 1554 2859 impeditur.
