1996 3165
278 175 329 203 507

651 173 785 201 EUSEBll
805 174 1039 204 CJESARIENSIS
1057 177 1131 205 OPP.
1152 177 1241 205 PARS
1259 177 1280 207 1.
1301 193 1335 199 -
1351 176 1546 206 HISTORICA.

1847 181 1899 208 508

279 236 461 263 Ecelesiarum
473 234 642 269 presbyteris
657 235 703 269 qui
715 235 740 262 id
752 236 944 269 observabant,
959 237 1058 264 Eucha-

1115 246 1209 270 σαντες
1225 238 1293 274 πρὸς
1307 237 1428 270 ἑαυτούς.
1442 238 1510 265 Οὔτε
1523 238 1577 273 γὰρ
1590 238 1604 264 ό
1625 237 1762 274 Ἀνίκητος
1783 239 1827 265 τὸν
1847 240 1900 266 llo-

279 280 380 308 ristiam
397 279 616 307 transmiserunt.
632 279 734 308 Etcum
749 281 920 308 beatissimus
935 281 1062 317 Polycar-

278 333 327 360 pus
341 325 446 353 Aniceti
460 325 628 360 temporibus
647 326 760 353 Romam
776 327 906 359 venisset,
922 332 1004 362 atque
1019 328 1061 354 in-

278 375 319 398 ter
329 370 388 397 illos
400 371 432 398 de
447 371 607 406 quibusdam
624 371 685 399 aliis
701 372 780 399 rebus
794 373 899 399 modica
913 377 984 400 esset
998 380 1062 400 cen-

277 416 420 448 troversia,
445 417 538 444 statim
562 421 656 444 mutuo
671 418 745 452 pacis
769 417 863 445 osculo
877 425 907 445 se
928 418 1060 453 complexi

277 467 350 494 sunt,
363 462 396 489 de
409 462 460 489 hoc
474 462 563 497 capite
576 471 629 490 non
644 471 807 498 magnopere
821 464 893 491 inter
901 472 938 492 -se
950 470 1062 492 conten-

276 508 384 535 dentes.
405 508 498 543 Neque
511 509 582 535 enim
595 509 724 536 Anicetus
735 509 886 545 Polyearpo
899 512 1063 545 persuadere

277 562 396 589 unquam
413 559 520 588 poterat
537 559 564 581 ut
578 554 725 582 observare
736 556 884 589 desineret,
903 557 1002 592 quippe
1016 558 1060 593 qui

277 608 338 628 cum
354 599 458 629 Joanne
475 601 579 628 Domini
608 602 693 628 nostri
709 602 853 636 discipulo,
869 607 896 630 et
911 611 971 630 cum
996 604 1061 631 reli-

278 646 340 682 quis
352 647 482 681 apostolis
502 647 662 682 quibuscum
684 648 854 676 familiariter
869 649 984 682 vixerat,
1000 657 1061 677 eum

279 702 382 721 morem
399 699 528 729 perpetrm
541 695 722 721 oliserrasset.
743 693 835 729 Neque
850 696 912 722 item
932 695 1061 730 Polycar-

279 746 328 774 pus
341 740 451 766 Aniceto
466 741 628 774 persuadere
641 746 752 767 conatus
772 744 814 767 est
832 746 860 767 ut
877 740 1036 767 observaret
1053 761 1060 772 ,

277 791 339 811 cum
354 784 483 811 Anicetus
505 791 598 811 eorum
615 784 660 819 qui
676 789 739 811 ante
754 791 783 811 se
805 783 911 811 fuerant
928 785 1063 820 presbyte-

278 837 370 856 rorum
400 836 501 856 morem
520 829 570 856 sibi
597 829 768 856 retinendum
793 836 853 856 esse
871 829 982 858 diceret.
997 829 1062 862 Qua:

277 882 338 903 cum
357 875 392 902 ita
409 883 439 902 se
456 875 599 906 baberent.
614 876 850 902 communicarunt
862 875 912 902 sibi
928 875 1057 902 invicem:

1113 284 1251 320 λύκαρπον
1264 286 1355 311 πεῖσαι
1371 284 1481 311 ἐδύνατο
1495 284 1531 320 μὴ
1544 285 1647 320 τηρεῖν,
1659 284 1706 311 ἅτε
1717 284 1786 320 μετὰ
1808 285 1899 312 Ἰωάν-

1113 338 1159 356 νου
1174 330 1220 356 τοῦ
1240 329 1360 365 μαθητοῦ
1377 330 1423 357 τοῦ
1444 331 1544 366 Κυρίου
1559 330 1648 366 ἡμῶν,
1661 331 1708 358 καὶ
1726 331 1780 358 τῶν
1796 331 1898 359 λοιπῶν

1114 374 1270 401 ἀποστόλων
1277 373 1316 406 οἷς
1325 375 1517 411 συνδιέτριψεν,
1531 376 1574 402 ἀεὶ
1581 385 1681 412 τετηρη
1687 377 1763 409 κάτα,
1772 376 1833 404 οὔτε
1845 378 1897 413 μὴν

1112 421 1126 446 ὁ
1142 419 1317 456 Πολύκαρπος
1332 419 1378 446 τὸν
1400 420 1538 455 Ἀνίκητον
1553 420 1644 447 ἔπεισε
1666 423 1768 457 τηρεῖν,
1784 422 1896 457 λέγοντα

1112 465 1161 499 τὴν
1178 465 1319 500 συνήθειαν
1335 465 1389 491 τῶν
1412 464 1462 499 πρὸ
1475 464 1555 491 αὑτοῦ
1575 465 1765 502 πρεσϐυτέρων
1780 467 1895 502 ὀφείλειν

1112 510 1244 545 κατέχειν.
1263 510 1318 536 Καὶ
1337 509 1438 536 τούτων
1458 509 1544 541 οὕτως
1565 510 1689 546 ἐχόντων,
1714 511 1895 548 ἐκοινώνησαν

1112 557 1233 587 ἑαυτοίςσ
1245 556 1292 582 καὶ
1303 557 1331 582 ἐν
1340 557 1372 591 τῇ
1392 556 1540 592 Ἐκκλησία
1549 555 1743 592 παρεχώρησεν
1754 557 1768 583 ὁ
1789 557 1896 595 Ἀνίκη-

1111 610 1157 632 τος
1171 601 1220 637 τὴν
1227 601 1409 637 Εὑχαριστίαν
1422 601 1477 636 (89)
1493 601 1531 637 τῷ
1542 601 1722 637 Πολυκάρπῳ,
1738 603 1796 629 κατ’
1806 603 1896 639 ἐντροη

1113 647 1166 682 πὴν
1182 647 1313 682 δηλονότι,
1329 647 1376 673 καὶ
1397 647 1454 683 μετ’
1471 648 1581 683 εἱρήνης
1603 648 1650 674 ἀπ’
1673 647 1794 683 ἀλλήλων
1810 648 1896 684 ἀπηλ-

1112 692 1244 728 λάγησαν,
1271 692 1360 727 πάσης
1383 692 1431 727 τῆς
1459 692 1621 727 Ἐκκλησίας
1645 693 1756 729 εἰρήνην
1779 693 1896 728 ἐχόντων

1111 738 1165 764 τῶν
1183 738 1337 774 τηρούντων
1351 738 1397 765 καὶ
1415 738 1451 774 μὴ
1466 738 1628 775 τηρούντων.
1646 749 1655 765 ι
1678 740 1731 765 Καὶ
1748 741 1762 766 ὀ
1782 739 1830 774 μὲν
1848 739 1896 766 El.-

1114 785 1223 820 ρηναῖος
1237 783 1396 820 φερώνυμός
1412 792 1453 815 τις
1470 783 1508 810 ὣν
1529 786 1561 820 τῇ
1579 785 1760 821 προσηγορίᾳ,
1775 785 1849 821 αὐτῷ
1864 794 1895 813 τε

1111 831 1152 866 τῷ
1165 831 1256 867 τρόπῳ
1263 831 1442 868 εἰρηνοποιὸς,
1455 831 1564 858 τοιαῦτα
1574 832 1642 868 ὑπὲρ
1651 833 1698 867 τῆς
1710 832 1763 859 τῶν
1781 832 1896 868 Ἐκκλη-

1114 873 1178 900 σιῶν
1199 875 1310 910 εἰρήνης
1333 875 1482 910 παρεκάλει
1498 884 1527 902 τε
1552 876 1597 903 καὶ
1619 876 1792 913 ἐπρέσϐευεν.
1816 878 1844 904 '0
1871 877 1895 904 δ’

281 925 309 948 at
322 921 450 948 Anicetus
475 921 501 948 in
519 921 640 948 Ecclesia
667 921 844 948 consecrandi
869 928 967 947 munus
985 920 1058 956 Poly-

1115 920 1196 952 αὐτὸς
1220 921 1250 947 οὐ
1268 921 1340 956 μόνῳ
1357 921 1396 947 τῶ
1419 921 1538 958 Βίκτορι,
1556 922 1602 949 καὶ
1615 923 1752 959 διαφεροις
1770 923 1798 950 δὲ
1818 923 1895 950 πλεί-

276 974 360 1002 carpo
376 967 487 995 honoris
514 975 596 994 causa
625 967 762 994 concessit
777 975 794 1003 τ,
813 966 975 1000 tandemque
1001 974 1062 993 cum

277 1020 343 1047 pace
358 1020 372 1040 a
388 1020 417 1040 se
436 1013 550 1040 invicem
563 1013 767 1040 discesserunt:
788 1015 841 1038 tam
863 1012 895 1039 iis
909 1011 954 1046 qui
969 1011 1062 1039 obser-

1115 975 1188 998 στοις
1200 967 1327 1003 ἄρχουσιν
1336 967 1512 1003 Ἐκκλησιῶν,
1527 967 1562 994 τὰ
1577 968 1731 1005 κατάλληλα
1739 969 1773 995 δι’
1787 969 1895 995 ἐπιστο-

1111 1011 1165 1040 λῶν
1180 1013 1243 1049 περὶ
1259 1013 1305 1039 τοῦ
1327 1014 1504 1050 κεκινημένου
1524 1015 1678 1050 ζητήματος
1692 1014 1797 1050 ὡμίλει.

277 1057 388 1090 vabant,
419 1065 500 1093 quam
519 1058 571 1085 illis
600 1059 644 1093 qui
664 1058 775 1086 minime
792 1058 987 1091 observabant,
1003 1065 1094 1092 pacem
1114 1059 1386 1093 communionemque
1413 1061 1495 1088 totius
1518 1061 1645 1088 Ecclesiae
1673 1061 1861 1089 retinentibus.
1881 1069 1891 1088 ι

277 1104 317 1132 Ac
331 1103 448 1130 [remeas
463 1104 570 1138 quidem
587 1103 689 1130 nomini
719 1111 768 1131 suo
795 1111 859 1131 vere
878 1104 1045 1138 respondens
1059 1123 1066 1136 ,
1086 1111 1135 1130 nec
1153 1104 1210 1131 solo
1226 1105 1344 1138 nomine,
1375 1106 1422 1132 sed
1437 1106 1519 1132 etiam
1537 1105 1599 1132 vita:
1616 1106 1737 1133 instituto
1753 1113 1784 1133 ac
1797 1113 1896 1140 propo-

276 1150 330 1178 sito
346 1149 484 1185 paciﬁcus,
505 1158 554 1186 pro
570 1151 749 1178 Ecclesiarutn
779 1158 846 1186 pace
860 1150 917 1179 lucc
934 1151 1038 1178 monuit
1068 1155 1096 1179 et
1114 1151 1250 1185 allegavit.
1270 1152 1325 1180 Nec
1341 1160 1404 1180 vero
1417 1152 1452 1179 ad
1474 1152 1553 1189 195,
1575 1152 1709 1180 Victorem
1733 1153 1831 1187 solum,
1847 1154 1895 1182 sed

275 1195 310 1223 ad
330 1195 428 1223 multos
445 1195 513 1222 alios
528 1195 708 1222 Ecelesiarum
718 1196 854 1224 antistites
865 1196 899 1224 de
910 1196 1059 1231 quaestione
1077 1197 1217 1232 proposita
1233 1197 1336 1225 litteras
1349 1197 1376 1224 in
1390 1197 1511 1225 eamdem
1525 1198 1686 1225 sententiam
1699 1199 1781 1226 misit.

557 1243 669 1270 CAPUT
689 1243 772 1272 XXV.

278 1289 415 1324 Quomodo
427 1290 512 1317 cuncti
537 1290 564 1328 in
580 1297 658 1316 unam
673 1290 830 1328 sententiam
848 1289 880 1316 de
892 1290 934 1316 die
949 1288 1058 1316 Pinc/ta:

574 1326 750 1351 convenerint.

313 1371 438 1406 Episcopi
454 1379 520 1399 vero
533 1370 679 1400 l’almstinze
691 1378 759 1406 quos
775 1370 853 1405 paulo
865 1378 945 1405 supra
958 1377 1057 1397 memo-

277 1417 409 1449 ravimus,
422 1416 566 1444 Narcissus
588 1417 693 1444 scilicet
707 1421 734 1444 et
749 1416 914 1450 Theophilus
929 1436 936 1448 ,
952 1422 979 1443 et
996 1424 1056 1444 cum

278 1462 331 1490 illis
341 1462 452 1490 Cassius
466 1462 542 1497 Tyri,
553 1467 580 1489 et
592 1462 687 1489 Clarus
705 1462 877 1490 Ptoletnaidis
885 1463 1017 1497 episcopi,
1031 1468 1058 1490 et

277 1508 323 1544 qui
340 1509 419 1535 simul
435 1516 495 1536 cum
510 1508 575 1542 ipsis
587 1514 781 1540 convenerant,
795 1513 938 1544 postquam
951 1510 984 1536 de
1002 1514 1057 1536 tra-

277 1554 380 1581 ditione
396 1553 447 1580 diei
465 1553 614 1586 Paschalis,
628 1561 688 1589 quae
701 1555 756 1589 jam
784 1555 846 1582 inde
872 1556 906 1582 ab
925 1555 1058 1590 apostolis

278 1601 312 1627 ad
325 1601 398 1635 ipsos
410 1600 538 1627 continua
553 1601 724 1628 successione
749 1606 916 1633 manaverat,
932 1602 1013 1630 multa
1030 1603 1056 1629 in
1072 1616 1092 1644 ο

277 1646 334 1673 suis
347 1645 446 1672 litteris
458 1646 655 1678 disseruerunt,
674 1646 780 1673 tandem
791 1646 825 1674 ad
839 1647 921 1674 finem
937 1647 1058 1682 epistolas

278 1692 321 1720 his
336 1696 449 1718 utuntur
464 1692 556 1720 verbis
570 1701 576 1719 :
592 1701 602 1718 ι
621 1692 688 1720 Date
705 1699 814 1727 operam
835 1698 864 1720 ut
877 1693 998 1728 epistola:
1011 1702 1058 1721 no-

278 1742 342 1765 stra:
355 1737 519 1772 exemplaria
533 1745 581 1772 per
593 1745 688 1765 omnes
703 1738 839 1766 Ecclesias
855 1738 1008 1770 mittantur,
1023 1747 1056 1766 ne

277 1783 358 1810 nobis
372 1782 474 1810 crimen
488 1783 620 1817 iinputent
635 1782 680 1817 qui
697 1783 801 1810 animas
815 1790 878 1810 suas
898 1790 912 1810 a
929 1787 1002 1810 recto
1013 1791 1058 1810 ve-

278 1829 367 1857 ritatis
398 1829 504 1857 tramite
528 1829 606 1856 facile
634 1829 783 1856 abducunt.
803 1828 868 1855 Illud
883 1829 965 1856 etiam
982 1829 1058 1856 vobis

278 1875 484 1910 signiﬁcamus,
513 1876 608 1903 eodem
640 1883 693 1909 quo
713 1875 783 1910 apud
809 1882 857 1902 nos
884 1874 927 1902 die
956 1874 1057 1901 Pascha

278 1921 451 1950 Alexandria:
463 1921 604 1950 celebrari.
621 1921 642 1948 A
659 1921 737 1949 nobis
751 1921 822 1948 enim
840 1921 874 1948 ad
892 1920 962 1953 illos,
978 1925 1004 1947 et
1017 1921 1057 1947 vi—

278 2017 305 2045 ld
322 2023 374 2043 non
391 2015 465 2048 dicit,
479 2015 531 2042 nisi
544 2015 612 2042 forte
625 2022 658 2041 ex
674 2015 798 2041 versione
811 2014 1057 2048 Christcphorsoui.

278 2052 334 2079 Hoc
345 2056 448 2078 tantum
476 2052 513 2077 ait
539 2051 663 2079 Irenaans,
679 2058 738 2076 cum
766 2049 929 2085 Pulycarpus
946 2050 1058 2077 Romam

277 2087 396 2114 venisset
414 2086 518 2112 Aniceti
536 2086 745 2119 temporibus,et
764 2085 834 2111 leves
854 2086 982 2119 quasdam
998 2094 1057 2111 t'ttttt

279 2122 324 2149 illo
343 2122 376 2148 de
397 2121 456 2147 aliis
478 2121 559 2147 rebus
583 2120 781 2146 controversias
800 2120 946 2149 habuisset.
964 2122 1059 2146 ambos

279 2161 369 2183 tamen
384 2155 455 2182 illico
471 2163 561 2189 pacem
577 2155 646 2181 inter
658 2163 687 2182 se
708 2155 814 2186 fecisse,
831 2162 862 2180 ac
875 2155 908 2181 de
923 2154 992 2181 festo
1008 2155 1058 2181 I’a-

278 2193 352 2218 lclta!
378 2190 497 2217 noluisse
514 2190 583 2216 inter
603 2197 632 2216 se
654 2190 829 2217 contendere.
846 2189 904 2215 Non
930 2190 1010 2224 igitur
1023 2191 1058 2217 ul)

278 2226 452 2260 qua-stionem
470 2225 502 2251 de
517 2225 584 2251 iesto
598 2224 718 2255 Pascbm,
731 2225 778 2251 sed
793 2224 836 2260 ob
846 2225 913 2250 alias
927 2226 1057 2258 quasdam

278 2259 477 2288 controversias
501 2260 756 2294 ltmnamrvenerat
793 2259 965 2294 Polycarpns.
995 2261 1058 2286 Srio

279 2296 471 2329 Hieronymum
487 2295 513 2321 in
529 2294 595 2321 libro
614 2293 652 2320 De
666 2295 755 2328 script.
777 2293 854 2324 ccc-1.,
874 2294 981 2320 Barouii
996 2304 1056 2321 δειιι-

279 2331 390 2358 tentiam
416 2331 588 2357 conﬁrmare.
611 2329 657 2356 Sic
684 2330 755 2356 enim
776 2329 813 2364 ait
831 2330 863 2355 de
890 2329 1056 2364 l‘olycarpn:

280 2365 332 2393 Hic
345 2371 450 2400 propter
470 2363 598 2400 quasdam
612 2372 691 2400 super
710 2365 755 2400 die
781 2363 888 2390 Pascha:
903 2365 1058 2397 quwuiottes

278 2402 326 2428 sub
342 2398 404 2435 imp.
420 2398 552 2426 Antonino
570 2398 630 2430 Pio,
651 2398 796 2435 Ecclesium
823 2404 923 2432 regente
939 2400 1057 2432 Anicato,

280 2436 390 2462 Romam
403 2436 479 2463 venit.
500 2435 538 2460 lta
556 2435 635 2461 etiam
654 2434 786 2461 Eusebius
801 2439 893 2460 uester
911 2435 936 2460 ill
954 2435 1001 2462 lib.
1019 2442 1056 2466 ιν,

279 2478 338 2505 cap.
357 2471 384 2498 4.
407 2471 461 2498 Sed
484 2477 544 2496 cum
563 2469 743 2505 Hieronymus
760 2469 785 2496 id
803 2477 835 2496 ex
858 2469 970 2505 Eusebio
982 2477 1056 2496 Slllll-

278 2503 382 2540 pserit,
403 2506 533 2532 Eusebius
559 2511 649 2531 autent
667 2503 707 2531 'ex
733 2503 842 2536 lreiimo,
870 2504 1056 2540 inquirendmn

277 2539 319 2569 est
337 2548 352 2567 a
368 2541 459 2570 nobis,
474 2548 526 2567 ιιοιι
543 2539 607 2573 quid
621 2539 752 2576 Eusebius
765 2539 862 2566 dixerit
879 2548 910 2567 ac
927 2539 1058 2576 Hierony-

277 2583 347 2607 mus,
363 2577 409 2602 sed
423 2576 511 2608 potius
530 2576 594 2609 quid
614 2575 727 2602 senserit
743 2575 868 2602 lreumus.

312 2611 367 2646 (89)
386 2609 600 2646 Παρεχὼρησεν
624 2611 640 2637 ό
671 2610 819 2643 Ἀνίκητος
850 2609 1057 2646 τὴνῨΕὑχαρι-

278 2646 376 2673 etiam
392 2645 468 2673 lluuc
491 2647 620 2672 honorem
635 2646 762 2672 Anicetus
785 2646 901 2679 pontifex
920 2645 1057 2672 Romanus

279 2680 373 2716 habuit
388 2681 534 2708 venerabili
551 2681 607 2708 Seni
620 2681 777 2716 Polycarpo,
798 2686 826 2706 ut
838 2681 916 2706 illum
927 2689 951 2706 Ill
965 2680 1057 2706 Ecclc-

278 2715 318 2741 sia
338 2723 414 2742 sacra
439 2717 528 2742 facere
548 2717 658 2745 sineret.
672 2720 695 2742 et
730 2716 836 2750 quidem
861 2720 993 2750 prmsente
1014 2722 1054 2747 se,

279 2751 350 2783 quod
366 2751 393 2777 in
405 2752 500 2784 primis
522 2753 667 2778 notandum
682 2755 733 2777 est.
757 2751 801 2777 Sic
823 2750 915 2776 lrcna-i
929 2752 1010 2775 verba
1029 2756 1056 2776 et

281 2784 392 2811 Iiullnus
406 2790 433 2812 et
445 2786 532 2812 ueteri
544 2787 705 2820 interpretes
719 2790 889 2819 acceperunt.
902 2785 953 2812 Sed
969 2784 1055 2811 Fran-

280 2827 366 2846 CIscus
376 2820 497 2853 Floretts,
507 2827 660 2848 autecessor
676 2821 887 2852 Aurelianensis,
896 2822 935 2846 vir
949 2822 1054 2852 doctus,

279 2859 304 2879 et
318 2855 396 2881 nobis
412 2855 474 2881 dum
489 2856 556 2882 vixit
567 2856 765 2886 amicissimus.
787 2855 842 2882 haec
859 2856 950 2882 lremei
972 2858 1054 2882 verba

279 2889 536 2925 alrteriutelligenda
551 2898 611 2919 esse
632 2891 770 2918 contendit
783 2891 809 2918 ιιι
833 2895 948 2919 tractatu
964 2891 996 2918 ad
1019 2891 1053 2918 ti-

1359 1245 1555 1272 ΚΕΦᾹΛΔῙΟΝ
1577 1246 1640 1272 ΚΕ¹.

1114 1291 1212 1324 ὀπως
1223 1291 1283 1324 τοῖς
1294 1290 1368 1318 πᾶσι
1382 1292 1436 1327 μία
1445 1291 1546 1327 ψῆφος
1562 1292 1628 1327 περὶ
1641 1291 1693 1318 τοῦ
1707 1291 1813 1327 Πάσχα
1820 1301 1896 1319 σνν-

1302 1326 1437 1360 εφωνήθη
1450 1326 1558 1362 (Nich.
1572 1326 1605 1354 E.
1625 1335 1660 1359 tv,
1678 1327 1733 1362 56).

1145 1372 1178 1398 Ui’
1190 1381 1221 1406 γε
1235 1373 1288 1408 μὴν
1300 1372 1346 1398 ἐπὶ
1363 1372 1543 1408 Παλαιστίνης
1562 1372 1607 1404 οὓς
1625 1373 1724 1409 ἀρτίως
1738 1373 1895 1409 διεληλύθα-

1113 1426 1172 1453 μεν,
1191 1419 1205 1445 ὅ
1220 1427 1249 1445 τε
1269 1419 1423 1454 Νάρκισσος
1442 1419 1488 1445 καὶ
1510 1418 1647 1453 Θεόφιλος,
1671 1419 1717 1445 καὶ
1739 1420 1787 1445 σὺν
1803 1419 1895 1451 αὐτοῖς

1111 1464 1230 1496 Κάσσιος
1242 1464 1292 1499 τῆς
1305 1463 1377 1491 κατὰ
1390 1463 1477 1500 Τύρον
1499 1463 1659 1500 Ἐκκλησίας
1673 1464 1828 1496 ἐπίσκοπος,
1847 1465 1894 1491 καὶ

1111 1510 1218 1546 Κλάρος
1231 1510 1279 1545 τῆς
1292 1511 1321 1536 ὲν
1337 1510 1508 1546 Πτολεμαΐδι,
1524 1511 1550 1536 οἵ
1569 1519 1597 1537 τε
1617 1510 1687 1537 κατὰ
1701 1510 1802 1537 τούτων
1830 1519 1893 1537 συν-

1111 1555 1267 1592 εληλυθότες
1284 1556 1347 1592 περὶ
1357 1556 1406 1591 τῆς
1421 1555 1601 1591 κατελθοὺσης
1621 1557 1659 1587 εἰς
1675 1556 1771 1588 αὐτοὺς
1788 1557 1819 1582 ὲκ
1834 1555 1892 1582 δια-

1112 1601 1192 1637 δοχῆς
1213 1601 1266 1627 τῶν
1290 1601 1445 1628 ἀποστόλων
1463 1601 1586 1637 περὶτοῦ
1604 1601 1698 1637 Πάσχα
1720 1602 1894 1637 παραδόσεως

1110 1647 1221 1674 πλεῖστα
1236 1647 1411 1683 διειληφότες,
1432 1647 1503 1674 κατὰ
1516 1647 1545 1673 τὺ
1560 1647 1634 1680 τέλος
1656 1648 1704 1683 τῆς
1719 1648 1828 1684 γραφῆς
1843 1648 1893 1674 αὒ-

1109 1691 1164 1722 τοῖς
1179 1691 1296 1726 ῥήμασιν
1312 1691 1464 1726 ἐπιλέγουσι
1486 1691 1587 1718 ταῦτα·
1608 1701 1616 1717 ι
1638 1692 1692 1727 Τῆς
1708 1691 1729 1718 δ’
1750 1692 1894 1728 ἐπιστολῆς

1109 1736 1188 1771 ἡμῶν
1202 1737 1348 1773 πειράθητε
1365 1738 1435 1764 κατὰ
1452 1739 1541 1764 πᾶσαν
1564 1737 1726 1774 Ἐκκλησίαν
1739 1738 1893 1773 ἀντίγραφα

1110 1783 1322 1818 διαπέμψασθαι,
1349 1785 1421 1816 ὅπως
1449 1785 1485 1820 μὴ
1513 1785 1597 1820 ἔνοχοι
1619 1781 1693 1820 ὦμεν
1715 1786 1770 1814 τοῖς
1794 1784 1894 1820 ῥᾳδίως

1112 1828 1248 1855 πλανιῐισιν
1268 1829 1371 1856 ἑαυτῶν
1388 1830 1436 1862 τὰς
1454 1830 1553 1865 ψυχάς.
1569 1830 1707 1866 Δηλοῦμεν
1727 1831 1755 1857 δὲ
1775 1831 1838 1866 ὑμῖν
1852 1831 1893 1858 ὅτι

1111 1877 1143 1911 τῇ
1160 1875 1227 1910 αὐτῇ
1245 1876 1335 1911 ἡμέρᾳ.
1352 1876 1398 1902 καὶ
1418 1877 1447 1902 ὲν
1470 1876 1653 1912 Ἀλεξανδρείᾳ
1676 1876 1797 1911 ἄγουσιν,
1820 1874 1893 1913 ᾗπερ

1112 1921 1158 1948 καὶ
1173 1921 1261 1956 ἡμεῖς.
1278 1922 1345 1957 Παρ⁴
1372 1921 1448 1957 ἡμῶν
1464 1921 1518 1957 γὰρ
1533 1922 1567 1948 τὰ
1584 1923 1734 1958 γράμματα
1748 1922 1802 1957 (90)
1815 1923 1894 1958 κομί-

1111 2015 1194 2041 tulum
1211 2014 1226 2040 7
1242 2013 1420 2041 Dccretalium
1438 2014 1474 2040 De
1493 2014 1665 2040 translatione
1687 2013 1808 2045 episcopi.
1829 2012 1892 2039 Vult

1110 2050 1180 2076 enim
1206 2050 1347 2076 Anicetum
1372 2049 1525 2083 porrexisse
1547 2050 1677 2075 duntaxat
1694 2048 1890 2083 Eucharistiam

1109 2084 1269 2119 Polyearpo,
1287 2091 1338 2111 non
1372 2082 1460 2110 autem
1492 2084 1659 2111 concussisse
1679 2083 1715 2109 illi
1736 2082 1786 2119 jus,
1803 2090 1891 2119 sacra

1110 2117 1236 2155 ninIeria
1255 2119 1539 2155 celebrantliaYerntn
1559 2120 1580 2146 si
1609 2119 1677 2145 hunc
1695 2117 1787 2155 |r_en:e_i
1802 2118 1890 2155 locum

1109 2152 1145 2181 ita
1163 2154 1347 2187 intelligimus,
1362 2154 1426 2187 quid
1444 2153 1556 2180 honoris
1575 2154 1704 2180 tribututn
1717 2152 1797 2179 fuerit
1810 2152 1891 2187 Poly-

1109 2197 1189 2223 carpo
1202 2191 1235 2216 ab
1247 2190 1360 2215 Aniceto
1372 2190 1382 2215 7
1395 2189 1449 2215 llnc
1463 2190 1534 2215 ettittt
1559 2190 1659 2216 diserte
1676 2192 1750 2214 notat
1763 2187 1889 2220 lrenams,

1111 2222 1167 2250 ιιιιιι
1186 2225 1230 2251 illo
1249 2224 1330 2250 verbo
1346 2223 1536 2260 παρεχώρησε,
1551 2225 1620 2258 quod
1635 2225 1668 2250 de
1689 2231 1736 2249 suo
1749 2222 1809 2255 jure
1823 2231 1891 2260 qcon-

1110 2260 1206 2285 cedere
1239 2259 1369 2292 signiﬁcat
1388 2258 1399 2291 ζ
1419 2258 1478 2285 turn
1504 2260 1555 2286 illis
1586 2259 1676 2285 verbis
1706 2265 1766 2292 qua:
1796 2258 1889 2289 addit,

1109 2295 1168 2321 κατ’
1182 2294 1314 2329 ἐντροπὴν
1330 2293 1460 2328 δηλονότι,
1478 2294 1504 2320 Ιι]
1517 2299 1567 2326 est,
1580 2294 1686 2320 honoris
1696 2301 1780 2329 canui
1790 2297 1813 2319 et
1829 2301 1891 2319 con-

1109 2327 1336 2363 templutibnejut
1352 2331 1432 2356 vertit
1461 2329 1583 2356 Ruﬁnus.
1615 2330 1693 2355 Certe
1719 2329 1740 2354 si
1761 2327 1892 2354 Euchari-

1109 2365 1186 2391 stiam
1208 2369 1310 2390 tantum
1334 2363 1481 2399 Polycarpo
1500 2364 1665 2399 porrexissct
1675 2363 1812 2394 Anicetus,
1826 2363 1891 2399 illul-

1109 2399 1162 2426 Ιιιιιι
1173 2400 1196 2426 ci
1213 2398 1511 2433 prmcipttumhonorem
1524 2399 1673 2430 detulissel,
1689 2405 1747 2425 cum
1760 2398 1885 2433 nitinibus

1108 2432 1257 2469 peregrinis
1284 2435 1417 2468 episcopis
1447 2435 1472 2461 id
1503 2435 1602 2469 passim
1625 2433 1706 2460 tribui
1729 2432 1837 2463 soleret,
1860 2438 1887 2459 ut

1108 2468 1316 2504 cuiu’episcopo
1348 2469 1468 2496 civitatis
1504 2468 1602 2494 ’siruul
1636 2480 1657 2495 ei
1671 2468 1866 2494 mtuunicarcnt
1881 2487 1889 2497 ,

1107 2503 1330 2538 quemadmodum
1353 2505 1446 2531 scribit
1466 2505 1522 2539 ipse
1535 2504 1646 2531 Florens
1667 2503 1777 2529 ibidem.
1793 2504 1845 2529 Sed
1862 2508 1890 2529 et

1109 2539 1134 2565 in
1149 2539 1265 2566 concilio
1278 2539 1441 2571 Arelatensi,
1457 2541 1547 2574 capite
1569 2539 1613 2571 50,
1629 2539 1769 2565 decretum
1789 2543 1845 2570 est,
1860 2543 1890 2564 ut

1107 2575 1248 2609 peregrino
1262 2575 1387 2608 episcopo
1402 2575 1475 2601 loeus
1489 2574 1658 2600 sacrilieandi
1677 2574 1764 2609 detur.

1142 2607 1198 2644 (90)
1218 2607 1294 2644 Vulg)
1309 2609 1467 2644 παρ’ήμῶν
1475 2608 1509 2635 δὲ
1524 2609 1559 2635 τὰ
1575 2608 1735 2643 πράμματα.
1749 2607 1793 2644 Sic
1801 2615 1834 2644 ex
1844 2615 1890 2634 co.

1107 2645 1165 2672 dice
1181 2642 1262 2679 Regio
1270 2642 1354 2671 Edidit
1366 2642 1433 2672 Rob.
1446 2645 1608 2677 Stephanus.
1623 2646 1649 2670 lu
1659 2644 1751 2679 codice
1762 2642 1889 2679 llledtcreo

1107 2677 1401 2716 Ιεειιιιι-ξπαρίὴμῶνν
1421 2688 1450 2706 τε
1475 2679 1510 2705 τὰ
1531 2679 1699 2716 γράμματᾳχ
1721 2677 1889 2716 N_icep_ltoru_s

1107 2712 1170 2741 vero
1185 2715 1210 2741 in
1241 2712 1299 2749 cap.
1311 2712 1346 2742 3'6
1376 2715 1435 2741 libri
1459 2722 1484 2741 tv
1506 2712 1594 2745 habet,
1609 2712 1672 2749 παρ’
1688 2712 1765 2749 ήμῷν
1780 2712 1839 2749 γὰρΔ
1853 2712 1887 2739 τὰ

1106 2746 1365 2785 γράμματα,’ίιιηυο
1377 2750 1416 2776 ita
1431 2751 1516 2777 codex
1530 2746 1771 2780 Μπιιινὶιιίιε,ἶε“ιιίί.
1787 2754 1811 2774 et
1824 2746 1887 2785 ξαν.

1107 2782 1292 2819 [ambiguntur
1305 2782 1393 2813 autem
1409 2785 1452 2813 hic
1470 2785 1566 2812 litterae
1584 2785 1817 2817 Paschales,quas
1828 2782 1888 2817 ἐορ·

1105 2818 1235 2853 ταστικάς
1248 2822 1390 2847 vocabant.
1404 2822 1535 2847 Ca-teruiu
1552 2821 1609 2854 ejus
1622 2819 1716 2854 synodi
1736 2818 1887 2854 Caesarien-

1105 2857 1143 2882 sis
1166 2862 1226 2882 acta
1248 2857 1369 2889 quaedam
1385 2860 1491 2882 exstant
1512 2852 1581 2889 apud
1606 2852 1703 2881 ltellarn
1717 2854 1744 2880 in
1757 2853 1837 2889 libro
1850 2852 1888 2878 De

1108 2890 1206 2918 carnali
1221 2891 1388 2925 aquinoctic;
1405 2898 1464 2926 qua:
1480 2888 1543 2918 licet
1563 2898 1577 2916 a
1597 2889 1730 2917 nonnullis
1746 2888 1886 2923 illcgitima
