1996 3165
154 177 206 207 89⁵1

664 175 835 205 HISTORle
856 175 1130 204 ECCLESIASTICAE
1149 173 1212 202 LlB.
1232 173 1267 202 V.

1717 176 1766 204 498

155 236 199 265 καὶ
218 237 308 263 πᾶσαν
324 235 404 270 ἁγίαν
425 235 535 272 Γραφὴν
553 235 726 271 διεληλυθὼς,
748 236 778 262 οὺ
803 235 926 271 πτύρομα

990 235 1078 262 tribus
1094 239 1150 261 toto
1165 234 1231 260 orbe
1244 232 1372 268 dispersis
1386 239 1526 260 sermones
1549 239 1619 268 saepe
1643 235 1743 261 contuli
1757 254 1764 265 ,

154 284 197 310 ἐπὶ
211 284 266 314 τοῖς
282 280 556 316 καταπλησσομένοις.
573 281 604 307 01
618 280 671 316 γὰρ
681 280 748 316 ὲμοῦ
766 281 885 316 μείζονες
899 283 935 308 εἰ-

156 332 254 364 ρήκασι
265 335 271 341 ’
288 337 297 353 ι
311 327 471 362 Πειθαρχεῖν
479 326 519 353 δεῖ
530 326 589 362 Θεῷ
605 326 704 361 μᾶλλον
719 325 905 362 ἢάνθρώποις.
925 337 932 352 ι

155 374 265 405 Τούτοις
278 373 402 409 ἐπιφέρει
417 373 481 408 περὶ
496 372 603 399 πάντων
615 373 727 408 γράφων
742 372 795 398 τῶν
812 381 936 408 συμπαρ-

154 420 236 446 όντων
265 418 340 454 αὑτῷ
368 418 415 445 καὶ
437 417 634 453 ὁμοδοξούντων
661 417 825 448 ἐπισκόπων,
852 417 935 443 ταῦτα

153 465 253 500 λέγων·
278 475 287 491 ‹
310 465 460 500 Ἐδννέιμην
487 464 515 490 δὲ
541 463 595 490 τῶν
619 463 776 490 ἐπισκόπων
796 462 850 489 τῶν
869 471 936 498 συμ-

154 511 295 548 παρόντων
308 509 501 546 μνημονεῦσαι,
510 509 556 541 οὒς
563 510 641 544 ὑμεῖς
652 508 785 543 ἠξιώσατε
803 508 936 544 μετακλη-

153 558 233 594 θῆναι
262 558 306 584 ὑπ’
334 557 400 592 ἐμοῦ
418 556 482 591 (69),
508 556 555 582 καὶ
581 555 814 590 μετεκαλεσάμην·
840 551 877 580 ὧν
903 554 935 581 τὰ

152 603 272 638 ὀνόματα
286 603 333 629 ἐὰν
347 602 459 638 γράφω,
475 600 558 627 πολλὰ
573 600 662 636 πλήθη
677 600 754 627 εἰσίν.
779 601 810 626 0i
824 600 851 626 δὲ
869 600 935 626 ἰδόν-

151 657 198 680 τες
223 649 268 675 τὸν
296 648 391 683 μικρόν
420 655 469 682 μου
499 646 651 681 ἄνθρωπον,
675 645 876 681 συνηυδὸκησαν
902 646 934 679 τῇ

152 694 293 729 ἐπιστολῇ,
311 693 408 724 εἰδότες
424 693 464 718 ὅτι
483 692 543 727 εικῆ
559 691 654 722 πολιὰς
677 691 726 718 οὐκ
743 691 855 726 ἤνεγκα,
869 689 935 716 ἀλλὰ

151 742 181 768 ὲν
198 740 291 776 Κυρίῳ
310 738 396 773 Ἰησοῦ
411 739 525 765 πάντοτε
539 737 743 772 πεπολίτευμαι.
763 746 772 762 t
800 737 859 763 Ἐπὶ
874 736 935 762 τού-

150 795 208 819 τοις
219 788 234 813 ὁ
252 787 300 821 μὲν
317 786 365 821 τῆς
386 785 528 820 Ῥωμαίων
544 783 683 819 προεστὼς
698 783 813 818 Βίκτωρ,
831 782 935 818 ἀθρόως

149 834 199 868 τῆς
216 832 307 863 Ἀσίας
319 831 407 866 πάσης
424 830 481 865 ἄμα
494 831 552 861 ταῖς
567 829 676 865 ὁμόροις
697 829 868 864 Ἐκκλησίαις
888 828 935 859 τὰς

151 877 293 914 παροικίας
307 876 478 911 ἀποτέμνειν,
491 875 529 907 ὡς
544 874 762 910 ἑτεροδοξούσας,
783 874 830 908 τῆς
844 874 934 908 κοινῆς

148 923 273 954 ἑνώσεως
285 923 422 958 πειρᾶται,
437 922 483 948 κα).
510 919 661 956 στηλιτεύει
675 920 731 954 (70)
744 928 774 953 γε
790 920 832 946 διὰ
845 928 933 955 γραμ-
950 914 969 940 Β

150 969 252 1005 μάτων,
269 969 462 1003 ὰκοινωνήτους
474 967 557 1002 ἄρδην
569 966 671 998 πάντας
687 967 747 997 τοὺς
760 966 847 992 ἐκεῖσε
865 966 930 992 ἁνα-

148 1014 290 1048 κηρύττων
313 1011 452 1046 ἀδελφούς,
477 1010 544 1037 Ἀλλ’
565 1011 595 1037 οὐ
618 1011 683 1037 πᾶσι
700 1019 731 1044 γε
748 1012 802 1042 τοῖς
820 1011 931 1036 ἐπισκό-

147 1065 210 1090 ποις
239 1057 315 1084 ταῦτ’
347 1056 488 1092 ἠρέσκετο.
530 1054 832 1090 Ἀντιπαρακελεύονται
864 1055 931 1089 δῆτα

147 1103 234 1138 αὐτῷ,
256 1103 291 1129 τὰ
310 1103 359 1138 τῆς
377 1103 487 1138 εἰρήνης
509 1101 555 1128 κα).
573 1101 621 1135 τῆς
639 1101 707 1136 πρὸς
732 1101 794 1132 τοὺς
818 1100 930 1136 πλησίον

147 1148 270 1179 ὲνώσεως
295 1148 342 1174 καὶ
365 1147 474 1183 ἀγάπης
498 1148 614 1182 φρονεῖν.
631 1145 758 1182 Φέρονται
782 1146 808 1172 δὲ
831 1146 877 1172 καὶ
902 1147 929 1172 αἱ

145 1193 250 1220 τούτων
272 1193 370 1226 φωναὶ,
399 1190 621 1227 πληκτικώτερον
646 1191 857 1226 καθαπτομένων
882 1191 929 1218 τοῦ

146 1239 285 1274 Βίχτορος,
313 1239 357 1264 Ἐν
371 1234 411 1269 οἷς
428 1237 475 1264 κα).
494 1239 508 1264 ὁ
527 1237 668 1272 Εἰρηναῖος
688 1238 720 1264 ὲκ
737 1236 880 1272 προσώπου
892 1233 929 1262 ὧν

146 1285 238 1320 ἡγεῖτο
254 1284 309 1320 (71)
330 1283 400 1310 κατὰ
415 1283 464 1319 τὴν
484 1283 598 1310 Γαλλίαν
620 1283 740 1317 ἀδελφῶν
763 1283 928 1314 ἐπιστείλας,

182 1331 204 1346 ³⁷
219 1331 280 1359 Act.
298 1339 325 1358 ν.

145 1392 277 1419 teriorem
288 1390 432 1418 lectionem
447 1390 514 1418 Rob.
531 1390 667 1425 Stephano
683 1390 816 1425 placuisse
829 1391 924 1418 miror.

145 1428 226 1455 Certe
241 1426 354 1462 Buﬁnus
364 1426 446 1462 ἧρνυε
469 1426 542 1462 legit,
562 1430 593 1462 ut
608 1433 640 1452 ex
662 1426 788 1462 versione
803 1426 861 1460 ejus
875 1434 923 1461 ap-

145 1467 232 1496 paret.
247 1461 294 1488 Sic
313 1460 390 1488 enim
407 1461 497 1491 vertit,
522 1461 567 1494 qui
588 1469 675 1487 omnes
699 1461 736 1487 ita
755 1461 925 1488 observarunt

144 1495 215 1523 hunc
237 1496 316 1526 diem.
337 1500 365 1522 ut
387 1497 533 1522 conveniret
553 1504 610 1531 tum
632 1495 678 1522 illo
697 1503 748 1530 quo
769 1496 924 1531 fermentum

143 1532 300 1559 Judworum
312 1531 425 1565 populus
441 1530 539 1565 aufert.
555 1530 683 1566 Facessat
703 1531 783 1565 igitur
797 1531 924 1566 deinceps

144 1566 302 1593 emendatio
317 1573 418 1598 eorum,
443 1566 489 1600 qui
510 1565 592 1602 ἤρτυε
613 1565 646 1592 τὰ
667 1565 758 1601 ἄζυμα
779 1566 822 1593 hic
846 1565 924 1594 resti-

146 1606 233 1628 luunt.

179 1636 236 1671 (69)
255 1635 322 1671 νοῦς
341 1635 425 1670 ὑμεῖς
453 1634 599 1671 ἠξιώσατε
623 1635 845 1670 μετακληθῆναι
874 1638 924 1664 ὑπ’

143 1670 229 1706 ἐμοῦζ
249 1670 404 1707 Scripserat
421 1670 505 1707 igitur
521 1670 611 1698 Victor
624 1678 692 1704 papa
709 1673 741 1697 ad
756 1672 924 1707 Polycratem

145 1705 285 1740 Ephesium
300 1706 372 1732 urbis
386 1705 551 1740 episcopum,
567 1710 606 1738 ut,
621 1712 768 1733 convocato
783 1705 924 1739 episcopo-

144 1749 204 1768 rmn
220 1741 290 1768 Asia:
299 1740 422 1772 concilio,
441 1741 545 1768 litteras
568 1748 630 1767 suas
645 1745 671 1767 et
688 1742 849 1768 sententiam
868 1741 924 1769 Ro-

143 1776 218 1803 mani
241 1775 346 1802 concilii
360 1776 393 1802 de
414 1775 596 1802 celebratione
621 1775 680 1802 festi
706 1777 840 1810 paschalis
859 1777 925 1810 ipsis

145 1811 275 1838 recitaret
292 1818 299 1836 :
321 1810 439 1838 minatus
462 1817 521 1837 sese
542 1811 614 1837 illuni
629 1818 643 1837 a
660 1811 848 1838 communione
871 1812 925 1838 llo-

145 1853 232 1872 mana:
260 1845 385 1872 Ecclesia:
416 1850 629 1880 segregaturum,
660 1846 710 1872 nisi
740 1847 855 1873 decretis
869 1847 925 1873 suis

144 1881 356 1914 obtemperaret,
383 1885 409 1907 et
438 1880 518 1907 minis
544 1881 651 1913 quidem
681 1880 796 1908 Victoris
819 1881 854 1907 ita
878 1889 923 1908 re-

144 1915 258 1951 spondet
270 1915 424 1950 Polycrates
434 1916 484 1943 :0'3
495 1915 631 1951 πτύρομαι
645 1916 690 1941 ἐπὶ
697 1917 753 1947 τοῖς
770 1915 924 1951 καταπλησ-

145 1950 280 1986 σομένοις.
299 1951 431 1986 (jtetcrum
457 1951 527 1984 quod
540 1950 637 1986 attinet
655 1952 686 1977 ad
703 1950 922 1978 convocattonem

144 1987 346 2019 episcoporum,
361 1985 516 2020 Polycrates
539 1985 638 2013 Victori
660 1986 865 2021 obtemperavit,
895 1991 924 2013 nt

143 2028 178 2047 ex
193 2021 242 2047 hoc
255 2021 314 2047 loco
328 2025 448 2054 apparet.

181 2055 236 2090 (70)
264 2055 319 2082 Καὶ
347 2055 523 2089 στηλιτειίηςι.
560 2055 666 2088 Laugus
703 2055 808 2090 quidem
844 2059 924 2085 vertit

144 2095 229 2118 natat.
264 2090 400 2118 Musculus
431 2098 496 2117 vero
519 2095 546 2117 et
572 2091 831 2124 Clu-istophorsonns
863 2101 924 2119 ver-

144 2130 235 2152 terunt
259 2125 398 2157 inve/titur,
428 2126 623 2161 quiarscilicet
655 2126 854 2161 στηλιτευτικὸς
879 2127 923 2154 λό-

163 2168 192 2192 ος
217 2161 343 2187 invectiva
358 2161 441 2187 oratio
458 2160 566 2187 dicitur.
590 2160 722 2187 Cmteruin
741 2169 800 2188 cum
816 2164 872 2189 hau:
889 2165 922 2189 ab

144 2195 260 2222 Eusebio
285 2195 426 2222 obscurius
445 2200 553 2222 narrata
577 2196 641 2226 sint.
665 2196 740 2222 turriti
766 2197 923 2224 dubitarunt

145 2236 235 2257 utrum
261 2229 353 2270 Victor
371 2238 451 2270 papa
465 2230 600 2257 Ecclesias
615 2231 684 2272 Asia:
707 2239 722 2257 a
735 2234 923 2260 communione
940 2245 961 2272 ι)

145 2273 194 2292 sua
211 2272 303 2292 revera
317 2265 475 2299 sejunxerit,
502 2273 536 2291 an
558 2273 620 2291 vero
641 2266 667 2292 id
683 2271 783 2292 tantum
808 2273 922 2294 conatus

144 2305 226 2334 atque
242 2301 430 2327 interminatus
444 2301 487 2327 sit.
509 2301 586 2333 Quod
613 2301 646 2327 ad
670 2308 713 2327 me
738 2301 844 2333 attinet,
872 2303 922 2330 hoc

143 2340 308 2369 postremum
336 2336 425 2362 verius
449 2340 521 2369 puto.
551 2335 655 2363 Eteutm
672 2336 802 2363 Eusebius
822 2338 922 2365 diScrte

144 2370 211 2396 dicit
222 2369 385 2404 ἀποτέμνειν
401 2370 537 2405 πειρᾶται.
551 2370 652 2398 Deinde
665 2371 886 2404 epistolwlrettmi
896 2379 922 2399 et

143 2405 257 2431 aliorum
283 2404 469 2439 episcoporum
491 2406 523 2432 ad
555 2404 688 2432 Victorem
712 2406 829 2441 scriptae,
856 2410 922 2434 satis

144 2444 261 2473 arguunt
279 2448 334 2466 rem
353 2441 440 2467 adhuc
458 2440 484 2466 in
510 2441 634 2474 pendenti
656 2441 748 2474 fuisse,
769 2440 827 2469 inec
844 2443 921 2469 datu-

144 2475 260 2501 nationis
274 2475 432 2502 sententiam
449 2475 588 2502 etiamtum
606 2483 621 2502 a
636 2475 743 2502 Victore
766 2477 791 2503 iu
809 2478 921 2504 Asianos

145 2510 227 2536 fuisse
240 2510 380 2544 prolatam.
396 2510 441 2537 Sic
453 2511 523 2537 enim
535 2511 628 2537 scribit
644 2511 774 2538 Eusebius
786 2513 818 2538 de
831 2513 919 2539 Ire-nati

144 2544 240 2582 litteris
257 2546 288 2582 ad
306 2544 438 2582 Victorem
452 2553 459 2571 :
535 2546 636 2582 7.27pm
650 2546 757 2582 Bixtopt
773 2548 922 2582 προσηκόν-

142 2587 195 2616 ιεως
208 2579 244 2611 ὡς
259 2579 296 2614 μὴ
311 2579 459 2616 ἀποκόπτοι
473 2579 535 2612 ὅλας
551 2579 710 2616 Ἐᾘλησίας
723 2579 800 2613 Θεοῦξ
812 2579 922 2609 πλέῖπτα

142 2613 224 2648 ’ἐτερα
254 2613 388 2650 παραινεῖ.
416 2615 536 2642 Nondum
562 2624 627 2650 ergo
644 2613 785 2644 'Ecclesias
811 2619 882 2644 Asia:
907 2627 921 2644 a

143 2651 330 2676 communione
353 2650 444 2676 Victor
468 2651 630 2682 absciderat,
652 2659 712 2677 cum
739 2653 788 2678 has
818 2653 921 2679 litteras

142 2684 270 2722 scriberet
283 2684 409 2722 ireuazus,
428 2686 643 2720 quandoquidetn
661 2685 793 2722 Victorem
805 2687 922 2714 lrenwus

144 2719 185 2745 his
219 2719 316 2746 litteris
337 2721 474 2751 adtnonet,
505 2719 625 2748 ue’illas
649 2721 684 2748 ob
710 2723 806 2749 vetnsti
840 2731 922 2749 moris

142 2753 340 2791 observantiam
364 2762 378 2780 a
405 2756 486 2786 totius
501 2755 627 2782 Ecclesia:
651 2763 762 2790 corpore
782 2757 921 2791 seiungere

143 2788 215 2825 velit.
242 2789 368 2825 Socrates
399 2795 486 2816 tatucn
515 2792 540 2816 in
561 2791 628 2818 libro
641 2798 667 2823 ν,
689 2788 738 2825 cap
755 2788 919 2824 ﬁ2,lﬁu§ehii

143 2823 223 2858 verba
246 2824 282 2850 ita
307 2825 422 2858 accepit,
440 2826 514 2858 quasi
532 2825 620 2852 Victor
635 2823 748 2853 Asianos
765 2835 779 2853 a
793 2823 921 2854 commn-

144 2857 221 2896 Itloue
234 2866 283 2896 sua
301 2857 480 2896 separaverit.
495 2860 582 2895 Atque
599 2860 635 2886 ita
652 2867 746 2887 auctor
758 2861 828 2888 Libri
841 2871 920 2896 syno-

143 2893 204 2925 dici,
221 2893 297 2927 cujus
313 2899 401 2920 tamen
423 2893 601 2922 testimonium
622 2897 697 2930 parvi
714 2896 794 2924 iacio.
823 2893 921 2925 Obser-

987 282 1031 316 qni
1045 281 1214 316 Scripturam
1231 286 1335 307 sacram
1350 287 1459 307 omnem
1474 279 1588 314 perlegi,
1614 279 1683 306 nihil
1709 287 1766 306 mo-

987 335 1050 353 veor
1063 328 1096 354 iis
1111 334 1171 361 quin
1184 326 1261 354 nobis
1274 326 1307 353 ad
1326 325 1497 353 formidinem
1512 326 1688 353 intentantur.
1720 326 1766 352 Et—

986 374 1056 401 enim
1065 374 1098 400 ιιι)
1107 373 1212 407 iiiisqui
1226 379 1268 399 me
1280 371 1358 406 longe
1370 371 1485 405 majores
1496 372 1680 398 erantdictnm
1689 371 1763 399 scio:

989 429 997 444 ι
1018 419 1133 447 Ohedire
1148 423 1254 454 oportet
1265 417 1318 445 Deo
1332 417 1418 452 magis
1434 424 1514 451 quam
1530 417 1683 444 hominibus
1698 416 1730 443 ".
1752 426 1761 442 ι

985 465 1050 492 Post
1066 465 1123 492 lucc
1144 465 1176 492 de
1202 464 1337 499 episcopis
1351 463 1397 498 qui
1414 463 1493 489 simul
1511 463 1694 490 aderantcum
1707 463 1764 489 haec

985 511 1127 542 scriberet,
1142 515 1169 538 et
1185 511 1279 537 eadem
1290 517 1352 537 cum
1367 509 1424 543 ipso
1441 508 1610 539 sentiebant.
1626 508 1665 535 sic
1676 508 1765 542 loqui-

987 562 1049 583 tur:
1065 565 1073 581 ι
1094 556 1201 583 Possem
1215 556 1295 582 etiam
1307 555 1494 589 episcoporum
1509 553 1554 588 qui
1569 560 1674 580 mecum
1690 557 1763 584 sunt,

987 602 1076 628 facere
1095 601 1270 633 mentionem,
1295 607 1362 634 quos
1381 600 1499 635 petiistis
1512 604 1542 626 ut
1563 606 1741 626 convocarem
1756 618 1764 629 ,

985 649 1054 674 sicut
1067 652 1094 674 et
1110 647 1171 674 reci.
1185 646 1304 679 Quorum
1322 646 1432 673 nomina
1450 646 1473 673 si
1488 645 1655 679 aseripsero,
1672 643 1765 678 ingens

986 701 1114 720 tmmerus
1138 692 1284 719 videbitur.
1301 691 1333 718 Hi
1347 699 1408 719 cum
1428 699 1472 719 nte
1487 690 1613 726 pusillum
1628 689 1765 717 hominem

986 738 1149 769 invisissent,
1163 737 1304 771 epistolam
1323 740 1444 764 nostram
1458 743 1570 764 assensu
1582 743 1631 762 suo
1641 741 1766 768 compro-

986 785 1093 816 haruutl
1111 782 1186 818 gnari
1208 789 1250 809 tne
1269 790 1350 810 canos
1377 782 1441 809 istos
1461 789 1513 810 non
1531 782 1630 808 frustra
1646 786 1764 815 gestare,

985 830 1030 856 sed
1045 830 1128 856 vitam
1143 837 1176 856 ex
1205 828 1348 863 praeceptis
1377 828 1561 863 institutisque
1582 827 1645 855 Jesu
1665 827 1765 854 Christi

985 883 1090 910 semper
1103 876 1199 910 egisse.
1225 885 1235 901 )
1254 875 1301 902 liis
1318 875 1353 902 ita
1368 876 1461 910 gestis,
1476 874 1569 902 Victor
1583 873 1692 909 quidem
1711 873 1764 901 Ro-

986 929 1070 948 manae
1080 922 1156 949 urbis
1169 922 1310 956 episcopus
1325 922 1397 949 illico
1408 929 1503 949 omnes
1514 921 1585 948 Asia:
1599 920 1763 947 vicinarum-

984 975 1036 1002 que
1049 968 1250 1002 provinciarum
1272 968 1405 995 Ecclesias
1428 972 1553 1002 tanquam
1572 967 1708 994 contraria
1724 974 1767 994 re-

985 1019 1034 1041 ctze
1049 1014 1110 1041 ﬁdei
1128 1015 1286 1046 sentientes,
1304 1022 1319 1041 a
1341 1014 1532 1041 comnmnione
1546 1013 1707 1040 abscindere
1720 1020 1765 1039 co-

984 1064 1080 1092 natur;
1110 1060 1232 1095 datisque
1254 1060 1352 1087 litteris
1375 1060 1517 1086 universos
1540 1059 1584 1093 qtti
1616 1058 1670 1085 illic
1686 1061 1766 1085 erant

983 1104 1080 1132 fratres
1097 1105 1254 1140 proscribit,
1270 1110 1297 1131 et
1324 1106 1358 1132 ab
1386 1106 1488 1132 unitate
1504 1104 1630 1132 Ecclesia:
1653 1111 1765 1138 prorsus

983 1150 1086 1177 alienos
1105 1158 1165 1178 esse
1184 1151 1350 1185 pronuntiat.
1369 1151 1467 1177 Verum
1485 1150 1542 1177 haec
1572 1158 1624 1177 liOli
1639 1150 1765 1177 omnibus

984 1196 1127 1229 placebant
1150 1196 1293 1231 episcopis.
1318 1195 1435 1224 Proinde
1451 1195 1588 1224 Victorem
1604 1203 1635 1222 ex
1651 1196 1764 1222 adverso

983 1240 1083 1267 hortati
1099 1245 1171 1273 sunt,
1188 1245 1216 1267 ut
1236 1248 1267 1268 ea
1297 1241 1385 1276 potius
1406 1241 1508 1268 sentire
1526 1241 1607 1268 vellet
1621 1247 1679 1275 quze
1703 1239 1763 1274 paci

982 1290 1010 1312 et
1021 1286 1117 1313 unitati
1131 1286 1310 1321 charitatique
1325 1295 1388 1322 erga
1401 1287 1552 1322 proximum
1568 1287 1762 1321 congruebant.

978 1392 1038 1419 vavi
1064 1392 1135 1418 enim
1157 1391 1230 1418 illunt
1248 1392 1419 1426 scriptorem,
1432 1390 1554 1425 quisquis
1574 1390 1664 1422 fuerit,
1679 1390 1763 1418 multa

979 1433 1081 1454 temere
1093 1427 1260 1461 conﬁngere.
1279 1426 1330 1453 Sed
1345 1431 1464 1452 nostram
1486 1426 1648 1452 sententiam
1663 1426 1763 1452 contir-

977 1467 1042 1496 tnat,
1060 1463 1148 1497 primo
1171 1462 1304 1497 Eusebius
1331 1462 1388 1494 ipse
1413 1461 1439 1487 iit
1471 1460 1761 1497 locissupracilatis.

978 1495 1077 1525 Deinde
1092 1497 1205 1524 Pltotius
1218 1498 1242 1523 in
1259 1496 1429 1526 Bibliotheca.
1449 1503 1509 1528 cap.
1527 1495 1589 1524 120.
1605 1495 1650 1522 ubi
1667 1496 1762 1522 scribit

976 1531 1109 1559 Irenaeum
1152 1532 1243 1567 plures
1276 1532 1382 1558 dedisse
1420 1531 1534 1567 litteras_
1559 1531 1591 1567 ad
1629 1529 1761 1567 Victorem

976 1576 1082 1602 papam,
1113 1565 1176 1594 dum
1205 1567 1279 1593 illum
1308 1567 1431 1593 hortatur
1453 1573 1486 1592 ne
1512 1565 1546 1592 ob
1563 1565 1761 1602 dissensionem

979 1600 1016 1629 de
1036 1602 1137 1629 Pascha
1163 1602 1230 1628 ullos
1257 1611 1270 1628 a
1297 1601 1487 1628 commtmione
1518 1600 1643 1628 biecit-sue
1672 1608 1763 1633 segre-

997 1643 1064 1664 aret.
1087 1637 1158 1672 Ergo
1181 1642 1242 1664 ante
1266 1637 1369 1663 litteras
1389 1636 1480 1662 ironzei
1510 1636 1644 1663 treminem
1673 1635 1763 1662 adhuc

978 1646 1064 1699 ﬁill'el.
1087 1646 1158 1672 largo
1181 1646 1242 1664 {\IIIC
1266 1646 1369 1663 llllCl‘ﬂS
1389 1646 1480 1662 ll'tlllilil
1510 1646 1644 1663 ιιειιιιιιυιη
1673 1646 1762 1662 uuuuc

992 1673 1071 1700 ‘ictor
1087 1682 1101 1699 a
1117 1672 1306 1699 communione
1324 1673 1508 1706 prmsriderat.
1527 1672 1579 1698 Sed
1604 1678 1690 1704 neque
1709 1671 1762 1698 dici

978 1713 1067 1742 potest
1093 1712 1153 1741 post
1174 1707 1301 1741 epistolas
1328 1707 1419 1733 lren:ei
1445 1707 1470 1742 id
1498 1715 1512 1732 a
1530 1707 1638 1742 Victore
1662 1706 1760 1733 iactant

978 1743 1074 1769 fuisse.
1090 1743 1180 1768 Primo
1209 1743 1279 1768 enirn
1304 1742 1434 1769 Eusebius
1458 1741 1509 1768 hoc
1538 1749 1589 1768 non
1614 1741 1688 1771 dicit.
1708 1748 1760 1767 non

977 1779 1125 1804 omissnrus
1150 1777 1252 1811 utique,
1268 1777 1290 1804 si
1317 1778 1341 1803 id
1370 1785 1384 1802 a
1406 1775 1516 1803 Victore
1543 1783 1635 1811 postea
1661 1776 1762 1802 factum

978 1813 1082 1839 fuisset.
1122 1811 1177 1839 imo
1211 1819 1275 1844 vero
1310 1819 1420 1846 prorsus
1453 1812 1619 1838 c0ntrarium
1654 1811 1759 1842 innuit,

977 1847 1039 1874 dum
1058 1848 1186 1874 lrena-um
1209 1847 1244 1873 ob
1268 1847 1419 1880 hujusmodi
1444 1846 1551 1873 litteras
1561 1851 1639 1872 vocat
1653 1847 1761 1881 εἰρηνο-

977 1882 1062 1912 ποιόν,
1089 1883 1114 1908 id
1129 1886 1170 1908 est
1184 1882 1256 1914 paris
1269 1886 1413 1908 auctorem.
1439 1881 1549 1908 Littera:
1564 1881 1644 1914 igitur
1666 1881 1760 1907 lrcnzci

976 1919 1009 1944 ad
1037 1917 1172 1944 Victorem
1193 1924 1288 1950 papam
1309 1917 1426 1949 scriptze,
1447 1924 1539 1950 pacem
1554 1915 1682 1942 Ecclesiae
1697 1924 1762 1949 pra--

977 1953 1113 1979 stiternnt.
1131 1952 1196 1978 Cum
1227 1953 1298 1978 enim
1317 1951 1408 1977 Victor
1431 1956 1543 1984 paratus
1562 1956 1635 1977 esset
1651 1958 1761 1977 excotn-

977 1987 1166 2014 municationis
1182 1987 1341 2013 sententiam
1354 1993 1478 2020 promere
1493 1986 1625 2016 adversus
1633 1985 1759 2016 Asianos,

976 2021 1068 2048 irenazi
1084 2021 1196 2055 epistola
1216 2029 1277 2047 ctttn
1300 2029 1314 2048 a
1333 2021 1446 2047 consilio
1460 2021 1583 2055 dimovit.
1601 2021 1689 2053 Quare
1707 2028 1759 2046 non

977 2054 1110 2084 assentior
1124 2055 1268 2089 llalloixio,
1286 2056 1330 2090 qui
1345 2057 1377 2082 ad
1405 2055 1488 2082 Vitam
1502 2054 1606 2085 lrenwi,
1621 2063 1682 2089 pag.
1696 2055 1758 2087 668,

976 2093 1074 2118 asserit
1092 2090 1224 2118 Victorem
1252 2092 1382 2118 adversus
1398 2091 1514 2118 Asianos
1539 2091 1759 2118 excomtnnnica-

978 2127 1058 2154 ιίοιιίε
1073 2125 1166 2152 tulisse
1180 2127 1354 2153 sentetttiam.

1011 2162 1067 2196 (71)
1084 2161 1240 2195 Εἰρηναῖος
1252 2162 1286 2188 ἐκ
1301 2161 1460 2195 προσώπου
1476 2159 1519 2188 ὧν
1534 2161 1644 2196 ἠγεῖτο.
1659 2160 1701 2187 Fit
1713 2160 1761 2192 igi-

977 2201 1020 2223 tur
1043 2197 1100 2224 hiEC
1129 2198 1220 2224 lrenwi
1242 2198 1354 2232 epistola
1375 2198 1515 2232 synodica,
1545 2202 1637 2231 utpote
1659 2197 1759 2229 scripta

977 2232 1085 2259 nomine
1121 2232 1305 2259 Ecclesiarum
1333 2231 1443 2264 Gaium.
1472 2233 1557 2267 cujus
1590 2236 1670 2267 caput
1701 2235 1761 2256 erat

976 2267 1146 2301 Lugdunum.
1169 2266 1285 2295 Proinde
1306 2268 1363 2294 haec
1379 2268 1492 2302 cpistola
1512 2265 1607 2294 referri
1630 2265 1760 2302 debuerat

977 2300 1046 2328 inter
1079 2303 1193 2329 concilia
1223 2302 1328 2334 Gallias,
1359 2300 1477 2330 ιιιόΙίιιι
1505 2302 1595 2329 monui
1626 2300 1758 2328 Iacobum

976 2337 1162 2370 Sirmondnm,
1177 2339 1264 2364 virum
1283 2338 1477 2368 doctissimum,
1503 2345 1552 2364 nec
1570 2344 1687 2370 unquam
1707 2335 1758 2361 nisi

976 2373 1122 2399 honoriﬁce
1136 2374 1339 2400 nominandum.
1354 2374 1459 2400 Etenim
1472 2373 1515 2399 ille
1527 2372 1670 2398 editionem
1683 2378 1758 2396 suam

976 2407 1155 2434 Concitiorum
1171 2408 1265 2435 Galliae
1282 2416 1296 2434 ς]
1314 2409 1483 2435 Constantini
1501 2407 1664 2440 temporibus
1679 2413 1760 2431 exor-

975 2451 1022 2470 sus
1038 2448 1096 2476 est;
1122 2444 1174 2470 hoc
1196 2443 1282 2470 solunt
1314 2444 1340 2470 in
1366 2443 1523 2477 prad'atione
1546 2449 1593 2468 Sua
1623 2441 1760 2477 intonuisse

976 2483 1128 2513 contentus,
1142 2479 1207 2505 duas
1219 2478 1334 2513 synodos
1347 2475 1539 2512 Lugdunenses
1547 2476 1645 2513 quibus
1653 2475 1760 2513 pt'azfuit

976 2512 1092 2540 lrenmus
1107 2511 1252 2540 memorari
1271 2522 1277 2539 ε
1294 2511 1407 2547 quarum
1423 2515 1448 2539 in
1464 2514 1547 2539 altera
1563 2511 1719 2538 Valentinus
1732 2515 1758 2547 et

975 2547 1093 2574 Marcion
1105 2548 1222 2574 damnati
1238 2546 1340 2575 sintflu
1355 2550 1439 2575 altera
1456 2555 1522 2574 vero
1533 2547 1637 2573 Pascha
1650 2546 1757 2572 nonnisi

976 2584 1018 2609 die
1035 2583 1174 2610 Dominico
1191 2583 1383 2610 celebrandum
1406 2591 1466 2610 curti
1479 2581 1607 2609 trcdccitu
1624 2582 1758 2615 episcopis

976 2618 1092 2644 lrenasus
1107 2618 1235 2644 decrevit.
1260 2618 1357 2644 Verurtt
1383 2618 1510 2652 quoniam
1532 2617 1758 2650 Irarumsynodo-

977 2661 1034 2679 rutn
1049 2654 1192 2679 obscurior
1205 2659 1276 2680 esset
1290 2656 1429 2684 memoria.
1447 2654 1505 2679 ideo
1523 2661 1551 2679 se
1568 2651 1626 2678 illas
1645 2658 1757 2685 prauor-

976 2689 1082 2714 misisse
1093 2689 1197 2715 scribit.
1210 2688 1265 2723 Ego
1277 2696 1340 2714 vero
1351 2689 1448 2722 prioris
1460 2689 1568 2722 quidem
1580 2687 1649 2723 illius
1660 2686 1755 2723 synodi

975 2723 1160 2757 Lugdunensis
1179 2720 1264 2750 lateor
1277 2720 1420 2750 obscuram
1438 2720 1497 2750 esse
1518 2722 1688 2749 memoriam.
1703 2720 1756 2747 Sed

975 2756 1108 2791 posterior
1122 2758 1166 2784 illa
1180 2759 1204 2785 in
1219 2767 1271 2793 qna
1283 2759 1316 2785 dc
1335 2759 1377 2785 die
1393 2759 1501 2785 Pascha
1518 2763 1616 2793 actum
1630 2762 1680 2786 cst.
1698 2756 1757 2783 illu-

976 2793 1110 2820 strissimo
1124 2792 1235 2821 Euscan
1247 2795 1398 2821 testimonio
1414 2795 1597 2821 continuatur.
1610 2792 1698 2820 Locus
1715 2797 1757 2819 est.

974 2836 1033 2862 cap.
1045 2828 1079 2865 2?:
1093 2829 1171 2860 hujus
1183 2830 1254 2862 libri,
1268 2830 1313 2856 ubi
1326 2830 1358 2856 de
1372 2831 1481 2865 synodis
1492 2829 1677 2863 episcoporum
1689 2830 1755 2865 agit.

975 2871 1033 2897 qua:
1054 2864 1089 2891 ob
1102 2866 1315 2892 controversiam
1334 2864 1416 2900 super
1430 2865 1536 2892 Pascha
1547 2865 1629 2892 variis
1647 2865 1673 2891 iu
1689 2864 1756 2892 lucis

975 2904 1143 2934 congregata:
1159 2906 1232 2932 sunt,
1249 2906 1275 2927 ct
1293 2901 1323 2927 dc
1339 2902 1475 2935 synodicis
1503 2901 1631 2935 cuiusque
1648 2900 1757 2927 concilii
