1996 3165
265 177 315 204 5οΤ

637 176 771 204 EUSEBII
791 177 1024 207 CASSARIENSIS
1042 180 1117 208 OPP.
1138 180 1227 209 PARS
1245 181 1266 210 1.
1287 197 1321 202 —
1337 180 1532 209 HISTORICA.

1833 185 1886 212 508

266 237 448 264 Ecelesiarum
460 237 628 272 presbyteris
643 238 689 272 qui
701 238 726 264 id
738 239 930 272 observabant,
945 240 1043 267 Eucha-

1101 250 1195 273 σαντες
1211 241 1279 277 πρὸς
1292 241 1413 274 ἑαυτούς.
1428 241 1496 268 Οὔτε
1509 242 1563 277 γὰρ
1577 242 1590 267 ό
1611 241 1748 278 Ἀνίκητος
1768 243 1813 270 τὸν
1833 245 1887 271 Πο-

265 282 366 309 ristiam
383 282 602 310 transmiserunt.
619 282 720 310 Etcum
735 283 906 311 beatissimus
921 284 1048 320 Polycar-

265 335 314 362 pus
327 328 432 355 Aniceti
446 328 614 362 temporibus
633 329 746 356 Romam
761 330 892 361 venisset,
908 335 989 365 atque
1005 331 1047 357 in-

264 377 305 400 ter
316 372 375 399 illos
386 373 419 400 de
434 374 593 408 quibusdam
610 374 670 401 aliis
686 375 765 402 rebus
780 376 885 402 modica
898 380 970 403 esset
983 383 1048 403 coa-

263 418 406 450 troversia,
432 419 524 446 statim
548 424 642 447 nnttuo
657 421 731 455 pacis
755 421 849 448 osculo
863 428 892 448 se
914 421 1046 456 complexi

263 469 336 496 sunt,
349 464 383 491 de
395 464 446 492 hoc
460 465 548 500 capite
563 474 615 493 non
631 474 793 501 magnopere
806 467 879 494 inter
887 475 924 495 -se
935 473 1047 495 canten-

262 510 370 537 dentes.
391 510 483 545 Neque
497 512 568 538 enim
581 512 710 539 Anicetus
721 511 871 547 Polycarpo
885 515 1048 548 persuadere

263 564 382 591 unquam
399 562 506 591 paterat
523 561 550 584 nt
564 557 711 585 observare
721 559 870 592 desineret,
889 560 988 595 quippe
1001 561 1046 596 qui

263 610 324 630 cum
340 601 444 631 Joanne
460 603 565 631 Domini
593 605 678 631 nostri
695 605 838 640 discipulo,
855 609 881 633 et
896 613 957 633 cum
981 607 1047 634 reli-

263 648 325 684 quis
338 649 468 683 apostolis
488 650 648 684 quibuscum
670 650 839 679 familiariter
855 651 970 685 vixerat,
985 660 1046 680 eum

264 704 367 724 rnorem
385 702 513 731 perpetuo
527 697 708 724 observasset.
728 696 820 732 Neque
836 699 898 725 item
918 698 1047 733 Polyear-

264 748 314 776 pus
326 742 437 768 Anicelo
452 743 613 776 persuadere
626 748 738 770 conatus
757 747 799 770 est
818 749 846 770 ut
863 743 1022 770 observaret
1038 765 1045 776 ,

262 792 325 814 cum
340 787 468 813 Anicetus
491 794 583 813 eorum
601 787 645 822 qui
661 791 724 814 ante
740 794 768 814 se
790 786 896 814 fuerant
913 788 1048 823 presbyte-

263 838 356 858 rorum
386 839 487 858 morem
506 831 556 858 sibi
582 831 753 859 retinendum
778 838 838 859 esse
857 832 968 860 diceret.
983 832 1047 866 Quze

263 884 324 905 cum
343 877 378 904 ita
395 885 425 904 se
442 877 584 909 haberent,
600 879 835 905 communicaruut
847 878 898 905 sibi
914 878 1043 905 invicem:

1099 287 1237 323 λύκαρπον
1250 289 1341 314 πεῖσαι
1357 287 1467 314 ἐδύνατο
1481 288 1517 324 μὴ
1530 289 1632 324 τηρεῖν,
1646 288 1692 315 ἆτε
1703 288 1772 324 μετὰ
1794 289 1886 316 Ἰωάν-

1099 341 1144 359 νου
1160 333 1206 360 τοῦ
1225 333 1346 369 μαθητοῦ
1363 334 1409 360 τοῦ
1430 334 1530 370 Κυρίου
1545 334 1633 370 ἡμῶν,
1647 335 1694 362 καὶ
1711 335 1766 362 τῶν
1783 335 1884 363 λοιπῶν

1100 378 1256 404 ἀποστόλων
1263 376 1302 410 οἷς
1311 378 1503 414 συνδιέτριψεν,
1518 379 1560 406 ἀεὶ
1567 380 1748 416 τετηρηκὸτα,
1757 380 1818 408 οὔτε
1830 382 1883 417 μὴν

1098 424 1112 449 ὁ
1127 423 1303 459 Πολύκαρπος
1318 423 1364 450 τὸν
1386 423 1523 459 Ἀνίκητον
1539 424 1630 451 ἔπεισε
1652 427 1754 461 τηρεῖν,
1770 426 1883 461 λέγοντα

1097 468 1147 502 τὴν
1164 468 1305 504 συνήθειαν
1320 468 1374 494 τῶν
1398 467 1447 503 πρὸ
1461 468 1541 495 αὑτοῦ
1561 469 1751 506 πρεσὸυτέρων
1765 471 1882 506 ὀφείλειν

1098 513 1230 548 κατέχειν,
1249 513 1303 540 Καὶ
1323 512 1423 540 τούτων
1444 513 1530 545 οὕτως
1550 514 1674 549 ἑχόντων,
1699 515 1882 552 ἐκοινώνησαν

1098 560 1203 591 ἑαυτοῖς
1211 568 1218 574 ·
1231 559 1277 586 καὶ
1289 560 1317 586 ὲν
1325 561 1358 595 τῇ
1378 559 1525 596 Ἐκκλησία
1535 560 1729 596 παρεχώρησεν
1739 562 1753 587 ὁ
1775 561 1882 599 Ἀνίκη-

1097 613 1143 636 τος
1156 605 1205 640 τὴν
1213 604 1394 641 Εὑχαριστίαν
1408 605 1462 640 (89)
1479 605 1516 640 τῷ
1527 605 1707 642 Πολυκάρπῳ,
1723 607 1781 633 κατ’
1791 607 1883 643 ὲντρο⁴

1099 650 1152 685 πὴν
1167 650 1298 685 δηλονότι,
1315 650 1362 677 καὶ
1382 651 1440 686 μετ’
1457 652 1566 687 εἰρήνης
1589 652 1635 678 ἀπ’
1658 651 1779 687 ἀλλήλων
1795 652 1882 688 ἀπηλ-

1097 695 1229 731 λάγησαν,
1256 695 1345 730 πάσης
1368 696 1416 731 τῆς
1444 696 1607 731 Ἐκκλησίας
1631 697 1741 732 εἰρήνην
1764 697 1882 732 ἐχόντων

1097 741 1150 767 τῶν
1169 741 1322 777 τηρούντων
1337 741 1382 768 καὶ
1400 741 1437 777 μὴ
1451 742 1614 778 τηρούντων.
1631 752 1640 768 ι
1663 744 1716 769 Καὶ
1734 744 1747 770 ὀ
1767 743 1816 778 μὲν
1833 743 1882 770 Ei-

1099 788 1208 824 ρηναῑος
1222 786 1381 823 φερώνυμός
1397 796 1438 819 τις
1456 787 1493 814 ὢν
1514 789 1546 824 τῇ
1565 789 1745 825 προσηγορίᾳ,
1761 789 1834 825 αὐτῷ
1850 798 1881 817 τε

1097 834 1137 869 τῷ
1150 834 1241 869 τρόπῳ
1249 835 1427 871 εἰρηνοποιὺς,
1440 835 1549 862 τοιαῦτα
1559 836 1627 872 ὑπὲρ
1636 837 1683 871 τῆς
1695 836 1748 863 τῶν
1766 836 1881 872 Ἐκκληο

1099 877 1164 903 σιῶν
1185 878 1295 913 εἰρήνης
1318 879 1467 914 παρεκάλει
1483 888 1512 906 τε
1537 880 1582 907 καὶ
1604 880 1777 917 ἐπρέσϐευεν.
1801 882 1828 908 '0
1856 881 1880 908 δ’

267 928 294 950 et
308 923 436 950 Anicetus
460 923 486 950 in
505 923 626 951 Ecclesia
653 923 829 950 consecrandi
855 931 952 950 munus
970 923 1043 959 Poly-

1100 924 1181 955 αὐτὸς
1205 924 1235 950 οὐ
1253 924 1325 959 μόνῳ
1343 924 1381 951 τῶ
1403 925 1523 961 Βίκτορι,
1541 926 1588 953 καὶ
1600 926 1737 963 διαφόροις
1756 927 1783 954 δὲ
1803 926 1880 954 πλεί-

262 977 345 1004 carpo
362 969 473 997 honoris
500 977 581 997 causa
610 969 747 997 concessit
762 978 779 1005 ι,
799 969 960 1003 tandetnque
986 976 1047 996 cum

263 1022 329 1049 pace
343 1022 357 1042 a
373 1023 402 1042 se
421 1015 536 1042 invicem
548 1015 752 1042 discesserunt:
773 1018 826 1041 tam
848 1015 881 1041 iis
894 1015 939 1049 qui
954 1014 1048 1042 obser-

1100 978 1173 1001 στοις
1185 970 1313 1006 ἄρχουσιν
1321 970 1497 1007 Ἐκκλησιῶν,
1512 971 1546 998 τὰ
1562 972 1716 1008 κατάλληλα
1725 972 1758 999 δι’
1772 973 1880 999 ἐπιστο-

1097 1015 1150 1043 λῶν
1165 1016 1229 1052 περὶ
1244 1016 1290 1043 τοῦ
1312 1017 1489 1054 κεκινημένου
1509 1018 1663 1054 ζητήματος
1677 1018 1782 1054 ὡμίλει.

262 1059 373 1092 vabant,
405 1067 485 1095 quam
505 1060 557 1088 illis
585 1061 629 1096 qui
649 1061 760 1088 minime
777 1061 972 1094 observabant,
988 1068 1079 1095 pacem
1099 1063 1371 1096 communionemque
1398 1065 1480 1092 totius
1503 1064 1630 1092 Ecclesire
1659 1065 1846 1093 retinentibus.
1866 1074 1876 1092 ι

262 1107 302 1134 Ac
316 1105 433 1133 [renatus
449 1106 556 1140 quidem
572 1106 674 1133 nomini
704 1113 753 1133 suo
780 1113 844 1134 vere
863 1107 1030 1141 respondens
1044 1126 1051 1139 ,
1071 1113 1120 1134 nec
1139 1107 1195 1134 solo
1211 1108 1329 1142 nomine,
1360 1109 1407 1136 sed
1422 1109 1504 1136 etiam
1522 1109 1584 1136 vitat
1601 1110 1722 1137 instituto
1738 1117 1769 1137 ac
1781 1117 1881 1144 propo-

261 1152 315 1180 sito
331 1152 469 1187 paciﬁcus,
491 1161 539 1188 pro
555 1153 733 1181 Ecclesiarum
764 1161 831 1188 pace
844 1153 902 1182 hzec
919 1154 1022 1180 ιιιοιιιιίι
1054 1159 1080 1181 et
1099 1154 1236 1188 allegavit.
1255 1155 1310 1183 Nec
1325 1164 1389 1183 vero
1403 1156 1436 1183 ad
1459 1156 1537 1193 194
1560 1156 1694 1184 Victorem
1718 1158 1815 1191 solum,
1832 1158 1880 1185 sed

260 1198 294 1225 ad
315 1197 413 1226 multos
430 1198 498 1225 alios
514 1197 692 1225 Ecclesiarum
703 1199 839 1227 antistites
851 1199 884 1226 de
895 1199 1043 1234 quaestione
1062 1200 1203 1235 proposita
1218 1200 1321 1228 litteras
1335 1201 1361 1228 in
1374 1201 1496 1229 eamdem
1509 1202 1670 1229 sententiam
1685 1202 1766 1230 misit.

542 1246 654 1273 CAPUT
674 1246 757 1275 XXV.

263 1291 400 1326 Quomodo
411 1292 497 1319 cuncti
522 1292 549 1332 in
565 1300 643 1318 unam
658 1293 814 1332 sententiam
833 1292 865 1319 de
877 1293 918 1319 die
934 1291 1043 1319 Pascha:

559 1332 735 1354 convenerint.

298 1373 422 1408 Episcopi
439 1381 505 1401 vero
518 1372 664 1402 l’almstinae
675 1381 743 1408 quos
759 1373 837 1408 paulo
850 1381 930 1408 supra
943 1380 1041 1400 memo-

262 1420 394 1451 ravimus,
407 1418 550 1447 Narcissus
573 1419 677 1446 scilicet
692 1424 719 1446 et
733 1419 898 1453 Theophilus
913 1439 920 1451 ,
937 1424 964 1446 et
981 1428 1040 1446 cum

262 1464 315 1492 illis
327 1465 436 1492 Cassius
451 1465 527 1500 Tyri,
538 1469 565 1492 et
577 1465 672 1491 Clarus
690 1465 862 1492 Ptolemaidis
870 1465 1002 1500 episcopi,
1015 1471 1043 1493 et

262 1511 308 1546 qui
325 1511 404 1538 simul
419 1518 480 1538 cum
495 1511 560 1545 ipsis
571 1517 765 1543 convenerant,
779 1516 922 1547 postquam
936 1513 968 1539 de
987 1517 1042 1539 tra-

262 1557 365 1584 ditione
380 1555 431 1583 diei
449 1556 599 1588 Paschalis,
613 1564 672 1591 qua:
685 1557 740 1592 jam
769 1558 831 1585 inde
857 1559 891 1585 ab
910 1558 1042 1593 apostolis

262 1603 296 1629 ad
309 1603 382 1638 ipsos
394 1603 522 1630 continua
538 1603 709 1631 successione
733 1609 900 1636 manaverat,
917 1605 998 1633 multa
1015 1605 1040 1632 in
1056 1619 1076 1646 ο

261 1648 319 1675 suis
331 1648 430 1675 litteris
442 1648 639 1680 disseruerunt,
658 1649 764 1676 tandem
776 1650 810 1676 ad
823 1650 905 1677 ﬁnem
921 1650 1042 1685 epistola:

262 1695 305 1723 his
321 1698 433 1721 utuntur
448 1695 539 1722 verbis
554 1704 560 1721 :
577 1703 586 1721 ‹
605 1694 672 1723 Date
689 1702 799 1730 operam
819 1701 849 1723 ut
861 1696 982 1731 epistola:
996 1705 1042 1724 no-

262 1744 326 1767 stra:
340 1739 504 1775 exemplaria
517 1748 565 1775 per
578 1748 672 1768 omnes
687 1740 823 1769 Ecclesias
839 1741 992 1774 mittantur,
1007 1750 1041 1769 ne

261 1785 342 1812 nobis
357 1785 459 1812 crimen
473 1785 605 1819 imputem
619 1785 664 1820 qui
681 1786 785 1813 animas
800 1793 862 1812 snas
882 1793 897 1812 a
913 1790 986 1813 recto
997 1794 1043 1814 ve-

263 1831 351 1860 ritatis
382 1832 489 1859 tramite
512 1831 590 1859 facile
618 1831 767 1859 abducunt.
788 1831 852 1858 Illud
867 1832 949 1859 etiam
967 1833 1043 1859 vobis

262 1877 468 1913 signiﬁcamus,
497 1878 592 1905 eodem
624 1886 677 1912 quo
697 1878 767 1912 apud
793 1885 841 1905 nos
868 1877 911 1904 die
940 1877 1041 1904 Pascha

262 1924 435 1952 Alexandria:
447 1924 588 1952 celebrari.
606 1924 627 1950 A
643 1924 720 1952 nobis
736 1924 807 1950 enim
825 1923 858 1951 ad
877 1923 947 1956 illos,
962 1929 989 1950 et
1002 1924 1042 1950 vi~

262 2019 289 2047 id
306 2025 358 2046 non
375 2018 449 2050 dicit,
462 2017 515 2045 nisi
528 2017 596 2044 forte
609 2025 641 2044 ex
658 2017 781 2044 versione
795 2017 1041 2052 Christcphorsoni.

262 2055 318 2082 Hoc
330 2058 432 2080 tantum
460 2055 497 2079 ait
523 2053 647 2082 Irenatus,
663 2060 722 2079 cum
750 2052 913 2088 Polycarpus
931 2053 1042 2080 Romam

261 2089 380 2116 venisset
397 2088 501 2115 Aniceti
519 2088 729 2122 temporibus,et
748 2087 819 2114 leves
838 2089 966 2121 quasdam
982 2097 1041 2114 cum

262 2124 308 2151 illo
327 2124 360 2150 de
380 2124 440 2150 aliis
462 2123 543 2149 rebus
567 2123 765 2149 controversias
784 2123 929 2152 habuisset.
948 2125 1043 2149 ambos

263 2163 353 2186 tamen
367 2158 439 2184 illico
454 2165 545 2191 pacem
560 2158 630 2184 inter
642 2165 671 2184 se
692 2157 798 2189 fecisse,
815 2165 846 2183 ac
858 2158 892 2184 de
907 2157 975 2184 l'cstn
993 2158 1043 2184 Pa-

262 2196 335 2221 lcha’.
362 2193 481 2220 noluisse
497 2193 567 2218 inter
586 2200 615 2218 se
638 2193 812 2219 contendere.
830 2192 888 2218 Νυιι
914 2193 994 2226 igitur
1007 2194 1041 2220 oh

262 2229 436 2268 quastioneqt
454 2228 568 2272 denlesto
582 2227 701 2272 Pascha),
715 2227 761 2272 sed
777 2227 896 2272 robhalias
911 2229 1040 2272 quasdam
1058 2244 1080 2272 Β

261 2261 461 2290 controversias
484 2262 595 2288 Ruinam
627 2267 740 2288 venerat
777 2261 948 2296 Polycarpus.
979 2263 1041 2290 Scio

263 2298 455 2331 Hieronymum
471 2297 496 2323 in
513 2297 579 2323 libro
598 2296 636 2323 De
650 2297 738 2330 script.
761 2297 837 2327 εει-1.,
858 2296 964 2323 Baronii
980 2307 1040 2324 scn-

263 2334 374 2360 tentiam
399 2333 572 2359 conﬁrmare.
595 2331 640 2358 Sic
668 2332 738 2358 enim
760 2332 797 2358 ait
815 2333 847 2358 de
874 2332 1040 2366 l’olycarpo:

263 2368 316 2395 Hic
329 2374 433 2403 propter
454 2366 581 2403 quasdam
596 2374 675 2403 super
693 2368 738 2403 die
765 2366 872 2393 l’ascluc
886 2369 1042 2401 quwstiones

262 2404 309 2431 sub
325 2401 388 2437 imp.
404 2403 536 2429 Antonino
553 2401 613 2432 Pio,
635 2401 780 2428 Ecclesium
807 2407 907 2435 regente
923 2403 1040 2436 Auicelo,

263 2438 374 2465 Romam
387 2439 463 2465 venit.
484 2437 521 2463 lta
539 2437 619 2463 etiam
638 2437 770 2463 Eusebius
784 2442 877 2463 nester
895 2437 919 2463 in
938 2438 984 2464 lih.
1003 2445 1039 2469 tv,

263 2481 322 2508 cap.
340 2474 367 2500 4.
391 2474 444 2500 Sed
468 2479 528 2498 cum
547 2471 727 2508 Hieronymus
744 2472 769 2498 id
787 2479 819 2498 ex
841 2472 954 2508 Eusebio
966 2481 1040 2499 sum-

262 2506 366 2542 pserit,
387 2508 517 2534 Eusebius
543 2514 633 2533 alitem
660 2516 691 2533 ex
716 2506 825 2538 lienam,
853 2507 1039 2542 inquiremlum

261 2548 302 2571 est
321 2550 335 2569 a
352 2543 443 2572 nobis,
457 2550 509 2569 non
527 2542 590 2575 quid
605 2542 735 2578 Eusebius
748 2542 846 2568 dixerit
863 2550 894 2569 ac
910 2542 1041 2578 l-lierony-

261 2585 330 2610 mus,
347 2579 392 2605 sed
407 2578 494 2610 potius
514 2578 578 2611 quid
597 2578 711 2604 senserit
726 2577 851 2604 lreuzcus.

295 2613 350 2648 (89)
369 2611 582 2647 Παρεχώρησεν
608 2614 623 2639 ὁ
655 2613 803 2645 Ἀνίκητος
834 2612 1040 2648 τὴνῗΕὐχαρι-

261 2648 359 2675 delay.
375 2648 452 2675 llunc
475 2649 602 2675 honorent
618 2649 746 2674 Anicetus
769 2648 884 2681 pontifex
903 2647 1040 2674 ltomanus

262 2682 356 2718 habuit
371 2683 517 2710 venerabili
534 2684 590 2710 seni
603 2683 761 2718 Polycarpo,
782 2683 896 2709 utilium
910 2691 935 2708 ιιι
948 2683 1040 2709 Eccle-

261 2717 301 2743 sia
321 2725 397 2745 sacra
422 2719 511 2745 facere
532 2720 641 2748 sineret,
655 2723 679 2745 el
713 2718 819 2752 quidem
845 2723 976 2752 praesente
997 2725 1037 2750 se,

262 2753 332 2785 quod
349 2754 376 2780 in
388 2754 483 2787 primis
505 2755 651 2781 notandum
666 2758 716 2779 est.
740 2754 785 2780 Sic
806 2752 898 2779 lrenzri
912 2754 994 2778 verba
1012 2759 1039 2779 et

264 2787 376 2814 ltuliuus
389 2792 416 2815 et
428 2789 516 2814 ueteri
527 2789 688 2823 interpretes
702 2792 872 2822 aeceperunt.
885 2788 936 2814 Sed
953 2787 1038 2814 Fran-

262 2829 349 2848 cuseus
359 2822 644 2855 Florens,antecessor
659 2823 918 2854 Aurelianensis,vir
932 2825 1037 2854 ductus,

262 2862 286 2882 et
301 2857 379 2883 nobis
395 2858 457 2884 dum
473 2858 539 2884 vixit
551 2858 748 2888 amicissimus,
770 2858 825 2884 haec
843 2858 933 2884 lrentei
955 2860 1037 2884 verba

263 2891 341 2920 aliter
352 2891 520 2927 intelligenda
535 2901 594 2921 esse
615 2893 752 2921 contendit
767 2893 792 2920 in
816 2898 931 2921 tractatu
947 2894 979 2921 ad
1002 2894 1036 2920 ιι-

1345 1248 1540 1276 ΚΕΦᾹΛΔΙΟΝ
1562 1250 1624 1277 ΚΕ’.

1099 1294 1197 1328 Ὅπως
1208 1294 1268 1327 τοῖς
1279 1294 1354 1321 πᾶσι
1367 1295 1421 1329 μία
1429 1294 1531 1329 Μέρος
1547 1295 1613 1329 περὶ
1626 1295 1677 1323 τοῦ
1692 1295 1797 1330 Πάσχα
1805 1305 1880 1323 σνν-

1286 1330 1422 1364 εφωνήθη
1435 1330 1543 1365 (NieJl.
1557 1330 1590 1358 E.
1610 1339 1646 1363 tv,
1663 1331 1718 1365 56).

1130 1375 1163 1402 Ui.’
1175 1384 1206 1410 γε
1221 1376 1272 1412 μὴν
1285 1376 1331 1402 ἐπὶ
1347 1376 1527 1412 Παλαιστίνης
1547 1375 1592 1408 οὓς
1610 1377 1709 1413 ἀρτίως
1723 1377 1879 1413 διεληλύθα-

1097 1430 1156 1457 μεν,
1176 1422 1190 1448 ὃ
1205 1431 1234 1448 τε
1253 1422 1408 1458 Νάρκισσος
1427 1422 1473 1448 καὶ
1495 1422 1632 1457 Θεόφιλος,
1656 1422 1702 1449 καὶ
1724 1423 1771 1449 σὺν
1787 1423 1879 1455 αὐτοῖς

1096 1467 1215 1499 Κάσσιος
1227 1467 1277 1502 τῆς
1290 1467 1361 1494 κατὰ
1375 1467 1462 1503 Τύρον
1483 1467 1644 1504 Ἐκκλησίας
1658 1467 1813 1500 ἐπίσκοπος,
1831 1469 1878 1495 καὶ

1095 1513 1202 1549 Κλάρος
1216 1513 1264 1548 τῆς
1277 1515 1305 1540 ἐν
1321 1514 1493 1549 Πτολεμαΐδι,
1508 1514 1534 1540 οἵ
1553 1522 1582 1540 τε
1601 1514 1671 1540 κατὰ
1685 1514 1786 1541 τούτων
1814 1523 1877 1541 συ-ι-

1095 1559 1252 1595 εληλυθότες
1269 1559 1390 1595 περὶτῆς
1406 1559 1585 1594 κατελθούσης
1605 1561 1643 1591 εἰς
1659 1560 1756 1591 αὐτοὺς
1772 1561 1803 1586 ὲκ
1818 1560 1876 1586 δια-

1097 1604 1177 1640 δοχῆς
1197 1605 1250 1631 τῶν
1275 1605 1429 1631 ἀποστόλων
1448 1605 1509 1640 περὶ
1524 1604 1571 1631 τοῦ
1588 1605 1682 1640 Πάσχα
1705 1605 1877 1641 παραδόσεως

1095 1650 1205 1677 πλεῖστα
1221 1650 1395 1686 διειληφότες,
1416 1650 1487 1677 κατὰ
1500 1651 1530 1677 τὸ
1544 1650 1618 1683 τέλος
1640 1652 1689 1686 τῆς
1703 1651 1812 1687 γραφῆς
1827 1652 1877 1678 αὐ-

1094 1695 1149 1726 τοῖς
1163 1695 1281 1729 ῥήμασιν
1297 1695 1448 1729 ἐπιλέγουσι
1470 1694 1554 1722 ταῦτα
1565 1703 1572 1710 '
1592 1705 1601 1720 ι
1622 1696 1677 1731 Τῆς
1692 1695 1713 1722 δ’
1735 1696 1877 1732 ἐπιστολῆς

1094 1740 1172 1774 ἡμῶν
1186 1741 1333 1776 πειράθητε
1350 1741 1419 1768 κατὰ
1437 1742 1526 1768 πᾶσαν
1549 1742 1709 1777 Ἐκκλησίαν
1723 1742 1877 1776 ἀντίγραφα

1095 1786 1306 1821 διαπέμψασθαι,
1333 1788 1406 1819 ὅπως
1433 1788 1469 1823 μὴ
1497 1788 1581 1824 ἔνοχοι
1603 1785 1677 1823 ὦμεν
1699 1789 1754 1818 τοῖς
1778 1788 1878 1823 ῥᾳδίως

1096 1831 1232 1858 πλανώσιν
1252 1832 1356 1859 ἑαυτῶν
1372 1833 1420 1864 τὰς
1439 1834 1537 1869 ψυχάς.
1554 1834 1691 1870 Δηλοῦμεν
1712 1835 1739 1861 δὲ
1759 1834 1822 1870 ὑμῖν
1836 1835 1877 1862 ὅτι

1095 1880 1128 1914 τῇ
1144 1879 1211 1913 αὐτῇ
1229 1879 1319 1914 ἡμέρᾳ
1336 1880 1382 1905 καί
1403 1880 1431 1905 ὲν
1455 1879 1637 1916 Ἀλεξανδρείᾳ
1660 1880 1781 1915 ἄγουσιν,
1805 1878 1877 1917 ᾗπερ

1096 1923 1142 1951 καὶ
1157 1925 1245 1959 ἡμεῖς.
1261 1925 1329 1960 Παρ⁵
1356 1925 1433 1960 ήμῶν
1448 1925 1502 1960 γὰρ
1517 1925 1550 1952 τὰ
1568 1926 1718 1961 γράμματα
1732 1926 1786 1961 (90)
1800 1926 1877 1962 κοσμία

1095 2018 1178 2044 tulum
1194 2017 1209 2044 7
1226 2016 1404 2044 Decretalitttn
1422 2017 1458 2044 De
1477 2017 1649 2043 translatione
1671 2016 1793 2049 episcopi.
1813 2016 1876 2043 Vult

1093 2053 1164 2079 enim
1190 2053 1331 2079 Anicetum
1355 2053 1509 2086 porrexisse
1531 2053 1660 2078 duntaxat
1678 2051 1874 2078 Eucharisliain

1093 2087 1252 2123 Polycarpo,
1271 2095 1322 2123 non
1356 2085 1444 2113 autem
1476 2088 1643 2115 concessisse
1663 2087 1699 2113 illi
1720 2085 1770 2123 jus
1787 2094 1875 2123 rsacra

1094 2121 1220 2158 mysteria
1239 2122 1401 2149 celebrandi.
1419 2122 1516 2158 Verum
1542 2123 1564 2149 si
1593 2123 1661 2148 hunc
1679 2121 1771 2158 lrentci
1786 2122 1874 2158 locum

1093 2155 1129 2184 ita
1147 2157 1331 2190 intelligimus,
1346 2157 1410 2190 quid
1427 2157 1541 2184 honoris
1559 2158 1688 2183 tributum
1700 2156 1781 2182 fuerit
1794 2155 1875 2191 Poly—

1092 2200 1173 2226 carpo
1186 2194 1218 2219 ab
1231 2193 1344 2219 Aniceto
1355 2193 1366 2219 ’ἰ
1379 2192 1433 2218 Hoc
1447 2193 1518 2219 enim
1543 2193 1643 2220 diserte
1660 2196 1734 2218 uolat
1747 2191 1872 2224 Irenzeus,

1095 2233 1150 2253 tum
1170 2228 1214 2254 illo
1233 2227 1314 2254 verbo
1329 2226 1520 2263 παρεχώρησε,
1535 2228 1604 2262 quod
1619 2228 1651 2253 de
1672 2234 1719 2253 suo
1732 2226 1793 2259 jure
1807 2234 1875 2263 icon-

1093 2263 1190 2288 cedere
1223 2262 1353 2295 signiﬁcat
1372 2262 1383 2294 ';
1408 2262 1462 2288 tuin
1487 2263 1538 2289 illis
1569 2263 1659 2289 verbis
1690 2269 1750 2296 quae
1779 2262 1873 2293 addit,

1093 2298 1152 2323 κατ’
1166 2297 1297 2332 ἐντροπὴν
1313 2296 1443 2332 δηλονότι,
1462 2297 1488 2324 Id
1501 2302 1551 2329 est,
1564 2298 1670 2324 honoris
1679 2305 1763 2332 causa
1774 2301 1797 2322 et
1812 2305 1875 2323 con-

1093 2331 1416 2367 templatione,utivertit
1445 2332 1567 2359 Ruﬁnus.
1598 2333 1677 2358 Certe
1702 2332 1723 2358 si
1745 2331 1875 2358 Euchari-

1092 2368 1170 2403 stiam
1192 2372 1293 2403 tantum
1318 2366 1464 2403 Polyearpo
1484 2367 1649 2402 porrexisset
1659 2367 1795 2398 Anicetus,
1809 2367 1874 2403 rnol-

1093 2402 1145 2428 lum
1157 2403 1180 2429 ei
1197 2402 1357 2436 prmciptmm
1368 2402 1495 2430 honorem
1507 2403 1656 2433 detulisseI,
1672 2409 1731 2428 cum
1743 2402 1867 2428 omnibus

1092 2435 1240 2472 peregrinis
1268 2439 1401 2472 episcopis
1430 2439 1455 2465 id
1486 2438 1586 2473 passim
1608 2437 1689 2464 tribui
1713 2435 1820 2473 soleret,
1843 2441 1870 2462 ut

1092 2480 1151 2498 cuiu
1174 2473 1300 2507 episcopo
1332 2473 1452 2500 civjuuis
1506 2472 1585 2498 simul
1620 2472 1872 2501 tutnmunicarcnt,

1091 2509 1314 2541 quemadmodum
1337 2509 1430 2535 scribit
1449 2508 1506 2543 ipse
1519 2507 1630 2534 Florens
1651 2507 1759 2533 ibidem.
1776 2507 1828 2533 Sed
1845 2512 1872 2533 et

1092 2542 1118 2568 in
1132 2543 1248 2569 concilio
1261 2543 1424 2574 Arelatensi.
1441 2544 1530 2577 capite
1552 2543 1596 2574 50,
1613 2543 1751 2568 decretum
1773 2547 1828 2574 est,
1843 2547 1872 2568 ut

1090 2579 1232 2612 peregrino
1245 2578 1371 2611 episcopo
1385 2579 1458 2604 locus
1472 2577 1641 2604 sacriﬁcandi
1660 2577 1748 2612 detur.

1126 2611 1182 2647 (90)
1201 2612 1277 2647 Vulg.
1293 2612 1359 2646 παρ’
1367 2612 1451 2647 ἡμῶν
1459 2612 1492 2639 δὲ
1507 2613 1542 2639 τὰ
1558 2612 1718 2647 πράμματα.
1732 2611 1776 2638 Sic
1784 2618 1816 2647 ex
1826 2618 1872 2638 co-

1091 2648 1148 2675 dice
1164 2647 1245 2682 llegio
1253 2646 1336 2674 edidit
1349 2646 1416 2675 Rob.
1429 2648 1592 2680 Stephanus.
1606 2649 1632 2673 In
1643 2648 1734 2682 codice
1745 2646 1871 2673 Medicaao

1090 2683 1206 2717 legitur,
1222 2684 1287 2717 παρ’
1300 2682 1378 2718 ἡμῶν
1404 2691 1433 2709 τε
1458 2682 1492 2709 τὰ
1514 2683 1675 2718 γράμματα.
1703 2681 1871 2718 Nicephorius

1090 2716 1152 2744 vero
1168 2718 1193 2744 in
1223 2716 1282 2752 cap.
1295 2716 1329 2745 5'6
1359 2718 1419 2744 libri
1442 2725 1467 2744 tv
1489 2716 1576 2749 habet,
1591 2716 1656 2753 παρ’
1671 2716 1748 2753 ἡμων
1763 2716 1822 2753 γὰρ-
1835 2716 1869 2742 τὰ

1089 2753 1248 2788 γράμματα,
1267 2758 1348 2787 atque
1360 2754 1399 2779 ‘ita
1414 2754 1499 2780 codex
1512 2751 1754 2783 Blazarinits,rl"uk.
1769 2757 1794 2778 et
1807 2751 1868 2788 ξων.

1089 2786 1275 2822 intelliguntur
1289 2786 1376 2815 autetn
1393 2788 1435 2816 hic
1453 2788 1549 2815 littera:
1567 2789 1800 2821 Paschales,qnas
1811 2786 1870 2820 ἑορ-

1088 2821 1218 2855 ταστικας
1231 2825 1373 2850 vocabant.
1387 2825 1518 2850 (laterum
1535 2824 1591 2857 ejus
1605 2823 1704 2858 synodi
1719 2821 1869 2858 Caesariem

1089 2859 1125 2885 sis
1149 2865 1209 2885 aeta
1231 2859 1352 2892 quatdam
1368 2863 1474 2885 exstant
1495 2856 1564 2892 apud
1589 2856 1685 2884 Heliam
1700 2857 1726 2883 in
1743 2856 1812 2883 libro
1833 2856 1870 2882 De

1091 2893 1189 2920 carnali
1204 2893 1372 2928 aequinoctio;
1388 2902 1447 2929 qua:
1464 2894 1526 2921 licet
1546 2901 1560 2920 a
1580 2892 1713 2920 nonnullis
1728 2892 1868 2926 illegitiuta
