1996 3165
122 158 177 185 513

634 156 804 185 ΗΙδΤΟΚΙλΕ
824 156 1102 184 ECCLESIASTICAS
1122 156 1186 184 LIB.
1209 156 1240 184 V.

1691 161 1743 188 5H

123 216 176 252 χῆς
194 216 247 242 ὑπὸ
260 216 362 243 πιστῶν
380 217 524 252 γραφεῖσαι
539 216 604 251 (99),
621 217 667 243 τδν
685 217 770 251 Λόγον
779 217 826 243 τοῦ
843 217 900 243 Θεοί

962 218 1022 252 quis
1038 223 1079 244 est
1095 219 1140 252 qui
1154 217 1257 252 ignoret
1273 238 1280 250 ,
1297 218 1324 245 in
1338 220 1437 253 quibus
1451 219 1588 248 Christum
1607 221 1689 249 Deum
1705 223 1742 250 si—

121 262 170 288 τὸν
192 261 308 296 Χριστὸν
328 262 440 297 ὑμνοῦσι
461 261 655 296 θεολογυῦντες.
677 263 739 294 Πῶς
754 261 799 290 οὗν
819 264 850 289 ὲκ
867 272 910 289 το-

124 308 228 334 σούτων
252 308 320 334 ὲτων
340 308 589 343 καταγγελλομένου
610 309 656 335 τοῦ
681 308 907 344 ἐκκλησιαστικοῢ

123 354 306 389 φρονήματος,
333 353 466 389 ἐνδέχεται
486 355 550 385 τοὺς
573 354 654 390 μέχρι
680 355 807 391 Βίκτορος
822 355 908 387 οὕτως

124 398 164 429 ὡς
177 395 248 424 οὗτοι
263 398 382 432 λέγουσι,
396 399 576 434 κεκηρυχέναι
587 408 593 431 ;
608 400 666 431 πῶς
675 400 703 426 δὲ
714 400 763 426 οὐκ
773 400 907 427 αἰδοῦνται

125 440 213 469 ταῦτα
228 442 355 478 Βίκτορος
366 442 589 477 καταψεύδεσθαι,
607 442 728 478 ἀκριϐῶς
738 443 848 475 εἰδότες,
867 443 906 470 ὃτι

125 488 233 524 Βίκτωρ
245 488 290 515 τὸν
304 488 403 514 σκυτέα
414 488 549 520 Θεόδοτον,
557 489 602 515 τὸν
610 489 729 525 ἀρχηγὸν
742 489 788 516 καὶ
802 489 907 525 πατέρα

124 534 228 570 ταύτης
245 535 294 570 τῆς
309 535 468 571 ἀρνησιθέου
485 535 660 567 ἀποστασίας,
682 535 837 571 ἀπεκήρυξε
858 536 907 571 τῆς

125 580 276 613 κοινωνίας,
291 580 396 616 πρῶτον
413 581 523 608 εἰπόντα
536 581 611 616 ψιλὸν
623 581 764 616 ἄνθρωπον
778 581 823 607 τὸν
839 582 907 616 Χρι-

124 626 203 659 στόν;
222 626 253 652 El
268 625 322 661 γὰρ
339 625 445 661 Βίκτωρ
462 627 521 652 κατ’
537 626 634 658 αὐτοὺς
650 626 736 658 οὕτως
749 627 856 662 ἐφρόνει
869 627 906 658 ὼς

123 673 139 707 ή
152 671 253 698 τούτων
264 672 382 698 διδάσκει
397 671 564 708 βλασφημία,
579 671 637 703 πῶς
650 672 683 699 ἂν
693 672 826 699 ἀπέϐαλλε
838 673 906 709 (39⁸)

123 718 250 744 Θεόδοτον
270 717 315 744 τὸν
333 718 382 752 τῆς
400 717 531 753 αἱρέσεως
549 717 650 753 ταύτης
669 718 797 754 εὑρετήν;
823 728 832 744 ι
852 720 906 746 Καὶ

122 765 157 791 τὰ
180 763 229 799 μὲν
247 763 317 791 κατὰ
335 764 380 790 τὸν
399 764 515 799 Βίκτορα
529 763 650 792 τοιαῦτα.
672 765 774 791 Τούτου
787 765 815 791 δὲ
833 765 905 792 ἔτεσι

123 809 189 836 δέκα
203 809 367 844 προστάντος
380 809 429 844 τῆς
452 808 630 845 λειτουργίας,
647 809 768 846 διάδοχος
782 810 905 838 καθίστα-

123 864 167 882 ται
186 856 341 891 Ζεφυρτνος,
360 855 430 890 ἀμφὶ
444 855 474 881 τὸ
488 849 596 881 ἔννατον
615 856 664 891 τῆς
686 856 805 892 Σεϐήρου
830 857 906 892 βασι-

961 262 1017 289 mul
1040 267 1120 297 alque
1144 263 1280 290 hominem
1298 264 1500 299 praedicarunt?
1517 265 1617 293 Psalmi
1634 274 1741 302 quoque

961 315 987 336 et
1000 310 1105 336 cantica
1120 309 1235 336 fratrum
1258 309 1313 344 jam
1329 310 1432 344 pridem
1447 318 1460 337 a
1483 311 1607 339 fidelibus
1622 313 1742 340 conscri-

960 359 1005 389 pta
1019 374 1026 387 ,
1042 354 1180 382 Christum
1198 354 1312 382 Verbum
1329 355 1374 382 Dei
1387 355 1587 389 concelebrant,
1615 357 1743 385 divinita-

960 405 1013 428 tem
1030 401 1054 428 ei
1070 401 1224 428 tribuendo.
1241 400 1307 428 Cum
1322 400 1404 436 igitur
1427 405 1465 428 tot
1483 402 1581 428 abhinc
1594 403 1672 430 annis
1694 411 1740 431 ec-

958 445 1108 474 clesiastica
1123 446 1244 474 doctrina
1264 445 1410 480 praedicata
1422 447 1467 479 sit,
1479 447 1525 481 qui
1542 447 1598 474 lteri
1614 453 1701 483 potest
1712 454 1742 476 ut

958 499 1051 519 omnes
1073 499 1159 527 usque
1184 493 1217 520 ad
1234 492 1353 519 Victoris
1370 497 1489 526 tempora
1516 500 1575 520 eam
1601 502 1680 528 quam
1696 495 1740 522 isti

958 538 1050 566 dicunt
1074 538 1225 566 doctrinam
1249 537 1508 573 promulgaverint?
1530 539 1669 572 Quomodo
1693 548 1739 568 eos

958 592 1010 611 non
1024 584 1106 618 pudet
1122 583 1271 618 huiusmodi
1286 583 1449 611 calumniam
1466 585 1594 612 adversus
1604 586 1739 614 Victorem

957 630 1122 658 concinnare
1136 650 1143 662 ,
1161 637 1223 658 cum
1246 635 1321 657 certo
1343 631 1430 658 sciant
1454 630 1623 658 Theodotum
1644 632 1740 660 Coria-

958 675 1038 708 rium,
1055 676 1099 710 qui
1116 675 1273 703 defectionis
1288 676 1361 703 illius
1373 677 1456 703 Deum
1469 678 1628 712 abnegantis
1640 685 1741 712 parens

956 725 984 748 ct
997 726 1090 749 auctor
1107 721 1167 754 fuit,
1184 722 1340 756 primusque
1352 722 1490 749 Christum
1503 723 1603 750 nudum
1617 731 1676 751 esse
1689 724 1739 750 lto--

956 764 1054 790 minem
1072 765 1211 798 asseruit,
1229 772 1277 799 per
1298 765 1432 793 Victorem
1449 774 1463 793 a
1479 767 1666 794 communione
1682 767 1735 795 Ec-

956 808 1046 836 clesiae
1062 808 1176 842 ejectum
1205 809 1298 837 fuisse.
1325 809 1390 837 Nam
1415 810 1459 842 si,
1476 815 1506 837 ut
1524 811 1621 845 aiunt,
1645 811 1741 840 Victor

955 854 1050 881 eadem
1068 855 1202 882 sentiebat
1224 863 1284 890 quae
1302 855 1408 883 illorum
1433 856 1511 884 docet
1529 857 1654 892 impietas
1666 878 1674 891 ,
1691 866 1740 886 cur

123 896 196 932 λείας
208 890 276 933 ἔτος.
295 900 457 936 Προστίθησι
473 899 501 926 δὲ
524 901 538 926 ὁ
552 900 582 926 τὸ
598 890 795 937 προειρημένον
808 890 900 928 συντά-

958 899 1124 926 Theodotmn
1140 900 1274 935 opinionis
1301 901 1373 929 illius
1394 906 1531 929 auctorem
1558 890 1591 930 ab
1619 903 1738 931 Ecclesia

124 946 171 978 ξας
187 946 250 981 περὶ
267 946 315 972 τοῦ
333 946 512 982 κατάρξαντος
532 947 581 981 τῆς
599 947 763 982 δηλωθείσης
775 948 905 983 αἱρέσεως

125 992 234 1026 βιϐλίον,
247 993 293 1019 καὶ
305 992 387 1028 ἄλλην
396 992 466 1018 κατὰ
478 993 623 1028 Ζεφυρῖνον
636 994 782 1028 γενομένην
795 994 903 1029 πρᾶξιν,

124 1036 173 1065 ὧδέ
188 1048 246 1070 πως
262 1039 353 1069 αὐτοῖς
367 1040 467 1074 ῥήμασι
478 1039 606 1075 γράφων·
630 1049 640 1065 ι
662 1040 826 1076 ’Υπομνήσω
839 1040 904 1074 γοῦν

124 1084 235 1117 πολλοὺς
247 1084 300 1111 τῶν
315 1084 432 1119 ἀδελφῶν
447 1086 561 1121 πρᾶγμα
574 1086 615 1121 ἐφ’
632 1085 709 1121 ἡμῶν
721 1086 874 1121 γενόμενον,
890 1086 904 1112 ὃ

123 1129 223 1165 νομίζω
238 1130 279 1156 ὅτι
294 1130 318 1155 εἰ
330 1130 359 1156 ἐν
378 1130 503 1165 Σοδόμοις
518 1131 648 1165 ἐγεγόνει,
664 1131 744 1166 τυχὸν
764 1130 796 1157 ἂν
812 1131 904 1157 κάκεί-

123 1185 182 1207 νους
197 1175 363 1211 ἐνουθέτησε.
385 1176 518 1208 Νατάλιος
531 1174 564 1212 ἦν
580 1185 622 1208 τις
634 1176 672 1212 (1)
691 1176 860 1212 ὁμολογητὴς
872 1176 902 1202 οὐ

123 1221 213 1253 πάλαι,
234 1221 296 1248 ἀλλ’
316 1222 362 1248 ἐπὶ
383 1222 436 1248 τῶν
458 1222 598 1258 ἡμετέρων
622 1223 765 1257 γενόμενος
789 1222 901 1258 καιρῶν.

123 1264 205 1298 Οὗτος
222 1267 348 1303 ἠπατήθη
365 1268 429 1293 ποτὲ
446 1267 497 1294 ὑπο
518 1267 737 1303 Ἀσκληπιοδότου
752 1269 798 1294 καὶ
811 1269 902 1304 ἑτέρου

123 1312 248 1339 Θεοδότου
276 1313 346 1344 τινὸς
364 1312 536 1348 τραπεζίτου.
560 1311 649 1340 Ἶίσαν
670 1314 699 1340 δὲ
722 1310 795 1341 οὗτοι
820 1314 903 1350 ἄμφω

123 1357 246 1384 Θεοδότου
258 1357 304 1384 τοῦ
317 1358 436 1390 σκυτέως
451 1358 578 1394 μαθηταὶ,
589 1359 635 1386 τοῦ
646 1359 753 1395 πρώτου
764 1360 810 1387 ἐπὶ
818 1359 903 1396 ταύτῃ

123 1403 154 1437 τῇ
171 1403 310 1438 φρονήσει,
327 1403 423 1438 μᾶλλον
438 1404 466 1430 δὲ
479 1404 628 1441 ἀφροσύνῃ,
646 1405 837 1441 ἀφορισθέντος
851 1406 902 1441 τῆς

123 1448 263 1480 κοινωνίας
285 1448 337 1475 ὑπὸ
350 1448 487 1485 Βίκτορος,
510 1449 547 1481 ὡς
564 1450 640 1485 ἔφην,
660 1450 706 1477 τοῦ
722 1451 781 1477 τότε
795 1451 903 1478 ἐπισκό-

123 1502 182 1520 που.
203 1494 360 1529 Ἀνεπείσθη
377 1494 405 1521 δὲ
416 1496 430 1521 ὁ
444 1495 575 1527 Νατάλιος
592 1495 636 1522 ὑπ’
651 1495 740 1523 αὐτῶν
761 1496 807 1523 ἐπὶ
824 1496 903 1524 σαλα-

125 1540 172 1576 ρίῳ
193 1541 340 1572 ἐπίσκοπος
361 1540 491 1577 κληθῆναι
511 1541 549 1576 (2)
569 1541 669 1577 ταύτης
689 1542 740 1577 τῆς
760 1543 900 1577 αἱρέσεως,

123 1587 191 1614 ὥστε
204 1587 351 1623 λαμϐάνειν
372 1588 435 1623 παρ’
450 1588 538 1615 αὐτῶν
555 1590 664 1624 μηνιαῖα
678 1588 792 1624 δηνάρια
807 1589 902 1616 ὲκατδν

123 1633 297 1668 πεντήκοντα.
314 1632 458 1667 Γενόμενος
473 1630 519 1659 οὖν
532 1634 579 1660 σὺν
594 1634 694 1666 αὐτοῖς,
709 1633 741 1660 δι’
758 1635 903 1670 ὁραμάτων

124 1679 251 1710 πολλάκις
274 1678 438 1705 ὲνονθετεῖτο
459 1679 511 1705 ὑπὸ
529 1678 575 1705 τοῦ
594 1679 706 1714 Κυρίου.
735 1680 763 1707 Ὁ
784 1680 838 1717 γὰρ
857 1680 902 1707 εὓ-

125 1723 274 1759 σπλαγχνος
297 1723 361 1755 Θεὸς
375 1724 422 1750 καὶ
434 1723 535 1758 Κύριος
556 1723 633 1759 ἡμῶν
652 1723 754 1760 Ἰησοῦς
775 1724 901 1760 Χριστὸς,

122 1770 170 1796 οὐκ
187 1770 312 1796 ἐϐούλετο
333 1769 385 1803 ἔξω
406 1769 567 1804 Ἐκκλησίας
586 1770 740 1805 γενόμενον,
756 1770 902 1797 ἀπολέσθαι

124 1817 249 1851 μάρτυρα
270 1816 324 1843 τῶν
346 1815 418 1842 ἰδίων
443 1815 545 1842 παθῶν.
573 1816 648 1842 Ἐπεὶ
668 1816 696 1842 δὲ
720 1816 902 1852 ῥᾳθυμότερον

123 1864 178 1894 τοῖς
202 1862 320 1898 δράμασι
347 1863 485 1897 προσεῖχε,
507 1861 699 1896 δελεαζόμενος
722 1864 754 1897 τῇ
781 1871 810 1888 τε
837 1863 901 1898 παρ’

122 1910 212 1940 αὐτοῖς
226 1908 456 1944 πρωτοκαθεδρίᾳ,
474 1908 521 1934 καὶ
533 1909 565 1943 τῇ
582 1908 721 1940 πλείστους
734 1908 902 1943 ἀπολλυούσῃ

122 1954 337 1990 αἱσχροκερδείᾳ,
356 1954 508 1980 τελευταῖον
531 1954 583 1981 ὑπὸ
599 1955 683 1990 ἁγίων
697 1955 819 1989 ἀγγέλων
836 1956 902 1990 ὲμα-

121 1999 252 2035 στιγώθη,
272 1999 305 2026 δι’
321 1999 384 2035 ὅλης
395 2000 446 2035 τῆς
463 1999 558 2031 νυκτὸς
571 2000 602 2026 οὐ
622 2000 744 2036 σμικρῶς
759 2000 899 2032 αἰκισθείς·

119 2046 189 2072 ὥστε
204 2046 287 2072 ἔωθεν
306 2046 463 2081 ἀναστῆναι,
477 2046 523 2072 καὶ
541 2046 718 2081 ἐνδυσάμενοι)
732 2046 842 2078 σάκκον,
855 2047 901 2073 καὶ

122 2092 217 2119 σποδὸν
241 2092 477 2127 καταπασάμενον,
502 2092 570 2128 μετὰ
594 2092 694 2127 πολλῆς
714 2092 831 2127 σπουδῆς
855 2093 901 2119 καὶ

120 2138 242 2174 δακρύων
260 2140 423 2174 προσπεσεῖν
441 2139 580 2174 Ζεφυρίνῳ
592 2139 629 2174 τῷ
643 2139 792 2173 ὲπισκόπῳ,
811 2138 901 2165 κυλιό-

121 2193 199 2219 μενον
221 2185 272 2211 ὐπὸ
294 2185 357 2216 τοὺς
374 2185 456 2217 πόδας
477 2185 507 2211 οὐ
523 2185 601 2219 μόνον
622 2185 674 2211 τῶν
688 2185 716 2211 ἐν
737 2184 775 2220 τῷ
796 2185 898 2220 κλήρῳ,

958 945 1095 972 removit?
1112 954 1121 971 ι
1134 945 1174 973 Ae
1190 946 1223 973 de
1235 945 1345 974 Victore
1361 947 1468 981 quidem
1483 946 1525 982 ita
1539 955 1568 975 se
1587 955 1629 975 res
1646 949 1738 977 habet.

957 990 1007 1023 Qui
1024 998 1085 1018 cum
1100 992 1192 1019 decem
1212 993 1290 1020 annis
1318 993 1498 1020 sacerdotium
1515 994 1737 1027 administrasset,

957 1036 1126 1072 Zephyrinns
1142 1037 1165 1065 ei
1181 1045 1326 1065 successor
1338 1038 1501 1066 substitutus
1518 1043 1569 1072 est,
1583 1046 1653 1067 anno
1664 1040 1739 1075 prin-

957 1083 1061 1116 cipatus
1086 1082 1179 1110 Severi
1195 1083 1304 1111 circiter
1326 1091 1408 1111 nono.
1424 1084 1509 1112 Porro
1532 1085 1602 1112 idem
1626 1085 1671 1113 ille
1692 1086 1738 1121 qui

957 1129 1142 1163 supradictum
1161 1128 1260 1156 librum
1278 1128 1312 1156 de
1330 1129 1441 1156 hatresis
1458 1129 1531 1158 illius
1545 1135 1656 1158 auctore
1667 1138 1740 1159 com-

957 1175 1064 1210 posuit,
1088 1174 1168 1201 aliam
1185 1182 1293 1210 quoque
1318 1182 1376 1202 rem
1403 1175 1550 1211 Zcphyrini
1574 1177 1738 1212 temporibus

956 1224 1059 1255 gestam
1072 1219 1192 1255 adjungit
1207 1219 1251 1247 his
1266 1219 1358 1247 verbis
1372 1228 1379 1247 :
1398 1229 1409 1246 ι
1431 1220 1559 1255 Facinus,
1575 1221 1671 1256 inquit,
1689 1230 1738 1250 no-

956 1271 1012 1294 stra
1026 1270 1106 1293 aetate
1121 1270 1226 1300 gestum
1242 1285 1249 1298 ,
1275 1265 1367 1293 multis
1391 1265 1507 1294 fratrum
1530 1271 1684 1295 nostrorum
1709 1269 1736 1295 in

956 1311 1116 1340 memoriam
1133 1312 1276 1340 revocabo.
1296 1311 1372 1345 Quod
1386 1311 1494 1346 quidem
1513 1312 1535 1339 si
1552 1312 1677 1340 Sodomis
1688 1314 1737 1340 ad—

955 1359 1067 1386 missum
1080 1358 1196 1391 fuisset,
1212 1359 1295 1393 ipsos,
1318 1363 1347 1385 ut
1362 1358 1490 1391 arbitror,
1512 1358 1614 1386 incolas
1628 1359 1660 1386 ad
1676 1365 1736 1393 pm-

956 1405 1096 1432 nitcntiam
1110 1411 1258 1439 provocare
1273 1405 1414 1439 potuisset.
1430 1405 1495 1431 Erat
1509 1406 1619 1439 quidam
1633 1405 1736 1432 Natalis

956 1450 1075 1481 nomine,
1089 1448 1241 1482 coniessor,
1255 1450 1300 1484 qui
1317 1457 1369 1476 non
1391 1450 1426 1476 ita
1443 1450 1546 1485 pridem
1561 1469 1569 1483 ,
1581 1451 1627 1477 sed
1643 1454 1735 1478 nostra

955 1501 1032 1524 aetate
1045 1496 1121 1523 vixit.
1142 1496 1191 1523 Hic
1213 1495 1283 1523 forte
1307 1495 1334 1522 in
1359 1495 1479 1523 fraudem
1496 1496 1620 1523 inductus
1644 1500 1686 1523 est
1699 1496 1734 1523 ah

956 1542 1144 1576 Asclepiodoto
1160 1545 1187 1568 et
1208 1541 1292 1569 altero
1314 1541 1429 1576 quodam
1449 1541 1588 1568 Theodoto
1610 1547 1736 1576 argenta-

954 1588 1004 1615 rio.
1020 1587 1106 1615 Ambo
1125 1591 1214 1614 autem
1229 1587 1272 1614 isti
1290 1586 1414 1621 discipuli
1426 1590 1505 1613 erant
1520 1585 1651 1614 Theodoti
1665 1584 1737 1612 illius

953 1633 1077 1664 Coriarii,
1094 1633 1139 1667 qui
1156 1633 1259 1668 primus
1274 1632 1308 1659 ob
1323 1633 1392 1659 hanc
1410 1632 1562 1659 doctrinam
1582 1639 1627 1659 seu
1647 1631 1734 1666 potius

953 1680 1096 1711 insaniam,
1111 1687 1126 1706 a
1142 1679 1258 1712 Victore,
1274 1684 1302 1706 ut
1317 1678 1384 1711 dixi,
1402 1683 1465 1706 tunc
1478 1678 1608 1713 temporis
1631 1677 1739 1712 episeo-

952 1734 997 1762 po,
1017 1726 1050 1753 ab
1064 1725 1191 1753 Ecclesia:
1208 1725 1401 1753 communione
1423 1729 1541 1752 remotus
1557 1728 1607 1751 est.
1621 1723 1652 1751 Hi
1673 1718 1737 1758 per;

952 1777 1097 1800 suaserunt
1111 1771 1210 1805 Natali,
1227 1775 1268 1804 ut,
1290 1775 1402 1805 accepto
1418 1769 1644 1802 salario,hazresis
1664 1769 1735 1797 illius

952 1817 1094 1852 episcopus
1108 1821 1256 1848 crearetur,
1272 1824 1304 1844 ea
1320 1816 1425 1845 scilicet
1436 1815 1603 1847 conditione,
1617 1819 1645 1842 ut
1658 1822 1735 1842 men-

951 1868 1043 1891 struos
1059 1867 1167 1890 centum
1185 1862 1379 1898 quinquaginta
1402 1861 1529 1889 denarios
1545 1861 1579 1887 ab
1596 1861 1650 1888 illis
1662 1861 1735 1889 acci-

951 1913 1037 1944 peret.
1053 1908 1178 1936 Sociatus
1194 1907 1276 1942 igitur
1290 1907 1396 1934 illorum
1409 1906 1541 1940 partibus,
1560 1912 1632 1939 smpe
1651 1913 1665 1932 a
1682 1906 1734 1932 Do-

951 1954 1023 1981 mino
1033 1953 1233 1988 corripiebalur
1247 1953 1272 1979 in
1287 1952 1400 1980 somnis.
1409 1950 1639 1979 Clementissimus
1653 1950 1733 1986 197

951 2000 1022 2027 enim
1039 1999 1109 2026 Deus
1124 2007 1155 2026 ac
1170 1998 1297 2025 Dominus
1311 2002 1404 2024 noster
1417 1996 1496 2024 Iesus
1511 1996 1637 2024 Christus
1648 2016 1654 2027 ,
1670 2004 1731 2023 eum

950 2045 995 2080 qui
1008 2045 1161 2080 passionum
1175 2051 1284 2070 suarum
1300 2042 1376 2070 testis
1388 2042 1539 2074 exstiterat,
1552 2041 1641 2076 perire
1654 2046 1731 2067 extra

950 2090 1096 2118 Ecclesiam
1113 2089 1230 2117 nolebat.
1249 2087 1300 2116 Sed
1318 2096 1378 2116 cum
1391 2093 1536 2115 nocturnas
1550 2087 1681 2121 ejusmodi
1693 2087 1733 2113 vi-

951 2138 1042 2165 siones
1052 2136 1200 2172 negligeret
1207 2135 1320 2167 Natalis,
1335 2139 1428 2169 utpote
1443 2135 1544 2162 honore
1557 2136 1651 2169 primae
1662 2135 1731 2169 apud

951 2183 1010 2211 illos
1029 2183 1100 2210 sedis
1111 2201 1120 2215 ,
1135 2187 1163 2209 et
1183 2181 1267 2216 turpis
1284 2181 1353 2208 lucri
1377 2181 1524 2216 cupiditate
1535 2200 1542 2213 ,
1557 2188 1616 2216 quae
1641 2180 1731 2207 multis

119 2230 185 2257 ἀλλὰ
199 2231 246 2257 καὶ
263 2230 317 2257 τῶν
336 2231 453 2257 λαῖκῶν’
469 2230 580 2266 συγχέαι
598 2239 628 2256 τε
645 2232 701 2261 τοῖς
718 2230 832 2265 δάκρυσι
849 2230 898 2264 τὴν

954 2229 1111 2257 mortalibus
1130 2228 1213 2256 exitio
1224 2232 1284 2259 est,
1308 2227 1455 2259 inescatus,
1472 2227 1580 2254 tandem
1596 2234 1611 2253 a
1628 2226 1730 2253 sanctis

118 2276 301 2311 εῦσπλαγχνον
326 2276 487 2311 Ἐκκλησίαν
520 2275 567 2302 τοῦ
592 2276 736 2311 ἐλεήμονος
768 2275 896 2311 Χριστοῦ,

119 2321 200 2357 πολλῇ
212 2330 241 2348 τε
254 2323 287 2358 τῇ
300 2322 388 2356 δεήσει
399 2321 581 2358 χρησάμενον,
595 2321 719 2354 δείξαντά
729 2328 758 2346 τε
769 2321 831 2352 τοὺς
848 2319 899 2356 μώ-

117 2367 208 2399 λωπας
230 2364 267 2394 ὧν
289 2367 392 2403 εἰλήφει
416 2367 537 2402 πληγῶν,
562 2366 637 2402 μόλις
660 2365 863 2402 κοινωνηθῆναι.
884 2377 892 2392 ι

151 2459 206 2494 (99)
227 2458 343 2494 Ψαλμοὶ
366 2457 399 2484 δὲ
426 2457 475 2494 καὶ
498 2457 570 2494 ῲὸᾳὶ
589 2455 735 2494 ,ᾀδεᾷςνςῶν
763 2454 902 2494 ἀπαρχῆς

115 2490 175 2522 ὑπὸ
196 2490 319 2521 πιστῶν
342 2493 508 2528 γραφεῖσαι.
535 2492 714 2528 §cribeitdutn
734 2490 896 2528 estudtrr'e‘tp-

115 2530 175 2564 χῆς,
189 2533 218 2556 ιιι
234 2529 333 2556 habent
344 2525 422 2564 codd.
439 2528 520 2564 Μειιτ,
534 2527 613 2559 Fnk.,
627 2526 709 2553 Savil.
724 2530 751 2552 et
763 2525 896 2564 Nicepho-

118 2559 173 2591 ῖιίἐ.
198 2564 282 2591 Porro
304 2571 336 2590 ex
362 2563 406 2589 his
434 2563 523 2589 verbis
546 2566 656 2596 apparet
683 2567 786 2596 morem
811 2559 894 2596 fuisse

116 2599 332 2633 antiquissimum
350 2598 376 2624 in
396 2596 530 2630 Ecclesia,
547 2595 659 2633 hymnos
678 2595 840 2633 et_p_saln_tos
867 2595 892 2633 in

114 2629 244 2661 bono-rem
268 2633 368 2660 Christi
383 2639 554 2666 componere.
565 2629 657 2658 'Certe
679 2630 780 2657 Plinius
794 2630 819 2656 in
833 2629 891 2662 epi-

115 2669 183 2696 stola
199 2669 233 2696 ad
244 2669 386 2703 Traianum
403 2672 496 2703 auctor
508 2671 558 2697 est,
578 2666 748 2693 Christianos
766 2666 791 2691 in
810 2671 890 2703 unum

115 2699 318 2735 convenientes,
331 2703 439 2730 Christo
461 2702 573 2737 hymnos
588 2709 686 2728 canere
705 2699 890 2737 consuevisse.

116 2740 151 2766 De
166 2739 209 2766 his
219 2733 329 2773 psalmis
339 2742 367 2764 et
383 2733 490 2773 hymnis
504 2736 696 2773 intelligendus
711 2736 815 2773 videtur
828 2733 891 2773 Hip-

115 2768 262 2809 polytus'in
275 2768 696 2809 orationeDefensumqfajipne
714 2769 815 2809 mundi,
825 2768 892 2809 rsnb

116 2802 192 2836 intem
212 2816 220 2836 :
234 2808 271 2835 Τὸ
300 2807 385 2842 πόμα
409 2807 484 2842 ὑμῶν
497 2805 564 2842 πρὸς
580 2804 730 2842 δοξολογίαν
744 2805 791 2842 καὶ
807 2802 891 2842 αἷνρν,

114 2845 157 2870 καὶ
178 2843 313 2878 ψαλμοὺς,
327 2838 461 2878 καὶγῲδὰς
486 2838 838 2878 πνευματικὰςνηύτρέπι-σα

113 2874 354 2914 lein-Huiusmodi
379 2874 494 2913 h'ymnus
509 2877 536 2905 in
555 2874 775 2904 'honoretn'Je'su
788 2874 891 2901 Christi

950 2275 1055 2311 angelis
1071 2282 1118 2310 per
1133 2279 1216 2301 totam
1231 2278 1336 2300 noctem
1357 2272 1448 2308 ﬂagris
1463 2280 1548 2300 cmsus
1561 2276 1588 2299 et
1603 2271 1730 2306 gravissi-

951 2329 994 2348 me
1006 2320 1164 2348 verberatus
1178 2322 1229 2346 est.
1245 2318 1363 2345 Adco\ut
1381 2318 1469 2350 primo
1484 2317 1600 2344 diluculo
1616 2324 1730 2344 consm-

950 2373 1015 2400 gens
1029 2386 1037 2398 ,
1053 2372 1163 2392 saccum
1179 2363 1315 2396 induerit,
1329 2367 1356 2390 et
1372 2363 1464 2390 cinere
1484 2370 1647 2398 conspersus
1667 2368 1729 2388 con‘

955 2461 969 2480 a
987 2454 1124 2482 Clemente
1153 2453 1334 2481 Alexandrino
1352 2451 1516 2486 compositus
1540 2455 1629 2479 exstat
1650 2451 1681 2479 ad
1697 2450 1729 2478 li-

953 2497 1014 2516 nem
1030 2489 1087 2523 ejus
1104 2489 1164 2515 libri
1183 2490 1228 2522 qui
1245 2489 1407 2521 Pmdagogus
1427 2487 1594 2514 inscribitur.

983 2524 1050 2558 (99')
1077 2523 1244 2558 ’Aatéﬁ’altle.
1262 2523 1344 2558 Forte
1357 2521 1493 2558 ἀπέϐαλε,
1508 2521 1586 2558 Eutr.

1105 2530 1244 2550 πεοαιλιιε.
1262 2530 1342 2550 Ι¹01¹16
1357 2530 1487 2548 απεοαλε.
1508 2530 1586 2547 [ινιτ.

995 2526 1050 2558 99’)
1077 2526 1244 2550 Ἀπέϐαλλε.
1262 2526 1342 2550 Forte
1357 2526 1487 2548 ἀπεδαλε.
1508 2526 1586 2547 non.

982 2526 1020 2595 (1)
1036 2557 1183 2595 Νατάλιος
1193 2556 1232 2593 ἧν
1246 2567 1302 2595 τις.
1324 2557 1422 2595 Nescio
1437 2565 1470 2595 an
1486 2556 1531 2595 hic
1546 2555 1732 2595 sit__Cmcilius‘

947 2590 1060 2624 Natalis,
1084 2593 1129 2628 qui
1154 2590 1342 2628 disputatione
1359 2590 1604 2628 Oclarviirlanuarii
1634 2597 1725 2617 coram

947 2629 1064 2657 Minucio
1075 2625 1163 2656 Felice
1176 2625 1268 2654 nom
1283 2627 1384 2657 habita,
1398 2627 1430 2652 ad
1447 2625 1547 2653 Christi
1561 2625 1639 2652 ﬁdem
1656 2633 1724 2652 cou-

946 2672 1040 2692 versus
1055 2669 1108 2696 est,
1130 2669 1159 2689 ut
1173 2663 1301 2690 scribitur
1318 2663 1343 2688 in
1364 2661 1473 2696 Dia/ago
1492 2660 1723 2688 MinuciiFelicis.

944 2699 1046 2727 Nomen
1065 2703 1139 2726 certe
1150 2698 1285 2728 convenit,
1304 2701 1331 2724 et
1349 2700 1454 2730 tempus
1476 2701 1558 2730 atque
1577 2696 1723 2729 professio.

978 2735 1016 2769 (εἰ)
1042 2734 1222 2765 Ἐπίσκοπος
1249 2730 1405 2769 κληθῆναι.
1423 2731 1480 2769 ἐπὶ-
1494 2731 1623 2769 scriptum
1657 2738 1724 2769 prue-

943 2765 996 2796 fer't.
1006 2765 1093 2796 'codcx
1106 2769 1215 2803 Regius,
1224 2769 1266 2794 cui
1277 2765 1722 2803 conseutitilani_i_nterpretatio.

943 2805 995 2831 Sed
1024 2801 1258 2839 quatuor'reliqui
1282 2802 1387 2839 codices
1400 2801 1478 2839 idm.
1489 2820 1497 2832 ,
1514 2801 1595 2836 Mcd.,
1609 2801 1675 2829 Fuit.
1697 2807 1723 2828 et

944 2835 1174 2873 Savilfscriptum
1191 2835 1290 2866 habent
1305 2835 1488 2872 κληρωθῆναι.
