1996 3165
249 112 301 139 515

615 108 747 136 EUSEBH
766 108 1001 136 C(ESABIEXSIS
1019 108 1094 136 OPP.
1116 108 1203 136 PARS
1218 108 1240 137 l.
1259 124 1294 130 —
1312 109 1506 138 HISTORICA.

1807 109 1863 138 516

248 169 338 197 festini
354 175 414 196 cum
437 167 562 203 lacrymis
577 168 611 194 ad
635 167 718 202 pedes
741 167 886 202 Zephyrini
910 168 1027 203 episcopi

1080 167 1190 200 Τούτοις
1211 168 1422 204 ἐπισυνάψωμεν
1440 168 1488 195 καὶ
1508 167 1589 198 ἄλλας
1612 166 1676 203 περὶ
1693 165 1747 193 τῶν
1771 166 1862 193 αὐτῶν

248 223 309 243 sese
323 214 465 248 abjecerit,
476 221 528 240 non
542 213 628 241 solum
641 214 708 241 cieri
719 233 727 247 ,
741 221 833 241 verum
851 214 931 241 etiam
944 222 1027 242 saecu-

248 261 345 288 larium
362 259 484 295 vestigiis
500 259 658 293 advolutus;
678 264 706 288 et
730 259 830 288 Christi
846 260 1029 288 misericordis

248 306 397 334 Ecclesiam
415 306 499 342 ipsam
515 314 622 342 quoque
639 306 839 334 misericordem
856 306 963 334 ﬂetibus
973 308 1028 334 suis

247 352 425 379 commoverit
445 357 526 387 atque
543 352 724 380 conettsserit.
747 352 891 388 Multisque
903 352 1028 388 precibus

247 405 311 425 usus
323 418 330 430 ,
346 398 465 425 ostensis
477 399 557 425 etiam
575 398 709 426 vibicibus
736 399 874 434 plagarum
899 406 966 433 quas
979 406 1028 434 pro

246 445 348 472 Christi
364 444 533 472 confessione
554 444 712 479 pertulerat,
724 444 768 471 vix
783 446 891 472 tandem
907 446 940 472 ad
954 453 1028 472 com-

248 491 403 518 munionem
421 491 555 518 admissus
564 495 615 518 est.
631 500 640 517 I
662 490 709 518 His
727 490 885 525 adjiciemus
899 491 949 518 alia
961 499 1028 526 quo-

247 544 300 571 que
311 537 430 571 ejusdem
448 536 590 571 scriptoris
609 537 642 563 de
663 536 758 563 iisdem
773 537 907 564 haereticis
922 537 1003 564 verba
1017 557 1025 570 .

247 591 306 617 qua:
322 583 362 610 sic
380 583 482 610 habent
498 592 504 610 :
523 591 533 608 ε
554 582 652 610 Sacras
673 583 781 617 quidem
794 602 802 615 ,
820 583 907 617 inquit
921 604 927 616 ,
955 583 1029 610 Scri-
1060 595 1063 599 -

247 633 340 662 pturas
365 628 493 655 audacter
509 628 727 655 adulteraverunt
743 637 750 655 :
767 628 913 663 primitivte
937 634 1026 656 autem

247 674 309 702 ﬁdei
326 673 443 709 regulam
460 674 611 709 rejecerunt
626 682 634 700 :
650 673 788 701 Christum
805 675 892 709 ipsum
913 674 1028 709 denique

247 720 461 755 ignoravcrunt:
480 728 532 747 non
548 721 718 755 inquirentes
731 721 795 755 quid
815 727 899 748 sacra:
914 721 1028 748 doceant

247 766 414 800 Scriptura);
429 767 476 795 sed
491 766 641 800 cuiusmodi
659 766 878 802 syllogismorum
895 767 979 803 ﬁgura
994 767 1027 795 ad

246 812 459 840 conﬁrmandam
477 813 642 848 impietatem
656 821 733 840 suam
744 813 904 848 reperiatur,
918 814 1027 841 assidue

1077 213 1124 240 τοῦ
1145 213 1227 240 αὑτοῦ
1251 215 1430 250 συγγραφέως
1449 214 1552 250 φωνὰς¹
1567 213 1660 240 τοῦτον
1682 213 1796 248 ἐχούσας
1816 213 1863 239 τὸν

1078 260 1186 296 τρόπον·
1198 270 1207 286 ‹
1221 260 1330 296 Γραφὰς
1346 261 1394 296 μὲν
1405 260 1480 292 θείας
1488 259 1596 295 ἀφόϐως
1605 259 1861 295 ρερᾳδιουργήκασι,

1079 306 1195 338 πίστεως
1212 307 1241 333 δὲ
1257 307 1372 342 ἀρχαίας
1390 307 1490 334 κανόνα
1513 306 1672 341 ἠθετήκασι,
1694 305 1810 341 Χριστὸν
1832 305 1863 332 δὲ

1078 353 1253 388 ἠγνοήκασιν,
1268 353 1298 379 οὺ
1310 353 1336 379 τί
1350 353 1378 378 αί
1390 352 1459 378 Θεται
1472 352 1581 386 λέγουσι
1592 352 1698 387 Γραφαὶ
1707 351 1862 386 ζητοῦντες,

1078 398 1135 425 ἀλλ’
1147 399 1237 425 ὁποῖον
1251 399 1342 434 σχῆμα
1353 398 1532 434 συλλογισμοῦ
1546 399 1585 430 είς
1595 398 1645 433 τὴν
1656 398 1707 433 τῆς
1716 397 1863 434 ἀθεότητος

1078 443 1175 479 εὑρεθῇ
1197 444 1335 476 σύστασιν,
1351 443 1500 479 φιλοπόνως
1520 443 1682 475 ἀσκοῦντεςθ
1704 443 1755 470 κᾶν
1771 443 1863 475 αὐτοῖς

1078 489 1205 526 προτείνῃ
1217 498 1259 521 τις
1276 489 1356 525 ῥητὸν
1368 489 1480 525 Γραφῆς
1495 489 1598 524 θεῖκῆς,
1610 487 1765 521 ἐξετάζουσι
1781 489 1862 515 πότε-

1079 544 1125 570 ρον
1139 536 1308 571 συνημμένον
1321 536 1338 571 ἦ
1355 535 1543 570 διεζευγμένον
1560 536 1597 570 (3)
1617 534 1726 561 δύναται
1748 535 1862 570 ποιῆσαι

1105 582 1170 617 [ῆμα
1184 581 1373 617 συλλογισμοῦ.
1387 581 1591 612 Καταλιπόντες
1611 581 1639 607 δὲ
1658 581 1707 612 τὰς
1721 581 1801 615 ἁγίας
1811 580 1860 608 τοῦ

1077 626 1145 653 Θεοῦ
1159 627 1278 663 Γραφὰς,
1295 628 1465 664 γεωμετρίαν
1486 626 1700 661 ἐπιτηδεύουσιν,
1716 628 1754 659 ὼς
1772 628 1805 655 ἂν
1828 629 1861 654 ἐκ

1078 673 1128 708 τῆς
1143 673 1196 708 γῆς
1215 674 1290 705 ὄντες
1303 675 1350 700 καὶ
1365 675 1414 710 τῆς
1430 675 1481 710 γῆς
1497 675 1649 707 λαλοῖδντες,
1665 675 1713 701 καὶ
1728 674 1773 701 τὸν
1787 674 1860 701 ἄνω-

1078 718 1123 745 Θεν
1157 719 1304 755 ἐρχόμενον
1334 719 1371 755 (ό)
1409 720 1578 754 ἀγνοοῦντες.
1616 721 1763 755 Εὐκλείδης
1794 719 1862 754 γοῦν

1078 765 1154 801 παρά.
1176 774 1246 793 τισιν
1277 767 1365 793 αὐτῶν
1385 767 1536 801 φιλοπόνως
1554 768 1760 802 γεωμετρείται,
1788 767 1860 801 ’Δρι-

1079 813 1204 848 στοτέλης
1228 813 1256 839 δὲ
1286 814 1333 840 καὶ
1359 814 1528 849 Θεόφραστος
1561 812 1755 848 θαυμάζονται·
1775 813 1794 838 Γ
1796 813 1861 848 αληο

246 858 420 885 meditantes.
433 858 507 892 Quod
522 860 544 886 si
562 860 624 894 quis
636 860 753 893 aliquem
762 859 860 886 divina:
878 859 1026 894 Scriptura:

1078 858 1122 889 νὸς
1157 858 1211 894 γὰρ
1244 859 1309 891 ἴσως
1339 859 1391 886 ὑπό
1419 868 1499 886 τινων
1525 859 1572 886 καὶ
1600 860 1790 894 προσκυνεῖται
1809 859 1858 892 (5).

246 903 333 930 locum
345 904 387 931 eis
405 904 514 938 objiciat
527 925 534 938 ,
548 906 704 933 examinant
720 909 808 932 utrum
824 912 974 932 connexum
991 913 1024 932 an

245 949 407 983 disjunctmn
424 950 570 986 syllogismi
587 957 672 985 genus
693 957 727 977 ex
751 957 784 977 eo
811 950 907 977 conﬁci
930 951 1024 985 possit.

246 993 411 1029 ﬂelictisqne
432 1000 514 1030 atque
536 996 650 1030 abjectis
675 995 761 1023 sacris
787 995 834 1023 Dei
857 995 1025 1030 Scripturis,

245 1041 399 1075 geometria:
413 1041 541 1073 student;
566 1043 663 1078 quippe
684 1044 730 1078 qui
754 1047 900 1071 terrestres
924 1043 979 1069 sint
1000 1047 1028 1070 et

246 1087 390 1120 loquanlur
400 1091 517 1120 terrena,
527 1093 554 1115 et
567 1088 640 1115 illum
649 1089 693 1122 qui
706 1089 740 1116 de
748 1084 822 1116 ‘coalo
833 1089 939 1116 advenit
951 1087 1028 1123 igno-

245 1136 317 1159 rent.
334 1132 452 1160 Euclidis
468 1133 550 1168 igitur
566 1134 717 1162 Geometria
735 1135 804 1170 apud
819 1134 961 1162 nonnullos
979 1142 1026 1161 eo-

246 1185 305 1204 rum
321 1179 440 1206 studiose
461 1180 604 1208 excolitur.
620 1181 785 1210 Aristoteles
801 1189 866 1208 vero
889 1185 916 1208 et
937 1180 1026 1208 Theo-

245 1225 371 1258 phrastus
387 1232 491 1252 summa
516 1226 696 1261 admiratione
714 1227 898 1261 suspiciuntur
921 1234 928 1252 :
948 1225 1027 1254 Gale-

245 1278 294 1297 nus
314 1276 405 1298 autem
423 1279 438 1298 a
463 1271 626 1306 quibusdam
649 1272 731 1299 etiam
747 1273 885 1299 adoratur.
909 1271 1027 1299 Proinde

244 1317 311 1344 istos
326 1317 371 1351 qui
387 1317 535 1344 inﬁdelium
556 1318 661 1345 artibus
677 1325 710 1345 ac
732 1317 882 1351 disciplinis
895 1317 928 1344 ad
941 1317 1026 1344 stabi-

245 1362 361 1389 liendam
380 1362 490 1389 haeresis
509 1370 564 1389 suae
578 1363 732 1397 opinionem
748 1363 907 1395 abutuntur,
924 1367 951 1390 et
964 1362 1027 1390 sub-

245 1408 282 1434 tili
296 1408 437 1443 impiorum
450 1409 588 1436 hominum
607 1409 723 1436 versutia
740 1409 968 1443 simplicissimam
985 1408 1026 1436 di-

245 1454 366 1481 vinarum
382 1454 585 1489 Scripturarum
601 1455 755 1482 adulterant
769 1456 859 1487 ﬁdem,
874 1454 1025 1482 remotissi—

245 1507 303 1526 Inos
319 1507 379 1527 esse
394 1507 408 1526 a
423 1500 475 1527 ﬁde
492 1501 556 1535 quid
571 1501 669 1528 attinet
684 1501 798 1528 dicere?
815 1500 883 1528 llinc
896 1505 936 1528 est
954 1500 1025 1536 quod

1078 903 1110 931 Οἳ
1143 904 1172 930 δὲ
1200 906 1258 936 ταῖς
1285 904 1338 931 τῶν
1368 905 1489 932 ἀπίστων
1513 906 1620 940 τέχναις
1660 906 1700 937 είς
1730 905 1779 941 τὴν
1810 905 1860 940 τῆς

1077 950 1207 986 αἱρέσεως
1227 950 1315 977 αὐτῶν
1334 950 1445 986 γνώμην
1470 951 1675 987 ἀποχρώμενοι,
1691 951 1737 977 καὶ
1752 952 1784 986 τῇ
1805 950 1860 976 τῶν

1078 997 1163 1024 ἀθέων
1181 996 1332 1032 πανουργίᾳ
1347 997 1395 1033 τὴν
1410 997 1498 1033 ἁπλῆν
1514 998 1566 1024 τῶν
1581 997 1660 1024 θείων
1681 997 1795 1033 Γραφῶν
1816 997 1861 1023 πί-

1077 1052 1134 1069 στιν
1143 1042 1347 1078 καπηλεύοντες,
1354 1043 1394 1070 ὅτι
1404 1043 1470 1079 μηδὲ
1480 1043 1560 1077 ἐγγὺς
1571 1043 1687 1074 πίστεως
1698 1043 1859 1078 ὑπάρχουσι,

1077 1088 1102 1114 τί
1113 1087 1153 1114 δεῖ
1164 1088 1210 1114 καὶ
1221 1087 1309 1121 λέγειν
1322 1096 1329 1120 ;
1345 1087 1392 1114 Διὰ
1405 1087 1483 1114 τοῦτο
1495 1088 1554 1118 ταῖς
1568 1086 1652 1118 θείαις
1664 1087 1782 1122 Γραφαῖς
1794 1087 1861 1121 ἁφό-

1077 1133 1131 1165 6ως
1145 1133 1276 1160 ἐπέϐαλον
1291 1132 1341 1165 τὰς
1355 1130 1458 1168 χεῖρας,
1473 1133 1595 1167 λέγοντες
1614 1133 1698 1164 αὑτὰς
1710 1132 1862 1168 διωρθωχέ·

1076 1188 1130 1206 ναι.
1144 1179 1198 1205 Καὶ
1213 1180 1253 1205 ὅτι
1266 1179 1344 1206 τοῦτο
1359 1179 1395 1214 μὴ
1409 1179 1640 1214 καταψευδόμενος
1653 1179 1741 1205 αὐτῶν
1757 1178 1862 1212 λέγω,ὁ

1077 1224 1234 1260 βουλόμενος
1245 1224 1353 1251 δύναται
1365 1225 1468 1259 μαοεῐν.
1485 1225 1515 1250 Et
1527 1224 1580 1260 γάρ
1590 1234 1631 1256 τις
1645 1224 1751 1260 Θελήσει
1762 1232 1863 1258 συγκο-

1079 1270 1159 1305 μίσας
1179 1270 1268 1297 αὐτῶν
1285 1271 1398 1298 ἑκάστου
1419 1271 1453 1298 τὰ
1469 1271 1620 1306 ἀντίγραφοι
1636 1271 1771 1304 ἐξετάζειν
1791 1272 1862 1307 πρὸς

1076 1316 1187 1351 ἄλληλα,
1196 1317 1267 1343 κατὰ
1275 1317 1342 1343 πολὺ
1353 1317 1385 1343 ἂν
1392 1316 1466 1353 εὖροι
1476 1317 1669 1351 διαφωνοῦντα.
1677 1327 1685 1342 ι
1696 1317 1758 1344 Ἀσὺ
1764 1327 1862 1352 μφωνα

1076 1361 1141 1396 γοῦν
1155 1361 1231 1388 ἐσται
1253 1362 1288 1388 τὰ
1307 1361 1502 1399 Ἀσκληπιᾴδου
1517 1362 1554 1398 (6)
1573 1364 1629 1394 τοῖς
1643 1363 1778 1389 Θεοδότου.
1794 1363 1862 1389 Πολ-

1076 1407 1130 1435 λῶν
1140 1408 1167 1435 δέ
1177 1409 1250 1435 ἐστιν
1258 1409 1469 1445 εὐπορῆσαι,διὰ
1480 1409 1510 1435 τὸ
1521 1409 1667 1445 φιλοτίμως
1677 1409 1860 1445 ἐγγεγράφθαι

1076 1455 1139 1487 τοὺς
1154 1455 1277 1492 μαθητὰς
1293 1455 1381 1483 αὐτῶν
1395 1455 1429 1482 τὰ
1443 1455 1486 1490 ὑφ’
1497 1455 1610 1482 ἑκάστου
1622 1455 1768 1487 αὑτῶν,·ώς
1784 1456 1862 1482 αὐτοὶ

1078 1501 1420 1538 καλοῦσι,κατωρθωμένα,
1434 1501 1570 1528 τουτέστιν
1587 1501 1765 1536 ἠφανισμένα.
1777 1500 1862 1527 Πάλιν

244 1546 342 1573 divinis
359 1545 509 1580 Scripturis
533 1545 664 1574 audacter
680 1554 777 1574 manus
790 1547 942 1575 intulerunt
956 1535 1027 1581 ,reas

1078 1546 1105 1574 δὲ
1121 1547 1224 1580 τούτοις
1236 1548 1271 1574 τὰ
1285 1535 1448 1584 Ἕρμοφίλου
1462 1547 1492 1573 οὐ
1510 1535 1624 1583 συνᾴδει.
1641 1546 1680 1573 Τὰ
1691 1535 1745 1582 γὰρ
1765 1546 1861 1573 Ἄπολ-

279 1633 317 1669 (3)
336 1634 466 1671 Πότερον
480 1634 676 1671 συνημμένον
692 1635 711 1669 ἣ
730 1635 943 1671 διεζευγμένον.
959 1635 1027 1669 Quid

243 1669 279 1716 sit
294 1669 465 1716 συνημμένον
476 1675 504 1716 e7t
527 1671 589 1704 quid
598 1670 804 1716 ἑιεςευγμένον,
825 1669 924 1698 docent
938 1672 1029 1716 7dial7e-

243 1704 317 1732 ctici.
334 1704 512 1741 Pronuntiata
528 1713 587 1741 qum
598 1705 680 1732 Stoici
695 1704 838 1741 ἀξιώματα
849 1711 958 1736 vocant,
975 1706 1027 1733 alia

243 1744 306 1765 sunt
320 1739 462 1774 simplicia,
477 1746 506 1766 ut
520 1740 659 1772 illud,dics
676 1747 712 1767 est
723 1749 732 1773 ;
743 1739 795 1768 alia
816 1750 868 1768 non
886 1741 1030 1774 simplicia.

244 1774 283 1812 Es
301 1775 351 1812 his7
365 1782 500 1812 ῃιιωςηοη
523 1779 584 1802 sunt
601 1775 729 1808 simplicia
743 1795 751 1807 ,
774 1776 825 1802 alia
842 1782 904 1803 sunt
927 1784 1029 1812 συνημ-
1047 1780 1050 1781 ⁷

245 1809 328 1844 μένα,
346 1809 370 1836 id
385 1814 427 1841 est
441 1817 574 1842 connexa,
587 1818 647 1843 quae
663 1816 789 1838 constant
804 1819 837 1838 ex
862 1811 966 1838 duobus
986 1809 1029 1840 iii,-

244 1846 332 1871 versis
352 1845 544 1879 pronuntiatis,
567 1850 596 1872 ut
617 1845 692 1878 illud,
711 1845 741 1873 Si
758 1847 812 1873 dies
841 1852 888 1879 est,
904 1846 951 1873 lux
980 1851 1028 1874 est.

243 1879 302 1906 Alia
328 1878 503 1915 διεζευγμένσ,
523 1888 569 1907 scu
594 1880 736 1913 disjuncla.
757 1886 786 1908 ut
809 1878 894 1913 illud,
912 1886 956 1907 aut
974 1882 1029 1908 dies

243 1918 293 1946 est,
309 1919 354 1941 aut
380 1923 432 1942 ηοω
453 1921 501 1942 est.
524 1915 588 1942 Vide
612 1915 757 1950 Diogenem
777 1916 913 1944 Laertinm
936 1917 962 1942 in
978 1916 1029 1943 Ze-

245 1957 322 1977 none.
341 1950 454 1987 Sestus
474 1951 624 1987 Eiiipiricus
639 1951 669 1977 τὸ
690 1951 859 1987 συνημμένον
884 1951 976 1987 definit
998 1951 1030 1978 τὸ

244 1984 369 2022 συνεστὸς
381 1985 580 2022 ὲξγὰξιώματος
595 1984 806 2022 διαφορουμένου
816 2007 823 2019 ,
837 1987 853 2021 ἢ
867 1986 896 2022 ἐξ
907 1986 1028 2022 ἀξιωμά-

242 2028 297 2046 των
309 2020 502 2056 διαφερόντων,
516 2020 559 2047 διὰ
577 2021 623 2058 τοῦ
644 2020 701 2058 aii)
720 2020 797 2058 εἴπερ
822 2020 983 2058 συνδέσμου.’
995 2023 1028 2049 Et

242 2058 396 2092 exemplum
421 2057 535 2092 connexi
555 2057 624 2092 quod
647 2056 668 2092 si
692 2064 724 2083 cx
747 2056 921 2091 pronuntiato
935 2057 1027 2092 διαφο-

244 2089 367 2127 ρουμένῳ
383 2090 439 2127 hoc
468 2090 545 2127 aﬂ‘ert
562 2089 611 2117 {Si
641 2091 696 2127 dies
713 2089 760 2123 est,
778 2093 833 2118 dies
856 2097 904 2127 git.
919 2092 957 2118 Ex
975 2089 1028 2127 quo

243 2125 421 2160 corrigendos
438 2129 479 2160 cst
504 2125 635 2160 Diogenes
659 2125 784 2156 Laertius
804 2127 830 2153 in
854 2125 960 2153 Zenone
976 2125 1028 2154 hoc

245 2159 323 2197 :7nod0
340 2159 412 2197 [Ἐξ
434 2159 586 2197 ὰξιῲματος
609 2161 657 2197 μὲν
665 2161 901 2197 διαφορουμένου,
920 2160 985 2194 οἷον,
1004 2162 1028 2188 εἰ

1117 1636 1162 1677 (4),
1177 1636 1237 1677 Τοῖ’
1261 1636 1378 1677 ,ἄνωθεν
1398 1636 1574 1677 ρρχόμεγον.
1601 1636 1861 1677 Christopborsonus

1081 1671 1165 1699 vertit
1182 1680 1188 1697 :
1205 1671 1339 1698 Christum
1358 1672 1404 1707 qui
1424 1674 1456 1698 de
1470 1673 1532 1699 caelo
1553 1677 1674 1699 venturus
1692 1677 1729 1699 est
1754 1673 1860 1706 penitus

1080 1709 1214 1741 ignorant.
1249 1707 1334 1740 Quam
1377 1707 1626 1741 interpretationem
1656 1707 1778 1741 equidem
1805 1714 1859 1733 non

1082 1743 1189 1768 damno.
1209 1741 1255 1769 Sic
1271 1742 1342 1768 cnim
1359 1741 1429 1776 loqui
1449 1742 1535 1769 solent
1548 1742 1634 1769 sant-ti
1653 1742 1743 1768 Patres
1758 1744 1790 1768 de
1814 1749 1860 1768 su-

1083 1784 1175 1811 premo
1192 1777 1308 1804 adventu
1336 1777 1447 1809 Christi,
1469 1784 1522 1811 quo
1539 1778 1667 1804 mundum
1692 1777 1861 1809 jutlicatnrns

1082 1816 1134 1843 est,
1152 1819 1202 1838 non
1220 1812 1296 1845 quasi
1309 1812 1342 1839 de
1360 1812 1460 1844 futuro,
1477 1813 1523 1839 sed
1538 1818 1663 1843 tanquam
1673 1813 1705 1838 de
1723 1812 1859 1845 prmsenti.

1082 1847 1191 1882 ἔρχεται
1202 1847 1304 1882 κρίνειν
1321 1845 1424 1879 ζῶντας
1440 1847 1488 1874 καὶ
1504 1847 1626 1881 νεκρούς.
1644 1847 1680 1873 Ita
1695 1847 1861 1880 Hegi-sippus

1082 1883 1108 1908 in
1129 1882 1258 1917 Martyrio
1280 1883 1365 1909 sancti
1381 1882 1484 1912 Jacobi.
1501 1887 1528 1909 et
1542 1883 1586 1909 alii
1609 1882 1707 1915 passim
1723 1883 1756 1907 ab
1777 1882 1861 1908 Euse-

1083 1917 1127 1944 bio
1138 1916 1224 1943 citati.
1240 1916 1355 1944 Possunt
1368 1922 1456 1944 tamen
1471 1917 1527 1944 lucc
1539 1917 1619 1944 verba
1635 1917 1716 1943 etiam
1726 1918 1757 1943 de
1772 1917 1860 1950 primo

1082 1952 1180 1978 Christi
1200 1953 1316 1978 adVeutu
1334 1952 1454 1986 intelligi,
1471 1953 1603 1985 quomodo
1617 1952 1720 1985 accepit
1736 1951 1858 1979 ltutinns.

1115 1987 1304 2026 (5)Γα;1ηνὸς
1319 1987 1464 2026 rapique
1487 1988 1652 2026 cadurco:
1664 1987 1711 2026 καὶ
1728 1993 1863 2020 προσκυ-

1078 2022 1182 2049 νεῖται.
1201 2022 1319 2049 Galcnus
1339 2023 1410 2049 enim
1432 2030 1465 2049 ne
1483 2023 1576 2057 ﬁguris
1599 2022 1816 2057 syllogismorum
1832 2026 1860 2048 ct

1078 2058 1112 2084 de
1128 2062 1184 2084 tota
1207 2057 1375 2092 philosophia
1398 2057 1482 2084 libros
1507 2058 1715 2090 conscripserat,
1731 2062 1761 2083 ut
1779 2064 1812 2084 ex
1826 2057 1860 2083 li-

1079 2092 1190 2119 brorum
1215 2092 1273 2126 ejus
1296 2092 1385 2119 indice
1403 2092 1601 2126 cognoscimus.
1622 2093 1667 2118 Est
1683 2096 1772 2118 autem
1798 2092 1859 2118 illu-

1079 2132 1135 2154 stre
1158 2128 1209 2154 hoc
1235 2127 1417 2154 testiinonium
1442 2128 1475 2154 de
1488 2127 1600 2159 Caleno,
1618 2127 1716 2161 quippe
1730 2127 1800 2161 quod
1813 2135 1860 2153 au-

1080 2163 1163 2189 ctoris
1183 2162 1219 2189 sit
1232 2162 1425 2196 antiquissimi,
1440 2168 1466 2188 et
1483 2162 1576 2189 Galeni
1596 2162 1763 2195 temporibus
1791 2169 1859 2195 pene

243 2194 334 2230 ἡμέρα
353 2193 541 2235 ὲστὶνκήμέρα
566 2193 819 2235 ἐστ’ίνε-Ρονιίοίειιῐι
832 2193 900 2235 apud
918 2198 1027 2235 Sextum

1080 2197 1202 2235 aequalis.
1219 2196 1273 2235 Nec
1289 2193 1352 2223 vero
1365 2204 1396 2223 ex
1417 2197 1474 2235 hoc
1489 2201 1590 2235 tantum
1607 2193 1749 2235 scriptore,
1765 2193 1857 2235 verum

244 2237 325 2263 quam
352 2230 423 2267 apud
439 2229 576 2267 Laertiutn
589 2230 704 2267 mallent
716 2229 853 2267 scribere
870 2231 1028 2267 διφορουμέ-

243 2272 301 2296 νου,
309 2263 537 2301 quemadmodum
544 2265 640 2299 legitur
653 2266 721 2300 apud
729 2263 910 2301 Al’exandruni
922 2263 1028 2301 Aphro-

243 2300 363 2337 diensem
393 2299 427 2326 In
449 2300 542 2337 priore
566 2299 716 2337 Atialytica.
741 2299 808 2337 liam
834 2299 1027 2337 διφορούμενον

245 2334 314 2371 idem
332 2339 374 2361 est
395 2335 466 2368 quod
482 2335 523 2367 δὶς
536 2334 783 2371 λαμϐανόμενονΕι
802 2336 858 2362 haec
868 2334 979 2371 quidem
994 2337 1027 2363 tle

245 2370 338 2396 harum
355 2377 450 2397 vocum
467 2370 689 2404 interpretatione
702 2371 773 2398 dicta
787 2370 931 2399 suﬁiciant.
949 2372 1026 2405 Quod

244 2411 308 2441 vero
324 2409 429 2441 spectat
442 2405 474 2431 ad
491 2405 571 2438 hujus
592 2406 643 2432 loci
661 2407 915 2441 interpunctionem,
930 2407 1025 2441 scripti

244 2440 351 2466 codices
378 2440 449 2467 inter
474 2447 503 2467 se
519 2441 690 2476 dissentiunt.
710 2440 775 2467 Nam
799 2440 898 2475 Regius
917 2440 1026 2476 quidem

244 2475 339 2512 codeg,
351 2482 431 2512 quem
448 2480 556 2512 secutus
572 2480 612 2512 est
635 2475 704 2512 liob.
721 2476 892 2510 Stephanus,
906 2475 966 2512 post
979 2484 1026 2503 vo-

244 2482 339 2506 couex,
371 2483 431 2502 ueni
448 2482 556 2502 secutus
572 2482 612 2502 est
635 2482 704 2503 non.
721 2482 892 2510 Stephanus,
906 2482 966 2512 post
979 2484 1025 2503 vo-

244 2517 301 2536 cem
312 2482 500 2545 διεὲευγμένον
507 2510 638 2546 virgulam
651 2511 732 2538 habet
746 2513 905 2546 appositam,
916 2518 944 2539 ut
955 2512 1025 2539 scias

227 2552 323 2572 'voccs
347 2546 412 2581 illas
423 2545 593 2581 συνημμένον
611 2547 657 2572 καὶ
670 2545 859 2581 διεζευγμένον
872 2547 1026 2574 referendas

243 2587 304 2616 esse
333 2581 366 2607 ad
380 2580 420 2616 71b
448 2580 529 2616 ῥητόν
551 2582 624 2615 quod
644 2580 798 2615 pra-cessit,
814 2589 866 2609 non
887 2589 975 2609 autem
991 2581 1025 2609 ad

243 2614 335 2651 σχῆμα
347 2614 525 2651 συλλογισμοῦ
541 2614 611 2650 quod
628 2614 749 2650 proxime
767 2619 900 2650 sequitur.
914 2617 965 2644 Sed
981 2624 1024 2643 re-

243 2649 309 2683 liqui
324 2652 442 2683 codices.
459 2649 528 2678 Maz.
542 2649 569 2677 ἐι
585 2649 666 2683 Med,
678 2659 738 2678 cum
754 2649 820 2678 Fuk’.
834 2657 864 2679 et
876 2652 1023 2685 Saviliano,

243 2689 306 2722 post
332 2692 424 2713 vocem
442 2685 632 2722 διεζευγμένον
657 2687 756 2714 nullam
778 2687 906 2714 adhibent
927 2687 1024 2713 distin-

242 2718 370 2759 ctionem,
384 2721 429 2748 sed
442 2718 730 2759 tantum‘poscvocem
749 2722 929 2759 συνημμένον.
938 2721 1023 2754 Quam

243 2754 445 2792 distinctionem
455 2754 688 2792 secutus’Ruﬁnus
699 2764 731 2784 ac
744 2754 1023 2792 reliq'ui'interpretes.

243 2793 394 2827 connexum
419 2790 600 2827 disiunctum,
617 2792 670 2827 duo
692 2790 909 2827 syllogismorum
923 2790 1024 2827 'genera

242 2823 440 2853 existimarunt.
455 2823 517 2854 Mihi
534 2823 608 2862 prior
628 2823 775 2855 distin'ctio'
789 2828 873 2862 magis
890 2823 986 2862 pla'cet.

1077 2233 1159 2258 etiam
1175 2240 1209 2259 ex
1228 2232 1288 2258 aliis
1313 2231 1519 2266 quampluribns
1543 2232 1613 2258 ident
1641 2231 1767 2266 colligere
1784 2231 1859 2264 licet,

1077 2266 1208 2293 Calenum
1236 2266 1373 2294 Aristoteli
1394 2274 1426 2293 ac
1443 2266 1642 2301 Theophrasto,
1665 2267 1771 2300 ipsique
1791 2267 1859 2294 adeo

1078 2301 1183 2328 Platoni
1208 2308 1316 2336 aequare
1344 2309 1397 2328 non
1425 2301 1594 2329 dubitarunt.
1610 2301 1690 2329 Certe
1706 2302 1859 2329 Alexander

1077 2335 1306 2370 Aphrodisiensis,
1325 2335 1359 2362 In
1375 2336 1470 2362 librum
1483 2342 1601 2363 octavum
1622 2336 1787 2369 Topicorum,
1805 2345 1856 2364 non

1077 2371 1170 2406 procul
1184 2372 1218 2398 ab
1235 2372 1321 2406 initio,
1337 2372 1403 2398 satis
1419 2371 1521 2398 indicat
1549 2373 1586 2398 ita
1599 2379 1693 2398 omnes
1708 2371 1741 2398 de
1757 2371 1859 2398 Galeno

1076 2405 1256 2433 existimasse.
1284 2405 1429 2440 Postquam
1445 2407 1525 2441 7enim
1551 2407 1641 2433 docuit
1661 2406 1858 2441 prohlentatuni

1077 2441 1127 2468 alia
1143 2440 1236 2474 ἔνδοξα
1246 2448 1315 2473 esse,
1331 2441 1382 2468 alia
1394 2440 1486 2475 ἄδοξα,
1499 2441 1628 2475 ειένδοξα
1643 2441 1750 2476 quidem
1768 2442 1794 2467 in
1811 2442 1860 2468 du-

1077 2476 1138 2510 plici
1157 2484 1218 2504 esse
1242 2476 1408 2506 ditl‘crentia.
1434 2478 1485 2503 alia
1510 2478 1582 2503 enim
1607 2485 1668 2503 esse
1683 2476 1787 2507 ἁπλῶς,
1808 2476 1859 2504 alia

1075 2511 1244 2554 ὡρισμένως,
1267 2511 1322 2551 haec
1347 2511 1509 2553 subjungit:
1530 2512 1696 2553 Ὠρισμένως
1705 2511 1729 2537 δ’
1755 2511 1858 2544 ἔνδοξα,

1074 2555 1109 2573 τα
1125 2547 1192 2580 τῳοέ
1210 2555 1263 2573 τινι
1280 2554 1334 2572 των
1348 2546 1462 2580 ἐνοόξων
1480 2547 1612 2580 ἑπόμενα,
1627 2555 1693 2580 οιον,
1723 2546 1857 2579 Πλάτωνι,

1074 2556 1109 2573 τα
1125 2556 1192 2582 τῳοε
1210 2556 1263 2573 τινι
1280 2556 1334 2572 των
1348 2556 1462 2580 ενοοςων
1480 2556 1612 2582 επομενα,
1627 2556 1693 2580 οιον,
1724 2556 1857 2579 ιιΛατωνι,

1074 2582 1091 2617 ἢ
1113 2581 1299 2618 ΪΑριστοτέλει,
1313 2581 1330 2616 ἢ
1347 2581 1467 2618 Γαλῗηνῷ.
1542 2617 1545 2618 7
1568 2617 1585 2618 77
1651 2617 1654 2618 7
1806 2617 1810 2618 7
1835 2617 1840 2618 7
1876 2603 1879 2618 ς

1111 2616 1151 2652 (6}
1168 2617 1206 2644 Td
1227 2616 1456 2649 Ἀσκληπιάδου.
1471 2617 1547 2652 Apud
1565 2617 1745 2652 Nicephorum
1758 2617 1858 2644 scribi-

1076 2655 1129 2687 tur,
1153 2652 1387 2687 Ἀσκληπιοδότου,
1403 2653 1537 2686 quomodo
1553 2653 1636 2680 etiam
1654 2653 1718 2686 legit
1732 2652 1855 2678 Ruﬁnus.

1075 2686 1158 2714 Paulo
1183 2686 1250 2721 post
1269 2687 1313 2713 ubi
1336 2688 1443 2721 legitur,
1460 2687 1494 2714 τὰ
1508 2687 1561 2722 γὰρ
1579 2687 1769 2719 Ἀπολλωνίου,
1781 2688 1859 2714 resti-

1075 2723 1204 2749 tuendum
1218 2726 1262 2750 est
1281 2721 1472 2749 Ἀπολλωνίδου
1484 2730 1516 2750 ex
1529 2721 1692 2750 'l'heodorito
1707 2723 1733 2749 in
1750 2723 1821 2750 libro
1839 2731 1856 2749 ιι

1075 2756 1270 2822 Ηιεᾶειῆεονιινη
1283 2757 1446 2791 fabularum,
1463 2759 1552 2792 capite
1569 2757 1595 2790 5,
1609 2763 1635 2785 et
1658 2765 1690 2786 es
1706 2757 1859 2793 Nicephoro

1075 2800 1106 2821 ac
1144 2801 1159 2822 u
1183 2801 1228 2821 no.

1074 2800 1106 2821 ac
1119 2800 1228 2822 nuttno.
