1996 3165
133 169 182 199 555
570 150 571 154 Ἴ
624 167 797 196 HISTORIA}
815 167 1093 199 ECCLESIASTICE
1112 171 1175 198 LIB.
1199 170 1243 199 Vl.
1703 173 1756 202 556

134 230 269 266 Ὦριγένει
285 229 379 265 δνομα,
407 227 552 264 Ζεςςυρίνου
575 227 645 255 κατὰ
661 227 756 255 τούσδε
779 229 842 260 τοὺς
857 229 915 265 χρό-

972 229 1077 257 lirmior
1090 229 1258 257 redderetur.
1277 229 1370 258 Patres
1381 230 1478 267 quippe
1493 232 1664 266 agnoscimus
1686 229 1753 257 bea-

128 284 191 308 νους
209 276 259 312 τῆς
278 275 421 311 Ῥωμαίων
451 274 613 310 Ἐκκλησίας
636 275 797 310 ἡγουμένου.
822 275 915 311 ἐπιδη-

973 281 1014 303 tos
1026 276 1086 304 illos
1103 277 1147 311 qui
1166 276 1238 303 viam
1252 276 1331 304 nobis
1351 278 1529 312 prmivcrunt,
1548 282 1575 305 et
1588 286 1656 313 quos
1677 276 1754 303 brevi

130 321 216 357 μῆσαι
233 323 265 357 τῇ
288 320 381 357 Ῥώμῃ
393 319 447 356 (94)
463 320 509 346 καὶ
529 319 610 352 αὑτός
624 328 675 346 που
692 319 802 355 γράφει,
821 320 915 354 λέγων·

972 323 1090 350 secuturi
1106 330 1216 355 sumus;
1232 323 1391 350 Pantznnnm
1409 323 1511 351 scilicet
1523 331 1586 351 vere
1598 324 1707 352 beatum
1724 330 1756 348 ac

130 369 277 404 εὐξάμενος
295 366 344 403 τὴν
372 365 554 402 ἀρχαιοτάτην
589 365 730 401 Ῥωμαίων
757 365 915 402 Ἐκκλησίαν

972 369 1105 396 dominum
1120 377 1209 396 meum
1223 380 1229 397 τ
1247 373 1275 397 et
1291 374 1414 396 sanctum
1429 369 1595 397 Clementem
1612 370 1754 398 dominum

133 414 206 441 ἰδεῖν·
231 413 294 440 ἔνθα
325 414 353 439 οὺ
379 413 446 439 πολὺ
472 411 624 448 διατρίψας,
649 411 786 438 ἐπάνεισιν
808 412 847 444 εἰς
869 412 915 448 τὴν

972 419 1029 442 item
1047 423 1136 442 meum
1162 416 1211 450 qui
1234 423 1277 443 me
1298 415 1443 450 plurimum
1467 415 1628 450 adjuvit:et
1645 417 1668 444 si
1690 416 1752 451 quis

137 460 347 495 Ἀλεξάνδρειαν.
368 459 423 485 Καὶ
440 459 472 494 δὴ
487 458 523 485 τὰ
546 457 646 494 συνήθη
669 458 719 493 τῆς
736 459 915 494 κατηχήσεως

972 460 1035 488 ilius
1050 461 1101 488 fuit
1123 462 1287 497 hujusmodi.
1312 462 1364 490 Per
1379 469 1448 497 quos
1463 466 1489 489 tu
1505 462 1570 489 mihi
1591 463 1732 490 innolttisli
1743 483 1752 496 ,

131 506 247 534 ἐνταῦθα
263 505 331 541 μετὰ
353 504 442 541 πάσης
464 504 582 540 ἐπλήρου
608 504 734 539 σπουδῆς,
759 505 914 540 Δημητρίου

129 552 184 579 τῶν
207 553 269 588 τῇδε
283 551 431 578 ἐπισκόπου
455 550 495 577 ἔτι
519 551 578 577 τότε
605 549 800 585 παρορμῶντος
824 550 914 584 αὑτὸν,

130 599 177 626 καὶ
195 597 334 634 μονονουχὶ
359 595 570 628 ἀντιϐολοῦντος,
595 595 700 626 ἀόκνως
723 595 771 632 τὴν
791 597 832 628 είς
853 597 917 628 τοὺς

129 644 262 679 ἀδελφοὺς
273 642 405 678 ὠφέλειαν
419 641 562 668 ποιεῖσθαι.

968 506 1078 534 domine
1094 514 1125 535 ac
1142 507 1224 535 frater
1244 509 1323 543 longe
1344 509 1465 536 omnium
1487 509 1719 543 praestantissime.
1740 519 1749 535 ι

968 551 1001 579 Et
1019 553 1076 579 haec
1092 553 1200 588 quidem
1216 554 1252 582 ita
1269 562 1298 582 se
1319 555 1430 583 habent.
1444 555 1622 583 Adamantius
1637 564 1700 584 vero
1714 557 1752 592 (id

968 598 1040 625 enim
1055 599 1136 626 etiam
1151 599 1261 635 Origeni
1279 609 1375 628 nomen
1394 601 1455 637 fuit)
1468 601 1622 637 Zephyrino
1634 609 1681 637 per
1697 603 1754 630 lucc

970 649 1092 680 tempora
1117 646 1266 674 Romanam
1294 647 1445 676 Ecclesiam
1465 649 1652 684 gubernante,
1674 657 1703 677 se
1726 650 1754 676 in

130 692 225 719 urbem
243 691 357 718 Romam
379 690 521 717 advenisse
537 689 642 722 scribit,
662 697 724 716 cum
759 689 809 716 sibi
831 690 857 717 in
874 690 944 718 votis
958 691 1066 726 fuisset,
1098 694 1171 721 sicut
1194 695 1308 729 ipsemet
1330 696 1427 724 alicubi
1451 697 1529 730 dicit,
1543 697 1691 724 Romanam
1706 697 1756 724 Ec-

129 738 243 767 clesiam
276 739 397 765 omnium
435 736 654 771 antiquissimam
692 744 784 764 coram
804 737 905 765 videre.
932 739 968 766 lbi
982 740 1117 775 paulisper
1138 748 1268 777 moratus,
1289 742 1478 772 Alexandriam
1500 744 1587 773 rediit.
1613 745 1663 774 Ubi
1688 753 1754 773 con-

130 790 237 813 suetum
260 785 466 813 catechumenos
498 784 610 812 docendi
636 784 751 812 ollicium
784 786 856 812 omni
872 786 961 815 studio
994 795 1026 816 ac
1055 789 1192 823 diligentia
1221 793 1343 819 exercuit
1360 801 1367 819 ε
1386 792 1521 820 Demetrio
1541 793 1659 821 civitatis
1696 795 1753 830 epi-

130 840 214 868 scopo
226 833 365 860 etiamtum
377 831 449 859 illum
464 832 545 867 217
556 832 689 865 hortante.
700 839 734 860 ac
745 837 847 860 tantum
863 841 916 862 non
936 835 1104 871 supplicante
1121 842 1153 865 ut
1168 837 1282 866 fratrum
1301 840 1412 867 utilitati
1427 840 1544 876 impigre
1557 841 1682 869 serviret.

393 878 588 904 ΚΕΦΛΛΑΙΟΝ
605 878 655 905 ΙΕ’.

236 923 305 958 Περὶ
318 921 514 958 τοήἨρακλᾶ
531 921 600 958 (Nic.
615 922 651 950 II.
671 921 702 949 Ε.
717 931 745 954 ν,
756 920 808 954 Η).

171 967 201 995 '0
223 969 245 995 δ’
269 968 306 1000 ὡς
329 968 424 995 ἑαυτὸν
449 967 522 1004 ἐώρα
545 968 582 1003 μὴ
607 967 782 1004 ὲπαρκοῦντα
809 970 841 1004 τῇ
864 967 919 995 τῶν

130 1015 211 1042 θείων
226 1015 361 1051 βαθυτέρᾳ
380 1015 472 1050 σχολῇ,
487 1016 519 1050 τῇ
536 1023 565 1041 τε
585 1013 707 1048 ἐξετάσει
725 1014 772 1042 καὶ
787 1015 916 1050 ἑρμηνείᾳ

130 1062 184 1090 τῶν
203 1061 284 1098 ίερῶν
304 1062 486 1097 Γραμμάτων,
507 1061 553 1088 καὶ
580 1060 690 1096 προσέτι
707 1061 740 1096 τῇ
764 1059 818 1086 τῶν
835 1069 919 1095 προο-

133 1108 226 1136 ιόντων
250 1109 410 1144 κατηχήσει,
437 1107 496 1142 μηδ’
521 1106 688 1134 ἀναπνεῦσαι
705 1105 917 1142 συγχωρούντων

131 1154 215 1190 αὐτῷ,
230 1154 330 1191 ἐτέρων
341 1154 382 1188 ἐφ’
396 1153 500 1189 ἑτέροις
522 1153 551 1186 ἐξ
567 1152 604 1179 ἓω
623 1153 670 1179 καὶ
688 1152 783 1188 μέχρις
800 1152 917 1188 ἑσπέρας

131 1201 178 1228 ἐπὶ
190 1201 221 1228 τὸ
234 1200 298 1236 παρ’
313 1199 387 1235 αὑτῷ
399 1199 579 1227 διδασκαλεῖον
591 1197 754 1233 φοιτώντων,
775 1198 916 1234 διανείμας

131 1247 167 1274 τὰ
183 1246 338 1282 πλήθη,τδν
355 1246 492 1282 Ἠρακλᾶν
515 1246 568 1272 τῶν
587 1245 734 1281 γνωρίμων
756 1245 915 1281 προκρίνας,

132 1292 161 1319 ἓν
174 1301 204 1319 τε
219 1293 274 1324 τοῖς
291 1292 370 1323 θείοις
384 1291 535 1324 σπουδαῖον,
547 1291 594 1318 καὶ
606 1290 693 1322 ἄλλως
709 1290 773 1318 ὄντα
785 1290 915 1326 λογιώτα-

131 1346 178 1365 τον
204 1338 287 1374 ἄνδρα
308 1338 353 1364 καὶ
379 1337 536 1372 φιλοσοφίας
558 1337 607 1363 οὐκ
636 1336 762 1372 ἄμοιρον,
790 1336 916 1364 κοινωνὸν

131 1384 247 1419 καθίστη
269 1384 318 1419 τῆς
338 1384 523 1419 κατηχήσεως,
542 1383 581 1418 τῷ
600 1382 647 1418 μὲν
663 1382 712 1418 τὴν
728 1382 840 1418 πρώτην
863 1381 916 1408 τῶν

132 1430 195 1467 ἄρτι
212 1431 433 1466 στοιχειουμὲνων
448 1429 601 1465 εἰσαγωγὴν
619 1429 778 1465 ἐπιτρέψας,
796 1428 870 1464 αὑτῷ
887 1428 916 1455 δὲ

131 1478 182 1512 τὴν
195 1477 250 1504 τῶν
265 1477 293 1503 ἐν
305 1477 359 1509 ἕξει
372 1475 490 1511 φυλάξας
503 1475 644 1511 ἀκρόασιν.

1249 883 1385 912 CAPUT
1405 883 1473 913 XV.

1271 928 1309 956 De
1324 928 1450 956 Heracla.

1004 973 1070 1001 Cum
1085 979 1175 1002 autem
1191 975 1420 1002 animadverteret
1439 983 1468 1003 se
1492 983 1662 1012 nequaquam
1680 977 1755 1005 sut'li-

969 1027 1031 1048 cere
1042 1021 1076 1049 ad
1091 1021 1252 1056 quietiorem
1269 1029 1358 1049 rerum
1374 1021 1526 1049 divinarum
1543 1024 1755 1060 contemplatio-

971 1074 1044 1098 nem.
1056 1071 1084 1094 et
1096 1067 1129 1095 ad
1143 1075 1228 1095 sacrae
1247 1067 1395 1102 Scriptura:
1406 1069 1599 1096 scrutationem
1614 1074 1695 1106 atque
1713 1072 1756 1098 in-

971 1112 1211 1147 terpretationem,
1233 1112 1369 1147 simulque
1391 1112 1423 1139 ad
1445 1112 1642 1142 institutionem
1659 1123 1753 1144 eorum

969 1157 1016 1191 qui
1041 1157 1073 1184 ad
1092 1158 1180 1192 ipsum
1203 1158 1388 1192 accedebant,
1408 1166 1455 1193 per
1476 1167 1543 1194 quos
1563 1167 1597 1187 ne
1619 1161 1755 1196 respirare

969 1203 1078 1237 quidem
1101 1203 1151 1237 ipsi
1175 1203 1286 1237 licebat,
1303 1211 1366 1231 cum
1387 1204 1431 1231 alii
1455 1213 1536 1241 super
1553 1207 1621 1234 alios
1637 1216 1652 1234 a
1665 1208 1754 1242 primo

969 1248 1036 1276 lucis
1056 1254 1153 1277 exortu
1175 1258 1261 1285 usque
1279 1251 1311 1278 ad
1328 1259 1469 1287 vesperam
1489 1252 1609 1280 seliolam
1627 1253 1684 1288 ejus
1700 1254 1754 1281 fro-

969 1300 1131 1329 quentarent
1149 1305 1155 1322 :
1172 1297 1258 1324 divisa
1282 1298 1356 1325 omni
1385 1299 1536 1326 auditorum
1567 1299 1753 1330 multitud.ne.

970 1339 1112 1368 lleraclam
1132 1349 1165 1369 ex
1185 1341 1365 1370 familiaribus
1385 1343 1441 1370 suis
1457 1343 1586 1378 deligens,
1603 1343 1689 1370 virum
1709 1351 1754 1371 re-

971 1393 1030 1412 rum
1051 1387 1201 1414 divinarum
1220 1389 1383 1422 studiosum,
1395 1394 1423 1416 et
1440 1389 1539 1422 alioqui
1555 1389 1752 1422 doctissimum,

970 1438 1020 1458 nec
1034 1437 1178 1466 expertem
1205 1433 1396 1468 philosophirc,
1413 1435 1439 1461 in
1463 1435 1576 1461 docendi
1598 1434 1685 1461 oﬂicio
1710 1442 1756 1460 si-

969 1474 1041 1502 cium
1056 1476 1107 1503 sibi
1119 1481 1201 1512 atque
1215 1479 1407 1506 administrum
1425 1479 1556 1514 adjunxit.
1575 1479 1607 1506 Et
1622 1479 1685 1507 huic
1695 1480 1755 1514 qui-

132 1524 194 1552 dem
210 1524 404 1552 institutioncm
422 1531 518 1551 eorum
533 1523 580 1558 qui
613 1523 709 1558 primis
740 1523 828 1551 adhuc
847 1523 1033 1552 imbuerentur
1060 1524 1220 1554 rudimentis
1256 1527 1409 1555 mandavit:
1424 1527 1474 1555 sibi
1502 1535 1567 1555 vero
1581 1525 1755 1561 perfectiores

134 1571 269 1598 docendos
287 1571 445 1599 reservavit.

387 1618 583 1645 ΚΕΦΑΛΑΙΟΝ
604 1619 661 1652 ις’.

134 1663 230 1697 ὀπως
267 1663 416 1699 Ὠριγένης
441 1664 508 1699 περ),
540 1665 593 1696 τὰς
624 1664 706 1697 θείας
737 1664 918 1692 ἐσπουδάκει

306 1699 428 1733 Γραφὰς
442 1698 511 1734 (Nic.
532 1698 568 1727 Η.
589 1699 622 1725 Ε.
645 1707 670 1731 v,
687 1699 740 1735 tl).

167 1744 292 1780 Τοσαύτη
311 1744 339 1771 δὲ
357 1745 479 1780 εἰσήγετο
494 1745 532 1780 τῷ
561 1745 689 1781 Ὠριγένει
709 1745 762 1772 τῶν
779 1745 857 1772 θείων
873 1745 919 1772 λό-

133 1799 189 1826 γων
205 1791 422 1827 ἀπηκριϐωμένη
439 1790 572 1824 ἐξέτασις,
597 1791 634 1823 ὡς
653 1791 699 1818 καὶ
720 1791 768 1827 τὴν
791 1791 918 1827 Ἐϐραῖδα

133 1837 255 1872 γλῶτταν
272 1837 410 1873 ἐκμαθεῖν,
431 1837 480 1869 τάς
493 1846 523 1864 τε
543 1837 618 1873 παρὰ
637 1839 692 1869 τοῖς
714 1837 851 1869 Ἰουδαίοις
867 1839 918 1874 ἐμ-

134 1883 286 1918 φερομένας
297 1882 490 1918 πρωτστύπους
511 1883 602 1914 αὐτοῖς
621 1882 753 1918 Ἐϐραίων
776 1883 918 1918 στοιχείοις

133 1928 245 1965 Γραφὰς
259 1928 324 1964 (95),
339 1928 431 1964 κτῆμα
448 1929 512 1955 ῐδιον
529 1928 702 1963 ποιήσασθαι,
717 1928 872 1963 ἀνιχνεῦσαί
888 1937 918 1954 τε

133 1974 184 2007 τὰς
199 1975 252 2001 τῶν
270 1975 371 2010 ἐτέρων
390 1974 466 2010 παρὰ
482 1975 544 2006 τοὺς
567 1974 764 2010 Ἐϐδομήκοντα
778 1974 827 2006 τὰς
844 1974 919 2010 ἱερὰς

134 2018 246 2054 Γραφὰς
266 2019 474 2055 ἡρμηνευκότων
495 2019 631 2051 ἐκδόσεις·
653 2019 699 2046 καί
727 2027 802 2051 τινας
823 2019 919 2055 ἑτέρας

133 2067 211 2103 παρὰ
230 2067 279 2099 τὰς
303 2067 547 2103 καθημαξευμένας
571 2067 717 2102 ἑρμηνείας
741 2067 917 2094 ἐναλλαττού-

135 2121 194 2146 σας,
216 2114 265 2150 τὴν
297 2113 407 2140 Ἀκύλου
433 2114 480 2140 καὶ
501 2113 659 2148 Συμμάχου,
678 2114 725 2140 καὶ
741 2113 917 2145 Θεοδοτίωνος

134 2161 271 2196 ἐφευρεῖν,
286 2160 319 2192 ἃς
335 2161 383 2186 οὐκ
396 2158 444 2187 οἷδ’
457 2160 516 2186 ὅθεν
527 2159 559 2186 ἐκ
568 2168 647 2186 τινων
665 2159 760 2195 μυχῶν
775 2159 820 2186 τὸν
837 2159 920 2186 πάλαι

134 2206 318 2238 λανθανούσας
341 2206 435 2242 χρόνον
463 2206 504 2238 είς
531 2205 588 2240 φῶς
615 2206 774 2241 ἀνιχνεύσας
798 2207 920 2242 προήγα-

134 2261 183 2287 γεν
199 2251 266 2288 (96).
284 2251 341 2287 Ἐφ’
354 2249 391 2279 ὧν
407 2252 450 2279 διὰ
469 2253 518 2288 τὴν
538 2252 698 2288 ἀδηλότητα,
721 2253 792 2284 τίνος
809 2250 845 2288 ἆρ
866 2251 921 2280 εἷεν

1262 1619 1375 1647 CAPUT
1393 1619 1461 1648 XVI.

973 1665 1109 1699 Quantum
1121 1666 1238 1692 studium
1254 1665 1380 1728 Urilgene:
1394 1668 1421 1708 in
1438 1667 1532 1694 dit'im's
1542 1666 1686 1703 Scripturis
1699 1666 1751 1694 col-

1307 1708 1429 1728 σεαυεηι.

1307 1708 1429 1730 σεαυεηι.

1008 1746 1122 1774 Tantam
1145 1755 1228 1782 porro
1252 1755 1346 1775 curam
1368 1755 1400 1776 ac
1422 1747 1588 1782 diligentiam
1605 1748 1632 1775 in
1656 1748 1756 1776 divinis

973 1792 1122 1828 Scripturis
1145 1794 1352 1829 perscrutandis
1378 1793 1525 1821 adhibebat
1551 1794 1702 1828 Origenes,
1727 1799 1757 1821 ut

971 1839 1134 1867 Hebraicam
1152 1839 1234 1867 etiam
1255 1839 1372 1874 linguam
1389 1840 1523 1870 didicerit.
1539 1844 1566 1866 et
1582 1840 1755 1867 authenticOs

971 1886 1174 1920 Scripturarum
1190 1885 1275 1912 libros
1289 1884 1430 1912 Hebraicis
1443 1885 1559 1919 scriptos
1575 1885 1673 1913 litteris
1683 1906 1691 1918 ,
1708 1893 1754 1921 qui

972 1931 1042 1966 apud
1058 1930 1164 1958 Judteos
1179 1930 1324 1961 habentur,
1338 1929 1388 1957 sibi
1404 1931 1604 1965 comparaverit
1617 1939 1623 1957 :
1638 1931 1754 1957 aliorum

973 1983 1079 2012 quoque
1105 1976 1150 2010 qui
1174 1979 1273 2010 prmter
1288 1975 1463 2010 Septuaginta
1485 1976 1647 2010 interpretes
1664 1984 1756 2003 sacras

974 2023 1129 2057 Srripturas
1151 2021 1322 2056 interpretati
1342 2026 1421 2054 sunt,
1434 2021 1567 2049 editiones
1585 2024 1757 2057 pervestiga-

973 2069 1063 2095 verit:
1080 2067 1224 2095 nonnullas
1248 2067 1364 2102 denique
1388 2068 1625 2103 interpretationes
1650 2075 1664 2095 a
1686 2069 1758 2096 tritis

974 2113 1028 2140 illis
1052 2117 1079 2140 et
1101 2112 1219 2147 vulgatis
1248 2112 1352 2146 Aquila:
1373 2111 1477 2139 scilicet
1500 2119 1532 2138 ac
1555 2111 1710 2148 Symmachi
1729 2118 1758 2140 et

974 2158 1168 2185 Theodotionis
1187 2157 1308 2184 diversas
1323 2157 1466 2192 repererit.
1488 2155 1562 2189 Quas
1584 2156 1694 2191 quidem
1713 2155 1758 2184 ille

975 2214 1007 2233 cx
1027 2206 1118 2233 nescio
1134 2206 1232 2240 quibus
1253 2209 1345 2233 erutas
1363 2204 1471 2239 angulis
1493 2204 1520 2232 in
1539 2205 1637 2240 quibus
1649 2205 1757 2240 jamdu-

976 2252 1040 2279 dum
1052 2251 1226 2284 delituerant,
1241 2251 1346 2286 primus
1362 2251 1388 2278 in
1402 2250 1490 2278 lucem
1503 2251 1640 2285 produxit.
1652 2250 1686 2278 Et
1695 2258 1757 2278 cum

172 2371 230 2406 (96)
253 2370 449 2411 ’βπιδῃμῆσεξι
466 2370 503 2404 τῇ
523 2370 625 2411 Ῥωμῃ.
642 2370 718 2411 llunc
734 2370 859 2411 0_rigenis
870 2372 915 2400 ad-

972 2371 997 2398 in
1016 2371 1076 2411 γὶιιι
1095 2370 1194 2411 Ρίοςίῃὶ
1213 2370 1237 2397 id
1245 2371 1372 2411 hausisse
1385 2371 1436 2411 sibi
1448 2370 1558 2411 videtur
1571 2370 1715 2411 Beronius,
1730 2369 1756 2397 in

136 2405 245 2434 ventum
262 2406 289 2432 in
305 2407 398 2432 urbem
422 2405 535 2432 Rotnam
554 2406 684 2433 Baronius
698 2405 802 2434 confert
826 2407 852 2434 in
869 2414 917 2434 an-

135 2450 200 2468 num
215 2441 317 2468 Christi
339 2440 402 2473 2‘20,
417 2442 462 2475 qui
477 2445 538 2468 erat
550 2448 637 2468 annus
659 2449 667 2467 ι
684 2442 749 2475 imp.
764 2441 913 2476 Elagabali.

135 2476 268 2504 Eusebius
283 2481 372 2503 tamen
398 2476 542 2511 Origenem
560 2475 673 2503 Romam
697 2477 801 2503 venisse
818 2475 916 2504 scribit

135 2511 434 2546 regnanterCaracalla.
460 2511 512 2546 Sed
539 2515 568 2538 ut
597 2512 647 2538 hoc
670 2511 784 2538 Baronio
812 2519 911 2540 conce-

135 2545 242 2581 damus,
266 2545 330 2573 illud
356 2547 467 2573 minime
492 2545 632 2573 ferendum
650 2551 701 2576 est.
719 2547 790 2581 quod
814 2547 912 2574 ibidem

136 2580 342 2616 ait,’0rigenem
356 2581 547 2608 Adamantium
566 2582 662 2608 iterum
679 2580 790 2607 Romam
807 2582 914 2609 venisse

147 2615 288 2651 irincipatu
314 2615 429 2651 Philippi
454 2617 532 2650 imp..
550 2623 620 2643 anno
638 2616 737 2643 Christi
763 2616 824 2643 248.
845 2616 912 2643 Nam

160 2651 268 2679 usebius
281 2652 325 2685 qui
338 2658 381 2678 res
393 2656 482 2685 gestas
497 2651 621 2686 Origenis
639 2651 664 2678 in
683 2651 734 2678 hoc
751 2651 820 2678 libro
834 2659 913 2678 accu—

135 2687 273 2714 ratissime
289 2688 432 2721 pertexuit,
454 2686 554 2712 nullum
569 2686 679 2713 secundi
694 2686 772 2720 hujus
781 2687 912 2713 adventus

136 2722 302 2749 mentionem
316 2721 389 2748 facit.
408 2722 464 2748 lmo
478 2728 511 2748 ex
536 2721 652 2748 Eusebio
675 2722 839 2748 contrarium
856 2723 911 2748 col-

137 2756 182 2792 ligi
199 2758 318 2784 videtur.
342 2756 446 2792 Scribit
462 2757 533 2792 enim
561 2756 701 2788 Eusebius,
716 2756 858 2792 Origenem
880 2757 912 2784 de

136 2791 197 2819 lldei
216 2799 272 2819 suae
286 2791 456 2825 professione
476 2791 579 2818 litteras
596 2792 702 2818 dedisse
717 2792 750 2818 ad
765 2791 912 2818 Fabianum

137 2826 214 2855 Rom.
233 2827 310 2854 urbis
327 2827 492 2860 episcopum.
521 2825 579 2852 Non
597 2826 680 2860 igitur
703 2826 815 2853 Romam
841 2827 916 2854 venit

137 2862 268 2898 Origenes
283 2861 316 2888 ad
338 2861 497 2898 Fabianum,
508 2861 774 2898 utvultlhtrouius,
793 2862 839 2888 sed
856 2867 915 2898 tan-

139 2895 197 2925 tum
207 2898 313 2926 litteras
330 2897 364 2923 ad
378 2904 438 2924 eum
456 2896 536 2923 misit.
552 2895 629 2929 Quod
645 2904 708 2925 vero
719 2904 752 2923 ex
768 2897 915 2934 Porphyrio

315 2945 451 2974 PATROL.
473 2943 531 2974 Ga.
555 2943 622 2977 XX.

971 2414 1005 2434 eo
1020 2406 1099 2441 longe
1117 2406 1229 2432 fallitur.
1245 2405 1336 2440 Neque
1348 2406 1420 2432 enim
1439 2406 1472 2432 de
1487 2405 1602 2440 Origene
1617 2405 1757 2441 Atla_man-.

971 2442 1009 2468 tio
1025 2439 1146 2475 loquitur
1161 2441 1216 2467 illic
1237 2439 1414 2475 Porphyrius.
1433 2440 1478 2467 sed
1495 2441 1526 2466 de
1550 2441 1636 2467 altero
1648 2439 1757 2475 κονίεσ-

969 2485 1013 2507 ne.
1030 2474 1127 2503 Plotini
1142 2481 1169 2502 et
1184 2476 1311 2502 llerennii
1324 2474 1519 2508 condiseipnlo,
1532 2476 1577 2509 qui
1593 2476 1626 2501 ab
1640 2474 1758 2509 Origene

967 2511 1130 2538 Adamantio
1145 2510 1350 2544 distinguendns
1367 2515 1420 2542 est,
1437 2514 1465 2537 ut
1479 2510 1559 2545 paulo
1571 2515 1631 2544 post
1646 2510 1758 2537 demon-

967 2547 1126 2574 strabimus.

1002 2581 1059 2616 (95)
1075 2580 1323 2616 Ilpiwtowrzovc...
1338 2579 1471 2616 Γραφάς.
1481 2579 1656 2616 Aut/uentique
1668 2583 1755 2616 verte.

968 2615 1013 2644 Sic
1028 2615 1101 2643 enim
1113 2615 1200 2642 Latini
1219 2619 1326 2646 vocant,
1342 2620 1370 2640 ut
1383 2615 1505 2647 pluribus
1521 2615 1652 2648 exemplis
1666 2615 1757 2640 dncuit

967 2651 1124 2678 BriSsonius
1150 2650 1175 2676 in
1206 2649 1308 2677 [λεπίσιν.
1330 2649 1413 2677 Porro
1441 2649 1573 2676 Eusebius
1605 2649 1753 2676 llebraicos

967 2686 996 2713 S.
1009 2686 1156 2720 Scriptura!
1171 2685 1280 2712 codices
1293 2684 1395 2711 idcirco
1409 2685 1581 2711 authenticos
1595 2689 1685 2716 vocat,
1703 2692 1757 2711 non

964 2723 1035 2756 quod
1052 2728 1148 2748 revera
1167 2724 1257 2756 essent
1274 2720 1440 2754 primitivqu
1467 2720 1607 2753 exemplar
1624 2724 1651 2756 et
1676 2724 1754 2746 auto-

965 2754 1095 2792 g'raphum
1111 2756 1145 2782 ab
1167 2755 1259 2792 Esdra_
1273 2755 1459 2792 conscriptum
1475 2763 1482 2787 ς
1511 2755 1557 2792 sed
1584 2754 1757 2792 authenticos

965 2789 1093 2824 appellnt,
1110 2790 1314 2824 comparatione
1336 2789 1405 2816 facta
1423 2797 1484 2816 cum
1509 2789 1611 2816 Cnecis
1629 2790 1757 2816 editioni-

967 2827 1016 2853 bus
1031 2831 1084 2852 tam
1106 2825 1281 2858 Septuaginta
1298 2824 1478 2858 interpretum
1494 2833 1576 2859 quam
1592 2825 1721 2851 aliorum.

1003 2861 1057 2896 (96)
1076 2860 1129 2892 Εἰς
1143 2859 1205 2893 φῶς
1218 2859 1599 2896 ἀνιχνεύσαςνπροήγαγεν,
1630 2859 1694 2887 Hzcc
1718 2865 1760 2886 est

969 2895 1114 2923 verboru'n
1144 2895 1286 2922 collocatio
1310 2896 1335 2922 in
1369 2895 1456 2922 tribus
1485 2896 1588 2922 nostris
1619 2897 1758 2923 codicibus

1522 2943 1557 2972 18
