1996 3165
179 173 229 200 561

677 174 852 203 ΗΙδΤΟΒΙᾸΞ
872 174 969 202 ECCLI

1024 175 1149 204 \STICIE
1169 177 1232 204 LIB.
1256 177 1299 204 VI.
1760 174 1806 200 bli'.

180 229 340 264 φιλοσοφίας
354 229 423 265 πρὸς
436 228 518 256 αὑτοῦ
534 229 731 264 παιδευόμενοι.
756 229 856 264 Εἰσῆγέ
874 238 903 256 τε
917 229 969 268 γὰρ

1025 238 1133 266 quoque
1144 231 1320 266 philosophiae
1334 235 1468 266 pratcepta
1482 230 1559 266 quasi
1574 230 1697 266 discipuli
1715 239 1747 258 ex
1765 232 1811 258 illo

179 276 259 307 ὅσους
275 276 383 311 εὐφυῶς
396 276 506 312 ἔχοντας
522 276 606 312 (9-10)
622 276 695 313 ἑώρα
709 277 755 304 καὶ
763 277 809 304 ἐπὶ
821 278 855 305 τὰ
865 277 973 312 φιλόσο-

181 330 221 356 φα
244 323 412 359 μαθήματα,
440 322 612 359 γεωμετρίαν
635 324 682 350 καὶ
704 323 908 359 ἀριθμητικὴν,
925 323 972 350 καὶ

179 369 214 395 τὰ
231 369 299 396 ἄλλα
310 369 535 406 προπαιδεύματα
552 369 723 405 παραδιδοὺς,
739 369 779 401 εἵς
791 379 820 397 τε
833 370 881 402 τὰς
896 370 972 406 αἱρέ-

184 426 240 448 σεις
252 416 301 448 τὰς
315 416 389 452 παρὰ
401 417 457 448 τοῖς
472 416 625 451 φιλοσόφοις
636 416 774 452 προάγων,
789 417 836 443 καὶ
850 416 883 443 τὰ
898 416 972 453 παρὰ

182 463 286 494 τούτοις
308 463 510 498 συγγράμματα
534 463 723 499 διηγούμενος,
748 462 969 499 ὑπομνηματιζό-

184 510 264 545 μενός
283 518 312 536 τε
333 511 378 536 καὶ
394 509 502 545 θεωρῶν
520 511 560 541 εῐς
583 510 684 537 ἕκαστα
697 530 704 542 ,
721 510 790 537 ὥστε
811 510 899 544 μέγαν
923 510 970 536 καὶ

183 555 248 591 παρ’
263 556 355 587 αὐτοῖς
373 555 484 590 Ἕλλησι
504 556 646 590 φιλόσοφον
662 556 707 583 τὸν
728 556 812 592 ἄνδρα
838 557 971 592 κηρύττε-

185 601 254 628 σθαι.
280 601 397 632 Πολλοὺς
412 601 439 628 δὲ
459 602 505 628 καὶ
518 601 571 628 τῶν
587 602 797 638 ἰδιωτικωτέρων
814 603 910 639 ἐνῆγεν
926 604 971 630 ἐπὶ

183 647 217 674 τὰ
241 647 373 681 ἐγκύκλια
399 648 559 684 γράμματα,
582 649 611 675 οὐ
637 648 737 686 μικρὰν
754 649 843 681 αὐτοῖς
864 649 972 676 ἔσεσθαι

183 693 296 728 φάσκων
313 693 341 727 ἐξ
355 693 466 720 ἐκείνων
480 694 684 730 ἐπιτηδειότητα
704 695 743 727 sl;
757 695 807 730 τὴν
823 695 876 721 τῶν
893 695 972 722 θείων

183 738 299 775 Γραφῶν
314 738 429 774 θεωρίαν
445 747 473 765 τε
487 739 533 766 καὶ
547 740 724 775 παρασκευήν
741 740 806 776 (Η).
824 740 904 767 Ὅθεν
919 741 971 776 μά-

183 786 263 812 λιστα
287 785 334 812 καὶ
359 785 448 820 ἑαυτῷ
473 785 623 820 ἀναγκαίαν
647 787 768 822 ἡγήσατο
786 786 834 822 τὴν
857 787 973 822 περὶτὰ

184 831 305 867 κοσμικὰ
321 832 367 858 καὶ
381 832 514 867 φιλόσοφα
528 832 676 868 μαθήματα
692 833 817 869 ἄσκησιν.

1024 277 1218 312 percipiebant.
1238 277 1420 313 Quoscunque
1433 278 1505 305 enim
1520 285 1554 305 ex
1570 277 1712 312 discipulis
1724 277 1810 305 soler-

1024 323 1062 350 tia
1086 326 1113 350 et
1140 323 1267 350 acumine
1289 322 1388 356 ingenii
1413 323 1539 357 prmditos
1562 322 1810 354 animadverterat,

1024 377 1070 397 eos
1091 371 1117 396 in
1139 369 1337 404 philosophiam
1358 369 1563 402 introducebat,
1579 369 1756 403 geometriam
1775 369 1808 396 il-

1024 415 1057 442 lis
1080 415 1189 442 tradens
1210 419 1236 442 et
1251 414 1449 442 arithmeticam
1465 415 1584 449 aliasque
1601 415 1715 449 praevias
1727 414 1810 442 disci~

1024 459 1112 494 plinas
1132 467 1138 485 :
1161 459 1223 486 inde
1244 460 1277 485 ad
1297 459 1387 486 varias
1407 459 1631 494 philosophorum
1651 465 1740 487 sectas
1763 468 1810 487 eos

1023 507 1191 542 perducens,
1210 511 1237 534 et
1251 506 1336 533 libros
1353 513 1368 533 a
1388 506 1470 541 219
1489 507 1628 534 veteribus
1642 506 1810 541 philosophis

1023 553 1195 588 conscriptos
1217 560 1372 588 exponens;
1403 552 1616 580 commentarios
1647 560 1755 587 quoque
1784 553 1809 579 in

1025 600 1146 635 singulos
1164 600 1300 632 scribens,
1316 605 1344 627 et
1364 600 1518 628 reconditos
1532 607 1630 627 sensus
1651 600 1757 634 penitus
1770 600 1812 626 in-

1025 647 1149 682 quirens,
1163 647 1230 674 adeo
1242 651 1271 674 ut
1285 647 1355 681 apud
1369 647 1443 681 ipsos
1457 647 1539 674 etiam
1555 646 1669 681 gentiles
1686 653 1811 673 summus

1026 693 1202 727 philosophus
1217 693 1449 727 pronuntiaretur.
1466 693 1504 720 Ex
1520 692 1676 720 rudioribus
1691 699 1755 719 vero
1767 697 1810 719 at-

1025 747 1077 773 que
1094 739 1240 767 hebetioris
1255 739 1354 774 ingenii
1370 738 1511 774 discipulis
1522 759 1530 772 ,
1545 739 1645 766 multos
1663 738 1696 766 ad
1716 739 1813 766 huma-

1026 787 1134 813 niorum
1158 786 1259 813 artium
1279 787 1368 814 studia
1386 786 1594 818 cohortabatur,
1609 792 1736 813 asserens
1757 792 1811 812 non

1028 832 1192 860 mediocrem
1218 832 1279 861 illos
1300 832 1459 861 facultatem
1481 841 1514 861 ex
1540 831 1693 867 hujusntodi
1717 831 1813 860 studiis

184 882 359 912 nercepturos
371 885 430 905 esse
451 877 484 904 ad
499 885 640 904 sacrarum
661 877 862 913 Scripturarum
896 878 1108 912 ittlt‘lligt‘ttllattt.
1140 878 1274 911 Quocirca
1304 879 1443 907 saecularis
1476 879 1634 906 litteraturae
1649 883 1677 906 et
1692 876 1812 914 pbiltiso.

184 923 255 959 phiae
279 923 366 951 studia
383 923 434 951 sibi
449 931 558 958 quoque
572 923 706 958 imprimis
724 924 879 951 necessaria
899 931 960 950 esse
971 923 1149 951 existimavit.

444 970 641 996 ΚΕΦΑΛΛΙΟΝ
658 970 708 997 ΙΘ’.

276 1015 348 1042 Ὅσα
373 1015 444 1051 περί
468 1016 635 1051 Ὠριγένους
657 1017 874 1050 μνημονεύεται

413 1050 483 1086 (Nic.
495 1051 529 1077 ιι.
546 1051 578 1078 ε.
591 1060 616 1082 v,
633 1052 674 1082 ιι,
694 1052 750 1086 ιδ).

219 1098 366 1134 Μάρτυρες
385 1097 412 1125 δὲ
428 1099 474 1124 καὶ
493 1098 542 1132 τῆς
560 1098 623 1133 περὶ
638 1097 723 1124 ταῦτα
739 1098 820 1125 αὐτοῦ
835 1097 972 1134 κατορθώ-

184 1153 269 1176 σεως,
286 1144 376 1170 αὐτῶν
394 1144 526 1179 Ἑλλήνων
549 1144 573 1170 oi.
590 1144 649 1170 κατ’
663 1144 742 1170 αὑτὸν
756 1144 912 1180 ὴκμακότες
928 1153 972 1179 φι-

184 1189 307 1223 λόσοφοι·
322 1186 359 1216 ὧν
376 1191 404 1218 ὲν
420 1189 634 1225 συγγράμμασι,
652 1189 751 1226 πολλὴν
770 1191 880 1226 μνήμην
894 1189 973 1226 εὗρο-

187 1245 235 1271 μεν
249 1236 296 1263 τοῦ
312 1236 406 1272 ἀνδρός
418 1245 425 1252 ·
441 1237 501 1263 τοτὲ
518 1237 566 1272 μὲν
579 1236 652 1271 αὐτῷ
667 1237 898 1272 προσφωνούντιιιν
912 1237 974 1267 τοὺς

185 1282 288 1308 ἑαυτῶν
308 1281 412 1316 λόγους,
430 1282 490 1308 τοτὲ
505 1282 533 1308 δὲ
549 1282 587 1313 ὼς
604 1282 755 1317 διδασκάλῳ
770 1283 809 1314 εἰς
836 1282 974 1318 ἐπίκρισιν

183 1328 247 1359 τοὺς
262 1327 342 1360 ἰδίους
357 1328 545 1363 ἀναφερόντων
557 1327 662 1359 πόνους.
678 1328 710 1354 Τί
724 1328 764 1354 δεῖ
777 1327 861 1364 ταῦτα
873 1327 972 1362 λέγειν,

183 1374 228 1401 ὅτε
245 1375 291 1400 καὶ
306 1375 320 1401 ὁ
335 1374 395 1401 καθ’
408 1375 481 1410 ἡμᾶς
497 1375 526 1401 ὲν
542 1375 648 1410 Σικελίᾳ
671 1374 807 1406 καταστὰς
821 1375 974 1411 Πορφύριος

183 1421 251 1456 (l2),
266 1422 470 1457 συγγράμματα
486 1421 545 1448 καθ’
560 1421 638 1458 ἡμῶν
652 1421 860 1456 ἐνστησάμενος,
878 1422 924 1448 καὶ
941 1421 973 1448 δι’

183 1467 275 1495 αὐτῶν
297 1467 347 1499 τὰς
367 1468 441 1500 θείας
460 1467 570 1504 Γραφὰς
590 1467 742 1494 διαϐάλλειν
763 1467 973 1503 πεπειραμένος,

183 1514 238 1541 τῶν
253 1523 282 1541 τε
297 1515 338 1546 είς
356 1514 442 1546 αὐτὰς
458 1514 670 1549 ἐξηγησαμένων
691 1514 881 1549 μνημονεύσας
892 1535 899 1547 ,
921 1523 974 1549 μη-

182 1561 228 1587 δὲν
244 1560 376 1596 μηδαμῶς
398 1559 498 1595 φαῦλον
519 1559 644 1596 ἔγκλημα
660 1562 717 1592 τοῖς
733 1561 864 1596 δόγμασιν
878 1559 974 1586 ἐπιϐα-

183 1607 240 1634 λεῖν
259 1607 401 1642 δυνηθεὶς,
418 1607 519 1643 ἀπορίᾳ
538 1607 640 1641 λόγων,
662 1607 709 1634 ἐπὶ
729 1607 759 1634 τὸ
772 1608 899 1642 λοιδορεῖν
914 1608 975 1644 τρέ-

1317 971 1430 1000 CAPUT
1446 971 1519 1000 XIX.

1061 1018 1126 1050 Qua:
1136 1018 1167 1045 de
1184 1017 1296 1054 Origene
1307 1027 1322 1045 a
1334 1018 1474 1054 gentilibus
1488 1022 1692 1046 commemorato
1709 1018 1775 1045 sint.

1059 1097 1194 1130 Quantum
1219 1105 1300 1132 porro
1319 1098 1344 1125 in
1367 1098 1400 1125 iis
1415 1098 1513 1125 studiis
1531 1097 1690 1125 excelluerit
1702 1118 1710 1129 .
1727 1102 1812 1124 testes

1024 1149 1086 1170 sunt
1104 1144 1153 1179 ipsi
1178 1144 1320 1179 gentilium
1338 1144 1491 1179 philosophi
1515 1144 1562 1179 qui
1588 1144 1647 1179 ejus
1665 1148 1746 1171 :etate
1761 1143 1811 1170 ﬂo-

1024 1195 1145 1217 ruerunt.
1160 1189 1280 1222 Quorum
1301 1190 1328 1216 in
1345 1189 1422 1217 libris
1435 1191 1558 1217 crebram
1573 1190 1651 1222 hujus
1665 1190 1715 1217 viri
1735 1197 1812 1217 men-

1026 1237 1124 1263 tionem
1141 1236 1198 1263 lieri
1206 1236 1445 1271 deprehendimus,
1456 1237 1518 1263 dum
1534 1237 1574 1263 vel
1587 1238 1713 1272 proprios
1727 1237 1812 1264 libros

1023 1283 1048 1310 ei
1074 1288 1246 1318 nuncupant,
1264 1283 1304 1310 vel
1321 1283 1430 1310 eosdem
1458 1283 1654 1310 examinandos
1681 1288 1810 1320 tanquam

1024 1329 1056 1355 ad
1072 1330 1230 1364 magistrum
1248 1337 1326 1356 suum
1346 1329 1476 1364 dirigunt.
1494 1329 1547 1355 Sed
1561 1330 1624 1364 quid
1642 1329 1675 1356 de
1693 1330 1725 1357 iis
1736 1329 1821 1360 dico,,

1025 1374 1131 1409 quando
1147 1379 1173 1401 et
1189 1375 1246 1409 ipse
1262 1374 1492 1409 Porphyrius,qu
1509 1379 1600 1402 nostra
1615 1375 1810 1409 propemodum

1025 1419 1154 1447 memoria
1178 1419 1204 1447 in
1230 1420 1322 1447 Sicilia
1339 1421 1438 1454 degens
1451 1440 1458 1451 .
1475 1425 1571 1448 contra
1593 1421 1672 1448 [idem
1690 1426 1811 1449 nostram

1024 1466 1109 1493 libros
1122 1466 1305 1501 conscripsit,
1319 1466 1344 1493 in
1363 1466 1460 1500 quibus
1472 1467 1577 1494 divinas
1593 1466 1750 1500 Seripturas
1764 1475 1812 1494 ca-

1025 1513 1150 1539 lumniari
1166 1517 1279 1540 conatus
1291 1517 1344 1546 est,
1360 1513 1526 1540 mentionem
1541 1512 1644 1540 faciens
1657 1521 1751 1540 eorum
1765 1515 1810 1548 qui

1025 1558 1085 1585 illas
1105 1558 1274 1591 interpretati
1289 1562 1364 1590 sunt,
1378 1565 1439 1584 cum
1454 1559 1579 1592 dogmata
1594 1558 1652 1592 ipsa
1668 1562 1750 1593 atque
1765 1566 1811 1586 as-

1025 1604 1160 1631 scrtiones
1182 1603 1337 1631 nullatenus
1353 1608 1445 1638 posset
1458 1605 1659 1638 reprehendere
1673 1625 1680 1637 ,
1698 1612 1753 1639 pra:
1768 1613 1813 1632 ra-

183 1660 265 1679 πεται
278 1653 325 1679 καὶ
341 1653 404 1684 τοὺς
420 1651 555 1687 ἐξηγητὰς
566 1651 727 1684 διαϐάλλειν,
741 1649 778 1678 ὧν
796 1653 913 1688 μάλιστα
928 1653 969 1679 τὸν

1027 1651 1128 1677 tionnm
1162 1649 1252 1682 inopia
1277 1650 1310 1676 ad
1327 1650 1449 1677 convicia
1475 1657 1633 1682 conversus,
1652 1651 1814 1686 interpretes

190 1698 330 1734 Ὦριγένην
345 1698 412 1734 (15),
429 1698 458 1725 ὃν
472 1697 540 1725 κατὰ
556 1698 604 1733 τὴν
625 1698 686 1725 νέαν
707 1698 812 1734 ἡλικίαν
826 1699 973 1733 ἐγνωκέναι

183 1746 291 1781 φήσας,
314 1744 464 1771 διαϐάλλειν
485 1745 533 1780 μὲν
554 1745 691 1781 πειρᾶται.
716 1745 849 1771 Συνιστῶν
870 1745 898 1771 δὲ
919 1744 972 1780 ἄρα

183 1792 230 1818 τὸν
247 1791 331 1827 ἄνδρα
348 1790 486 1823 ἐλάνθανε,
503 1791 538 1817 τὰ
555 1791 604 1826 μὲν
618 1790 803 1826 ἐπαληθεύων,
821 1791 848 1816 ἐν
861 1788 903 1822 οἷς
917 1790 971 1816 οὐδ’

183 1837 287 1873 ἑτέρως
302 1836 376 1872 αὐτῷ
400 1835 487 1871 λέγειν
505 1834 540 1871 ἦν
560 1836 686 1865 δυνατὸν,
704 1835 738 1862 τὰ
760 1835 788 1862 δὲ
812 1835 858 1862 καὶ
879 1835 974 1870 ψευδό-

186 1892 277 1919 μενος,
292 1883 321 1910 ὲν
333 1880 373 1915 οἷς
386 1882 516 1919 λήσεσθαι
529 1881 636 1918 ἐνόμιζε
648 1891 654 1897 ·
674 1882 720 1908 καὶ
730 1882 790 1908 τοτὲ
806 1882 854 1917 μὲν
865 1882 902 1914 ὡς
912 1882 975 1918 Χρι-

222 1951 309 1985 (9-10)
322 1951 429 1984 ’Όσους
440 1950 559 1986 ευςουῶς
567 1950 705 1984 ἔχοντας.
718 1950 754 1977 Ex
765 1950 903 1984 discipulis
911 1951 968 1978 suis

185 1987 302 2014 scilicet.
318 1987 419 2027 diuque
440 1987 466 2027 i_n
492 1987 795 2027 interpretationenmen
807 1987 868 2027 Ilias
886 1987 966 2027 ‘dnas

186 2029 267 2048 voces
292 2021 394 2054 addidi,
418 2022 450 2049 ad
477 2021 625 2055 planiorem
654 2021 858 2054 intelligentiam
886 2021 966 2053 hujus

186 2055 238 2083 loci
250 2064 331 2091 quem
353 2064 405 2083 non
426 2056 619 2084 intellexerunt
632 2057 800 2091 interpretes.
816 2056 897 2083 Solus
909 2057 963 2082 Ru-

185 2092 257 2119 linus
273 2099 381 2119 sensum
408 2091 514 2118 Eusebii
537 2098 680 2119 assecutus
702 2097 754 2122 cst.
775 2092 851 2125 cujus
879 2092 968 2118 versio

184 2127 376 2153 commentarii
396 2127 483 2153 vicem
504 2127 547 2153 hic
567 2131 687 2160 praestat.
707 2126 753 2154 Sic
773 2128 845 2153 enim
863 2127 967 2153 vertit:

186 2161 408 2195 Philosophorum
428 2170 528 2196 quoque
548 2162 723 2195 opinatissimi
746 2162 851 2196 quique.
873 2167 926 2187 tam
941 2162 967 2188 in

184 2198 281 2224 nostris
293 2205 362 2228 eum,
375 2205 454 2232 quam
465 2197 491 2223 in
505 2197 559 2223 suis
572 2198 725 2232 magistrum
736 2197 968 2230 incomparabilem

185 2232 346 2266 fatebantur.
370 2231 438 2258 Erat
457 2239 568 2266 namque
591 2233 615 2258 ei
641 2241 697 2259 mos
718 2232 779 2262 iste.
801 2237 830 2258 ut
855 2232 877 2258 ei
905 2240 969 2266 quos

185 2272 335 2294 nostrorum
364 2266 619 2293 adolescentulorum
644 2267 795 2301 ingeniosos
821 2267 917 2293 videret
945 2273 970 2293 et

1027 1696 1100 1730 ipsos
1116 1695 1286 1723 criminatur.
1313 1695 1352 1722 Ex
1377 1696 1474 1730 quibus
1496 1695 1628 1730 praecipue
1643 1696 1790 1731 Origenetn
1803 1717 1812 1729 .

1027 1749 1106 1776 quem
1122 1742 1172 1769 sibi
1188 1742 1276 1769 adhuc
1298 1741 1464 1769 adolescenti
1488 1742 1626 1777 cognitum
1648 1750 1708 1770 esse
1726 1743 1812 1770 dicit.

1026 1788 1186 1815 calumniari
1202 1788 1312 1823 quidem
1331 1789 1444 1820 nititur;
1459 1796 1554 1816 revera
1570 1794 1659 1816 tamen
1674 1789 1812 1817 hominem

1029 1833 1181 1868 imprudens
1196 1829 1366 1861 commendat
1383 1842 1390 1866 ;
1413 1834 1513 1868 partim
1529 1841 1592 1861 vera
1613 1833 1728 1862 tlicemlo
1741 1854 1748 1867 ,
1767 1834 1812 1862 ubi

1031 1880 1109 1907 aliter
1121 1881 1211 1908 dicere
1225 1888 1277 1907 non
1295 1885 1402 1915 poterat
1417 1888 1423 1913 ;
1442 1880 1540 1914 partim
1556 1881 1725 1914 mentiendo,
1741 1889 1812 1916 quo-

1023 1951 1058 1976 ηε
1073 1951 1164 1984 script.
1186 1950 1260 1982 ecrl.,
1280 1950 1389 1976 Eusebii
1413 1950 1497 1977 libros
1515 1957 1699 1976 enumerans:
1715 1950 1813 1978 Contra

1024 1985 1199 2020 Porphyrium
1216 1986 1259 2017 qui
1276 1986 1367 2011 eodem
1379 1989 1495 2020 tempore
1510 1985 1639 2020 scribebat
1657 1985 1685 2012 in
1705 1984 1811 2018 Sicilia,

1020 2027 1046 2047 ιιι
1062 2021 1168 2055 quitiam
1185 2025 1278 2053 putant
1299 2019 1360 2046 libri
1378 2020 1423 2047 50.
1439 2019 1548 2055 Eodem
1565 2019 1659 2047 alludit
1671 2020 1696 2047 in
1717 2021 1814 2055 pra‘fa-

1023 2054 1095 2082 tione
1111 2056 1366 2082 Commentariorum
1387 2055 1414 2081 in
1431 2054 1604 2083 Ezeclticlem.
1627 2055 1669 2081 his
1691 2054 1782 2082 verbis
1804 2065 1812 2084 :

1029 2090 1119 2117 Verum
1135 2090 1196 2124 quia
1210 2094 1234 2116 et
1250 2095 1277 2116 tu
1289 2090 1464 2117 indesinenter
1476 2091 1525 2116 hoc
1540 2090 1698 2126 ﬂagitas,”
1717 2099 1814 2126 magno

1023 2126 1124 2153 vulneri
1139 2125 1250 2151 cicatrix
1264 2126 1391 2160 paulatim
1408 2126 1561 2155 obducitur,
1581 2125 1754 2160 scorpiusque
1769 2127 1812 2152 in-

1022 2168 1061 2188 ter
1073 2160 1232 2187 Enceladum
1252 2166 1275 2186 et
1301 2159 1478 2195 Porphyrium
1500 2160 1646 2187 Trinacria:
1660 2161 1738 2187 ltumo
1754 2169 1814 2194 pre-

1024 2197 1118 2227 mitur.
1135 2200 1200 2227 ete.,
1214 2196 1258 2221 ubi
1278 2196 1378 2229 scorpii
1400 2196 1511 2223 nomine
1531 2195 1657 2222 Ruﬁnum
1677 2195 1812 2230 designat.

1024 2232 1069 2265 qui
1086 2235 1163 2264 rapta
1184 2231 1251 2256 urbe
1276 2231 1301 2257 in
1327 2231 1447 2257 Siciliam
1473 2239 1503 2257 se
1530 2236 1680 2264 receperat.
1704 2236 1732 2257 nt
1756 2231 1814 2265 ipse

1025 2271 1140 2294 testatur
1159 2267 1185 2292 in
1211 2266 1324 2299 cpistola
1350 2267 1384 2293 ad
1413 2266 1564 2297 Ut'satinm,
1591 2274 1671 2300 quam
1697 2267 1814 2301 praeﬁxit

184 2302 289 2328 lectioni
310 2302 374 2328 satis
394 2302 506 2333 deditos,
530 2302 643 2329 traderet
666 2303 702 2329 eis
725 2302 803 2328 etiam
820 2310 851 2328 ea
876 2303 970 2335 quibus
987 2304 1010 2332 ο
1025 2301 1239 2336 interpretationi
1262 2301 1440 2328 Ilamiliarttm
1461 2302 1586 2335 Origenis
1603 2302 1630 2328 in
1655 2301 1735 2328 libras
1752 2301 1813 2328 Nu-

184 2337 333 2371 philosophi
350 2337 419 2364 velut
439 2337 530 2372 primis
547 2336 681 2364 elementis
703 2338 832 2364 discentes
855 2337 970 2364 imbuere

183 2372 278 2403 solent,
298 2377 350 2398 etc.

221 2406 276 2442 (Η)
301 2407 430 2441 Θεωρίαν
460 2415 493 2434 τε
516 2407 567 2433 καὶ
591 2407 798 2441 παρασκευήν.
823 2407 880 2435 lloc
911 2408 971 2435 loco

183 2445 266 2468 verba
281 2447 343 2469 sunt
357 2443 522 2477 transposita
539 2449 614 2469 more
629 2443 792 2470 Eusebiano.
805 2443 884 2470 Amat
897 2443 968 2470 enim

184 2477 325 2509 Eusebius,
339 2482 367 2505 ut
379 2478 433 2512 jam
450 2478 613 2509 monuimus,
629 2478 781 2512 hujusmodi
797 2477 970 2511 trajectiones

183 2520 291 2540 vocum.
305 2514 380 2546 Quod
400 2521 461 2540 cum
482 2521 537 2540 non
558 2513 813 2540 animadvertissent
837 2514 969 2548 interpre-

184 2554 234 2579 tes,
251 2548 276 2574 in
296 2556 418 2575 errorem
441 2556 518 2583 saepe.
538 2548 604 2582 lapsi
630 2553 702 2576 sunt.
727 2548 774 2575 Sic
797 2548 879 2581 igitur
901 2557 967 2575 con-

183 2583 388 2619 struendusrest
401 2584 446 2611 hic
466 2584 557 2610 locus:
575 2584 613 2610 Οὐ
635 2584 736 2619 μικρὰν
750 2584 841 2614 αὐτοῖς
855 2583 966 2610 ἔσεσθαι

183 2618 295 2660 φάσκων
373 2618 727 2660 εκείνωνλὲκιτηδειότητάλ
746 2628 776 2646 τε
790 2619 852 2660 ⁵καὶ
878 2628 966 2654 παρα-

184 2653 294 2690 σκειιὴν,
311 2655 350 2686 εἰς
363 2654 411 2690 τὴν
426 2654 480 2690 τῶν
491 2654 569 2681 θείων
586 2653 699 2690 Γραφῶν
715 2655 839 2690 θεωρίαν.

219 2689 274 2725 (12)
283 2724 289 2725 7
298 2690 324 2716 Ὀ
341 2689 405 2717 καθ’
417 2689 494 2725 ἡμᾶς
510 2690 544 2716 ἐν·
557 2689 674 2724 Σικελίᾳ
686 2689 835 2722 καταστὰς
851 2690 964 2724 Πορφύ-

182 2733 255 2758 ριος.
281 2724 444 2760 Porphyrius
460 2726 575 2759 primttm
601 2727 707 2760 qttidem
732 2726 844 2752 Athenis
866 2725 963 2759 Longi-

184 2768 249 2796 num
260 2760 362 2796 audivit
373 2760 518 2787 Platonica:
534 2766 614 2787 secta:
636 2761 835 2796 philosophum.
858 2760 961 2796 Deinde

184 2794 281 2821 Plotini
296 2795 366 2822 fama
377 2796 495 2826 excitusI
509 2796 620 2822 Romam
636 2794 726 2828 venit,
742 2794 785 2822 ubi
801 2803 861 2822 cum
877 2795 961 2821 Ploti-

183 2837 247 2856 num
269 2830 399 2858 audiisset
417 2831 556 2862 sexennio,
581 2831 743 2857 valetudinis
771 2830 962 2861 recuperandae

184 2871 266 2900 causa
280 2864 407 2899 migravit
429 2866 455 2892 in
476 2866 606 2896 Siciliam,
626 2871 707 2900 atque
730 2866 786 2892 illic
806 2866 961 2900 quindecim

185 2899 267 2929 libros
283 2900 569 2936 proposuitadversus
582 2899 761 2930 Christianos.
781 2901 962 2937 Hieronymus

1026 2345 1167 2363 merorttm.
1186 2337 1222 2363 De
1239 2337 1332 2372 iisdem
1351 2337 1490 2372 l’orphyrii
1507 2338 1582 2363 libris
1597 2336 1812 2372 Chrysostomus

1026 2373 1052 2398 in
1066 2372 1174 2398 htnnilia
1188 2372 1204 2398 6
1215 2373 1242 2398 in
1263 2371 1412 2405 Epistolam
1426 2371 1460 2398 ad
1476 2372 1628 2398 Corinthios
1642 2382 1647 2398 :
1673 2371 1773 2398 Ἰκανοὶ
1787 2372 1814 2398 οἱ

1025 2407 1085 2434 καθ’
1099 2407 1179 2443 ἡμῷν
1193 2407 1344 2443 εἰρηκότες,
1370 2407 1420 2442 τὴν
1443 2407 1610 2443 ἀρχαιότητα
1639 2407 1813 2443 μαρτυρῆσαι

1023 2445 1079 2474 τοῖς
1095 2442 1225 2478 Ῠβιὸλίοιςέ
1249 2443 1274 2468 οἱ
1295 2443 1358 2478 περὶ
1376 2442 1478 2469 Κέλσον
1499 2442 1604 2469 καὶτὸν
1625 2442 1812 2476 Βατανεώτην.

1026 2478 1075 2505 Ubi
1090 2477 1261 2504 Bataneotcm
1276 2477 1354 2505 vocat
1369 2478 1561 2513 Porphyrium,
1585 2478 1658 2504 sicut
1673 2483 1701 2504 et
1717 2477 1814 2506 lliero-

1025 2521 1129 2539 IIVIIHIS.

1044 2521 1190 2582 y(niuali-"llr
1212 2548 1348 2582 μάλιστα
1375 2547 1428 2574 τὸν
1465 2548 1624 2582 Ὠριγένην.
1663 2547 1728 2575 Post
1755 2549 1812 2576 haec

1023 2585 1104 2610 verba
1123 2584 1216 2617 scripti
1231 2585 1339 2610 codices
1355 2583 1439 2609 nostri
1458 2590 1586 2616 punctum
1608 2584 1688 2610 altius
1703 2589 1810 2617 notant,

1021 2627 1073 2645 non
1091 2619 1235 2653 virgulam.
1257 2624 1284 2645 ut
1308 2625 1349 2645 est
1375 2619 1401 2644 in
1424 2618 1543 2644 editione
1571 2619 1639 2645 Rob.
1665 2620 1810 2652 Stephani.

1019 2654 1090 2681 Leve
1107 2654 1131 2680 id
1148 2654 1255 2688 quidem
1274 2655 1361 2688 prima
1378 2654 1469 2680 fronte
1487 2654 1572 2680 videri
1594 2659 1699 2687 potest;
1714 2662 1810 2683 verum

1018 2690 1069 2716 nisi
1085 2690 1119 2716 ita
1137 2689 1349 2723 interpungasnt
1361 2694 1401 2715 est
1418 2689 1443 2715 in
1462 2689 1570 2722 soriptts
1585 2689 1733 2721 codicibus,
1751 2698 1812 2724 qua:

1015 2724 1249 2760 sequuntur-Verba
1260 2725 1369 2751 minime
1378 2723 1561 2751 cohmrebunt.
1576 2725 1706 2752 Autenim
1720 2725 1811 2752 delen-

1016 2761 1066 2787 tlus
1083 2760 1135 2786 erit
1152 2760 1281 2787 articulus
1300 2760 1495 2794 postpositivus
1517 2760 1562 2794 qui
1575 2761 1698 2794 sequitur
1711 2759 1750 2792 ὃν,
1765 2765 1811 2788 aut

1016 2803 1064 2830 pro
1077 2795 1166 2830 φήσας
1185 2795 1383 2822 emendandum
1406 2795 1459 2821 erit
1481 2794 1565 2830 φησί;
1592 2796 1614 2822 si
1637 2803 1702 2822 vero
1723 2797 1809 2823 inter-

1017 2832 1191 2866 punctionetn
1208 2831 1371 2866 scriptorum
1388 2830 1513 2866 codicum
1540 2831 1618 2865 sequi
1643 2831 1732 2864 malis,
1753 2837 1809 2858 tum

1017 2865 1194 2906 pla-tissimus
1207 2865 1381 2900 erit’scusus,
1398 2873 1448 2894 nec
1468 2865 1520 2894 ulla
1536 2867 1728 2896 emendatione
1743 2874 1823 2902 opus.

1017 2909 1053 2929 Cl'l
1060 2906 1065 2928 Ι
1072 2920 1080 2929 .
