1996 3165
239 133 291 159 567

591 128 725 157 EUSEBII
743 127 980 156 CAESARIENSIS
998 127 1073 156 OPP.
1095 127 1185 156 PARS
1202 128 1223 156 1.
1243 144 1278 150 -
1296 127 1489 156 HISTORICA.

1812 132 1863 160 568

241 202 317 222 nsum
335 194 360 220 in
372 191 549 228 philosophia,
565 191 728 218 adulteravit
743 199 750 217 :
766 194 896 225 quantum
910 189 1017 224 quidem

1076 189 1187 224 λογίμων
1208 188 1313 224 ἀνδρῶν
1334 188 1431 224 ὡμίλει
1459 189 1691 225 συγγράμμασιν·
1715 191 1814 228 ἐχρῆτο
1835 192 1863 219 δὲ

240 242 273 268 ad
290 247 388 271 mores.
403 238 559 266 Christiano
575 237 627 264 ritu
651 241 679 264 et
691 238 822 264 adver5us
843 236 930 270 legum
948 242 1019 269 prae-

240 287 338 320 scripta
351 285 445 313 vivens
459 293 466 317 ;
487 288 617 318 quantum
632 290 696 310 vero
717 283 750 309 ad
764 282 904 317 opiniones
926 281 958 308 de
974 289 1020 307 re-

238 332 288 358 bus
302 330 366 365 ipsis
380 337 410 356 ac
420 329 452 356 de
465 329 519 356 Deo
527 333 641 363 spectat,
651 327 807 363 graecizans,
818 331 844 354 et
858 326 1016 353 Graecorum

238 384 285 403 seu
304 375 447 410 gentilium
470 382 611 402 sermones
634 373 785 409 peregrinis
806 380 962 407 supponens
979 372 1020 399 fa-

237 422 321 450 bulis.
338 421 500 449 Versabatur
516 420 588 448 enim
606 419 716 447 assidue
737 427 798 447 cum
817 419 938 447 Platone.
963 419 1020 446 Nu-

238 468 320 496 menii
334 466 566 503 'quoque,Cronii,
580 466 774 501 Apollophanis
789 470 817 493 et
829 465 954 501 Longini,
964 464 1021 492 Mo-

238 515 326 543 derati
344 515 428 542 etiam
452 522 483 542 ac
509 513 687 544 Nicomachi,
708 517 735 540 et
751 512 866 539 aliorum
887 512 932 547 qui
950 511 1022 539 inter

236 559 432 595 Pythagoricos
456 559 581 594 praecipui
602 558 745 591 habentur,
769 557 871 592 scripta
900 557 1020 592 quotidie

239 606 356 634 habebat
369 606 395 632 in
413 606 551 632 manibus.
570 603 721 631 Adhibebat
740 604 822 631 etiam
839 603 1022 631 Chzercmonis

238 651 323 680 Stoici
341 657 367 678 et
381 651 492 679 Cornuti
512 651 604 678 libros.
619 650 637 676 A
652 650 750 684 quibus
767 657 828 676 cum
845 649 1020 683 allegoricum

238 697 265 724 in
282 697 447 731 explicandis
465 696 619 724 Grmcorum
637 695 773 730 mysteriis
785 695 892 721 modum
909 694 1019 721 didicis-

237 748 299 774 set,
315 751 375 770 eum
388 742 508 771 Judaicis
524 741 674 777 Scripluris
692 741 825 768 adhibuit.
848 750 857 766 ι
876 740 938 767 llaec
954 739 1021 767 Por-

237 790 349 824 phyrius
366 789 391 815 in
418 789 487 816 libro
513 789 595 816 tertio
614 788 672 822 ejus
689 788 783 822 operis
805 787 876 822 quod
895 787 1022 814 adversus

237 835 407 861 Christianos
433 834 596 868 composuit.
615 834 665 866 Qui
690 834 724 860 de
745 834 794 860 viri
820 833 927 867 quidem
952 832 1022 859 illius

238 881 327 907 studio
341 886 368 907 et
383 880 522 915 multiplici
539 879 659 907 doctrina
672 879 813 906 verissime
825 878 1020 913 pronuntiavit.

238 927 291 954 Sed
315 928 342 954 in
366 935 399 954 eo
417 926 638 954 manifestissime
659 927 791 953 mentitus
810 930 851 953 est
877 926 1023 960 (quomodo

237 974 308 1000 enim
318 981 370 1000 non
387 973 549 1000 mentiretur
561 973 607 1007 qui
623 973 755 999 adversus
769 971 942 1000 Christianos
954 973 1023 999 scri-

239 1019 317 1046 bebat
330 1018 360 1053 ?)
376 1018 445 1052 quod
474 1019 560 1052 ipsqu
577 1018 684 1053 quidem
699 1026 713 1044 a
734 1017 879 1053 gentilibus
892 1017 926 1045 ad
941 1017 1022 1045 Chri-

237 1064 341 1090 stianos
366 1063 507 1090 transiissc
525 1063 614 1094 dicit;
639 1063 812 1090 Ammonium
839 1070 902 1090 vero
927 1071 942 1090 a
965 1063 1023 1091 veri

236 1108 361 1136 Numinis
383 1109 456 1135 cultu
475 1108 508 1134 ad
528 1109 668 1143 gentilium
696 1109 777 1135 ritum
799 1116 829 1136 se
857 1109 1022 1138 contulisse.

239 1153 304 1180 Nam
320 1159 346 1181 et
361 1153 492 1189 Origenes
508 1154 669 1181 Christianae
691 1153 753 1181 fidei
768 1155 919 1182 doctrinam
935 1162 949 1181 a
964 1163 1022 1182 ma-

235 1199 339 1233 joribus
359 1199 417 1226 suis
432 1207 571 1234 acceptam
587 1201 725 1232 servavit,
743 1205 772 1227 ut
789 1201 815 1227 in
832 1201 1023 1235 superioribus

237 1245 315 1279 221
331 1245 515 1277 ostendimus;
526 1250 552 1273 et
566 1246 724 1274 Ammonius
735 1246 831 1274 divinft!
847 1247 1024 1282 philosophia:

237 1296 370 1325 praecepta
388 1292 421 1319 ad
443 1298 594 1320 extremum
611 1300 695 1327 usque
715 1293 859 1320 tertnimttn
877 1295 938 1319 vitae
954 1294 1023 1320 inte-

237 1345 284 1368 gra
301 1343 383 1373 atque
399 1338 510 1365 immota
532 1338 652 1365 retinuit.
669 1337 816 1366 Testantur
834 1339 859 1365 id
873 1339 1022 1366 etiamnum

237 1384 442 1412 lucubrationes
456 1384 508 1410 viri
525 1384 595 1411 illius
615 1384 649 1411 ob
665 1392 696 1411 ea
716 1392 775 1418 (pne
792 1385 902 1419 reliquit
921 1385 1022 1420 ingenii

237 1434 412 1456 monumenta
435 1429 628 1461 celeberrimi,
646 1430 761 1463 ereinpli
777 1431 864 1464 gratia
885 1430 953 1458 liber
978 1431 1023 1457 ille

237 1476 281 1503 cui
297 1476 390 1503 titulus
403 1481 446 1503 est
459 1485 465 1502 :
481 1475 517 1502 De
525 1484 653 1503 consensu
663 1475 781 1503 Mosisac
793 1477 868 1510 Jesu,
878 1478 1024 1512 etquicun-

237 1529 291 1555 que
307 1521 352 1548 alii
375 1521 445 1555 apud
460 1521 596 1548 studiosos
619 1521 798 1556 reperittntur.
823 1523 912 1557 Atque
927 1523 984 1550 hzec
1008 1533 1022 1551 a

238 1567 317 1593 nobis
333 1566 405 1594 dicta
419 1566 495 1599 sint,
515 1571 568 1594 tum
586 1567 618 1593 ad
639 1567 851 1595 convincendum
873 1569 1024 1597 mendacis-

238 1614 301 1640 εἰηιί
316 1613 436 1640 hominis
451 1613 627 1646 calumniam,
645 1619 699 1641 tum
711 1615 744 1641 ad
758 1614 885 1642 eximiam
898 1613 1025 1650 Origenis

239 1660 266 1684 in
279 1658 445 1686 Graecanicis
458 1659 607 1694 disciplinis
624 1660 803 1688 eruditionem
819 1660 1022 1688 declarandam.

239 1704 278 1731 De
299 1711 351 1738 qua
375 1705 431 1739 ipse
446 1705 472 1732 in
491 1705 603 1739 epistola
621 1707 739 1741 quadam
764 1706 895 1733 adversus
915 1713 962 1733 eos
977 1707 1023 1741 qui

239 1750 352 1776 nimium
378 1750 438 1784 ejus
455 1750 574 1777 studium
599 1758 661 1786 erga
685 1750 840 1785 hnjnsmodi
868 1749 1024 1784 disciplinas

239 1796 482 1830 reprehendebant,
490 1796 608 1830 seipsum
627 1804 745 1832 purgans
761 1797 797 1823 ita
814 1796 921 1824 scribit:
934 1805 944 1821 ι
956 1795 1022 1824 Cum

239 1849 304 1869 vero
318 1845 401 1869 totum
417 1849 460 1869 me
473 1842 638 1870 addixissent
662 1842 746 1870 verbo
758 1842 819 1876 Dei,
840 1849 872 1870 ac
886 1842 920 1870 de
931 1847 1023 1870 nostra

239 1913 452 1950 conscripserat,
472 1918 540 1941 teste
558 1913 708 1949 Porphyrio
724 1912 834 1950 inllibro
848 1913 884 1941 De
898 1915 951 1942 vita
969 1915 1023 1950 Py-

239 1951 355 1983 thagora:
367 1954 395 1976 et
416 1948 553 1983 Stephano
573 1950 598 1976 in
615 1948 681 1975 voce
705 1949 844 1984 Γάδειρα.
860 1948 1023 1984 Corruptuin

239 1989 281 2011 est
304 1985 383 2020 hujus
398 1992 495 2011 nomen
518 1985 543 2011 in
560 1985 768 2020 Commentariis
784 1985 905 2020 Syriani.
921 1993 1023 2020 cogno-

239 2024 330 2045 multh
357 2018 511 2051 Philoxeni,
537 2020 565 2046 in
587 2018 834 2054 xttrilletapltysic'es
857 2018 1022 2053 Aristotelis,

240 2063 300 2087 pag.
314 2054 358 2084 9|,
377 2054 420 2080 ubi
435 2054 570 2081 Oderatus
584 2060 608 2081 et
634 2053 815 2081 Nicomachus
839 2055 909 2081 inter
930 2063 1024 2082 recen-

239 2090 325 2115 tiores
354 2088 548 2123 Pythagoricos
579 2095 769 2116 numerantur.
791 2090 829 2117 De
859 2089 1024 2118 Nicomacho

238 2123 353 2151 letius
369 2124 395 2149 in
412 2123 574 2149 Bibliotheca
589 2129 616 2151 et
634 2125 741 2151 Suiulas.

275 2158 331 2193 (“25)
350 2157 408 2184 Καὶ
420 2157 614 2192 Χαιρήμονος.
628 2159 813 2186 Chaaremonis
826 2158 908 2186 Stoici
924 2160 1022 2187 librum

240 2194 278 2220 De
292 2194 397 2220 cometis
414 2193 505 2220 laudat
521 2193 650 2228 Origenes
662 2195 688 2220 in
706 2193 781 2221 libris
796 2194 893 2221 Contra
907 2195 1021 2222 Celsum.

239 2228 290 2255 llic
307 2228 463 2255 Chaeremon
481 2229 678 2262 pliilOsophiam
694 2229 783 2254 docuit
799 2229 980 2262 Alexandria),
996 2236 1022 2256 et

239 2271 426 2291 successorem
449 2264 543 2290 habuit
567 2263 720 2297 Dionysnnu
743 2264 970 2295 Alexandrinum.
994 2271 1023 2291 ut

239 2299 318 2325 docet
339 2299 437 2325 Suidas
463 2299 489 2325 in
518 2298 652 2333 Dionysio.
675 2298 880 2324 Restituemlum
905 2304 947 2326 est
973 2300 1024 2326 hoc

240 2341 337 2360 nomen
352 2334 377 2359 in
390 2334 457 2359 libro
469 2334 584 2367 septimo
598 2333 662 2359 Nat.
676 2333 777 2365 Quwst.
794 2333 917 2365 Senes-:2,
935 2335 1024 2368 capite

239 2369 257 2393 5
271 2378 277 2395 :
295 2368 485 2395 Clturimunder
499 2377 602 2403 quoque
620 2369 714 2394 librum
729 2369 765 2395 De
782 2369 894 2395 (-ntnctis
908 2370 1023 2401 scripsit.

240 2404 417 2430 Scribendum
437 2409 477 2430 est
497 2403 659 2430 (.‘lia'rcmon.
685 2405 720 2429 De
737 2404 786 2430 hoc
803 2403 980 2438 Hieronymus
997 2405 1023 2431 in

239 2439 309 2465 libro
333 2439 451 2465 secundo
477 2439 608 2464 Adversus
639 2438 810 2464 Iovinianum
841 2439 877 2465 ita
904 2440 1022 2466 scribit:

240 2474 392 2499 tilurremou
415 2473 532 2500 Stoicus.
555 2475 593 2499 vir
612 2474 855 2507 eloquentissimus,
877 2482 969 2501 narrat
991 2475 1023 2502 de

238 2510 292 2534 sita
309 2509 476 2542 antiquorum
495 2507 602 2542 IEgypti
625 2509 803 2538 sacerdotum,
818 2510 887 2544 quod
903 2510 1022 2536 omnibus

239 2543 332 2570 mundi
350 2544 456 2577 negotiis
469 2545 589 2576 ctu-isque
601 2544 759 2577 postpositis,
773 2552 874 2577 semper
888 2545 914 2570 in
930 2545 1023 2578 templo

241 2579 350 2611 μιαν-ἐντί,
364 2583 417 2604 etc.
433 2579 482 2611 Qui
502 2581 576 2606 locus
595 2579 749 2612 Hieronymi
775 2584 846 2606 totus
868 2580 1025 2614 desumptns

238 2619 282 2639 est
302 2621 333 2639 ex
350 2614 491 2648 Porphyrii
509 2615 554 2640 lib.
570 2623 594 2641 ιν
615 2615 651 2640 De
670 2614 837 2641 abstinentia.
858 2614 951 2641 Exstat
965 2614 1023 2648 epi-

240 2656 362 2680 gramma
379 2649 508 2676 Martialis
525 2651 550 2675 in
567 2652 637 2676 hunc
658 2650 860 2676 Cltaeretnonetn
885 2649 1022 2680 Stoicum,

239 2682 310 2719 libro
333 2684 486 2712 undecimo.
507 2685 702 2719 epigrammate
720 2684 769 2716 58,
784 2693 816 2711 ex
841 2691 894 2719 quo
913 2689 1024 2719 apparet

240 2718 451 2754 circaqtempora
472 2719 579 2754 'l‘rajaui
597 2720 670 2746 illum
685 2720 794 2746 vixisse.

278 2752 333 2787 (2(5)
347 2752 536 2787 Κουρνούνηύ
548 2763 579 2781 τε
591 2755 654 2787 ταῖς
663 2754 791 2787 βίϐλοις.
804 2754 939 2781 Cornutus
950 2753 1024 2786 Afer,

239 2785 413 2820 Leptitanus,
425 2789 517 2815 Ruina:
531 2785 728 2822 philosophiam
742 2785 835 2816 docuit
851 2789 955 2816 Claudii
973 2785 1024 2816 Ne;

242 2823 316 2848 mnis
337 2824 511 2857 temporibus.
534 2825 649 2859 Scripsit
667 2824 749 2850 multa
773 2830 828 2850 tum
852 2825 885 2850 de
907 2824 1024 2859 philoso-

202 2881 204 2884 ,
239 2858 313 2892 plna,
340 2862 394 2884 tum
420 2866 452 2886 ue
478 2859 648 2893 eloquentia,
671 2865 700 2886 ut
721 2858 804 2886 refert
831 2859 939 2887 Suidas.
955 2858 1024 2887 Huic

1039 867 1058 894 Β

1037 1547 1059 1576 C

1071 235 1116 261 καὶ
1138 235 1310 270 Χαιρήμονος
1330 235 1385 269 (25)
1409 234 1456 261 τοῦ
1476 235 1614 268 Στωϊκοῦ,
1636 237 1804 273 Κουρνούτου
1833 246 1863 265 τε

1070 282 1128 312 ταῖς
1150 280 1251 316 βίϐλοις
1273 280 1338 316 (26).
1365 281 1434 316 Παρ¹
1454 278 1491 308 ὧν
1513 281 1559 308 τὸν
1583 283 1780 318 μεταληπτικὸν
1809 283 1864 311 τῶν

1072 328 1137 362 παρ’
1149 327 1261 362 Ἕλλησι
1280 326 1436 362 μυστηρίων
1455 327 1536 362 γνοὺς
1550 328 1650 363 τρόπον
1661 349 1670 361 ,
1685 331 1743 361 ταῖς
1762 329 1863 357 Ἰουδα-

1070 374 1143 404 ῖκαῖς
1159 372 1282 408 προσῆψε
1295 372 1424 408 Γραφαῖς.
1440 381 1450 398 ι
1467 372 1560 399 Ταῦτα
1576 373 1614 408 τῷ
1626 374 1771 410 Πορφυρίῳ
1787 375 1859 403 κατὰ

1070 419 1101 445 τὸ
1121 419 1211 455 τρίτον
1237 418 1404 454 σύγγραμμα
1425 418 1479 445 τῶν
1503 419 1662 454 γραφέντων
1687 421 1761 456 αὐτῷ
1786 422 1859 449 κατά

1071 464 1241 500 Χριστιανῶν
1262 464 1388 500 εἴρηται,
1412 465 1627 499 ἐπαληθεύσαντι
1652 467 1701 502 μὲν
1724 468 1787 503 περὶ
1808 468 1860 504 τῆς
1894 461 1896 465 ’

1071 511 1182 546 τάνδρὸς
1205 511 1347 547 ἀσκήσεως
1368 512 1413 538 καὶ
1432 511 1630 547 πολυμαθείας,
1653 513 1815 549 ψευσαμένῳ
1829 514 1860 541 δὲ

1072 557 1165 592 σαφῶς
1182 557 1218 592 (τί
1232 558 1286 593 γὰρ
1304 558 1353 584 οὐκ
1376 557 1486 592 ἔμελλεν
1501 559 1514 584 ὁ
1529 558 1598 585 κατὰ
1615 559 1785 594 Χριστιανῶν
1793 559 1812 596 ;)
1829 560 1860 587 ἐν

1070 600 1109 634 οἷς
1124 603 1205 629 αὐτὸν
1224 603 1273 638 μέν
1292 611 1372 638 φησιν
1389 603 1418 637 ἐξ
1439 603 1570 640 Ἑλλήνων
1584 605 1796 640 μετατεθεῖσθαι,
1813 606 1860 633 τὸν

1070 648 1092 674 δ’
1111 648 1265 683 Ἀμμώνιον
1286 650 1318 675 ἐκ
1334 648 1392 683 βίου
1411 648 1457 675 τοῦ
1479 649 1548 676 κατὰ
1561 650 1610 685 τὴν
1623 649 1791 683 θεοσέϐειαν,
1813 651 1860 678 ἐπὶ

1071 694 1116 720 τὸν
1138 693 1242 720 sum»,
1264 694 1363 729 τρόπον
1378 695 1515 721 ἐκπεσεῖν.
1540 695 1585 730 Τῷ
1605 704 1635 721 τε
1654 696 1708 731 γὰρ
1728 696 1861 732 Ὠριγένει

1071 740 1105 765 τὰ
1121 740 1169 775 τῆς
1185 739 1256 766 κατὰ
1269 740 1385 776 Χριστὸν
1400 739 1572 773 διδασκαλίας
1591 742 1622 767 ἐκ
1638 741 1778 777 προγόνων
1791 741 1861 768 ἐσώαο

1072 785 1142 817 ζετο,
1162 785 1200 817 ὡς
1215 787 1261 812 καὶ
1276 786 1310 812 τὰ
1322 787 1372 822 τῆς
1387 786 1503 822 πρόσθεν
1523 787 1642 823 ἱστορίας
1654 787 1757 823 ἐδήλου,
1775 787 1814 823 τῷ
1829 796 1860 815 τε

1079 832 1224 867 Ἀμμωνίῳ
1246 831 1281 858 τὰ
1307 832 1357 867 τῆς
1373 831 1465 859 ἐνθέου
1488 832 1645 867 φιλοσοφίας
1664 833 1790 868 ἀκέραια,
1813 834 1860 862 καὶ

1076 876 1242 909 ἀδιάπτωτα,
1258 877 1305 904 καὶ
1322 877 1416 913 μέχρις
1430 878 1546 913 ἐσχάτης
1559 878 1606 904 τοῦ
1623 878 1680 913 βίου
1696 879 1801 914 διέμενε
1817 888 1861 906 τε-

1075 921 1181 958 λευτῆς,
1195 922 1232 954 ὥς
1245 931 1295 949 που
1312 923 1360 950 καὶ
1373 924 1397 950 οἱ
1412 923 1524 959 τάνδρὸς
1536 924 1619 951 εἰσέτι
1631 924 1679 951 νῦν
1693 925 1860 962 μαρτυροῦσι

1076 969 1170 1001 πόνοι,
1196 969 1230 996 δι’
1244 966 1282 996 ὧν
1308 969 1435 996 κατέλιπε
1459 971 1680 1006 συγγραμμάτων
1707 972 1781 1007 παρὰ
1805 973 1860 1004 τοῖς

1076 1014 1210 1047 πλείστοις
1221 1015 1424 1051 εὐδοκιμοῦντος
1432 1025 1438 1031 ·
1450 1016 1544 1053 ὥσπερ
1555 1014 1600 1044 οὖν
1611 1019 1657 1045 καὶ
1665 1019 1678 1044 ό
1691 1019 1861 1054 ἐπιγεγραμ-

1078 1060 1157 1095 μένος
1169 1061 1238 1095 Περὶ
1255 1061 1310 1095 τῆς
1333 1061 1479 1095 Μωϋσέως
1495 1063 1544 1089 καὶ
1564 1064 1660 1097 Ἰησοῦ
1675 1064 1859 1099 συμφωνίας,

1076 1107 1122 1133 καὶ
1137 1107 1194 1133 ὅσοι
1205 1106 1278 1134 ἄλλοι
1295 1107 1370 1143 παρὰ
1382 1109 1438 1139 τοῖς
1450 1108 1604 1142 φιλοκάλοις
1615 1109 1754 1146 εὕρηνται.
1769 1110 1860 1137 Ταῦτα

1078 1153 1126 1188 μὲν
1147 1151 1193 1180 οὖν
1211 1154 1251 1185 είς
1266 1153 1435 1190 παράστασιν
1455 1155 1588 1189 ὲγκείσοω
1600 1154 1656 1190 (27)
1669 1175 1676 1187 ,
1699 1156 1747 1191 τῆς
1762 1164 1791 1182 τε
1812 1154 1859 1182 τοῦ

1075 1199 1242 1235 ψευδηγόρου
1272 1200 1461 1235 συκοφαντίας,
1488 1201 1534 1228 κα).
1561 1202 1610 1237 τῆς
1633 1202 1782 1237 Ὤριγένους
1812 1201 1859 1229 καὶ

1077 1246 1140 1280 περὶ
1156 1245 1189 1272 τὰ
1209 1245 1342 1280 Ἑλλήνιον
1363 1247 1511 1283 μαθήματα
1529 1248 1705 1284 πολυπειρίας
1716 1257 1723 1263 ·
1745 1249 1809 1284 περὶ
1824 1246 1858 1285 ἧς

1077 1291 1144 1326 πρός
1158 1300 1235 1323 τινας
1258 1291 1450 1327 μεμψαμένους
1471 1292 1545 1329 αὐτῷ
1561 1293 1604 1320 διὰ
1624 1293 1671 1329 τὴν
1685 1294 1748 1330 περὶ
1769 1295 1859 1322 ἐκεῖνα

1077 1337 1192 1373 σπουδὴν
1219 1338 1444 1373 ἀπολογούμενος,
1473 1340 1502 1366 ἐν
1529 1340 1655 1375 ἐπιστολῇ
1689 1349 1742 1367 τινι
1774 1340 1861 1367 ταῦτα

1076 1383 1192 1418 γράφει·
1220 1384 1316 1410 (Ἐπεὶ
1339 1384 1367 1410 δὲ
1383 1384 1552 1420 ἀνακειμένῳ
1579 1394 1622 1420 μοι
1641 1386 1679 1422 τῷ
1702 1386 1787 1421 λόγῳ.
1811 1387 1862 1423 τῆς

1077 1429 1112 1464 φή
1118 1437 1170 1465 μης
1179 1429 1371 1465 διατρεχούσης
1381 1431 1502 1467 περὶτῆς
1512 1431 1594 1465 ἕξεως
1605 1432 1694 1467 ἡμῶν,
1707 1432 1862 1468 προσῄεσαν

1076 1475 1120 1502 ὁτὲ
1142 1475 1191 1510 μὲν
1212 1476 1360 1511 αἱρετικοὶ,
1384 1477 1429 1503 ὁτὲ
1451 1477 1480 1503 δὲ
1501 1478 1524 1504 oi
1548 1477 1602 1504 ἀπὸ
1627 1477 1681 1504 τῶν
1698 1479 1862 1514 Ἑλληνικῶν

1079 1520 1262 1556 μαθημάτων,
1284 1521 1330 1548 καὶ
1350 1521 1466 1556 μάλιστα
1481 1523 1534 1549 τῶν
1549 1524 1576 1550 ὲν
1594 1523 1736 1560 φιλοσοφίᾳ
1749 1544 1756 1557 ,
1773 1524 1862 1558 ἔδοξεν

1075 1566 1201 1598 ἐξετάσαι
1219 1567 1255 1593 τά
1267 1575 1297 1593 τε
1313 1567 1366 1594 τῶν
1380 1569 1525 1603 αἱρετικῶν
1538 1569 1660 1605 δόγματα
1671 1590 1678 1603 ,
1694 1569 1741 1596 καὶ
1759 1570 1794 1598 τὰ
1808 1571 1864 1598 τῶν

1074 1612 1225 1647 φιλοσόφων
1258 1614 1322 1649 περὶ
1352 1613 1479 1649 ἀληθείας
1507 1615 1598 1650 λέγειν
1629 1616 1860 1652 ἐπαγγελλόμενα.

1074 1658 1159 1685 Τοῦτο
1170 1658 1198 1685 δέ
1211 1659 1410 1694 πεποιήκαμεν,
1426 1661 1610 1696 μιμησάμενοί
1622 1670 1652 1688 τε
1663 1661 1708 1688 τὸν
1721 1663 1773 1698 πρὸ
1785 1663 1864 1698 ήμῶν

1073 1704 1188 1736 πολλοὺς
1204 1703 1382 1739 ὠφελήσαντα
1397 1705 1555 1739 Πάνταινον,
1574 1707 1623 1733 οὐκ
1637 1707 1729 1743 ὀλίγην
1744 1709 1773 1734 ἐν
1789 1709 1862 1735 ἑκεί-

1077 1760 1132 1782 νοις
1148 1751 1285 1786 ἐσχηκότα
1308 1752 1484 1788 παρασκευὴν
1495 1773 1503 1785 ,
1518 1752 1564 1779 καὶ
1579 1753 1623 1780 τὸν
1641 1753 1688 1780 νῦν
1701 1755 1730 1780 ὲν
1742 1754 1781 1790 τῷ
1797 1763 1864 1791 πρε-

1078 1797 1212 1832 σϐυτερίῳ
1233 1797 1412 1833 καθεζόμενον
1432 1797 1626 1834 Ἀλεξανδρέων
1643 1799 1795 1835 Ἠρακλᾶν·
1820 1801 1864 1828 ὅν-

1077 1853 1137 1871 τινα
1156 1839 1235 1879 εὗρον
1251 1844 1326 1880 παρὰ
1346 1843 1385 1880 τῷ
1400 1844 1550 1880 διδασκάλῳ
1565 1845 1620 1880 (28)
1643 1846 1696 1872 τῶν
1713 1846 1864 1881 φιλοσόφων

1077 1914 1187 1942 Persius
1209 1914 1332 1948 quintam
1361 1919 1483 1948 satyram
1509 1918 1636 1948 tanquam
1664 1914 1792 1947 magistro
1812 1922 1863 1942 suo

1075 1950 1184 1977 dicavit.
1201 1950 1264 1984 Ejus
1277 1949 1355 1984 rliber
1379 1948 1417 1975 De
1437 1948 1590 1976 Crmcorum
1612 1950 1742 1984 theologia
1764 1951 1863 1977 citatur

1075 1985 1109 2011 ab
1132 1989 1245 2012 auctore
1268 1983 1455 2019 Etymologici,
1475 1983 1506 2019 in
1516 1991 1581 2011 voce
1599 1985 1683 2016 Ζεύς,
1704 1985 1727 2011 ls
1744 1984 1801 2018 ipse
1820 1989 1864 2012 est

1075 2020 1144 2046 liber
1159 2020 1203 2053 qui
1221 2017 1336 2054 primum
1351 2019 1384 2045 ab
1394 2017 1467 2046 Aldo
1483 2017 1604 2054 Manutio
1616 2018 1709 2046 Graeco
1719 2017 1760 2046 est
1773 2020 1862 2047 editus

1077 2055 1127 2086 sub
1145 2053 1255 2081 nomine
1273 2054 1414 2087 l‘hornuti,
1428 2061 1488 2080 cum
1505 2053 1639 2080 Carnulus
1653 2054 1736 2081 scribi
1753 2054 1860 2084 debeat.

1079 2095 1108 2116 ut
1128 2091 1207 2117 docet
1223 2094 1317 2116 auctor
1332 2089 1515 2124 Etgmologici.
1532 2089 1634 2123 Quippe
1653 2089 1729 2116 locus
1743 2089 1794 2124 ille
1813 2091 1860 2123 qui

1077 2126 1176 2151 citatur
1192 2125 1218 2151 in
1235 2123 1426 2158 Etymologicu,
1442 2128 1531 2150 exstat
1551 2125 1630 2152 hodie
1652 2124 1722 2158 apud
1740 2123 1862 2151 Phornu-

1079 2165 1132 2186 Ittm
1149 2161 1174 2186 in
1190 2161 1277 2193 capite
1292 2159 1387 2193 primo.
1405 2159 1480 2185 Ilunc
1494 2158 1613 2185 libellum
1629 2159 1692 2185 olitn
1712 2160 1862 2186 manuscri-

1077 2200 1150 2226 ptum
1166 2195 1281 2221 vidimus
1302 2195 1328 2220 in
1352 2193 1514 2220 bibliotheca
1537 2193 1717 2225 Memmiana,
1740 2195 1785 2220 sed
1802 2194 1862 2221 nul-

1076 2229 1129 2255 lum
1147 2233 1205 2256 erat
1229 2236 1324 2255 nomen
1350 2229 1478 2255 auctoris.
1502 2227 1539 2254 Ex
1557 2236 1590 2255 eo
1610 2234 1700 2255 autem
1719 2229 1788 2255 libro
1811 2237 1860 2263 ap-

1077 2269 1168 2296 paret,
1192 2264 1341 2291 Cornutum
1357 2263 1499 2298 allegorias
1517 2268 1648 2290 sectatum
1667 2264 1758 2290 fuisse.
1773 2263 1862 2296 Quare

1079 2299 1242 2334 Porphyrius
1263 2299 1360 2334 merito
1386 2298 1459 2325 illum
1495 2304 1616 2325 recenset
1641 2300 1710 2325 inter
1736 2299 1860 2334 philoso-

1076 2335 1142 2368 phos
1163 2333 1208 2368 Qui
1230 2333 1424 2368 tropologicum
1455 2340 1563 2360 sensum
1588 2335 1759 2360 atlamarnnt.
1781 2333 1860 2368 Ejus-

1075 2371 1134 2395 dem
1152 2368 1212 2395 lihri
1245 2369 1368 2395 meminit
1395 2367 1574 2395 Theodoritus
1598 2368 1625 2394 in
1651 2369 1718 2395 libro
1743 2367 1861 2396 secundo

1076 2404 1113 2429 De
1137 2405 1271 2430 curatione
1301 2402 1459 2438 Graecarum
1488 2403 1656 2437 affectionem
1675 2411 1684 2429 :
1711 2403 1860 2438 Κορνοῦτος

1075 2438 1102 2500 gs
1128 2439 1143 2465 ὁ
1163 2438 1321 2473 φιλόσοφος,
1349 2437 1398 2474 τὴν
1420 2437 1581 2474 Ἑλληνικὴν
1608 2437 1860 2473 θεολογίανγξυντέ-

1092 2483 1160 2500 εικε.

1092 2483 1160 2500 εικε.

1110 2510 1167 2544 (27)
1185 2510 1238 2542 Εὶς
1257 2509 1449 2543 παράστασιν
1467 2509 1619 2544 ὲγκείσθω.
1640 2508 1728 2536 Codex
1751 2508 1861 2544 Fulget

1075 2544 1217 2572 Metlicazus
1233 2546 1331 2572 habent
1341 2544 1451 2576 κείσθω,
1463 2543 1490 2571 et
1505 2552 1566 2572 mox
1582 2544 1616 2570 τὰ
1630 2544 1763 2580 Ἑλλήνων
1777 2543 1862 2580 μαθή-

1077 2588 1164 2615 ματα,
1182 2580 1223 2607 cui
1249 2580 1384 2607 consentit
1407 2579 1494 2607 codex
1510 2580 1591 2612 Man,
1613 2580 1684 2614 quod
1701 2579 1808 2613 quidem
1827 2580 1860 2606 ad

1077 2616 1252 2649 posteriorem
1268 2615 1354 2641 locum
1370 2615 1497 2648 pertinet.

1111 2650 1167 2684 (23)
1186 2648 1285 2683 Εὗρον
1302 2650 1381 2684 ,παρὰ
1396 2649 1435 2682 τῷ
1451 2649 1633 2684 διδασκάλῳ.
1655 2649 1693 2676 Ex
1711 2649 1753 2676 his
1770 2648 1861 2684 verbis

1076 2683 1203 2720 colligere
1217 2691 1269 2717 cst,
1286 2683 1429 2720 Origenem
1444 2686 1538 2712 eodem
1562 2685 1691 2720 magistro
1704 2691 1758 2718 quo
1775 2683 1861 2711 Hera-

1076 2719 1240 2747 clauiusum
1257 2727 1318 2747 esse
1341 2722 1367 2746 in
1388 2720 1567 2755 philosophia.
1589 2719 1743 2755 vocabatur
1768 2723 1859 2755 autem

1076 2754 1121 2781 ille
1143 2755 1313 2791 Ammonius,
1329 2760 1358 2781 ut
1371 2753 1536 2791 Porphyrius
1562 2763 1642 2789 supra
1658 2754 1735 2791 dixit,
1756 2754 1799 2780 vir
1811 2753 1859 2791 sui

1079 2791 1207 2824 temporis
1223 2788 1443 2824 philosophorum
1455 2788 1657 2818 celeberrimus.
1671 2789 1708 2815 De
1720 2796 1775 2823 quo
1789 2788 1858 2824 _n_ihil

1077 2822 1172 2861 attinet
1196 2822 1239 2854 hic
1261 2832 1291 2853 ea
1313 2822 1436 2859 repetere
1451 2832 1509 2861 qua-
1527 2826 1616 2853 notat’i
1630 2824 1662 2851 ad
1682 2822 1770 2851 Anim.
1788 2822 1858 2850 Mar-

1060 2866 1062 2870 '
1076 2858 1212 2888 celliuutn.
