1996 3165
139 167 193 196 569

639 167 811 197 HISTORIA]
829 169 1103 198 ECCLESIASTICIE
1123 168 1187 197 LIB.
1206 168 1252 198 VI.

1708 170 1759 197 570

147 228 317 266 μαθημάτων
329 250 336 263 ,
359 229 408 265 ἤδη
433 228 513 256 πέντε
530 228 618 256 ἔτεσιν
633 229 707 265 αὐτῷ
729 232 934 268 προσκαρτερή-

986 231 1133 258 eruditione
1159 230 1229 258 fama
1254 230 1308 266 jam
1335 230 1459 258 crebrior
1483 234 1669 265 Spargeretur,
1692 237 1758 257 con-

147 283 247 307 σαντα,
265 276 329 310 πρὶν
350 275 400 310 ἐμὲ
420 274 552 310 ἄρξασθαι
569 274 677 301 ἀκούειν
691 276 803 302 ἐκείνων
820 275 874 302 τῶν
886 276 931 303 λό-

147 329 213 355 γων.
231 321 276 347 Διδ
294 320 342 347 καὶ
356 320 487 356 πρότερον
500 321 575 356 κοινῇ
592 320 685 356 ἐσθῆτι
703 321 850 357 χρώμενος,
865 322 932 348 ἀπο-

146 367 314 402 δυσάμενος,
333 366 379 393 καὶ
399 365 541 400 φιλόσοφον
565 365 706 393 ἀναλαϐὼν
729 368 830 402 σχῆμα,
853 367 931 404 μέχρι

147 412 195 439 τοῦ
209 412 289 449 δεῦρο
310 413 388 448 τηρεῖ
407 412 478 448 (29),
503 411 592 448 βιϐλία
609 421 639 439 τε
659 412 789 448 Ἐλλήνων
802 413 872 440 κατὰ
886 413 932 440 δύ-

147 467 229 494 ναμιν
245 459 275 485 οὺ
290 458 406 486 παύεται
425 458 581 494 φιλολογῶν.
594 469 603 485 ι
622 459 677 485 Καὶ
692 458 776 486 ταῦτα
795 460 844 495 μὲν
860 460 932 496 αὐτῷ

146 507 213 542 περὶ
227 507 277 542 τῆς
295 505 451 541 Ἑλληνικῆς
471 506 614 542 ἀσκήσεως
630 506 838 542 ἀπολογουμένῳ
856 507 932 543 εἴρη-

146 561 202 579 ται.
225 551 303 578 Κατὰ
325 543 417 578 τοῦτον
438 551 467 578 δὲ
485 551 530 579 τὸν
552 551 646 587 χρόνον
666 552 709 578 ἐπ’
733 551 933 588 Ἀλεξανδρείας

146 597 223 633 αὐτῷ
247 597 296 628 τὰς
317 597 456 633 διατριϐὰς
479 597 646 633 ποιουμένῳ,
676 598 789 630 ἐπιστάς
817 607 858 630 τις
880 598 933 624 τῶν

147 641 350 678 στρατιωτικῶν
361 662 369 675 ,
390 641 508 669 ἀνεδίδου
522 643 673 678 γράμματα
687 643 834 678 Δημητρίῳ
852 651 880 669 τε
895 642 933 678 τῷ

145 689 198 724 τῆς
211 688 355 725 παροικίας
372 688 513 724 ἐπισκόπῳ
525 709 531 721 ,
545 689 592 715 καὶ
606 689 644 724 τῷ
661 689 720 715 τότε
737 689 786 724 τῆς
798 689 933 724 Αἰγύπτου

146 734 272 770 ἐπάρχῳ,
297 734 372 770 παρὰ
388 734 434 760 τοῦ
457 734 507 769 τῆς
527 734 654 770 Ἀραϐίας
670 735 830 770 ἡγουμένου,
845 735 882 767 ὡς
902 735 934 762 ἂν

147 780 221 815 μετὰ
243 780 360 815 σπουδῆς
382 780 489 815 ἁπάσης
505 779 550 807 τὸν
567 780 706 816 Ὦριγένην
728 780 859 815 πέμψοιεν
879 789 936 807 κοι-

145 826 302 861 νωνήσοντα
314 825 399 860 λόγων
415 824 498 860 αὐτῷ.
521 825 669 861 Τοιγαροῦν
684 826 872 861 προπεμφθεὶς
889 826 934 853 ὑπ’

145 872 248 904 αὐτῶν,
264 871 417 906 ἀφικνεῖται
431 871 476 897 ἐπὶ
490 871 539 907 τὴν
555 871 693 907 Ἀραϐίαν.
710 872 766 898 Οὐκ
779 873 818 903 εἰς
832 873 935 907 μακρὸν

982 276 1127 305 ﬂuentibus
1143 276 1175 304 ad
1193 283 1236 304 me
1257 283 1327 303 nunc
1350 276 1484 303 lucreticis
1496 296 1503 307 .
1518 283 1590 303 nunc
1603 275 1758 303 Grmearum

981 323 1184 357 disciplinarum
1209 321 1353 355 studiosis,
1378 327 1405 349 et
1427 322 1544 349 maxime
1567 321 1758 357 philosophis:

981 370 1099 397 scrutari
1122 369 1311 396 haereticorum
1332 367 1478 402 dogmata,
1502 371 1528 394 et
1554 375 1722 401 quaecunque
1745 375 1759 392 a

981 415 1152 451 philosophis
1173 414 1206 441 de
1220 414 1334 441 veritate
1346 413 1496 446 iactantur,
1513 418 1640 440 excutere
1662 413 1762 440 consti-

984 462 1031 488 tui.
1048 462 1136 496 Atque
1150 462 1200 488 ho‘c
1217 460 1339 489 fecimus.
1349 464 1406 487 tum
1423 459 1542 486 Pantazni
1556 458 1625 486 illius
1640 459 1684 493 qui
1699 463 1762 485 ante

983 515 1032 535 nos
1047 508 1140 535 multis
1155 507 1257 542 profuit
1271 527 1278 539 ,
1300 505 1452 540 exemplum
1472 505 1557 533 secuti
1571 525 1576 536 ,
1596 505 1640 537 qui
1655 505 1761 539 quidem

983 554 1138 590 hujusmodi
1164 553 1320 589 cognitione
1342 559 1395 579 non
1422 551 1592 579 mediocriter
1617 550 1762 577 instructus

983 600 1034 628 fuit
1049 609 1056 627 :
1075 605 1129 627 tum
1147 599 1268 626 lleracla:
1280 599 1325 632 qui
1343 604 1416 625 nunc
1432 597 1503 624 inter
1515 596 1687 632 presbyteros
1702 595 1765 622 Ale-

983 644 1122 672 xandrina:
1138 644 1214 671 sedet
1238 642 1389 670 Ecclesiae:
1408 649 1488 677 quem
1512 649 1561 673 ego
1586 643 1655 676 apud
1678 641 1763 673 magi-

984 694 1068 718 strum
1083 689 1260 725 philosophia
1276 689 1362 723 reperi
1376 708 1382 719 .
1400 688 1522 723 quintum
1546 687 1603 722 jam
1625 695 1724 715 annum
1739 688 1765 715 ei

984 745 1094 772 operam
1119 736 1227 763 dantem
1240 755 1248 767 ,
1268 736 1427 769 priusquam
1452 741 1501 769 ego
1517 734 1648 769 ejusmodi
1667 734 1766 762 doctri-

985 790 1048 810 xnm
1065 781 1218 809 auscultare
1232 781 1385 814 coepissem.
1404 780 1492 814 Atque
1515 780 1616 807 idcirco
1628 788 1689 808 cum
1709 781 1766 808 vnl-

985 827 1042 862 ς]τί
1063 831 1136 854 veste
1157 831 1235 853 antea
1251 833 1315 852 usus
1328 825 1438 857 fuisset,
1454 832 1485 852 ea
1500 826 1631 859 deposita,
1647 825 1763 860 philoso-

986 873 1094 908 phicum
1113 872 1200 900 induit
1215 872 1348 905 habitum,
1365 879 1444 906 quem
1461 872 1610 898 etiammnn
1634 872 1765 903 retinens.

145 918 178 945 δὲ
192 917 227 944 τὰ
243 918 292 953 ιιιῆς
306 916 424 952 ἀφίξεως
439 917 479 949 είς
492 916 578 952 πέρας
591 916 718 951 ἀγαγὼν,
736 915 813 948 αὖθις
828 917 874 943 ἐπὶ
887 917 936 952 τὴν

986 919 1139 947 Grmcorum
1163 918 1246 946 libros
1260 918 1379 945 studiose
1398 917 1523 944 evolvere
1544 925 1597 944 non
1618 918 1734 944 desistit.
1754 927 1764 944 ι

152 961 356 999 Ἀλεξάνδρειαν
372 962 493 997 ἐπανῄει.
513 962 615 998 Χρόνου
637 962 665 988 δὲ
689 962 788 997 μεταξὺ
810 962 930 996 διαγενο-

146 1006 245 1042 μένου,
262 1007 293 1034 οὑ
315 1007 430 1042 σμικροῦ
445 1007 514 1034 κατὰ
534 1007 582 1042 τὴν
601 1007 678 1034 πόλιν
693 1007 931 1043 ὰναρῤιπισθέντος

145 1052 278 1088 πολέμου,
292 1052 445 1086 ὑπεξελθὼν
462 1053 511 1089 τῆς
528 1052 729 1090 Ἀλεξανδρείας
743 1055 790 1081 καὶ
805 1055 871 1090 μηδὲ
883 1055 932 1087 τὰς

144 1099 208 1125 κατ’
220 1098 356 1133 Αἴγυπτον
374 1098 513 1134 διατριϐὰς
528 1099 658 1134 ἀσφαλεῖς
672 1099 759 1135 ἐαυτῷ
771 1100 930 1136 ἡγούμενος,

143 1145 233 1172 ἐλθὼν
250 1144 296 1172 ἐπὶ
309 1144 500 1180 Παλαιστίνης,
518 1145 546 1171 ὲν
564 1145 715 1181 Καισαρείᾳ
731 1146 779 1178 τὰς
794 1146 932 1182 διατριϐὰς

145 1192 267 1218 ἐποιεῖτο
277 1200 284 1206 ·
308 1190 373 1218 ἔνθα
387 1191 434 1217 καὶ
449 1190 634 1225 διαλέγεσθαι,
648 1191 696 1222 τάς
711 1200 742 1218 τε
759 1191 833 1224 θείας
849 1193 934 1228 ἑρμη-

144 1237 236 1265 νεύειν
248 1237 357 1274 Γραφὰς
371 1236 417 1264 ἐπὶ
429 1237 474 1264 τοῦ
493 1237 583 1264 κοινοῦ
597 1238 646 1273 τῆς
663 1237 823 1274 Ἑκκλησίας
840 1238 893 1273 (30)
906 1228 933 1264 δι

143 1283 212 1319 τῇδε
228 1283 385 1316 ἐπίσκοποι,
409 1283 496 1310 καίτοι
512 1284 563 1319 τῆς
576 1283 623 1310 τοῦ
637 1284 831 1319 πρεσϐυτερίου
846 1292 935 1320 χειρο-

144 1329 240 1361 τονίας
251 1329 356 1356 οὐδέπω
367 1330 533 1365 τετυχηκότα
546 1330 625 1356 αὐτὸν
640 1329 741 1364 ἠξίουν.
761 1331 792 1356 Ὃ
808 1330 854 1356 καὶ
870 1329 935 1356 αὐτὸ

144 1374 248 1410 γένοιτ’
258 1374 290 1402 ἂν
300 1374 419 1410 ἔκδηλον,
433 1374 478 1409 ἀφ’
488 1371 525 1401 ὧν
536 1375 599 1411 περὶ
609 1375 703 1402 τούτου
713 1376 859 1412 Δημητρίῳ
868 1376 936 1412 γρά-

145 1428 246 1455 φοντες
258 1440 266 1452 ,
287 1419 459 1455 Ἀλέξανδρος
475 1421 489 1446 ὁ
507 1420 698 1456 Ἰεροσολύμων
721 1422 868 1454 ἐπίσκοπος
888 1423 936 1450 καὶ

145 1466 311 1497 Θεόκτιστος
330 1467 345 1493 ὸ
360 1466 543 1502 Καισαρείας,
568 1463 619 1493 ὦδέ
644 1476 702 1499 πως
724 1467 934 1502 ἀπολογοῦνταιο

149 1521 159 1538 ι
173 1511 333 1548 Προσέθηκε
350 1511 377 1538 δὲ
394 1512 448 1547 (51)
462 1513 517 1544 τοῖς
534 1512 702 1548 γράμμασιν,
718 1513 758 1539 ὅτι
771 1513 850 1540 τοῦτο
863 1513 937 1540 οὐδέ-

147 1567 216 1585 ποτε
231 1557 352 1593 ἠκούσθη
364 1578 371 1591 ,
393 1557 452 1584 οὐδὲ
474 1557 521 1585 νῦν
543 1558 688 1593 γεγένηται
700 1579 707 1592 ,
727 1559 776 1591 τὸ,
796 1560 936 1595 παρόντων

147 1603 307 1630 ἐπισκόπων
320 1602 430 1634 λαῐκοὺς
444 1603 547 1638 ὁμιλεῖν
557 1624 563 1635 ,
581 1604 630 1630 οὐκ
643 1601 690 1630 οἷδ’
703 1604 776 1636 ὅπως
793 1604 849 1640 (52)
872 1614 938 1642 προ-

147 1649 244 1685 φανῶς
260 1649 309 1676 οὐκ
325 1648 411 1684 ἀληθῆ
426 1649 522 1684 λέγων.
539 1649 624 1676 Ὅπου
647 1650 711 1684 γοῦν
729 1651 899 1686 εὑρίσκονται
914 1653 938 1679 οἱ

148 1696 298 1732 ἐπιτήδειοι
316 1696 383 1731 πρὸς
396 1696 426 1723 τὸ
440 1696 553 1730 ὠφελεῖν
567 1697 629 1729 τοὺς
647 1697 775 1733 ἀδελφοὺς
790 1699 836 1726 καὶ
851 1708 940 1736 παρα-

148 1742 297 1771 καλοῦνται
312 1742 351 1778 τῷ
366 1742 422 1779 λαῷ
438 1743 610 1779 προσομιλεῖν
620 1764 626 1776 ,
648 1744 699 1771 ὑπὸ
712 1745 766 1771 τῶν
779 1746 863 1780 ἁγίων
879 1748 939 1773 ἐπι-

150 1789 263 1816 σκόπων
273 1798 280 1804 ·
299 1788 398 1824 ὥσπερ
415 1789 443 1815 ὲν
462 1789 610 1824 Λαράνδοις
624 1789 740 1823 Εὖελπις
756 1791 807 1818 ὑπὸ
819 1791 935 1825 Νέωνος,

148 1836 198 1863 καὶ
214 1837 244 1862 ὲν
258 1835 358 1870 Ἰκονίῳ
372 1835 502 1867 Παυλῖνος
520 1835 572 1861 ὑπὸ
587 1835 689 1863 Κέλσου
701 1857 708 1869 ,
731 1838 778 1864 καὶ
795 1839 824 1864 ὲν
839 1838 938 1865 Συννά-

149 1882 207 1915 δοις
221 1882 277 1917 (55)
290 1882 425 1918 Θεόδωρος
440 1880 492 1907 ὑπὸ
510 1881 630 1909 Ἀττικοῦ
642 1882 695 1910 τῶν
710 1883 852 1919 μακαρίων
864 1883 938 1910 ἀδελ-

150 1927 223 1962 φῶν.
242 1927 323 1958 Εἰκὸς
341 1926 369 1953 δὲ
389 1926 435 1953 καὶ
451 1926 479 1952 ὲν
496 1925 585 1966 ἄλλοις
598 1927 690 1958 τόποις
706 1927 784 1953 τοῦτο
805 1927 938 1961 γίνεσθαι,

149 1975 228 2010 ἡμᾶς
241 1973 269 2000 δὲ
282 1973 319 2008 μὴ
336 1972 444 2000 εἰδέναι.
459 1981 469 1998 ι
491 1971 590 1999 Τοῦτον
607 1973 654 1999 καὶ
675 1972 714 1999 ἔτι.
729 1972 787 2004 νέος
801 1971 839 1998 ὢν
859 1972 873 1998 ὁ
893 1972 939 2007 δη-

188 2088 247 2122 (29)
266 2088 358 2123 Μέχρι
379 2087 432 2115 τοῦ
457 2087 544 2121 δεῦρο
565 2087 656 2122 τηρεῖ,
675 2088 711 2115 Ex
734 2087 777 2115 his
806 2092 934 2122 apparet,

153 2125 260 2152 nullum
277 2126 357 2151 etiam
377 2128 431 2150 tum
449 2123 611 2157 peculiarem
635 2123 717 2150 fuisse
739 2123 865 2150 vestitum
879 2124 934 2150 cle-

153 2160 286 2190 ricorum.
302 2159 516 2193 quandoquidem
537 2158 665 2185 lleraclas
678 2158 866 2185 Alexandrinae
884 2159 934 2185 Ee-

153 2195 247 2222 clesire
261 2193 413 2228 presbyter.
434 2198 460 2219 ct
481 2193 525 2226 qui
543 2200 634 2226 postea
660 2193 780 2225 ejusdem
798 2193 847 2219 loci
873 2194 934 2226 cpi-

983 963 1045 992 llaac
1066 966 1099 991 ab
1114 963 1229 999 Origene
1243 963 1313 990 dicta
1334 967 1407 995 sunt,
1430 966 1457 989 ut
1475 962 1592 990 studium
1618 962 1682 989 illud
1695 963 1766 997 quod

981 1009 1083 1037 Graecis
1099 1008 1247 1042 disciplinis
1262 1007 1441 1042 impenderat,
1454 1012 1605 1035 excusaret.
1619 1007 1674 1034 Sub
1688 1008 1757 1035 idem

982 1060 1086 1090 tempus
1101 1047 1162 1082 etim
1185 1053 1356 1081 Alexandriae
1371 1057 1531 1085 moraretur,
1550 1053 1625 1081 miles
1648 1054 1757 1088 quidam

982 1102 1127 1129 adveniens
1139 1121 1146 1134 ,
1162 1100 1300 1128 Demetrio
1334 1099 1462 1127 Ecclesite
1476 1101 1602 1135 episcopo
1614 1121 1621 1132 ,
1635 1105 1662 1128 ct
1676 1101 1759 1135 pra-fe

982 1153 1026 1176 cto
1042 1148 1150 1184 Egypti
1167 1148 1272 1175 litteras
1294 1154 1309 1174 a
1329 1147 1397 1174 duce
1419 1147 1527 1174 Arabiae
1548 1147 1651 1179 detulit,
1672 1147 1770 1182 quibus

983 1194 1113 1229 poscebat
1128 1198 1156 1220 ut
1177 1192 1321 1229 confestim
1337 1192 1370 1219 ad
1396 1200 1425 1219 se
1450 1192 1593 1227 Origenem
1609 1193 1748 1220 mitterent
1760 1213 1768 1223 .

984 1240 1030 1274 qui
1053 1239 1205 1267 doctrinam
1232 1246 1308 1266 suam
1337 1238 1386 1271 ipsi
1414 1238 1641 1265 communicaret.
1671 1237 1769 1266 Missus

985 1286 1065 1321 igitur
1079 1287 1114 1313 ab
1139 1286 1191 1313 illis
1211 1285 1349 1320 Origenes,
1377 1285 1403 1311 in
1419 1285 1548 1312 Arabiam
1566 1285 1695 1320 perrexit.
1713 1284 1769 1312 Nec

985 1332 1069 1360 multo
1085 1336 1158 1366 post.
1179 1331 1299 1366 perfecto
1320 1330 1396 1364 cujus
1412 1338 1490 1358 causa
1509 1336 1620 1358 venerat
1641 1331 1767 1366 negotio,

984 1378 1173 1405 Alexandriam
1194 1385 1333 1412 regressus
1350 1377 1555 1412 est.Aliquanto
1569 1381 1630 1411 post
1645 1381 1769 1411 tempore

985 1431 1046 1451 cum
1069 1423 1242 1450 Alexandriae
1272 1423 1460 1457 gravissimum
1493 1422 1592 1449 bellum
1622 1423 1768 1449 excitatum

987 1469 1090 1501 fuisset,
1105 1468 1174 1495 clam
1193 1469 1254 1496 inde
1269 1469 1463 1503 aufugiens,ac
1478 1475 1511 1494 ne
1524 1468 1550 1494 in
1558 1467 1676 1503 [Egypto
1688 1466 1769 1502 222

986 1514 1094 1549 quidem
1107 1515 1270 1541 commorari
1288 1519 1374 1541 tutum
1390 1519 1478 1545 ratus,
1494 1513 1662 1540 Palaestinam
1679 1514 1768 1548 petiit,

987 1565 1014 1587 et
1027 1560 1158 1589 Cmsarea:
1174 1561 1340 1588 domicilium
1365 1561 1437 1588 ﬁxit.
1463 1560 1514 1587 Ubi
1539 1561 1621 1586 etiam
1648 1560 1681 1586 ab
1697 1559 1770 1587 illius

987 1607 1103 1643 regionis
1126 1607 1259 1642 episcopis
1281 1612 1391 1642 rogatus
1413 1612 1474 1638 est,
1501 1611 1530 1633 ut
1556 1607 1661 1641 publice
1680 1607 1705 1633 iu
1721 1605 1772 1634 Ec-

988 1653 1070 1681 clesia
1095 1654 1266 1687 dissereret,
1283 1658 1310 1682 et
1333 1653 1438 1681 divinas
1461 1653 1635 1688 Scripturas.
1663 1653 1770 1682 tametsi

987 1699 1107 1727 nondum
1129 1701 1273 1735 presbyter
1295 1701 1445 1733 ordinatus,
1464 1705 1621 1734 exponeret.
1641 1701 1728 1734 Atque
1744 1700 1773 1728 id

987 1745 1161 1772 manifestum
1184 1744 1267 1772 fuerit
1281 1745 1324 1772 vel
1337 1753 1371 1774 ex
1389 1745 1422 1772 iis
1437 1753 1496 1779 qua:
1510 1745 1663 1772 Alexander
1676 1745 1772 1774 Hiero.

989 1790 1156 1825 solymorum
1179 1795 1208 1818 et
1232 1790 1407 1817 Theoctistus
1431 1790 1606 1818 Caesariensis
1629 1791 1773 1826 episcopus

990 1836 1023 1862 ad
1040 1836 1205 1863 Demetrium
1230 1844 1279 1871 pro
1296 1836 1377 1869 lmjns
1394 1836 1457 1863 facti
1477 1836 1632 1864 defensione
1648 1837 1773 1864 scribunt

990 1881 1018 1908 in
1033 1882 1103 1909 hunc
1127 1881 1234 1909 modum
1252 1891 1259 1910 :
1277 1882 1353 1916 Quod
1370 1889 1436 1909 vero
1453 1881 1479 1909 in
1506 1881 1604 1909 litteris
1621 1882 1674 1909 tuis
1699 1882 1774 1917 adje-

990 1926 1052 1953 cisti
1068 1946 1075 1959 ,
1101 1935 1238 1962 nunquam
1265 1933 1344 1955 antea
1368 1927 1456 1954 visum
1482 1934 1532 1954 nec
1560 1927 1648 1954 adhuc
1671 1927 1772 1954 factum

993 1971 1086 2006 fuisse,
1103 1978 1132 2000 ttt
1145 1973 1326 2008 praesentibus
1343 1972 1477 2008 episcopis
1491 1972 1551 1999 laici
1574 1973 1772 2000 eoneionarea-

1024 2086 1078 2123 (59.)
1100 2088 1160 2114 Οὐκ
1175 2086 1229 2115 οἷδ’
1241 2088 1330 2122 ὅπως.
1348 2087 1412 2115 ῐιτοσ
1432 2087 1543 2122 cpistola
1559 2086 1592 2113 ad
1607 2087 1772 2114 Demetrium

988 2124 1086 2157 scripta
1100 2129 1141 2150 est
1157 2124 1190 2149 ab
1205 2124 1359 2150 Alexandro
1373 2123 1621 2158 Hierosolymorum
1634 2123 1771 2158 episcopo,

987 2158 1045 2199 vim
1062 2159 1255 2201 disertissimo,
1269 2159 1339 2185 unde
1360 2158 1493 2201 singulari
1519 2165 1631 2201 numero
1652 2158 1773 2201 loquitur

988 2193 1037 2219 οὐκ
1059 2191 1127 2225 οῖδα,
1149 2194 1272 2227 quamvis
1288 2201 1340 2220 non
1359 2191 1461 2220 tantum
1485 2201 1544 2224 sno,
1566 2192 1612 2219 sed
1635 2197 1661 2219 ct
1684 2191 1774 2220 Cursa-

153 2227 269 2264 scopus’
283 2227 350 2261 fuit,
379 2228 593 2263 philosoplticum
627 2229 735 2263 pallium
763 2236 869 2263 semper
893 2237 937 2256 re-
952 2227 974 2254 D
989 2228 1087 2264 riensis
1099 2229 1218 2262 episcopi
1233 2229 1341 2264 nomine
1355 2228 1460 2264 litteras
1474 2228 1586 2264 scribat.

155 2265 249 2291 tinuit.

189 2299 253 2335 (50)
278 2298 352 2335 Ἐξιίν
370 2298 424 2325 τοῦ
453 2298 555 2326 κοινοῦ
579 2298 634 2333 τῆς
661 2299 846 2335 Ἐκκλησιας.
871 2298 939 2327 Hinc

154 2334 293 2370 colligitur
309 2334 463 2369 Origenem,
478 2335 522 2367 qui
547 2335 699 2361 catechetes
718 2334 806 2362 fuerat
820 2335 937 2361 Alexan-

154 2371 234 2401 drini,
254 2370 278 2396 in
299 2370 403 2404 privato
418 2370 561 2401 auditorio,
579 2377 631 2396 non
655 2374 743 2396 autem
775 2371 801 2397 in
825 2370 939 2397 ecclesia

155 2403 368 2433 catechumenos
386 2404 548 2431 instituisse.
575 2403 666 2438 Neque
689 2404 760 2431 cnim
786 2405 939 2431 Alexandro

155 2447 184 2468 et
214 2440 370 2466 Tlieoetisto
395 2439 529 2474 episcopis
555 2439 580 2466 id
611 2440 743 2474 objiceret
770 2439 938 2472 Demetrius,

155 2475 230 2510 quod
251 2475 391 2509 Origencm
418 2476 443 2501 in
477 2475 590 2510 ecclesia
615 2476 713 2510 docere
734 2474 894 2508 jussisseut,
917 2475 939 2501 si

155 2509 327 2538 Alexandria:
343 2510 412 2536 idem
429 2509 465 2545 ab
479 2509 595 2545 Origene
615 2509 713 2536 factum
732 2510 837 2536 fuisset.
851 2509 941 2542 Quare

155 2546 263 2574 fallitur
282 2545 406 2576 Ruﬁnus,
421 2544 467 2579 qui
487 2545 514 2571 in
533 2544 595 2579 eap.
609 2545 625 2571 5
642 2545 720 2578 hujus
736 2545 796 2571 libri
817 2546 851 2571 ita
873 2546 942 2572 scri-

156 2581 196 2608 bit
218 2590 225 2607 :
247 2579 343 2607 Viden;
367 2578 512 2607 Demitriua
548 2578 682 2615 e,ii.sco;:us
713 2578 782 2613 quod
804 2580 837 2606 ad
856 2580 941 2612 ipsum

157 2617 289 2650 prazcipue
324 2615 449 2641 doctrina:
482 2616 568 2649 gratia
594 2620 619 2643 et
647 2615 842 2648 prwdicationis
873 2616 940 2641 verbi

158 2649 433 2683 Deipmultitudiner
468 2651 589 2684 plurima:
618 2650 801 2682 conuolarent,
827 2650 941 2676 catechi-

159 2687 240 2713 zandi
259 2687 298 2719 ei,
319 2687 344 2712 id
367 2689 421 2717 est,
444 2685 553 2713 docendi
576 2686 757 2721 magisterium
775 2685 802 2712 in
826 2685 941 2712 Ecclesia

159 2722 262 2748 tribuit.

197 2757 444 2792 (51)Προσέθηκε
471 2756 515 2783 δέ.
537 2755 749 2790 Alloqnebantur
777 2755 942 2792 Demetrium

159 2792 189 2819 in
218 2795 295 2819 tertia
320 2800 450 2826 persona,
477 2793 557 2826 idque
581 2792 692 2818 honoris
720 2798 811 2819 causa.
835 2791 942 2826 Subau-

162 2827 290 2853 dicndum
306 2825 346 2854 est
360 2828 440 2861 igitur
454 2828 471 2862 ἡ
487 2825 522 2862 σῆ
534 2826 653 2860 ἁγιότης,
669 2827 796 2853 sanctitas
809 2830 864 2852 tua.
877 2825 942 2858 Quae

163 2868 245 2889 voces
263 2863 320 2889 sine
336 2862 416 2889 dubio
438 2867 638 2896 przrcesserant,
659 2867 688 2887 ut
710 2866 846 2890 constaret
865 2868 943 2896 aper-

165 2897 230 2930 tius,
243 2897 264 2925 si
281 2901 362 2924 totam
378 2895 517 2932 epistolam
533 2895 702 2924 haberemus.

1024 2263 1079 2298 (5‘5)
1106 2264 1153 2289 Ἐν
1167 2263 1340 2296 Συννάδοις.
1359 2263 1412 2294 Ai,
1434 2263 1570 2293 Συνάδοις.
1592 2262 1771 2290 Seribendnm

988 2304 1029 2325 est
1040 2299 1191 2330 Συννάδοις.
1203 2299 1281 2326 Certe
1296 2298 1410 2325 Ruﬁnus
1423 2299 1504 2324 vertit
1519 2298 1588 2329 apud
1605 2297 1770 2332 Syuuadum.

989 2333 1059 2360 Urbs
1074 2338 1115 2360 est
1130 2334 1253 2369 Phrygia:
1268 2334 1419 2365 notissima.
1434 2334 1472 2360 sic
1487 2334 1557 2360 dicta
1572 2333 1625 2369 ᾁπὸ
1647 2332 1772 2369 togam-

988 2368 1072 2400 ναίεν,
1093 2369 1118 2395 id
1150 2374 1191 2395 est
1214 2370 1356 2402 συνοικεῖν,
1383 2375 1414 2395 co
1439 2368 1510 2402 quod
1528 2368 1602 2394 multi
1626 2375 1659 2394 ex
1684 2368 1773 2395 Mace-

989 2404 1068 2430 donia
1083 2403 1145 2430 illuc
1157 2404 1190 2430 ad
1203 2404 1372 2431 incolcndmn
1389 2403 1578 2430 contluxcrint.
1596 2403 1670 2429 Unde
1684 2404 1773 2437 primo

989 2440 1096 2473 quidem
1122 2439 1190 2465 dicta
1215 2444 1256 2465 est
1281 2439 1411 2470 Συνναία,
1436 2443 1528 2473 postea
1555 2446 1629 2473 vero
1644 2443 1774 2471 corrupto
1802 2447 1806 2451 '

989 2472 1119 2501 vocabulo
1137 2473 1254 2500 Σύνναδα
1267 2482 1281 2500 a
1306 2474 1428 2500 finitimis
1438 2472 1532 2499 vocata
1549 2477 1599 2499 est.
1620 2472 1772 2506 Stephanus

990 2509 1015 2548 iit
1035 2509 1086 2548 ιιι..
1101 2508 1138 2548 De
1159 2510 1286 2548 urbibus:
1304 2508 1341 2534 Τὸ
1357 2509 1404 2544 μὲν
1426 2508 1531 2548 πρῶτον
1550 2507 1652 2548 ξυναία
1675 2508 1773 2548 (scribe

989 2543 1120 2577 Συνναία)
1155 2544 1209 2570 ἀπὸ
1242 2544 1292 2579 τῆς
1323 2542 1481 2578 συναγωγῆς
1515 2542 1562 2569 καὶ
1593 2542 1772 2579 συνοικήσεως

990 2578 1239 2614 προσαγορευθῆναι
1251 2587 1258 2593 ⁸
1271 2577 1352 2614 ’μετὰ
1375 2579 1403 2605 δὲ
1425 2578 1511 2604 ταῦτα
1524 2577 1772 2614 γπαρεφϐαρμὲνως

991 2612 1042 2641 ὑπὸ
1064 2612 1335 2650 τῶνγπλήσιοχώρων
1360 2613 1478 2640 Σύνναδα
1506 2613 1645 2648 κληθῆναι.
1667 2612 1712 2650 Ειςκ
1731 2612 1772 2650 his

992 2655 1104 2684 apparet
1117 2647 1307 2676 Etivvdtia'cuin
1324 2650 1427 2683 duplice
1441 2658 1460 2675 ν
1472 2650 1553 2675 scribi
1572 2647 1771 2684 dcbereLQuod

991 2682 1097 2719 quidem
1122 2686 1283 2719 corilirmant
1304 2682 1384 2711 etiam
1408 2684 1509 2710 numini
1537 2689 1651 2710 Veteres.
1679 2682 1772 2709 Exstat

991 2718 1062 2754 apud
1082 2719 1212 2747 Joannem
1231 2718 1385 2747 Tristantnn
1403 2727 1527 2746 nummus
1544 2718 1692 2754 (Zaracallge
1710 2725 1771 2754 cunt

992 2752 1043 2782 hac
1076 2755 1251 2790 inscriptione
1281 2753 1502 2785 ΟΥΝΝΑΔΕΩΝ,
1533 2753 1691 2790 ΔΩΡιΕΩΝ,
1723 2752 1772 2779 ln-

991 2789 1073 2826 ΝΩΝ.
1087 2788 1167 2823 Quir.-
1180 2791 1288 2826 quidem
1315 2790 1456 2826 inscriptio
1483 2789 1563 2826 doret
1583 2788 1773 2826 Synnadenses

992 2825 1074 2852 fuisse
1099 2823 1242 2856 Dorionas.
1259 2825 1285 2853 id
1303 2830 1354 2855 est.
1373 2824 1515 2851 Dorienses
1538 2823 1646 2851 lonilius
1670 2823 1772 2857 permi-

993 2865 1060 2887 stos.
1082 2859 1168 2888 Erant
1190 2862 1260 2888 cnim
1283 2860 1388 2895 origine
1414 2860 1583 2895 Macedones,
1607 2867 1637 2888 ac
1661 2858 1773 2894 proinde

997 2895 1152 2929 Dorienses,
1165 2903 1259 2925 veruut
1273 2897 1300 2924 in
1316 2894 1403 2923 medio
1414 2894 1494 2923 lonia:
1508 2895 1564 2923 siti.
