1996 3165
271 162 325 190 5ἲό

625 159 760 188 EL'SEBII
779 159 1015 188 CESARIENSIS
1033 158 1109 188 OPP.
1128 158 1217 187 PARS
1234 159 1255 187 l.
1276 174 1311 179 —
1329 158 1521 187 HISTORICA.

1840 158 1894 184 ετιι

269 219 366 248 xandri
381 218 607 253 computationem
623 223 775 254 temporum
792 219 1000 246 circumscribit.
1017 218 1052 245 El

1109 219 1168 251 ἔτος
1179 218 1378 254 αὐτοκράτορος
1398 217 1571 253 Ἀλεξάνδρου
1596 216 1658 248 τοὺς
1675 215 1786 252 χρόνους
1813 225 1894 252 περι-

270 266 380 301 reliquis
395 269 486 292 autem
505 264 575 291 illius
590 265 716 299 scriptis,
733 265 789 292 haec
804 271 866 292 sunt
881 272 940 299 qute
953 265 986 291 ad
1002 273 1052 292 no-

270 313 355 339 titiam
379 316 499 339 nostram
512 316 696 345 pervenerunt
715 311 770 338 :ltt
787 320 852 346 opus
871 319 917 338 sex
933 312 1051 343 dierum,

269 357 302 384 In
317 365 347 383 ea
362 364 420 392 qut:
441 360 499 391 post
521 363 567 383 sea:
582 357 638 383 dies
658 361 804 383 consecuta
820 361 901 388 sunt,
924 357 1052 384 Adversus

268 402 440 434 Marcionem,
454 401 488 429 In
501 401 638 428 Canticum
651 403 823 435 cantitarunt,
839 402 872 428 In
885 403 971 436 capita
983 411 1054 439 quo:-

268 449 329 475 dam
339 448 485 475 Ezechielis
493 467 502 480 ,
515 447 553 474 De
564 447 678 479 Pascha,
692 448 821 475 Adversus
832 457 920 475 omnes
931 449 1052 476 litereses.

270 493 322 520 Sed
330 497 358 520 et
365 493 417 519 alia
426 493 540 527 plurima
551 493 620 527 apud
631 493 698 520 alios
708 497 845 520 asservata
853 493 914 520 licet
923 493 1052 528 reperire.

554 582 667 610 CAPUT
684 582 778 610 XXIII.

269 628 308 656 De
322 628 445 664 Origenit
457 629 545 656 studio
555 649 562 661 ,
583 634 606 690 et;
621 629 750 664 quomodo
762 629 916 664 presbyterii
930 629 1052 657 honorem

572 673 587 690 a
608 670 682 690 entus
699 670 748 690 est.

572 670 682 698 adeptus
699 670 748 690 est.

304 711 343 738 Ex
364 718 397 738 eo
412 715 532 745 tempore
551 711 631 737 ctiam
645 710 776 745 Origenes
797 711 822 738 in
853 710 958 738 divinas
979 710 1055 738 Scri-

268 762 361 792 pturas
376 756 583 783 commentarios
598 757 680 791 cmpit
700 756 882 787 conscribere,
907 757 1054 784 Ambrosio

270 802 421 830 innumeris
434 802 551 829 stimulis
563 810 624 829 eum
639 803 786 834 incitante.
804 811 852 830 nec
865 803 952 830 solum
966 803 1054 831 verbis

269 853 350 882 alque
365 847 584 880 hortatiouibus.
609 849 656 876 sed
676 849 759 876 etiam
783 849 942 883 largissimis
963 857 1053 877 rerum

1105 265 1214 300 γράφει.
1233 263 1292 290 Τῶν
1305 264 1333 290 δὲ
1345 262 1445 289 λοιπῶν
1460 261 1544 289 αὑτοῦ
1561 262 1783 297 συγγραμμάτων
1797 262 1833 289 τὰ
1852 263 1894 294 εἰς

1105 311 1178 346 ἡμᾶς
1194 310 1312 340 ἐλθόντα,
1329 309 1386 336 ἔστι
1398 309 1474 335 τῶε·
1493 309 1544 340 Εὶς
1558 308 1614 342 τὴν
1636 307 1827 343 Ἐξαήμερον,
1837 309 1893 341 Εἰς

1104 357 1141 384 τὰ
1161 357 1235 392 μετὰ
1261 356 1318 390 τὴν
1336 355 1501 390 ἐξαήμερον
1523 354 1596 390 (Il),
1616 355 1694 389 Πρὸς
1721 356 1890 388 Μαρκίωνα,

1103 404 1156 436 Εἰς
1171 401 1203 429 τὸ
1216 400 1316 437 *ᾼσμα
1336 401 1402 437 (42),
1414 403 1465 434 Εἰς
1476 401 1550 436 μέρη
1570 400 1623 427 τοῦ
1650 401 1799 435 Ἰεζεκιὴλ,
1821 401 1892 435 Περι

1103 449 1157 475 τοῦ
1185 448 1309 483 Πάσχα,
1332 448 1409 482 Πρὸς
1436 447 1555 480 ἁπάσας
1585 447 1638 480 τὰς
1669 446 1798 480 αιρέσεις
1821 447 1890 483 (45).

1104 494 1223 522 Πλεῖστά
1241 503 1269 520 τε
1285 494 1351 522 ἄλλα
1362 495 1408 521 καὶ
1423 493 1499 529 παρὰ
1517 492 1620 525 πολλοῖς
1639 492 1728 528 ε’ύροις
1749 493 1781 520 ἂν
1806 493 1890 527 ι’ίωζό⁴

1127 548 1183 568 ενα.

1105 549 1183 575 μενα.

1371 584 1567 612 ΚΕΦΑΛΑῘΟΝ
1580 584 1642 610 Kl".

1104 632 1173 666 Περὶ
1190 631 1244 666 τῆς
1261 630 1425 665 Ὠριγὲνους
1444 629 1591 666 σπουδῆς,
1605 629 1654 666 καὶ
1667 629 1707 666 ὡς
1718 629 1770 666 τοῦ
1784 629 1892 664 ἐκκλη.

1137 664 1296 694 mamma
1311 664 1468 700 πρεσϐείου
1481 665 1586 699 ἠξιώθη
1600 665 1668 700 (Nic.
1682 664 1717 692 Il.
1729 664 1761 692 E.
1772 673 1798 697 ν,
1810 665 1866 700 18).

1146 713 1191 745 Ἐξ
1215 713 1319 740 ἐκείνου
1335 712 1400 747 (Η),
1424 712 1452 738 δὲ
1476 712 1523 738 καὶ
1545 711 1675 747 Ὠριγένει
1700 711 1754 738 τῶν
1776 713 1816 742 εις
1842 711 1894 743 τὰς

1105 756 1180 788 θείας
1196 756 1306 792 Γραφὰς
1322 755 1526 791 ὑπομνημάτων
1553 756 1656 790 ἐγίνετο
1669 755 1756 792 ἀρχὴ,
1779 756 1894 792 Ἄμϐρο-

1106 802 1163 828 σίου
1175 803 1202 832 ἐς
1212 802 1246 828 τὰ
1260 801 1375 837 μάλιστα
1387 801 1581 837 παρορμῶντος
1591 801 1671 828 αὑτὸν
1683 801 1793 837 μυρίαις
1802 802 1893 829 ὁσαισ-

1105 847 1151 873 οὖν
1168 848 1333 882 προτροπαῖς
1357 846 1439 882 (44⁸),
1453 847 1483 873 οὐ
1501 848 1560 878 ταῖς
1575 846 1619 873 διὰ
1638 846 1724 880 λόγων
1740 847 1786 873 καὶ
1803 855 1892 884 παρα-

268 894 482 921 necessariarum
500 894 715 928 prmhitionibus.
725 894 830 928 Quippe
843 900 944 930 septem
959 901 986 923 et
1000 903 1052 922 am-

1108 894 1234 929 κλήσεσιν
1250 893 1316 920 αὐτὸ
1341 893 1437 928 μόνον,
1461 893 1528 920 ἀλλὰ
1550 893 1596 920 καὶ
1618 893 1820 928 ἁφθονωτάταις
1836 894 1891 921 τῶν

268 940 339 974 plius
359 940 459 967 notarii
475 940 591 967 dictanti
609 941 647 967 illi
664 945 764 975 prmsto
779 941 909 973 aderant,
927 942 972 976 qui
988 949 1056 976 prte-

267 987 363 1014 stituto
376 991 498 1021 tempore
511 987 562 1014 sibi
577 995 623 1021 per
634 989 707 1015 vices
719 987 912 1015 succedebant:
930 996 979 1015 nec
991 996 1056 1023 puu-

267 1042 283 1060 c
295 1039 356 1059 nres
372 1033 520 1066 antiquarii
535 1033 615 1060 simul
635 1041 695 1060 cum
712 1034 807 1068 puellis
821 1034 971 1067 elegantius
985 1036 1055 1062 scri—

269 1080 334 1106 Iwre
346 1079 477 1106 assuetis:
493 1079 597 1112 quibus
610 1080 737 1107 omnibus
752 1081 921 1107 necessarios
934 1085 1056 1115 sumptus

268 1124 378 1158 copiose
393 1125 621 1153 subministrabat
635 1126 805 1153 Ambrosius.
827 1127 879 1153 Sed
899 1131 927 1153 et
940 1127 1056 1154 incredi-

268 1170 348 1197 bilem
360 1170 503 1204 quamdam
517 1170 683 1198 alacritatem
697 1172 722 1198 in
737 1172 787 1199 hoc
801 1179 938 1199 sacrarum
953 1171 1056 1199 littera-

269 1224 329 1244 rum
349 1217 436 1244 studio
457 1217 515 1251 ipse
537 1224 586 1251 pro
608 1217 679 1244 virili
700 1222 777 1252 parte
797 1217 954 1245 conferebat
974 1227 982 1245 :
1002 1225 1055 1252 qua

267 1262 376 1297 quidem
396 1270 425 1290 re
438 1263 606 1297 potissimum
623 1262 753 1299 Origenes
767 1263 799 1290 ad
815 1263 972 1290 scribendos
986 1270 1058 1290 com-

268 1307 416 1334 mentarios
428 1307 626 1342 impellebatur.
645 1307 706 1335 Hatc
719 1309 780 1335 dtim
794 1308 830 1335 ita
843 1312 989 1343 geruntur,
1007 1307 1056 1335 Ur-

267 1354 367 1380 banum
382 1353 507 1381 Ecclesiae
521 1353 649 1380 Romana!
671 1354 829 1388 pontiﬁcatu
847 1354 975 1382 oclennio
988 1359 1056 1387 per-

267 1400 390 1427 functum
403 1399 511 1433 excepit
523 1398 687 1426 Pontianus:
706 1399 904 1426 Antiochenam
918 1406 982 1426 vero
1006 1399 1056 1427 Ec-

269 1445 384 1473 «lcsiam
406 1449 469 1480 post
493 1444 627 1471 Philetnm
643 1443 762 1472 Zebinus
781 1445 924 1479 regendam
941 1445 1054 1480 accepit.

268 1492 327 1524 Quo
340 1497 462 1525 tempore
475 1489 606 1525 Origenes
616 1511 623 1522 ,
641 1490 821 1524 compellente
836 1491 921 1525 ipsum
934 1487 1055 1518 necessi-

268 1543 339 1570 tate,
353 1538 388 1565 ob
407 1538 591 1566 ecclesiastica
605 1537 712 1572 negotia
726 1538 753 1564 in
765 1538 895 1565 Achaiam
909 1538 1052 1573 profectus.

268 1591 330 1611 cum
346 1591 395 1619 per
408 1583 579 1611 Palaestinam
594 1584 741 1617 transiret,
759 1585 924 1620 presbyterii
941 1585 1053 1620 gradum

268 1638 318 1665 per
341 1630 542 1664 impositionem
567 1638 693 1658 manuum
708 1630 840 1658 Caesarea:
866 1632 901 1659 ab
923 1631 996 1660 illius
1011 1639 1054 1660 re-

267 1677 355 1710 gionis
379 1677 513 1712 episcopis
530 1677 645 1712 accepit.
668 1677 751 1704 Porro
773 1677 817 1712 qui
849 1677 975 1713 deinceps
1000 1686 1054 1707 mo-

269 1730 312 1750 tos
328 1723 386 1757 eius
405 1730 487 1750 causa
505 1723 606 1750 {ueniat
623 1723 769 1756 concitati,
787 1729 816 1751 et
831 1731 891 1758 quae
905 1731 987 1758 super
1003 1725 1053 1752 iis—

268 1770 328 1795 dem
350 1769 469 1796 motibus
491 1777 505 1795 a
524 1769 684 1804 presulibus
700 1768 881 1797 Ecclesiarum
903 1771 1050 1798 constituta

267 1815 337 1842 sint:
363 1819 391 1843 et
407 1822 574 1851 quaecunque
594 1815 645 1842 alia
663 1815 755 1849 vigens
773 1815 830 1850 ipse
855 1822 886 1843 ac
905 1815 1004 1843 ﬂorens
1023 1816 1050 1843 in

303 1908 358 1945 (Μ)
371 1909 422 1942 Εἷς
436 1908 473 1935 τὰ
483 1908 559 1945 μετὰ
574 1908 631 1942 τὴν
647 1908 836 1945 ἑξαήμερονη
849 1909 944 1945 ΙιΙΑθει,
969 1909 996 1935 in
1009 1916 1053 1936 ca-

267 1943 316 1978 put
340 1943 487 1971 secundum
513 1944 664 1976 Gencseos,
694 1950 722 1970 ut
748 1944 851 1971 notavit
875 1943 997 1976 Scaliger
1024 1945 1050 1970 in

267 1981 336 2006 libro
360 1987 397 2006 vn
419 1980 457 2006 De
476 1979 657 2006 emendatione
675 1985 831 2014 temporum,
846 1987 909 2014 pag.
924 1979 986 2011 685,
1005 1980 1050 2007 ubi

267 2020 356 2041 tamen
383 2015 519 2041 immerito
549 2013 943 2049 reprehenditHieronymum
973 2015 1049 2048 quasi

268 2049 319 2075 hoc
339 2057 392 2075 non
413 2049 787 2084 intcllcxcritillicronymus.
810 2049 865 2084 Ego
885 2057 950 2076 vero
971 2049 1051 2076 aliter

266 2085 365 2110 sentio.
382 2084 475 2111 Plures
489 2085 561 2111 enim
585 2083 721 2119 Hippolyti
744 2083 966 2112 libros'reccnset
986 2084 1049 2112 llic-

267 2126 397 2153 ronymus
419 2126 499 2152 quam
526 2119 669 2154 Eusebius.
689 2119 784 2154 Itaque
799 2127 860 2145 cum
880 2119 1052 2154 llippolytnm

267 2153 410 2187 scripsisse
433 2154 499 2180 dicit
520 2154 546 2180 in
566 2153 704 2185 Genesim.
727 2155 884 2186 tam,libros
907 2153 932 2181 in
948 2153 1044 2181 Ilexae-

267 2196 356 2214 meron
382 2188 508 2222 intelligit
523 2196 603 2223 quam
627 2190 652 2215 in
674 2188 938 2217 Past-Itexaemeron.
961 2190 1056 2216 Exstat

267 2222 388 2259 Philonis
405 2223 472 2249 liber
484 2224 578 2250 eodem
593 2224 681 2257 titulo,
698 2231 744 2251 seu
759 2225 848 2259 potius
862 2226 915 2252 duo
935 2225 1009 2257 libri,
1026 2230 1054 2252 ut

266 2263 308 2284 est
324 2258 349 2283 in
368 2265 418 2284 ms.
435 2259 604 2292 Angustano.

303 2292 358 2327 (4'2)
381 2294 434 2326 Εἰς
453 2293 486 2319 τὸ
503 2291 614 2328 τᾼσμα.
636 2292 817 2321 Theodoritus
838 2293 865 2321 in
884 2294 991 2329 dialogo
1007 2295 1052 2329 qui

267 2327 404 2355 lfranistes
429 2327 597 2365 inscribitur,
617 2329 696 2365 hunc
728 2329 826 2365 librum
858 2327 993 2365 Hippolyti
1016 2327 1052 2356 ita

266 2365 342 2393 citat,
361 2365 413 2396 Εὶς
428 2364 485 2398 τὴν
498 2363 580 2396 ᾠδὴν
594 2364 651 2397 τὴν
662 2362 807 2397 μεγάλην.

302 2398 359 2433 (t3)
379 2399 458 2432 Πρὸς
473 2398 594 2434 ἁπάσας
611 2399 664 2434 τὰς
679 2399 818 2433 αἱρέσεις.
835 2399 871 2426 De
886 2400 936 2426 hoc
949 2400 1051 2434 Hippo-

267 2434 316 2467 lyti
333 2434 423 2461 libello
438 2434 498 2460 vide
510 2433 598 2460 Ptiotii
615 2433 814 2466 Bibliotltecam,
833 2442 892 2469 cap.
912 2435 972 2462 121.
985 2433 1051 2462 Erat

266 2469 311 2505 hic
328 2469 396 2495 liber
410 2474 505 2496 contra
522 2477 596 2496 xuii
616 2470 745 2501 hmrcses,
762 2477 874 2503 quarum
888 2471 974 2505 prima
993 2476 1052 2497 erat

265 2503 505 2537 Dositheanormn,
521 2505 614 2531 ultima
629 2505 834 2532 Noetianorum.
850 2503 922 2538 Quas
934 2507 1052 2533 Increscs

265 2547 326 2565 cum
356 2539 473 2566 lrenaeus
501 2540 527 2566 in
562 2539 739 2566 concionibus
773 2540 927 2572 rei‘ntassel,
958 2548 1050 2568 earum

265 2575 454 2610 compendium
470 2575 587 2610 scripsit
603 2575 780 2610 rllippolytus,
808 2575 866 2608 ejus
889 2575 1051 2610 discipulus,

267 2613 338 2636 teste
355 2609 455 2636 ibidem
468 2609 574 2637 Pliotio.
587 2609 665 2637 llunc
678 2618 760 2644 porro
774 2611 911 2644 llippolyti
930 2609 1048 2637 libellum

265 2645 493 2680 saepeicitaverat
519 2646 673 2679 Stephanus
702 2645 836 2678 Gobarus,
865 2652 893 2672 ut
921 2650 994 2680 patet
1017 2652 1051 2672 cx

265 2686 326 2713 cap.
345 2679 371 2712 7,
388 2679 421 2706 10
436 2685 462 2707 et
477 2679 510 2706 15
531 2680 590 2707 libri
605 2681 727 2707 secundi.

301 2714 358 2750 (44)
384 2714 432 2747 Ἐξ
453 2714 571 2742 ἐκείνου
596 2715 639 2742 δέ.
664 2715 727 2742 Haec
745 2716 826 2742 verba
854 2715 923 2742 male
948 2715 1052 2749 accepit

265 2747 447 2785 Iliet'o'nymus
460 2750 485 2776 in
499 2751 637 2785 Catalago,
651 2751 725 2784 quasi
738 2751 869 2785 Origenes
879 2747 1051 2777 tetnulatione

265 2782 401 2820 Hippolyti
422 2785 563 2820 impulsus,
580 2782 614 2812 a'd
631 2782 804 2812 scribendum
824 2785 980 2813 accesserit.
998 2785 1050 2812 Pu-

266 2819 335 2844 tavit
349 2820 420 2846 enim
443 2819 473 2855 εξ
488 2820 592 2846 ἐκείνου
613 2821 709 2847 referri
730 2821 762 2846 ad
781 2820 966 2855 llippolytnm,
988 2828 1049 2847 cum

265 2858 355 2880 tamen
382 2854 518 2888 signiticet
546 2856 650 2887 abhinc.
684 2859 724 2882 vel
752 2854 856 2883 exinde.
881 2854 1050 2882 Subauditur

264 2889 335 2916 enim
360 2888 407 2915 τοῦ
421 2890 528 2924 χρόνον.
545 2889 630 2918 Porro
648 2890 682 2917 ab
708 2891 749 2918 bis
763 2892 852 2918 verbis
867 2898 925 2926 cap.
947 2891 991 2925 23,
1009 2891 1050 2918 in—

1106 940 1264 976 ὲπιτηδείων
1277 940 1429 976 χορηγίαις.
1446 940 1621 975 Ταχυγράφοι
1636 939 1689 975 γὰρ
1701 940 1774 975 αὐτῷ
1783 940 1892 973 πλείους

1106 986 1122 1022 ἦ
1137 987 1206 1013 ἑπτὰ
1219 986 1264 1013 τὺν
1280 985 1394 1021 ἀριθμὸν
1413 986 1539 1021 παρῆσαν
1556 985 1767 1021 ὑπαγορεύοντι,
1785 986 1890 1021 χρόνοις

1106 1033 1282 1068 τεταγμένοις
1298 1032 1428 1068 ἀλλήλους
1449 1031 1624 1067 ἀμείϐοντες·
1655 1031 1839 1067 βιϐλιογράφοι
1860 1041 1891 1058 τε

1106 1080 1155 1114 οὐχ
1170 1080 1277 1115 ἥττους,
1305 1079 1362 1114 ἅμα
1387 1079 1434 1105 καὶ
1459 1079 1554 1114 κόραις
1579 1079 1624 1104 ἐπὶ
1646 1078 1675 1105 τὸ
1698 1075 1891 1114 καλλιγραφείν

1106 1126 1290 1162 ἡσκημέναις·
1317 1123 1355 1153 ὧν
1381 1125 1506 1152 ἁπάντων
1532 1125 1581 1160 τὴν
1597 1124 1706 1151 δέουσαν
1724 1124 1779 1151 τῶν
1794 1125 1890 1159 ἐπιτη-

1106 1172 1184 1199 δείων
1210 1172 1325 1206 ἄφθονον
1351 1171 1509 1208 περιουσίαν
1531 1173 1545 1198 ὁ
1568 1171 1730 1207 Ἀμϐρὸσιος
1753 1170 1891 1206 παρεστή-

1108 1226 1172 1245 σατο
1183 1227 1189 1233 -
1203 1218 1246 1245 ναὶ
1260 1218 1312 1254 μὴν
1328 1217 1376 1244 καὶ
1390 1219 1418 1244 ὲν
1435 1218 1466 1253 τῇ
1483 1217 1590 1253 περὶτὰ
1607 1217 1665 1244 asia
1681 1217 1759 1251 λόγια
1775 1217 1891 1251 ἀσκήσει

1106 1272 1136 1290 τε
1153 1263 1200 1293 καὶ
1215 1263 1316 1298 σπουδῇ
1327 1282 1335 1295 ,
1357 1262 1509 1298 προθυμίαν
1522 1262 1623 1297 ἄφατον
1644 1262 1717 1298 αὐτῷ
1732 1262 1890 1296 συνεισέφε-

1108 1319 1162 1345 ρεν,
1178 1306 1255 1347 ᾖκαὶ
1267 1309 1384 1345 μάλιστα
1401 1309 1481 1336 αὑτὸν
1503 1309 1673 1345 προῦτρεπεν
1693 1308 1739 1335 ἐπὶ
1763 1309 1812 1344 τὴν
1834 1308 1891 1335 τῶν

1106 1356 1309 1391 ὑπομνημάτων
1328 1355 1462 1388 σύνταξιν.
1484 1355 1591 1382 Τούτων
1615 1355 1642 1382 δὲ
1661 1355 1745 1386 οὕτως,
1763 1354 1890 1390 ἑχόντων,

1106 1402 1243 1438 Οὐρϐανὸν
1255 1401 1489 1429 ὲπισκοπεύσαντα
1501 1402 1550 1436 τῆς
1567 1401 1707 1437 Ῥωμαίων
1728 1400 1890 1435 Ἐκκλησίας

1106 1447 1194 1475 ἐτεσιν
1209 1448 1291 1480 ὀκτὼ,
1317 1448 1468 1483 διαδέχεται
1482 1447 1643 1479 Ποντιανὸς,
1669 1447 1718 1482 τῆς
1741 1447 1763 1473 δ’
1791 1447 1892 1473 Ἀντιο-

1107 1494 1174 1530 χέων
1191 1494 1261 1530 μετὰ
1277 1494 1405 1530 Φιλητδν,
1425 1493 1543 1526 Ζεῦῖνος.
1568 1493 1635 1520 Καθ’
1652 1493 1698 1525 οὓς
1717 1494 1731 1519 ὁ
1751 1493 1891 1528 Ὤριγένης

1106 1540 1268 1577 ἐπειγούσης
1289 1540 1382 1576 χρείας
1398 1538 1631 1575 ὲκκλησιαστικῶν
1651 1539 1732 1566 ἓνεκα
1759 1538 1890 1574 πραγμά-

1106 1596 1160 1614 των
1175 1587 1241 1623 (tl-5),
1254 1587 1300 1613 ἐπὶ
1309 1586 1356 1622 τὴν
1373 1585 1485 1613 Ἐλλάδα
1497 1585 1670 1621 στειλάμενος
1677 1586 1726 1621 τὴν
1734 1585 1777 1612 διὰ
1790 1585 1889 1612 Παλαι-

1107 1633 1220 1668 στίνης,
1249 1632 1443 1668 πρεσϐυτερίου
1474 1632 1642 1668 χειροθεσίαν
1676 1632 1705 1658 ὲν
1738 1631 1890 1667 Καισαρείᾳ

1107 1680 1174 1716 πρὸς
1195 1679 1249 1706 τῶν
1265 1679 1328 1714 τῇδε
1343 1678 1499 1705 ἐπισκόπων
1512 1678 1705 1713 ἀναλαμὸάνει,
1724 1678 1763 1704 Τὰ
1778 1678 1827 1713 μὲν
1845 1676 1892 1705 οὖν

1107 1724 1152 1751 ἐπὶ
1174 1724 1260 1760 τούτῳ
1283 1725 1347 1760 περὶ
1369 1723 1451 1750 αὑτοῦ
1473 1724 1655 1760 κεκινημένα,
1677 1723 1711 1750 τά
1727 1732 1755 1750 τε
1773 1724 1818 1750 ἐπὶ
1834 1725 1891 1756 τοῖς

1106 1769 1237 1805 κινηθεῖσι
1259 1769 1406 1805 δεδογμένα
1419 1770 1474 1801 τοῖς
1498 1768 1551 1796 τῶν
1573 1768 1736 1803 Ἐκκλησιῶν
1750 1769 1891 1804 προεστῶ-

1103 1824 1145 1842 σιν
1158 1815 1225 1850 (46),
1242 1815 1292 1841 ὅσα
1308 1823 1337 1841 τε
1362 1814 1429 1842 ἄλλα
1454 1815 1585 1850 ἀκμάζων
1603 1814 1665 1849 περὶ
1683 1813 1728 1841 τὸν
1744 1814 1814 1841 θεῖον
1838 1815 1890 1841 εισ-

1105 1908 1170 1941 cipit
1195 1908 1220 1934 in
1247 1907 1341 1935 codice
1367 1907 1517 1940 Mazarino,
1541 1907 1584 1935 cui
1611 1907 1747 1934 consentit
1770 1907 1891 1941 optimus

1106 1943 1150 1970 ille
1171 1943 1257 1970 codex
1279 1942 1368 1969 Ruﬁni
1386 1950 1465 1977 quem
1488 1943 1586 1976 smpius
1610 1943 1728 1975 laudavi,
1750 1943 1802 1970 nisi
1817 1943 1889 1978 quod

1105 1986 1153 2012 pro
1166 1978 1201 2004 23
1216 1979 1305 2012 capite
1320 1978 1449 2012 scriptum
1466 1977 1544 2004 habet
1557 1978 1601 2004 ‘20.

1138 2013 1215 2048 (44‘),
1228 2011 1306 2046 Vulg.
1321 2011 1440 2048 μυρίαις
1458 2012 1545 2046 ὅσαις
1567 2013 1632 2039 οὖν.
1652 2011 1680 2039 In
1701 2012 1793 2039 codire
1818 2012 1887 2040 Maz.

1103 2056 1153 2084 pro
1186 2047 1232 2076 οὖν
1261 2047 1367 2075 notatur
1399 2049 1465 2075 alias
1496 2048 1647 2084 SCl'IhIHOt'J.
1671 2048 1734 2084 _Sed
1764 2052 1888 2084 neutrum

1103 2081 1202 2118 placet.
1224 2085 1301 2118 Apud
1317 2084 1440 2114 Suidam,
1457 2083 1483 2110 in
1500 2090 1565 2110 voce
1583 2081 1743 2117 Ὠριγένης,
1761 2083 1890 2110 scribitur

1104 2121 1180 2151 ὅσαις
1201 2119 1242 2146 οὐ.
1266 2119 1342 2152 Quod
1364 2119 1386 2146 si
1410 2120 1586 2150 retineamus,
1605 2118 1748 2145 delendum
1769 2118 1821 2145 erit
1837 2126 1889 2152 μυ-

1125 2155 1187 2182 ίαις.

1106 2163 1196 2224 ριῗὶἓ)
1222 2187 1498 2223 Ἔκκλησιιιστικῶν
1518 2187 1607 2215 ἕνεκα
1630 2187 1817 2224 πραγμάτων.
1833 2187 1890 2214 Ru-

1107 2225 1152 2251 lini
1168 2223 1256 2251 versio
1269 2224 1457 2250 commentarii
1477 2224 1535 2250 loco
1552 2224 1622 2250 erit:
1642 2223 1700 2255 Quo
1720 2223 1748 2248 in
1772 2229 1888 2256 tempore

1070 2249 1092 2276 D
1108 2249 1236 2293 Origenes
1255 2249 1363 2293 rogatus
1389 2262 1429 2284 est
1455 2258 1486 2284 ab
1509 2257 1634 2284 Ecclesiis
1644 2249 1712 2292 ’ἶμιιῑι
1732 2263 1792 2284 sunt
1815 2249 1887 2290 ἀγιυά

1103 2295 1241 2325 Achaiam,
1261 2299 1288 2320 nt
1312 2293 1357 2320 illo
1376 2301 1455 2327 usque
1472 2301 1519 2328 pro
1542 2293 1729 2329 convincendis
1745 2293 1889 2329 Ittrre_ticis,

1102 2330 1148 2363 qui
1179 2330 1244 2355 inibi
1271 2329 1378 2355 liberius
1414 2327 1782 2363 conuolnerent,perueniret.
1813 2327 1887 2355 Idem

1103 2362 1201 2391 Scribit.
1215 2363 1397 2397 tlieronymus
1412 2364 1438 2390 in
1455 2362 1593 2396 Catalago,
1612 2363 1656 2389 ubi
1672 2364 1704 2389 de
1722 2363 1851 2396 Origene.

1139 2399 1194 2435 (iii)
1230 2398 1396 2433 Δεδογμένα
1429 2397 1491 2435 τοῖς
1512 2397 1570 2424 τῶν
1593 2397 1797 2435 ᾅἘκκᾸησιῶνὲ
1816 2405 1888 2432 προ-

1103 2433 1242 2461 εσῒὼσιν.
1267 2435 1301 2461 At
1317 2437 1373 2461 haec
1400 2434 1533 2468 praecipue
1558 2433 1661 2460 referre
1686 2433 1730 2459 hic
1757 2433 1890 2460 debuerat

1104 2469 1245 2500 Eusebius,
1265 2470 1362 2503 quippe
1378 2467 1439 2502 qua:
1454 2470 1487 2495 ad
1506 2467 1646 2495 historiam
1672 2467 1887 2495 ecclesiasticam

1103 2506 1220 2531 maxime
1245 2504 1356 2530 faciunt.
1379 2505 1472 2530 Satius
1497 2509 1554 2530 erat
1576 2504 1703 2531 omittere
1729 2503 1781 2529 alia
1804 2503 1888 2530 multa

1103 2547 1163 2573 qua:
1183 2540 1217 2566 dc
1239 2540 1357 2574 Origene
1373 2539 1596 2566 commemoravit
1624 2537 1757 2574 Eusebius
1767 2538 1889 2574 {cujus-

1103 2572 1173 2601 modi
1194 2580 1232 2602 est
1250 2576 1282 2601 de
1291 2572 1437 2608 Vlegatione
1455 2574 1531 2600 ducis
1546 2573 1662 2604 Arabite,
1682 2577 1709 2599 et
1726 2573 1758 2600 de
1776 2572 1888 2600 Mamma

1102 2614 1188 2637 matre
1204 2609 1548 2644 iniperatorisrAlexandri,
1564 2613 1592 2635 et
1605 2609 1657 2634 alia
1670 2608 1810 2641 nonnulla,
1827 2615 1890 2642 quae

1102 2647 1135 2671 ad
1151 2643 1356 2679 ipsius’qitidem
1370 2643 1494 2678 Origenis
1510 2643 1622 2678 gloriam
1637 2647 1772 2678 spectant,
1790 2644 1838 2670 sed
1855 2643 1889 2670 ad

1101 2678 1242 2708 histeriam
1258 2678 1347 2707 rerum
1362 2680 1612 2708 ecclesiasticarum
1625 2686 1721 2713 parum
1732 2678 1888 2705 conferunt.

1101 2717 1214 2743 Decreta
1233 2721 1323 2742 autem
1340 2715 1529 2749 episcoporum
1547 2715 1572 2740 in
1587 2722 1670 2749 causa
1685 2713 1822 2747 Origenis.
1840 2721 1890 2739 ne-

1101 2758 1236 2785 quaquam
1250 2751 1294 2777 hic
1307 2748 1385 2776 erant
1397 2748 1558 2785 omittenda.
1575 2748 1674 2776 Verum
1688 2756 1736 2775 nos
1751 2749 1890 2785 immerito

1101 2783 1134 2813 dc
1155 2783 1273 2812 Eusebio
1292 2785 1444 2819 querimur.
1468 2784 1517 2811 llic
1540 2785 1626 2817 enim,
1643 2791 1705 2811 cum
1722 2783 1817 2819 omnia
1831 2790 1890 2816 qua:

1101 2821 1135 2856 ad
1156 2820 1281 2856 Origcnis
1301 2818 1415 2856 causam
1431 2819 1576 2856 pertinent,
1599 2823 1724 2846 accurate
1747 2818 1890 2856 retulisset

1102 2855 1128 2883 in
1152 2852 1271 2882 secundo
1297 2852 1462 2889 Defensionis
1489 2853 1561 2881 libro
1589 2861 1671 2888 quam
1697 2859 1745 2889 pro
1768 2852 1891 2889 Origene

1102 2891 1311 2925 conscripserat,
1324 2888 1420 2918 eadem
1432 2890 1475 2917 hic
1487 2893 1609 2925 repetere
1619 2888 1785 2924 superﬂuum
1799 2888 1889 2918 duxit.
