1996 3165
117 173 166 200 581

622 163 794 192 ΗΙΞΤΟΜᾸΞ
815 161 1091 190 ΕεειεειΑδΤιειιΕ
1111 161 1176 188 LIB.
1198 161 1243 188 VI.

1688 163 1740 190 582

119 232 265 260 Βασιλειῶν
273 230 379 266 πρώτη,
395 229 517 264 δευτέρα,
537 228 599 263 παρ’
616 227 706 257 αὐτοῖς
724 225 752 252 ἓν
769 223 904 260 Σαμουὴλ,

957 223 1027 257 apud
1034 221 1159 250 Hebraeos
1166 222 1437 257 comprehensi,quod
1444 221 1579 256 appellant
1585 222 1738 258 Sopbetlm.

118 281 132 307 ὁ
141 280 284 313 θεόκλητος
295 287 301 292 ·
312 275 459 304 Βασιλειῶν
472 274 562 310 τρίτη,
573 273 700 308 τετάρτη,
716 274 743 299 ὲν
759 272 798 298 ἐνὶ
813 271 905 306 Οὺαμ-

74 318 87 363 ξ
121 327 202 362 μέλεχ
218 324 310 355 Δαὸὶδ,
323 325 391 358 ὅπερ
411 322 468 348 ἐστὶ
486 321 608 356 βασιλεία
623 319 714 347 Δαϐίδ.
735 318 906 354 Παραλειπο-

76 362 85 388 ἶ
121 372 209 408 μένων
230 369 336 405 πρώτη,
354 368 477 403 δευτέρα,
493 368 521 393 ἐν
533 367 572 393 ἐνὶ
586 365 669 401 Διΰρὴ
693 364 817 400 Ἀῖαμὶμ,
837 364 904 399 ὅπερ

119 407 178 443 ἔστι
194 415 266 449 λόγοι
286 414 410 449 ἡμερῶν·
432 412 548 447 Ἔσδρας
575 411 681 446 πρῶτος
704 409 750 436 καὶ
768 407 903 443 δεύτερος,

119 464 149 489 ἐν
163 462 202 489 ἑνὶ
232 460 323 496 Ἐζρᾶ,
338 461 351 486 ὅ
366 461 423 486 ἐστι
441 457 546 493 βοηθός.
562 457 656 488 Βίϐλος
671 454 803 490 Ψαλμῶν,
818 454 905 489 Σὲςξερ

119 508 227 543 Θιλ).ίμ.
257 505 427 541 Σολομῶντος
454 503 611 539 Παροιμίαι,
642 501 763 529 Μισλώο.
796 501 906 536 Ἐκκλη-

120 554 243 590 σιαστὴς,
261 551 380 580 Κωέλεθ.
393 549 486 586 ᾋσμα
499 550 637 585 ᾀσμάτων,
651 548 699 584 (οὑ
716 548 770 584 γὰρ
787 548 823 580 ὡς
840 547 905 577 am-

119 599 288 636 λαμῦάνουσί
303 606 374 629 τινες
395 597 520 632 ’ᾼσματα
535 596 665 631 ᾀσμάτων
680 594 761 630 [57]),
780 593 828 629 Σὶρ
843 593 906 619 Ἀσε

121 646 210 682 σιρίμ·
233 645 345 676 Ἡσαΐας
362 643 428 678 (58),
452 642 560 669 Ἰεσαῖά.
581 641 715 677 Ἱερεμίας
731 641 778 667 σὺν
792 640 905 675 Θρήνοις

120 693 169 719 καὶ
182 693 214 727 τῇ
227 690 364 726 ἐπιστολῇ,
376 690 403 715 ὲν
420 689 460 715 ἑνὶ
476 687 572 724 Ίρμὲα·
589 687 697 722 Δανιὴλ,
712 686 820 721 Δανιήλ·
831 684 906 717 Ἰεζε-

120 739 195 774 κιὴλ,
213 736 339 772 Ίεεζκήλ’
360 734 429 767 Ἰὼϐ,
448 734 516 761 Ἰώϐ-
538 734 647 768 Ἐσθὴρ,
665 732 774 768 Ἐσθήρ.
791 730 863 763 "ego
876 730 904 756 δὲ

119 785 221 812 τούτων
232 783 290 810 ἐστὶ
301 783 333 810 τὰ
344 781 538 812 Μακκαϐαῖκὰ,
551 781 622 815 ἅπερ
631 779 828 813 ἐπιγέγραπται
837 777 906 812 Σαρ-

119 831 172 867 δὴϐ
187 830 309 866 Σαρδανὲ
327 829 385 856 Ἔλ.
410 838 419 854 ι
439 827 530 854 Ταῦτα
549 827 596 862 μὲν
611 824 656 852 οὖν
671 826 700 851 ὲν
715 825 752 860 τῷ
775 832 905 859 προειρη-

121 878 195 914 μένῳ
213 877 303 912 τίθησι
331 875 534 911 συγγράμματι.
561 874 603 900 Ἐν
620 873 648 900 δὲ
667 872 705 908 τῷ
725 871 824 907 πρώτῳ
849 869 903 896 τῶν

119 926 161 956 εἰς
176 925 206 951 τὸ
219 923 290 951 κατὰ
308 923 447 950 Ματοαῖον
464 921 639 955 Εὐαγγέλιον,
655 919 699 946 τὸν
716 918 905 954 ἐκκλησιαστι-

119 971 168 998 κὸν
184 970 323 1005 φυλάττων
342 970 451 1000 κανόνα,
474 968 540 1004 μόνα
561 967 681 1001 τέσσαρα.
703 965 801 991 ειδέναι
818 965 906 998 Εὐαγ-

119 1016 196 1051 γέλια
215 1015 391 1052 μαρτύρεται,
402 1011 452 1041 ὧδέ
467 1022 525 1045 πως
538 1012 666 1047 γράφων·
684 1020 693 1036 ι
716 1010 759 1041 Ὠς
774 1010 802 1035 ὲν
817 1017 906 1044 παρα-

118 1063 190 1090 δόσει
208 1061 300 1098 μαθὼν
316 1061 371 1097 (59)
387 1061 450 1097 περὶ
466 1060 519 1086 τῶν
534 1059 672 1094 τεσσάρων
692 1056 873 1091 Εὐαγγελίων,
888 1055 906 1083 ὃ.

118 1109 168 1135 καὶ
183 1108 250 1144 μόνα
264 1107 446 1143 ἀπηντίρρητά
466 1107 538 1132 ἐστιν
558 1105 585 1130 ὲν
602 1105 634 1139 τῇ
652 1103 704 1130 ὑπὸ
726 1102 770 1129 τὸν
792 1101 905 1137 οὐρανὸν

126 1154 274 1189 Ἐκκλησία
294 1153 339 1180 τοῦ
354 1152 420 1179 Θεοῦ
431 1161 438 1167 -
459 1153 500 1178 ὅτι
519 1151 625 1186 πρῶτον
642 1150 690 1184 μὲν
705 1148 860 1184 γέγραπται
875 1147 906 1174 τὸ

119 1201 191 1227 κατὰ
210 1199 255 1226 τόν
272 1207 337 1225 ποτε
359 1197 488 1232 τελώνην,
509 1195 620 1230 ὕστερον
643 1194 670 1221 δὲ
686 1193 832 1220 ἀπόστολον
854 1193 905 1227 Ἰη-

120 1247 168 1273 σοῦ
190 1244 308 1281 Χριστοῦ
329 1243 476 1274 Ματθαῶν,
501 1240 665 1268 ἐκδεδωκότα
685 1239 751 1266 αὐτὸ
772 1239 828 1270 τοῖς
853 1237 906 1264 ἀπὸ

126 1292 292 1328 Ἰουδαϊσμοῦ
308 1290 478 1322 πιστεύσασι,
496 1288 655 1324 γράμμασιν
675 1287 826 1322 Ἑϐραϊκοῖς
843 1294 906 1312 συν-

118 1339 300 1374 τεταγμένον·
325 1337 448 1372 δεύτερον
464 1335 493 1361 δὲ
507 1334 537 1361 τὸ
556 1333 624 1360 κατὰ
639 1333 751 1369 Μάρκον
763 1353 769 1364 ,
791 1332 828 1364 ὡς
852 1331 905 1358 Πέ-

119 1393 183 1419 τρος
210 1383 366 1418 ὑφηγήσατο
392 1379 476 1415 αὐτῷ,
503 1380 662 1414 ποιήσαντα.
687 1379 719 1404 Ὃ
739 1378 785 1404 καὶ
801 1377 857 1404 υἱὸν
877 1378 905 1403 ἐν

117 1433 153 1466 τῇ
164 1429 293 1464 καθολικῇ
307 1427 433 1463 ἐπιστολῇ
444 1427 487 1454 διὰ
499 1426 600 1453 τούτων
611 1425 770 1461 ὡμολόγησε
781 1424 903 1459 φάσκων·

122 1484 131 1499 ι
158 1472 321 1505 Ἀσπάζεται
340 1473 412 1508 ὑμᾶς
431 1472 489 1507 ἡὲν
505 1470 642 1497 Βαϐυλῶνι
657 1469 832 1505 συνεκλεκτὴ,
859 1469 906 1496 καὶ

119 1518 233 1554 Μάρκος
248 1518 262 1544 ὁ
279 1517 336 1548 υἱός
356 1525 417 1552 μου.
441 1525 450 1542 ›
470 1516 522 1542 Καὶ
542 1515 633 1550 τρίτον
652 1515 682 1541 τὸ
701 1514 771 1541 κατὰ
787 1515 904 1545 Λουκᾶν,

118 1565 150 1591 τὸ
172 1563 224 1590 ὑπὸ
239 1563 344 1590 Παύλου
366 1561 559 1597 ἐπαινούμενον
581 1561 756 1595 Εὑαγγέλιον,
778 1562 835 1592 τοῖς
850 1560 905 1587 ἀπὸ

119 1610 174 1637 τῶν
195 1609 280 1636 ἐθνῶν
305 1609 486 1644 πεποιηκότα·
507 1607 553 1634 ἐπὶ
574 1608 640 1634 πᾶσι
660 1607 690 1634 τὺ
714 1607 784 1635 κατὰ
819 1606 906 1633 Ἰωάν-

119 1665 178 1691 νην.
199 1665 208 1681 ι
229 1655 284 1681 Καὶ
296 1655 324 1681 ὲν
336 1654 375 1690 τῷ
391 1654 506 1689 πέμπτῳ
521 1654 548 1680 δὲ
561 1654 615 1681 τῶν
630 1654 669 1686 εις
685 1653 715 1680 τὸ
728 1653 798 1680 κατὰ
819 1653 905 1679 Ἰωάν-

119 1710 168 1736 νην
192 1699 376 1736 Ἐξηγητικῶν
391 1698 457 1734 (60),
473 1700 487 1725 ὁ
504 1699 583 1730 αὐτὸς
602 1699 689 1725 ταῦτα
702 1697 832 1735 περὶτῶν
847 1699 906 1725 ἐπι-

120 1746 222 1773 στολῶν
245 1746 298 1772 τῶν
324 1745 477 1772 ἀποστόλων
494 1745 594 1780 φησιν’
621 1754 630 1770 ι
666 1744 694 1771 Ὁ
710 1745 739 1771 δὲ
762 1744 905 1777 ἱκανωθεὶς

118 1793 241 1824 διάκονος
257 1792 381 1826 γενέσθαι
402 1792 450 1827 τῆς
471 1791 575 1826 Καινῆς
596 1790 742 1826 Διαοήκης,
765 1791 795 1817 οὐ
812 1791 904 1827 γράμ-

155 1870 213 1906 (5ῖ)
232 1871 272 1896 Οὺ
290 1869 344 1906 7:21p
365 1869 405 1902 ὡς
422 1869 669 1906 ὑπολαμϐάνουσι
681 1877 759 1902 τινες
771 1870 905 1906 ’ᾼσματα

119 1905 272 1940 ᾀσμάτων.
293 1905 360 1931 Tuta
378 1905 435 1931 lucc
449 1905 572 1940 pericope
591 1905 667 1931 abest
682 1912 696 1931 a
712 1907 813 1932 nostris
828 1905 904 1932 codi-

119 1938 198 1968 cibus
211 1940 290 1972 Maz.,
307 1939 374 1966 Med.
394 1945 421 1966 et
439 1938 505 1966 Fuit.
522 1940 639 1966 llabetur
657 1944 745 1966 tamen
768 1939 794 1966 in
821 1940 904 1974 Regio

119 1975 280 2008 exemplari.
297 1974 410 2000 Rulinus
433 1982 541 2008 quoque
558 1975 584 2001 in
611 1974 732 2002 versione
752 1974 831 2008 hujus
851 1974 903 2001 loci

120 2011 205 2037 habet
216 2009 326 2036 Cantica
340 2009 511 2035 canticorum.

155 2045 213 2079 (58)
239 2044 370 2076 Ἡσαΐας.
385 2043 508 2071 Omissus
523 2048 569 2079 est
593 2044 620 2079 in
639 2044 689 2070 hoc
703 2044 824 2079 catalogo
835 2044 903 2070 liber

120 2078 264 2106 duodecim
287 2081 492 2113 prophetarum.
514 2078 571 2112 Quo
595 2078 696 2106 factum
719 2084 772 2110 est,
795 2078 824 2105 ut
840 2086 901 2105 cum

121 2115 217 2147 viginti
232 2116 299 2142 duos
313 2113 395 2141 libros
409 2121 438 2141 se
450 2118 653 2141 numeraturum
669 2114 821 2147 promiserit
839 2113 901 2140 Ori-

119 2155 219 2180 genes,
247 2154 318 2173 unus
342 2147 472 2174 duntaxat
496 2153 522 2175 et
552 2148 645 2181 viginti
671 2147 849 2182 reperiantur.
877 2148 907 2175 in

120 2182 212 2209 Rufini
240 2182 365 2209 versione
393 2187 549 2210 recensetur
575 2183 619 2210 hic
644 2182 711 2209 liber
737 2184 828 2209 statim
847 2187 906 2217 post

120 2218 263 2255 Canticum
279 2218 456 2255 canticorum.
475 2217 529 2255 Nec
546 2217 625 2255 aliter
631 2217 801 2255 Hilariusin
820 2218 908 2255 prolo-
917 2226 944 2255 ο

123 2260 157 2286 go
172 2253 360 2278 Enarratiunis
380 2254 407 2279 in
429 2254 561 2285 Psalmoa,
577 2258 604 2279 et
618 2253 731 2287 Cyrillus
748 2253 904 2287 Hierosoly-

123 2287 252 2322 iuitanus.
273 2287 406 2314 Caeterum
421 2295 506 2314 sacra:
518 2286 664 2322 Scriptura:
675 2287 735 2313 libri
755 2286 904 2322 longeralio

122 2321 219 2349 ordine
230 2322 274 2349 hic
288 2327 465 2350 recensentur
479 2329 560 2356 quam
573 2323 607 2348 ab
619 2321 769 2356 Epiphanio
792 2327 819 2348 et
838 2321 903 2348 Ilie-

125 2363 237 2392 rOIiytno
248 2361 277 2383 et
291 2356 426 2389 Melitone,
439 2359 515 2391 cujus
527 2356 613 2384 locutn
627 2363 707 2391 supra
720 2356 811 2392 retulit
822 2357 904 2384 Euse-

124 2391 222 2418 biusin
241 2392 294 2419 line
309 2392 355 2419 lib.
371 2399 408 2426 iv.
428 2391 546 2418 Hilarius
565 2399 629 2418 vero
656 2392 682 2418 in
703 2391 814 2426 prologo
827 2391 905 2418 Com-

124 2426 311 2453 mentariorum
332 2427 359 2453 in
376 2425 495 2453 Psalmos
511 2434 570 2453 cum
590 2425 704 2459 Origene
719 2425 904 2459 proréuscon-

125 2462 217 2488 sentit.
235 2461 289 2488 Nec
307 2461 334 2489 id
350 2462 460 2494 mirum,
478 2469 537 2488 cum
555 2466 627 2488 totus
645 2461 702 2488 fere
718 2461 842 2495 prologus
860 2461 905 2488 ille

125 2495 218 2522 Hilarii
232 2497 378 2523 translatus
397 2497 434 2523 sit
452 2504 486 2523 ex
504 2495 704 2523 Commentariis
724 2495 750 2522 in
770 2495 904 2529 Psalmoo,

126 2536 153 2557 ut
164 2536 278 2566 testatur
293 2531 481 2566 Hieronymus.

159 2565 216 2599 (59)
235 2566 281 2599 Ὡς
294 2566 329 2593 ἐν
343 2564 506 2600 παραδόσει
518 2564 630 2601 μαθών,
653 2565 739 2595 Verba
756 2565 820 2601 rhtec
842 2569 907 2593 sunt

126 2600 260 2636 Qrigenis,
274 2606 302 2627 ut
315 2607 436 2635 apparet.
446 2602 535 2636 Atque
550 2603 586 2628 ita
598 2601 707 2628 Rufinus
717 2607 744 2627 et
752 2600 868 2636 Langus,
878 2606 906 2628 et

127 2634 260 2662 Musculus
274 2634 441 2670 interpretati
457 2634 532 2664 sunt.
546 2636 624 2663 Solus
641 2634 906 2670 Christophorsonus

126 2670 182 2697 haec
199 2670 307 2697 Eusebii
328 2672 408 2698 verba
423 2679 483 2698 esse
497 2672 614 2702 censuit,
629 2673 672 2699 cui
690 2679 742 2697 non
760 2671 904 2698 assentior.

125 2704 254 2741 Quamvis
281 2706 308 2741 in
328 2707 420 2732 codice
440 2706 508 2732 Mal.
531 2711 557 2733 et
573 2707 643 2733 Med.
662 2711 722 2741 post
739 2713 830 2733 vocent
852 2714 905 2740 μα-

129 2738 179 2767 ὶών
193 2740 315 2773 apposita
339 2743 374 2767 sit
401 2741 488 2768 linalis
504 2741 650 2769 distinctio.
663 2738 696 2768 in
718 2741 774 2775 Reg
785 2748 801 2767 ο
816 2738 905 2767 autem

126 2775 271 2809 exemplari
289 2779 358 2810 lutI_IS
383 2776 426 2802 hic
449 2776 524 2802 locus
549 2776 651 2810 absque
669 2776 720 2802 ulla
733 2775 906 2802 distinctione

127 2807 376 2846 solitiiiuatttr,_tiioé
390 2819 447 2841 πως
458 2811 569 2846 γράφων
591 2807 627 2842 ὥς
646 2809 679 2836 ὲν¹
691 2810 836 2846 παραδόσει
856 2817 907 2844 μα.-

125 2843 177 2870 θὼν
202 2845 266 2880 περὶ
288 2843 343 2871 τῶν
359 2843 496 2880 τεσοάρών
515 2843 696 2880 Εὑαγγελίων.
721 2843 754 2872 Et.
773 2851 833 2880 post
849 2843 906 2871 ulti-

125 2887 196 2906 matn
217 2881 286 2907 hanc
302 2887 394 2907 vocem
411 2882 532 2915 apposita
548 2886 587 2909 est
600 2882 686 2908 media
703 2881 841 2908 distinctio
858 2887 906 2908 seu

956 269 1082 301 Octavus,
1092 267 1247 303 Regnorum
1260 267 1328 295 liber
1343 268 1445 302 primus
1454 268 1568 304 226m
1584 270 1739 297 secundus:

956 315 1000 349 qui
1009 315 1079 347 apud
1088 321 1135 340 eos
1142 312 1250 340 unicum
1259 312 1383 340 volumen
1391 313 1635 348 constituuntquod
1642 315 1741 342 dicitur

957 360 1077 392 Samuel,
1087 359 1136 386 hoc
1142 363 1183 386 est
1196 363 1302 386 vocatus
1309 367 1324 385 a
1334 357 1398 386 Deo.
1408 358 1499 386 Nonus
1509 359 1663 394 Regnorum
1672 360 1741 388 liber

956 407 1054 434 tertius
1063 411 1089 434 et
1099 410 1223 440 quartus,
1239 412 1308 440 quos
1325 405 1373 439 ipsi
1383 405 1465 432 etiam
1482 406 1507 432 in
1517 413 1597 433 unum
1613 407 1738 434 volumen

957 452 1092 487 redigunt,
1104 449 1312 478 etVammelech
1329 449 1561 485 Davidindigitant
1572 471 1580 484 ,
1593 452 1644 479 hoc
1658 456 1699 480 est
1714 457 1740 479 ct

956 506 1002 524 rex
1018 497 1112 524 David.
1123 496 1258 528 Decimus,
1269 495 1492 529 Paralipomenon
1511 496 1579 524 liber
1594 498 1696 532 primus
1713 503 1741 526 et

956 543 1237 578 secundus,unoapud
1253 543 1312 571 illos
1324 543 1442 570 contenti
1451 543 1677 578 volumine,quod
1693 553 1741 571 vr.—

956 595 1017 618 cant
1024 591 1103 618 Dibre
1112 590 1313 623 Haiamim,lioc
1319 595 1359 617 est
1367 590 1442 618 verba
1449 590 1740 623 diarumllndccimus,

956 636 1055 664 Esdras
1062 636 1163 671 primus
1170 641 1196 664 et
1204 637 1348 671 secundus,
1357 637 1401 672 qui
1409 637 1479 672 apud
1488 645 1534 665 eos
1542 637 1650 664 unicum
1657 637 1741 665 conli-

956 683 1030 710 ciunt
1037 683 1135 710 librum
1144 691 1224 718 quem
1233 688 1329 711 vocant
1337 684 1412 716 Esra,
1421 684 1449 711 id
1457 687 1507 716 est,
1517 684 1742 718 adjutor.Duode—

955 729 1114 757 cimusliber
1120 728 1299 761 Psalinorum,
1307 728 1427 757 Hebrzeis
1435 729 1683 764 Sepher'l‘ehillim.
1694 730 1741 758 De-

956 776 1043 804 cimus
1056 776 1153 803 tertius
1160 776 1305 804 Proverbia
1315 776 1479 810 Salomonis,
1494 776 1614 805 Hebraeis
1621 777 1740 805 Misloth.

956 822 1083 850 Decimus
1091 828 1215 858 quartus,
1223 820 1411 856 Ecclesiastes,
1420 822 1539 851 llebrazis
1547 823 1688 851 Colieletli.
1698 824 1744 853 De

956 868 1044 896 cimus
1051 868 1171 903 quintus,
1184 868 1324 896 Canticum
1334 870 1513 902 canticorum,
1522 869 1643 910 llebraeis
1651 869 1741 897 Sirlia-

956 914 1042 942 sirim.
1051 914 1180 942 Decimus
1190 919 1293 948 sextus,
1303 915 1407 949 Esaias,
1419 915 1540 942 Hebraeis
1551 915 1647 943 lesaia.
1659 916 1740 943 Deci-

958 969 1016 988 mus
1024 961 1168 996 septimus,
1175 961 1307 989 Jeremias
1316 970 1376 989 cum
1385 961 1635 990 Lamentationibus
1643 966 1670 990 et
1678 961 1742 996 Epi-

958 1008 1037 1040 stola,
1053 1008 1079 1033 in
1093 1015 1175 1033 unum
1189 1011 1347 1040 compactus
1359 1007 1494 1040 volumen,
1504 1008 1575 1043 quod
1586 1008 1636 1043 ipsi
1646 1011 1742 1035 vocant

956 1054 1049 1080 Irmia.
1058 1053 1182 1080 Decimus
1189 1057 1311 1086 octavus,
1320 1053 1543 1087 Daniel,Hebra‘.is
1551 1055 1655 1082 Daniel.
1664 1055 1742 1082 Deci-

956 1107 1017 1127 mus
1027 1107 1125 1132 nonus,
1134 1099 1348 1132 Ezecliiel,apud
1356 1099 1482 1129 llebraaos
1493 1101 1626 1128 leezchel.
1639 1101 1743 1129 Vicesi-

956 1154 1027 1178 mus,
1035 1146 1097 1180 Job,
1105 1148 1198 1175 eodem
1207 1147 1276 1182 apud
1284 1147 1411 1174 Hebraeos
1417 1146 1526 1174 nomine
1536 1146 1742 1182 insignitus.Vi-

956 1193 1073 1220 cesimus
1085 1194 1198 1228 primus,
1210 1193 1317 1224 Esther,
1333 1185 1468 1227 quomodo
1487 1193 1569 1220 etiam
1579 1192 1685 1221 llebrmi
1695 1200 1743 1221 vo-

956 1243 1029 1265 cant.
1038 1238 1119 1265 Extra
1130 1240 1225 1265 llOl‘llm
1241 1245 1353 1265 censum
1364 1237 1496 1270 suntlibri
1513 1237 1741 1272 Machabteorum,

956 1285 1001 1318 qui
1011 1284 1194 1312 inscribuntur
1203 1283 1295 1310 Sarbe!
1305 1282 1460 1309 Sarbaneel.
1473 1281 1505 1309 Et
1520 1283 1576 1310 haec
1589 1283 1698 1318 quidem
1715 1284 1742 1310 in

956 1331 1026 1357 libro
1039 1330 1163 1364 superius
1177 1333 1326 1357 memorato
1340 1327 1435 1355 scribit
1447 1328 1588 1363 Origenes.
1610 1328 1638 1355 In
1654 1329 1743 1363 primo

955 1380 1044 1402 autem
1053 1375 1122 1402 libro
1130 1374 1330 1409 Expositionum
1339 1375 1367 1402 in
1378 1374 1547 1409 Evangelium
1557 1375 1687 1408 Matt/iud,
1698 1383 1744 1403 ec-

956 1420 1109 1448 clesiastico
1127 1420 1253 1448 insistens
1267 1420 1375 1453 canoni,
1385 1425 1500 1454 quatuor
1514 1421 1743 1448 duntaxatEvan-

955 1466 1024 1500 gelia
1033 1473 1092 1493 esse
1104 1470 1220 1493 testatur
1230 1466 1271 1493 bis
1281 1466 1371 1493 verbis
1381 1465 1485 1493 :tSicut
1493 1474 1526 1493 ex
1536 1467 1689 1500 traditione,
1699 1468 1743 1495 in-

956 1513 1024 1547 quit,
1035 1513 1169 1546 accepide
1184 1517 1302 1546 quatuor
1318 1511 1551 1547 Evangeliis,qua2
1563 1513 1619 1540 sola
1638 1513 1664 1540 in
1679 1514 1742 1541 uni-

956 1565 1035 1586 versa
1045 1558 1093 1586 Dei
1104 1558 1224 1586 Ecclesia
1235 1565 1294 1593 quae
1303 1559 1353 1585 sub
1365 1559 1434 1586 cmlo
1442 1563 1492 1591 est,
1503 1559 1570 1586 citra
1582 1563 1742 1586 controver-

958 1605 1025 1632 siain
1037 1604 1216 1631 admittuntur
1227 1613 1233 1631 :
1244 1605 1360 1639 primum
1371 1604 1474 1632 scilicet
1487 1605 1662 1640 Evangelium
1675 1606 1744 1633 scri-

957 1656 1122 1685 ptunreSsea
1131 1651 1266 1684 Matthaeo,
1276 1651 1352 1685 prius
1362 1650 1469 1686 quidem
1481 1651 1636 1686 publicano,
1648 1657 1743 1686 postea

957 1705 1023 1724 vero
1050 1697 1173 1732 apostolo
1202 1696 1264 1724 Jcsu
1293 1697 1410 1730 Christi,
1443 1697 1489 1732 qui
1518 1697 1583 1725 illud
1612 1698 1745 1725 ilebraico

959 1750 1083 1771 sermone
1104 1743 1298 1778 conscriptum,
1314 1743 1415 1771 Judazis
1440 1743 1473 1770 ad
1501 1742 1580 1770 ﬁdem
1605 1744 1745 1772 conversis

958 1790 1115 1826 publicavit.
1136 1790 1290 1818 Secundum
1306 1789 1390 1817 fuisse
1402 1790 1555 1825 accepimus
1568 1790 1744 1826 Evangelium

1452 1851 1465 1864 Ὁ

961 1875 1046 1901 mora,
1066 1868 1144 1902 quasi
1168 1867 1242 1896 locus
1259 1868 1384 1904 erigenis
1408 1869 1520 1904 incipiat
1538 1876 1553 1895 a
1568 1869 1658 1896 verbis
1683 1877 1745 1904 qua:

959 1903 1083 1939 prox_itne
1094 1908 1254 1936 sequuntur.
1265 1903 1377 1939 verum,
1394 1903 1485 1939 utjam
1501 1904 1566 1937 dixi,
1581 1904 1668 1938 magis
1684 1903 1743 1939 pla-

959 1943 1002 1964 cet
1019 1937 1107 1964 Ruﬁni
1122 1938 1269 1965 distinctio.
1297 1938 1381 1965 Porro
1398 1938 1432 1965 de
1454 1944 1569 1972 quatuor
1590 1937 1744 1973 Evangeliis

957 1981 1017 2007 qua:
1030 1972 1086 2000 sola
1101 1973 1134 1999 ab
1148 1973 1267 2001 Ecclesia
1284 1973 1417 2000 catholica
1434 1973 1623 2004 admittuntur,
1637 1972 1689 2001 non
1702 1983 1743 2003 so-

959 2008 1013 2034 lum
1039 2008 1064 2034 in
1089 2007 1145 2034 suis
1164 2008 1192 2034 in
1217 2007 1372 2035 Mattlueum
1399 2008 1599 2035 Commentariis
1627 2013 1743 2038 testatus

959 2043 1046 2069 fuerat
1061 2042 1203 2076 Origenes,
1221 2044 1266 2069 sed
1282 2043 1363 2069 etiam
1378 2044 1403 2070 in
1423 2043 1556 2077 principio
1575 2043 1742 2071 Commenta-

958 2077 1061 2104 riorum
1088 2078 1115 2104 in
1134 2077 1241 2105 Lucam.
1264 2077 1348 2110 Quem
1371 2077 1470 2109 locum,
1490 2078 1551 2110 quia
1579 2078 1613 2105 ab
1625 2077 1743 2107 Eusebio

958 2112 1154 2145 praetermissus
1178 2117 1229 2142 est.
1248 2112 1292 2139 hic
1315 2119 1446 2146 apponam
1465 2121 1471 2139 ε
1491 2112 1609 2140 Ecclesia
1629 2119 1743 2147 quatuor

958 2146 1033 2183 liabet
1050 2147 1201 2181 Evangelia,
1213 2147 1322 2183 hrt'resg
1334 2147 1457 2180 plurima.
1472 2147 1495 2174 Ε
1507 2148 1600 2182 quibus
1611 2146 1742 2183 quoddam

958 2182 1112 2208 inscribitur
1125 2183 1272 2208 secundum
1286 2182 1428 2217 .Egyptios
1444 2191 1451 2209 :
1464 2183 1537 2209 aliud
1552 2183 1628 2216 juxta
1643 2184 1743 2210 duode-

958 2217 1010 2254 cim
1019 2217 1260 2254 apostolo_s._Ausus
1272 2217 1320 2254 fuit
1332 2216 1355 2254 et
1364 2216 1494 2254 Basilides
1504 2218 1616 2244 scribere
1625 2217 1743 2254 Evange-

957 2251 1021 2277 lium
1038 2257 1060 2278 et
1074 2259 1121 2278 suo
1138 2252 1205 2277 illud
1221 2252 1324 2278 nomine
1337 2252 1453 2284 titulnre,
1468 2257 1522 2280 etc.

993 2286 1047 2320 (60)
1071 2287 1119 2313 Ἐν
1128 2285 1169 2318 τῷ
1181 2286 1302 2321 πέμπτῳ
1319 2285 1353 2313 δὲ
1372 2287 1431 2314 τῶν
1454 2288 1498 2320 εὶς
1511 2287 1544 2314 τὸ
1558 2288 1634 2315 κατὰ
1648 2287 1742 2314 Ἰωάν-

956 2329 1025 2355 νην.
1040 2321 1128 2349 Locus
1142 2322 1267 2356 Origenis
1293 2329 1372 2356 quem
1397 2322 1441 2349 hic
1464 2323 1572 2350 adducit
1599 2324 1741 2353 Eusebius.

956 2363 998 2383 est
1011 2364 1025 2383 e
1036 2357 1165 2390 prooemio
1179 2356 1239 2383 libri
1253 2358 1338 2390 quinti
1353 2356 1576 2390 Explanationum
1590 2358 1617 2384 in
1628 2357 1742 2385 Joannis

956 2391 1136 2426 Euangelium,
1153 2392 1228 2425 cujus
1243 2392 1363 2426 promiuii
1385 2399 1446 2426 pars
1467 2393 1585 2419 maxima
1609 2398 1698 2420 exstat
1714 2394 1739 2419 in

957 2427 1048 2462 cap.75
1069 2426 1234 2453 Philocalire.
1261 2427 1326 2453 Cum
1353 2426 1493 2462 illorigitur
1507 2427 1658 2462 fragmento
1676 2427 1741 2461 jun-

957 2461 1059 2496 gendus
1077 2467 1117 2488 est
1139 2462 1183 2488 hic
1209 2461 1285 2488 locus
1313 2462 1359 2496 qui
1386 2461 1420 2487 ab
1440 2461 1559 2489 Eusebio
1579 2468 1671 2489 nostro
1694 2463 1742 2489 ad-

958 2496 1076 2523 ducitur.
1105 2496 1190 2523 Porro
1214 2496 1240 2522 in
1256 2503 1289 2522 eo
1313 2496 1445 2530 prominio
1461 2497 1582 2530 disputat
1599 2498 1740 2531 Origenes,

958 2538 991 2557 an
1016 2532 1049 2557 de
1073 2531 1154 2558 rebus
1181 2530 1278 2558 divinis
1310 2531 1385 2557 multi
1419 2532 1553 2558 scribendi
1580 2530 1739 2559 siut’liliri.

956 2566 996 2592 Ac
1011 2566 1126 2598 primum
1147 2565 1225 2592 affert
1248 2566 1335 2592 locum
1357 2573 1389 2592 ex
1409 2565 1583 2599 Ecclesiaste,
1605 2568 1651 2601 qui
1669 2572 1741 2594 vetat

959 2600 1156 2627 multitudinem
1185 2601 1318 2627 coniicere
1343 2600 1484 2627 librorum.
1515 2600 1621 2628 Deinde
1632 2602 1741 2629 adducit

957 2635 1109 2670 exemplum
1140 2640 1295 2662 sanctorum
1319 2635 1450 2666 virorum,
1476 2636 1667 2670 prophetarum
1683 2637 1740 2663 sci-

956 2670 1020 2697 licet
1042 2675 1068 2697 et
1089 2671 1281 2704 apostolorum,
1308 2670 1355 2704 qui
1372 2678 1465 2697 omnes
1488 2679 1571 2704 pauca
1594 2673 1738 2705 scripsere.

957 2704 1010 2741 Sed
1037 2705 1165 2732 collector
1188 2704 1342 2741 Pliilocaliw
1362 2708 1457 2732 cuncta
1479 2706 1535 2741 tunc
1559 2704 1682 2741 exempla
1707 2707 1740 2732 de

957 2739 1089 2776 industria
1113 2740 1296 2776 pi'mtcrtnisit,
1322 2741 1482 2776 ut_ipsenict
1504 2740 1604 2767 fatetur
1626 2739 1686 2776 pag.
1705 2742 1739 2768 69

957 2775 1083 2802 editionis
1107 2773 1332 2803 Graeco-Latinae.
1355 2773 1471 2802 Proinde
1489 2777 1532 2802 liic
1553 2773 1679 2810 Origeiiis
1697 2777 1738 2802 Io-

957 2818 1004 2836 cus
1029 2818 1108 2844 quem
1138 2810 1246 2837 adducit
1261 2810 1400 2841 Eusebius,
1430 2811 1509 2838 inseri
1530 2812 1610 2838 debet
1628 2819 1688 2845 pag.
1705 2811 1740 2838 b9

957 2845 1119 2878 supradicta:
1155 2845 1301 2878 editionis,
1335 2849 1397 2872 ante
1429 2845 1472 2873 illa
1508 2847 1590 2874 verba
1623 2847 1746 2882 ἰλιγγιᾷν

959 2887 1013 2916 μοι.
1027 2884 1079 2906 etc.
