1996 3165
260 141 313 169 583

626 134 758 163 EUSEBII
777 134 1012 164 ΕίΕεΑΒΙΕΝΒΙΞ
1030 134 1107 163 ΟΡΡ.
1128 133 1218 162 PARS
1237 134 1259 161 l.
1277 148 1313 154 —
1331 131 1524 162 HISTORICA.

1825 133 1880 161 58'.

261 197 359 230 Marci,
375 195 419 230 qui
435 198 514 230 prout
527 193 624 221 Petrus
638 193 689 228 ipsi
704 188 880 228 exposuerat,
897 193 922 221 in
937 193 1038 221 litteras

1095 201 1190 228 ματος,
1210 191 1277 219 ἀλλὰ
1297 191 1460 227 πνεύματος,
1477 190 1592 223 Παῦλος,
1610 191 1624 217 ὁ
1640 190 1828 226 πεπληρωκὼς
1849 192 1881 218 τὺ

259 241 360 269 retulit.
380 241 468 274 Atque
482 239 587 266 idcirco
602 238 700 267 Petrus
717 240 744 266 in
766 239 884 273 Epistula
899 239 1040 267 Catholica

258 294 320 314 eum
338 286 419 313 ﬁlium
441 293 517 312 suum
534 285 653 319 agnoscit
667 285 708 312 his
723 286 828 312 verbis:
848 295 857 311 ι
875 284 979 312 Salutat
993 292 1041 312 vos

258 333 341 360 electa
360 332 405 359 Dei
421 331 541 358 Ecclesia
565 339 625 366 qurc
649 336 690 358 est
705 331 840 367 Babylone
853 352 860 363 ,
886 336 913 358 et
932 331 1041 359 Marcus

259 379 328 405 ﬁlius
341 386 428 406 mens.
452 388 460 404 ι
475 378 595 405 Tertium
611 377 784 414 Evangelium
803 379 880 405 Luem
892 399 900 412 ,
924 380 995 413 quod
1023 387 1037 406 a

258 424 342 452 Paulo
365 425 587 458 commendatur,
618 425 643 452 in
669 425 785 459 gratiam
808 425 948 459 gentilium
971 432 1039 452 con-

257 471 397 505 scriptum.
434 470 601 498 Postremum
634 478 699 498 vero
723 470 896 505 Evangelium
918 469 1039 498 Joannis.

257 517 328 545 Idem
346 524 426 552 porro
449 517 475 543 in
499 517 568 543 libro
589 517 682 552 quinto
697 516 897 551 Expositiomtm
911 517 938 543 in
954 516 1042 544 Evan-

256 564 352 599 gelium
369 562 481 590 Joannis
509 563 543 591 de
562 563 682 598 epistolis
704 563 888 597 apostolorum
907 564 943 590 ita
970 564 1039 591 scri-

255 610 312 637 bit:
340 618 349 635 ι
365 609 388 636 ls
415 617 477 636 vero
493 617 572 644 quem
598 609 668 636 Deus
702 609 826 637 idoneum
851 610 968 637 reddidit
993 611 1039 645 qui

257 655 325 682 Novi
341 653 504 682 Testamenli
524 655 645 682 minister
665 660 739 682 esset
756 662 806 682 non
825 655 914 682 littera
938 660 966 682 et
981 663 1040 683 ver-

257 701 300 729 bis
343 706 439 733 tenns,
467 701 513 728 sed
541 702 636 735 spiritu
661 701 762 736 ipsius,
792 700 891 728 I‘aulus
917 701 1038 735 scilicet,

256 748 303 782 qui
343 747 376 774 ab
398 747 592 782 Hierosolymis
624 751 651 774 et
673 746 794 774 ﬁnitimis
818 747 884 775 locis
903 754 988 782 usque
1007 748 1041 775 ad

255 793 406 830 Illyricum,
435 792 608 827 Evangelium
638 792 804 827 adiinplcvit,
835 801 887 821 non
917 793 1040 821 oumibus

257 839 387 866 Ecclesiis
413 845 480 872 quas
503 838 633 865 docuerat
655 837 772 873 scripsit.
800 838 852 865 Sed
875 843 902 865 et
923 838 956 865 iis
979 839 1039 872 qui—

256 886 306 913 bus
332 885 462 921 scripsit,
492 892 592 919 paucas
618 884 762 911 admodum
790 884 876 911 lineas
903 885 1036 911 exaravit.
1057 874 1075 901 Β

256 932 338 967 227
352 931 450 959 Petrus
465 936 566 964 autem,
587 931 629 958 cui
657 936 784 965 tanquam
803 930 979 958 fundamento
993 938 1040 957 su-

256 984 405 1014 perstrurta
421 983 464 1006 est
480 977 599 1004 Ecclesia
617 976 730 1009 Christi,
750 977 881 1004 adversus
895 984 976 1012 quam
988 984 1039 1004 nec

257 1026 320 1060 ipsa:
350 1025 498 1052 inferorum
525 1029 609 1059 portae
640 1024 822 1058 pratvalitura:
850 1029 923 1055 sunt,
956 1031 1038 1051 unam

257 1072 388 1098 duntaxat
404 1071 523 1098 omnium
540 1078 673 1098 consensu
693 1075 830 1106 receptam
846 1070 956 1105 reliquit
972 1070 1037 1105 Epi-

257 1116 364 1144 stolam.
380 1117 566 1145 Coucedamus
584 1124 650 1143 vero
669 1121 696 1144 et
716 1116 864 1144 secundam
887 1115 945 1149 ejus
966 1123 1037 1143 esse.

257 1163 295 1190 De
312 1164 445 1190 hacenim
466 1164 625 1198 ambigitur.
647 1162 707 1189 .lam
721 1170 786 1190 vero
806 1163 870 1198 quid
895 1163 1037 1191 dicendum

256 1213 298 1235 est
312 1209 346 1235 de
362 1215 393 1236 eo
413 1208 458 1242 qui
482 1208 508 1235 in
528 1208 590 1235 sinu
616 1208 716 1236 Christi
743 1208 877 1240 recubuit,
908 1208 1039 1236 Joanne?

256 1253 307 1287 Qui
330 1253 438 1289 quidem
463 1261 547 1280 unum
577 1253 685 1289 reliquit
710 1253 900 1289 Evangelium,
929 1253 1038 1281 tametsi

257 1300 373 1326 fateatur
387 1304 425 1327 tot
440 1307 469 1327 se
493 1299 576 1326 libros
600 1300 722 1328 scribere
743 1301 874 1335 potuisse,
897 1304 966 1335 quot
988 1307 1039 1328 nec

255 1346 329 1373 orbis
343 1346 398 1380 ipse
411 1350 544 1373 terrarum
557 1350 648 1380 posset
661 1346 814 1373 continere.
835 1345 951 1380 Scripsit
967 1353 1038 1381 prte-

258 1398 329 1420 terea
342 1392 557 1424 Revelationem,
569 1391 661 1425 iussus
679 1391 769 1423 silere,
784 1399 834 1419 nec
845 1396 948 1426 septem
970 1392 1040 1420 toni-

258 1442 347 1465 lrttum
364 1445 444 1465 voces
460 1436 641 1473 perscribere.
657 1436 776 1472 Scripsit
797 1438 877 1464 etiam
893 1439 1037 1473 epistolam

257 1484 398 1511 admodum
415 1485 536 1510 brevem.
554 1483 607 1510 Sed
621 1483 812 1515 cancedamus,
839 1484 862 1511 si
887 1484 986 1518 placet,
1012 1488 1039 1511 et

257 1530 401 1557 secundum
427 1534 453 1556 et
480 1529 587 1556 tertiam
607 1527 640 1554 ab
658 1527 702 1554 illo
717 1529 835 1563 scriptas
857 1535 927 1556 csse.
944 1528 1037 1563 Neque

257 1575 329 1602 enim
346 1576 395 1602 has
408 1575 540 1610 genuinas
562 1575 634 1602 illius
654 1581 713 1601 esse
737 1581 832 1601 onmes
853 1575 1036 1603 consentiunt.

257 1621 350 1649 Amba:
366 1627 454 1648 tamen
470 1621 514 1648 vix
529 1627 638 1648 centum
666 1628 760 1648 versus
784 1620 937 1648 continent.
957 1621 1038 1657 [ξεηὶ-

257 1674 310 1702 que
330 1666 364 1693 de
387 1666 506 1701 Epistola
527 1666 560 1692 ad
582 1665 710 1692 Hebraeos
738 1666 765 1693 in
788 1665 905 1693 bomiliis
928 1673 994 1700 quas
1010 1666 1037 1693 in

257 1713 381 1741 eamdem
406 1713 546 1748 epistolam
565 1713 738 1748 conscripsit,
761 1713 798 1740 ita
823 1713 924 1740 sentit:
946 1722 955 1738 ι
975 1711 1038 1748 Sty-

258 1760 312 1786 lum
329 1759 452 1794 epistola:
472 1767 532 1794 qua:
555 1759 714 1787 inscribitur
732 1759 765 1786 ad
784 1758 921 1790 llebrteos,
943 1766 1037 1786 carere

258 1805 303 1832 illa
312 1806 446 1833 sermonis
461 1806 612 1832 rusticitate
636 1813 696 1840 qua:
713 1805 820 1840 propria
845 1809 886 1832 est
906 1805 1036 1839 Apostoli,

257 1851 358 1886 quippe
372 1851 416 1886 qui
431 1852 523 1879 rudem
536 1856 617 1886 atque
633 1851 786 1886 imperitum
810 1858 871 1878 sese
893 1851 1039 1878 conﬁtetur

257 1898 283 1924 iu
301 1903 438 1931 sermone,
463 1897 490 1924 id
512 1902 554 1924 est
574 1897 600 1924 in
629 1897 714 1924 forma
740 1904 772 1925 ac
797 1896 904 1924 ratione
919 1897 1035 1924 dicendi.

258 1941 355 1970 Verum
371 1942 486 1978 epistola
510 1942 554 1970 illa
578 1948 605 1970 et
629 1943 656 1970 in
679 1943 824 1971 verborum
842 1943 1037 1978 compositione

292 2046 347 2081 (6i)
361 2046 733 2081 Ἀπομνημονεύσαντος...
754 2047 804 2073 καὶ
824 2046 951 2080 ὡσπερεὶ
968 2053 1041 2080 σχο-

256 2081 524 2116 λιογραφήσαντος.
542 2081 600 2108 Jam
608 2089 688 2115 supra
699 2082 860 2112 monuimus,
874 2083 1034 2116 ἀπομνημο-

257 2116 344 2142 νεύειν
359 2117 427 2142 idem
442 2124 501 2143 esse
517 2124 548 2142 ac
561 2116 691 2142 reminisci
708 2121 735 2142 et
753 2118 902 2143 memoriter
916 2117 1036 2148 recitare,

257 2151 480 2185 quemadmodum
501 2151 588 2178 solent
605 2151 738 2184 discipuliI
763 2158 824 2177 cum
846 2152 1036 2186 magistrorum

257 2187 358 2213 dictata
388 2186 514 2221 recitant.
538 2186 747 2221 Σχολιογραφεῖν
764 2193 829 2212 vero
851 2191 893 2213 est
912 2186 1038 2213 brevibus

257 2221 368 2248 scholiis
385 2220 539 2251 illustrare;
560 2220 639 2255 'quod
662 2223 691 2247 ﬁt
718 2228 779 2248 cum
805 2222 934 2248 obscuras
958 2228 1038 2247 voces

259 2256 319 2283 aliis
333 2256 543 2296 vocibuslnagis
555 2256 660 2296 usitatis
676 2256 852 2296 explicarnus:
876 2256 1038 2296 Interpreles

258 2299 290 2318 ac
306 2291 438 2326 praecipue
451 2290 724 2326 Cliristophorsonutn
739 2291 806 2317 nihil
824 2291 869 2318 hic
881 2291 990 2324 vidisse,
1004 2297 1037 2317 ex

257 2334 351 2353 eorum
380 2325 502 2352 versione
531 2330 652 2360 apparet.
681 2325 748 2352 Nam
778 2325 893 2360 primum
917 2326 1039 2361 ἀπομνη-

259 2361 437 2397 μονεύσαντος
456 2361 719 2397 Cllrisjophorsonus
742 2362 830 2397 vertit.
855 2362 883 2387 in
909 2369 1039 2397 commen-

259 2395 340 2423 tarios
372 2398 497 2430 redigere.
529 2395 634 2423 Putavit
662 2395 766 2423 scilicet
792 2395 1039 2431 ἀπομνημονεύμα-

258 2440 293 2458 τα
321 2432 390 2458 idem
420 2439 480 2458 esse
508 2439 539 2458 ac
566 2432 774 2464 commentarios,
806 2439 884 2465 quem
918 2438 1037 2458 errorem

257 2468 312 2501 jam
335 2471 412 2493 antea
442 2466 567 2493 refutavi.
594 2465 692 2493 Vocem
723 2472 812 2492 autem
843 2466 1039 2502 σχολιογραφή-

262 2510 358 2533 σαντος
385 2503 587 2535 interpretatur,
618 2502 717 2528 dictata
745 2509 778 2527 ex
801 2506 967 2535 prmeeptorts
994 2509 1038 2526 ore

259 2538 380 2568 scribere.
399 2544 453 2571 quo
474 2537 538 2563 nihil
553 2536 605 2563 diei
624 2537 710 2570 potuit
728 2536 880 2563 absurdius.
899 2537 944 2562 Ait
966 2537 1036 2562 enim

258 2571 390 2605 Origenes
426 2573 572 2598 Sententiae
595 2571 721 2605 Epistola:
753 2571 786 2598 ad
819 2571 944 2597 llebrazos
979 2577 1038 2597 esse

260 2606 345 2640 ipsius
365 2606 503 2640 Apostoli;
532 2606 610 2632 verba
639 2611 727 2633 autem
758 2611 784 2632 et
815 2605 1035 2639 Compositiouem

263 2641 342 2667 totius
355 2642 498 2673 oratiOuis,
513 2649 571 2668 esse
582 2641 692 2667 alterius
711 2640 870 2675 cujuspiam,
891 2641 935 2673 qui
956 2640 1036 2666 verba

261 2677 380 2709 Apostoli
404 2678 540 2703 memoria:
567 2676 745 2708 mandaverit,
777 2682 862 2710 ea‘que
887 2675 1038 2710 elegantius

262 2716 388 2744 tanquam
405 2711 563 2738 scholiastes
576 2711 739 2746 exposuerit.
755 2709 831 2743 Quod
843 2710 866 2746 si
882 2709 1038 2746 σχολιογρα-

261 2746 321 2780 φείν
333 2746 401 2772 idem
417 2751 489 2772 esset
502 2753 534 2772 ac
548 2747 645 2772 dictata
665 2753 696 2772 ex
712 2745 884 2780 prteceptoris
900 2752 947 2771 ore
968 2745 1036 2771 scri-

261 2778 336 2812 bere,
352 2781 408 2815 ipsa
423 2782 502 2808 verba
525 2780 581 2815 jam
597 2785 687 2807 essent
707 2778 837 2814 Apostoli,
862 2780 936 2815 quod
949 2783 1037 2815 tamen

262 2820 342 2850 negat
363 2813 504 2850 Origenes.
526 2813 586 2843 'Sed
611 2813 738 2842 nimirum
768 2813 899 2849 ignoravit
918 2813 1037 2841 Christo-

262 2849 490 2885 phorsonus’quid
500 2855 592 2878 esseut
601 2850 712 2878 scholia.
724 2850 845 2879 Amelius
851 2849 1035 2884 philosophus,

1091 237 1255 272 Εὑαγγέλιον
1273 237 1328 264 ἀπὸ
1353 236 1529 273 Ἰερουσαλὴμ
1553 235 1599 262 καὶ
1617 235 1708 271 κύκλῳ
1724 236 1807 271 μέχρι
1828 235 1879 263 τοῦ

1097 283 1253 319 Ἰλλυρικοῦ,
1264 283 1324 309 οὐδὲ
1337 282 1436 314 πάσαις
1446 281 1563 317 ἔγραψεν
1576 278 1619 312 αἶς
1631 280 1748 313 ἐδίδαξεν
1768 281 1880 317 Ἐκκλη-

1092 330 1176 361 σίαις·
1196 329 1264 356 ἀλλὰ
1285 329 1333 356 καὶ
1354 326 1398 360 αἷς
1419 328 1547 364 ἔγραψεν,
1568 327 1672 361 ὀλίγους
1688 327 1793 362 στίχους
1814 327 1880 354 ἑπέ-

1092 375 1188 402 στειλε.
1218 375 1323 411 Πέτρος
1344 375 1372 401 δὲ
1400 375 1442 408 ἐφ’
1466 370 1488 407 ᾧ
1512 373 1693 408 οἰκοδομεῖται
1714 374 1731 408 ἡ
1757 373 1878 409 Χριστοῦ

1097 421 1252 457 Ἐκκλησία,
1278 419 1311 456 ἧς
1339 420 1419 447 πύλαι
1442 420 1504 456 ᾇδου
1527 420 1556 446 οὐ
1577 420 1787 455 κατισχύσουσι,
1812 420 1879 456 μίαν

1091 467 1236 503 ἐπιστολὴν
1259 467 1478 503 ὁμολογουμένην
1503 466 1705 494 καταλέλοιπεν.
1731 467 1821 493 Ἔστω
1848 466 1878 493 δὲ

1092 514 1138 541 καὶ
1153 513 1297 548 δευτέραν
1316 513 1514 548 ἀμφιϐάλλεται
1531 514 1594 549 γάρ.
1621 512 1654 538 Tl
1675 512 1716 539 δεῖ
1742 512 1806 548 περὶ
1828 511 1878 539 τοῦ

1091 561 1272 592 ἁναπεσόντος
1283 560 1374 595 λέγειν
1388 560 1433 586 ἐπὶ
1449 559 1479 585 τὸ
1495 558 1591 594 στῆθος
1600 558 1646 585 τοῦ
1668 558 1765 594 Ἰησοῦ,
1787 559 1878 585 Ἰωάν-

1091 615 1147 637 νου,
1164 606 1194 638 ὃς
1210 605 1377 640 Εὑαγγέλιον
1402 605 1431 631 ἒν
1448 604 1640 632 καταλέλοιπεν
1651 625 1658 636 ,
1674 604 1813 639 ὁμολογῶν
1832 603 1879 630 δύο

1091 651 1187 678 νασοαι
1210 651 1330 677 τοσαῦτα
1345 651 1467 687 ποιήσειν
1484 649 1501 677 ἃ
1524 649 1582 676 οὐδὲ
1598 650 1612 675 ὁ
1629 649 1731 684 κόσμος
1752 647 1877 684 χωρῆσαι

1091 697 1217 730 ὲδύνατο;
1238 696 1360 733 Ἔγραψε
1376 696 1403 723 δὲ
1421 696 1467 723 καὶ
1489 696 1539 731 τὴν
1577 694 1763 729 Αποκάλυψιν,
1783 693 1878 720 κελευ-

1092 744 1165 776 σθεὶς
1182 744 1320 779 σιωπῆσαι
1337 743 1383 770 κα.)⁸
1401 743 1437 779 μὴ
1454 742 1557 778 γράψαι
1578 741 1628 773 τὰς
1642 741 1695 768 τῶν
1711 740 1781 767 ἑπτὰ
1798 739 1878 776 βρον-

1090 789 1143 816 τῶν
1161 790 1261 824 φωνάς.
1280 789 1466 816 Καταλέλοιπε
1477 789 1505 816 δὲ
1518 788 1565 815 καὶ
1578 787 1721 823 ἐπιστολὴν
1736 787 1805 814 πάνυ
1822 787 1878 813 ὀλί-

1092 844 1147 869 γων
1162 836 1269 870 στίχων.
1284 836 1373 862 Ἔστω
1388 835 1415 862 δὲ
1430 835 1478 862 καὶ
1489 835 1617 871 δευτέραν
1632 834 1678 860 καὶ
1694 833 1802 869 τρίτην·
1815 833 1878 860 ἐπεὶ

1089 882 1119 909 οὐ
1138 883 1238 914 πάντες
1255 883 1320 917 φασὶ
1344 882 1473 918 γνησίους
1497 880 1564 908 εἶναι
1589 880 1705 912 ταύτας·
1733 879 1802 915 πλὴν
1826 879 1878 906 οὐκ

1090 929 1143 956 elei
1161 929 1259 964 στίχων
1275 929 1428 964 ἀμφότεραι
1451 928 1557 955 ἑκατόν.
1580 937 1589 954 t
1610 927 1670 954 Ἔτι
1687 927 1756 962 πρὸς
1771 925 1877 958 τούτοις

1089 975 1154 1012 περὶ
1174 975 1223 1010 τῆς
1239 975 1308 1010 πρὸς
1334 974 1474 1009 Ἐϐραίους
1491 973 1633 1009 ἐπιστολῆς
1647 974 1675 1000 ὲν
1690 975 1749 1005 ταῖς
1766 974 1806 1004 εις
1827 973 1877 999 αὑ-

1088 1022 1138 1058 τὴν
1161 1020 1294 1056 Ὀμιλίαις
1316 1020 1402 1048 ταῦτα
1423 1020 1617 1056 διαλαμϐάνει·
1640 1029 1649 1046 t
1671 1020 1732 1046 Ὅτι
1758 1019 1772 1045 ὁ
1787 1027 1875 1055 χαρα-

1089 1067 1158 1102 κτὴρ
1174 1067 1224 1102 τῆς
1239 1065 1339 1098 λέξεως
1357 1066 1405 1101 τῆς
1423 1066 1489 1102 πρὸς
1511 1065 1651 1101 Ὲόραίους
1668 1064 1876 1101 ἐπιγεγραμμέ-

1089 1121 1137 1148 νης
1155 1111 1310 1147 ἐπιστολῆς,
1329 1112 1378 1138 οὐκ
1395 1112 1451 1147 ἔχει
1467 1111 1497 1138 τὸ
1525 1112 1553 1138 ὲν
1579 1112 1651 1146 λόγῳ
1675 1111 1805 1138 ἰδιωτικὸν
1827 1111 1875 1138 τοῦ

1095 1157 1266 1199 ’ᾼποστόλοψ
1287 1157 1502 1193 ὁμολογήσαντος
1517 1157 1610 1184 ἑαυτὸν
1627 1157 1731 1193 ἰδιώτην
1751 1155 1820 1184 εἶναι
1835 1157 1876 1194 τῷ

1089 1203 1170 1239 λόγῳ,
1188 1205 1310 1231 τουτέστι
1330 1205 1363 1240 τῇ
1386 1205 1503 1240 φράσει·
1527 1205 1594 1231 ἀλλά
1612 1206 1685 1231 ἑστιν
1704 1206 1721 1240 ή
1747 1204 1875 1241 ἐπιστολὴ

1091 1248 1211 1275 συνθέσει
1227 1249 1277 1284 τῆς
1300 1249 1397 1282 λέξεως
1419 1249 1643 1286 Ἐλληνικωτέρα,
1662 1251 1715 1282 πᾶς
1730 1251 1744 1277 ὁ
1760 1251 1874 1278 ἐπιστά-

1091 1304 1169 1331 μενος
1192 1296 1294 1332 κρίνειν
1322 1296 1447 1332 φράσειαν
1475 1296 1623 1332 διαφορὰς,
1640 1296 1805 1332 ὁμολογήσαι
1827 1297 1873 1324 ἄν.

1089 1341 1172 1368 Πάλιν
1185 1350 1214 1368 τε
1226 1339 1259 1369 αὖ
1275 1342 1315 1368 ὅτι
1328 1341 1362 1368 τὰ
1378 1343 1499 1378 νοήματα
1514 1343 1562 1377 τῆς
1579 1343 1722 1378 ἐπιστολῆς
1736 1343 1877 1378 Θαυμάσιά

1089 1388 1157 1421 ἐστι,
1175 1388 1221 1414 καὶ
1237 1388 1267 1414 οὐ
1284 1388 1397 1425 δεύτερα
1413 1388 1467 1415 τῶν
1483 1388 1667 1416 ἀποστολικῶν
1689 1389 1875 1426 ὁμολογουμέ-

1088 1443 1140 1462 νων
1157 1434 1338 1470 γραμμάτων,
1356 1435 1404 1461 καὶ
1420 1433 1498 1461 τοῦτο
1521 1434 1554 1462 ἂν
1570 1436 1705 1471 συμφήσει
1721 1432 1790 1462 εἷναι
1806 1436 1875 1472 ἀλη-

1089 1480 1143 1513 θὲς,
1160 1482 1213 1512 πᾶς
1228 1481 1242 1507 ὁ
1257 1480 1398 1517 προσέχων
1412 1481 1444 1516 τῇ
1457 1480 1608 1515 ἀναγνώσει
1622 1482 1654 1516 τῇ
1668 1482 1843 1518 ἁποστολικῇ.
1861 1492 1872 1509 ο

1089 1530 1198 1562 Τούτοις
1212 1530 1270 1566 μεθ’
1289 1530 1370 1566 ἔτερα
1384 1530 1506 1566 ἐπιφέρει
1520 1530 1606 1565 λέγων
1618 1538 1625 1545 ·
1643 1539 1652 1555 t
1680 1529 1750 1564 Ἐγὼ
1765 1530 1794 1556 δὲ
1810 1530 1876 1557 ἀπο-

1091 1576 1250 1612 φαινόμενος
1267 1576 1368 1612 εἵποιμ.”
1382 1575 1414 1602 ἂν
1431 1576 1472 1602 ὅτι
1488 1574 1522 1603 τὰ
1539 1576 1587 1612 μὲν
1599 1576 1721 1612 νοήματα
1731 1576 1778 1602 τοῦ
1795 1576 1876 1603 Ἀπο-

1091 1622 1183 1649 στόλου
1199 1623 1283 1655 ἐστὶν,
1298 1623 1314 1658 ἡ
1329 1623 1357 1650 δὲ
1373 1622 1472 1658 φράσις
1482 1622 1528 1649 καὶ
1541 1623 1557 1658 ὴ
1573 1622 1696 1654 σύνθεσις
1709 1623 1873 1658 ἀπομνημο-

1091 1668 1235 1700 νεύσαντός
1248 1677 1320 1700 τινος
1335 1668 1370 1695 τὰ
1383 1668 1557 1701 ἀποστολικὰ,
1573 1669 1620 1695 καὶ
1634 1669 1753 1704 ὡσπερεὶ
1770 1669 1875 1704 σχολιο-

1091 1715 1283 1750 γραφήσαντος
1299 1714 1353 1750 (61)
1368 1714 1403 1741 τὰ
1424 1715 1555 1750 εἰρημένα
1571 1714 1623 1741 ὑπὸ
1639 1714 1685 1741 τοῦ
1702 1715 1873 1743 διδασκάλου.

1089 1760 1122 1787 Εἴ
1135 1769 1177 1792 τις
1192 1758 1238 1787 οὖν
1262 1760 1408 1796 Ἐκκλησία
1424 1761 1480 1796 ἔχει
1496 1761 1597 1796 ταύτην
1612 1760 1661 1797 τὴν
1678 1761 1820 1798 ἐπιστολὴν
1834 1763 1874 1795 ὡς

1089 1805 1206 1839 Παύλου,
1229 1807 1297 1842 αὕτη
1315 1807 1491 1842 εὐδοκιμείτω
1508 1807 1555 1834 καὶ
1572 1807 1617 1833 ἐπὶ
1633 1807 1719 1842 τούτῳ
1741 1807 1809 1843 (62).
1834 1809 1873 1835 Οὐ

1088 1854 1142 1889 γὰρ
1160 1854 1221 1890 εικῆ
1235 1854 1260 1880 οἰ
1276 1855 1384 1890 ἀρχαῖοι
1398 1854 1493 1890 ἄνδρες
1508 1854 1545 1886 ὡς
1561 1854 1667 1880 Παύλου
1682 1854 1766 1890 αὐτὴν
1780 1863 1874 1891 παρα-

1088 1898 1228 1926 δεδώκασι.
1251 1899 1300 1930 Τὶς
1315 1899 1344 1925 δὲ
1365 1899 1380 1925 ό
1401 1899 1509 1935 γράψας
1523 1899 1572 1935 τὴν
1597 1899 1750 1935 ἐπιστολὴν,
1767 1900 1797 1927 τὸ
1823 1901 1876 1936 μὲν

1089 1944 1187 1980 ἀληθὲς
1203 1944 1268 1976 Θεὸς
1283 1943 1363 1972 οἶδεν.
1384 1943 1416 1971 Ἡ
1430 1945 1458 1971 δὲ
1475 1945 1514 1977 εις
1529 1946 1601 1981 ἡμᾶς
1616 1945 1742 1980 φθάσασα
1757 1946 1873 1982 ἱστορία,

1089 2045 1186 2072 Plotini
1200 2046 1317 2078 auditor,
1333 2046 1443 2082 scripsit
1465 2046 1628 2073 scholiorum
1648 2046 1733 2074 libros
1749 2052 1872 2082 centum,

1090 2082 1117 2107 in
1134 2081 1238 2119 _qu_ibus
1262 2088 1293 2108 ea
1316 2088 1404 2119 quasi:
1417 2081 1521 2119 [‘lotiuo
1542 2082 1567 2119 in
1587 2081 1714 2119 familiari
1735 2081 1873 2119 colloquio

1091 2116 1212 2142 strictius
1237 2121 1315 2142 erant
1331 2116 1440 2148 tradita,
1460 2117 1517 2148 ipse
1534 2117 1642 2144 uberius
1662 2116 1825 2151 exponebat,
1843 2126 1873 2147 ut

1090 2155 1205 2178 testatur
1221 2151 1385 2186 Porphyrius
1401 2151 1427 2177 in
1447 2151 1504 2177 Vita
1517 2151 1625 2179 Plotini.
1643 2152 1730 2184 Quare
1745 2153 1777 2180 de
1790 2154 1872 2181 Ame-

1091 2185 1126 2224 lio
1140 2186 1192 2212 dici
1205 2191 1303 2224 potest,
1314 2185 1379 2224 eum
1395 2186 1635 2224 ἀπομνημονεῦσαι
1651 2188 1874 2224 καὶγσχολιογρα-

1109 2221 1173 2256 ῆσαι
1193 2221 1387 2257 τὰνΠλωτίνου.
1411 2222 1509 2248 Eodem
1531 2230 1610 2248 sensu
1623 2221 1759 2257 Longinus
1782 2221 1869 2252 inlib.

1089 2230 1173 2282 chat
1193 2230 1227 2247 τα
1242 2230 1387 2247 ιιΛωτινου.
1411 2230 1509 2248 bonum
1531 2230 1610 2248 sensu
1623 2230 1759 2257 Longinus
1782 2231 1808 2250 tn
1822 2230 1869 2252 lib.

1089 2291 1092 2292 ν
1113 2256 1188 2292 e/ine
1203 2256 1325 2292 adversus
1343 2255 1487 2292 Plotinum.
1510 2257 1542 2283 de
1561 2258 1649 2284 Annio
1665 2262 1691 2284 et
1707 2257 1795 2285 Medio
1810 2259 1871 2292 phi-

1087 2290 1330 2328 losophisilnquens
1343 2291 1377 2328 ita
1390 2291 1455 2328 dicit
1474 2300 1479 2317 :
1497 2292 1528 2328 Oi
1545 2291 1573 2318 δὲ
1587 2291 1672 2328 μικρὰ
1690 2292 1785 2328 κομιδῆ
1801 2290 1872 2328 πρά-

1087 2334 1177 2360 γματα
1191 2327 1239 2361 τῆς
1250 2324 1303 2362 τῶν
1315 2325 1432 2351 παλαιῶν
1443 2326 1560 2362 ἱστορίας
1571 2324 1870 2362 ἀπομνημονεύσαντες,

1087 2362 1126 2397 εἰς
1147 2361 1327 2397 τουςῶαὑτορς
1345 2361 1442 2392 τόπους
1458 2361 1569 2394 ἐκείνοις
1583 2361 1760 2397 ἐπεχείρησαν
1783 2372 1872 2390 συντι-

1087 2395 1160 2422 θέναι
1179 2395 1276 2430 βιϐλία.
1295 2395 1320 2422 Id
1333 2402 1384 2432 est,
1404 2397 1449 2422 ulti
1465 2405 1523 2424 vero
1540 2395 1766 2432 exigue-quain":
1783 2407 1872 2425 excer-

1086 2436 1131 2464 pta
1160 2438 1192 2457 ea:
1220 2437 1330 2457 veterum
1359 2431 1432 2458 libris
1457 2431 1698 2464 commemorantes,
1725 2434 1756 2459 de
1777 2433 1870 2460 iisdem

1087 2466 1180 2496 quibus
1194 2464 1234 2491 illi
1247 2467 1407 2499 argumentis
1430 2475 1460 2492 ac
1478 2467 1541 2493 locis
1557 2467 1668 2494 scribere
1685 2468 1868 2495 instituerunt.

1087 2500 1154 2527 Vide
1168 2508 1228 2535 quze
1244 2508 1324 2534 supra
1343 2503 1467 2528 annotavi
1484 2503 1515 2527 ad
1532 2507 1610 2535 caput
1622 2502 1665 2532 l7,
1683 2502 1727 2528 lib.
1749 2510 1785 2530 Iv.

1122 2535 1177 2570 (62)
1191 2535 1384 2568 Εὺδοκιμείτω
1403 2536 1451 2562 ἐπὶ
1466 2537 1569 2570 τούτῳ.
1595 2537 1711 2563 Pessime
1734 2537 1790 2564 haec
1809 2537 1870 2565 Ori-

1087 2571 1162 2604 genis
1174 2571 1252 2597 verba
1266 2577 1401 2596 Verteruut
1412 2571 1548 2598 Museulus
1559 2576 1585 2598 et
1593 2572 1867 2605 Clirislophursonus.

1087 2606 1162 2638 Quod
1192 2606 1250 2632 ideo
1275 2606 1434 2632 IIlOllelltllllll
1461 2607 1535 2638 duxi,
1564 2614 1615 2634 nou
1641 2615 1693 2640 quo
1709 2608 1742 2634 de
1761 2608 1867 2635 illorum

1088 2639 1166 2667 laude
1193 2639 1337 2674 quidquam
1358 2642 1508 2673 detraham,
1534 2643 1580 2669 sed
1601 2647 1629 2668 ut
1645 2639 1795 2674 Ostendam,
1815 2651 1867 2670 non

1087 2675 1145 2702 sine
1176 2682 1255 2702 causa
1288 2682 1383 2701 novam
1412 2675 1520 2704 Eusebii
1552 2678 1701 2703 versionem
1737 2685 1752 2704 a
1788 2679 1868 2705 nobis

1088 2716 1240 2744 susceptam
1254 2708 1353 2747 luisse.
1371 2709 1424 2747 Nec
1440 2716 1527 2738 tamen
1541 2712 1754 2747 omnesqillorum
1775 2713 1869 2747 lap5ns

1088 2749 1180 2771 notare
1197 2745 1316 2776 institui;
1335 2745 1380 2772 sed
1401 2746 1485 2773 sicubi
1509 2747 1585 2773 locus
1605 2745 1720 2773 difﬁcilis
1737 2753 1764 2774 et
1781 2745 1868 2775 ambi-

1087 2787 1155 2842 8335
1168 2783 1301 2811 occurret,
1328 2785 1382 2806 tum
1400 2781 1504 2808 illorum
1526 2783 1677 2809 versionem
1696 2789 1748 2810 non
1765 2783 1868 2818 pigebit

1088 2822 1103 2841 ιι
1142 2822 1228 2842 acere.

1088 2822 1228 2842 auuucere.
