1996 3165
119 117 175 144 533

633 117 810 145 lliS'l'Olll.-E
831 117 1108 147 ECCLESIASTIC.E
1129 119 1195 146 LIB.
1216 119 1262 147 Vl.

1707 127 1759 154 565

120 175 175 202 ὑπό
192 184 271 202 τινων
299 175 348 211 μὲν
370 175 513 209 λεγόντων,
531 175 570 200 ὅτι
595 175 712 211 Κλήμης
735 177 748 202 ὸ
775 176 911 211 γενόμενος

974 177 1103 211 majorem
1122 177 1232 212 prmfert
1257 178 1344 206 Graeci
1369 180 1505 208 sermonis
1530 181 1706 216 elegantiam,
1732 189 1761 210 ut

119 221 272 252 ἐπίσκοπος
296 220 441 256 Ῥωμαίων
454 220 557 256 ἔγραψε
576 221 623 256 τὴν
637 221 792 257 ἐπιστολὴν,
810 221 862 248 ὑπό
877 231 918 248 τι-

120 274 176 292 νων
189 266 228 298 δὲ,
247 267 287 293 ᾶτι
300 267 408 298 Λουκᾶς
421 268 435 293 ὁ
449 267 558 302 γράψας
573 267 604 293 τὸ
621 267 788 301 Εὐαγγέλιον
805 268 852 294 καὶ
868 267 917 300 τὰς

120 312 249 347 Πράξεις.
269 322 278 338 ›
304 312 385 338 Ἀλλὰ
398 312 485 340 ταῦτα
502 312 552 347 μὲν
567 309 618 339 ὦδε
635 313 730 348 ἐχέτω.

972 222 1102 250 fatebitur
1113 223 1241 258 quisquis
1256 224 1289 251 de
1309 225 1370 260 styli
1394 226 1547 253 diflcrentia
1575 228 1662 262 perite
1684 228 1759 263 judi-

971 276 1034 295 care
1051 273 1152 303 potest.
1178 269 1212 296 Et
1225 273 1357 303 praetcrea
1374 272 1525 299 sententias
1536 273 1659 300 continet
1674 274 1760 301 adiui-

972 314 1084 345 rabilcs,
1111 322 1161 342 nec
1186 314 1298 350 scriptis
1313 317 1469 350 apostolicis
1484 318 1618 346 ullatenus
1645 320 1759 347 inferio-

121 367 177 387 res.
209 360 299 395 Atque
321 360 348 387 id
381 360 552 395 verissimum
577 367 637 388 esse
669 360 860 393 asscntientur,
886 360 1041 396 quicunque
1067 362 1253 397 apostolorum
1284 364 1383 398 scripta
1416 369 1519 393 attente
1555 369 1728 403 perlegerim.
1747 377 1756 394 ι

121 405 222 433 l'aucis
248 406 346 434 deinde
380 406 551 441 interpositis
578 406 636 434 lucc
663 406 804 442 subjungit
825 416 830 434 :
849 416 858 432 ι
880 407 936 441 Ego
955 415 1031 440 vero.
1049 408 1148 443 inquit,
1170 409 1207 436 ita
1238 417 1360 437 censeo:
1383 413 1532 441 sententias
1558 415 1665 448 quidem
1688 415 1760 449 ipsas

119 453 243 487 Apostoli
277 460 348 485 esse,
382 453 529 482 dictionem
547 460 638 482 autem
659 461 686 483 et
709 456 934 491 compositionem
953 457 1100 484 verborum
1122 465 1182 485 esse
1212 458 1326 485 alterius
1351 459 1502 494 cujusdam,
1529 462 1575 496 qui
1604 463 1675 490 dicta
1689 464 1760 498 Apo—

118 499 183 526 stoli
197 507 424 533 commemorare,
436 505 465 528 et
475 502 555 536 quasi
590 503 617 529 in
650 503 861 530 commentarios
877 503 999 538 redigere
1011 503 1129 531 voluerit
1144 511 1177 531 ea
1193 511 1253 538 quae
1282 511 1296 531 a
1327 506 1457 540 magistro
1475 507 1626 534 audiverat.
1641 507 1760 536 Proinde

119 545 143 572 si
157 552 217 581 qua:
250 544 370 573 Ecclesia
389 546 460 574 lianc
479 547 621 582 epismlam
656 555 704 583 pro
730 547 842 575 Paulina
865 548 959 581 habet,
979 556 1011 576 eo
1025 549 1132 577 nomine
1157 550 1292 578 laudetur.
1315 550 1409 586 Neque
1431 553 1502 580 enim
1521 557 1621 581 temere
1643 554 1759 589 majores

118 597 182 618 cum
215 590 290 617 Pauli
307 599 367 618 esse
399 592 591 629 tradiderunt._
602 593 669 627 Quis
704 599 794 621 autem
820 601 914 622 revera
944 594 1017 621 illam
1037 595 1191 629 scripserit,
1216 596 1267 622 soli
1293 596 1346 623 Deo
1372 602 1465 624 notum
1489 605 1550 625 esse
1581 599 1686 632 opinor.
1706 600 1759 626 Sed

118 637 271 672 scriptores
301 644 417 671 quorum
438 645 612 667 monumenta
641 640 674 667 ad
700 648 749 668 nos
782 648 866 676 usque
886 646 1079 675 pervenerunt,
1101 642 1199 676 partim
1219 643 1351 671 Clementi
1384 643 1512 671 Romana:
1532 645 1607 672 urbis
1632 645 1760 681 episcopo

117 691 180 710 eam
196 683 345 718 ascribunt,
360 685 458 720 partim
486 685 567 714 Luca:
598 687 643 721 qui
676 687 850 723 Evangeliuin
881 693 910 716 et
939 688 1024 716 Actus
1040 689 1224 724 apostolorum
1241 690 1338 717 litteris
1359 691 1487 725 prodidit.
1503 701 1513 718 ι
1541 692 1640 720 Verum
1662 693 1695 721 de
1719 693 1760 720 his

118 730 265 759 hactenus.

368 777 567 804 ΚΕΦΑΛΑῘΟΝ
587 779 661 812 Kq’.

123 822 175 856 Ὧς
195 822 345 858 ἰιρακλᾶς
360 821 417 856 τὴν
441 823 657 857 Ἀλεξανδρέων
668 824 843 858 ἐπισκοπὴν
859 824 916 851 διε-

325 857 432 890 δέξατο
444 858 514 892 (Nic.
533 858 567 885 Η.
581 859 614 885 E.
628 867 654 891 ν,
670 859 722 895 18).

158 903 238 935 Ἔτος
254 904 276 930 δ’
301 901 335 938 ἦν
351 903 430 930 τοῦτο
456 904 568 931 δέκατον
591 904 647 941 (65)
673 906 722 941 τῆς
746 905 915 941 δηλουμένης

116 948 280 984 ἡγεμονίας,
298 948 358 975 καθ’
370 949 384 975 ὃ
398 949 448 984 τὴν
462 949 509 975 ἀπ’
531 949 733 986 Ἀλεξανδρείας
747 951 916 986 μετανάστα-

119 1002 164 1020 σιν
188 993 234 1020 ἐπὶ
257 993 306 1029 τὴν
329 994 500 1029 Καισάρειαν
516 996 530 1021 ὁ
554 995 696 1031 Ὧριγένης
720 996 914 1031 ποιησάμενος,

125 1039 250 1075 ’Πρακλᾷ
259 1039 289 1066 τὸ
300 1039 350 1075 τῆς
362 1041 539 1076 κατηχήσεως
551 1039 605 1066 τῶν
620 1040 713 1067 αὐτόθι
730 1040 914 1067 διδασκαλεῖον

119 1085 280 1119 καταλείπει
303 1085 368 1120 (64).
386 1086 442 1112 Οὺκ
467 1086 507 1117 εἰς
529 1085 636 1121 μακρὸν
652 1085 680 1112 δὲ
698 1086 744 1112 καὶ
760 1087 914 1121 Δημήτριος

117 1133 133 1158 ὁ
149 1131 201 1166 τῆς
225 1131 422 1167 Ἀλεξανδρέων
448 1131 612 1167 Ἐκκλησίας
628 1131 776 1164 ἐπίσκοπος
790 1132 912 1168 τελευτᾷ,

117 1177 162 1212 ἐφ’
177 1177 247 1208 ὅλοις
259 1177 330 1203 ἔτεσι
344 1177 418 1213 τρισὶ
433 1178 480 1204 καὶ
492 1177 697 1212 τεσσαράκοντα
712 1179 745 1214 τῇ
760 1177 915 1214 λειτουργίᾳ

116 1222 283 1257 διαρκέσας·
309 1222 461 1258 διαδέχεται
486 1222 507 1248 δ’
535 1223 616 1249 αὐτὸν
639 1224 653 1249 ὁ
683 1222 830 1258 Ἠρακλᾶς.
858 1223 915 1249 Διέ-

119 1277 210 1303 xpers
221 1268 248 1295 δὲ
265 1268 392 1303 ἐντούτῳ
407 1267 582 1304 Φιρμιλιανὸς
594 1268 764 1304 Καισαρείας
773 1269 822 1303 τῆς
836 1270 914 1295 Καπ-

119 1313 247 1339 παδοκῶν
263 1313 423 1344 ἐπίσκοπος.

377 1359 575 1385 ΚΕΦΑΛΑῘΟΝ
592 1360 656 1386 KZ'.

244 1405 343 1438 Ὅπως
357 1404 451 1431 αὐτὸν
466 1403 564 1438 ἐώρων
577 1407 603 1431 oi
619 1404 790 1432 ἐπίσκοποι.

1196 779 1280 814 223
1300 778 1418 806 CAPUT
1435 780 1530 808 χχιι.

1040 825 1179 857 Quomodo
1196 825 1328 866 llerurlus
1344 821 1556 854 Narniidriiium
1571 828 1686 863 suscepit

1267 866 1456 894 episcopatum.

1002 905 1129 934 Decimus
1147 906 1191 933 hic
1204 910 1264 932 erat
1285 913 1374 934 annus
1392 907 1448 940 lani
1485 907 1549 935 dicti
1583 907 1757 943 imperatoris

967 950 1128 983 Alexandri,
1144 959 1204 978 cum
1220 951 1354 986 Origenes
1375 952 1409 980 ab
1433 954 1499 981 urbe
1515 953 1678 981 Alexandria
1700 955 1758 982 Cx-

967 1005 1072 1024 saream
1092 998 1268 1032 migraturus,
1294 998 1416 1025 scholam
1445 999 1479 1027 ad
1509 999 1601 1027 ﬁdeles
1624 1000 1683 1034 ejus
1706 1000 1756 1028 loci

967 1043 1146 1071 instituendos
1168 1043 1288 1071 lleraclie
1313 1045 1471 1080 dereliquit.
1500 1045 1554 1073 Nec
1583 1046 1667 1072 multo
1696 1051 1757 1080 post

966 1088 1121 1115 Demetrius
1134 1088 1384 1116 Alexandrinorum
1402 1090 1547 1125 cpiscopus
1569 1090 1626 1118 fato
1647 1090 1755 1118 functus

966 1138 1016 1166 est,
1034 1142 1095 1160 cum
1111 1142 1160 1169 per
1177 1140 1233 1162 tres
1252 1139 1279 1162 et
1294 1135 1475 1171 quadraginta
1501 1143 1588 1163 annos
1601 1136 1755 1163 Ecclesiam

965 1179 1193 1207 adiiiinistrassct.
1217 1180 1244 1206 ln
1275 1180 1354 1214 liujus
1395 1180 1486 1209 locum
1514 1182 1650 1209 successit
1670 1181 1757 1208 llera-

965 1225 1030 1253 clas.
1049 1225 1178 1253 Florebat
1197 1230 1262 1254 tunc
1286 1227 1417 1261 temporis
1431 1227 1608 1255 Firmilianus
1620 1227 1754 1255 Caesareae

969 1272 1039 1306 apud
1060 1271 1238 1307 Cappadocas
1255 1273 1410 1308 episcopus.

1243 1362 1358 1390 CAPUT
1372 1362 1479 1393 XXVII.

1055 1407 1176 1440 Qualiter
1187 1409 1303 1443 episcopi
1319 1408 1458 1443 Originent
1472 1409 1659 1442 luspiciebant.

156 1450 299 1486 Τοσαύτην
323 1451 441 1484 εἰσάγων
464 1451 527 1486 περὶ
548 1450 594 1477 τὸν
621 1451 763 1487 Ὠριγένην
786 1451 911 1486 σπουδὴν,

1003 1451 1054 1484 Qui
1071 1457 1126 1478 tam
1143 1460 1277 1487 propenso
1291 1460 1354 1488 erga
1370 1452 1516 1488 Origenem
1535 1454 1626 1481 animo
1642 1454 1703 1487 fuit,
1722 1460 1752 1482 ut

118 1499 158 1531 ὡς
174 1499 236 1525 τοτὲ
259 1499 308 1534 μὲν
325 1498 406 1525 αὑτὸν
423 1498 494 1533 ἀμφὶ
514 1497 548 1524 τὰ
564 1498 623 1524 κατ’
641 1498 723 1524 αὑτὸν
740 1497 860 1534 κλίματα
875 1499 916 1531 είς

119 1545 170 1580 τὴν
193 1543 246 1570 τῶν
264 1543 432 1579 Ἐκκλησιῶν
447 1543 579 1578 ὠφέλειαν
601 1543 784 1575 ἐκκαλεῖσθαι,
811 1543 871 1570 τοτὲ
887 1543 915 1570 δὲ

118 1590 158 1622 ὡς
184 1590 264 1617 αὑτὸν
289 1590 334 1616 ἐπὶ
353 1589 401 1624 τὴν
428 1589 556 1616 Ἰουδαίαν
580 1588 745 1621 στέλλεσθαι,
771 1589 816 1615 καί
838 1598 914 1620 τινας

119 1635 197 1672 αὐτῷ
210 1635 405 1671 συνδιατρίϐειν
419 1636 542 1672 χρόνους,
559 1636 608 1671 τῆς
623 1635 662 1668 είς
675 1635 709 1662 τὰ
729 1634 788 1662 οεῖα
804 1635 914 1670 βελτιώ-

121 1691 191 1715 σεως
211 1682 303 1709 ἕνεκα.
324 1682 362 1709 Οὐ
380 1681 433 1718 μὴν
458 1681 526 1709 ἀλλὰ
549 1682 597 1709 καὶ
619 1682 634 1708 ὁ
649 1681 699 1716 τῆς
720 1681 913 1717 Ἱεροσολύμων

120 1727 262 1763 προεστὼς
282 1727 468 1763 ’Δλέξανδρος,
482 1726 645 1759 Θεόκτιστός
656 1736 684 1753 τε
696 1728 710 1753 ὁ
722 1726 794 1753 κατὰ
809 1728 914 1754 Καισά-

119 1783 208 1812 ρειαν,
228 1775 274 1801 τὸν
286 1774 374 1801 πάντα
390 1773 486 1809 χρόνον
500 1772 566 1809 (65),
581 1772 619 1804 ὡς
634 1772 698 1804 ἔπος
715 1772 812 1805 εἰπεῖν,
828 1780 912 1807 προσ-

155 1891 213 1927 (65)
229 1891 314 1924 Ἔτος
328 1891 402 1926 δ’ἦν
411 1892 499 1919 τοῦτο
510 1891 647 1919 δέκατον.
661 1890 689 1918 ln
704 1891 785 1927 codd.
797 1891 865 1919 Med.
880 1900 911 1920 ac

120 1926 205 1958 Ma’zi,
214 1927 282 1954 Fuit.
296 1932 319 1954 et
332 1927 430 1958 Savil.,
441 1932 468 1954 et
479 1927 548 1960 apud
561 1926 742 1961 Nicephorum
755 1926 852 1961 legitur
864 1927 911 1953 δω-

119 1962 244 1988 δέκατον.
264 1963 291 1988 Ιιι
312 1961 440 1988 Cliroiiico
461 1961 568 1988 Eusebii
588 1962 643 1988 lucc
660 1961 785 1995 Origenis
810 1962 910 1996 migra-

121 1998 160 2024 tio
178 1998 212 2024 ab
227 1998 293 2024 urbe
308 1997 488 2023 Alexandrina
500 1997 532 2023 ad
545 1995 750 2025 Cmsarienseiii.
764 1995 911 2031 inquibus-

120 2032 183 2059 dam
199 2031 339 2058 codicibus
353 2032 469 2058 rcl'ertur
480 2038 552 2058 anno
565 2039 601 2058 xu
615 2031 775 2062 Alexandri,
790 2037 819 2058 ut
833 2032 909 2059 testis

119 2071 164 2100 est
178 2066 326 2094 Pontacus.
339 2067 392 2093 Sed
408 2067 477 2093 mira
492 2072 533 2093 est
547 2065 654 2093 Eusebii
669 2074 683 2092 a
701 2067 789 2100 seipse
806 2066 909 2093 dissen-

120 2097 174 2132 sio.
186 2103 233 2137 qui
246 2102 274 2137 in
287 2101 416 2137 Chronica
433 2109 492 2128 eam
512 2101 700 2134 migrationem
713 2097 908 2137 commemorat

121 2135 205 2163 aiiro
218 2136 259 2163 vel
278 2136 388 2162 biennio
401 2141 461 2170 post
481 2140 594 2162 mortem
611 2136 749 2163 Demetrii.
774 2135 822 2163 Hic
844 2143 908 2163 vero

119 2171 267 2207 Origenciii
283 2171 451 2207 Alexandria
462 2171 595 2207 migrasse
616 2172 710 2198 scribit
729 2172 808 2207 paulo
822 2176 908 2207 rante-

121 2201 203 2240 quain
221 2206 372 2233 Demetrius
388 2201 515 2232 ultimuni
525 2205 595 2232 diem
613 2201 736 2233 obiissetl
751 2205 827 2238 Quod
845 2206 907 2240 qui-
923 2201 946 2227 Β

120 2239 183 2269 dem
194 2242 284 2269 verius
297 2246 370 2274 puto.
387 2239 453 2266 Nam
467 2245 526 2274 post
539 2240 666 2268 Demetrii
681 2241 831 2273 interitum,
841 2240 908 2268 uiliil

118 2276 175 2310 jam
190 2283 280 2304 causa!
291 2281 349 2303 erat
362 2283 409 2302 cur
421 2274 553 2309 Origenes
566 2275 730 2302 Alexandria
746 2275 908 2308 discederet,

120 2319 184 2337 cum
218 2311 366 2345 praesertim
400 2310 536 2337 Demetrio
564 2310 740 2337 successisset
770 2310 908 2342 lleraclas,

120 2353 192 2373 unus
205 2353 238 2373 ex
255 2346 392 2379 discipulis
405 2345 542 2379 Origenis.
555 2346 667 2372 Accedit
681 2346 751 2378 quod
767 2345 810 2372 hic
826 2346 909 2372 refert

120 2381 264 2412 Eusebius,
283 2380 428 2415 Origenem
446 2387 478 2407 ex
494 2381 562 2407 urbe
585 2380 748 2407 Alexandria
764 2381 909 2407 disceden-

121 2420 190 2447 tem,
203 2423 302 2442 intinus
315 2414 392 2442 suum
408 2419 434 2442 et
446 2415 632 2442 catecliizandi
657 2414 774 2442 cilicium
788 2415 909 2442 [lerat-la:

122 2451 275 2477 tradidisse.
294 2451 332 2478 Ex
355 2458 408 2485 quo
427 2454 549 2484 apparet,
573 2450 720 2485 tirigenem
750 2450 830 2484 paulo
846 2455 909 2477 ante

121 2486 255 2520 prolatam
271 2494 285 2512 a
302 2485 439 2513 Demetrio
456 2486 588 2512 adversus
613 2486 700 2519 ipsum
723 2485 909 2520 excoumiuni-

120 2519 240 2548 catioiiis
257 2521 430 2552 sententiain,
445 2520 609 2547 Alexandria
629 2519 796 2547 discessisse.
818 2519 909 2554 Neque

119 2557 194 2582 enim
218 2562 280 2590 post
299 2556 372 2582 illam
396 2556 559 2590 sententiam
586 2555 770 2588 magisterium
786 2562 865 2590 suum
882 2555 907 2582 iii

118 2588 304 2618 Alexandrina
317 2590 437 2618 Ecclesia
455 2589 586 2625 Origenes
603 2591 721 2617 retinere
736 2590 834 2624 potuit.
854 2588 907 2616 Re-

119 2632 163 2653 cte
180 2627 264 2661 igitur
280 2625 415 2653 Baronius
435 2625 543 2661 Eusebii
564 2625 714 2661 Claroiiicon
728 2625 870 2661 emendat,
883 2628 909 2651 et

119 2659 247 2696 Oiigénis
264 2662 373 2696 quidem
389 2660 578 2694 migrationem
595 2661 627 2687 ab
641 2660 706 2687 urbe
725 2659 907 2696 Alexandrina

118 2695 226 2723 conlert
242 2697 268 2723 iii
280 2703 380 2722 annum
394 2703 409 2721 x
425 2696 581 2727 Alexandri,
597 2700 710 2722 niortcm
726 2702 790 2721 vero
811 2695 908 2721 Denic-

119 2733 166 2759 lrii
181 2733 208 2758 in
221 2738 323 2758 auuuin
342 2734 511 2765 sequentem.
539 2730 591 2756 Sed
608 2730 634 2756 in
650 2738 683 2757 eo
704 2730 814 2760 labitur,
835 2729 908 2762 quod

117 2767 282 2794 sententiam
293 2765 584 2792 excouimuuicationis
592 2772 606 2791 a
616 2765 752 2791 Demetrio
761 2765 840 2790 latam
848 2771 908 2790 esse

117 2803 184 2829 dirit
197 2808 269 2828 anno
283 2805 429 2835 antequam
441 2800 606 2827 Alexandria
619 2801 750 2834 migraret
763 2799 906 2834 Origenes.

116 2838 189 2872 quod
218 2835 408 2864 refutavimus.
435 2835 501 2862 Cum
522 2835 593 2862 enim
618 2835 804 2870 magisterium
829 2841 908 2861 suum

282 2882 418 2913 PATROL.
443 2882 500 2912 Gn.
525 2882 595 2913 XX.

966 1497 1046 1524 modo
1073 1496 1149 1524 illum
1174 1498 1200 1524 in
1225 1495 1302 1525 Suam
1326 1498 1496 1532 proriuciain
1520 1499 1552 1526 ad
1571 1499 1753 1528 EccleSiaruui

966 1538 1111 1570 utilitatem
1131 1548 1276 1575 evocarat,
1293 1545 1373 1571 modo
1390 1544 1423 1571 ad
1448 1545 1536 1579 ipsum
1564 1545 1708 1572 visendum
1725 1546 1751 1572 iu

964 1588 1085 1616 Iudaeam
1113 1597 1199 1624 usque
1230 1589 1460 1625 proficisceretur.
1481 1593 1508 1617 et
1529 1597 1581 1617 una
1605 1598 1667 1617 cum
1695 1589 1754 1624 ipso

965 1636 1124 1671 aliquandiu
1137 1642 1276 1672 maneret,
1290 1642 1319 1664 ut
1336 1637 1467 1671 majorem
1485 1645 1575 1665 rerum
1597 1638 1752 1666 divinarum

966 1683 1093 1710 nctitiain
1111 1683 1275 1718 perciperet.
1301 1682 1355 1710 Sed
1376 1688 1403 1710 et
1424 1683 1580 1710 Alexander
1601 1683 1756 1718 Hierosoly-

966 1736 1084 1760 morum,
1099 1734 1126 1757 et
1146 1729 1322 1757 'l'licoctistns
1341 1730 1472 1757 Caesareae
1496 1731 1566 1764 apud
1582 1730 1754 1758 paliDSllllalll

965 1775 1122 1810 cpiscopus,
1150 1775 1239 1810 ipsum
1267 1780 1401 1810 perpetuo
1439 1779 1568 1810 tanquam
1594 1778 1754 1811 magistrum

964 1892 1096 1927 Origenes
1124 1899 1232 1925 semper
1257 1892 1430 1919 Alexandrize
1459 1891 1611 1922 retinuerit,
1641 1897 1755 1927 apparet

964 1926 1050 1962 ipsum
1074 1931 1136 1953 ante
1164 1927 1365 1954 damnationem
1380 1927 1454 1953 illinc
1479 1927 1649 1962 discessisse.
1668 1926 1754 1953 Porro

963 1961 1024 1989 cum
1040 1961 1170 1995 Origenes
1183 1969 1211 1988 se
1222 1969 1236 1987 a
1255 1961 1391 1988 Demetrio
1405 1962 1430 1988 in
1445 1961 1548 1996 synodo
1561 1961 1751 1994 episcoporum

964 1997 1120 2024 damnatum
1140 2004 1201 2023 esse
1216 1997 1401 2029 comperisset,
1422 1996 1563 2030 epistolam
1586 1995 1696 2029 scripsit
1718 1998 1752 2023 ad

963 2032 1066 2058 amicos
1075 2039 1138 2058 suos
1149 2031 1194 2065 qui
1204 2036 1283 2058 erant
1293 2031 1474 2062 Alexandriae,
1487 2038 1537 2063 qua
1551 2031 1576 2056 iu
1587 2030 1751 2057 Demetrium

962 2073 987 2093 ei
1004 2067 1122 2099 reliquos
1130 2068 1271 2100 episcopos
1286 2065 1475 2092 invehebatur.
1489 2065 1552 2099 Ejus
1568 2069 1673 2100 partem
1685 2067 1752 2092 citat

963 2099 1186 2135 llierunyiuus'iu
1204 2101 1240 2126 lib
1263 2107 1282 2127 ιι
1296 2101 1426 2128 Adversus
1441 2100 1574 2134 Ruﬁnum.
1594 2099 1680 2134 Porro
1694 2101 1749 2134 jam

962 2137 1047 2163 semel
1065 2136 1196 2169 Origenes
1216 2135 1368 2162 (lies-aream
1397 2144 1426 2163 se
1446 2139 1596 2169 receperat,
1621 2135 1749 2162 Antonini

962 2171 1110 2198 Caracallie
1132 2171 1300 2204 temporibus
1323 2177 1331 2196 :
1349 2170 1396 2198 sed
1414 2179 1427 2197 a
1445 2170 1581 2197 Demetrio
1601 2170 1750 2198 lionoritice

961 2212 1103 2233 revocatus
1118 2206 1190 2231 brevi
1203 2205 1394 2232 Alexandriam
1407 2206 1535 2236 redierat,
1548 2210 1576 2231 ut
1587 2212 1667 2236 supra
1679 2212 1747 2232 reia-

963 2247 1017 2268 titiii
1033 2246 1084 2268 est.
1106 2240 1200 2267 Postea
1218 2248 1282 2267 vero
1296 2248 1356 2267 eum
1374 2240 1399 2266 in
1415 2241 1547 2268 Achaiam
1564 2240 1750 2274 proﬁciscere-

962 2281 1016 2308 tur,
1049 2283 1097 2309 per
1120 2275 1271 2302 Caesaream
1305 2275 1455 2302 Palaestina:
1476 2275 1620 2307 transiens,
1649 2275 1748 2302 ibidem

960 2311 1158 2346 presliyterrest
1172 2311 1323 2346 ordinatus.

996 2343 1052 2381 (tit)
1066 2345 1282 2381 Διδασκαλεῖον
1307 2345 1489 2372 καταλείπει.
1514 2343 1599 2381 Antea
1620 2344 1749 2381 lleraclas

960 2379 1068 2415 adjutor
1099 2381 1232 2407 duntaxat
1254 2380 1379 2413 Origenis
1410 2381 1500 2406 fuerat
1522 2380 1548 2405 in
1565 2379 1697 2415 docendo,
1721 2385 1749 2405 et

960 2413 1036 2449 quasi
1063 2416 1214 2450 proscolus,
1231 2415 1401 2450 utirefertur
1421 2422 1504 2450 supra
1528 2422 1587 2448 cap.
1601 2414 1658 2450 Alii.
1685 2413 1750 2450 !’_t)sl.

959 2448 1111 2478 discessum
1134 2455 1224 2476 autem
1258 2449 1398 2484 Origenis.
1420 2448 1574 2476 caiecbetcs
1597 2448 1658 2475 fuit.
1687 2448 1749 2475 ιιυυ

961 2486 1093 2512 liaronius
1114 2493 1175 2512 cum
1198 2485 1309 2511 ininiuic
1335 2485 1516 2516 distiuxisset,
1538 2484 1682 2512 Eusebium
1705 2489 1750 2510 tiic

961 2521 1015 2546 l'alii
1034 2520 1149 2554 putavit.

996 2552 1052 2589 (65)
1069 2554 1124 2581 Τὸν
1146 2554 1244 2580 πάντα
1272 2554 1391 2588 χρόνον.
1412 2552 1502 2580 Codex
1518 2553 1661 2589 liledicreus
1671 2552 1750 2589 addit

960 2590 997 2621 ὡς
1013 2590 1077 2621 ἔπος
1097 2590 1194 2616 εἰπεῖν.
1222 2590 1297 2622 Quod
1319 2591 1480 2615 coulirmare
1501 2589 1608 2614 videtur
1623 2588 1747 2614 Ruﬁnus.

961 2626 1060 2652 Eadem
1077 2627 1157 2650 verba
1183 2624 1270 2657 reperi
1290 2623 1371 2650 etiam
1396 2625 1422 2650 in
1439 2623 1518 2650 codd.
1534 2622 1614 2654 Mar...
1631 2622 1699 2649 Fuk.
1721 2629 1749 2648 et

961 2660 1024 2686 δην.
1055 2660 1188 2686 Caeterum
1228 2659 1254 2685 in
1289 2658 1368 2692 hujus
1405 2658 1456 2686 loci
1490 2659 1664 2685 distinctione
1700 2664 1748 2682 va-

960 2696 1032 2722 iiaiit
1064 2695 1149 2721 nostri
1178 2694 1297 2720 codices.
1330 2693 1398 2720 Nam
1423 2693 1523 2727 llcgius
1552 2693 1660 2727 quidem
1694 2700 1747 2718 uno

960 2734 1054 2756 tenore
1082 2728 1177 2756 scribit
1202 2729 1414 2764 προσανέχοντες
1442 2727 1516 2764 αὑτῷ
1549 2727 1592 2754 οἷα
1622 2727 1748 2754 διδασκά-

960 2764 1008 2799 λῳ,
1026 2769 1053 2792 et
1067 2765 1106 2791 sic
1120 2764 1297 2798 Niccpliorus.
1320 2764 1427 2798 ttetiqui
1446 2764 1553 2791 codices
1571 2768 1631 2799 post
1654 2770 1748 2789 \‘Occut

960 2790 1039 2835 adiit];
1048 2790 1157 2828 illioram
1170 2790 1313 2827 a'dliibent.

1555 2880 1593 2912 19
