2002 3169
261 126 314 154 587

632 122 766 150 El'SEBlI
787 118 1025 150 CAESARIENSIS
1043 120 1119 150 OPP.
1139 121 1227 149 PARS
1246 121 1265 148 l.
1286 137 1318 142 —
1339 120 1533 150 HlSTORlCA.

1834 122 1886 149 588

259 184 453 215 auscultantes,
464 182 514 210 soli
530 182 782 217 interpretationem
795 190 879 223 sacrae
888 183 1029 218 Scriptura

1084 211 1085 214 η
1102 182 1245 217 ανέχοντες
1272 181 1365 217 αὐτῷ,
1389 180 1432 209 οἷα
1450 182 1604 217 διδασκάλῳ
1621 182 1693 217 μόνῳ
1713 181 1748 208 τὰ
1763 181 1811 216 τῆς
1829 182 1885 209 ἰῶν

259 238 292 258 ac
309 231 440 265 reliquum
456 237 536 256 omne
556 229 751 257 ecclesiastica:
772 229 904 257 doctrina:
927 229 1044 256 olilcium

259 276 449 311 permiserunt.

526 319 639 349 CAPUT
655 320 779 356 ,XXVIII.

416 367 454 394 De
470 367 650 401 persecutione
661 366 708 393 sub
724 366 882 394 Maximino.

292 414 400 442 interea
424 421 496 441 cmso
520 413 675 440 Alexandro
694 413 872 447 imperatore,
891 415 936 449 qui
954 415 1044 442 trede-

257 461 308 487 cim
324 460 402 486 annis
419 463 589 494 regnaverat,
607 459 632 485 in
645 458 703 492 ejus
719 458 808 485 locum
822 460 945 487 succedit
958 460 1043 488 Maxi-

257 506 356 532 minus.
370 505 431 539 Qui,
444 505 517 541 gravi
527 507 588 534 odio
596 514 744 534 succensus
758 506 889 533 adversus
906 505 1040 535 familiam

256 552 402 579 Alexandri
425 552 451 578 in
472 559 525 586 qua
542 552 666 587 plerique
687 557 766 580 erant
793 552 954 587 Christiani,
978 562 1041 589 pcr-

255 599 395 625 secntione
406 598 525 625 excitata
541 598 615 626 solos
635 599 816 627 Ecclesiarum
833 601 978 631 antistites.
999 607 1042 633 nt-

255 648 316 676 po'e
340 643 502 678 evangelica:
526 644 728 677 prmdicationis
759 650 894 676 auctores.
923 647 1040 674 interfici

251 689 343 723 jussit.
359 689 417 722 Quo
439 693 560 724 tempore
579 690 710 724 Origenes
733 690 832 717 librum
852 690 888 718 De
910 693 1041 726 martyrio

252 733 414 768 cotuposuit.
441 740 520 767 quem
544 734 690 761 Ambrosio
718 738 745 760 et
772 734 927 762 Protoeteto
951 735 1041 762 ϐίοτο-

253 779 352 807 ricnsis
386 779 515 807 Ecclesiae
543 779 702 814 presbytero
730 779 877 812 dedicavit,
907 788 940 808 eo
967 781 1040 815 quod

252 825 402 859 uterquein
417 832 448 851 ea
463 825 651 858 persecutione
670 832 722 852 non
738 825 876 852 mediocre
892 825 1038 853 discrimen

1098 228 1177 255 θείων
1194 228 1309 264 Γραᾳῶν
1330 228 1478 265 ἑρμηνείας
1494 228 1541 255 καὶ
1564 228 1597 254 τὰ
1617 226 1698 255 λοιπὰ
1717 228 1765 254 τοῦ
1782 228 1882 263 ἐκκλη-

1100 274 1238 301 σιαστικοῦ
1255 274 1334 308 λόγου
1352 274 1405 310 (66)
1421 275 1549 310 πράττειν
1567 274 1744 310 συνεχώρουν.

1343 320 1541 346 ΚΕΦᾹᾹΛΙΟΝ
1570 320 1637 346 KH'.

1094 365 1163 399 Περὶ
1171 365 1222 393 τοῦ
1231 367 1306 392 κατὰ
1314 365 1479 400 Μαξιμῖνον
1489 365 1692 404 διαηγιοᾷψῐο.
1705 365 1740 392 Η,
1751 364 1782 391 Ε.
1791 374 1816 397 v,
1824 365 1880 400 ρο).

1129 411 1180 437 Τόν
1202 419 1234 445 γε
1252 411 1304 446 μὴν
1333 411 1476 446 Ῥωμαίων
1495 410 1683 446 αὐτοκράτορα
1711 411 1882 446 Ἀλέξανδρον

1094 455 1181 490 τρισὶν
1203 455 1291 482 ἔτεσιν
1311 456 1357 482 ἐπὶ
1372 455 1438 482 δέκα
1456 456 1506 491 τὴν
1522 456 1608 491 ἀρχὴν
1626 455 1798 488 διανύσαντα,
1819 457 1881 483 Μα-

1094 500 1197 536 ξιμίνος
1210 502 1317 536 Καῖσαρ
1327 500 1485 536 διαδέχεται·
1501 501 1529 533 ὃς
1542 501 1573 537 δὴ
1586 501 1656 527 κατὰ
1669 501 1747 528 κότον
1754 501 1798 528 τὸν
1812 501 1879 537 πρὸς

1092 546 1137 572 τὸν
1155 546 1328 583 Ἀλεξάνδρου
1338 546 1412 573 οἷκον
1423 548 1454 573 ὲκ
1465 546 1592 574 πλειόνων
1601 547 1703 573 πιστῶν
1713 548 1876 579 συνεστῶτα,

1093 591 1212 626 διωγμὸν
1229 592 1347 626 ἐγείρας,
1357 592 1419 623 τοὺς
1434 591 1488 618 τῶν
1502 592 1669 627 ”Εκκλησιῶν
1681 592 1814 627 ἄρχοντας
1831 592 1879 627 μό-

1092 645 1163 668 νους,
1178 637 1215 669 ὡς
1232 636 1333 668 αἰτίους
1345 637 1395 671 τῆς
1410 635 1480 663 κατὰ
1491 636 1520 663 τὺ
1530 637 1694 670 Εὑαγγέλιον
1706 637 1879 669 διδασκαλίας

1091 682 1260 718 ἀναιρεῖσθαι
1288 682 1460 718 προστάττει.
1491 682 1557 708 Τότε
1584 683 1631 709 καὶ
1663 683 1802 718 Ὠριγένης
1832 683 1878 710 τὸν

1092 729 1159 762 Περὶ
1172 730 1335 763 μαρτυρίου
1363 730 1512 763 συντάττει,
1535 730 1688 766 Ἀμϐροσίῳ
1701 731 1749 757 καὶ
1771 731 1878 766 Πρωτο-

1091 774 1182 809 κτήτῳ
1210 775 1387 810 πρεσϐυτέρῳ
1411 776 1462 810 τῆς
1488 776 1517 802 ὲν
1543 776 1695 811 Καισαρείᾳ
1720 776 1876 811 παροικίας,

1090 820 1200 852 ἀναθεὶς
1215 820 1246 847 τὸ
1262 820 1448 856 σύγγραμμα⁸
1464 822 1505 848 ὅτι
1517 822 1548 857 δὴ
1560 822 1643 857 ἄμφω
1657 823 1816 857 περίστασις
1827 823 1876 858 οὐχ

252 871 384 898 subierat.
401 869 479 899 Unde
494 874 521 897 ct
536 871 683 898 maximam
697 870 810 905 gloriam
827 871 862 899 ob
887 871 1029 899 confessio

1089 866 1105 900 ἠ
1118 864 1235 900 τυχοῦσα
1251 865 1280 892 ἐν
1294 866 1333 900 τῷ
1352 866 1464 901 διωγμῷ
1481 866 1646 902 κατειλήφει.
1668 868 1712 893 Ἐν
1760 868 1805 894 καὶ
1820 868 1876 895 δια-

252 924 312 943 nem
328 916 446 944 nominis
464 915 565 943 Christi
585 915 666 942 ambo
695 915 820 943 retulisse
847 917 1035 950 perhibentur,

250 969 310 988 cum
332 960 495 987 Maximinus
509 968 561 987 non
576 960 634 994 plus
646 967 726 994 quam
743 960 825 995 229
847 961 955 988 triennii
973 970 1036 995 spa-

250 1007 315 1033 tium
331 1005 516 1040 perdurasset.
533 1004 616 1039 llujus
645 1012 726 1039 porro
750 1006 949 1040 persecutionis
968 1011 1035 1034 tem-

249 1059 299 1085 pus
314 1051 417 1078 indicat
431 1049 562 1085 Origenes
586 1055 641 1078 tum
664 1051 690 1078 in
714 1051 803 1086 primo
818 1057 845 1079 et
859 1053 988 1081 vicesimo
1003 1053 1036 1080 li-

249 1099 300 1126 bro
320 1098 521 1133 Expositionum
545 1099 573 1126 in
589 1098 701 1126 Joannis
726 1099 910 1135 Evangelium,
929 1104 984 1128 tum
1007 1100 1033 1127 in

248 1145 363 1172 diversis
375 1145 508 1180 epistolis.

524 1190 638 1220 CAPUT
664 1189 762 1219 XXIX.

249 1236 285 1264 De
297 1235 428 1270 Fabiana,
439 1236 554 1272 qualiter
568 1237 746 1265 Romanorum
756 1239 892 1273 episcopus
906 1228 1039 1265 diuinitus

529 1273 681 1307 designatus
701 1277 749 1299 est.

280 1317 390 1344 Interim
417 1324 477 1344 cum
493 1317 684 1345 Gordianusin
704 1317 844 1344 Maximini
864 1317 949 1345 locum
968 1325 1032 1346 suc-

244 1363 384 1395 cessisset,
400 1368 508 1390 mortuo
524 1362 657 1390 Pontiano
676 1363 722 1396 qui
736 1370 782 1389 sex
798 1363 875 1390 annis
889 1356 1028 1399 episcopa-

246 1414 302 1435 tum
319 1412 456 1440 tenuerat,
471 1407 599 1435 Ecclesia:
615 1408 744 1435 Romana:
764 1408 1028 1437 administrationem

245 1454 365 1488 suscepit
378 1454 505 1481 Anteros.
525 1453 573 1481 llic
596 1453 667 1480 intra
690 1454 771 1480 unius
792 1454 894 1481 mensis
915 1454 1031 1489 spatium

245 1498 397 1525 sacerdotio
410 1498 577 1532 perfunctus,
596 1497 747 1525 Fabianum
762 1505 952 1526 successorem
966 1499 1032 1526 reti-

1087 910 1190 947 πρέψαι
1205 911 1313 946 κατέχει
1328 911 1406 946 λόγος
1423 913 1452 938 ἐν
1471 912 1600 948 ὁμολογίᾳ
1622 913 1686 944 τοὺς
1707 913 1818 949 ἄνδρας,
1844 915 1874 940 οὗ

1087 957 1209 990 πλείονος
1228 958 1245 994 ἦ
1268 958 1392 994 τριετοῦς
1414 959 1510 994 χρόνου
1527 958 1581 993 (67)
1598 958 1636 993 τῷ
1658 959 1802 994 Μαξιμίνῳ
1818 959 1876 986 δια-

1073 1004 1243 1040 γενομένου.
1265 1004 1453 1040 Σεσημείωται
1467 1004 1494 1030 δὲ
1510 1004 1615 1030 τουτονὶ
1629 1004 1677 1030 τοῦ
1694 1005 1813 1040 διωγμοῦ
1829 1005 1874 1032 τὶν

1086 1051 1180 1086 καιρὸν
1191 1051 1220 1078 ἔν
1231 1060 1261 1078 τε
1272 1051 1311 1087 τῷ
1325 1051 1443 1088 δευτέρῳ
1455 1052 1501 1078 καὶ
1513 1051 1627 1087 εἰκοστῷ
1640 1052 1692 1078 τῶν
1704 1053 1746 1085 εἰς
1757 1052 1791 1078 τὸ
1799 1053 1874 1079 κατὰ

1091 1097 1232 1130 Ἰωάννην
1251 1096 1447 1132 ἐξηγητικῶν,
1461 1097 1508 1124 καὶ
1523 1097 1552 1124 ὲν
1568 1097 1705 1133 διαφόροις
1718 1097 1873 1129 ἐπιστολαῖς

1084 1144 1098 1169 ὁ
1121 1143 1271 1179 Ὡριγένης.

1338 1188 1535 1216 ΚΕΦᾹΛΔῙΟΝ
1556 1187 1621 1216 ΚΘ’.

1083 1233 1154 1267 Περὶ
1171 1232 1331 1262 Φαϐιανοῦ,
1345 1233 1385 1265 ὡς
1403 1232 1553 1267 Ῥωμαίων
1569 1232 1735 1267 ἐπίσκοπος
1749 1231 1784 1267 ἐκ
1798 1230 1871 1258 Θεοῦ

1149 1267 1326 1302 παραδόξως
1339 1266 1497 1302 ἀνῖδείχθη
1510 1267 1581 1302 (Nic.
1600 1266 1636 1294 ll.
1653 1266 1686 1294 E.
1703 1275 1729 1298 v,
1743 1266 1802 1300 26).

1118 1314 1262 1349 Γορδισνοῦ
1278 1314 1305 1340 δὲ
1326 1313 1381 1349 (68)
1398 1313 1468 1348 μετὰ
1486 1312 1638 1348 Μαξιμῖνον
1651 1312 1700 1348 τὴν
1726 1311 1871 1347 Ῥωμαίων

1083 1358 1231 1395 ἡγεμονίαν
1252 1359 1452 1394 διαδεξαμένου,
1471 1359 1522 1394 τῆς
1543 1357 1613 1385 κατὰ
1633 1357 1742 1393 Ῥώμην
1761 1356 1872 1392 Ἐκκλη-

1084 1406 1144 1438 σίας
1163 1407 1308 1433 Ποντιανδν
1329 1405 1417 1433 ἐτεσιν
1433 1404 1462 1439 ἓξ
1483 1403 1727 1438 ὲπισκοπεύσαντα,
1741 1403 1869 1443 ,διαδέχε-

1082 1460 1127 1480 ται
1149 1453 1291 1488 Ἀντέρως,
1305 1453 1352 1479 καὶ
1367 1451 1460 1478 τοῦτον
1475 1451 1606 1483 Φαὸιανδς
1618 1452 1664 1478 ἐπὶ
1679 1451 1750 1486 μῆνα
1764 1452 1797 1486 τῇ
1815 1451 1870 1477 λει-

1082 1499 1198 1535 τουργίᾳ
1217 1498 1453 1534 διακονησάμενον.
1481 1497 1527 1528 Ἐξ
1550 1496 1635 1532 ἀγροῦ
1656 1505 1723 1531 φασι
1745 1496 1790 1523 τὸν
1813 1497 1868 1530 Φαέ

244 1543 312 1577 quil.
327 1542 404 1569 llunc
419 1541 568 1569 Fabianum
592 1547 653 1576 post
672 1542 816 1570 Aulerotis
837 1548 950 1571 mortem
977 1552 1029 1572 una

1084 1543 1174 1570 διανδν
1187 1543 1255 1578 μετὰ
1267 1543 1316 1578 τὴν
1332 1542 1494 1578 Ἀντέρωτος
1504 1542 1629 1577 τελευτὴν
1641 1541 1688 1577 ἅμ’
1699 1540 1802 1576 ἑτέροις
1813 1540 1868 1576 (69)

243 1595 304 1614 cum
319 1587 380 1615 aliis
394 1587 571 1615 familiaribus
589 1587 646 1615 suis
661 1587 775 1615 Romam
788 1596 821 1615 ex
836 1596 902 1624 agro
919 1590 1030 1618 venisse

243 1633 347 1664 dicunt,
362 1636 442 1666 atque
459 1631 513 1659 illic
529 1633 681 1667 degentem,
695 1632 848 1667 opitulante
865 1634 911 1662 Dei
928 1636 1028 1669 gratia.

243 1682 343 1712 prmter
373 1677 495 1704 omnium
528 1679 762 1712 exspectationem
791 1680 825 1707 ad
852 1681 1030 1715 pontificatus

242 1727 342 1749 sortem
363 1723 529 1756 pervenisse.
555 1723 620 1750 Nam
644 1731 705 1751 cum
724 1724 823 1752 fratres
848 1732 945 1754 omnes
963 1735 1027 1754 sue-

241 1768 357 1795 cessoris
372 1769 515 1796 ordinandi
530 1776 611 1797 causa
629 1769 654 1796 in
668 1770 786 1798 ecclesia
801 1775 893 1799 essent
910 1779 1026 1807 congre-

190 1826 199 1830 -
241 1814 308 1849 gati,
324 1822 355 1844 ac
371 1815 492 1850 plerique
517 1815 573 1849 jam
600 1816 720 1843 illustres
742 1815 845 1851 aliquot
868 1822 896 1844 et
921 1818 1026 1846 nobiles

241 1860 313 1887 viros
325 1859 462 1894 eligendos
477 1867 537 1887 esse
551 1860 730 1894 coujicerent,
757 1861 790 1888 de
815 1860 939 1889 Fabiano
963 1863 1026 1896 qni-

240 1906 300 1932 dem
316 1906 362 1940 qui
379 1910 435 1933 ttun
456 1914 578 1940 praesens
601 1907 709 1939 aderat,
736 1913 817 1934 nemo
839 1914 872 1932 ne
890 1908 1025 1941 tantisper

239 1950 346 1984 quidem
359 1950 505 1984 cogitabat.
521 1951 677 1978 Columbam
700 1955 789 1978 tamen
802 1956 916 1985 repente
931 1959 947 1980 e
962 1952 1027 1979 sub-

239 1996 295 2023 limi
311 1996 447 2030 delapsam
473 1996 556 2030 capiti
572 1996 644 2023 illius
659 1996 795 2024 insedisse
815 2002 939 2028 narrant,
953 2005 1015 2032 qua:

238 2040 356 2074 Spiritus
380 2041 467 2068 sancti
493 2041 538 2075 qui
565 2040 630 2068 olim
657 2042 708 2068 sub
729 2040 862 2069 columba:
882 2043 975 2076 specie
999 2043 1024 2070 in

239 2087 408 2115 Servatorem
435 2085 618 2118 descenderat,
648 2086 795 2121 imaginem
820 2087 924 2115 referre
948 2089 1022 2115 vide-

239 2129 328 2158 batur.
345 2129 404 2163 Quo
421 2130 578 2165 spectaculo
608 2137 749 2166 permotus
766 2132 880 2167 populus
894 2141 909 2160 a
927 2134 1020 2161 divino

238 2174 342 2209 Spiritu
359 2175 499 2209 incitatus,
515 2184 620 2204 summa
638 2184 698 2204 cum
716 2178 859 2206 alacritate
874 2186 929 2206 uno
955 2187 1020 2206 con-

236 2228 317 2248 sensu
334 2221 413 2248 simul
427 2221 515 2249 cumis
529 2221 684 2250 exclamare
710 2223 793 2258 erepit
815 2224 927 2259 dignum
949 2231 1020 2257 esse,

270 2312 613 2349 (ϐωῘΕζκλῃσιασι-ικοῦ
624 2315 727 2349 λόγου.
746 2314 773 2342 ιιι
787 2320 828 2342 est
841 2314 958 2343 oliieium
974 2316 1021 2343 do-
1037 2317 1059 2346 ι)

235 2347 316 2384 cendj
335 2347 360 2374 in
373 2347 512 2384 Ecclesia,
529 2349 628 2384 dequo
644 2347 723 2384 supra
742 2351 879 2377 adnotavi.

270 2383 325 2419 (67)
343 2383 387 2419 012
399 2384 542 2416 πλείονος
556 2383 575 2417 ἢ
591 2383 722 2417 τριέτὸυς
735 2385 857 2419 χρόνου.
871 2385 955 2418 Hujus
969 2385 1019 2412 loci

233 2417 630 2455 sensum_Christ9phorsonus
659 2417 771 2447 minime
795 2417 945 2451 intellexit,
973 2421 1019 2455 qui

233 2453 406 2489 Ambrosium
421 2458 448 2480 et
459 2453 642 2489 Protectetum
658 2455 707 2481 sub
719 2455 799 2481 ﬁnem
813 2455 918 2489 imperii
932 2453 1018 2481 Maxi-

234 2488 299 2515 mini
317 2487 352 2515 ob
365 2495 463 2515 nomen
480 2487 580 2515 Christi
596 2493 707 2516 vexatos
728 2489 811 2517 fuisse
835 2487 951 2517 censuit.
965 2489 1019 2516 Ve-

234 2531 293 2550 rutn
315 2523 341 2550 id
363 2530 416 2549 non
440 2522 505 2549 dicit
530 2523 673 2555 Eusebius.
698 2525 746 2551 sed
770 2525 822 2551 hoc
839 2529 943 2551 tantum
967 2524 1019 2551 sibi

232 2557 300 2589 vult,
320 2562 376 2585 toto
393 2556 530 2584 Maximini
547 2558 652 2593 imperii
669 2563 789 2593 tempore
802 2559 1018 2592 persecutionem

232 2593 384 2624 duravisse,
397 2593 444 2619 sed
460 2593 518 2620 dies
533 2592 604 2620 illius
615 2592 751 2621 breviatbs
769 2593 862 2625 fuisse,
878 2599 907 2620 ιιι
920 2594 953 2621 de
964 2594 1019 2620 An-

233 2627 358 2655 tichristo
373 2627 514 2661 Scriptura
542 2627 673 2661 loquitur.
699 2628 784 2656 Porro
805 2628 956 2662 persecutio
973 2628 1017 2655 illa

232 2662 282 2690 sub
299 2662 446 2689 Maximino
460 2662 524 2696 imp.
540 2667 600 2696 post
611 2663 764 2690 diuturnam
779 2663 906 2691 Ecclesiw
922 2671 1014 2696 pacein

233 2702 342 2730 repente
366 2697 462 2724 oborta
487 2695 528 2724 est
541 2695 583 2723 iob
611 2697 765 2732 frequentes
789 2702 816 2725 et
841 2695 1019 2731 graviSsiinoS

232 2735 313 2767 terra:
329 2736 435 2767 motus,
451 2739 518 2766 quos
542 2739 618 2767 more
644 2740 695 2759 suo
719 2733 833 2767 gentiles
853 2732 1019 2760 Christianis

231 2765 419 2799 imputabant,
446 2765 476 2793 u’t
501 2766 577 2792 testis
602 2772 645 2793 est
667 2765 841 2794 Fit-milianus
863 2768 889 2794 iu
905 2767 1018 2799 epistola

228 2799 464 2862 :g7Cyprianum.
487 2799 555 2829 Vide
571 2799 717 2831 Barouium
737 2803 769 2831 ad
793 2809 894 2830 annum
914 2802 1017 2831 Christi

375 2919 391 2927 ι

1083 1587 1254 1620 συνελθόντα,
1274 1587 1464 1623 ἐπιχωριάζειν
1486 1588 1519 1622 τῇ
1548 1586 1651 1622 Ῥώμῃ,
1669 1585 1733 1612 ἔνθα
1749 1585 1869 1621 ’παραδο-

1080 1634 1178 1667 ξότατα
1193 1633 1262 1669 πρὸς
1276 1633 1324 1668 τῆς
1340 1633 1415 1665 θείας
1427 1632 1473 1659 καὶ
1488 1631 1614 1668 οὐρανίου
1634 1631 1744 1666 χάριτος
1760 1630 1805 1657 ἐπὶ
1820 1630 1868 1657 τὸν

1080 1679 1179 1715 κλῆρον
1200 1678 1425 1716 παρεληλυθέναι.
1444 1679 1504 1705 Τῶν
1525 1678 1580 1714 γὰρ
1596 1677 1717 1712 ἀδελφῶν
1739 1677 1868 1704 ἁπάντων

1079 1726 1244 1760 χειροτονίας
1254 1725 1347 1751 ἕνεκεν
1358 1725 1409 1759 τῆς
1419 1723 1466 1751 τοῦ
1482 1723 1624 1760 μέλλοντος
1638 1722 1803 1755 διαδέξεσθαι
1816 1722 1866 1758 τὴν

1079 1771 1243 1807 ἐπισκοπὴν,
1271 1771 1318 1798 ἐπὶ
1343 1771 1392 1806 τῆς
1417 1770 1564 1806 ἐκκλησίας
1592 1768 1865 1804 συγκεκροτημένων,

1080 1817 1212 1844 πλείστων
1225 1826 1254 1843 τε
1269 1816 1407 1851 ἐπιφανῶν
1423 1817 1470 1843 καὶ
1485 1816 1596 1848 ἐνδόξων
1612 1814 1714 1850 ἀνδρῶν
1730 1816 1786 1846 τοῖς
1802 1815 1867 1841 πολ-

1079 1861 1134 1892 λοῖς
1147 1862 1175 1888 ὲν
1188 1861 1300 1897 ὑπονοίᾳ
1323 1861 1377 1896 (70)
1393 1860 1580 1896 ὑπαρχόντων,
1593 1860 1607 1886 ὁ
1621 1859 1754 1890 Φαὸιανδς
1769 1858 1865 1894 παρὼν

1079 1906 1184 1938 οὐδενὸς
1200 1906 1249 1942 μὲν
1266 1905 1416 1942 ἀνθρώπων
1430 1906 1469 1937 είς
1481 1905 1598 1932 διάνοιαν
1614 1904 1656 1940 ᾔει
1669 1912 1676 1919 ·
1692 1904 1767 1939 ὅμως
1780 1903 1801 1929 δ’
1817 1902 1865 1930 οὖν

1078 1952 1175 1988 ἁθρόον
1191 1953 1223 1978 ὲκ
1244 1951 1379 1987 μετεώρου
1394 1950 1556 1986 περιστερὰν
1573 1950 1750 1977 καταπτᾶσαν
1767 1949 1865 1975 ἐπικα-

1079 1995 1207 2030 θεσθῆναι
1227 1997 1260 2031 τῇ
1281 1995 1362 2022 αὑτοῦ
1390 1995 1493 2030 κεφαλῇ
1520 1994 1728 2030 μνημονεύουσι,
1752 1994 1865 2030 μίμημα

1077 2041 1283 2077 ὲνδεικνυμένην
1299 2041 1350 2077 τῆς
1365 2042 1411 2068 ἐπὶ
1426 2041 1471 2067 τὸν
1486 2041 1600 2077 Σωτῆρα
1615 2040 1662 2067 τοῦ
1685 2040 1763 2074 ἁγίου
1777 2040 1865 2066 Πνεύ-

1079 2096 1163 2121 ματος
1175 2088 1204 2114 ὲν
1218 2087 1283 2114 εἴδει
1295 2088 1458 2123 περιστερᾶς
1470 2087 1593 2113 καθόδου.
1612 2087 1669 2121 Ἐφ’
1682 2083 1704 2120 ᾧ
1715 2086 1761 2112 τὸν
1775 2085 1864 2117 πάντα

1075 2133 1138 2159 λαὸν
1164 2133 1257 2169 ὥσπερ
1281 2134 1326 2168 ὑφ’
1358 2134 1415 2165 ἐνὸς
1439 2133 1592 2168 πνεύματος
1618 2133 1689 2160 θείου
1716 2133 1864 2168 κινηθέντα

1075 2180 1166 2214 ὁμόσε,
1188 2180 1325 2216 προθυμίᾳ
1342 2180 1416 2216 πάσῃ
1433 2180 1480 2206 καὶ
1495 2181 1544 2215 μιᾷ
1559 2179 1643 2215 ψυχῇ,
1657 2178 1731 2211 ἄξιον
1751 2179 1863 2214 ἐπιϐοῆ-

1076 2234 1120 2252 σαι
1136 2225 1202 2262 (71),
1221 2227 1266 2253 καὶ
1279 2222 1438 2261 ὰμελλήτως
1454 2226 1500 2253 ἐπὶ
1513 2226 1558 2253 τὸν
1578 2225 1671 2262 θρόνον
1683 2225 1733 2261 τῆς
1749 2226 1861 2252 ἐπισκο-

1109 2314 1164 2356 (68)
1181 2314 1347 2357 rogatur/01';
1360 2314 1460 2357 §é:‘A‘ll
1474 2315 1624 2357 hisﬁverbis
1636 2318 1716 2350 caput
1728 2315 1763 2342 29
1791 2315 1860 2343 inci-

1073 2351 1112 2386 pit
1129 2351 1155 2376 in
1172 2350 1251 2376 codd.
1269 2349 1337 2376 Maz.
1352 2355 1378 2377 et
1395 2349 1460 2376 Fuk.
1477 2354 1504 2376 et
1520 2350 1586 2382 Reg.
1671 2349 1675 2350 ⁷

1107 2384 1163 2419 (69)
1181 2384 1246 2420 ᾍμ*
1262 2384 1382 2420 ἑτέροις.
1401 2384 1537 2420 ιοεογᾶψ
1561 2385 1679 2420 ἑταίροις
1688 2404 1701 2420 ,ν
1709 2390 1741 2411 ut
1759 2385 1859 2419 legisse

1072 2421 1179 2446 videtur
1195 2419 1319 2446 Rutilius.
1338 2419 1396 2446 Mox
1419 2419 1462 2445 ubi
1480 2419 1594 2453 legitur,
1613 2419 1772 2446 συνελθόντα
1796 2421 1858 2446 ἑπι-

1071 2453 1224 2490 χωριὰζειν,
1237 2455 1274 2490 ita
1289 2459 1374 2487 potest
1391 2454 1473 2490 accipi
1490 2455 1565 2488 quasi
1579 2456 1712 2488 scriptutn
1724 2455 1758 2481 sit
1775 2454 1858 2482 ἕνεκα

1069 2489 1118 2516 τοῦ.
1132 2489 1333 2524 ἐπιχωριάζειν.
1350 2490 1437 2523 Atque
1461 2489 1495 2515 ita
1517 2496 1612 2524 sensus
1632 2497 1684 2516 non
1705 2490 1758 2516 erit
1774 2491 1858 2517 abso—

1071 2525 1145 2550 lutus
1159 2523 1208 2550 nisi
1222 2523 1287 2557 post
1301 2532 1394 2551 vocem
1411 2523 1637 2558 παρεληλυθέναι.

1106 2533 1145 2550 Lus
1159 2533 1208 2550 tusi
1227 2533 1287 2557 post.
1301 2533 1394 2551 vocem
1411 2533 1449 2550 πα
1470 2533 1637 2558 εΛηΛυυεναι.

1106 2559 1161 2593 (70)
1186 2560 1239 2585 Ἐν
1265 2559 1402 2592 ὑπονοίᾳ.
1435 2533 1570 2585 hfuseulus
1602 2556 1717 2592 cumque
1746 2564 1859 2586 secutus

1070 2594 1355 2628 Christophorsouus,
1382 2595 1453 2621 hunc
1475 2593 1561 2620 locum
1581 2594 1617 2620 ita
1639 2598 1801 2620 verterunt:
1824 2593 1859 2619 Et

1071 2629 1148 2655 multi
1172 2629 1203 2654 de
1227 2628 1405 2662 compluribus
1428 2628 1574 2655 illustribus
1596 2634 1619 2656 et
1638 2628 1768 2654 nobilibus
1793 2629 1857 2654 uiris

1071 2663 1196 2698 eligendis
1213 2664 1366 2697 cogitarent.

1108 2699 1164 2734 (7i)
1178 2698 1281 2730 ’Ἄξιον
1298 2697 1466 2732 ἐπιϐοῆσαι.
1487 2697 1548 2725 Fuit
1563 2698 1635 2725 enim
1651 2699 1710 2725 hac
1725 2698 1856 2734 solemnis

1072 2734 1234 2760 acclamatio
1250 2735 1276 2759 in
1291 2734 1468 2760 electionibus
1483 2734 1685 2766 episcoporum,
1707 2733 1785 2766 cujus
1817 2733 1856 2760 rei

1072 2768 1187 2801 plurima
1202 2768 1301 2802 possint
1314 2773 1464 2794 occurrunt
1477 2768 1612 2800 exempla,
1628 2772 1655 2794 ut
1670 2768 1740 2801 apud
1762 2767 1856 2795 Philo-

1071 2803 1201 2838 storgiutn
1218 2803 1244 2829 in
1263 2802 1332 2829 libro
1352 2811 1390 2834 Ix,
1407 2811 1466 2836 cap.
1484 2803 1526 2829 l0.
1542 2803 1574 2828 Et
1595 2802 1621 2828 in
1639 2803 1709 2829 Actis
1725 2802 1854 2838 designa-

1073 2838 1152 2866 tionis
1163 2837 1252 2865 Eradii
1268 2845 1327 2872 qua:
1340 2838 1410 2866 inter
1419 2838 1547 2872 epistolas
1558 2837 1702 2873 Augustini
1716 2837 1853 2872 leguntur,
