2002 3169
207 149 260 177 605

700 151 876 180 HISTORIIE
896 152 1174 181 ECCLESIAS’I‘ICE
1194 152 1258 183 LIB.
1279 153 1322 182 Vl.

1785 151 1838 179 600

207 208 256 235 καὶ
274 207 328 244 ὕνῳ
351 208 447 244 γυμνῷ
472 209 680 241 ἐπιϐιϐάσαντες
705 211 856 246 ἀπήγαγον.
872 221 881 237 ι
910 211 997 238 Ταῦτα

1054 213 1148 239 dentes
1161 220 1203 240 me
1217 213 1326 240 trahere
1343 213 1422 247 atque
1435 211 1550 239 educere
1563 215 1714 245 ceperunt.
1732 210 1834 245 Seque-

206 254 271 289 περὶ
284 254 380 281 ἑαυτοῦ
398 255 412 281 ὁ
427 254 562 286 Διονύσιος
575 255 751 291 διεξέρχεται.

1051 258 1149 284 bantur
1162 265 1204 284 me
1219 258 1300 285 Caius
1319 262 1345 284 et
1361 257 1487 289 Faustus,
1502 257 1596 284 Petrus
1612 264 1643 283 at:
1665 256 1774 290 Paulus,
1789 256 1835 291 qui

207 301 305 328 borum
328 301 450 328 omnium
468 306 550 329 testes
566 301 651 330 fuere.
679 302 729 336 Qui
753 311 795 331 me
820 303 1010 338 suscipientes,
1039 311 1071 332 ex
1101 304 1227 339 oppidulo
1242 308 1432 340 expertarum,
1445 312 1475 331 ac
1488 304 1582 331 deinde
1595 304 1666 330 nudo
1681 304 1836 336 impositum

206 349 283 375 asino
298 349 477 376 abduxerunt.
495 359 503 375 I
522 349 555 376 Et
578 349 634 377 hare
651 350 759 384 quidem
779 350 812 378 de
833 351 923 385 seipso
939 351 1082 386 Dionysius
1099 356 1201 379 narrat.
1529 346 1534 352 ί

466 395 661 421 ΚΕΦΑΛΑΙΟΝ
681 395 748 422 MA‘.

206 439 277 473 Περὶ
306 439 366 466 τῶν
392 440 437 476 ἐπ’
475 440 573 476 αὐτῆς
596 441 821 476 ῘᾼλεξανδρεΙας
846 450 996 476 {mpm-p71-

366 475 488 501 σάντων
501 475 572 509 (Nic.
591 475 629 502 ll.
643 476 675 502 ις.
691 484 717 503 ν.
732 476 837 511 29-51).

249 520 277 546 '0
291 520 313 546 δ’
327 520 408 552 αὐτὸς
423 522 452 546 ὲν
465 521 593 556 ἐπιστολῇ
608 523 640 556 τῇ
655 521 724 557 πρὸς
737 522 836 549 Φάϐιον
851 522 998 549 ἐπίσκοπον

213 566 387 601 Ἀντιοχέων,
413 567 467 593 τῶν
493 567 563 594 κατὰ
591 567 684 594 Δέκιον
712 569 945 604 μαρτυρησάντων
969 570 997 594 ὲν

214 611 402 648 Ἀλεξανδρείᾳ
412 613 474 644 τοὺς
486 612 595 646 ἀγῶνας
607 613 701 640 τοῦτον
719 615 820 650 ἱστορεῖ
831 614 876 641 τὸν
889 614 997 650 τρόπον’

210 658 287 684 «Οὐκ
313 657 367 684 ἀπὸ
389 658 435 684 τοῦ
458 658 596 693 βασιλικοῦ
619 660 829 695 προστάγματος
848 661 861 686 ὁ
882 660 1000 695 διωγμὸς

207 703 273 738 παρ’
297 703 363 738 ἡμῖν
390 703 490 739 ἤρξατο
505 704 554 740 (7),
577 705 644 731 ἀλλὰ
664 705 718 740 γὰρ
738 706 774 740 (8)
797 706 856 732 ὅλον
879 706 1000 732 ἐνιαυτὸν

169 755 173 758 ·
206 748 355 784 προῦλαϐε,
373 750 420 776 καὶ
437 749 542 784 ῳοάσας
556 751 570 777 ὁ
587 751 682 778 κακῶν
693 753 726 786 τῇ
743 751 818 778 πόλει
834 753 920 789 ταύτῃ
934 753 1001 787 μάν-

205 802 249 826 τις
262 795 309 821 καὶ
328 796 444 831 ποιητὴς
467 795 516 831 (9),
539 797 612 828 ὅστις
633 798 735 829 ἐκεῖνος
757 795 802 833 ἦν,
824 798 933 834 ἐκίνησε
952 798 998 824 καὶ

162 850 169 855 -
206 841 377 877 παρώρμησε
392 841 452 868 καθ’
467 842 545 877 ἡμῶν
558 843 592 868 τὰ
606 842 694 878 πλήθη
708 843 763 869 τῶν
778 843 872 875 ἐθνῶν,
895 844 934 875 είς
948 843 997 879 τὴν

206 888 353 924 ἐπιχώριον
366 888 464 920 αὐτοὺς
479 888 690 923 δεισιδαιμονίαν
711 890 905 925 ἀναρριπίσας.
923 890 952 916 Οἱ
969 889 997 916 δὲ

205 933 391 969 ἐρεθισθέντες
407 934 452 959 ὑπ’
465 933 558 964 αὐτοῦ,
580 933 627 959 καὶ
644 933 733 968 πάσης
749 933 871 966 ἐξουσίας
883 934 922 964 εἰς
938 933 998 959 ἀνο-

207 979 347 1014 σιουργίαν
360 978 514 1013 λαϐόμενοι,
528 977 611 1013 μόνην
625 978 766 1005 εὐσέϐειαν
778 977 838 1014 [τὴν
851 979 997 1014 Θρησκείαν

205 1022 261 1050 τῶν
279 1024 412 1059 δαιμόνων
424 1023 500 1059 (10)]
515 1024 618 1058 ταύτην
635 1023 778 1055 ὑπέλαϐον,
796 1024 824 1050 τὸ
847 1024 907 1050 καθ’
920 1024 997 1058 ἡμῶν

206 1070 298 1104 φονᾷν.
321 1069 433 1104 Πρῶτον
452 1068 505 1103 μεν
520 1066 566 1095 οὖν
586 1068 742 1103 πρεσϐύτην
759 1070 869 1104 Μετρᾶν
886 1069 997 1104 ὀνόματι

207 1114 439 1149 συναρπάσαντες,
451 1114 497 1140 καὶ
508 1113 684 1146 κελεύσαντες
697 1114 764 1141 ἄθεα
775 1114 864 1148 λέγειν
877 1115 996 1150 ῥήματα,

207 1160 244 1194 μὴ
258 1159 428 1194 πειθόμενον,
447 1160 536 1193 ξύλοις
554 1169 584 1186 τε
598 1160 724 1191 παίοντες
738 1160 768 1186 τὸ
784 1160 873 1195 σῶμα,
890 1160 937 1186 καὶ
949 1168 998 1186 κα-

205 1205 303 1240 λάμοις
315 1205 387 1238 ὀξέσι
401 1206 432 1232 τὸ
445 1206 592 1241 πρόσωπον
610 1206 657 1232 καὶ
680 1206 743 1237 τοὺς
759 1205 914 1240 ὀφθαλμοὺς
935 1213 997 1231 κεν-

204 1252 325 1284 τοῦντες,
342 1252 490 1286 ἀγαγόντες
511 1253 551 1283 εἰς
573 1252 605 1278 τὸ
627 1252 799 1288 προάστειον,
825 1251 998 1278 κατελιοοὸό-

204 1298 300 1333 λησαν.
318 1299 434 1325 Ἔπειτα
447 1298 545 1333 πιστὴν
557 1299 675 1332 γυναῖκα
695 1298 810 1324 Κοῗνταν
829 1297 998 1334 καλουμένην

204 1343 252 1369 ἐπὶ
273 1343 304 1370 τὸ
325 1343 457 1370 εἱδωλείον
479 1343 678 1377 ἀπαγαγόντες,
699 1342 852 1378 ὴνᾶγκαζον
876 1351 997 1378 προσκυ-

204 1391 276 1416 νεῖν·
296 1389 539 1426 ὰποστρεφομένην
559 1389 587 1415 δὲ
615 1390 662 1416 καὶ
682 1389 891 1424 βδελυττομὲνην
917 1388 998 1423 ἐκδή-

205 1443 301 1466 σαντες
313 1434 368 1460 τῶν
387 1433 485 1466 ποδῶν,
505 1433 548 1461 διὰ
565 1433 655 1468 πάσης
677 1434 727 1468 τῆς
742 1433 844 1464 πόλεως
866 1433 936 1460 κατὰ
951 1433 998 1460 τοῦ

205 1480 320 1516 τραχέος
345 1479 525 1515 λιθοστρώτου
553 1479 691 1516 σύροντες,
719 1480 998 1516 προσαρῤασσομένην

1339 397 1453 425 CAPUT
1473 397 1540 424 XLI.

1107 443 1144 470 De
1158 444 1190 471 iis
1204 444 1249 478 qui
1265 444 1435 471 Alexandria:
1450 443 1607 478 martyrium
1622 444 1765 470 subierunt.

1081 522 1108 549 In
1124 522 1238 557 epistola
1252 529 1317 549 vero
1327 522 1361 549 ad
1378 521 1490 549 Fabium
1501 521 1655 556 episcopum
1669 521 1830 552 Antiocltize,

1049 575 1141 595 eorum
1159 569 1204 602 qui
1221 568 1371 602 imperante
1387 568 1468 595 Decio
1483 567 1644 602 martyrium
1662 567 1836 594 Alexandria:

1049 613 1203 646 subierunt,
1229 614 1379 640 certamina
1403 613 1485 640 rel‘ert
1509 613 1560 640 hoc
1586 612 1683 640 modo:
1699 622 1708 638 ι
1731 612 1838 648 Nequa-

1049 667 1128 694 quam
1144 667 1177 686 ex
1195 659 1370 693 imperatoris
1384 659 1474 686 edicto
1500 659 1654 693 persecutio
1672 662 1759 692 empta
1784 662 1835 688 est.

1049 705 1148 740 quippe
1162 713 1223 740 quae
1246 705 1352 739 integro
1367 712 1439 732 anno
1462 708 1657 731 anteverterat.
1675 703 1779 730 Etenim
1795 704 1838 730 iu~

1051 752 1154 779 faustus
1177 751 1285 786 quidam
1311 756 1386 778 vates
1414 757 1446 778 ac
1465 755 1555 786 poeta,
1569 749 1695 784 quisquis
1714 749 1759 776 ille
1775 749 1837 781 luit,

1052 801 1236 825 commoverat
1252 796 1306 831 jam
1327 802 1406 824 antea
1426 802 1507 831 atque
1532 796 1693 823 incitaverat
1708 795 1838 822 adversus

1051 851 1101 871 nos
1118 843 1258 878 gentilium
1274 842 1377 875 turbas,
1395 842 1428 869 ad
1447 842 1567 868 innatam
1580 840 1652 876 genti
1666 839 1841 875 superstitio--

1050 896 1111 916 nem
1124 889 1229 916 animos
1242 896 1336 916 eorum
1350 887 1506 915 incendens.
1519 887 1558 914 Ab
1570 887 1621 914 hoc
1637 887 1718 920 igitur
1731 886 1839 913 homine

1050 935 1191 966 stimulati.
1201 941 1365 969 omnemque
1380 934 1413 961 ad
1430 933 1564 968 patranda
1577 932 1681 960 scelera
1698 931 1836 958 licentiam

1050 981 1131 1013 nacti,
1145 980 1225 1016 237
1241 981 1310 1007 hanc
1323 980 1406 1008 solam
1425 979 1556 1014 pietatem
1569 978 1725 1012 cultumque
1736 977 1838 1004 daemo-

1049 1035 1113 1054 num
1141 1033 1251 1054 suorum
1276 1026 1478 1056 existimabant,
1509 1024 1532 1052 si
1557 1024 1678 1051 cazdibus
1708 1023 1838 1049 adversus

1049 1077 1158 1100 nostros
1172 1072 1310 1099 stravit-ent.
1329 1071 1449 1098 Primum
1466 1071 1557 1104 itaque
1568 1077 1666 1097 senem
1681 1069 1838 1103 quemdam,

1049 1118 1161 1145 Metram
1189 1118 1310 1150 nomine,
1334 1122 1488 1151 correptum
1513 1115 1596 1150 impia
1621 1115 1702 1142 verba
1718 1113 1839 1148 proferre

1046 1164 1152 1198 jubent.
1167 1162 1243 1196 Quod
1262 1169 1322 1189 eum
1347 1162 1394 1189 ille
1409 1162 1551 1194 abnueret,
1570 1160 1686 1188 fustibus
1700 1159 1838 1186 hominem

1051 1210 1234 1241 verberantes,
1247 1212 1274 1236 ct
1286 1207 1372 1235 acutis
1385 1207 1566 1234 arundinibus
1582 1206 1687 1232 vultum
1701 1205 1759 1239 ejus
1773 1212 1838 1231 ocu-

1050 1255 1141 1290 losque
1152 1259 1311 1290 pungeutes,
1326 1253 1473 1281 deductum
1487 1253 1512 1279 in
1525 1251 1684 1279 suburbium
1697 1249 1833 1284 lapidibus

1049 1301 1209 1328 obruerunt.
1232 1300 1296 1327 Post
1317 1300 1374 1327 haec
1391 1298 1497 1326 fidelem
1515 1297 1660 1332 quamdam
1684 1296 1837 1328 mulierem,

1049 1347 1175 1381 Quintam
1204 1346 1326 1378 nomine,
1356 1345 1390 1372 ad
1404 1345 1479 1380 .idoli
1506 1343 1634 1378 templum
1665 1342 1837 1376 perductam,

1049 1394 1165 1421 adorare
1178 1392 1244 1420 illud
1259 1395 1418 1427 coegerunt.
1434 1389 1509 1423 Quod
1525 1397 1585 1416 cum
1603 1389 1647 1416 illa
1665 1392 1839 1416 aversaretur

1049 1446 1131 1475 atque
1150 1444 1350 1470 exsecraretur,
1381 1437 1538 1466 constrictis
1566 1437 1680 1471 pedibus
1704 1444 1763 1463 eam
1790 1443 1838 1472 per

1051 1486 1133 1514 totius
1161 1485 1280 1514 civitatis
1307 1484 1382 1512 vicos
1397 1491 1495 1518 aspero
1519 1483 1596 1510 silice
1617 1487 1770 1510 constratos
1794 1490 1839 1510 ra-

206 1528 267 1558 τοῖς·
280 1526 414 1561 μυλιαίοις
429 1526 513 1558 λίθοις
529 1526 588 1561 ἅμα
607 1526 655 1552 καὶ
670 1525 876 1561 μαστιγοῦντες,
892 1526 939 1552 ἐπὶ
952 1526 997 1552 τὸν

1051 1533 1165 1568 pientes,
1190 1531 1264 1559 saxis
1294 1530 1392 1558 illisam
1416 1529 1583 1560 molaribus,
1609 1527 1702 1563 ﬂagris
1727 1529 1838 1562 insuper

206 1572 286 1598 αὐτὸν
304 1572 452 1606 ἀγαγόντες
469 1572 634 1599 κατέλευσαν
647 1572 739 1598 τόπον.
754 1569 811 1598 Εἶθ’
827 1572 996 1608 ὁμοθυμαδὸν

206 1618 325 1649 ἅπαντες
340 1618 472 1654 ὥρμησαν
490 1618 536 1644 ἐπὶ
552 1618 600 1650 τὰς
611 1617 665 1644 τῶν
682 1617 815 1645 θεοσεϐὢν
834 1618 932 1650 οἰκίας,
950 1619 997 1645 καὶ

206 1664 253 1696 οὓς
279 1663 425 1700 ἐγνώριζον
448 1664 557 1691 ἕκαστοι
583 1664 766 1698 γειτνιῶντας,
791 1664 997 1696 ἐπισπεύδοντες

206 1709 284 1746 ἧγον,
302 1710 405 1737 ἐσύλων
421 1719 450 1736 τε
468 1710 515 1737 καὶ
537 1709 700 1745 διήρπαζον,
719 1710 753 1736 τὰ
776 1711 824 1745 μὲν
848 1709 997 1746 τιμιώτερα

206 1756 261 1782 τῶν
276 1755 424 1791 κειμηλίων
447 1755 645 1791 νοσφιζόμενοι,
662 1755 696 1782 τὰ
712 1755 740 1789 δὲ
760 1755 936 1792 εὐτελέστερα
951 1756 996 1782 καὶ

206 1802 257 1828 ὅσα
273 1802 305 1828 ἐκ
323 1801 408 1833 ξύλων
431 1801 588 1836 ἐπεποίητο,
610 1801 834 1836 διαρῤιτττοῦντες
851 1802 897 1828 καὶ
914 1810 997 1828 κατα-

206 1848 332 1879 καίοντες
347 1849 376 1874 ὲν
389 1849 448 1879 ταῖς
463 1847 542 1878 ὁδοῖς,
561 1847 712 1878 ἑαλωκυίας
730 1848 781 1874 ὑπὸ
797 1847 935 1883 πολεμίων
950 1849 998 1875 πό-

206 1894 276 1925 λεως
293 1895 421 1929 παρεῖχον
436 1893 510 1922 θέαν,
531 1892 681 1925 Ἑξέκλινον
700 1892 727 1918 δὲ
742 1894 789 1919 καὶ
806 1893 997 1930 ὑπανεχώρουν

183 1944 185 1946 '
206 1940 232 1966 οἱ
246 1939 364 1973 ἀδελφοὶ,
376 1939 423 1965 καὶ
433 1938 481 1974 τὴν
497 1938 623 1974 ἁρπαγὴν
637 1938 691 1964 τῶν
703 1938 889 1975 ὑπαρχόντων,
898 1940 997 1974 ὁμοίως

206 1985 323 2016 ἐκείνοις
346 1981 387 2015 οἷς
407 1984 453 2010 καὶ
475 1984 582 2016 Παῦλος
605 1986 791 2022 ἐμαρτύρησε,
817 1986 885 2021 μετὰ
910 1987 998 2021 χαρᾶς

208 2030 412 2066 προσεδέξαντο.
435 2031 489 2057 Καὶ
508 2031 558 2057 οὐκ
578 2028 626 2056 οἷδ’
643 2031 670 2057 εἴ
688 2040 740 2063 τις,
760 2031 829 2067 πλὴν
851 2033 876 2058 ει
893 2033 928 2067 μή
946 2041 996 2059 που

206 2085 249 2109 τις
266 2074 306 2109 εἷς
324 2076 461 2112 ἐμπεσὼν,
481 2077 560 2113 μέχρι
581 2086 612 2111 γε
626 2077 721 2104 τούτου
738 2078 783 2104 τὸν
799 2078 899 2114 Κύριον
913 2080 997 2115 ἠρνή-

208 2131 283 2149 σατο.
307 2122 387 2148 Ἀλλὰ
403 2123 449 2149 καὶ
464 2121 512 2157 τὴν
533 2122 760 2158 θαυμασιωτάτην
789 2123 849 2149 τότε
865 2124 997 2159 παρθένον

208 2166 357 2202 πρεσϐύτιν
380 2166 559 2193 Ἀπολλωνίαν
574 2166 756 2197 διαλαϐόντες,
772 2166 834 2197 τοὺς
853 2166 903 2201 μὲν
926 2167 997 2194 ὀδόν-

206 2220 258 2243 τας
283 2212 415 2245 ἅπαντας,
442 2212 586 2244 κόπτοντες
611 2211 659 2243 τὰς
683 2211 821 2245 σιαγόνας,
847 2211 997 2247 ἐξήλασαν

208 2306 258 2341 δην
275 2313 351 2337 vero,
369 2305 395 2331 id
411 2309 453 2332 cst
478 2306 506 2332 in
522 2304 599 2333 sella.
615 2305 710 2341 Porro
726 2305 808 2341 quid
830 2305 929 2332 factum
958 2306 993 2333 sit

209 2341 353 2375 Dionysio,
367 2345 511 2374 postquam
528 2340 621 2366 rustici
653 2340 701 2372 illi,
730 2340 826 2374 fugatis
851 2341 992 2373 militibus,

210 2374 412 2409 eum’Taposiri
429 2375 561 2401 excedere
575 2375 775 2408 compulerunt,
802 2375 860 2408 ipse
884 2376 992 2409 quidem

210 2411 255 2437 hic
272 2418 324 2436 non
345 2410 420 2436 dicit.
439 2410 492 2436 Sed
509 2410 533 2436 in
547 2410 662 2443 epistula
678 2411 711 2436 ad
735 2410 880 2436 Domitium
898 2415 925 2436 et
951 2410 995 2436 Di-

209 2445 333 2480 dymum,
346 2452 406 2478 qua:
422 2444 538 2480 rel'crtnr
552 2445 577 2471 in
595 2444 664 2480 libro
688 2452 736 2480 vn,
754 2452 814 2479 cap.
833 2445 875 2475 Η,
900 2445 938 2480 ait
966 2453 995 2472 se

208 2479 263 2506 una
277 2487 336 2506 cum
355 2480 419 2507 Caio
437 2483 465 2507 et.
486 2479 564 2506 Petro
583 2479 659 2514 solis,
678 2479 829 2512 seiunctum
846 2487 860 2505 a
885 2479 996 2514 reliquis

211 2514 358 2545 fratribus,
377 2514 403 2540 in
432 2515 549 2548 qundam
578 2513 670 2548 Libym
698 2515 758 2541 loco
785 2514 893 2540 deserto
917 2519 998 2548 atque

211 2550 289 2576 arido
303 2549 461 2576 conclusum
492 2548 585 2576 fuisse.
607 2548 761 2576 Permansit
783 2553 872 2575 autent
892 2549 918 2575 in
946 2551 998 2577 hoc

211 2584 309 2611 exsilio
329 2584 472 2619 Dionysius
485 2591 570 2617 usque
581 2585 612 2610 ad
629 2584 732 2611 obitum
750 2583 822 2610 Decii
838 2583 904 2618 imp.
922 2589 947 2611 et
965 2593 998 2612 ex

211 2627 244 2646 co
260 2619 320 2646 loco
346 2619 453 2646 litteras
482 2619 594 2654 scripsit
620 2619 654 2646 ad
686 2619 834 2646 Domitium
858 2626 890 2646 ac
918 2620 999 2655 Didy-

212 2662 297 2680 Illlllll.

248 2688 286 2724 (7)
297 2689 426 2724 Αιωγμὸς
439 2689 515 2724 ,παρ’
533 2688 605 2724 ἡμῖν
624 2688 746 2724 ἤρξατο.
768 2689 806 2715 lla
822 2689 928 2716 codices
943 2689 998 2717 Me-

213 2723 278 2753 dic.,
296 2723 376 2754 blaz.,
397 2723 464 2750 Fuk.
479 2729 505 2750 et
529 2723 611 2751 savii.
637 2729 665 2751 et
686 2724 821 2758 Georgius
846 2724 998 2758 Syntellns,

213 2759 349 2791 quomodo
364 2759 446 2785 etiam
467 2759 532 2793 legit
547 2759 670 2789 Ruﬁnus,
686 2764 715 2785 ut
737 2767 769 2785 ex
786 2759 910 2785 versione
928 2760 998 2787 illius

214 2797 343 2830 apparet;
359 2794 443 2830 sedet
462 2794 488 2820 in
501 2794 580 2830 codd.
595 2794 808 2830 MedicaeoJlaz.
820 2793 921 2830 etFult.
931 2794 999 2830 πρᾲς

214 2827 349 2854 Φαεῖιανόν
362 2828 467 2862 legitur.
479 2836 528 2856 nec
542 2829 620 2855 aliter
635 2828 747 2855 llulinns
763 2830 833 2855 hunc
850 2827 997 2857 Antiochi-ua

215 2863 371 2898 episcopum
385 2863 512 2899 appellat.
528 2863 598 2891 Editi
613 2871 667 2891 om.
684 2864 749 2899 παρ’
762 2864 836 2899 ἡμῖν.

1051 1579 1235 1609 verberantes.
1250 1577 1283 1604 ad
1302 1576 1462 1604 suburbium
1477 1575 1570 1602 itidem
1586 1574 1734 1607 abducunt,
1747 1574 1839 1608 ibique

1051 1624 1187 1659 lapidibus
1204 1622 1382 1650 interﬁciunt.
1395 1621 1496 1649 Omnes
1512 1620 1610 1648 deinde
1625 1627 1679 1647 uno
1693 1619 1795 1654 impetu
1810 1619 1837 1646 in

1051 1670 1144 1697 domos
1169 1669 1385 1697 Christianorum
1409 1668 1515 1694 irruere
1541 1671 1704 1700 ceperunt:
1720 1669 1746 1693 et
1768 1673 1838 1699 quos

1051 1716 1165 1751 quisque
1181 1714 1232 1742 sibi
1251 1714 1355 1741 vicinos
1367 1716 1493 1743 noverat,
1506 1719 1553 1739 eos
1569 1711 1641 1739 illico
1662 1715 1838 1746 properantes

1051 1763 1176 1796 agebant,
1192 1759 1346 1795 spoliabant
1362 1766 1394 1785 ac
1411 1757 1584 1792 diripiebant,
1605 1764 1636 1784 ea
1651 1756 1758 1790 quidem
1778 1763 1839 1790 qua:

1051 1807 1169 1834 maxime
1183 1806 1301 1840 pretiosa
1313 1809 1403 1832 essent
1414 1804 1440 1831 in
1459 1804 1547 1830 sinum
1559 1810 1637 1830 suum
1649 1806 1837 1835 congerentes,

1051 1852 1146 1879 viliora
1161 1855 1250 1877 autem
1268 1855 1294 1877 et
1316 1849 1403 1883 lignea
1419 1855 1532 1882 quaeque
1545 1847 1729 1880 disjieiebant,
1745 1854 1778 1873 ac
1791 1853 1839 1881 per

1052 1897 1108 1924 vias
1127 1895 1337 1923 concremabant
1350 1914 1357 1926 ,
1379 1898 1464 1928 capta:
1489 1894 1523 1920 ab
1546 1892 1668 1919 hostibus
1685 1892 1760 1919 urbis
1778 1900 1839 1926 spe-

1052 1942 1119 1968 ciem
1134 1945 1216 1974 atqne
1232 1939 1378 1973 imaginem
1395 1939 1568 1966 exhibentes.
1584 1937 1696 1964 Fratres
1713 1945 1776 1964 vero
1793 1938 1839 1968 de-

1052 1986 1190 2013 clinabant
1211 1989 1240 2012 et
1256 1984 1444 2012 subducebant
1465 1991 1494 2010 se
1507 1983 1575 2017 ,fuga
1586 2003 1594 2015 ,
1610 1989 1642 2010 ac
1657 1983 1837 2017 direptionem

1052 2032 1186 2060 bonorum
1202 2038 1312 2058 suorum
1324 2030 1446 2065 .perinde
1463 2036 1495 2056 ac
1512 2029 1551 2056 illi
1568 2029 1601 2057 de
1618 2029 1719 2064 quibus
1736 2028 1837 2056 Paulus

1053 2077 1212 2104 testiﬁcatus
1226 2080 1278 2108 est,
1290 2083 1351 2103 cum
1369 2075 1467 2109 gaudio
1481 2079 1655 2110 exceperunt.
1672 2074 1729 2102 Nec
1742 2082 1836 2102 eorum

1052 2123 1207 2158 quisquam,
1223 2122 1296 2156 quod
1310 2121 1438 2156 equidem
1449 2122 1545 2153 sciam,
1562 2121 1614 2148 nisi
1637 2120 1751 2148 fortasse
1768 2127 1840 2147 unus

1051 2168 1150 2203 aliquis
1162 2167 1188 2195 in
1204 2167 1309 2194 illorum
1327 2174 1422 2193 manus
1434 2166 1567 2198 incidens,
1584 2166 1715 2193 hactenus
1727 2165 1837 2199 quidem

1017 2211 1038 2238 ι)
1051 2214 1136 2242 Deum
1160 2213 1279 2250 negavit.
1295 2213 1347 2241 Sed
1363 2217 1390 2240 et
1411 2213 1598 2240 admirandam
1615 2212 1688 2239 illam
1704 2216 1839 2246 provecta:

1082 2306 1120 2342 (8)
1147 2304 1236 2342 ᾉλλὰ
1259 2304 1324 2342 γάρ.
1345 2303 1480 2342 Particulo
1505 2303 1559 2340 γάρ
1570 2304 1634 2342 loco
1658 2302 1837 2342 stro_den19ta

1046 2336 1098 2374 est‘,
1111 2336 1239 2368 'inferius
1260 2336 1415 2368 collocanda
1435 2339 1486 2366 hoc
1511 2336 1594 2366 modo
1613 2338 1677 2364 ικαὶ
1698 2337 1755 2372 γὰρ
1770 2336 1837 2370 φθά-

1048 2386 1107 2408 σας.

1084 2406 1122 2444 (9)
1136 2410 1249 2443 Μάντις
1263 2409 1312 2437 καὶ
1324 2409 1459 2443 ποιητής.
1485 2409 1594 2436 Poetam
1607 2408 1674 2434 verti
1688 2427 1695 2439 ,
1719 2406 1834 2444 primum

1049 2441 1110 2481 quia
1132 2451 1218 2480 poetae
1230 2441 1292 2481 eum
1302 2441 1410 2481 vatibus
1422 2441 1468 2471 seti
1482 2444 1581 2481 divinis
1597 2450 1721 2481 magnam
1736 2441 1836 2481 habent

1049 2476 1218 2510 societatem.
1236 2480 1320 2506 Vates
1335 2480 1407 2506 enim
1426 2480 1535 2506 oracula
1560 2486 1608 2505 sua
1631 2477 1755 2504 versibus
1771 2476 1836 2502 ede-

1051 2517 1127 2544 bant.
1147 2515 1247 2542 Deinde
1264 2515 1326 2548 quia
1352 2514 1471 2549 Egyptii
1488 2514 1591 2549 poetica
1612 2511 1836 2549 imprimis_dele-

1052 2552 1214 2581 ctabantur,
1235 2546 1306 2582 quod
1333 2546 1545 2576 etian't'notavit
1573 2547 1720 2582 liunapius.
1751 2546 1836 2573 Porro

1053 2586 1118 2613 nulli
1135 2585 1220 2618 magis
1235 2583 1331 2611 infensi
1348 2588 1426 2611 erant
1437 2583 1609 2614 Christianis,
1628 2589 1707 2618 quam
1718 2585 1794 2618 rates
1809 2585 1837 2607 et

1053 2619 1160 2652 harioli,
1177 2616 1205 2646 ἐι
1222 2619 1353 2653 ejusmodi
1370 2619 1509 2646 hominum
1524 2625 1619 2652 genus,
1634 2617 1679 2651 qui
1693 2616 1725 2642 ad
1741 2622 1835 2650 perse-

1054 2655 1175 2690 quendos
1188 2654 1356 2681 Christianos
1376 2653 1502 2687 populum
1524 2653 1709 2684 concitabant,
1725 2657 1836 2684 compo-

1052 2689 1112 2718 sitis
1126 2690 1152 2716 in
1168 2696 1226 2716 eam
1245 2696 1301 2715 rem
1317 2689 1444 2716 oraculis.

1089 2725 1144 2759 (l0)
1171 2723 1230 2757 Τὴν
1258 2724 1421 2757 θρησκείαν
1445 2722 1506 2750 τῶν
1530 2722 1689 2757 δαιμόνων.
1717 2720 1833 2748 Delenda

1053 2761 1119 2787 mihi
1137 2760 1263 2785 videntur
1279 2759 1335 2785 iure
1352 2759 1445 2789 verba,
1459 2759 1557 2792 quippe
1569 2765 1629 2792 quae
1648 2763 1757 2783 sensum
1776 2760 1834 2792 tur-

1051 2797 1127 2826 bant,
1140 2799 1166 2821 et
1185 2795 1218 2821 ab
1237 2794 1327 2827 inepto
1339 2789 1483 2821 srholiaste
1496 2789 1614 2827 ascripta
1626 2795 1689 2820 sunt
1701 2792 1734 2819 ad
1749 2789 1834 2824 expli-

1049 2831 1184 2858 cationem
1196 2829 1268 2857 vocis
1284 2829 1468 2863 print-edentis.
