2002 3169
185 153 241 182 609

186 257 289 292 βωμοῖς
311 257 502 293 προσέτρεχον,
531 257 731 292 ἰσχυριζόμενοι
747 258 800 298 (l6)
820 260 853 294 τῇ
878 258 978 294 θρασύ-

185 311 247 338 τητι
268 303 299 329 τὸ
325 303 392 338 μηδὲ
413 303 544 338 πρότερον
567 303 725 338 Χριστιανοὶ
741 304 891 338 γεγονέναι.
910 305 978 340 Περὶ

184 345 223 376 ὧν
239 350 255 385 ἡ
272 349 317 375 τοῦ
339 348 441 384 Κυρίου
457 349 608 385 πρόρρησις
622 348 802 385 ἀληθεστάτη,
821 350 861 376 ὅτι
880 350 977 376 δυσκό-
991 386 996 389 _

184 394 240 427 λως
255 395 431 430 σωθήσονται.
448 394 507 421 Τῶν
521 395 549 421 δὲ
571 395 673 422 λοιπῶν
689 395 713 422 οἱ
732 395 780 430 μὲν
795 396 902 422 εἵποντο
918 396 978 422 τού-

185 449 243 472 τοις
259 440 410 476 ἑκατέροις,
427 441 452 467 οἱ
475 441 503 467 δὲ
520 441 644 475 ἔφευγον,
666 443 690 468 οἰ
707 442 735 468 δὲ
750 442 900 477 ἡλίσκοντο.
922 442 978 469 Καὶ

184 485 287 512 τούτων
305 486 328 511 οἱ
345 485 394 521 μὲν
411 485 475 521 ἄχρι
492 486 600 520 δεσμῶν
622 486 669 512 καὶ
687 486 810 522 φυλακῆς
834 487 977 523 χωρήσαν-

183 540 245 564 τες·
265 531 310 558 καί
323 540 395 563 τινες
415 532 462 559 καὶ
480 531 605 564 πλείονας
627 532 735 568 ἡμέρας
758 533 976 569 καθειρχθέντες,

184 576 246 604 εἶτα
258 578 305 604 καὶ
320 578 383 613 πρὶν
398 578 438 609 εἰς
452 578 626 614 δικαστήριον
641 578 976 614 είσελθεῖν,ὲξωμύσαντο,

177 625 210 658 ,οἱ
224 624 253 651 δὲ
270 624 316 650 καὶ
332 624 458 659 βασάνοις
469 624 515 651 ἐπὶ
528 624 611 651 ποσὸν
628 625 890 660 ὲγκαρτερήσαντες,
908 626 976 661 πρὸς

183 670 215 696 τὸ
229 670 292 705 ἑξῆς
306 671 431 698 ἀπεῖπον.
448 671 479 696 Oi
495 670 524 696 δὲ
543 671 652 705 στερροὶ
673 671 720 697 καὶ
741 671 871 706 μακάριοι
885 671 976 699 στύλοι

183 707 231 742 τόδ
245 716 359 752 Κυρίου,
370 716 587 752 κραταιωθὲντες
605 717 651 743 ὑπ’
664 717 758 749 αὐτοῦ,
776 719 823 745 καὶ
839 719 888 754 τῆς
903 720 978 755 ισχυ-

185 763 235 798 ρᾶς
252 763 280 788 ὲν
294 763 399 794 ἑαυτοῖς
418 762 534 795 πίστεως
556 763 633 795 ἀξίαν
655 764 703 791 καὶ
718 765 847 800 ἀνάλογον
863 765 977 802 δύναμιν

182 809 232 836 καὶ
248 809 394 845 καρτερίαν
410 809 547 842 λαϐόντες,
565 810 716 846 Θαυμαστοὶ
738 812 882 846 γεγόνασιν
893 810 976 840 αὐτοῦ

183 855 234 890 τῆς
264 855 401 889 βασιλείας
426 855 574 891 μάρτυρες.
599 853 649 883 Ὧν
678 857 786 893 πρῶτος
822 858 974 891 Ἰουλιανὸς,

182 901 327 937 ἄνθρωπος
343 902 488 939 ποδαγρὸς,
502 902 540 937 μὴ
557 903 660 938 στῆναι,
680 903 716 939 μὴ
734 903 843 938 βαδίσαι
859 904 976 940 δυνάμε-

181 955 238 980 νος,
257 949 305 975 σὺν
321 949 428 984 ἑτέροις
440 948 487 975 δύο
499 950 555 981 τοῖς
569 949 698 984 φέρουσιν
715 949 806 982 αὑτὸν,
823 952 974 988 προσήχθη.

183 992 234 1022 Ὧν
250 997 264 1023 ὁ
282 996 333 1031 μὲν
350 997 453 1032 ἕτερος,
469 997 551 1028 εὐθὺς
565 997 703 1033 ἠρνήσατο
715 1006 721 1012 ·
734 999 749 1025 ὁ
763 998 784 1024 δ’
802 998 895 1034 ἕτερος
904 999 977 1034 Κρο-

181 1041 247 1069 νίων
275 1042 396 1077 ὀνόματι,
415 1043 529 1078 ἐπίκλην
543 1043 571 1069 δὲ
583 1043 695 1076 Εΰνους,
713 1044 760 1071 καὶ
777 1044 860 1076 αὐτὸς
877 1045 891 1070 ὁ
907 1053 975 1080 πρε-

183 1088 286 1123 σϐύτης
314 1088 467 1120 Ἰουλιανὸς,
493 1087 710 1124 ὁμολογήσαντες
735 1089 780 1116 τδν
794 1089 906 1125 Κύριον,
931 1089 975 1117 διὰ

182 1133 274 1168 πάσης
291 1132 342 1167 τῆς
361 1131 464 1163 πόλεως
489 1132 620 1168 μεγίστης
636 1132 730 1169 οῠσης,
745 1133 782 1166 ὡς
801 1134 867 1166 ῐστε,
883 1135 976 1170 καμή-

180 1177 239 1210 λοις
255 1177 433 1213 ἐποχούμενοι
449 1177 496 1204 κα).
511 1178 643 1214 μετέωροι
662 1179 882 1215 μαστιγούμενοι,
899 1180 976 1213 τέλος

182 1224 308 1259 ἀσϐέστῳ
328 1224 396 1259 πυρὶ
412 1223 478 1259 (Π)⁷
495 1224 712 1259 περικεχυμένου
728 1225 775 1252 τοῦ
796 1226 884 1261 δήμου
908 1235 976 1254 παν-

181 1269 238 1302 τδς,
253 1269 436 1304 κατεκάησαν.
453 1269 624 1305 Στρατιώτης
641 1280 670 1297 τε
686 1271 777 1303 αὐτοῖς
791 1271 975 1306 ἀπαγομένοις

181 1315 334 1350 παραστὰς,
347 1315 393 1341 καὶ
405 1315 462 1346 τοῖς
474 1315 664 1351 ὲφυϐρίζουσιν
678 1317 860 1349 ἐναντιωθεὶς,
878 1317 975 1353 ἐκϐοη-

181 1361 287 1388 σάντων
302 1361 423 1394 ἐκείνων,
439 1363 604 1398 προσαχθεὶς
621 1364 635 1389 ὁ
652 1363 843 1398 ἀνδρειότατος
855 1363 976 1399 ὁπλομά-

180 1415 228 1442 χος
253 1406 299 1433 τοῦ
325 1406 391 1433 Θεοῦ
417 1407 518 1443 Βησᾶς,
543 1407 595 1435 κᾶν
615 1408 654 1443 τῷ
670 1408 780 1443 μεγάλῳ
803 1408 915 1443 πολέμῳ
936 1408 975 1444 τῷ

180 1451 247 1485 περὶ
263 1451 313 1486 τῆς
326 1451 467 1483 εὐσεϐείας
479 1451 653 1487 ἀριστεύσας,
667 1451 813 1487 ἀπετμήθη
829 1451 878 1486 τὴν
892 1460 976 1486 κεφα-

179 1495 230 1531 λήν
239 1504 246 1511 ο
265 1496 311 1523 καί
325 1506 366 1529 τις
382 1498 475 1533 ἕτερος
487 1498 517 1524 τὸ
533 1498 581 1533 μὲν
594 1498 671 1532 γένος
679 1497 773 1529 Λίϐυς,
789 1497 839 1532 τὴν
852 1496 880 1523 δὲ
892 1505 976 1532 προσ-

179 1541 296 1577 ηγορίαν
314 1541 371 1577 ἅμα
384 1542 431 1568 καὶ
449 1543 499 1578 τὴν
514 1543 638 1577 εὐλογίαν
661 1541 764 1577 ἀληθὴς
787 1542 888 1577 Μάκαρ
904 1541 971 1577 (18),
987 1553 1010 1584 c

180 1588 340 1624 προτροπῆς
353 1587 426 1623 αὐτῷ
442 1588 541 1623 πολλῆς
564 1588 616 1615 ὑπὸ
632 1588 678 1615 τοῦ
696 1586 826 1615 δικαστοῦ
839 1587 909 1623 πρὸς
924 1587 974 1623 ἀρ-

180 1640 258 1668 νησιν
271 1634 430 1669 γενομένης.
445 1634 493 1669 οὐχ
509 1633 651 1669 ὑπαχθεὶς,
668 1633 721 1666 ζῶν
738 1634 972 1668 καταπέφλεκται.

187 1677 338 1716 Ἑπίμαχᾴς
360 1686 390 1704 τε
417 1679 475 1713 μετ’
498 1679 597 1710 αὐτοὺς
618 1678 666 1705 καὶ
693 1678 877 1714 Ἀλέξανδρος,
905 1677 973 1713 μετά

179 1722 264 1749 πολὺν
277 1722 331 1758 (19)
354 1722 384 1750 ὃν
401 1723 512 1759 ἔμειναν
528 1723 666 1759 δεσμῶται
683 1723 790 1759 χρόνον,
805 1723 904 1759 μυρίας
918 1722 972 1749 διε-

178 1768 323 1803 νεγκόντες
347 1769 514 1804 ἀλγηδόνας,
543 1769 691 1804 ξυστῆρας,
721 1769 873 1804 μάστιγας,
905 1769 972 1804 πυρὶ

179 1814 305 1850 ἀσϐέστῳ
327 1815 375 1841 καὶ
388 1813 460 1842 οὗτοι
485 1814 657 1850 διεχύθησαν.
673 1815 729 1842 Καὶ
750 1815 798 1842 σὺν
815 1815 909 1847 αὐτοῖς
924 1824 973 1850 γυ-

179 1861 274 1891 ναῖκες
298 1860 447 1896 τέσσαρες·
481 1861 671 1896 Ἀμμωνάριόν
695 1869 726 1887 τε
744 1861 810 1895 ἁγία
827 1861 971 1897 παρθένος,

179 1906 252 1932 πάνυ
275 1905 433 1940 φιλονείκως
456 1905 540 1941 αὐτὴν
567 1906 739 1933 ἐπιπλεῖστον
764 1905 811 1933 τοῦ
842 1906 972 1933 δικαστοῦ

180 1952 386 1987 βασανίσαντος,
406 1952 454 1979 ἅτε
477 1952 745 1988 προαποφηναμένην
769 1952 807 1984 ὡς
834 1952 916 1988 μηδὲν
935 1948 972 1978 ὧν

178 1998 282 2029 ὲκεϊνος
297 1997 413 2029 κελεύοι,
426 1997 580 2032 φθέγξαιτο,
599 1997 772 2033 ἀληθεύσασα
788 1998 838 2033 τὴν
855 1998 973 2032 ἐπαγγε-

178 2043 250 2076 λίαν,
280 2043 410 2079 ἀπήχθη·
435 2045 463 2070 αἱ
488 2044 516 2070 δὲ
539 2043 641 2076 λοιπαὶ,
664 2045 680 2079 ὴ
710 2043 971 2080 σεμνοπρεπεστάτη

178 2089 329 2125 πρεσϐύτις
343 2090 510 2126 Μερκουρία,
523 2091 571 2117 καὶ
581 2091 598 2126 ἡ
610 2090 745 2121 πολύπαις
761 2090 821 2125 μὲν,
836 2090 885 2126 οὐχ
902 2091 972 2126 ὑπὲρ

177 2135 224 2161 τὸν
244 2134 346 2170 Κύριον
362 2135 390 2161 δὲ
412 2136 579 2172 ἀγαπήσασα
602 2136 703 2171 ἑαυτῆς
723 2135 757 2162 τὰ
774 2135 856 2162 τέκνα
877 2137 971 2162 Διονυ-

179 2180 225 2206 σία
238 2181 306 2216 (20),
319 2181 366 2208 καὶ
387 2182 576 2218 Ἀμρωνάριον
591 2177 683 2217 ἑτέρα,
695 2181 916 2214 καταιδεσθέντος
930 2183 970 2214 εις

681 153 855 181 ΙΙΙΞΤΟῐὶΙιΕ
876 153 1153 182 ECCLESIASTlCzE
1174 155 1241 183 LIB.
1263 154 1309 183 Vl.

130 226 136 231 -
186 220 231 239 ναι
247 211 295 238 καὶ
313 211 380 247 πρὸς
395 210 426 238 τὸ
449 211 542 238 θῦναι’
559 212 583 237 οἱ
597 210 625 237 δέ
639 220 712 244 τινες
728 212 899 248 ἑτοιμότερον
924 214 972 244 τοῖς

1031 212 1136 240 crilicia
1149 215 1335 241 accedebant:
1350 212 1470 240 nonnulli
1488 212 1596 247 quidem
1613 211 1703 246 pallidi
1719 220 1750 241 ac
1763 218 1820 241 tre-

1771 157 1823 186 οιο

1030 257 1171 290 mebuudi,
1193 258 1271 292 quasi
1291 265 1343 285 non
1366 257 1558 290 sacriﬁcaturi,
1580 258 1628 284 sed
1654 257 1704 292 ipsi
1730 259 1821 292 potius

1030 303 1201 331 victimarum
1217 304 1278 331 loco
1292 303 1371 330 idolis
1386 303 1541 330 immolandi
1559 308 1660 331 essent.
1674 304 1748 331 Adeo
1762 308 1790 331 ut
1806 312 1822 332 ιι

1030 344 1228 377 circumstante
1243 349 1414 377 multitudine
1434 350 1626 378 deriderentnr
1640 359 1647 377 :
1663 350 1761 385 quippe
1776 351 1822 385 qui

1029 395 1118 429 palam
1135 395 1262 423 omnibus
1273 396 1460 427 ostenderent,
1473 403 1502 423 se
1516 401 1570 424 tum
1584 397 1617 424 ad
1635 398 1819 431 moriendum,

1032 446 1085 468 turn
1098 442 1131 468 ad
1148 441 1357 469 sacrificandum
1379 442 1478 476 pusillo
1492 443 1583 470 animo
1599 450 1669 470 esse.
1686 443 1737 470 Alii
1756 451 1823 471 vero

1030 486 1180 521 promptius
1193 487 1226 514 ad
1241 494 1304 514 aras
1317 487 1645 519 accurrehanl,audacter
1657 487 1824 519 aﬂirmantes

1030 539 1168 566 nunquam
1186 539 1216 559 se
1242 536 1324 559 antea
1351 531 1521 558 Christianos
1543 530 1637 558 fuisse.
1659 531 1697 558 De
1724 532 1823 566 quibus

1029 577 1171 604 verissime
1184 577 1308 612 prmdixit
1322 576 1386 604 olim
1400 577 1544 607 Dominus,
1554 576 1685 610 ejusmodi
1697 577 1822 604 homines

1029 629 1100 657 a‘gre
1126 622 1240 650 salutem
1259 627 1466 649 consecuturos.
1491 622 1587 650 Caeteri
1611 627 1699 648 autem
1724 623 1821 656 partim

1029 668 1177 696 alterutros
1194 675 1288 696 eorum
1305 675 1373 703 quos
1388 668 1506 696 diximus
1518 668 1712 703 sequebantur,
1724 669 1820 703 partim

1029 714 1099 742 sein
1116 714 1207 750 fugam
1222 715 1330 746 dabant,
1343 715 1442 749 partim
1453 715 1769 750 comprehcndchautur.
1782 716 1821 743 Ex

1029 761 1128 795 quibus
1145 761 1265 788 nonnulli
1278 768 1339 788 cum
1352 769 1438 796 usque
1454 762 1487 789 ad
1502 762 1608 788 vincula
1625 766 1652 789 ct
1666 762 1820 789 custodiam

1029 807 1163 842 progreSsi
1194 811 1298 839 essent,
1315 807 1426 841 quidam
1442 807 1524 834 etiam
1551 807 1690 842 plusculos
1707 807 1765 835 dies
1793 808 1820 835 in

1028 860 1141 880 carcere
1163 853 1369 887 perstitissent,
1388 853 1465 888 prius
1488 858 1577 880 tamen
1596 860 1678 887 quam
1703 853 1731 879 in
1746 853 1820 887 judi-

1028 899 1098 926 cium
1111 898 1319 932 inducerentur,
1338 898 1417 926 ﬂdem
1434 899 1589 932 eiurarunt.
1615 898 1741 928 Nonnulli
1757 906 1820 927 vero

1027 951 1088 972 cum
1110 944 1269 979 aliquandiu
1284 949 1419 972 tormenta
1436 945 1543 972 fortiter
1560 945 1765 978 sustinuissent,
1785 946 1819 973 ad

1028 991 1130 1025 reliqua
1142 998 1204 1026 qua:
1215 991 1424 1018 intentabantur
1437 991 1569 1025 supplicia
1581 992 1686 1018 animos
1701 992 1819 1025 despon-

1027 1037 1136 1064 derunt.
1151 1037 1252 1064 Verum
1266 1037 1337 1064 beati
1354 1037 1391 1064 illi
1404 1045 1435 1063 ac
1448 1038 1560 1068 stabiles
1574 1037 1707 1065 columnae
1726 1037 1820 1064 Domi-

1027 1082 1064 1115 ni,
1077 1083 1111 1110 ab
1123 1083 1182 1118 ipso
1193 1083 1360 1115 conﬁrmati,
1376 1088 1403 1110 et
1418 1083 1478 1110 fidei
1492 1091 1548 1111 sua:
1561 1084 1651 1111 robori
1667 1091 1820 1119 congruen-

1027 1133 1069 1156 tes
1093 1133 1120 1156 et
1136 1135 1169 1156 ex
1187 1135 1265 1164 aquo
1286 1129 1494 1163 respondentem
1513 1129 1567 1156 vim
1593 1134 1675 1164 atque
1689 1135 1819 1156 constan-

1028 1174 1091 1200 tiam
1120 1174 1204 1206 nacti,
1232 1174 1409 1201 admirabiles
1432 1175 1506 1208 regni
1526 1174 1597 1201 illius
1623 1179 1706 1202 testes
1729 1168 1818 1202 cﬂ'ecti

1027 1225 1100 1247 sunt.
1113 1220 1236 1253 Quorum
1251 1219 1389 1254 Julianus,
1401 1221 1444 1248 vir
1457 1221 1586 1256 podagrae
1598 1221 1738 1249 doloribus
1750 1229 1818 1249 con-

1027 1266 1150 1298 strictus,
1173 1266 1219 1300 qui
1242 1274 1293 1293 nec
1309 1272 1382 1294 stare
1407 1271 1514 1301 poterat
1537 1274 1587 1295 nec
1610 1267 1747 1299 incedere,
1763 1274 1817 1294 una

1027 1319 1088 1339 cum
1100 1312 1205 1340 duobus
1216 1312 1277 1339 aliis
1292 1313 1339 1346 qui
1352 1313 1442 1347 ipsum
1455 1313 1611 1348 portabant,
1621 1313 1753 1340 adductus
1764 1317 1816 1340 est.

1026 1357 1127 1385 Horum
1143 1358 1213 1384 alter
1228 1358 1319 1386 statim
1336 1358 1455 1393 negavit.
1470 1358 1547 1385 Alter
1564 1358 1673 1385 nomine
1686 1358 1817 1392 Cronion,

1026 1405 1072 1439 qui
1083 1405 1175 1432 Eunus
1184 1405 1438 1439 cognominabatur,
1451 1411 1501 1431 nec
1511 1412 1564 1432 non
1576 1409 1603 1432 et
1612 1412 1694 1432 senex
1708 1404 1820 1439 ipseJu-

1027 1450 1127 1482 lianus,
1138 1457 1199 1476 cum
1210 1449 1348 1477 Christum
1361 1450 1476 1477 confessi
1488 1455 1590 1483 essent,
1601 1457 1649 1485 per
1660 1451 1816 1478 universam

1026 1495 1109 1531 239
1128 1496 1231 1526 urbem,
1246 1503 1308 1530 qum
1324 1495 1445 1529 quidem,
1461 1499 1491 1521 ut
1504 1495 1600 1527 nostis,
1615 1497 1733 1522 maxima
1761 1501 1815 1530 est,

1026 1541 1138 1568 camelis
1150 1541 1309 1575 insidentes,
1329 1540 1421 1576 ﬂagris
1441 1540 1572 1568 sublimes
1587 1541 1737 1575 verberati,
1754 1546 1817 1568 tan-

1025 1587 1085 1614 dem
1105 1586 1298 1614 ardentissimo
1325 1586 1398 1621 igne,
1420 1586 1587 1613 circumfusa
1615 1587 1699 1613 totius
1724 1588 1815 1622 populi

1024 1632 1217 1666 multitudine,
1240 1632 1394 1667 consumpti
1416 1636 1490 1660 sunt.
1512 1632 1589 1659 Miles
1609 1639 1673 1660 vero
1689 1633 1734 1667 qui
1750 1633 1817 1666 ipsis

1024 1677 1088 1704 dum
1101 1679 1134 1706 ad
1165 1677 1325 1713 supplicium
1344 1678 1510 1705 ducerentur
1535 1678 1659 1709 astabat,
1680 1683 1706 1705 et
1718 1683 1815 1705 contu-

1024 1724 1132 1751 meliam
1150 1719 1300 1752 inferentes
1323 1723 1492 1759 propulerat,
1507 1723 1590 1750 Besas
1610 1724 1729 1755 nomine,
1751 1731 1816 1752 con-

1024 1770 1159 1797 clamante
1174 1770 1306 1797 adversus
1321 1777 1382 1797 eum
1395 1769 1494 1804 populo
1509 1770 1536 1796 in
1553 1769 1597 1803 ius
1613 1770 1745 1797 adductus
1762 1775 1814 1798 est.

1027 1816 1077 1845 Ubi
1103 1816 1270 1844 fortissimus
1285 1817 1331 1844 Dei
1356 1821 1499 1852 pugnator,
1516 1823 1578 1843 eum
1608 1817 1633 1843 in
1652 1824 1751 1852 magno
1769 1817 1817 1843 illo

1025 1870 1075 1897 pro
1088 1862 1188 1897 pietate
1204 1863 1357 1889 certamine
1387 1867 1500 1889 strenue
1524 1869 1554 1889 se
1569 1862 1708 1896 gessisset,
1724 1863 1814 1890 securi

1025 1914 1169 1942 percussus
1192 1911 1243 1935 est.
1269 1907 1346 1934 Alius
1373 1907 1435 1934 item
1469 1906 1600 1934 oriundus
1623 1914 1655 1934 ex
1675 1907 1769 1943 Libya,
1788 1912 1816 1934 et

1025 1951 1156 1979 vocabulo
1169 1956 1196 1978 et
1209 1951 1299 1978 divina
1314 1951 1505 1978 benedictione
1529 1958 1591 1978 vere
1606 1951 1709 1983 Macar,
1727 1959 1787 1978 cum
1799 1960 1815 1979 a

1020 1997 1112 2032 judice
1126 1997 1253 2025 omnibus
1279 1997 1368 2024 modis
1380 1997 1542 2024 sollicitatus
1558 2001 1587 2024 ιιι
1614 1997 1752 2024 Christum
1767 2006 1816 2026 ne-

1024 2048 1110 2080 garet,
1127 2043 1198 2071 ﬂecti
1213 2050 1350 2077 nunquam
1371 2043 1514 2077 potuisset,
1539 2043 1616 2070 vivus
1632 2043 1814 2071 comburitur.

1024 2089 1088 2117 Post
1102 2090 1151 2116 hos
1163 2089 1326 2124 Epimachus
1339 2088 1540 2122 etAlexander,
1555 2097 1616 2116 cum
1634 2094 1694 2124 post
1708 2090 1815 2116 diutur-

1024 2143 1088 2162 num
1119 2135 1237 2162 carceris
1267 2135 1408 2162 horrorem
1434 2136 1460 2161 in
1485 2143 1539 2169 quo
1555 2135 1636 2162 vincti
1654 2142 1814 2169 permanse-

1024 2186 1097 2214 rant,
1124 2180 1228 2207 ferreos
1253 2187 1369 2215 ungues,
1385 2179 1467 2215 ﬂagra
1490 2187 1521 2207 ae
1539 2180 1612 2208 mille
1629 2181 1751 2209 dolorum
1766 2188 1814 2216 ge-

177 2227 309 2263 ἀνήνυτον
327 2227 366 2254 ἔτι
380 2227 534 2263 βασανίζειν
549 2228 596 2255 καὶ
612 2228 665 2255 ὑπὸ
677 2227 814 2263 γυναικῶν
827 2227 970 2263 ἡττᾶσθαι,

1026 2233 1090 2254 nera
1116 2226 1302 2262 pertulissent,
1319 2226 1388 2253 vivae
1407 2226 1489 2254 calcis
1520 2226 1646 2262 incendio
1664 2228 1746 2254 etiam
1764 2227 1814 2261 ipsi

177 2272 226 2299 τοῦ
239 2273 382 2309 ἡγεμόνος,
401 2274 502 2310 σιδήρῳ
516 2273 634 2306 τεθνᾶσι,
650 2274 748 2310 μηκέτι
767 2273 890 2308 βασάνων
908 2275 968 2300 πεῖ-

214 2373 270 2408 (16)
290 2373 524 2409 Ἰσχυριζόμενοι.
542 2373 661 2400 Positum
676 2378 717 2401 est
736 2381 785 2409 pro
799 2374 968 2411 διισχυριζό-

179 2417 267 2443 μενοι.

215 2444 272 2478 (17)
293 2443 440 2478 Ὰσϐέστῳ
452 2445 535 2479 πυρί.
554 2447 645 2474 Potest
659 2446 742 2474 etiam
754 2446 822 2472 vorti
838 2446 902 2472 vim
914 2445 969 2472 cul-

177 2479 359 2516 qisincemlio:
382 2481 426 2516 Sic
447 2481 516 2516 inira
533 2482 567 2508 de
591 2482 740 2516 Epimacho
762 2485 787 2507 et
800 2481 968 2516 iAlexandro

177 2514 256 2544 dixit,
268 2513 334 2548 πυρὶ
345 2514 472 2574 ἀσϐέστὶμ
479 2513 652 2552 διεχύθησαν.
667 2516 719 2543 Pro
731 2523 785 2549 quo
799 2515 967 2548 Nicephorius

178 2548 261 2574 habet
272 2548 383 2574 τιτάνω.
401 2550 428 2574 In
445 2550 548 2574 ΔΙρηιιιη
564 2554 595 2574 ml
612 2553 682 2574 ιιίρηι
700 2551 734 2574 50
756 2549 893 2574 Octobris.
920 2551 965 2574 nhi

178 2548 261 2575 habet
272 2548 383 2584 τιτάνῳ.
401 2550 428 2577 In
445 2548 548 2578 Ilemivb
564 2548 596 2578 ad
612 2553 682 2579 diem
700 2548 745 2578 50'
756 2549 893 2582 Octobris,
920 2551 966 2578 ubi

177 2584 326 2621 incutiunt
353 2585 448 2621 horum
472 2591 622 2621 martyrum
638 2586 748 2616 Juliani,
773 2585 916 2613 Cronionis
939 2591 967 2612 et

177 2617 301 2678 ἕξεσι-ἥ,
319 2617 417 2652 legitur
430 2617 564 2648 ἀσϐέστοῦ
582 2621 688 2654 ζέοντος
708 2620 767 2647 κατ’
780 2620 869 2647 αὐτῶν
885 2621 966 2656 ἐκχυ-

210 2661 280 2678 ντος.

210 2661 280 2685 ντος.

214 2687 270 2722 (18)
284 2689 341 2726 Καὶ
359 2689 416 2724 τὴν
434 2691 577 2726 εὐλογίαν
600 2691 717 2726 ἀληθὴς
736 2691 851 2724 Μάκαρ.
864 2690 965 2726 Alrludil.

178 2722 325 2760 Dionysius
339 2727 372 2751 ad
389 2722 472 2753 verba
489 2722 531 2753 ilia
546 2722 869 2760 Christi‘in"Evarigelio,
887 2725 964 2752 Beati

176 2759 250 2791 estis,
264 2766 322 2784 cum
338 2762 468 2796 persecuti
480 2770 524 2788 vos
539 2762 637 2796 fuerint
659 2759 868 2793 homines,7elc.,
882 2762 961 2796 (quod

177 2798 335 2829 tamennon
350 2795 415 2822 vidit
427 2795 698 2828 Christonltorsonus.
715 2796 765 2829 Qui
783 2796 866 2823 etiarn
881 2795 906 2822 in
928 2803 960 2822 eo

178 2827 362 2864 hallucinatus
377 2834 431 2862 est,
445 2832 516 2864 quod
532 2831 679 2858 Macarium
694 2827 764 2857 hunc
782 2831 845 2857 facit
864 2830 959 2857 Afrum

177 2867 228 2895 pro
239 2861 346 2897 Libyco.
361 2861 503 2898 E!egariter
517 2871 606 2893 autem
625 2866 736 2894 [iuliuus
752 2866 821 2894 hunc
839 2865 961 2900 Dionysii

1025 2272 1209 2308 colliquefacti
1235 2273 1386 2307 perierunt.
1402 2272 1532 2300 Eumdem
1550 2281 1610 2300 cum
1631 2273 1697 2308 ipsis
1711 2273 1814 2300 exitum

1024 2378 1114 2405 locum
1127 2377 1163 2404 ita
1178 2378 1262 2404 vertit
1279 2386 1285 2403 :
1300 2377 1375 2404 Alius
1391 2377 1499 2412 quidam
1514 2377 1554 2412 air
1563 2376 1677 2403 nominis
1690 2377 1732 2403 sui
1751 2376 1814 2403 Ma-

1023 2414 1123 2443 carius.
1144 2418 1218 2446 gente
1235 2412 1357 2446 Libycus.
1385 2412 1430 2439 Sic
1449 2412 1521 2438 enim
1545 2411 1633 2438 Latini
1655 2411 1814 2446 loqumlur,

1023 2453 1051 2473 ut
1066 2448 1218 2474 Trebellius
1236 2447 1322 2475 Pollio
1346 2447 1373 2474 in
1396 2447 1520 2478 Arn-eota,
1538 2451 1567 2473 et
1591 2446 1764 2481 Lampridius
1786 2447 1813 2473 in

1022 2481 1175 2509 Commodo.

1044 2483 1175 2509 ommodo.

1058 2517 1114 2552 (i9)
1130 2516 1211 2544 Μετὰ
1230 2517 1340 2543 πολύν.
1355 2516 1440 2552 Sit‘rin
1458 2516 1537 2544 codd.
1559 2516 1686 2552 Medica‘o
1697 2523 1728 2543 ac
1741 2515 1811 2552 ltlaz.

1020 2552 1088 2579 Fuk.
1105 2557 1132 2578 et
1150 2552 1234 2579 Savil.
1259 2557 1286 2578 et
1308 2552 1379 2585 apud
1395 2551 1540 2586 Georgium
1565 2551 1720 2586 Syncellum
1746 2551 1815 2584 legi-

1022 2592 1082 2620 tur;
1107 2595 1168 2622 quzc
1190 2587 1273 2614 let-tio
1307 2588 1393 2619 magis
1417 2587 1503 2620 placet
1525 2593 1605 2621 quam
1626 2586 1725 2622 vulgati
1753 2586 1813 2620 μετ’

1019 2622 1060 2653 οὗ,
1087 2621 1121 2648 et
1141 2622 1229 2649 Rufini
1258 2623 1422 2648 auctoritate
1450 2622 1636 2648 conﬁrmatur.
1665 2621 1692 2647 In
1718 2622 1813 2648 codice

1020 2656 1105 2691 Regio
1117 2656 1215 2692 legitur
1228 2656 1309 2684 etiam
1325 2656 1354 2683 ὃν
1368 2656 1521 2690 ἐνέμειναν,
1535 2661 1589 2683 etc.
1604 2658 1670 2689 Quae
1693 2656 1773 2692 lectio
1789 2656 1812 2682 si

1019 2699 1081 2718 vera
1096 2691 1154 2724 est,
1177 2692 1289 2719 omnino
1312 2693 1408 2719 abesse
1431 2696 1541 2726 oportet
1560 2691 1714 2726 negativam
1737 2691 1811 2718 illam

1018 2727 1189 2762 particulam.

1054 2761 1111 2797 (‘20)
1125 2762 1278 2789 ΔιθνυσΙιι.
1291 2761 1356 2797 Post
1371 2761 1429 2788 haec
1445 2762 1528 2789 verba
1548 2761 1639 2788 addidi
1659 2769 1690 2788 ex
1709 2761 1812 2788 Rulino

1016 2797 1062 2824 καὶ
1072 2797 1261 2832 ’Λμμωνάριον
1278 2796 1368 2832 ἑτέρα.
1383 2797 1506 2829 Quatuor
1519 2797 1590 2825 enim
1606 2797 1734 2824 mulieres
1749 2796 1811 2824 illas

1016 2832 1099 2860 luisse
1117 2840 1196 2868 supra
1213 2833 1280 2868 dixit
1296 2832 1450 2867 Dionysius.
