2002 3169
212 155 259 182 6H
581 151 715 180 EUSEBII
736 150 976 178 CESARIENSIS
997 149 1072 178 OPP.
1093 149 1182 178 PARS
1201 149 1220 178 l.
1240 166 1273 171 —
1292 149 1486 178 HISTORICA.
1779 151 1843 186 ,6ἰὲ

209 211 315 239 sortltte
327 213 390 237 sunt
408 214 522 244 quatuor
547 209 684 236 mulieres.
716 210 920 236 Ammonarium
937 209 997 242 qui-

1051 217 1100 244 ραν
1115 209 1254 236 λαὸοὗσαι.
1281 209 1336 240 Τὰς
1361 209 1415 244 γὰρ
1439 210 1508 245 ὑπὲρ
1531 210 1636 241 πασῶν,
1665 212 1679 237 ὁ
1702 208 1841 246 πρόμαχος

210 257 269 283 dem
294 256 370 290 virgo
398 255 583 286 sanctissima,
612 263 673 282 cum
698 263 711 281 a
739 255 831 288 judice
846 255 999 282 diutissime

1057 254 1245 290 Ἀμμωνάριον
1266 255 1420 281 ἁνεδὲδεκτο
1449 255 1592 290 βασάνους.
1619 256 1713 291 Ἥρων
1741 256 1768 282 δὲ
1795 256 1842 283 καὶ

210 307 281 328 torta
294 301 401 333 fuisset,
416 301 519 335 ingenti
537 308 597 327 cum
610 300 760 334 pertinacia
774 304 917 334 propterea
928 300 998 334 quod

1057 299 1137 336 Ἀτὴρ
1150 299 1205 335 (2|)
1226 301 1272 327 καὶ
1295 301 1429 337 Ίσὶδωρῡς
1446 301 1602 335 Αἰγύπτιοι,
1621 302 1667 328 καὶ
1681 303 1729 328 σὺν
1750 303 1842 334 αὐτοῖς

209 347 297 382 palam
312 347 487 382 praedixerat,
503 345 569 373 nihil
581 353 675 373 eorum
706 353 767 380 qua:
782 346 865 380 judex
878 345 999 378 jusscrat

1052 346 1192 382 παιδάριον
1213 347 1251 379 ὡς
1272 347 1534 382 πεντεκαιδεκαέτης
1552 349 1566 374 ὁ
1583 349 1738 385 Διόσκορος,
1758 358 1842 386 παρε-

208 394 376 428 prolaturam
397 400 427 420 se
447 399 518 423 esse,
547 392 770 426 pollicitationetn
794 399 869 418 suam
884 399 998 418 exsecu-

1051 391 1163 426 δόοησαν
1174 401 1180 407 ·
1200 393 1246 418 καὶ
1259 392 1368 428 πρῶτον
1382 393 1412 418 τὸ
1429 393 1571 428 μειράκιον
1583 394 1672 428 λόγοις
1691 404 1720 421 τε
1735 396 1841 431 ἀπατᾷ-ν

209 439 274 467 tioni
299 439 442 469 mandans,
476 437 508 464 ad
527 437 691 471 supplicium
716 437 830 465 abducta
847 442 899 464 est.
918 437 997 464 Resi-

1051 438 1086 469 ὼς
1111 438 1318 473 εὐπαράγωγον,
1343 439 1390 464 καὶ
1413 438 1539 473 βασάνοις
1563 441 1781 475 καταναγκάζειν
1803 442 1841 475 ὡς

208 487 268 514 dune
284 493 359 518 vero,
388 484 521 512 Mercuria
547 484 650 511 scilicet
680 491 748 510 anns
769 483 901 518 imprimis
914 490 997 510 vene-

1051 484 1185 510 εὑένδοτον
1199 484 1380 519 πειρωμένου,
1395 484 1456 510 οὔτε
1469 485 1582 520 ἐπείσθη
1593 485 1654 512 οὔτε
1667 485 1736 518 εἶξεν
1747 488 1841 514 6AM:-

208 533 302 564 randa,
325 537 352 558 et
369 531 507 566 Dionysia,
527 531 705 566 plurimormn
723 530 830 565 quidem
848 530 996 557 liberorum

1051 538 1138 564 κορος.
1158 530 1226 561 Τοὺς
1239 529 1266 556 δὲ
1276 529 1386 561 λοιποὺς
1397 531 1555 566 ἀγριώτατα
1565 532 1731 567 καταξήνας,
1741 533 1841 568 ἐγκαρ-

208 584 305 611 mater,
322 578 368 605 sed
381 585 440 612 quae
452 577 564 612 pignora
579 584 627 602 sua
645 576 741 602 tniuori
756 583 838 610 quam
851 575 996 602 Dominum

1049 577 1225 612 τερήσαντας,
1249 577 1315 612 πυρὶ
1339 577 1386 604 καὶ
1411 577 1521 609 τούτους
1539 579 1724 614 παραδέδωκε,
1747 579 1792 606 τὸν
1812 581 1839 607 δὲ

207 624 342 651 charitale
361 621 501 655 complexa
527 624 570 648 est
588 630 594 648 :
613 625 640 647 et
661 620 714 647 alia
740 627 835 647 rursus
850 619 996 647 Ammona-

1056 623 1192 658 ὶιόσκορον
1211 622 1470 659 ὲλλαμπρυνάμενύν
1488 633 1517 650 τε
1537 624 1665 660 δημοσίᾳ,
1683 625 1730 652 καὶ
1753 626 1846 664 cogi».

208 671 276 697 rium
291 678 297 695 :
310 676 371 696 cum
386 667 544 702 prmfcctum
565 666 620 700 jam
635 667 747 700 pulcret
759 673 806 693 eas
824 666 938 693 ulterius
952 666 995 692 in-

1049 675 1114 693 τατοι
1130 667 1197 702 πρὸς
1214 666 1264 698 τὰς
1279 667 1346 699 ἰδίας
1369 668 1479 700 πεύσεις
1499 669 1717 704 ἀποκρινάμενον
1735 670 1839 706 θαυμα-

206 722 313 742 cassum
343 718 482 747 torquere,
508 717 536 739 et
564 719 578 737 ξι
607 710 715 738 feminis
741 711 875 745 superari,
904 711 995 745 gladio

1049 714 1113 744 σας,
1130 713 1265 748 παρῆκεν,
1281 713 1425 749 ὑπέρθεσιν
1441 715 1530 750 φήσας
1549 716 1588 747 εἰς
1605 716 1746 750 μετάνοιαν
1766 717 1839 752 αὐτῷ

206 767 283 787 caesa:
300 765 372 791 sunt,
397 758 478 785 nullis
491 758 566 791 prius
591 757 733 783 tormentis
749 757 875 783 subditm.
888 756 994 783 Etenim

1049 758 1088 785 διὰ
1100 759 1149 794 τὴν
1163 758 1271 794 ἠλικίαν
1291 760 1462 795 ὲπιμετρεῖν.
1482 761 1537 787 Καὶ
1548 760 1595 787 νῦν
1611 762 1624 787 ὁ
1638 759 1839 797 θεοπρεπέστα-

205 812 297 832 earnm
314 804 439 839 princeps
452 807 479 830 et
509 802 688 836 autesiguana
710 801 926 834 Ammonarium,
946 809 994 836 pro

1049 813 1090 836 τος
1112 805 1160 831 σὺν
1182 805 1247 840 ἡμῖν
1270 805 1328 831 ἐστι
1352 805 1513 841 Διόσκορος,
1534 806 1573 837 εἰς
1600 807 1768 843 μακρότερον
1793 808 1839 835 τὸν

205 849 330 876 omnibus
347 853 479 876 tormenta
500 847 659 882 pertulerat.
683 846 772 884 Heron
790 847 871 873 etiam
887 852 914 874 ct
930 848 995 874 Ater

1048 850 1138 885 ἀγῶνα
1153 851 1200 877 καὶ
1212 851 1404 887 διαρκέστερον
1419 853 1513 887 μείνας
1527 852 1572 879 τὸν
1588 850 1678 880 ἆθλον.
1696 854 1838 888 Naissoin

204 899 231 921 et
245 894 375 925 Isidorus,
395 892 528 928 Egyptii,
558 899 674 927 cumque
692 883 743 919 illis
758 891 903 919 Dioscorus
916 899 992 926 puer,

1047 899 1075 926 δέ
1092 908 1135 930 τις
1154 899 1279 931 κάκεῖνος
1299 899 1456 934 Αἰγύπτιος,
1482 900 1688 936 ὲσυκοφαντήθη
1715 901 1775 935 μὲν,
1800 901 1836 933 ὡς

204 948 289 968 annos
301 940 408 967 circiter
419 939 576 974 quindecim
603 943 693 971 natus,
715 938 797 972 iudici
818 938 899 965 oblati
920 943 992 967 sunt.

1047 942 1078 978 δὴ
1103 942 1225 974 σύνοικος
1248 942 1365 980 λῃστῶν,
1379 943 1583 979 ἀποδυσάμενος
1597 945 1625 971 δὲ
1640 945 1740 981 ταύτην
1762 945 1837 981 παρὰ

204 986 308 1012 Etcum
323 985 405 1019 judex
419 985 535 1020 primunt
551 989 615 1012 ante
638 985 705 1012 alios
714 984 908 1012 adolescentem
921 982 994 1010 Dios-

1047 987 1085 1022 τῷ
1102 987 1291 1023 ὲκατοντὰρχῳ
1306 988 1354 1024 τὴν
1372 988 1590 1024 ἀλλοτριωτάτην
1606 990 1664 1015 κατ’
1680 990 1761 1016 αὐτοῦ
1781 990 1837 1017 δια-

204 1038 309 1063 corum,
330 1028 426 1064 partim
456 1029 628 1056 sermonibus
642 1033 673 1056 ut
694 1028 839 1056 flexibilem
855 1029 990 1063 decipere,

1047 1033 1139 1069 ϐολὴν,
1165 1033 1368 1069 καταμηνυοεὶς
1385 1034 1423 1066 ὡς
1439 1035 1610 1070 Χριστιανὸς,
1628 1033 1679 1071 ἧκε
1696 1035 1837 1071 δεσμώτης

203 1077 303 1111 partim
324 1075 469 1103 tormentis
501 1079 531 1102 ut
558 1075 665 1102 mollem
693 1082 724 1102 ac
743 1079 866 1102 tenerum
894 1083 991 1110 cogere

1046 1080 1092 1106 ἐπὶ
1106 1079 1151 1107 τὸν
1168 1080 1328 1116 ἡγούμενον.
1348 1081 1376 1107 '0
1396 1080 1425 1106 δὲ
1449 1081 1615 1112 ἀδικώτατος
1630 1081 1738 1113 διπλαῖς
1755 1082 1835 1109 αὑτὸν

202 1121 374 1152 mutavisset,
390 1119 434 1147 ille
461 1127 510 1147 nec
527 1120 750 1155 persuasionibus
765 1121 847 1147 cessit
871 1127 919 1147 nec
937 1126 992 1147 tor-

1047 1125 1061 1160 ἢ
1077 1126 1139 1157 τοὺς
1152 1125 1253 1162 λῃστὰς
1267 1127 1326 1157 ταῖς
1342 1134 1371 1152 τε
1388 1126 1514 1161 βασάνοις
1530 1126 1575 1152 καὶ
1592 1127 1650 1158 ταῖς
1669 1126 1779 1161 μάστιξι
1792 1127 1837 1154 λι)-

203 1166 311 1194 mentis.
339 1166 444 1200 Reliqui
461 1165 650 1193 crudelissime
677 1166 822 1198 verberati,
845 1173 907 1194 cum
925 1173 989 1193 cru-

1047 1171 1212 1206 μηνάμενος,
1223 1171 1323 1206 μεταξὺ
1333 1171 1387 1197 τῶν
1399 1171 1504 1207 λῃστῶν
1519 1172 1678 1207 κατέφλεξε,
1686 1173 1835 1208 τιμηθέντα

201 1213 288 1240 ciatus
308 1212 415 1240 fortiter
437 1212 640 1243 sustinuissent,
674 1211 728 1246 igni
756 1211 838 1252 etiam
864 1211 913 1245 ipsi
928 1215 991 1238 sunt

1044 1217 1089 1243 τὸν
1102 1217 1234 1252 μακάριον
1250 1216 1288 1252 τῷ
1300 1217 1347 1243 τοῦ
1363 1216 1481 1253 Χριστοῦ
1496 1217 1708 1253 παραδείγματι.
1727 1219 1834 1254 ’Λορόον

201 1258 305 1285 traditi.
338 1258 496 1285 Dioscorum
521 1264 585 1284 vero
602 1258 647 1291 qui
663 1257 689 1283 in
708 1258 828 1285 omnium
842 1262 989 1292 conspectu

1044 1262 1071 1289 δέ
1079 1271 1106 1289 τι
1118 1262 1260 1297 σύνταγμα
1270 1262 1311 1297 (21
1319 1262 1337 1297 ⁸)
1348 1262 1551 1297 στρατιωτικὸν,
1561 1263 1677 1298 Ἄμμων
1686 1265 1733 1290 καὶ
1741 1264 1833 1298 Ζήνων

200 1304 376 1336 inelaruerat,
394 1307 420 1331 et
432 1303 478 1338 qui
495 1303 528 1330 ad
540 1303 631 1330 onmia
658 1303 828 1338 interrogata
843 1302 989 1337 sapientis-

1043 1309 1090 1334 κα)⁸
1105 1307 1271 1343 Πτολεμαῖος
1301 1308 1348 1334 καὶ
1369 1308 1501 1342 ’ῐγγένης,
1519 1308 1566 1334 καὶ
1588 1308 1637 1334 σὺν
1651 1309 1743 1340 αὐτοῖς
1766 1317 1833 1344 πρε-

198 1352 268 1379 sime
295 1351 482 1385 responderat,
504 1350 657 1377 admiratus
679 1349 761 1383 judex
791 1349 905 1382 dimisit,
928 1356 988 1383 spa-

1044 1350 1144 1386 σὸύτης
1159 1350 1297 1385 Θεόφιλος,
1322 1351 1494 1386 εἱστήκεισαν
1516 1351 1569 1386 πρὸ
1583 1351 1629 1378 τοῦ
1641 1352 1831 1388 δικαστηρίου⁴

199 1401 266 1425 ιῖυηι
279 1405 309 1425 se
322 1397 358 1424 illi
372 1397 404 1424 ad
420 1395 607 1432 paenitentiam
635 1395 785 1422 concedere
800 1393 936 1422 aﬂirmans
954 1394 988 1421 ob

1043 1396 1202 1430 κρινομένου
1217 1397 1248 1431 δή
1265 1405 1336 1428 τινος
1349 1397 1387 1428 ὡς
1401 1397 1564 1432 Χριστιανοῦ
1578 1397 1624 1425 καὶ
1640 1398 1708 1433 πρὸς
1720 1397 1833 1433 ἄρνησιν

197 1445 294 1471 aetatis
315 1443 514 1470 inﬁrmitatem.
534 1441 567 1467 Et
593 1447 665 1467 nunc
693 1437 835 1468 nobiseum
862 1443 987 1466 versatur

1042 1440 1090 1476 ἤδη
1108 1441 1245 1476 ῥέποντος,
1260 1441 1385 1476 ὲπρίοντο
1399 1438 1470 1468 οὗτοι
1489 1443 1703 1477 παρεστηκότες,
1716 1443 1763 1470 καὶ
1776 1443 1832 1475 τοῖς

200 1489 308 1517 divinus
333 1488 490 1520 Dioscorus,
512 1487 538 1514 in
569 1486 656 1520 majus
677 1493 709 1513 ac
723 1485 877 1512 diuturnius
906 1484 988 1520 240

1041 1494 1070 1512 τε
1087 1485 1243 1522 προσώποις
1269 1486 1400 1519 ἐνένευον,
1427 1488 1474 1513 καὶ
1494 1487 1543 1519 τὰς
1569 1489 1662 1523 χεῖρας
1687 1488 1829 1521 ἀνέτεινον,

197 1542 336 1563 certamen
366 1538 533 1562 reservatus.
560 1532 614 1559 Sed
636 1536 663 1559 et
688 1531 834 1559 Nemesion
863 1532 985 1566 quidam,

1041 1532 1089 1558 καὶ
1105 1532 1367 1567 συνεσχηματίζοντο
1382 1534 1439 1564 τοῖς
1455 1533 1588 1568 σώμασιν.
1611 1534 1793 1570 Ἐπιστροψῆς
1803 1534 1830 1560 δὲ

195 1582 278 1609 etiam
295 1581 352 1616 ipse
373 1579 528 1615 Aigyptius,
551 1580 669 1615 primum
687 1578 793 1613 quidem
820 1577 888 1605 falso
906 1585 985 1605 accu-

1040 1577 1147 1603 rtt'zrruw
1171 1577 1238 1612 πρὸς
1259 1578 1357 1610 αὐτοὺς
1383 1579 1542 1613 γενομένης,
1561 1580 1624 1615 πρίν
1644 1588 1719 1611 τινας
1741 1580 1829 1606 αὐτῶν

195 1630 272 1653 satus
290 1625 380 1653 fuerat
396 1630 533 1660 tamquam
562 1625 653 1652 socius
681 1629 708 1651 et
724 1623 927 1651 contubernalis
948 1623 985 1649 la-

1041 1623 1135 1654 ἀλλους
1148 1622 1287 1655 λαϐέσθαι,
1306 1623 1456 1657 φθάσαντες
1474 1624 1519 1651 ἐπὶ
1533 1625 1563 1651 τὸ
1587 1624 1686 1661 βάθρον
1700 1624 1755 1660 (22)
1771 1625 1831 1652 ἀνέ-

197 1677 317 1699 tronum.
343 1670 441 1698 Postea
461 1678 526 1698 vero
540 1678 601 1698 cum
616 1670 686 1704 apud
712 1670 899 1697 centurionem
917 1670 986 1696 hanc

1039 1669 1152 1704 δραμον,
1164 1667 1232 1696 εἶναι
1244 1670 1402 1704 Χριστιανοὶ
1414 1670 1547 1704 λέγοντες,
1563 1671 1600 1702 ὡς
1614 1672 1658 1698 τόν
1668 1680 1696 1698 τε
1707 1672 1829 1708 ἡγεμόνα

196 1717 359 1745 calumniam
372 1725 386 1744 a
400 1725 430 1745 se
447 1717 543 1751 utique
553 1716 750 1744 alienissimam
767 1715 926 1750 depulisset,
939 1715 986 1742 de-

1039 1714 1085 1741 καὶ
1099 1716 1162 1746 τοὺς
1177 1715 1321 1751 συνέδρους
1334 1716 1471 1751 ὲμφόϐους
1487 1716 1623 1750 γενέσθαι,
1640 1718 1687 1744 καὶ
1700 1718 1765 1749 τοὺς
1781 1717 1829 1753 μὲν

196 1764 267 1792 latus
282 1763 355 1797 quod
373 1763 547 1791 Christianus
559 1765 643 1794 esset,
661 1761 695 1788 ad
707 1761 863 1796 praefectum
879 1762 986 1788 vinctus

1038 1760 1214 1795 κρινομένους
1228 1760 1471 1796 εὐθαρσεστάτους,
1487 1762 1528 1796 ἐφ’
1546 1759 1586 1793 οἷς
1602 1763 1751 1795 πείσονται,
1769 1763 1825 1798 φαί-

195 1808 414 1844 adducitur.‘At
441 1807 485 1835 ille
511 1807 700 1842 iniquissimus
729 1806 982 1841 judex,postquam

1039 1805 1140 1835 νεα-θαι,
1158 1806 1219 1836 τοὺς
1234 1805 1263 1831 δὲ
1277 1805 1434 1838 δικάζοντας
1446 1806 1610 1842 ἀποδειλιᾷν.
1625 1808 1679 1834 Καὶ
1691 1805 1762 1834 οὗτοι.
1781 1807 1829 1842 μὲν

195 1862 256 1882 eum
269 1854 349 1889 duplo
362 1854 533 1889 gravioribus
547 1861 629 1888 quam
657 1853 778 1887 reliquos
793 1852 912 1880 latrones
926 1856 982 1878 tor-

1038 1851 1070 1877 ὲκ
1082 1851 1266 1887 δικαστηρίων
1286 1852 1493 1887 ἐνεπόμπευσαν
1507 1853 1554 1879 καὶ
1570 1853 1771 1888 ἠγαλλιάσαντο
1793 1855 1826 1888 τῇ

196 1902 295 1929 mentis
311 1909 343 1928 ac
358 1901 522 1928 verberibus
536 1900 682 1933 affecisset,
702 1899 773 1926 inter
794 1898 913 1926 latrones
925 1897 984 1930 jus-

1039 1897 1186 1932 μαρτυρίᾳ,
1214 1896 1425 1933 Θριαμϐεύοντος
1441 1897 1496 1934 (25)
1520 1899 1619 1930 αὐτοὺς
1643 1898 1755 1932 ἐνδόξως
1781 1899 1826 1926 τοῦ

194 1947 232 1974 sit
259 1947 378 1975 incendi.
409 1946 441 1973 Et
472 1947 512 1974 sic
544 1946 587 1973 vir
610 1945 782 1973 beatissimus
807 1943 983 1971 sitnilitudine
1037 1941 1136 1968 Θεοῦ.»

193 1992 295 2021 Christi
314 1993 465 2021 honoratus
495 1997 548 2020 est.
575 1992 659 2020 Porro
677 1992 821 2019 universus
842 1989 923 2017 simul
950 1989 1065 2016 militum
1098 1989 1252 2023 manipulus
1282 1989 1398 2016 Ammon
1434 1990 1537 2017 scilicet
1565 1991 1648 2024 Zeno,
1667 1990 1828 2018 Ptolemmus

191 2045 220 2068 et
253 2040 397 2075 lngenuns,
423 2048 540 2075 cumque
568 2040 621 2068 illis
639 2047 723 2067 senex
752 2037 930 2073 Theophilus,
951 2042 1014 2065 ante
1034 2037 1191 2072 prauorium
1215 2038 1335 2064 stabant.
1361 2038 1394 2065 Et
1407 2045 1468 2065 cum
1495 2039 1604 2073 quidam
1626 2041 1661 2067 ob
1694 2039 1828 2067 Christia-

194 2094 255 2113 nam
273 2086 432 2121 religionem
453 2086 480 2113 in
494 2086 626 2120 judicium
650 2086 786 2117 inductus,
801 2084 968 2119 jamjamque
988 2089 1138 2118 negaturus
1174 2084 1315 2112 Christum
1351 2085 1500 2117 videretur,
1529 2085 1567 2112 illi
1584 2091 1707 2114 astantes
1738 2085 1828 2113 denti-

194 2133 245 2159 bus
280 2132 409 2165 stridere,
441 2132 515 2160 vultu
531 2133 657 2165 innuere,
692 2139 789 2159 manus
813 2132 972 2163 extendere,
990 2138 1022 2157 ac
1042 2130 1123 2157 totius
1148 2130 1228 2158 simul
1256 2132 1381 2166 corporis
1412 2137 1500 2159 motus
1515 2137 1662 2167 gestusque
1677 2132 1758 2160 edere
1770 2140 1827 2160 cm-

192 2184 302 2213 pcrunt.
329 2179 452 2213 Cumque
477 2178 598 2205 omnium
627 2179 654 2205 in
671 2186 699 2206 se
727 2178 824 2205 oculos
849 2178 1057 2209 convertissem,
1090 2178 1248 2212 priusquam
1280 2178 1314 2204 ab
1344 2178 1434 2212 aliquo
1450 2179 1759 2213 comprehenderentur,
1775 2179 1826 2213 ipsi

191 2224 224 2252 ad
239 2225 396 2253 subsellium
410 2229 593 2257 accurrentes,
614 2223 784 2252 Christianos
814 2232 843 2252 se
859 2231 920 2251 esse
934 2223 1050 2258 professi
1079 2228 1152 2251 sunt.
1170 2223 1228 2256 Quo
1240 2223 1312 2252 facto
1340 2223 1484 2258 prmfectus
1512 2229 1539 2252 ct
1555 2232 1708 2253 assessores
1734 2225 1781 2260 qui
1800 2226 1826 2253 in

228 2314 284 2349 (2|)
303 2314 364 2351 Καὶ
377 2314 474 2349 Ἀτήρ.
485 2314 561 2351 Apud
573 2313 885 2351 GeorgitunVSyncellum
901 2318 927 2341 et
939 2313 982 2351 Ni—
997 2315 1019 2343 Ι)
1034 2318 1124 2342 vetere
1139 2313 1329 2351 ΜῃνιιινοΙοθὶο
1343 2313 1474 2351 {tamam},
1494 2315 1593 2351 patalis
1609 2315 1704 2342 horum
1720 2319 1826 2351 marty-

190 2350 337 2384 cepltorutn
360 2350 458 2384 legitur
471 2349 591 2384 Ἀστὴρ.
616 2350 643 2376 In
668 2349 779 2381 Rulino,
797 2349 920 2376 Arsiam.
949 2349 976 2376 In
1035 2357 1094 2376 rttut
1111 2350 1221 2382 ponitur
1235 2350 1279 2384 die
1297 2350 1330 2384 l5
1342 2349 1478 2377 Kalendas
1490 2349 1646 2376 Ianuarias.

190 2383 282 2412 vetere
311 2383 501 2419 Martyrologio
529 2384 658 2416 Romano,
681 2384 751 2418 quod
778 2391 874 2419 magna
899 2389 976 2418 parte

1067 2384 1122 2419 (22)
1146 2383 1207 2410 Ἐπὶ
1223 2383 1255 2410 τὸ
1267 2383 1393 2419 βάθρον.
1403 2385 1566 2412 Subsellu‘unt
1578 2385 1690 2419 intelligi
1705 2385 1823 2418 videtur,

189 2420 362 2456 desumptum
377 2425 462 2447 estex
477 2419 588 2452 Rulino,
602 2419 729 2447 Ammius
749 2419 849 2446 dicitur
862 2419 895 2446 19
912 2419 972 2447 Kal.
1030 2420 1057 2446 in
1070 2427 1124 2456 quo
1139 2420 1250 2456 sedebat
1275 2427 1338 2447 reus
1352 2427 1414 2446 cum
1435 2428 1450 2456 fa
1478 2421 1570 2454 judice
1595 2421 1823 2456 interrogaretur,

188 2454 344 2481 Januarias.
1035 2455 1116 2482 hodie
1134 2454 1258 2481 sellulam
1272 2461 1413 2481 vocamus.
1434 2455 1461 2481 In
1481 2455 1552 2481 Artis
1565 2454 1708 2488 passionis
1722 2455 1823 2482 Philete

226 2489 295 2524 (εν)
322 2490 481 2524 Σύνταπιιια
493 2489 716 2523 στρατιωτικόν.
740 2488 839 2515 Turma
865 2488 978 2516 militum
1033 2489 1162 2524 martyris
1177 2490 1272 2516 ambon
1288 2489 1387 2517 dicitur
1403 2497 1448 2516 seti
1466 2490 1607 2524 pulpitum.
1635 2490 1680 2517 Sic
1694 2491 1765 2517 enim
1781 2491 1823 2516 in-

190 2523 272 2560 vertit
283 2523 407 2555 Ruﬁnus,
423 2523 502 2559 quem
518 2530 628 2560 secutus
640 2530 682 2551 est
700 2524 976 2558 Cht'istophorsonus.
1031 2523 1133 2560 cipiunt
1145 2524 1212 2560 Arta
1226 2525 1270 2551 illa
1287 2532 1293 2549 :
1311 2524 1438 2557 Imposito
1451 2532 1512 2558 ergo
1531 2523 1625 2551 Plu'lea
1639 2533 1718 2560 super
1731 2527 1809 2552 ambo

190 2558 247 2593 Ego
261 2558 488 2594 manipulum'seu
507 2559 708 2586 contubernium
732 2560 824 2586 malim
843 2560 976 2593 iuterpre-
1030 2559 1258 2591 nem,.Culciunus
1273 2567 1369 2591 prwses
1381 2559 1460 2586 dixit.

191 2595 254 2621 tari.
267 2594 381 2627 Quidam
404 2594 537 2629 suspicari
563 2600 683 2629 possent,
707 2595 757 2622 bos
776 2594 874 2621 milites
893 2593 975 2622 fuisse

1064 2594 1121 2629 (25)
1135 2594 1367 2628 Θριαμϐεὐοντος
1380 2595 1499 2627 αὐτούς,
1513 2594 1627 2621 Rufinus
1641 2595 1723 2622 vertit
1741 2603 1747 2620 :
1766 2595 1820 2622 Deo

188 2630 358 2662 apparitores
381 2637 427 2656 seu
448 2629 576 2656 oliiciales
604 2629 723 2663 pra-fecti
747 2629 915 2665 Augustalis,
942 2637 973 2656 eo
1025 2629 1064 2665 ita
1081 2629 1258 2665 triumphante
1269 2637 1316 2662 per
1327 2633 1432 2665 sanctos
1445 2630 1645 2664 auos.Apparct
1661 2630 1742 2665 igitur
1756 2638 1819 2657 eum

187 2665 259 2698 quod
271 2665 380 2692 stetisse
394 2665 521 2692 dicuntur
534 2669 597 2691 ante
613 2665 780 2698 praatorium.
805 2664 860 2698 Ego
880 2668 969 2691 tamen
1025 2664 1124 2698 legisse
1149 2664 1205 2699 Θρι.
1231 2664 1264 2690 δι’
1280 2663 1389 2696 αὐτούς,
1414 2670 1468 2692 etc.
1491 2663 1619 2691 Rulinum
1644 2663 1729 2692 secuti
1755 2670 1819 2692 sunt

207 2699 278 2725 otius
294 2699 454 2727 crediderim
466 2699 630 2734 legionarius
648 2700 747 2726 milites
765 2699 861 2730 fuisse,
882 2706 915 2726 ex
937 2706 970 2725 ea
1026 2699 1162 2726 Museulus
1186 2704 1213 2726 ct
1236 2699 1514 2732 (lhristophorsonus.
1535 2699 1685 2726 Videndum
1715 2703 1816 2731 tamen,

198 2734 292 2767 egione
305 2741 365 2768 qua!
385 2735 418 2761 ad
439 2733 589 2762 custodiam
605 2735 679 2761 urbis
700 2734 972 2769 Alexandriuatierat

1026 2741 1059 2761 ne
1075 2734 1220 2769 Dionysius
1233 2733 1444 2769 θριαμϐεύοντος
1456 2735 1555 2767 αὐτοὺς
1569 2734 1617 2761 τοῦ
1631 2734 1698 2761 Θεοῦ
1706 2735 1816 2767 dixerit,

187 2769 334 2805 deputata,
345 2773 372 2796 et
386 2776 446 2802 quae
461 2769 589 2805 praelecto
600 2769 740 2803 Augustali
755 2768 875 2805 parebat.
896 2768 971 2796 Prat-

1027 2777 1075 2803 pro
1099 2768 1290 2805 θριὸιμῆεύεινΔ
1306 2769 1456 2802 ποιοῦντος,
1485 2771 1556 2804 quod
1586 2771 1698 2805 omnino
1722 2777 1817 2797 verum

189 2801 283 2841 fectus
293 2804 366 2830 enim
381 2801 537 2841 Augustalis
562 2811 614 2830 non
630 2801 716 2831 solum
739 2801 828 2830 civilia
851 2805 971 2841 negotia,
1027 2801 1104 2838 pato.
1118 2801 1172 2832 ’5ίὲ
1182 2803 1335 2839 βασιλεύειν
1351 2801 1465 2840 usurpat
1482 2801 1629 2841 Gregorius
1643 2804 1709 2832 Naz.

187 2838 235 2865 sed
247 2838 330 2866 etiam
350 2846 405 2866 rem
429 2838 573 2867 militarem
597 2846 629 2866 eo
654 2844 778 2874 tempore
795 2839 918 2871 curabat.
944 2839 972 2866 In
