2002 3169
258 145 307 171 εδι

631 146 767 174 ΕΠΞΕΒΙΙ
786 147 1023 176 (ΣΧΕΞΑΡιΙΕΝΞΙΒ
1043 149 1116 178 UPP.
1135 151 1224 179 PARS
1245 152 1265 180 l.
1287 168 1321 173 —
1340 153 1537 182 lllSTORIC.\.

1825 158 1879 186 652

255 204 377 238 poribus,
397 204 421 230 in
441 204 570 233 Eeclesiis
585 206 812 240 populosissimis.
831 211 857 234 et
877 207 902 234 in
917 208 1019 235 concilii

1071 209 1143 241 ,λοῖς
1167 211 1245 237 τοῦτο
1268 211 1371 245 ἔδοξεν·
1395 210 1432 240 ὧν
1453 214 1502 246 τὰς
1525 214 1621 249 βουλὰς
1639 215 1811 251 ἀνατρέπων,
1837 217 1879 248 είς

257 251 370 277 fratrutu
395 252 465 285 apud
488 252 605 279 Iconium
631 257 658 279 et
684 252 822 287 Synnada,
839 257 865 280 et
879 254 950 287 apttd
970 253 1037 281 alios

255 297 389 331 plurimos
413 297 484 324 idem
502 299 636 326 sancitum
664 298 757 326 fuisse.
785 298 904 331 Quorum
927 305 1037 327 senten-

257 344 308 371 tias
323 350 350 370 et
364 348 464 371 statuta
479 344 650 377 subvertere,
667 352 770 379 eosque
784 346 817 372 ad
831 345 921 380 iurgia
937 351 963 372 et
975 353 1038 374 eon-

254 391 387 421 tentiones
408 391 527 418 excitare
550 391 674 426 equidem
704 391 801 418 nolim.
830 391 969 425 Scriptttm
997 398 1038 419 est

251 435 323 461 enim
348 444 355 462 :
379 444 389 459 ι
407 435 465 462 Non
491 436 672 462 commutabis
696 436 827 463 terminos
854 436 969 470 proximi
998 438 1035 464 lui

250 489 319 515 quos
345 487 472 516 parentes
495 483 532 509 tui
556 482 803 517 conSIittierutit".
821 491 830 507 ι
847 481 949 515 Quarta
974 483 1032 517 ejus

248 527 281 554 de
295 528 422 561 baptismo
438 528 550 563 epistola
566 530 599 556 ad
614 528 773 563 Dionysium
789 528 890 562 scripta
901 533 952 561 est,
969 533 1033 557 tunc

248 574 355 609 quidem
383 574 512 602 Romanae
538 575 614 603 urbis
630 575 829 609 presbyterum,
845 575 892 602 sed
915 575 960 610 qui
983 575 1032 603 ali-

248 624 350 652 quanto
367 625 427 654 post
442 625 563 655 tempore
577 620 698 654 ejusdem
724 620 800 647 urbis
823 621 966 656 episcopus
991 627 1032 649 est

249 666 423 692 constitutus.
439 665 479 692 Ex
499 673 551 701 qua
564 665 635 693 hunc
659 666 745 700 ipsum
763 665 916 693 Romanum
932 666 1032 701 Diony-

247 711 329 743 sium,
348 711 563 738 eruditissimum
582 712 717 746 planeque
734 711 925 738 admirandum
944 711 1031 739 virum

1088 254 1145 290 ἔριν
1162 257 1208 283 καὶ
1225 257 1388 291 φιλονεικίαν
1403 259 1501 290 αὐτοὺς
1522 260 1648 295 ἐμϐαλεῖν
1665 262 1714 295 οὐχ
1735 262 1874 296 ὑπομένω.

1094 310 1103 326 ι
1116 302 1151 328 Οὐ
1168 302 1221 338 γὰρ
1239 305 1436 338 μετακινήσεις,
1449 305 1539 339 φησὶν,
1557 306 1617 341 ὅρια
1627 306 1673 332 τοῦ
1691 307 1801 342 πλησίον
1817 316 1877 340 σου,

1088 347 1105 373 ἃ
1128 347 1218 374 ἔθεντο
1239 350 1262 375 οἱ
1287 350 1402 385 πατέρες
1427 359 1505 377 σου.»
1535 352 1565 377 'H
1588 352 1703 387 τετάρτη
1715 353 1796 380 αὑτοῦ
1821 353 1876 380 τῶν

1090 393 1152 428 περὶ
1170 393 1355 429 βαπτίσματος
1370 395 1528 429 ἐπιστολῶν,
1543 396 1610 431 τυρὸς
1626 397 1669 423 τὸν
1683 398 1750 424 κατά
1767 397 1875 433 Ῥώμην

1088 439 1195 474 ἐγράφη
1205 439 1350 472 Διονύσιον,
1362 440 1421 466 τότε
1435 441 1483 475 μὲν
1495 441 1638 476 πρεσϐείου
1649 442 1797 477 ἠξιωμένον
1806 443 1873 478 (97),

1088 485 1136 510 οὐκ
1150 486 1189 517 είς
1203 486 1306 521 μακρὸν
1316 486 1343 512 δὲ
1355 486 1400 512 καὶ
1412 486 1460 520 τὴν
1473 486 1623 521 ἐπισκοπὴν
1634 487 1688 513 τῶν
1701 489 1787 514 ἐκεῖσε
1804 496 1874 524 παρ-

1087 530 1229 564 ειληφότα·
1251 531 1280 564 ἐξ
1301 530 1335 567 ἧς
1348 531 1448 566 γνῶναι
1472 531 1619 566 πάρεστιν,
1638 533 1710 564 ὅπως
1727 534 1773 559 καὶ
1794 533 1876 560 αὐτὸς

1085 572 1161 606 οὗτος
1178 576 1266 610 λόγιός
1289 585 1316 603 τε
1338 578 1385 603 καὶ
1404 577 1551 613 θαυμάσιος
1573 578 1639 614 πρὸς
1658 578 1703 605 τοῦ
1723 579 1783 605 κατ’
1801 579 1874 605 Ἀλε-

1087 620 1227 656 ξάνδρειαν
1240 623 1375 649 Διονυσίου
1393 625 1611 660 μεμαρτύρηται.
1631 625 1733 660 Γράφει
1750 625 1778 652 δὲ
1798 625 1872 661 αὐτῷ

1089 667 1147 702 μεθ’
1161 668 1254 704 ἕτερα,
1273 670 1326 696 τῶν
1346 671 1415 697 κατὰ
1437 672 1482 697 τὸν
1495 671 1629 697 Νωυάτον
1649 672 1824 707 μνημονεύων
1840 676 1868 702 ἐν

1087 723 1200 746 τουτοις.

246 756 341 789 fuisse,
370 757 523 784 testimonio
555 757 675 792 Dionysii
701 757 879 785 Alexandrini
904 758 969 786 licet
989 766 1164 794 cognoscere.
1178 762 1262 790 Porro
1277 763 1303 790 in
1321 764 1371 791 hac
1384 764 1416 792 ad
1433 764 1505 792 illum
1523 765 1638 800 epistola
1655 766 1688 793 de
1708 765 1812 794 Novato
1832 767 1869 795 ita

246 804 351 831 scribit.

537 851 651 879 CAPUT
670 852 737 880 Vill.

493 897 531 924 De
545 897 638 925 hwresi
652 897 760 926 Nauali.

284 976 566 1010 «NamNovatianum,
597 979 694 1013 inquit,
726 980 824 1007 merito
849 987 1026 1015 aversamur,

244 1023 342 1058 quippe
361 1023 408 1058 qui
426 1023 575 1051 Ecclesiam
592 1024 713 1059 discidit,
733 1031 761 1052 et
780 1026 911 1060 quosdam
927 1035 959 1054 ex
971 1027 1026 1054 fra-

243 1069 331 1096 tribus
348 1072 381 1095 ad
401 1069 568 1104 impietatem
591 1069 843 1105 blasphemiamque
859 1071 1025 1107 (pertraxit;

243 1114 288 1149 qui
303 1114 434 1142 nefariam
450 1116 481 1143 de
498 1115 552 1143 Deo
571 1116 722 1144 doctrinam
737 1117 851 1149 invexit.
865 1123 892 1145 et
911 1119 1029 1146 clemen-

243 1160 375 1188 tissimum
389 1161 532 1189 Dominum
547 1166 669 1189 nostrum
684 1162 775 1190 Iesum
792 1163 932 1192 Christum
949 1165 1026 1199 quasi

243 1207 442 1242 implacabilem
458 1209 642 1237 calumniatur
662 1218 668 1236 :
696 1209 741 1243 qui
765 1214 896 1243 praeterea
918 1218 1026 1238 sacrum

241 1254 379 1282 lavacrum
394 1255 521 1282 obliterat
538 1263 543 1281 :
564 1255 699 1290 iidemque
713 1259 740 1282 et
754 1254 954 1283 confessionem
967 1263 1027 1290 qua:

275 1312 298 1329 ”
315 1311 391 1339 Deut.
408 1320 465 1339 xtx.

240 1360 291 1387 hoc
306 1364 495 1394 argumentum
514 1359 644 1386 adversus
659 1359 740 1388 Afros
754 1360 868 1387 fortasse
880 1361 971 1387 valere
989 1360 1029 1386 di-

240 1397 287 1427 cit,
300 1400 327 1422 et
343 1394 479 1430 quomodo
490 1394 547 1420 Afri
564 1394 589 1421 id
603 1394 720 1422 refutare
736 1395 968 1430 possint.ribidem
981 1395 1029 1422 do-

239 1437 291 1459 rct.
306 1430 405 1457 Contra
415 1429 567 1456 Orientales
575 1437 639 1456 vero
654 1429 753 1457 nullam
768 1430 821 1456 vim
846 1429 909 1456 illud
923 1430 1023 1457 habere

240 1466 417 1499 demonstrat,
436 1465 506 1498 apud
528 1471 596 1497 quos
621 1472 728 1499 semper
746 1464 905 1498 rebaptizati
923 1465 1021 1491 fuerint

239 1499 372 1531 lueretici,
382 1498 438 1535 jam
452 1499 513 1526 inde
527 1499 561 1525 ab
571 1498 818 1535 lconien’sﬁisynodo
830 1507 888 1535 quae
897 1499 931 1526 ob
946 1499 1021 1526 Mon-

240 1535 355 1561 tanistas
378 1534 468 1569 fuerat
493 1539 668 1568 congregata.
687 1534 839 1561 Fir’miliani
865 1536 946 1561 verba
963 1535 1020 1562 haec
1035 1540 1057 1569 C

239 1575 301 1596 sunt
316 1581 321 1596 :
343 1578 352 1594 ε
376 1568 452 1601 Quod
467 1569 576 1603 quidem
590 1569 720 1596 adversus
734 1569 899 1603 Stephanum
916 1576 963 1596 vos
978 1570 1021 1596 di-

238 1612 300 1631 cere
323 1603 382 1630 Afri
400 1604 523 1639 potestis,
554 1604 662 1639 cognita
692 1604 806 1631 veritate
832 1611 953 1631 errorem
973 1612 1020 1631 vos

239 1638 443 1666 consuetudinis
465 1639 617 1673 reliquisse.
638 1639 770 1666 Caeterum
796 1647 845 1666 nos
868 1639 975 1666 veritati
992 1644 1020 1666 et

239 1673 465 1702 consuetudinem
478 1673 626 1708 iungimus,
644 1679 672 1701 et
684 1674 872 1701 consuetudini
886 1674 1020 1701 Romano-

240 1717 298 1736 rum
316 1708 538 1736 consuetudinem
567 1709 613 1735 sed
634 1709 758 1736 veritatis
773 1709 935 1744 opponimus
949 1729 956 1741 ,
985 1710 1020 1736 ab

239 1746 317 1772 initio
333 1745 384 1771 hoc
397 1748 529 1773 tenentes.
548 1744 619 1777 quod
640 1752 654 1770 a
673 1744 783 1771 Christo
792 1743 821 1771 et
835 1743 870 1770 ab
888 1744 1018 1777 Apostolo

238 1781 366 1806 traditum
380 1783 432 1805 est.
446 1777 500 1805 Nec
521 1779 704 1812 meminimus,
727 1779 779 1806 hoc
796 1779 865 1813 apud
889 1787 938 1806 nos
968 1780 1019 1806 ali-

237 1815 345 1848 quando
359 1813 476 1848 cmpisse
486 1833 494 1845 ,
511 1821 572 1840 cum
588 1821 695 1848 semper
707 1814 768 1841 istic
785 1815 956 1841 observatum
971 1815 1015 1846 sit,

236 1856 265 1876 ut
283 1849 389 1876 nonnisi
404 1856 483 1876 unum
501 1848 548 1876 Dei
575 1849 722 1876 Ecclesium
746 1856 897 1881 nossemus,
914 1854 940 1875 ct
956 1857 1017 1876 sau-

237 1891 308 1911 cttnn
323 1884 455 1918 baptisma
481 1883 589 1911 nonnisi
604 1889 704 1911 saneta:
730 1884 861 1912 Ecclesia:
877 1889 1017 1918 computa-

234 1928 335 1947 remus.
354 1919 438 1946 Plane
453 1919 580 1953 quoniam
596 1920 706 1954 quidam
722 1919 756 1947 de
771 1927 863 1947 eorum
881 1919 1016 1954 baptismo

235 1956 403 1987 dubitabant,
419 1955 462 1987 qui
476 1955 525 1982 etsi
540 1961 623 1980 novos
638 1955 782 1989 prophetas
799 1954 941 1988 recipiunt,
956 1961 1016 1981 eos-

233 1991 295 2016 dem
312 1995 400 2016 tamen
425 1989 531 2016 Patrem
548 1994 575 2016 et
599 1988 697 2016 Filium
722 1997 801 2017 nosse
820 1989 958 2016 nobiscum
975 1990 1015 2015 vi-

233 2027 347 2056 dentur;
376 2024 483 2059 plurimi
499 2024 578 2051 simul
593 2025 786 2052 convenientes
803 2025 828 2052 in
850 2024 941 2051 Iconio
956 2024 1016 2051 dili-

232 2061 392 2095 gentissime
404 2060 590 2091 tractavimus,
603 2064 630 2086 et
639 2060 859 2086 conﬁrntavimus
875 2059 1016 2093 repudian-

233 2098 295 2121 dum
316 2102 377 2121 esse
403 2101 483 2121 omne
513 2095 621 2121 omnino
639 2095 770 2129 baptisma
789 2095 860 2129 quod
884 2095 920 2121 sit
937 2100 1014 2121 extra

231 2130 382 2157 Ecclesium
400 2129 588 2156 constitutum.
603 2138 611 2154 ι
631 2129 705 2156 Dicet
718 2130 817 2164 aliquis
826 2129 1013 2164 Firmilianum

231 2166 377 2199 utrobique
392 2165 424 2191 de
443 2164 533 2199 seipso
559 2165 644 2198 loqui,
664 2172 696 2191 ac
716 2163 828 2198 proinde
851 2163 926 2190 illum
953 2163 1014 2191 lco-

232 2198 450 2234 niensi’synodo
466 2198 630 2227 interfuisse.
652 2200 738 2227 Esto:
772 2199 926 2226 interfuerit
955 2198 1013 2234 lyco-

231 2235 319 2262 niensi
337 2233 440 2270 synodo
459 2234 643 2265 Firmilianus,
664 2234 773 2269 quando
786 2234 821 2261 ita
839 2235 940 2295 placet.
959 2233 1011 2261 Ne-

231 2278 283 2295 uuc
297 2270 369 2295 enim
386 2269 411 2295 id
429 2276 529 2295 negaro
544 2269 626 2295 velim
639 2270 814 2295 nertinacius.
852 2269 905 2295 llud
921 2274 1010 2295 tamen

231 2278 283 2304 que
297 2270 369 2297 enim
386 2269 411 2295 id
429 2276 529 2303 negare
544 2269 626 2296 velim
639 2270 814 2304 pertinacius.
839 2269 905 2296 Illud
921 2274 1010 2296 tamen

230 2303 387 2332 constanter
398 2304 514 2336 allii-mo,
526 2304 570 2332 ditt
582 2303 643 2331 ante
657 2305 787 2338 Stephani
800 2311 873 2338 papa:
891 2303 1011 2338 tempora

230 2341 397 2367 lroniensem
414 2341 483 2366 hanc
498 2339 630 2373 synodum
647 2338 730 2366 fuisse
750 2339 922 2366 celebratam.
942 2339 1009 2365 Nam

229 2381 256 2402 et
281 2375 456 2402 Firmilianus
483 2374 606 2402 scribens
630 2375 662 2402 ad
694 2373 867 2409 Cyprianum
880 2374 1010 2401 adversus

231 2411 410 2444 Stephanum,
425 2410 469 2444 qui
493 2415 556 2441 tunc
572 2414 688 2444 praeerat
712 2408 839 2444 Ecclesia;
859 2408 988 2436 Romanu:
1001 2429 1008 2440 ,

229 2446 329 2472 diserte
343 2443 459 2471 aﬂirmat
485 2443 651 2472 lconie’nscm
677 2445 807 2479 synodum
829 2443 886 2477 jam
904 2445 1008 2477 pridetn

227 2481 369 2508 collectam
399 2480 506 2507 fuisse:
539 2485 566 2507 et
590 2480 735 2514 Dionysius
763 2479 962 2506 Alexandrinus
981 2480 1007 2504 in

227 2516 339 2550 epistola
354 2516 386 2542 ad
408 2514 604 2547 Philemonem,
629 2513 757 2541 Remane:
781 2515 855 2541 urbis
868 2513 1009 2550 presbyte-

227 2548 298 2583 rum,
309 2559 390 2585 quam
404 2550 515 2584 scripsit
526 2551 576 2577 sub
587 2549 664 2576 initia
679 2550 852 2584 pontificatus
868 2548 945 2583 Xysti
960 2556 1008 2585 pa-

227 2594 277 2621 p:e,
295 2583 409 2621 testatur
430 2583 561 2619 synodum
588 2585 661 2621 illam
680 2583 854 2621 celebratam
881 2591 941 2621 esse
955 2583 1008 2618 πρὸ

227 2618 324 2648 ῖπολλοῦ
346 2620 415 2647 κατὰ
436 2618 498 2652 τοὺς
519 2619 674 2656 πρὸνήμῶνν
689 2619 869 2656 επιτισκότιοιιςτΔ
881 2618 936 2645 Sub
961 2626 1008 2645 ex-

222 2657 312 2683 'trema
330 2657 410 2691 igitur
422 2653 701 2691 tempora'Aile'iiandrri
714 2655 807 2682 Severi
820 2653 937 2691 collecta
947 2660 1007 2691 esse

226 2687 407 2718 Videturiiarc
422 2687 551 2726 synodus.
565 2690 624 2723 Quo
636 2690 745 2724 quidem
760 2695 890 2726 tempore,
908 2687 1006 2714 Firmi-

227 2725 315 2752 lianus
330 2726 362 2752 ad
380 2725 554 2753 Cmsariensis
568 2725 697 2752 Ecclesia:
714 2725 895 2757 sacerdotium
912 2730 1006 2749 recens

227 2765 364 2793 promotus
383 2760 480 2792 fuerat,
494 2766 524 2787 ut
537 2761 616 2787 docet
627 2760 758 2786 Eusebius
770 2760 796 2785 in
809 2759 853 2785 lib.
866 2765 903 2785 vI.
917 2758 1005 2790 Quare

226 2803 279 2831 non
297 2803 404 2829 possum
420 2796 546 2822 assentiri
577 2794 694 2831 Baronio
709 2802 741 2821 ac
762 2794 856 2831 Bittio,
880 2793 927 2831 qui
941 2793 1007 2831 lico-

226 2827 347 2856 nieusem
356 2837 382 2864 sy
389 2831 486 2856 nodutn
496 2830 667 2857 contulerunt
679 2831 705 2856 in
717 2836 815 2855 annum
827 2828 928 2855 Christi
940 2827 1002 2860 258,

225 2865 270 2899 qui
287 2873 372 2892 annus
387 2871 427 2892 est
443 2866 577 2893 secundus
604 2865 731 2899 Stephani
745 2871 828 2899 papae.

1336 856 1531 884 ΚΕΦΑΛΑΙΟΝ
1550 858 1589 884 Η¹.

1173 901 1241 936 Περὶ
1259 901 1313 936 τῆς
1327 902 1400 938 κατὰ
1414 903 1564 938 Νοοιιάτοιν
1579 904 1763 938 ἑτεροδοξίας

1333 937 1401 972 (Nic.
1418 937 1454 963 ll.
1471 937 1504 964 E.
1519 939 1604 971 Vt,9).

1120 993 1128 1009 ι
1140 983 1301 1018 Ναυατιανῷ
1311 983 1365 1019 (98)
1381 983 1429 1018 μὲν
1451 984 1505 1020 γὰρ
1519 985 1635 1019 εὐλόγως
1647 987 1864 1022 ἀπεχθανόμεθα,

1082 1030 1237 1064 διακόψαντι
1255 1031 1305 1065 τὴν
1326 1030 1502 1064 Ἐκκλησίαν,
1518 1032 1564 1058 καί
1583 1041 1658 1064 τινας
1677 1033 1731 1060 τῶν
1745 1034 1867 1069 ἀδελφῶν

1077 1076 1117 1107 εἰς
1127 1075 1254 1107 ἀσεϐείας
1267 1075 1313 1101 καὶ
1327 1075 1500 1110 βλασφημίας
1516 1075 1667 1108 ἑλκύσαντι,
1683 1077 1728 1104 καὶ
1742 1078 1805 1114 περὶ
1819 1079 1865 1105 τοῦ

1077 1121 1144 1147 Θεοῦ
1160 1121 1332 1147 διδασκαλίαν
1350 1121 1532 1156 ἀνοσιωτάτην
1548 1122 1801 1159 ὲπεισκυκλήσαντι,
1819 1125 1865 1151 καὶ

1077 1168 1122 1194 τὸν
1146 1167 1327 1202 χρηστότατον
1349 1166 1450 1202 Κύριον
1475 1166 1552 1202 ἡμῶν
1573 1167 1675 1202 Ἰησοῦν
1691 1169 1807 1204 Χριστὸν
1828 1169 1865 1201 ὡς

1081 1212 1179 1247 ἀνηλεῆ
1197 1210 1418 1245 συκοφαντοῦντι,
1434 1211 1480 1237 ἐπὶ
1503 1212 1570 1237 πᾶσι
1595 1211 1622 1237 δὲ
1641 1211 1744 1244 τούτοις
1759 1212 1788 1238 τὸ
1806 1213 1864 1239 λου-

1079 1256 1143 1290 τρὸν
1158 1255 1298 1283 ἀθετοῦντι
1314 1256 1344 1282 τὸ
1358 1255 1435 1290 ἅγιον
1451 1255 1518 1291 (99),
1536 1256 1582 1282 καὶ
1603 1257 1651 1292 τήν
1668 1265 1697 1283 τε
1713 1257 1765 1292 πρὸ
1782 1257 1863 1285 αὐτοῦ

1116 1357 1172 1392 (97)
1188 1358 1349 1393 Πρεσϐείου
1363 1357 1540 1393 ἠξιωμένον.
1566 1358 1594 1385 1η
1622 1363 1738 1393 quatuor
1762 1359 1863 1387 nostris

1082 1394 1219 1421 codit-ihns
1242 1392 1321 1424 Maz.,
1340 1393 1422 1425 Med,
1435 1392 1504 1420 Fuk.
1529 1398 1556 1420 et
1572 1392 1710 1420 Saviliano
1734 1394 1862 1422 scribitur

1076 1427 1283 1464 πρεσϐυτερίου.
1316 1428 1369 1455 Sed
1399 1428 1527 1464 quoniam
1548 1428 1682 1464 Eusebius
1715 1428 1861 1464 πρεσϐεῖον

1077 1463 1232 1498 frequenter
1258 1470 1388 1497 usurpare
1411 1463 1489 1499 solet_
1500 1463 1559 1490 ἀντὶ
1581 1463 1860 1499 τοῦνπρεσὸύτερίου,

1075 1497 1210 1533 vulgatam
1225 1499 1365 1525 lectionem
1381 1505 1462 1532 quam
1474 1497 1576 1532 Regius
1591 1498 1677 1526 codex
1691 1497 1793 1530 tuetur,
1805 1507 1861 1526 mn.

1075 1539 1134 1560 tare
1159 1533 1242 1561 uolui.
1267 1533 1357 1569 rPuuVlo
1376 1537 1440 1569 post
1458 1533 1507 1569 ubi
1528 1533 1623 1567 legitur
1639 1534 1790 1569 ἐπισκοπὴν
1804 1535 1859 1562 τῶν

1074 1569 1164 1595 ἐκεῖσε
1182 1568 1370 1604 παρειληφότα
1392 1568 1477 1595 codex
1495 1568 1596 1603 Regius
1622 1569 1751 1604 scriptum
1769 1568 1860 1598 habet

1072 1604 1125 1630 τῶν
1140 1603 1232 1630 αὐτόθι
1248 1612 1314 1638 παρ.

1108 1639 1163 1673 (98)
1179 1639 1364 1671 Ναυατιανῷ.
1392 1638 1431 1665 Ita
1454 1638 1553 1700 legitur
1570 1639 1653 1666 etiam
1675 1639 1701 1665 in
1727 1639 1857 1668 Chronico

1108 1675 1186 1700 zoreii
1201 1673 1316 1700 Svncelli
1342 1678 1370 1700 et
1394 1674 1463 1700 apud
1506 1675 1660 1700 icenhornm
1674 1676 1700 1700 in
1724 1675 1793 1700 libro
1809 1683 1833 1700 vr
1849 1696 1856 1700 _

1075 1673 1186 1708 Georgii
1201 1673 1316 1708 Syncelli
1342 1678 1370 1701 et
1394 1674 1463 1708 apud
1481 1673 1660 1707 Nicephorum
1674 1676 1700 1700 in
1724 1675 1793 1701 libro
1809 1683 1833 1702 vr
1849 1696 1857 1708 ,

1071 1716 1132 1743 cap.
1148 1709 1183 1742 9;
1200 1709 1246 1736 sed
1257 1709 1282 1734 in
1297 1709 1482 1735 vetustissimo
1504 1709 1596 1736 codice
1616 1709 1765 1741 lllazarino,
1781 1709 1854 1738 Med.

1070 1751 1103 1771 ac
1114 1744 1179 1771 Fuk.
1198 1743 1327 1771 scribitur
1352 1743 1535 1778 Νοουατιανῷ,
1563 1744 1665 1770 rectius
1688 1745 1746 1771 sine
1762 1745 1855 1771 dubio.

1069 1779 1109 1806 Ac
1126 1778 1248 1814 profecto
1266 1779 1363 1806 mirutn
1381 1784 1433 1810 est,
1459 1780 1485 1805 in
1512 1781 1563 1806 hoc
1588 1787 1642 1805 uno
1656 1778 1766 1806 Eusebii
1796 1780 1855 1807 loco

1069 1821 1161 1841 verum
1179 1814 1251 1841 illius
1266 1814 1385 1841 haeretici
1403 1821 1500 1841 nomen
1518 1821 1577 1841 esse
1596 1819 1744 1841 servatum.
1759 1814 1851 1847 Quare

1069 1850 1189 1883 graviter
1201 1849 1305 1876 fallitur
1317 1849 1799 1884 ChristopltorsonustquiJulgatum
1814 1858 1856 1876 er-

1069 1882 1158 1912 rorem
1187 1888 1306 1915 secutus,
1320 1882 1451 1910 Novatum
1465 1884 1508 1910 hic
1526 1891 1574 1918 pro
1589 1882 1740 1910 Νοιναιὶαὴο
1752 1884 1853 1912 substi-

1069 1920 1130 1946 tuit.
1150 1919 1284 1946 Caeterum
1297 1926 1356 1945 cum
1376 1919 1427 1945 hoc
1442 1918 1531 1953 elogio
1546 1918 1687 1945 Novatiani
1703 1919 1796 1946 confer
1812 1919 1852 1945 al-

1068 1957 1154 1980 ternm
1169 1954 1240 1988 quod
1256 1953 1391 1988 legiturin
1409 1954 1522 1988 epistola
1538 1953 1572 1980 57
1587 1954 1713 1989 Cypriani
1730 1962 1737 1980 :
1753 1954 1850 1980 Deser-

1067 1993 1109 2015 tor
1120 1988 1256 2022 Ecclesitz',
1276 1989 1464 2015 misericordia:
1488 1988 1584 2021 frustis,
1601 1988 1754 2023 interfector
1770 1991 1852 2022 poeni-

1067 2024 1165 2056 lentim,
1182 2024 1274 2050 doctor
1289 2024 1428 2057 superbia,
1443 2023 1558 2050 ueritatis
1575 2029 1724 2058 corruptor,
1734 2024 1852 2058 perditor

1066 2060 1215 2085 charitatis.

1101 2094 1157 2129 (99)
1175 2094 1209 2121 Td
1223 2093 1352 2127 λουτρὸν
1373 2093 1525 2120 ἀθετοῦντι
1539 2092 1572 2120 τὸ
1597 2093 1692 2128 ἅγιον.
1711 2092 1739 2120 In
1770 2092 1851 2127 huius

1065 2129 1141 2155 verbi
1160 2129 1384 2162 interpretatione
1403 2130 1501 2155 mirum
1525 2134 1566 2156 est
1594 2134 1761 2163 quantopere
1791 2130 1850 2157 dis-

1066 2165 1183 2190 sentiant
1216 2163 1388 2197 interpretes.
1409 2162 1474 2190 Nam
1492 2162 1724 2198 Langus’quidem
1742 2165 1845 2198 vertit,

1065 2206 1169 2225 sacrum
1180 2198 1265 2224 abolet
1280 2199 1425 2225 lauacrum.
1440 2198 1577 2226 Musculus
1601 2206 1665 2226 vero
1683 2199 1848 2232 interpreta-

1066 2238 1120 2265 tur,
1137 2241 1241 2260 sacrum
1252 2233 1384 2260 lavacrum
1398 2234 1555 2266 reprobavit.
1578 2234 1611 2260 At
1625 2233 1848 2267 Christopltorso-

1063 2276 1114 2295 nus
1129 2269 1164 2295 ita
1180 2268 1272 2300 vertit,
1290 2276 1396 2294 sacrum
1411 2269 1576 2301 baptismatis
1591 2269 1724 2295 lavacrum
1735 2269 1848 2303 abroga-

1062 2304 1109 2330 υἱι.
1124 2303 1246 2337 Denique
1267 2305 1402 2337 interpres
1421 2303 1545 2339 Ceorgiir
1562 2303 1678 2339 Syncelli
1697 2304 1787 2334 vertit,
1802 2312 1846 2330 sa-

1062 2347 1135 2365 crum
1149 2339 1255 2372 insuper
1271 2339 1404 2364 lavacrum
1417 2338 1514 2364 irritat.
1528 2338 1559 2364 Et
1573 2339 1628 2365 h.t:c
1640 2338 1748 2372 quidem
1764 2339 1846 2366 inter-

1061 2379 1166 2407 prettttn
1183 2373 1315 2399 dissensio
1326 2380 1357 2399 ex
1373 2380 1404 2403 eo
1421 2372 1507 2406 ﬂuxit,
1524 2374 1594 2407 qttod
1611 2375 1722 2400 verbum
1738 2373 1845 2400 ἀθετεῖν

1062 2408 1239 2442 multiplicem
1257 2408 1337 2434 habet
1351 2407 1587 2442 significationem.
1612 2408 1747 2434 Interdum
1769 2409 1843 2442 enim

1061 2440 1195 2477 significat
1210 2443 1346 2476 reprobare
1361 2440 1392 2469 ac
1406 2450 1538 2476 respuere,
1551 2448 1580 2469 ut
1592 2450 1653 2470 cum
1670 2444 1733 2469 dicit
1745 2440 1844 2476 Orige-

1060 2486 1108 2505 nes
1123 2479 1156 2504 de
1179 2477 1345 2509 Helcesaitis,
1373 2477 1462 2503 ἀθετεῖ
1475 2486 1535 2504 τινα
1549 2478 1601 2504 ἀπὸ
1618 2479 1706 2512 πάσης
1720 2478 1842 2513 γραφῆς,

1060 2521 1120 2548 qua:
1135 2514 1217 2539 verba
1235 2512 1329 2539 retulit
1351 2512 1482 2539 Eusebius
1500 2513 1526 2539 in
1542 2514 1587 2539 lib.
1605 2521 1640 2543 νι,
1659 2520 1718 2546 cap.
1735 2514 1781 2539 58.
1800 2512 1842 2539 lu-

1061 2550 1166 2575 terdum
1182 2548 1250 2574 idem
1268 2548 1340 2574 valet
1362 2555 1393 2574 ac
1407 2548 1501 2581 probro
1526 2548 1641 2582 afﬁcere.
1669 2548 1838 2582 Hesychius:

1066 2583 1177 2615 Ἀθετεῐ,
1195 2582 1331 2617 ἀτιμάζει.
1349 2582 1437 2616 Atque
1452 2583 1487 2608 ita
1503 2584 1617 2609 sumitur
1634 2584 1702 2616 apud
1717 2583 1841 2610 Clemen—

1059 2623 1113 2644 tem
1135 2619 1343 2654 Alexandrint‘tm
1372 2618 1397 2643 in
1477 2618 1656 2654 thSVt_r_a_ma_tei
1669 2625 1677 2654 ς
1690 2617 1841 2654 Τοιγαροῦν

1057 2654 1072 2679 ὁ
1086 2653 1197 2684 ἀθετῶν,
1212 2653 1260 2678 οὐκ
1269 2651 1408 2688 ἄνθρωπον
1417 2651 1515 2684 ἀθετεῖ,
1527 2651 1593 2678 ἀλλὰ
1605 2652 1650 2678 τὸν
1662 2652 1738 2684 Θεὰν,
1752 2651 1841 2685 idest,

1059 2696 1110 2715 non
1121 2689 1263 2719 hominem,
1281 2690 1324 2713 sed
1346 2688 1427 2713 Deum
1439 2689 1535 2721 spernit
1552 2696 1583 2714 ac
1597 2696 1644 2721 pro
1661 2688 1741 2714 nihilo
1754 2688 1838 2714 ducit.

1059 2724 1129 2749 Sunt
1144 2728 1170 2749 ct
1185 2723 1243 2748 alia:
1261 2721 1338 2754 hujus
1353 2722 1426 2748 verbi
1446 2722 1655 2756 significationes
1670 2730 1685 2748 a
1702 2730 1840 2756 gramma-

1059 2759 1119 2785 ticis
1134 2758 1293 2784 observatas.
1322 2756 1374 2783 Sed
1391 2764 1460 2783 nunc
1484 2758 1626 2783 videndum
1647 2763 1688 2784 est
1713 2765 1839 2791 quaenam

1057 2793 1122 2819 huic
1138 2793 1196 2818 loco
1216 2792 1300 2824 magis
1317 2793 1468 2818 conveniat.
1493 2791 1636 2819 Enimvero
1661 2793 1721 2826 quis
1739 2792 1840 2819 melius

1056 2829 1136 2854 verba
1150 2828 1266 2860 Dionysii
1289 2827 1458 2859 interpretari
1478 2828 1564 2859 possit
1593 2835 1673 2860 quam
1695 2827 1752 2860 ipse
1776 2827 1840 2853 Dio-

1055 2862 1166 2898 nysius?
1179 2862 1226 2887 llic
1245 2861 1324 2894 igitur
1342 2869 1367 2888 ιιι
1381 2861 1450 2888 ltbro
1466 2862 1584 2889 secundo
1600 2862 1636 2888 Dc
1654 2861 1840 2897 promissioni,
