2002 3169
177 161 231 190 665

672 145 845 189 HISTORirﬁ
861 158 1142 189 ECCLESIASTICA‘J
1161 159 1226 188 LIB.
1248 159 1304 188 ιιι.

1743 159 1795 188 666

177 219 229 256 τὴν
250 220 386 255 βασιλείαν
398 220 570 257 προσκυνεῖν,
586 219 762 247 ἐπιλαθέσθαι
774 228 803 246 τε
817 218 871 246 τῶν
891 218 965 254 παρὰ

1017 221 1119 248 hiscum
1137 219 1251 249 disserui
1267 220 1300 247 de
1328 218 1495 246 humanitate
1512 217 1661 251 principum
1690 223 1796 245 nostro-

179 267 270 303 φύσιν.
292 267 324 293 Τί
348 264 393 293 οὖν
422 274 489 300 φατε
513 266 581 301 πρὸς
605 266 708 299 ταῦτα;
731 266 797 293 Οὐδὲ
820 266 875 302 γὰρ
896 266 964 301 ἀχα-

179 314 288 351 ρίστους
301 313 373 348 ὑμᾶς
385 311 491 339 ἔσεσθαι
506 313 568 347 περὶ
593 312 641 348 τὴν
659 311 861 347 φιλανθρωπίαν
874 311 964 339 αὐτῶν

179 358 321 395 προσδοκῶ
332 378 339 390 ,
356 357 503 392 ἐπειδήπερ
524 358 570 383 ἐπὶ
588 357 622 383 τὰ
643 357 739 392 βελτίω
756 357 827 392 ὑμᾶς
848 356 963 392 προτρέ-

180 413 286 432 πονται.
316 403 453 434 Διονύσιος
477 402 659 438 ἀπεκρίνατο·
679 403 716 429 Οὐ
746 403 844 434 πάντες
862 402 964 434 πάντας

180 449 362 487 προσκυνοῦσι
386 448 474 480 θεοὺς,
495 448 553 475 ἀλλ’
574 448 684 476 ἕκαστοί
707 457 792 480 τινας,
816 448 862 480 οὒς
888 448 964 484 νομί-

180 497 280 529 ζουσιν.
303 496 398 530 Ἡμεῖς
420 494 509 521 τοίνυν
522 494 567 520 τὸν
588 494 635 521 ἕνα
654 494 719 520 Θεὸν
735 494 781 521 καὶ
797 493 964 530 Δημιουργδν

178 541 235 568 τῶν
259 541 396 572 ἁπάντων,
413 540 459 566 τὸν
479 539 526 567 καὶ
544 539 592 575 τὴν
614 539 752 574 βασιλείαν
769 540 964 576 ἐγχειρήσαντα

179 589 236 618 τοῖς
257 586 472 620 θεοφιλεστάτοις
497 585 670 620 Οὐαλεριανῷ
694 586 741 612 καὶ
762 585 900 621 Γαλλιηνῷ
919 593 964 611 σε-

180 633 299 664 ϐαστοῐς,
315 632 410 658 τοῦτον
426 631 473 658 καὶ
489 631 603 666 σέϐομεν
620 632 667 658 καὶ
684 631 898 667 προσκυνοῦμεν,
919 631 966 658 καὶ

179 679 266 714 τούτῳ
281 678 411 715 διηνεκῶς
422 678 491 715 ὑπὲρ
506 679 554 713 τῆς
568 677 706 713 βασιλείας
716 677 806 704 αὐτῶν
815 678 889 709 ὅπως
903 677 966 705 ἀσά-

179 725 273 756 λευτος
282 725 406 760 διαμένῃ,
419 723 635 759 προσευχόμεθα.
645 723 801 759 Αἰμιλιανὸς
809 723 907 750 διέπων
918 722 965 758 τὴν

178 771 338 807 ἡγεμονίαν,
360 771 452 802 αὐτοῖς
468 768 543 797 εἶπε·
562 770 610 802 Τίς
632 769 686 805 γὰρ
712 770 784 804 ὑμᾶς
804 769 902 796 κωλύει
918 768 965 795 καὶ

178 819 274 845 τοῦτον
293 818 371 853 εἴπερ
387 817 446 844 ἐστὶ
461 817 537 850 Θεὸς,
563 817 632 853 μετὰ
647 816 700 843 τῶν
717 816 786 843 κατὰ
802 816 882 851 φύσιν
899 815 966 842 θεῶν

179 866 341 901 προσκυνεῖν
352 872 358 896 ;
372 863 450 895 θεοὺς
461 863 515 898 γὰρ
528 863 616 890 σέϐειν
630 863 817 898 ἐκελεύσθη-ιε,
832 863 879 889 καὶ
890 862 966 893 θεοὺς

178 911 227 944 οὒς
245 911 343 942 πάντες
361 910 443 937 ἴσασι.
460 909 597 941 Διονύσιος
613 909 792 945 ἀπεκρίνατο·
814 909 907 944 Ἡμεῖς
922 909 966 935 οὺ-

178 958 242 985 δένα
265 957 356 993 ἕτερον
380 955 592 992 προσκυνοῦμεν.
615 955 770 992 Αἰμιλιανὸς
793 955 892 982 διέπων
917 955 966 991 τὴν

179 1004 337 1039 ἡγεμονίαν,
361 1003 451 1035 αὐτοῖς
468 1000 559 1029 εἶπεν·
582 1002 651 1038 Ὀρῶ
669 1002 741 1038 ὑμᾶς
757 1001 824 1037 ὁμοῦ
839 1002 886 1028 καὶ
904 1001 968 1037 ἀχα-

180 1050 287 1087 ρίστους
301 1050 380 1081 ὄντας
400 1049 446 1076 καὶ
468 1049 646 1084 ἀναισθήτους
669 1049 717 1084 τῆς
742 1049 891 1084 πραότητος
913 1048 967 1074 τῶν

180 1095 319 1122 σεϐαστῶν
342 1095 397 1131 (53)
415 1095 502 1130 ἡμῶν.
525 1095 624 1130 Διόπερ
641 1095 691 1121 οὐκ
714 1093 808 1120 ἔσεσθε
825 1095 854 1121 ὲν
869 1095 901 1129 τῇ
919 1094 967 1120 πό-

179 1141 220 1168 λει
236 1142 331 1177 ταύτῃ.
359 1141 440 1168 Ἀλλὰ
461 1140 682 1176 ἀποσταλήσεσθε
704 1142 744 1174 εἰς
767 1140 800 1167 τὰ
825 1140 895 1176 μέρη
919 1141 967 1176 τῆς

179 1187 293 1222 Λιϐύης,
311 1188 356 1214 καλ¹
371 1187 399 1214 ὲν
415 1187 489 1222 τόπῳ
508 1187 646 1222 λεγομένῳ
661 1185 779 1222 Κεφρώ·
801 1185 895 1212 τοῦτον
914 1185 967 1221 γὰρ

178 1233 225 1260 τδν
241 1233 322 1259 τόπον
338 1232 503 1268 ἐξελεξάμην
519 1234 550 1259 ὲκ
566 1233 615 1268 τῆς
638 1232 787 1264 κελεύσεως
809 1232 863 1258 τῶν
885 1232 966 1258 σεϐα-

180 1279 251 1305 στῶν
267 1279 355 1315 ἡμῶν.
373 1278 505 1314 Οὐδαμῶς
523 1279 551 1305 δὲ
567 1278 673 1311 ἐξέσται
688 1277 749 1304 οὔτε
766 1278 829 1313 ὑμῖν
845 1277 905 1303 οὔτε
919 1277 966 1304 ἄλ-

178 1325 236 1357 λοις
251 1325 331 1357 τισὶν,
344 1325 361 1361 ἢ
379 1325 503 1357 συνόδους
519 1324 663 1356 ποιεῖσθαι,
682 1324 698 1360 ἣ
717 1325 756 1355 εἰς
768 1323 802 1350 τὰ
815 1318 968 1358 καλούμενα

178 1372 344 1407 κοιμητήρια
359 1371 414 1407 (54)
429 1370 550 1398 εἰσιέναι.
569 1371 600 1397 Et
616 1370 644 1396 δέ
660 1379 702 1402 τις
719 1369 813 1405 φανείη
836 1370 872 1405 μὴ
889 1369 967 1403 γενό-

181 1425 263 1452 μενος
275 1418 314 1449 εἰς
325 1416 371 1444 τὸν
387 1417 467 1444 τόπον
482 1417 576 1443 τοῦτον
596 1417 625 1444 ὃν
640 1416 780 1448 ἐκέλευσα,
797 1417 814 1452 ἦ
838 1418 866 1443 ὲν
886 1425 966 1443 συνα-

178 1464 257 1498 γωγῇ
277 1472 329 1489 τινι
351 1463 487 1498 εὑρεθείη,
506 1462 594 1497 ἑαυτῷ
609 1463 655 1489 τὸν
670 1463 790 1489 κίνδυνον
807 1463 966 1498 ὲπαρτὴσει.

182 1509 221 1535 Οὐ
239 1509 293 1544 γὰρ
308 1509 441 1544 ἐπιλείψει
462 1510 479 1544 ἡ
498 1509 595 1536 δέουσα
610 1509 796 1545 ἐπιστρέφεια.
821 1509 967 1544 Ἀπόστητε

179 1552 227 1581 οὖν
236 1554 301 1580 ὅπου
311 1554 498 1590 ὲκελεύσθητε.
506 1569 541 1574 --
548 1555 604 1581 Καὶ
612 1554 738 1582 νοσοῦντα
753 1555 781 1582 δέ
795 1564 828 1590 με
837 1555 968 1590 κατήπει-

180 1598 237 1632 ξεν,
256 1599 316 1626 οὐδὲ
338 1600 402 1634 μιᾶς
424 1599 569 1635 ὑπέρθεσιν
590 1600 653 1631 δοὺς
675 1600 793 1636 ἡμέρας.
817 1601 900 1627 Ποίαν
921 1599 967 1628 οὖν

179 1645 221 1673 ἔτι
238 1645 292 1681 (55)
305 1645 352 1672 τοῦ
370 1646 496 1680 συνάγειν
509 1645 524 1681 ἢ
542 1646 579 1681 μὴ
595 1646 718 1680 συνάγειν
734 1645 805 1681 εἶχον
821 1646 935 1681 σχολήν;
956 1657 965 1673 ›

180 1690 248 1718 Εἶτα
265 1692 324 1728 μεθ’
343 1692 425 1728 ἕτερά
448 1700 538 1728 φησιν·
564 1702 574 1718 ι
599 1692 667 1719 Ἀλλ’
685 1692 744 1719 οὐδὲ
768 1693 818 1727 τῆς
839 1693 968 1728 αἰσθητῆς

180 1738 262 1773 ἡμεῖς
276 1738 344 1773 μετὰ.
354 1738 401 1764 τοῦ
416 1738 518 1773 Κυρίου
534 1737 693 1773 συναγωγῆς
705 1738 870 1774 ἀπέστημεν.
891 1739 970 1766 Ἀλλὰ

180 1785 245 1815 τοὺς
261 1784 309 1819 μὲν
323 1784 351 1810 ἐν
370 1785 403 1820 τῇ
418 1784 493 1811 πόλει
510 1784 716 1819 σπουδαιότερον
734 1785 912 1820 συνεκρότουν
932 1786 969 1817 ὡς

183 1829 372 1865 συνὼνηάπὼν
391 1830 439 1865 μὲν
455 1829 492 1864 τῷ
509 1829 624 1865 σώματι,
639 1830 676 1862 ὼς
693 1832 778 1857 εἰπεῖν
794 1830 859 1866 (56),
877 1830 969 1865 παρὼν

180 1876 210 1902 δὲ
224 1875 263 1910 τῷ
278 1875 421 1911 πνεύματι.
443 1875 487 1902 Ἐν
497 1875 525 1901 δὲ
537 1877 570 1911 τῇ
581 1876 694 1911 Κεφροῖ,
711 1875 757 1902 καὶ
772 1876 855 1911 πολλὴ
872 1885 970 1903 συνεπ-

183 1922 317 1956 ιδήμησεν
338 1922 404 1956 ἡμῖν
426 1921 567 1956 ἐκκλησία,
588 1921 642 1948 τῶν
663 1922 711 1957 μὲν
725 1921 779 1948 ἀπὸ
793 1922 842 1957 τῆς
867 1922 970 1955 πόλεως

181 1967 304 2001 ἀδελφῶν
321 1967 470 2002 ἑπομένων,
487 1967 541 1993 τῶν
557 1968 585 1994 δὲ
608 1967 739 1994 συνόνιων
759 1968 805 1994 ἀπ’
821 1968 967 2002 Αἰγύπτου.

182 2013 272 2041 Κάκεῖ
291 2012 375 2047 θύραν
390 2014 455 2048 ἡμῖν
470 2014 484 2040 6
499 2013 564 2045 Θεὸς
580 2012 681 2047 ἀνέῳξε
696 2013 742 2040 τοῦ
759 2013 848 2048 λόγου.
866 2014 920 2040 Καὶ
940 2013 970 2041 τὸ

185 2059 236 2094 μὲν
250 2058 356 2094 πρῶτον
370 2058 547 2094 ὲδιώχθημεν,
563 2058 800 2094 ἐλιθοϐολήθημεν,
816 2059 929 2096 ὕστερον
942 2060 970 2087 δέ

182 2113 255 2136 τινες
270 2105 320 2131 οὐκ
333 2105 416 2138 ὀλίγοι
432 2104 484 2131 τῶν
505 2104 588 2131 ἐθνῶν
602 2105 636 2131 τὰ
654 2105 749 2132 εἴδωλα
764 2106 969 2138 καταλιπόντες,

184 2150 355 2185 ἐπέστρεψαν
372 2150 418 2176 ἐπὶ
430 2150 475 2176 τὸν
492 2151 566 2178 Θεόν.
585 2151 622 2177 Οὐ
641 2152 771 2187 πρότερον
786 2151 840 2187 γὰρ
854 2152 971 2187 παραδε-

184 2195 312 2231 ξαμένοις
326 2196 427 2227 αὐτοῖς,
445 2196 505 2222 τότε
522 2196 629 2232 πρῶτον
653 2197 687 2223 δι’
702 2197 779 2232 ήμῶν
795 2199 809 2224 ὁ
825 2197 902 2232 λόγος
923 2199 971 2225 ἐπ-

183 2243 302 2278 εσπάρη.
318 2242 373 2268 Καὶ
392 2241 485 2278 ὥσπερ
500 2242 592 2269 τούτου
602 2242 705 2280 ,ἕνεκεν
722 2243 872 2277 ἀπαγαγὼν
896 2245 970 2280 ἡμᾶς

183 2288 253 2324 πρὸς
279 2288 376 2320 αὐτοὺς
399 2288 414 2314 6
442 2288 518 2320 Θεὸς,
546 2289 607 2315 ἐπεὶ
631 2289 680 2324 τὴν
707 2289 844 2317 διακονίαν
868 2289 969 2326 ταύτην

183 2333 393 2369 ὲπληρώσαμεν,
410 2333 489 2360 πάλιν
503 2335 669 2370 ἀπαγήοχεν.
698 2335 727 2362 '0
745 2335 799 2371 γὰρ
813 2336 970 2372 Αἰμιλιανὸς

220 2422 278 2457 (53)
299 2423 467 2456 Πραότητος
487 2422 546 2449 τῶν
567 2423 732 2452 σεϐαστῶν.
747 2424 830 2452 Codd.
856 2425 924 2453 Med.
941 2430 969 2452 et

183 2457 370 2493 Manaildttrit
384 2458 471 2493 ἡμῶν,
486 2459 583 2493 quibus
602 2460 737 2485 consentit
751 2461 834 2486 codex
848 2460 915 2488 Fnk.

223 2491 501 2528 (ὅθηΚοιμήεήριαζ
529 2492 616 2520 Latini
644 2501 719 2520 areas
752 2497 905 2528 vocabant,
933 2496 968 2523 ita

184 2527 368 2554 Tertullianos
398 2529 423 2554 in
450 2529 518 2555 libro
539 2529 574 2554 ad
594 2528 753 2562 Scapulam,
778 2535 806 2556 et
828 2531 853 2557 in
879 2530 969 2558 Gestis

184 2563 357 2600 purgationis
374 2562 510 2600 Caeciliani
524 2563 712 2600 :_Nnm_cives
734 2564 763 2590 in
787 2573 848 2591 area
872 2570 971 2600 marty-

185 2605 246 2634 rum
270 2597 375 2634 [uirum
394 2597 558 2634 inrclust'aEt
580 2599 605 2625 in
620 2597 704 2625 Ceslis
725 2600 893 2632 purgationis
918 2597 971 2628 Fe-

186 2632 249 2668 licis
269 2642 276 2660 :
295 2632 381 2659 Τοίιηι
402 2633 497 2668 aliquis
511 2632 550 2661 'de
572 2635 662 2661 vestri:
683 2635 711 2661 in
730 2643 829 2668 aream,
848 2635 891 2662 ubi
908 2644 970 2663 ora-

186 2667 271 2694 tiones
285 2668 382 2702 facilis.

225 2703 282 2737 (35)
301 2703 396 2729 Ποίαν
420 2701 479 2731 οὖν
498 2704 551 2730 ἔτι.
575 2703 761 2732 Accusabatnr
785 2705 888 2732 scilicet
910 2706 972 2733 Dio-

188 2740 285 2773 nysius
308 2746 322 2764 τι
339 2738 484 2769 Germano.
505 2739 576 2772 quod
603 2745 750 2766 conventus
775 2740 889 2767 fratrum
918 2749 970 2768 non

189 2772 332 2811 halntisset
354 2778 417 2800 ante
442 2780 565 2811 exortam
582 2776 816 2811 persecutionem,
838 2776 884 2802 sed
909 2775 971 2811 fuga

189 2808 272 2834 saluti
298 2815 353 2834 suae
381 2809 573 2842 prospexisset.
598 2810 709 2842 Quoties
733 2811 804 2836 cnim
831 2808 973 2844 ingruebat

190 2843 355 2877 peraecutio,
378 2844 501 2870 sol'ebant
522 2844 598 2875 prius
616 2845 732 2879 episcopi
757 2845 881 2879 populum
906 2853 971 2873 rou-

192 2885 316 2914 uregere,
338 2883 367 2906 ut
382 2886 443 2906 cum
461 2878 494 2906 ad
518 2879 685 2907 retinendam
704 2878 803 2909 Christi
823 2881 901 2909 [idem
924 2889 969 2909 ex-

1013 274 1083 300 rnm,
1099 274 1150 302 qua
1165 266 1202 294 illi
1216 274 1280 301 erga
1296 273 1343 292 vos
1356 270 1477 292 utuntur.
1493 264 1576 292 Vobis
1592 265 1664 291 enim
1677 270 1797 298 potesta-

1014 317 1068 339 tem
1082 311 1206 339 fecerunt
1234 311 1329 339 salutis
1346 316 1442 338 vestra).
1470 310 1628 341 retinendae,
1650 311 1796 338 dummodo

1014 358 1046 385 ad
1060 358 1086 385 id
1103 358 1173 393 quod
1191 361 1294 385 naturae
1307 361 1517 384 consentaneum
1531 361 1572 384 est
1587 356 1662 389 I'erri,
1677 357 1796 392 deosque

1013 404 1117 439 imperii
1132 404 1236 431 illorum
1254 403 1378 430 custodes
1394 403 1518 434 adorare,
1531 407 1558 430 et
1571 410 1664 430 eorum
1675 410 1735 437 qua:
1746 410 1796 430 na-

1014 454 1082 477 tura:
1098 449 1148 484 ipsi
1165 454 1315 484 repugnant
1328 449 1449 476 oblivisci
1468 447 1584 476 velletis.
1600 449 1668 482 Quid
1683 456 1747 483 ergo
1762 449 1795 475 ad

1015 496 1072 524 haec
1087 496 1200 524 dicitis?
1223 495 1318 530 Neque
1342 495 1413 523 enim
1438 502 1487 522 vos
1508 495 1613 529 ingrato
1630 495 1721 521 animo
1737 494 1796 522 {ore

1015 550 1096 578 spero
1113 543 1244 570 adversus
1258 550 1351 570 eorum
1370 541 1554 572 clementiam,
1572 540 1671 575 quippe
1688 547 1747 567 cum
1763 540 1797 567 ad

1016 589 1126 617 meliora
1142 596 1189 616 vos
1204 589 1346 616 traducere
1359 592 1502 616 conentur.
1525 586 1669 622 Dionysius
1688 593 1798 620 respon-

1015 632 1054 659 dit
1070 641 1077 659 :
1091 631 1150 659 Non
1175 639 1269 659 omnes
1283 633 1316 660 ab
1333 631 1458 659 omnibus
1477 631 1603 658 coluntur
1617 630 1665 663 dii,
1689 631 1735 657 sed
1751 637 1799 657 eos

1015 676 1112 712 singuli
1131 677 1223 705 colunt
1235 685 1302 712 quos
1319 677 1489 704 arbitrantur
1513 676 1589 703 deos.
1607 674 1661 702 Nos
1687 674 1798 709 quidem

1016 731 1096 750 unum
1113 723 1197 750 Deum
1220 723 1340 751 omnium
1359 731 1448 750 rerum
1475 723 1600 757 opilicem
1615 743 1622 756 ,
1645 724 1691 758 qui
1719 722 1798 751 Vale-

1016 770 1095 797 riano
1109 775 1136 797 et
1147 770 1271 798 Gallieno
1291 770 1484 797 sacratissimis
1499 769 1629 806 Augustis
1656 770 1798 804 imperium

1017 816 1137 848 tradidit,
1150 815 1261 843 colimus
1272 820 1299 843 et
1310 815 1464 843 adoramus.
1473 815 1540 843 Huic
1552 816 1694 843 continuas
1705 822 1800 850 preces

1016 862 1155 889 oderimus
1171 862 1347 897 pro'imperio
1363 862 1481 894 illorum,
1506 866 1536 889 ut
1549 862 1689 898 stabilcpt
1702 863 1799 890 incon-

1017 916 1124 936 cussutn
1139 913 1305 943 permaneat.
1318 908 1482 936 Emilianus
1496 908 1637 942 praefectus
1650 909 1746 936 iterum
1759 910 1801 937 di-

1017 955 1056 982 xit
1071 964 1078 982 :
1096 955 1162 988 Quis
1177 962 1240 982 vero
1253 963 1300 982 vos
1314 954 1450 989 prohibet,
1467 955 1614 990 quominus
1633 960 1660 982 et
1680 955 1760 985 hunc.
1775 955 1799 982 si

1016 1001 1124 1035 quidem
1140 1001 1209 1028 Detts
1233 1005 1285 1034 est,
1301 1009 1362 1028 cum
1379 1001 1412 1028 iis
1427 1000 1472 1036 qni
1489 1006 1585 1028 natura
1601 999 1641 1028 'dii
1658 994 1729 1028 'sunt
1754 1001 1801 1028 ad-

1016 1048 1118 1075 oretis?
1132 1047 1202 1075 Deos
1220 1048 1292 1075 enim
1307 1047 1397 1075 colere
1413 1047 1480 1083 jussi
1505 1048 1583 1079 estis,
1607 1054 1709 1082 eosque
1733 1054 1801 1082 quos

1016 1094 1108 1122 cuncti
1124 1099 1223 1122 norunt
1241 1095 1316 1122 deos.
1329 1095 1473 1131 Dionysius
1487 1095 1647 1130 respondit:
1667 1095 1720 1122 Nos
1741 1095 1801 1121 nul-

1016 1140 1071 1168 lum
1087 1140 1167 1167 alium
1181 1142 1335 1168 adoramus.
1349 1141 1516 1169 IEmilianus
1541 1141 1686 1176 praefectus
1709 1142 1777 1168 dixit
1791 1150 1798 1168 :

1019 1187 1102 1214 Video
1113 1194 1160 1214 vos
1172 1187 1292 1222 ingratos
1307 1195 1368 1215 esse
1384 1188 1463 1215 simul
1479 1195 1510 1214 ac
1522 1188 1654 1222 stupidos,
1679 1188 1724 1222 qui
1745 1187 1800 1215 cle-

1017 1233 1149 1260 mentiam
1173 1233 1355 1269 Augustorum
1375 1233 1485 1261 minime
1509 1235 1642 1262 sentiatis.
1664 1234 1802 1267 Quamob-

1017 1285 1074 1306 rem
1090 1285 1142 1306 non
1157 1279 1302 1307 manebitis
1315 1279 1341 1306 in
1355 1279 1405 1306 hac
1419 1279 1503 1312 urbe,
1531 1281 1579 1308 sed
1604 1280 1748 1307 millemini
1773 1281 1801 1308 in

1016 1328 1108 1358 partes
1124 1323 1215 1358 Libya:
1230 1325 1262 1351 ad
1279 1324 1366 1352 locum
1383 1325 1428 1359 qui
1452 1325 1553 1352 dicitur
1576 1325 1694 1360 Cephro.
1723 1325 1802 1354 llunc

1017 1370 1089 1397 enim
1118 1369 1205 1397 locum
1221 1370 1296 1404 jussu
1325 1371 1507 1405 Augustorum
1533 1376 1687 1399 nostrorum
1720 1371 1799 1407 elegi.

1018 1415 1175 1444 Nullateuns
1195 1421 1284 1444 autem
1301 1417 1395 1444 licebit
1419 1417 1497 1444 vobis
1522 1425 1571 1444 nec
1596 1417 1802 1456 qqibnscunqne

1018 1462 1091 1494 aliis,
1108 1467 1256 1490 conventus
1268 1470 1360 1497 agere,
1374 1467 1422 1490 aut
1435 1471 1466 1491 ea
1479 1471 1539 1498 quae
1554 1468 1685 1490 vocantur
1699 1471 1802 1492 creme-

1020 1508 1088 1535 teria
1104 1508 1191 1537 adire.
1207 1508 1282 1542 Quod
1295 1509 1317 1536 si
1331 1509 1392 1544 quis
1404 1509 1437 1537 ad
1452 1517 1514 1536 eum
1530 1516 1611 1543 quem
1627 1508 1694 1543 iussi
1714 1509 1802 1536 locum

981 1570 1003 1599 ο
1021 1554 1130 1581 minime
1143 1554 1280 1590 prolectus
1300 1555 1528 1590 deprehendetur,
1543 1560 1589 1582 aut
1615 1556 1642 1582 in
1668 1559 1803 1582 conventu

1019 1601 1110 1635 aliquo
1124 1601 1205 1628 fuerit
1219 1601 1354 1633 iuventus,
1373 1601 1397 1629 is
1412 1601 1464 1629 sibi
1481 1602 1538 1636 ipse
1550 1602 1698 1637 periculum
1714 1609 1804 1629 arces-

1019 1651 1070 1673 set.
1085 1645 1142 1673 Non
1157 1646 1230 1674 enim
1245 1646 1332 1674 deerit
1349 1654 1467 1682 congrua
1480 1647 1693 1676 animadversio.
1704 1648 1804 1676 Absce-

1020 1692 1076 1720 dite
1092 1692 1175 1727 igitur
1186 1700 1239 1727 quo
1249 1693 1316 1726 jnssi
1337 1693 1414 1720 estis.
1431 1693 1628 1728 -—-Statimquc
1642 1701 1684 1720 me
1698 1695 1804 1722 tametsi

1019 1743 1195 1773 aegrotantem
1229 1739 1367 1773 proﬁcisci
1398 1739 1535 1775 compulit,
1553 1747 1588 1767 ne
1612 1739 1664 1766 diei
1691 1740 1803 1775 quidem

1021 1785 1100 1811 utrius
1127 1784 1253 1812 dilatione
1281 1792 1421 1812 concessa.
1451 1785 1590 1818 Quomodo
1621 1785 1704 1820 igitur
1741 1792 1807 1812 con-

1020 1836 1116 1858 ventus
1141 1838 1220 1864 agere
1246 1836 1291 1858 aut
1315 1839 1366 1858 non
1389 1839 1470 1865 agere
1496 1839 1607 1859 vacuum
1639 1833 1705 1860 mihi
1728 1833 1806 1860 dein-

1020 1883 1084 1910 ecps
1109 1877 1183 1904 fuit?
1218 1886 1226 1903 I
1259 1877 1357 1904 Paucis
1388 1878 1485 1905 deinde
1523 1878 1805 1913 interjectis,addit:

1020 1921 1102 1956 259
1118 1931 1126 1947 ι
1141 1922 1193 1949 Sed
1207 1930 1312 1956 nequea
1323 1923 1454 1957 corporali
1473 1929 1615 1956 conventu,
1632 1924 1744 1952 Domino
1761 1925 1807 1958 ju-

1020 1973 1111 1998 vante,
1127 1967 1273 1996 abfuimus.
1291 1967 1389 1995 Verum
1400 1976 1448 1996 eos
1465 1970 1509 2004 qui
1523 1970 1548 1995 in
1565 1970 1632 1997 urbe
1647 1975 1735 2002 erant,
1756 1979 1806 2005 pe-

1021 2014 1098 2042 rinde
1112 2022 1143 2041 ac
1153 2014 1174 2042 si
1187 2014 1319 2046 adessem,
1333 2014 1434 2048 majore
1446 2015 1537 2041 studio
1545 2016 1706 2050 congregavi
1720 2016 1746 2043 iu
1760 2024 1806 2044 ec-

1020 2060 1148 2093 clesiam;
1166 2060 1263 2087 absens
1270 2060 1378 2094 quidem
1387 2066 1510 2093 corpore,
1521 2065 1550 2087 ut
1560 2060 1615 2095 jam
1631 2061 1700 2093 dixi,
1715 2062 1806 2089 animo

1021 2111 1110 2133 autem
1127 2112 1256 2140 praesens.
1268 2105 1343 2139 Apud
1356 2105 1462 2139 Cephro
1476 2113 1542 2133 vero
1554 2105 1695 2133 nobiscum
1709 2114 1806 2141 magna

1022 2152 1140 2180 ﬁdelium
1157 2150 1245 2178 adfuit
1271 2151 1424 2184 multitudo,
1451 2152 1550 2186 partim
1584 2159 1678 2179 eorum
1707 2153 1752 2187 qui
1771 2154 1806 2180 ab

1022 2197 1089 2224 urbe
1109 2204 1159 2224 nos
1174 2196 1260 2223 secuti
1274 2196 1392 2228 fuerant,
1408 2196 1505 2230 partim
1520 2196 1634 2223 aliorum
1649 2196 1693 2231 qui
1709 2204 1742 2223 ex
1761 2204 1807 2223 re-

986 2239 1008 2267 ι)
1023 2243 1096 2278 liqua
1110 2242 1228 2280 Egypto
1240 2241 1419 2270 conﬂuebant.
1431 2241 1468 2269 lbi
1484 2250 1590 2277 quoque
1601 2243 1711 2276 januam
1729 2242 1807 2269 nobis

1022 2289 1150 2323 patefecit
1162 2289 1233 2316 Deus
1248 2289 1282 2316 ad
1302 2288 1521 2322 prmdicationem
1538 2289 1612 2316 verbi
1635 2290 1687 2316 sui.
1706 2289 1738 2316 Et
1754 2289 1805 2316 itii-

1022 2336 1059 2364 tio
1073 2335 1182 2371 quidem
1197 2335 1414 2370 persecutionem
1428 2335 1502 2370 passi
1526 2341 1554 2363 et
1570 2335 1704 2370 lapidibus
1721 2335 1807 2369 impe-

1022 2426 1207 2454 hortarentur.
1242 2426 1344 2453 Deinde
1382 2425 1499 2453 infantes
1530 2430 1557 2453 ct
1595 2427 1808 2453 catechumenos

1022 2462 1204 2495 baptizabant,
1222 2469 1254 2487 ne
1277 2461 1336 2487 sine
1358 2461 1492 2494 baptismo
1512 2468 1545 2487 ex
1565 2461 1616 2488 hac
1634 2461 1687 2487 vita
1705 2460 1806 2495 migra-

1023 2501 1103 2529 rent;
1123 2501 1150 2522 et
1174 2496 1373 2522 Encharistiam
1399 2495 1522 2522 tidelibus
1547 2497 1722 2528 dividebant,
1746 2503 1808 2522 cum

1025 2532 1157 2558 incertum
1173 2536 1243 2557 esset
1269 2530 1385 2562 qttanditt
1400 2530 1529 2557 duratura
1547 2536 1620 2557 esset
1642 2531 1804 2564 persecutio.

1025 2566 1108 2598 Quem
1135 2574 1236 2592 morem
1254 2565 1344 2592 docuit
1365 2572 1414 2592 nos
1439 2565 1538 2592 factum
1564 2566 1689 2592 Dorotbei
1717 2565 1808 2599 cujus-

1025 2603 1085 2628 dam
1113 2600 1362 2628 Thessalonicensis
1393 2600 1532 2634 episcopi,
1561 2601 1727 2635 temporibus
1751 2600 1803 2627 Ju-

1025 2637 1100 2668 stini,
1118 2636 1187 2670 quod
1206 2636 1323 2662 rel'erlur
1341 2635 1366 2661 in
1393 2636 1564 2670 suggestione
1587 2635 1731 2670 Germani,
1756 2635 1808 2663 Fe-

1026 2671 1084 2698 licis
1105 2669 1133 2697 ci
1157 2671 1294 2703 Dioscori,
1317 2670 1399 2697 missa
1422 2669 1455 2697 ad
1479 2670 1650 2698 Hormisdam
1666 2669 1719 2697 PP.
1736 2679 1808 2698 anno

1025 2706 1124 2733 Christi
1143 2706 1205 2733 519.

1061 2741 1116 2776 (56)
1142 2739 1319 2776 Ἀπὼνγμὲν
1337 2739 1377 2772 τῷ
1402 2739 1526 2774 σώματι,
1538 2741 1577 2774 ὡς
1593 2740 1697 2776 εἰπεῖν.
1713 2740 1758 2769 Sic
1781 2741 1807 2768 in

1024 2774 1189 2813 codddlaz.
1206 2775 1475 2813 e_t.Med._scribitn_r.
1496 2776 1572 2813 Vplg.
1588 2774 1674 2803 εἷπον.
1692 2777 1720 2813 ln
1738 2776 1805 2813 Fuk.

1024 2817 1052 2837 et
1075 2811 1158 2837 Savil.
1173 2809 1303 2845 scriptum
1328 2811 1417 2837 inveni
1438 2810 1475 2842 ὡς
1502 2809 1577 2838 εἶπεν
1604 2813 1618 2838 6
1637 2812 1806 2844 Ἀπὸστολος.

1025 2847 1104 2883 certe
1119 2846 1212 2873 alludit
1227 2846 1373 2880 Dionysius
1387 2846 1421 2874 ad
1434 2847 1522 2874 locum
1537 2848 1657 2882 Apostoli
1672 2847 1698 2875 in
1717 2848 1807 2883 priore

1025 2882 1057 2909 ad
1075 2882 1198 2911 Corinth.
1217 2889 1276 2917 cap.
1293 2889 1317 2908 v.
