2002 3169
208 151 260 178 6ι37

561 150 696 179 EUSEBII
713 151 948 183 CIESARIENSIS
968 155 1042 182 ()PP.
1064 155 1152 183 PARS
1171 155 1191 182 l.
1212 171 1246 176 -—
1267 154 1459 183 lilSTORlCA.

1774 153 1826 181 668

209 211 248 238 liti
260 217 362 238 sumus.
378 209 550 237 Postmodum
563 219 627 238 vero
642 220 694 239 non
705 213 782 247 pauci
796 222 827 241 ex
840 215 979 249 gentilibus

1046 217 1085 247 εἰς
1103 215 1283 252 τραχυτέρους
1301 215 1360 250 μὲν,
1379 216 1416 246 ὡς
1433 214 1528 245 ἐδόκει,
1554 213 1599 240 καὶ
1622 212 1827 248 Λιϐυκωτέρους

208 258 310 284 relictis
325 257 489 288 simulacris.
504 257 536 284 ad
567 257 650 284 Deum
667 259 792 286 conversi
821 265 893 287 sunt.
919 260 994 288 Tunc

207 304 278 330 enim
293 303 408 338 primum
421 304 491 338 apud
510 303 568 330 illos
583 303 659 330 verbi
677 304 759 331 divini
776 312 824 340 per
837 314 886 333 nos
900 314 993 340 sparsa

206 349 397 381 suntsemiua,
421 356 482 376 cum
513 349 583 376 illud
613 354 691 376 antea
721 357 772 376 non
800 352 990 386 suscepissent.

206 395 245 422 Ac
277 402 389 429 prorsus
414 395 492 430 quasi
521 395 590 423 Deus
602 396 659 430 ejus
673 397 710 423 rei
725 404 806 424 causa
820 404 870 424 nos
884 397 917 424 ad
934 398 992 425 illos

205 440 389 476 perduxisset,
416 446 559 476 postquam
582 442 647 468 illud
669 443 848 470 ministerium
871 443 992 476 implevi-

207 495 276 519 mus,
293 488 390 514 iterum
408 495 458 515 nos
472 488 527 515 alio
539 488 688 516 transtulit.
706 489 809 516 Etenim
827 488 992 517 {Emilianus

205 533 232 560 in
259 534 398 567 asperiora
420 534 541 568 qumdam
558 534 626 567 loca,
653 539 680 561 et
707 539 737 560 ut
757 535 883 561 credebat
907 535 991 568 magis

204 578 315 614 Libyca,
344 586 393 606 nos
421 583 609 613 transportare
635 579 788 607 constituit.
824 579 858 606 Et
886 580 991 607 cunctis

204 624 384 659 undecunque
405 625 438 652 ad
464 625 636 653 Mareoticum
653 625 986 660 prchecturamconl'luere

200 670 294 705 jussis.
309 672 384 698 vicos
399 679 447 706 per
462 671 598 706 regionem
622 671 696 698 illaut
720 671 858 705 dispersos
876 671 989 705 singulis

203 718 352 752 assignavit
366 727 372 744 :
386 725 434 745 nos
443 725 506 745 vero
514 718 597 752 magis
608 717 641 744 ad
652 717 721 744 viam
734 717 879 751 publicam,
895 721 923 744 ut
933 718 989 752 pri-

203 764 239 791 mi
256 764 556 797 comprehenderemur,
569 763 720 790 collocavit.
737 764 763 790 Id
776 764 847 790 enim
857 764 989 798 praecipue

202 811 301 844 agebat
318 818 349 837 ac
364 810 536 844 moliebatur,
564 815 593 837 ut
611 810 828 844 quandocuuque
850 810 986 843 voluisset,

202 863 297 884 omnes
315 856 387 883 nullo
402 856 508 891 negotio
521 857 579 890 capi
605 863 763 890 possemus.
778 856 833 891 Ego
849 863 913 883 vero
926 864 986 883 cum

201 901 308 936 Cepbro
327 903 444 936 primum
462 901 641 935 abirejussus
656 909 726 934 Sum,
753 903 858 930 tametsi
876 903 986 929 ubinam

201 948 276 975 locus
290 948 334 976 ille
347 948 416 975 situs
434 953 518 979 esset,
529 948 698 983 ignorabam,
714 949 813 983 quippe
827 949 873 984 qui
891 956 924 976 ne
938 956 986 976 no-

201 1002 262 1022 men
279 994 387 1029 quidem
408 994 480 1022 illius
501 999 580 1021 antea
605 994 663 1022 fere
680 996 863 1028 audivissem;
884 994 985 1022 nihilo—

201 1041 292 1068 minus
307 1040 390 1068 alacri
406 1040 594 1074 constantique
613 1040 704 1067 animo
726 1040 846 1075 perrexi.
873 1039 985 1067 Postea-

200 1095 282 1121 quam
301 1094 367 1114 vero
386 1086 450 1113 mihi
466 1087 652 1113 renuntiatum
675 1090 716 1113 est
731 1091 759 1112 ut
785 1087 818 1113 ad
837 1085 984 1113 Colluthio-

200 1135 242 1160 nis
260 1133 398 1168 regionem
413 1135 569 1167 migrarem.
586 1137 687 1160 norunt
706 1133 722 1159 ii
735 1133 781 1167 qui
799 1137 853 1159 tum
868 1139 984 1166 praesen~

200 1183 240 1206 tes
251 1178 363 1205 aderant
378 1180 513 1213 quomodo
540 1178 652 1206 allectus
677 1179 767 1206 animo
796 1179 904 1206 fuerim.
935 1178 984 1205 ilic

199 1225 271 1251 enim
291 1224 478 1258 memetipsum
487 1225 631 1252 accusabo.
647 1225 783 1260 Principio
793 1225 902 1260 quidem
912 1232 983 1259 aegre

197 1271 343 1298 admodum
359 1278 390 1297 ac
404 1271 516 1297 moleste
535 1271 594 1298 tuli.
617 1271 672 1297 Etsi
689 1270 762 1298 enim
777 1271 852 1306 regio
868 1271 912 1297 illa
935 1279 983 1298 no-

197 1318 251 1344 tior
265 1318 341 1344 nobis
355 1318 497 1352 magisque
520 1316 664 1344 familiaris
679 1322 739 1344 erat
761 1324 841 1352 quam
864 1317 980 1352 Cephro,

197 1369 285 1391 tamen
304 1363 434 1391 fratribus
448 1371 479 1390 ac
491 1363 584 1398 probis
605 1364 670 1391 viris
697 1371 800 1391 vacuus
819 1371 879 1390 esse
907 1363 982 1390 locus

197 1409 350 1441 dicebatur,
364 1413 390 1436 et
410 1410 544 1436 viatorum
564 1409 650 1436 turbis
676 1409 869 1443 latronumque
889 1409 980 1434 incur-

196 1455 319 1482 sionibus
331 1455 474 1481 obnoxius.
493 1452 546 1480 Sed
563 1452 676 1479 nmitum
701 1453 766 1480 mihi
788 1450 981 1480 consolationis

195 1500 297 1532 attulit,
312 1499 382 1534 quod
400 1499 498 1526 fratres
511 1506 555 1525 me
571 1499 778 1530 admonuerunt,
796 1499 884 1525 locum
905 1497 979 1524 illum

195 1555 210 1573 a
223 1547 333 1574 civitate
351 1546 460 1580 propius
477 1546 583 1572 abesse.
609 1545 703 1577 itaque
727 1543 850 1578 quamvis
871 1541 978 1577 Cephro

195 1593 341 1619 maximam
357 1591 435 1618 nobis
456 1591 654 1619 multitudinem
670 1592 783 1618 fratrum
807 1597 840 1617 ex
861 1588 979 1624 Egypto

195 1636 384 1664 confluentium
402 1637 567 1670 adduxisset,
584 1637 653 1665 adeo
676 1642 706 1664 ut
722 1636 810 1664 laxius
834 1636 889 1671 jam
915 1641 980 1661 con-

194 1687 291 1710 ventus
303 1690 383 1717 agere
399 1690 539 1717 possemus
554 1691 560 1710 :
579 1682 634 1710 illic
650 1686 738 1708 tamen
755 1682 790 1710 ob
812 1681 978 1708 vicinitatem

194 1728 282 1762 urbis,
294 1728 518 1756 cbarissimorum
533 1733 560 1755 et
586 1728 868 1762 conjunctissimorum
889 1725 978 1754 homi-

193 1781 258 1800 num
272 1780 383 1808 aspectu
399 1773 520 1801 crebrius
536 1781 584 1801 nos
606 1774 715 1802 aiebant
728 1781 788 1801 esse
811 1773 893 1809 260
909 1774 976 1801 frui-

230 1831 352 1868 ('57)_T&
385 1832 620 1865 Κολλουθίωνος.
654 1833 834 1868 Suppleudum
869 1834 975 1861 videtur

193 1869 277 1927 ἓξρη.
298 1866 343 1893 Sic
363 1874 441 1901 supra
465 1868 531 1908 dixit
548 1866 828 1909 Diouysius‘ﬁ‘pépq
850 1870 901 1903 τῆς
926 1871 974 1895 Λι-

212 1911 271 1927 tmc.
287 1901 351 1927 Erat
363 1908 452 1927 autem
464 1903 506 1927 hic
521 1903 594 1927 locus
609 1911 632 1927 ιιι
647 1903 788 1927 Mareotica
803 1904 972 1927 nrmfentnra.

212 1902 271 1937 ύης.
287 1901 351 1928 Erat
363 1908 452 1928 autem
464 1903 506 1928 hic
521 1903 594 1929 locus
608 1901 632 1929 in
647 1901 973 1937 Mareotica'pi'mfectura.

195 1936 343 1974 etiam
368 1937 402 1963 τὰ
429 1937 556 1974 βουκόλου
581 1943 692 1974 tractus
721 1936 831 1971 quidam
863 1939 973 1974 [Egypti

194 1972 345 2008 dicebatur,
367 1980 381 1998 a
408 1973 514 1999 nomine
538 1973 641 2000 scilicet
671 1974 841 2000 dominorum
872 1972 973 2008 quiﬂea

194 2006 251 2042 loca
275 2007 338 2033 olim
365 2008 550 2042 possederant.
574 2008 649 2042 Apud
672 2008 850 2041 Nicephorum
875 2006 975 2036 Κολου-

194 2041 259 2069 θίων
277 2042 320 2069 hic
332 2043 406 2069 locus
427 2043 524 2069 dicitur
537 2050 597 2069 cum
612 2043 727 2078 simplici
750 2044 870 2076 lambda;
893 2052 973 2078 quam

192 2077 352 2112 scripturam
369 2078 510 2104 rectiorem
522 2083 595 2111 puto.
610 2077 675 2104 Nam
693 2078 862 2105 Κολλουοίων
876 2077 972 2105 nonien

192 2117 234 2138 est
257 2111 387 2148 deflexum
408 2120 422 2138 ιι
440 2112 565 2148 Colutho,
586 2114 630 2145 qui
654 2121 750 2140 nomen
774 2114 824 2139 fuit
846 2114 972 2148 frequens

193 2148 264 2183 apud
283 2146 533 2183 .‘I‘lgyptios.7Certe
551 2149 586 2174 ita
607 2149 695 2175 dictus
713 2153 754 2175 est
769 2153 845 2182 poeta
862 2146 971 2183 quidam

191 2182 306 2209 celebris
336 2182 507 2216 temporibus‘
522 2183 675 2214 Anastasii,
697 2184 828 2210 oriundus
849 2182 881 2209 ex
904 2183 974 2210 The-

190 2217 280 2249 baide,
305 2223 334 2243 ut
359 2221 473 2243 testatur
490 2217 596 2244 Suidas.
621 2217 682 2244 Fuit
707 2223 734 2244 et
758 2218 827 2244 alter
844 2218 973 2246 Coluthus

190 2252 383 2279 srhismaticus
395 2252 420 2277 in
433 2251 551 2286 Ᾱῐςεγιιιο
568 2253 731 2285 temporibus
747 2254 836 2287 magni
856 2255 973 2280 Anasta-

190 2287 222 2312 sii
234 2305 240 2316 ,
263 2287 340 2321 cujus
361 2287 456 2313 crebra
474 2287 500 2322 ιὶνι
516 2288 615 2313 mentio
632 2288 656 2313 in
675 2287 733 2321 ejus
748 2289 885 2322 Apologia.
907 2289 972 2315 Eum

190 2321 347 2348 Acolulhum
374 2326 452 2348 vocat
478 2321 624 2356 Gregorius
657 2322 794 2357 Nyssenns
820 2321 845 2350 in
878 2324 925 2351 lib.
946 2332 972 2350 ιι

189 2361 279 2382 contra
297 2357 463 2384 Eunomium.

225 2390 281 2425 (58)
302 2391 695 2426 Κατίιὸρομίιῖςἐγκειγλενοικ
710 2393 885 2420 Scribendum
907 2399 972 2429 puto

190 2426 357 2453 ἐκκείμενον.

271 2435 348 2453 υιενον
352 2448 357 2453 .

392 2462 515 2496 μέρος...
529 2464 707 2498 συναγωγαί.
722 2463 832 2496 Quoties
843 2464 971 2491 subnrbia

189 2496 269 2533 paulo
285 2498 429 2524 remotiora
443 2502 520 2525 erant
544 2498 578 2525 ab
599 2496 674 2531 urbe,
691 2499 707 2524 ii
725 2500 769 2533 qui
791 2500 816 2526 in
835 2499 971 2526 suburbiis

189 2531 242 2557 illis
259 2533 411 2564 manebant,
425 2540 476 2559 non
494 2533 661 2568 cogebantur
680 2534 711 2559 ad
727 2531 836 2568 majoris
849 2534 972 2561 ecclesia:

189 2572 337 2602 conventus
360 2568 507 2600 accedere,
528 2569 574 2595 sed
601 2569 627 2594 in
644 2576 677 2595 eo
694 2569 823 2595 suburbio
855 2569 972 2602 particu-

190 2601 260 2638 lares
284 2602 383 2638 liebant
406 2608 555 2630 conventus
574 2604 599 2630 in
626 2603 715 2638 aliqua
733 2601 861 2634 basilica,
877 2609 923 2630 aut
943 2604 968 2630 in

189 2635 249 2673 ineo
269 2637 302 2662 ad
324 2638 374 2673 hoc
396 2639 529 2672 agendum
549 2639 654 2665 idoneo.
672 2635 702 2665 ιιι
727 2647 759 2665 ex
777 2639 828 2665 hoc
850 2639 969 2673 Dionysii

190 2671 252 2708 loco
272 2671 574 2708 manifeste’colligitur.
597 2681 676 2708 quem
700 2681 748 2700 nec
767 2673 902 2700 Musonius
918 2671 985 2702 nec.

189 2706 448 2739 ('Zliristophorsouns
465 2706 662 2740 intellexerunt,
677 2709 723 2735 sed
745 2709 834 2735 omnia
857 2710 971 2734 miscue—

188 2744 262 2777 runt,
279 2741 346 2777 adeo
366 2747 394 2768 ut
416 2750 447 2769 ex
464 2751 557 2770 eorum
583 2744 806 2777 interpretatione
825 2743 890 2769 nihil
909 2744 967 2769 sani

188 2775 275 2809 possis
294 2775 400 2804 elicere.
424 2777 507 2804 Porro
524 2775 672 2809 προάστειὸι
692 2778 783 2805 Graeci
803 2778 896 2805 dicunt
916 2786 968 2804 non

189 2809 274 2849 solum
288 2811 424 2850 suburbia,
439 2821 497 2850 quae
513 2809 570 2839 urbi
582 2813 812 2850 conjunctarsnnt.
825 2813 870 2850 sed
886 2813 967 2850 etiam

188 2846 263 2880 ﬁcos
283 2846 349 2871 satis
373 2846 452 2880 longo
475 2848 615 2875 intervallo
636 2846 670 2874 ab
695 2849 760 2874 urbe
785 2848 904 2873 dissitos.
923 2848 967 2873 Sic

187 2878 313 2914 Canopus
329 2878 488 2909 duodecimo
504 2883 591 2916 lapide
608 2883 709 2911 distans
723 2883 755 2910 ab
773 2883 839 2910 urbe
854 2883 966 2909 Λιυιαιι-

1044 263 1116 297 ἡμᾶς
1132 262 1412 297 μεταστῆσαιιτόπους
1430 260 1561 295 ἐϐουλήθη
1574 268 1580 276 ·
1596 260 1641 286 καὶ
1653 261 1715 291 τοὺς
1729 268 1828 286 παντα-

1043 308 1104 342 χόσε
1128 308 1166 338 εἰς
1195 307 1238 333 τὸν
1264 307 1413 343 Μαρεώτην
1439 306 1563 332 ἐκέλευσε
1586 306 1705 340 συρρεῖν,
1730 305 1826 339 κώμας

1043 353 1166 384 ἑκάστοις
1183 353 1235 379 τῶν
1259 354 1328 379 κατὰ
1352 352 1442 388 χώραν
1462 352 1602 387 acopis“,
1625 352 1698 386 ἡμᾶς
1712 351 1740 377 δὲ
1759 350 1826 385 μᾶλ-

1042 399 1086 426 λον
1105 400 1132 425 ἐν
1148 399 1199 434 ὁδῷ
1213 400 1259 425 καὶ
1275 398 1398 434 πρώτους
1414 397 1703 433 καταληφθησομένους
1719 396 1826 429 ἔταξεν,

1049 446 1187 481 ’ῼκονόμει
1203 445 1256 480 γὰρ
1273 445 1394 480 δηλονότι
1409 444 1454 470 καὶ
1474 442 1686 479 παρεσκεύαζεν,
1704 443 1746 469 ἵνα
1761 442 1826 468 ὀπὸ-

1041 501 1090 519 ταν
1117 491 1259 527 βουληθείη
1284 492 1435 522 συλλαϐεῖν,
1459 491 1560 521 πάντας
1584 489 1733 521 εὐαλώτους
1757 488 1826 523 ἔχοι.

1047 537 1117 571 Ἐγὼ
1131 537 1158 563 δὲ
1175 538 1218 563 ὅτε
1238 537 1285 572 μὲν
1300 537 1340 567 εἰς
1356 535 1472 571 Κεφρὼν
1487 535 1672 570 κεκελεὺσμην
1688 534 1824 566 ἀπελθεῖν,

1041 583 1088 609 καὶ
1107 583 1152 610 τὸν
1170 583 1249 609 τόπον
1265 583 1377 617 ἠγνόουν
1398 583 1458 608 ὅποι
1482 582 1547 608 ποτὲ
1567 579 1642 613 οὗτός
1663 583 1746 613 ἐστιν,
1763 580 1825 607 οὐδὲ

1040 629 1069 655 τὸ
1086 628 1169 664 ὄνομα
1185 628 1277 663 σχεδὸν
1292 628 1422 664 πρότερον
1437 627 1561 662 ἀκηκοώς
1571 635 1577 642 ·
1594 627 1638 654 καὶ
1652 628 1725 662 ὅμως
1744 626 1825 653 εὐθύ-

1042 683 1099 709 μως
1116 675 1162 701 καὶ
1179 675 1322 710 ἀταράχως
1338 675 1445 710 ἀπῄειν.
1471 674 1546 700 Ἐπεὶ
1561 673 1587 700 δὲ
1606 672 1825 708 μετασκηνώσειν

1040 722 1080 752 εὶς
1095 721 1128 747 τὰ
1148 721 1345 753 Κολλουθίωνος
1360 722 1415 756 (57)
1440 721 1582 756 ἀπηγγέλη
1610 729 1664 755 μοι,
1687 719 1775 746 ἴσασιν
1799 719 1824 745 οἱ

1039 768 1171 802 παρόντες
1188 767 1260 799 ὅπως
1277 766 1411 803 διετέθην·
1431 766 1546 793 ἐνταῦθα
1560 766 1613 800 γὰρ
1626 765 1741 800 ἐμαυτοῦ
1759 773 1824 790 κατ-

1039 814 1176 849 ηγορήσω.
1201 814 1236 840 Τὸ
1258 814 1306 849 μὲν
1334 813 1439 848 πρῶτον
1461 812 1595 848 ἠχθέσθην
1616 813 1662 838 καὶ
1681 812 1740 837 λίαν
1761 812 1825 845 ἐχα-

1040 859 1158 894 λέπηνα·
1177 860 1224 886 καὶ
1239 859 1292 895 γὰρ
1311 860 1335 885 εὶ
1354 859 1557 895 γνωριμώτεροι
1573 858 1620 884 καὶ
1635 857 1822 893 συνηθέστεροι

1001 896 1022 923 Β
1038 905 1184 940 ἐτύγχανον
1205 907 1271 940 ἡμῖν
1289 906 1314 932 οἱ
1328 905 1414 937 τόποι,
1435 905 1491 931 ἁλλ’
1514 905 1616 940 ἔρημον
1638 904 1686 939 μὲν
1701 902 1823 937 ἀδελφῶν

1038 951 1084 977 καὶ
1104 951 1253 978 σπουδαίων
1269 950 1418 986 ἀνθρώπων
1434 950 1550 984 ἒψασκον
1569 947 1637 975 εἶναι
1657 949 1686 975 τὸ
1713 948 1822 983 χωρίον,

1036 998 1094 1028 ταῖς
1117 997 1146 1022 δὲ
1162 996 1217 1023 τῶν
1239 996 1450 1031 ὁδοιπορούντων
1471 995 1626 1030 ἑνοχλὴσεσι
1650 994 1697 1021 καὶ
1719 993 1823 1029 λῃστῶν

1036 1043 1219 1078 καταδρομαῖς
1244 1043 1402 1078 ἐγκείμενον
1424 1041 1490 1076 (58).
1515 1041 1627 1076 Ἔτυχον
1648 1040 1676 1066 δὲ
1700 1039 1822 1074 παραθυ-

1037 1089 1110 1125 μίας,
1136 1088 1349 1124 ὑπομνησάντων
1375 1096 1407 1122 με
1427 1087 1480 1113 τῶν
1497 1086 1635 1120 ἀδελφῶν,
1655 1086 1695 1112 ὅτι
1719 1086 1823 1120 γειτνιᾷ

1037 1134 1136 1170 μᾶλλον
1155 1135 1187 1169 τῇ
1211 1131 1298 1160 πόλει.
1323 1133 1377 1159 Καὶ
1399 1133 1483 1167 ὴ-μὲν
1503 1132 1619 1167 Κεφρὼν
1642 1131 1741 1166 πολλὴν
1757 1131 1822 1166 ἡμῖν

1033 1178 1100 1215 ἦγεν
1122 1179 1243 1214 ἀδελφῶν
1263 1178 1316 1204 τῶν
1338 1178 1385 1205 ἀπ’
1403 1177 1541 1212 Αἰγύπτου
1558 1177 1606 1213 τὴν
1623 1176 1762 1212 ἐπιμιξίαν
1784 1176 1821 1207 ὡς

1034 1225 1200 1261 πλατύτερον
1225 1224 1414 1259 ἐκκλησιάζειν
1439 1223 1586 1250 δύνασθαι·
1616 1224 1674 1249 ἐκεῖ
1696 1222 1724 1248 δὲ
1752 1221 1821 1256 πλη-

1035 1271 1169 1307 σιαίτερον
1188 1270 1270 1306 οὔσης
1292 1270 1342 1305 τῆς
1358 1269 1470 1301 πόλεως,
1496 1269 1688 1304 συνεχέστερον
1703 1268 1753 1302 τῆς
1767 1268 1821 1294 τῶν

1033 1318 1116 1350 ὅντως
1145 1317 1294 1352 ἀγαπητῶν
1323 1317 1369 1343 καὶ
1401 1317 1572 1343 οξκειοτάτων
1604 1316 1651 1342 καὶ
1687 1315 1821 1349 φιλτάτιον

1033 1364 1119 1399 ὅψεως
1142 1362 1341 1397 ἀπολαύσομεν.
1371 1361 1523 1396 Ἀφίξονται
1546 1361 1599 1395 γὰρ
1627 1361 1673 1386 καὶ
1698 1360 1821 1387 ἀναπαύ-

1034 1418 1133 1440 σονται,
1158 1409 1204 1436 καὶ
1230 1409 1268 1440 ὼς
1289 1410 1317 1434 ἐν
1347 1407 1515 1444 προαστείοις
1541 1407 1707 1442 πορρωτέρω
1728 1406 1822 1440 κειμέ-

1032 1465 1097 1488 νοις,
1128 1455 1198 1482 κατὰ
1240 1455 1319 1491 μέρος
1347 1454 1451 1480 ἔσονται
1480 1453 1633 1487 συναγωγαί
1672 1453 1737 1486 (59).
1767 1451 1822 1478 Καὶ

1031 1502 1116 1533 οὕτως
1153 1501 1268 1536 ἐγένετο.
1311 1510 1320 1526 ι
1360 1500 1414 1526 Καὶ
1452 1499 1510 1535 μεθ’
1545 1499 1640 1533 ἔτερα,
1674 1498 1737 1534 περὶ
1766 1497 1821 1523 τῶν

1032 1547 1239 1584 συμϐεϐηκότων
1265 1546 1339 1582 αὺτῷ
1363 1544 1440 1577 αὖθις
1465 1545 1550 1572 ταῦτα
1573 1545 1688 1581 γράφει·
1719 1554 1727 1569 ι
1756 1543 1821 1570 Πολ-

1029 1595 1088 1626 λαῖς
1122 1603 1152 1628 γε
1181 1595 1239 1625 ταῖς
1278 1592 1432 1628 ὁμολογίαις
1462 1591 1517 1626 (40)
1550 1591 1687 1626 Γερμανὸς
1721 1589 1820 1625 acino-

1029 1647 1112 1665 νεται.
1133 1638 1221 1664 Πολλά
1237 1646 1269 1672 γε
1289 1638 1376 1664 εἰπεῖν
1394 1636 1448 1672 ἔχει
1475 1636 1535 1663 καθ’
1555 1636 1651 1662 ἑαυτοῦ
1675 1636 1818 1671 γενόμενα.

1031 1686 1116 1716 Ὅσας
1139 1684 1289 1720 ἀριθμῆσαι
1314 1683 1427 1710 δύναται
1457 1683 1520 1718 περὶ
1545 1681 1624 1718 ἡμῶν
1651 1682 1817 1716 ἀποφάσεις,

1029 1730 1183 1766 δημεύσεις,
1202 1729 1373 1765 προγραφὰς,
1391 1728 1566 1764 ὑπαρχόντων
1584 1727 1720 1762 ἁρπαγὰς,
1735 1726 1816 1758 ἀξιω-

1034 1778 1125 1813 μάτων
1149 1775 1292 1806 ἀποθέσεις
1309 1775 1375 1810 (41),
1398 1774 1476 1809 δόξης
1502 1773 1636 1808 κοσμικῆς
1659 1772 1815 1808 ὀλιγωρίας,

1028 1836 1104 1868 dria,
1130 1834 1290 1870 προάστειον
1317 1832 1475 1870 (ιίιξῐιιιιξηιιι)
1499 1832 1645 1870 Athanasio
1663 1831 1697 1870 _iu
1725 1831 1816 1870 libello

1028 1866 1108 1903 quem
1143 1866 1238 1896 obtulit
1263 1869 1377 1896 concilio
1405 1868 1632 1895 Chalcedonensi.
1661 1866 1707 1894 Sic
1732 1867 1815 1903 etiam

1031 1900 1150 1938 Daphne,
1173 1905 1355 1931 suburbanum
1381 1904 1540 1935 Antiochite,
1557 1902 1699 1938 Achyroua
1731 1900 1815 1928 Nico-

1029 1940 1132 1971 mediae,
1151 1945 1178 1967 et
1195 1941 1343 1974 Septimum
1361 1939 1458 1965 dicitur
1473 1937 1657 1974 suburbanum
1679 1937 1813 1974 constan-

1028 1975 1167 2007 tinopulis,
1195 1972 1256 2001 licet
1281 1974 1382 2008 aliquot
1404 1981 1531 2008 passuum
1548 1972 1665 2008 millibus
1687 1972 1815 2008 abessent

1028 2011 1061 2036 ab
1077 2005 1128 2036 illis
1148 2005 1315 2036 civitatibus.
1327 2005 1579 2036 Vide-Glossarium
1595 2007 1693 2034 Pitltmi
1711 2006 1738 2032 in
1758 2005 1815 2032 Νο-

1026 2045 1106 2072 vellus
1125 2045 1227 2071 Iuliani
1251 2044 1439 2075 Auteceswris,
1465 2050 1531 2070 voce
1550 2042 1713 2068 l’roaslium.
1730 2040 1815 2068 Porro

1026 2088 1058 2106 ex
1080 2080 1130 2106 hoc
1153 2080 1211 2106 loco
1231 2079 1363 2113 colligitur
1379 2084 1459 2105 mtate
1482 2078 1589 2113 quidem
1615 2076 1734 2112 Dionysii
1753 2077 1814 2103 uni-

1027 2122 1086 2141 cam
1103 2115 1190 2141 adlmc
1215 2112 1303 2140 fuisse
1320 2114 1490 2140 Alexandria:
1505 2112 1657 2142 ecclesiam.
1680 2112 1706 2138 in
1729 2119 1812 2146 quali]

1027 2157 1122 2176 omnes
1148 2149 1221 2176 urbis
1249 2149 1319 2176 illius
1347 2149 1438 2175 fideles
1457 2147 1590 2176 orationis
1612 2154 1690 2174 causa
1711 2154 1813 2174 conve-

1027 2185 1148 2211 nicbant.
1173 2184 1344 2211 Postmodum
1370 2191 1434 2210 vero
1465 2183 1630 2216 temporibus
1650 2181 1812 2213 Athanasii,

1027 2227 1088 2246 eum
1117 2219 1205 2253 plures
1235 2224 1327 2245 essent
1353 2218 1474 2245 ecclesim
1497 2225 1511 2244 a
1536 2217 1654 2253 diversis
1679 2217 1814 2251 episcopis

1027 2255 1194 2281 Alexandria:
1217 2254 1364 2283 aediﬁcatae.
1390 2254 1462 2280 cives
1479 2252 1656 2279 Alexandrini
1689 2259 1812 2278 seorsum

1026 2290 1054 2315 in
1071 2289 1184 2316 diversis
1205 2289 1327 2315 ecclesiis
1347 2287 1554 2322 colligebautur,
1570 2287 1641 2313 κατὰ
1662 2286 1744 2322 μέρος
1764 2287 1812 2313 καὶ

1024 2324 1215 2360 διῃρημένοις,
1241 2328 1269 2349 ιιι
1295 2323 1412 2360 loquitur
1444 2323 1613 2360 Athanasius
1631 2323 1657 2349 in
1682 2321 1812 2360 Apologia

1024 2356 1113 2392 prima
1138 2361 1170 2385 ad
1199 2359 1404 2390 Constantium,
1429 2358 1479 2384 nisi
1508 2358 1577 2392 quod
1608 2357 1634 2383 in
1660 2356 1809 2390 majoribus

1025 2391 1117 2426 festis,
1139 2394 1246 2420 Paschze
1271 2393 1373 2420 scilicet
1396 2397 1443 2419 aut
1462 2392 1654 2423 Peutccosles.
1678 2399 1730 2418 nou
1759 2391 1808 2417 lie-

1023 2430 1089 2456 baut
1104 2430 1280 2463 partirulares
1293 2433 1449 2460 conventus,
1472 2428 1518 2454 sed
1536 2427 1653 2454 universi
1672 2427 1698 2452 in
1724 2426 1811 2458 majo-

1023 2472 1078 2490 rem
1101 2464 1241 2490 cci-lesiam
1265 2464 1480 2495 conveniebant,
1507 2467 1536 2489 ut.
1563 2462 1664 2489 ibidem
1694 2465 1809 2488 testatur

1021 2499 1193 2526 Athanasius.

1056 2534 1112 2568 (40)
1133 2534 1264 2566 Πολλαῖς
1286 2542 1318 2569 τε
1338 2533 1401 2566 ταῖς
1423 2533 1602 2569 ὁμολογίαις,
1628 2531 1690 2569 llaec
1716 2535 1751 2569 el_
1765 2538 1809 2569 se-

1021 2566 1131 2602 quentia
1157 2570 1259 2596 ironice
1282 2566 1408 2596 dicuntur
1425 2566 1445 2594 a7
1463 2566 1599 2602 Dionysio.
1623 2567 1687 2600 Qua:
1710 2566 1808 2593 deinde

1020 2609 1179 2638 sequuntur.
1200 2605 1238 2630 sic
1256 2604 1314 2638 lego
1327 2609 1354 2630 et
1372 2604 1529 2638 interpungo
1543 2610 1550 2629 :
1569 2602 1658 2638 ῌολλὰ
1672 2610 1705 2638 ys
1719 2602 1808 2638 εἰπεῖν

1021 2636 1076 2673 Exit
1099 2639 1159 2665 καθ’
1174 2639 1270 2665 ἑαυτοῦ
1283 2636 1508 2674 Ὑενόμεναίὸσει
1530 2637 1680 2674 ἁριθμῆσᾳι
1695 2636 1808 2674 δύνᾳται

1020 2672 1084 2709 πὲρι
1103 2673 1188 2709 ἡμῶν.
1209 2674 1290 2701 Certe
1304 2675 1330 2700 in
1344 2672 1528 2709 vetustissimo
1547 2674 1638 2709 codice
1655 2672 1806 2703 Mazarino,

1020 2708 1078 2741 pOSI.
1094 2717 1184 2735 vocem
1202 2708 1280 2743 ἡμῶν
1298 2709 1419 2743 apposita
1441 2713 1482 2735 est
1505 2708 1619 2743 virgula,
1634 2713 1661 2734 et.
1679 2712 1752 2743 anu:
1760 2714 1807 2743 vo-

1019 2740 1077 2769 cem
1091 2744 1154 2775 ὂςας
1174 2740 1281 2777 ponitur
1303 2740 1501 2771 subdistinctio.
1517 2742 1608 2769 Codex
1628 2747 1717 2769 autem
1734 2740 1802 2768 Fuk.

1019 2779 1199 2804 emendationi
1218 2784 1316 2805 nostra:
1333 2778 1412 2812 plane
1426 2777 1583 2804 subscribit.

1054 2813 1109 2847 (41)
1136 2810 1512 2847 ’Λξιίιιμιὶτωνἀποθέσεις,
1546 2811 1613 2839 liinc
1639 2816 1712 2845 patet
1741 2810 1805 2836 Dio-

1018 2849 1124 2881 nysiqu
1161 2849 1372 2874 Alexandrinum
1405 2847 1544 2881 splendido
1581 2855 1681 2878 genere
1715 2851 1804 2870 ortum

1018 2882 1110 2911 fuisse.
1127 2882 1192 2910 Nam
1210 2883 1325 2918 dignitas
1338 2890 1369 2911 cx
1389 2882 1495 2917 generis
1511 2882 1652 2910 nobilitate
1668 2881 1806 2916 praecipue
