2002 3169
200 159 252 187 675

548 151 682 180 EUSEBll
701 150 940 179 C/ESARIENSIS
959 150 1036 179 OPP.
1057 150 1147 178 PARS
1167 151 1188 178 Ι,
1210 165 1244 170 ——
1264 149 1460 178 lllSTOHlCA.

1763 151 1817 180 675

201 222 306 244 cessum
317 218 368 241 est.
387 211 502 239 Proinde
516 210 640 238 Aurelius
663 210 795 244 Cyreuius
820 214 980 243 procurator

1033 209 1157 243 ἐνοχλεῖν.
1176 209 1230 235 Καὶ
1247 209 1325 235 τοῦτο
1340 210 1408 244 ὅπερ
1424 209 1494 236 κατὰ
1513 208 1542 235 τὸ
1563 207 1622 241 ἐξὸν
1641 208 1752 236 δύναται
1771 210 1817 245 ὑφ’

201 268 313 289 summa:
334 259 385 291 rei,
409 258 464 285 dati
487 265 501 284 a
524 257 603 284 nobis
619 256 742 290 rescripti
753 255 871 282 formam
886 262 978 289 seque-

202 311 254 333 tur.
269 314 278 330 ι
303 303 367 331 ιιωο
381 311 414 330 ex
429 302 525 330 Latino
545 302 572 328 in
594 301 720 328 Grzccum
750 308 902 328 sermonem
927 308 980 335 quo

201 351 301 377 clarius
316 348 544 383 intelligerentur,
561 346 701 378 translata,
718 347 792 380 operi
808 346 982 372 nostroinse—

203 394 316 419 ruimus.
333 391 382 419 Est
399 396 425 419 et
436 391 488 418 alia
503 390 624 424 ejusdem
638 390 811 423 imperatoris
825 390 983 417 constitutio

201 440 234 466 ad
246 439 313 466 alios
326 438 470 473 episcopos
483 437 556 470 data,
572 444 625 471 qua
641 438 674 464 iis
695 436 821 472 permisit
840 441 870 463 ut
882 443 982 464 coeme-

201 485 329 512 teriorum
345 491 454 511 suorum
469 484 527 511 loca
539 491 670 518 recupera
676 487 745 510 rent.

1032 254 1109 290 ὑμῶν
1135 255 1364 290 ἀναπληροῦσθαι,
1396 255 1447 289 ἤδη
1473 255 1526 290 πρὸ
1557 254 1652 281 πολλοῦ
1677 255 1722 281 ὑπ’
1749 255 1817 291 ὲμοῦ

1034 299 1249 335 συγκεχώρηται.
1268 301 1322 326 Καὶ
1343 300 1387 326 διὰ
1405 300 1482 326 τοῦτο
1498 299 1630 335 Αὐρήλιος
1654 301 1789 336 Κυρὴνιος
1802 302 1818 327 ὁ

1033 345 1080 371 τοῦ
1093 346 1221 380 μεγίστου
1244 346 1405 380 πράγματος
1421 345 1609 381 προστατεύων
1625 346 1690 380 (Si),
1711 346 1755 372 τὸν
1768 347 1817 373 τύ-

1034 400 1084 417 πον
1102 391 1146 418 τὸν
1167 391 1213 418 ὑπ’
1228 391 1294 427 ἐμοῦ
1314 391 1424 418 δοθέντα
1448 390 1613 425 διαφυλάξει.
1633 401 1641 418 ι
1661 392 1753 419 Ταῦτα
1772 393 1818 419 ἐπὶ

1034 437 1064 463 τὸ
1095 437 1258 473 σαφέστερον
1295 438 1326 464 ἐκ
1356 437 1406 472 τῆς
1439 437 1580 472 Ῥωμαίων
1618 438 1818 474 ἑρμηνευθέντα

1034 482 1155 518 γλώττης
1169 483 1311 517 ὲγκείσθω.
1329 483 1384 509 Καὶ
1396 482 1462 518 ἄλλη
1481 483 1509 510 δὲ
1529 483 1575 510 τοῦ
1593 484 1674 510 αὑτοῦ
1698 484 1819 517 διάταξις

200 532 321 568 φέρεται,
341 531 375 566 ἢν
396 531 463 566 πρὸς
477 531 586 566 ἐτέρους
612 531 777 561 ἐπισκόπους
800 529 955 564 πεποίηται,
973 531 1008 557 τὰ
1028 529 1082 556 τῶν
1098 530 1268 566 καλουμένων
1293 531 1477 566 κοιμητηρίων
1492 530 1692 566 ἀπολαμϐάνειν
1709 531 1818 567 ἐπιτρέ-

200 588 257 605 πων
271 578 366 614 χωρία.

489 622 602 650 CAPUT
620 623 688 650 XIV.

237 668 351 701 Quinam
374 668 466 695 iisdem
487 668 645 702 temporibus
660 669 806 702 ﬂoruerunt
822 668 948 704 episcopi.

236 746 336 773 Eadem
368 749 529 780 tempestate
562 745 690 772 Romanae
716 747 825 781 quidem
853 746 982 774 Ecclesiae

199 792 287 819 adhuc
320 797 434 826 praeerat
458 791 581 827 Xystus;
607 792 807 819 Antiochenam
829 800 892 820 vero
921 797 982 827 post

199 844 313 866 mortem
336 838 410 865 Fabii
433 838 512 873 263
535 838 723 865 Demetrianus
749 839 877 873 regebat;
910 838 980 872 apud

197 884 347 912 Cmsaream
359 883 536 918 Cappadocia:
549 883 743 916 Firmilianus;
766 885 792 911 in
814 884 899 912 Ponto
913 884 980 912 Gre-

203 931 294 965 gorius
312 929 447 963 fraterque
461 929 519 964 ejus
539 929 742 963 Athenodorus,
764 931 845 957 ambo
857 930 981 964 Origcnis

198 975 333 1009 discipuli,
356 974 493 1001 Ecclesias
522 975 719 1009 gubernabant.
739 976 817 1010 Apud
831 976 980 1003 Cmsaream

198 1026 287 1048 autem
309 1020 461 1048 Palmstinre
482 1026 590 1048 mortuo
614 1021 773 1049 Theoetisto
798 1022 980 1049 sacerdotium

198 1067 316 1102 suscepit
332 1067 460 1093 Domnus.
480 1066 538 1100 Quo
559 1075 611 1094 non
632 1068 715 1094 multo
739 1072 800 1103 post
819 1076 850 1095 ex
865 1068 914 1096 ltac
926 1068 980 1095 vita

198 1113 314 1144 sublato.
331 1112 506 1140 'l'heolecuus
522 1113 568 1147 qui
580 1113 613 1140 ad
636 1120 757 1141 nostram
772 1122 857 1149 usque
875 1119 980 1141 aetatem

199 1159 342 1194 Superfuit,
356 1159 381 1186 in
400 1158 458 1192 eius
471 1160 561 1187 locum
578 1161 739 1195 Subrogatus
749 1165 798 1187 est.
817 1160 865 1187 Hic
877 1166 983 1196 quoque

198 1204 320 1240 Origenis
332 1204 441 1232 auditor
460 1204 543 1232 fuisse
564 1205 671 1233 dicitur.
703 1205 897 1240 Hierosolymis
919 1213 983 1232 vero

198 1254 259 1285 post
276 1248 430 1276 Mazabanis
442 1250 556 1282 obitum,
568 1250 750 1284 episcopalem
762 1251 851 1277 sedem
865 1250 984 1276 obtinuit

199 1295 371 1331 Hymenaeus,
387 1293 432 1330 qui
446 1301 539 1323 nostra
552 1296 634 1323 etiam
649 1301 727 1323 aetate
735 1296 861 1332 plurimis
877 1296 983 1323 laudum

199 1342 285 1370 titulis
297 1342 434 1370 inclaruit.

493 1387 607 1416 CAPUT
627 1386 684 1415 XV.

243 1433 378 1466 Quomodo
396 1432 517 1460 Marinus
541 1434 610 1467 apud
637 1433 785 1461 Ca'saream
811 1435 938 1469 martyrio

480 1468 634 1502 perfunctus
657 1474 704 1495 est.

233 1514 336 1541 Interea
345 1521 412 1548 pace
424 1515 531 1541 cunctis
540 1513 640 1549 ubique
651 1514 781 1542 Ecolesiis
790 1515 904 1546 reddita,
914 1515 983 1550 apud

1293 617 1492 644 KE‘PAAAION
1507 618 1555 645 lA'.

1109 666 1140 692 Ol
1155 664 1217 691 κατ’
1232 663 1328 690 ἐκεῖνο
1346 665 1574 698 συνηκμακότες
1588 664 1746 692 ἐπίσκοποι

1278 699 1348 734 (Nic.
1363 699 1398 725 ΙΙ.
1411 699 1444 726 E.
1462 707 1497 732 τι,
1524 700 1580 734 54).
1782 732 1784 735 ι

1078 745 1120 772 Ἐν
1139 744 1225 779 τούτῳ
1244 744 1273 770 δὲ
1289 744 1339 778 τῆς
1360 744 1408 778 μὲν
1431 743 1571 778 Ῥωμαίων
1590 744 1749 779 Ἐκκλησίας
1761 744 1818 771 εισ-

1035 792 1077 818 έτι
1100 791 1160 817 τότε
1184 789 1329 825 καθηγεῖτο
1354 788 1454 820 Ξύστος
1474 789 1541 824 (.52),
1566 789 1615 824 τῆς
1637 789 1665 815 δὲ
1686 789 1729 816 ἐπ’
1759 790 1818 816 Ἀν-

1033 837 1149 872 τιοχείας
1165 836 1232 871 μετὰ
1251 835 1358 867 Φάϐιον,
1384 834 1584 870 Δημητριανός·
1603 835 1776 870 Φιρμιλιανὸς
1790 836 1819 862 δὲ

1034 881 1200 916 Καισαρείας
1233 879 1282 915 τῆς
1309 879 1510 906 Καππαδοκῶν.
1549 879 1604 906 Καὶ
1638 880 1684 906 ἐπὶ
1715 880 1818 912 τούτοις

1033 927 1086 953 τῶν
1101 925 1172 952 κατὰ
1188 926 1286 952 Πόντον
1305 925 1457 960 ἐκκλησιῶν
1475 925 1625 961 Γρηγόριος
1635 925 1682 953 καὶ
1693 927 1707 952 ὁ
1722 925 1816 952 τούτου

1034 972 1146 1006 ἀδελφὸς
1169 971 1359 1006 Ἀθηνόδωρος,
1391 972 1542 1007 Ὠριγένους
1565 971 1706 1008 γνώριμοι.
1724 972 1780 1006 Τῆς
1795 972 1817 998 δ’

1034 1019 1079 1045 ἐπὶ
1104 1018 1282 1053 Παλαιστίνης
1304 1018 1471 1053 Καισαρείας
1498 1017 1659 1044 Θεοκτίστου
1685 1017 1817 1053 μεταλλά-

1035 1063 1136 1095 ξαντος,
1152 1062 1301 1097 διαδέχεται
1316 1063 1366 1098 τὴν
1382 1062 1531 1097 ἐπισκοπὴν
1550 1062 1659 1097 Δόμνος.
1678 1062 1777 1098 Βραχεί
1789 1063 1818 1089 δὲ

1035 1108 1121 1144 χρόνῳ
1134 1108 1226 1134 τούτου
1245 1107 1444 1142 διαγενομένου,
1464 1106 1608 1138 Θεότεκνος
1628 1108 1642 1133 ὁ
1658 1107 1718 1134 καθ’
1734 1108 1816 1142 ἡμᾶς,

1035 1154 1154 1189 διάδοχος
1177 1153 1348 1180 καθίσταται.
1374 1152 1429 1187 Τῆς
1450 1151 1470 1178 δ’
1499 1152 1651 1188 Ὼριγένους
1677 1153 1818 1188 διατριϐῆς

1036 1202 1084 1227 καὶ
1095 1198 1172 1230 οἶτος
1188 1197 1230 1234 ἦν.
1252 1198 1331 1224 Ἀλλὰ
1347 1198 1392 1224 καὶ
1406 1198 1433 1224 ὲν
1454 1194 1646 1233 ’Ῑεροσολόμοις
1661 1199 1818 1225 ἀναπαυσα-

1039 1248 1118 1283 μένου
1132 1246 1305 1279 Μαζαϐἁνου,
1323 1246 1367 1272 τὸν
1384 1245 1476 1281 θρόνον
1498 1246 1649 1281 Ὑμέναιος,
1670 1247 1684 1272 ὁ
1701 1247 1747 1273 καὶ
1767 1246 1818 1272 αὺ-

1036 1294 1080 1325 τδς
1091 1294 1136 1320 ἐπὶ
1148 1293 1282 1324 πλείστοις
1296 1294 1350 1325 τοῖς
1359 1293 1418 1320 καθ’
1433 1293 1504 1328 ὑμᾶς
1515 1292 1666 1328 διαπρέψας
1677 1292 1818 1326 exaudie-

1036 1338 1138 1372 δέξατο.

1290 1384 1486 1411 ΚΕΦΑΛΑῘΟΝ
1502 1384 1552 1411 lE’.

1053 1432 1146 1465 Ὅπως
1161 1430 1234 1458 κατὰ
1256 1431 1434 1464 Καισάρειαν
1452 1430 1581 1464 Μαρῖνος
1597 1429 1802 1464 ἐμαρτύρησεν

1283 1466 1351 1501 (Nic.
1365 1466 1401 1492 ll.
1414 1465 1447 1493 E.
1461 1473 1498 1496 Vl,
1517 1466 1571 1501 15).

1070 1513 1148 1539 Κατὰ
1164 1512 1274 1543 τούτους
1291 1513 1402 1548 εἰρήνης
1422 1511 1577 1547 ἁπανταχοῦ
1595 1511 1648 1539 τῶν
1667 1511 1817 1547 ἐκκλησιῶν

197 1559 347 1587 Caesaream
361 1559 510 1587 Palaestinae
519 1560 641 1588 Marinus
653 1561 761 1595 quidam
777 1561 884 1588 militari
896 1562 980 1595 digni-

1034 1558 1126 1594 οὔσης,
1145 1560 1173 1585 ἐν
1189 1560 1342 1595 Καισαρείᾳ
1364 1560 1414 1594 τῆς
1437 1559 1618 1595 Παλαιστίνης
1633 1560 1752 1595 Μαρῖνος
1763 1558 1819 1585 τθῶν

197 1610 254 1632 tate
269 1605 421 1637 decoratus,
438 1605 471 1631 ad
485 1605 542 1632 hzec
553 1606 697 1640 splendore
708 1607 816 1640 generis
832 1611 913 1640 atque
924 1607 982 1641 opi-

196 1652 248 1678 bus
262 1651 360 1683 clarus,
373 1651 407 1677 ob
416 1651 720 1678 confcssionemChristi
736 1651 825 1686 capite
839 1656 982 1680 truncatus

197 1702 239 1724 est
265 1697 315 1724 hac
333 1696 367 1724 de
386 1704 478 1724 causa.
507 1696 600 1724 llonor
625 1697 734 1731 quidam
761 1701 803 1724 est
827 1697 889 1724 vitis
912 1698 981 1732 apud

198 1741 345 1774 Romanos,
355 1750 435 1776 quam
451 1743 495 1776 qui
510 1743 599 1776 adepti
616 1747 690 1774 sunt,
704 1743 876 1770 centuriones
888 1743 981 1770 dicun-

199 1793 253 1816 tur.
266 1788 317 1816 Hic
333 1789 408 1816 locus
422 1797 482 1816 cum
501 1793 620 1821 vacaret,
638 1788 758 1815 Marinus
772 1788 867 1815 ordine
882 1789 980 1823 gradus

197 1836 240 1864 sui
255 1835 290 1862 ad
313 1843 372 1862 eam
400 1835 598 1870 promotionem
619 1835 779 1862 vocabatur.
802 1834 900 1862 Verum
919 1842 980 1861 cum

196 1882 301 1909 honore
315 1880 480 1914 illojamjnm
499 1881 634 1915 potiturus
651 1885 734 1913 esset,
748 1881 856 1914 quidam
876 1881 909 1907 ad
932 1881 981 1907 tri-

196 1926 278 1954 bunal
293 1927 424 1954 accedens
440 1926 573 1953 Marinum
598 1934 726 1953 accusare
745 1926 839 1961 etrapit,
854 1934 981 1955 asserens

196 1972 236 1999 illi
252 1973 358 2006 quidem
376 1977 467 2006 utpote
482 1973 637 2000 Christiano
653 1972 766 2004 homini,
789 1977 816 1998 et
834 1972 981 2006 imperato-

196 2018 271 2046 ribus
283 2018 437 2046 sacriﬁcare
449 2018 585 2051 renuenti,
597 2018 749 2045 Romanam
763 2018 922 2052 dignitatem
936 2026 982 2046 ca—

232 2097 361 2133 (551)1‘01'1
384 2097 526 2132 μεγίστου
553 2098 724 2133 πράγματος
758 2098 977 2131 προστατεύων.

197 2133 274 2160 Hunc
303 2132 389 2159 locutu
421 2134 474 2165 jam
502 2133 601 2159 dudum
630 2133 759 2166 expiicavi
787 2134 811 2159 in
847 2133 918 2160 nolis
946 2134 978 2160 ad

199 2173 326 2202 excerpta
343 2175 380 2202 ex?
393 2167 477 2194 Dione
488 2168 646 2200 Cocceiano,
668 2176 728 2202 pag.
762 2168 824 2194 112.
854 2168 979 2201 Cujacius

197 2203 224 2230 in
238 2201 342 2229 livaut
364 2201 510 2233 Observat.,
526 2209 585 2237 cap.
599 2202 643 2232 52,
663 2201 735 2229 ιέόιε
751 2203 858 2236 quidem
869 2203 982 2234 monuit,

1034 1607 1062 1632 ὲν
1080 1605 1233 1640 στρατείαις
1252 1606 1306 1640 (55)
1326 1605 1461 1640 ἀξιώμασι
1482 1605 1680 1640 τετιμημένων,
1699 1604 1771 1639 γένει
1786 1612 1817 1630 τε

1033 1651 1080 1678 καὶ
1097 1651 1203 1686 πλούτῳ
1219 1651 1371 1687 περιφανὴς
1386 1651 1463 1686 ἀνὴρ,
1481 1651 1524 1677 διὰ
1545 1651 1594 1686 τὴν
1610 1650 1727 1686 Χριστοῦ
1745 1658 1816 1685 μαρ-

1032 1696 1127 1731 τυρίαν
1152 1696 1198 1730 τὴν
1222 1696 1342 1730 κεφαλὴν
1374 1695 1563 1730 ἀποτέμνεται,
1594 1695 1699 1721 τοιᾶσδε
1724 1694 1814 1720 ἕνεκεν

1032 1742 1130 1774 αἰτίας.
1152 1742 1225 1777 Τιμή
1251 1750 1293 1773 τις
1315 1741 1372 1767 ἐστὶ
1395 1741 1470 1777 παρὰ
1497 1742 1641 1777 Ῥωμαίοις
1663 1741 1692 1768 τὺ
1713 1741 1815 1776 κλῆμα,

1032 1786 1063 1815 οὗ
1077 1790 1139 1820 τοὺς
1149 1789 1278 1823 τυχόντας
1292 1789 1372 1822 φασὶν
1390 1789 1605 1824 ἑκατοντάρχους
1619 1784 1747 1822 γίνεέθαι.
1765 1787 1816 1814 Τό-

1035 1843 1085 1861 που
1103 1834 1276 1869 σχολάζοντος
1296 1834 1351 1869 (54)
1373 1834 1419 1860 ἐπὶ.
1435 1835 1513 1861 τοῦτο
1535 1832 1676 1870 προκοπῆς
1691 1833 1736 1860 τὸν
1757 1834 1818 1860 Μα-

1036 1882 1107 1917 ρῖνον
1125 1880 1201 1916 ήτοῦ
1221 1879 1324 1915 βαθμοῦ
1341 1880 1417 1912 τάξις
1433 1880 1534 1907 ἐκάλει.
1552 1879 1620 1917 Ἤδη
1639 1889 1668 1906 τε
1689 1879 1818 1915 μέλλοντα

1034 1927 1084 1962 τῆς
1099 1927 1182 1962 τιμῆς
1201 1926 1318 1962 ἔχεσθαι,
1344 1926 1485 1962 παρελθὼν
1501 1927 1579 1959 ἄλλος
1593 1927 1645 1962 πρὸ
1660 1926 1707 1953 τοῦ
1731 1926 1818 1961 βήμα-

1035 1981 1090 2004 τος,
1109 1973 1146 2008 μὴ
1162 1972 1262 2006 ἐξεῖναι
1281 1972 1329 2006 μὲν
1348 1972 1444 2007 ἐκείνῳ
1460 1973 1508 2008 τῆς
1533 1973 1673 2008 Ῥωμαίων
1696 1972 1817 2007 μετέχειν

1035 2020 1113 2054 ἀξίας
1138 2019 1207 2046 κατὰ
1229 2019 1292 2050 τοὺς
1319 2019 1448 2050 παλαιοὺς
1476 2019 1584 2054 νόμους,
1607 2019 1759 2055 Χριστιανῴ
1786 2027 1816 2053 γε

1033 2099 1110 2132 bant,
1127 2099 1301 2134 decastrensi
1317 2098 1413 2126 militia
1437 2102 1516 2126 erant.
1543 2103 1658 2134 sumpta,
1684 2103 1712 2127 ut
1739 2105 1814 2127 notat

1034 2135 1168 2161 Asconius
1182 2133 1327 2161 Pedianus.

1070 2170 1126 2202 (5i)
1145 2168 1399 2203 Ἐκατοντάρχους
1425 2169 1568 2203 τίνεσθαι.
1594 2170 1688 2196 Τόπου
1704 2169 1819 2204 (77;on-

1032 2203 1144 2237 ζοντος.
1155 2204 1222 2231 Cod.
1238 2204 1315 2238 Reg.,
1324 2204 1445 2238 γίνεσθαι
1460 2204 1554 2234 τόπου.
1566 2204 1623 2231 sine
1633 2203 1816 2235 distinctione,

198 2237 355 2265 rationalem
368 2244 479 2264 summa).
494 2237 532 2264 rei
559 2238 601 2264 his
629 2238 719 2273 verbis
751 2238 897 2273 designari.
928 2238 979 2265 Sed
999 2240 1149 2273 Deamque
1177 2237 1422 2271 interpu’nct'ionem
1462 2243 1551 2266 tuetur
1592 2239 1767 2266 Casaubonus
1789 2240 1815 2266 in

196 2273 261 2307 quid
276 2277 347 2299 esset
358 2280 463 2298 sununa
477 2280 530 2303 res,
546 2279 599 2298 non
618 2272 761 2300 intellexit.
779 2271 832 2299 Nos
856 2274 888 2299 ad
909 2273 980 2299 illum

198 2308 291 2334 Dionis
308 2307 405 2338 locum,
418 2308 585 2334 ostendimus
603 2315 735 2333 summam
756 2315 811 2333 rem
831 2307 901 2335 idem
921 2316 982 2335 esse

196 2351 228 2370 ac
243 2349 375 2370 summum
389 2342 540 2376 pecuniam,
557 2342 602 2368 τὸν
613 2341 727 2368 καθόλου
742 2341 831 2375 λόγον.

233 2391 288 2425 (5‘2)
307 2391 431 2426 Ξξῷστος.
462 2393 516 2418 lino
544 2390 647 2426 Xystus
677 2392 839 2425 jampridem
866 2391 979 2418 obierat.

197 2425 301 2459 Quippe
320 2425 419 2461 Xystus
446 2426 473 2452 in
507 2425 694 2461 persecutione
718 2425 855 2452 Valeriani
882 2427 981 2461 insigni

197 2461 327 2495 martyrio
347 2467 491 2488 coronatus
505 2467 546 2488 est
569 2461 656 2488 Tusco
681 2467 708 2488 ct
734 2462 817 2488 Basso
846 2469 928 2494 coss.,
944 2469 979 2488 vn

196 2495 257 2522 ldus
269 2497 392 2531 Augusti,
408 2502 437 2531 ut
451 2501 556 2522 constat
572 2502 627 2523 tum
651 2504 683 2524 ex
712 2496 826 2531 epistola
843 2496 980 2531 Cypriani,

198 2534 253 2557 tum
268 2538 299 2557 ex
315 2530 392 2557 Libro
405 2529 568 2565 l’ontiﬁcali.
728 2529 735 2531 ⁷
854 2531 856 2533 ’

232 2586 286 2621 (55)
301 2586 361 2613 Τῶν
372 2587 406 2612 ἐν
423 2588 601 2621 στρατείαις.
624 2588 776 2615 Cohortalis
807 2588 903 2615 militia
936 2587 981 2615 hic

196 2621 302 2656 videtur
315 2622 442 2656 intelligi,
457 2628 484 2649 ut
508 2631 539 2649 ex
557 2623 732 2656 sequentibus
749 2624 810 2650 licet
840 2623 979 2656 colligere.

196 2655 239 2682 Fit
249 2657 320 2682 enim
337 2655 436 2683 intentio
449 2655 689 2691 Arhmijudicis,e1
700 2658 748 2684 fori
765 2666 795 2685 ac
806 2658 978 2692 judiciorum,

196 2698 255 2725 quae
270 2692 302 2718 de
315 2697 417 2718 armata
433 2698 459 2719 et
471 2693 599 2719 castrensi
611 2693 704 2720 militia
718 2693 769 2720 dici
787 2701 839 2720 non
855 2698 978 2727 anStInt.

197 2727 276 2752 Certe
293 2726 314 2752 si
328 2727 359 2753 de
370 2732 472 2753 armata
486 2728 581 2754 militia
596 2729 641 2754 hic
660 2735 749 2754 sermo
764 2733 846 2758 esset,
856 2726 980 2754 Marinus

197 2767 286 2797 coram
313 2761 383 2797 dure
404 2768 451 2797 aut
475 2771 567 2788 curaui
603 2763 694 2797 legato
727 2763 843 2790 Caesaris
868 2769 978 2789 causam

198 2795 319 2822 dixisset.
339 2794 476 2822 llabehant
492 2803 582 2823 autem
608 2794 738 2824 ordinarii
765 2797 870 2828 judices
898 2797 978 2823 etiam

197 2830 370 2855 centuriones
381 2838 445 2856 suos
456 2836 481 2857 et
495 2832 688 2858 cornicularius
706 2833 729 2857 iu
743 2832 830 2858 otlirio
848 2840 906 2859 suo.
926 2831 979 2857 Sed

196 2871 221 2890 et
236 2869 331 2891 cuncta
345 2864 401 2891 fere
421 2866 527 2892 nomina
544 2866 695 2893 ollicialium
714 2869 759 2901 qui
780 2868 844 2901 ipsis
864 2873 979 2902 appare-

1035 2275 1106 2301 notis
1122 2275 1153 2300 ad
1169 2274 1352 2308 Spartiauum,
1371 2281 1432 2307 pag.
1443 2274 1489 2300 2t.
1507 2273 1552 2300 Sic
1570 2274 1641 2300 enim
1655 2280 1747 2301 censet
1762 2274 1815 2301 Ca-

1035 2307 1271 2341 saubouus,vitem
1282 2307 1366 2336 fuisse
1384 2309 1487 2341 insigne
1501 2316 1554 2343 quo
1575 2309 1656 2335 futuri
1680 2310 1818 2336 centurio-

1033 2351 1082 2370 nes
1109 2344 1330 2377 designabantur,
1354 2344 1571 2370 centurionatum
1597 2344 1682 2377 ipsum
1701 2345 1815 2376 gesturi,

1034 2387 1093 2406 cum
1109 2378 1182 2405 locus
1197 2378 1294 2412 aliquis
1308 2387 1408 2405 vacuus
1423 2378 1527 2404 fuisset.
1550 2379 1602 2405 Sed
1628 2377 1776 2405 Salmasius
1788 2380 1814 2406 in

1034 2415 1105 2440 notis
1118 2414 1150 2439 ad
1171 2414 1294 2440 eumdem
1311 2414 1496 2448 Spartiauum,
1521 2416 1590 2440 hanc
1611 2413 1817 2447 interpretatio—

1034 2456 1093 2474 nem
1120 2448 1272 2475 Casauboui
1300 2449 1398 2475 merito
1423 2448 1619 2481 reprehendit,
1648 2450 1747 2482 quippe
1770 2450 1814 2482 qui

1032 2484 1104 2509 aliud
1119 2490 1182 2510 esse
1195 2483 1354 2510 credidisset
1369 2483 1450 2509 vitem
1463 2490 1573 2517 gerere.
1591 2483 1662 2509 aliud
1678 2485 1817 2510 centurio-

1033 2526 1093 2544 nem
1109 2525 1179 2545 esse.
1196 2518 1288 2551 Itaque
1313 2518 1464 2545 Salmasius
1491 2517 1597 2544 Eusebii
1623 2519 1710 2544 locum
1736 2519 1816 2545 aliter

1031 2553 1207 2587 interpungit,
1226 2558 1252 2580 et
1268 2559 1326 2586 post
1341 2560 1433 2580 vocem
1445 2551 1566 2586 γίνεσθαι
1589 2553 1669 2579 ﬁnale
1688 2559 1814 2586 puuctuut

1032 2588 1152 2621 apponit,
1171 2592 1200 2613 ut
1226 2587 1315 2615 fecere
1329 2588 1464 2614 Masculus
1487 2592 1514 2615 et
1543 2588 1815 2621 Clu-istophorsmms.

1032 2622 1112 2649 Certe
1138 2623 1163 2648 in
1193 2623 1384 2650 vetustissimis
1406 2622 1483 2648 codd.
1517 2623 1672 2655 Mazarino,
1701 2621 1769 2650 Fuk.
1788 2629 1816 2649 et

1032 2656 1158 2684 Medicam
1175 2663 1235 2690 post
1248 2665 1340 2684 vorem
1363 2657 1485 2691 γίνεσθαι
1499 2658 1688 2684 subdistinctio
1702 2659 1816 2684 aseribi-

1033 2697 1086 2718 tur.
1102 2692 1154 2717 Sed
1168 2693 1192 2718 in
1206 2692 1300 2718 iisdem
1317 2693 1469 2725 codicibus,
1487 2698 1546 2726 post
1559 2701 1638 2720 voces
1654 2693 1710 2719 illas
1731 2692 1814 2720 τόπου

1032 2726 1205 2762 σχολάζοντος
1221 2732 1348 2761 punctum
1362 2728 1388 2753 in
1405 2735 1509 2753 summo
1523 2728 1677 2761 apponitur.
1707 2727 1745 2754 Ex
1762 2736 1815 2759 quo

1031 2767 1151 2796 apparet,
1168 2763 1283 2796 scriptos
1297 2770 1390 2789 omnes
1402 2762 1508 2788 codices
1520 2763 1546 2788 iu
1561 2763 1640 2795 hujus
1656 2762 1704 2789 loci
1719 2762 1815 2788 distiu-

1031 2798 1120 2823 ctione
1139 2798 1301 2823 consentire.
1320 2796 1373 2823 Nec
1388 2797 1463 2823 valde
1483 2797 1565 2824 refert
1579 2803 1639 2824 utro
1660 2798 1739 2823 modo
1756 2798 1814 2823 dis-

1032 2831 1147 2866 tinguas,
1171 2839 1231 2857 cum
1246 2839 1352 2863 semper
1369 2832 1437 2859 idcn:
1456 2839 1549 2859 sensus
1576 2833 1690 2859 exsistat
1708 2840 1814 2866 quoquo

1032 2867 1111 2894 tnodo
1131 2867 1342 2900 inter-punireris.
