2002 3169
231 159 282 187 679

581 157 714 185 EUSEBII
731 157 968 186 C/ESAklENSIS
986 156 1061 185 OPP.
1082 156 1171 184 PARS
1189 157 1210 185 ι.
1231 171 1265 177 ——
1284 155 1481 184 lllSTORlCA.

1800 159 1853 186 0K0

231 221 265 247 ad
286 218 367 254 pedes
378 216 454 244 Panii
474 217 583 249 montis,
598 217 688 244 fontes
704 219 840 250 visuntur,
860 225 892 245 ex
915 217 1013 252 quibus

1068 225 1101 249 σι,
1111 217 1176 250 φασὶ
1191 217 1266 252 παρὰ
1281 219 1338 248 ταῖς
1355 215 1447 243 αὐτόθι
1457 215 1645 251 δεικνυμέναις
1662 218 1690 244 ὲν
1706 219 1764 250 ταῖς
1783 218 1853 246 ὑπω-

189 260 197 266 ’
231 264 339 300 proﬂuit
350 262 483 290 Iordanis.
498 262 526 290 In
541 263 589 289 hos
605 262 673 290 festo
684 263 802 297 quodam
815 263 858 290 die
873 263 1013 290 victimam

231 309 327 344 conjici
345 308 450 336 solitam
476 315 537 335 esse
559 308 644 341 aiunt,
668 315 729 342 qua:
756 308 873 335 mirabili
898 307 1014 342 quadam

231 356 360 383 daemonis
373 354 530 389 operatione
552 361 683 388 nusquam
709 358 802 388 postea
819 358 990 388 compareret
1005 361 1012 380 :

231 408 344 435 eamque
363 407 419 429 rem
436 408 450 426 a
477 400 663 434 spectantibus
687 407 737 434 pro
761 399 858 426 illustri
883 399 1015 426 miraculo

231 446 324 474 haberi
352 446 535 473 consuevisse.
560 445 683 478 Quodam
704 445 786 480 igitur
810 450 930 479 tempore
953 451 1013 471 eum

230 492 357 519 Asturius
370 492 412 518 his
421 491 491 518 forte
501 492 672 519 caeremoniis
684 492 838 523 interesset,
847 495 1015 524 cunctosque

231 537 409 564 admiratione
434 537 472 564 rei
490 537 629 572 perculsos
644 537 759 570 videret,
774 537 889 570 primum
906 536 1014 570 quidem

231 586 380 613 caecitatem
393 584 464 619 vulgi
478 584 624 611 miseratus
637 589 688 610 est.
701 583 803 610 Deinde
820 583 906 610 oculis
921 583 946 609 in
959 589 1014 609 cm-

232 632 286 659 lum
303 631 426 662 sublatis,
443 637 599 666 supremum
621 631 740 657 omnium
757 629 842 656 Deum
859 636 906 663 per
923 628 1014 656 Jesum

232 677 368 705 Christum
384 677 534 704 obtestatus
548 682 600 708 est,
615 681 644 703 ut
659 676 809 702 dzentonem
835 675 910 702 illum
925 674 1015 709 populi

231 725 401 751 seductorem
416 723 618 757 constringeret
631 742 638 755 ,
652 726 680 749 et
694 730 708 748 a
725 721 889 756 decipiendis
904 720 1016 755 posthac

232 769 391 796 mortalibus
408 769 548 796 abstinere
568 776 628 796 eum
647 768 767 803 juberet.
789 767 902 795 Peracta
919 774 1014 801 preca-

232 815 315 847 tione,
325 819 434 849 repente
443 814 581 841 victimam
591 814 712 841 fontibus
723 818 916 848 supernatasse
927 813 1013 846 aiunt;

230 865 312 895 atque
327 860 362 887 ita
374 860 532 887 miraculum
548 860 614 895 ipsis
625 867 736 894 prorsus
750 859 931 894 intercidisse,
942 859 1014 886 nullo

231 906 442 942 deinceps'circa
453 906 523 932 hune
537 905 625 932 locum
642 905 767 940 prodigio
782 905 849 932 viso.

459 951 538 988 265
557 951 671 979 CAPUT
688 951 779 979 XVlll.

232 998 269 1025 De
284 1004 372 1027 statua
383 1007 462 1033 quam
478 999 573 1025 mulier
586 999 724 1038 sanguinis
736 999 811 1033 [lqu
827 997 952 1024 laborans
967 1006 1014 1032 po-

593 1038 656 1060 ιιιιι.

272 1079 325 1107 Sed
347 1079 564 1114 quandoquidem
592 1079 673 1113 hujus
694 1079 770 1106 urbis
791 1079 952 1106 mentionem
979 1079 1017 1106 fe-

233 1128 335 1158 cimus,
355 1133 407 1152 non
423 1126 601 1159 incongruum
626 1124 707 1151 fuerit
725 1131 782 1152 rem
797 1126 943 1159 quamdam
959 1132 1016 1152 me-

233 1173 320 1200 moria
344 1171 476 1206 imprimis
497 1171 606 1206 dignam
630 1171 747 1205 posteris
768 1171 885 1198 tradere.
911 1169 1016 1197 Etenim

233 1219 373 1246 mulierem
398 1217 469 1245 illam
496 1217 636 1251 sanguinis
668 1216 799 1250 proﬂuvio
831 1216 1015 1248 laborantem,

232 1272 313 1300 quam
337 1271 371 1291 ex
394 1263 480 1291 sacris
508 1262 662 1298 Evangeliis
690 1262 819 1289 discimus
837 1269 852 1289 a
873 1261 1017 1289 Servatore

233 1316 326 1338 nostro
355 1315 477 1337 curatam
505 1309 598 1342 fuisse,
623 1315 657 1335 ex
680 1308 731 1335 hac
751 1308 862 1335 civitate
885 1307 1016 1342 originem

234 1358 349 1384 traxisse
370 1356 472 1388 ferunt,
500 1356 664 1390 domumque
684 1355 742 1390 ejus
760 1354 859 1382 ibidem
879 1353 1016 1388 conspici;

233 1407 261 1430 et
282 1402 375 1430 collati
393 1403 420 1429 in
444 1409 503 1429 eam
522 1409 537 1429 a
559 1401 703 1429 Servatore
725 1404 818 1427 nostro
844 1399 969 1427 beneﬁcii
987 1399 1018 1426 il-

233 1449 329 1477 lustria
346 1454 456 1477 exstare
477 1453 662 1476 monumenta.
684 1446 788 1482 Quippe
810 1446 887 1482 juxta
907 1446 1018 1481 ianuam

233 1497 330 1524 domus
353 1495 442 1527 illius.
463 1502 538 1523 aenea
560 1495 682 1522 mulieris
705 1493 806 1527 eﬂigies
830 1499 904 1521 stare
920 1493 1019 1521 dicitur

1067 264 1153 299 ρείαις
1174 263 1220 290 τοῦ
1241 263 1408 299 καλουμένου
1427 262 1523 289 Πανίου
1542 263 1620 298 ὅρους
1643 266 1753 299 πηγαῖς,
1771 266 1800 298 ἐξ
1813 263 1852 294 ὧν

1065 310 1112 336 καὶ
1128 310 1173 336 τὸν
1185 310 1319 346 Ἰορδάνην
1333 309 1501 345 προχεῖσθαι,
1518 309 1588 336 κατά
1600 318 1658 336 τινα
1675 311 1770 346 ἑορτῆς
1784 313 1847 348 ήμέ.

1066 363 1116 390 ραν
1144 356 1256 390 σφάγιόν
1278 364 1304 382 τι
1319 354 1534 382 καταϐάλλεσθαι
1552 355 1623 389 (59)*
1652 356 1792 384 καὶτοῦτο
1816 361 1850 395 τῇ

1064 400 1111 427 τοῦ
1129 401 1255 436 δαίμονος
1275 401 1386 436 δυνάμει
1410 401 1510 435 ἀφανὲς
1532 400 1654 434 γίνεσθαι
1679 403 1850 438 παραδόξως,

1065 446 1157 482 θαῦμά
1177 456 1205 474 τε
1226 445 1294 474 εἶναι
1313 447 1472 483 περιϐόητον
1492 447 1548 478 τοῖς
1565 447 1681 482 παροῦσι
1697 448 1727 474 τὸ
1741 450 1850 485 νινόμε-

1065 502 1119 520 νον.
1145 493 1268 530 Παρόντα
1295 494 1317 520 δ’
1343 491 1389 520 οὖν
1412 502 1476 520 ποτε
1495 496 1551 526 τοῖς
1568 494 1775 530 ’πραττομένοις
1805 497 1851 524 τὸν

1065 538 1216 576 Ἀστύριον,
1233 539 1279 566 καὶ
1300 539 1330 566 τὺ
1345 541 1460 575 πρᾶγμα
1473 540 1743 575 καταπληττομένους
1762 541 1851 570 ίδόγτα

1065 584 1127 616 τοὺέ
1135 585 1257 617 πολλοὺς,
1271 586 1403 621 οἰκτεῖραι
1417 586 1467 621 τῆς
1479 586 1591 621 πλάνης,
1608 587 1724 614 κᾶπειτα
1736 590 1850 616 ἀνανεύ-

1066 640 1149 658 σαντα
1171 633 1209 664 εις
1233 632 1355 667 οὐρανὸν,
1376 632 1512 659 ἱκετεῦσαι
1535 633 1580 660 διὰ
1602 634 1719 670 Χριστοῦ
1745 635 1790 662 τὸν
1803 635 1851 662 ἐπὶ

1066 676 1173 703 πάντων
1186 677 1261 709 Θεὸν,
1278 677 1308 703 τὺ
1320 677 1467 704 λαοπλάνον
1484 678 1619 714 δαιμόνιον
1636 680 1782 714 ἀπελέγξαι
1803 682 1850 708 καὶ

1065 723 1167 749 παῦσαι
1184 722 1234 758 τῆς
1249 722 1304 749 τῶν
1317 723 1466 758 ἀνθρώπων
1484 725 1599 760 ἀπάτης.
1615 725 1707 752 Ταῦτα
1721 726 1750 752 δέ
1769 735 1850 761 φασιν

1064 767 1222 804 εὐξαμένου,
1247 768 1351 804 ἀθρόως
1375 768 1405 795 τὸ
1425 770 1520 804 ἱερεῖον
1537 770 1698 797 ἐπιπολάσαι
1719 773 1778 803 ταῖς
1797 780 1851 807 πη-

1064 816 1136 849 γαῖς.
1152 815 1229 842 Οὕτω
1242 824 1272 842 τε
1289 816 1379 847 αὐτοῖς
1399 815 1429 842 τὸ
1449 816 1599 852 παράδοξον
1613 817 1744 852 οἴχεσθαι,
1769 818 1851 854 μηδε-

1065 861 1110 894 νὸς
1121 862 1218 898 μηκέτι
1230 861 1367 898 θαύματος
1384 862 1446 898 περὶ
1460 862 1505 889 τὸν
1522 863 1604 890 τόπον
1616 864 1759 900 γενομένου
1773 887 1778 893 .

1320 955 1518 983 ΚΕΦᾹΛΑῙΟΝ
1533 957 1585 983 IH’.

1136 1002 1205 1036 Περὶ
1223 1001 1275 1028 τοῦ
1289 1001 1464 1036 ἀνδριάντος
1486 999 1522 1029 οὗ
1546 1003 1565 1035 ἡ
1582 998 1781 1036 αἵμίνρῤοοῦσα

1227 1036 1398 1071 ἀνέστησεν
1407 1036 1474 1071 (Nic.
1491 1036 1525 1063 Η.
1543 1036 1576 1064 Ε.
1596 1038 1700 1071 \‘I,15).

1102 1083 1172 1110 Ἀλλ’
1186 1083 1280 1118 ἐπειδὴ
1294 1083 1374 1118 τῆσδε
1393 1084 1441 1118 τῆς
1457 1083 1559 1115 πόλεως
1573 1084 1613 1115 εἰς
1631 1084 1739 1119 μνήμην
1755 1084 1851 1120 ἐλήλυ-

1068 1128 1111 1160 θα,
1131 1130 1180 1155 οὐκ
1193 1128 1266 1161 ἄξιον
1285 1128 1403 1164 ἠγοῦμαι
1427 1128 1569 1164 παρελθεῖν
1588 1129 1713 1166 διήγησιν
1731 1130 1777 1157 καὶ
1796 1133 1853 1164 τοϊς

1069 1175 1127 1210 μεθ’
1144 1177 1218 1210 ἡμᾶς
1238 1175 1453 1210 μνημονεύεσθαι
1476 1174 1562 1207 ἀξίαν.
1582 1175 1636 1211 Τὴν
1654 1176 1708 1213 γὰρ
1723 1177 1853 1213 αἱμορρο-

1067 1217 1148 1247 οὖσαν
1162 1221 1216 1255 (60)
1230 1221 1263 1256 ἢν
1285 1221 1318 1247 ἐκ
1340 1219 1394 1246 τῶν
1417 1220 1498 1255 ίερῶν
1519 1220 1691 1255 Εὐαγγελίων
1714 1222 1782 1257 πρὸς
1805 1220 1853 1250 τοῦ

1069 1266 1192 1301 Σωτῆρος
1206 1265 1283 1301 ἡμῶν
1300 1265 1345 1291 τοῦ
1360 1264 1464 1296 πάθους
1476 1265 1636 1301 ἀπαλλαγὴν
1651 1266 1780 1302 εὕρασθαι
1803 1276 1852 1303 ped

1070 1311 1241 1346 μαθήκαμεν,
1267 1311 1370 1337 ἐνθένδε
1393 1310 1483 1344 ἔλεγον
1503 1311 1648 1346 ὁρμᾶσθαι,
1676 1312 1720 1338 τόν
1737 1321 1766 1339 τε
1780 1310 1854 1339 οἶκον

1068 1357 1151 1392 αὐτῆς
1164 1357 1210 1382 ἐπὶ
1223 1358 1271 1392 τῆς
1286 1356 1388 1388 πόλεως
1402 1355 1564 1389 δείκνυσθαι,
1591 1357 1638 1384 καὶ
1661 1359 1710 1393 τῆς
1734 1358 1787 1385 ὑπὸ
1806 1359 1853 1386 τοῦ

1068 1402 1193 1437 Σωτῆρος
1207 1403 1247 1433 είς
1261 1401 1345 1437 αὐτὴν
1355 1401 1513 1437 εὐεργεσίας
1522 1402 1666 1437 θαυμαστὰ
1676 1404 1791 1439 τρόπαια
1802 1413 1853 1432 πα-

1069 1449 1205 1486 ραμένειν.
1227 1448 1351 1475 Ἐστάναι
1374 1447 1428 1484 γὰρ
1444 1449 1486 1482 ἐφ’
1503 1448 1605 1484 ὑψηλοῦ
1628 1448 1701 1475 λίθου
1723 1450 1790 1485 πρὸς
1805 1450 1854 1485 μὲν

1068 1497 1128 1527 ταῖς
1153 1495 1250 1526 πύλαις
1269 1493 1316 1520 τοῦ
1338 1494 1421 1529 αὐτῆς
1440 1494 1526 1526 οἴκου,
1549 1495 1676 1528 γυναικὸς
1704 1495 1854 1531 ὲκτύπωμα

234 1542 367 1569 columna:
385 1542 497 1576 lapideae
516 1541 661 1575 imposita,
683 1540 798 1576 gentibus
815 1538 893 1567 ﬂexis
910 1544 1017 1574 proten-

1069 1541 1181 1577 χάλκεον
1194 1541 1240 1568 ἐπὶ
1257 1541 1324 1575 γόνυ
1338 1540 1506 1576 κεκλιμένον,
1529 1541 1575 1567 καὶ
1589 1542 1748 1576 τεταμέναις
1762 1542 1808 1568 ἐπὶ
1823 1543 1854 1568 τὸ

233 1589 327 1623 sisque
355 1588 479 1615 manibus
508 1587 594 1614 instar
621 1586 805 1621 supplicantis.
835 1585 873 1612 Ex
906 1586 1019 1613 adverso

235 1638 324 1660 autem
352 1632 454 1667 eﬂigies
479 1632 529 1659 viri
558 1639 593 1659 ex
623 1632 717 1659 eodem
745 1631 853 1659 metallo
884 1630 1017 1664 conﬂata,

235 1678 332 1705 stantis
367 1685 399 1705 ac
427 1677 544 1712 diploide
570 1677 698 1704 decenter
717 1676 824 1709 induti,
854 1682 1018 1712 manumque

236 1723 342 1751 mulieri
367 1723 539 1758 porrigentis.
566 1722 605 1749 Ad
629 1722 706 1756 cuius
728 1722 810 1757 pedes
832 1722 858 1749 in
883 1722 939 1756 ipsa
960 1721 1018 1749 basi

236 1769 327 1805 ignota
343 1770 464 1804 quaedam
486 1769 560 1796 nasci
581 1769 681 1796 dicitur
700 1768 812 1804 planta:
827 1776 887 1803 qua:
905 1768 938 1795 ad
959 1767 1020 1794 ﬂm-

237 1815 324 1843 briam
347 1823 433 1850 usque
453 1822 534 1842 amca:
550 1814 677 1850 diploidis
696 1822 839 1848 assurgens
855 1813 1019 1849 depellendis

237 1862 326 1890 omnis
348 1861 454 1896 generis
476 1861 577 1888 morbis
604 1861 843 1896 praisentissintum
869 1860 1017 1887 remedium

236 1912 288 1934 est.
318 1906 392 1933 lianc
416 1910 532 1933 statuam
556 1905 619 1933 Jesu
647 1906 748 1933 Christi
770 1906 886 1940 speciem
917 1905 1019 1933 referre

236 1952 355 1980 aiebant.
375 1951 472 1978 Mansit
497 1958 577 1986 porro
598 1951 631 1977 ad
656 1956 749 1978 nostra
775 1958 860 1985 usque
877 1955 1017 1985 tempora:

236 2005 339 2033 nosque
354 1998 421 2025 adeo
436 1998 530 2024 urbem
552 1995 624 2024 illam
643 1997 758 2031 ingressi
773 2017 780 2028 ,
805 1997 891 2030 ipsam
907 2005 1020 2031 conspev

237 2044 335 2071 ximus.
356 2042 409 2070 Nec
427 2050 489 2070 vero
515 2042 667 2069 mirandum
690 2048 749 2075 est,
765 2043 877 2077 gentiles
891 2050 905 2070 a
920 2042 1020 2070 Serva-

237 2091 297 2114 tore
311 2092 403 2114 nostro
419 2087 556 2114 beneﬂciis
570 2087 681 2114 aﬂ'ectos
701 2087 759 2114 haec
777 2087 945 2122 praestitisse,
959 2095 1019 2114 cum

238 2138 265 2160 et
282 2134 463 2167 apostolorum
487 2132 560 2160 Petri
586 2140 618 2159 ac
640 2132 732 2165 Pauli,
757 2133 912 2167 Christique
935 2134 1020 2168 ipsius

239 2179 324 2214 pictas
340 2179 481 2213 imagines,
496 2180 528 2204 ad
540 2184 662 2205 nostram
683 2185 769 2212 usque
787 2179 944 2205 memoriam
961 2186 1020 2206 ser-

240 2229 315 2253 vatas
335 2225 361 2252 in
378 2225 476 2252 tabulis
496 2224 652 2251 viderimus.
671 2224 773 2258 Quippe
786 2224 867 2259 prisci
889 2224 943 2257 illi,
958 2225 1020 2252 abs—

239 2279 292 2306 que
313 2271 367 2298 ullo
390 2270 545 2298 discrimine
567 2273 679 2298 cunctos
699 2269 732 2296 de
754 2277 783 2297 se
815 2271 883 2297 bene
909 2271 1019 2298 meritos

240 2314 333 2350 gentili
352 2314 468 2349 quadam
493 2314 688 2341 consuetudine
714 2318 841 2347 tanquam
868 2319 1019 2341 servatores

241 2361 328 2388 colere
348 2361 503 2395 huiusmodi
523 2360 672 2386 honoribus
690 2365 894 2387 consueverant.

239 2417 327 2444 tutum
337 2416 478 2451 foederatis,
490 2417 617 2444 Iordanis
631 2417 749 2451 deinceps
760 2417 918 2451 appellatur.
932 2418 1017 2446 Porro

240 2453 266 2479 in
281 2453 471 2487 manuscriptis
485 2453 623 2480 codicibus
642 2452 721 2482 Maz.,
737 2452 804 2479 Med.
822 2461 853 2479 ac
876 2453 942 2480 Fuk.
962 2454 1018 2480 ΙΙα-

239 2488 295 2514 νίου
311 2488 390 2523 ὅρους
407 2489 545 2521 scribitur,
566 2496 618 2515 non
645 2495 693 2522 per
708 2488 915 2523 diphthongum,
943 2495 971 2515 ιιι
991 2490 1018 2516 in

239 2524 332 2551 codice
349 2523 441 2558 Regio.

276 2557 331 2594 (59)
343 2558 473 2593 Σεράγιόν
485 2567 512 2585 τι
527 2559 773 2586 καταϐάλλεσθαι.
796 2557 923 2594 Solebant
933 2558 1020 2594 genti-

240 2592 281 2619 les
293 2592 417 2620 in‘l‘ontes
430 2602 461 2620 ac
473 2599 566 2628 puteos
583 2602 650 2628 quos
661 2594 796 2624 colebant,
811 2592 935 2628 victimas
945 2593 1020 2624 jace-

240 2635 280 2664 re.
291 2627 358 2656 Hinc
374 2627 509 2656 Publicbla
524 2627 857 2664 interrogatAugustinum
870 2627 897 2654 in
911 2628 1021 2664 epistola

241 2663 302 2695 i55,
322 2665 344 2691 si
361 2663 422 2690 licet
434 2665 468 2691 de
483 2664 556 2691 [mne
569 2662 675 2695 bibere,
695 2663 738 2690 vel
752 2664 784 2690 de
804 2667 896 2697 puteo,
919 2662 962 2689 ubi
990 2665 1022 2690 de

241 2699 377 2725 sacrilieio
391 2699 489 2732 aliquid
507 2698 617 2725 missum
635 2703 686 2725 est.

276 2734 332 2768 (60)
352 2733 410 2767 Τὴν
422 2731 478 2768 γὰρ
488 2734 717 2768 αὶμορῤοοῦσαν.
732 2732 837 2759 Citalur
852 2731 894 2758 hic
913 2731 1020 2768 Eusebii

242 2767 317 2804 locus
330 2769 355 2796 in
375 2767 489 2803 septima
502 2767 613 2804 synnado,
626 2771 733 2796 actione
746 2772 853 2804 quarta.
875 2774 935 2801 pag.
947 2767 1019 2804 _508.

242 2801 309 2840 Vide
326 2810 385 2840 quae
399 2801 699 2840 narrachilostorgius
716 2804 742 2830 in
755 2802 800 2829 lib.
819 2809 867 2834 vu,
877 2808 935 2835 cap.
947 2802 974 2835 5,
993 2808 1019 2829 et

241 2844 275 2864 ex
290 2838 333 2864 illo
349 2838 524 2872 Nicephorius.

277 2872 333 2908 (6|)
352 2871 446 2907 Μέχρι
473 2873 525 2900 τοῦ
542 2872 758 2906 κρασπέδου....
784 2871 1021 2908 ἀνιόνηΒυίίιιιιε

243 2907 418 2936 hum-locum
451 2910 487 2935 ita
515 2908 659 2938 intellexit,
683 2908 760 2938 quasi
778 2909 867 2933 l'laula
884 2907 928 2934 illa
958 2911 1021 2934 tunc

1070 1586 1186 1622 πρόσθεν
1208 1588 1268 1618 ταῖς
1291 1586 1395 1621 χερσὶν,
1418 1584 1575 1622 ἱκετευούσῃ
1589 1586 1687 1618 ἐοικός.
1708 1586 1809 1612 Τούτου
1826 1586 1854 1613 δὲ

1068 1633 1197 1669 ἄντικρυς
1211 1632 1273 1660 ἄλλο
1286 1633 1336 1668 τῆς
1351 1632 1435 1667 αὐτῆς
1445 1631 1512 1667 ὕλης
1527 1632 1623 1668 ἀνδρὸς
1638 1632 1727 1668 ὄρθιον
1751 1633 1854 1668 σχῆμα,

1067 1678 1187 1705 διπλοΐδα
1201 1677 1322 1712 κοσμίως
1343 1677 1582 1712 περιϐεὗλημὲνον,
1603 1677 1649 1704 καὶ
1661 1677 1710 1712 τὴν
1722 1678 1800 1713 χεῖρα
1819 1680 1854 1713 τῇ

1068 1724 1176 1758 γυναικὶ
1191 1724 1339 1758 προτεῖνον,
1357 1718 1388 1748 οὗ
1405 1721 1480 1757 παρὰ
1497 1723 1553 1753 τοῖς
1574 1722 1652 1748 ποσὶν
1665 1722 1711 1749 ἐπὶ
1727 1722 1776 1756 τῆς
1791 1723 1855 1757 στή-

1068 1771 1116 1806 λης
1138 1771 1232 1805 αὺτῆς,
1254 1770 1330 1803 ξένον
1348 1778 1375 1796 τι
1398 1768 1512 1804 βοτάνης
1534 1766 1603 1800 εἶδος
1630 1768 1715 1803 φύειν,
1737 1768 1752 1794 ὃ
1774 1769 1855 1804 μέχρι

1068 1818 1114 1845 τοῦ
1132 1817 1285 1853 κρασπέδου
1307 1817 1356 1852 τῆς
1372 1815 1419 1842 τοῦ
1436 1815 1536 1850 χαλκοῦ
1547 1815 1678 1846 διπλοΐδος
1697 1812 1770 1841 ἀνιδν
1784 1814 1853 1849 (61),

1069 1861 1288 1898 ἀλεξιφάρμακόν
1306 1870 1333 1888 τι
1358 1861 1491 1888 παντοίων
1512 1855 1679 1896 ’νοσημάτων
1699 1860 1854 1894 τυγχάνειν.

1069 1909 1169 1936 Τοῦτον
1194 1908 1222 1935 δὲ
1245 1908 1290 1934 τὸν
1311 1906 1457 1942 ἀνδριάντα
1476 1905 1567 1933 εἰκόνα
1589 1905 1635 1932 τοῦ
1656 1905 1742 1941 Ἰησοῦ
1764 1905 1856 1942 φέρειν

1069 1953 1170 1988 ἔλεγον,
1185 1953 1295 1988 Ἔμεινε
1307 1952 1334 1978 δὲ
1346 1952 1391 1978 καὶ
1405 1952 1444 1983 είς
1458 1952 1540 1987 ἡμᾶς,
1554 1951 1591 1983 ὡς
1604 1951 1650 1978 καὶ
1661 1951 1720 1986 ὕψει
1734 1950 1856 1986 παραλα-

1071 1999 1126 2025 ϐεῖν
1141 1998 1360 2034 ἐπιδημήσαντας
1371 1997 1469 2028 αὐτοὺς
1481 1998 1513 2032 τῇ
1525 1997 1610 2024 πόλει.
1631 1997 1686 2023 Καὶ
1701 1996 1856 2031 θαυμαστὸν

1070 2044 1143 2071 οὐδὲν
1164 2044 1226 2075 τοὺς
1243 2043 1326 2069 πάλαι
1343 2042 1372 2074 ἐξ
1389 2040 1473 2068 ἐθνῶν
1485 2041 1710 2078 εὐεργετηθέντας
1728 2041 1794 2076 πρὸς
1808 2039 1854 2067 τοῦ

1070 2091 1194 2126 Σωτῆρος
1206 2089 1294 2124 ἡμῶν,
1308 2089 1393 2117 ταῦτα
1405 2088 1591 2123 πεποιηκέναι,
1605 2088 1649 2114 ὅτε
1662 2087 1708 2114 καὶ
1723 2087 1776 2113 τῶν
1791 2087 1855 2113 ἁπο-

1072 2136 1171 2163 στόλων
1194 2135 1275 2162 αὑτοῦ
1295 2135 1344 2166 τὰς
1364 2135 1469 2166 εἰκόνας
1486 2133 1591 2160 Παύλου
1609 2133 1655 2159 καὶ
1679 2133 1793 2168 Πέτρου,
1809 2131 1857 2158 καὶ

1072 2179 1153 2206 αὑτοῦ
1179 2179 1210 2214 δὴ
1236 2178 1283 2205 τοῦ
1307 2178 1435 2214 Χριστοῦ,
1460 2178 1503 2204 διὰ
1516 2177 1668 2213 χρωμάτων
1692 2178 1720 2203 ὲν
1738 2178 1855 2212 γραφαῖς

1039 2224 1230 2260 υσωζομένας
1257 2226 1448 2261 ἱστορήσαμεν,
1479 2224 1516 2255 ὡς
1546 2223 1619 2254 εἰκὸς
1652 2222 1706 2248 τῶν
1734 2221 1856 2248 παλαιῶν

1071 2270 1287 2306 ἀπαραλλάκτως
1308 2269 1361 2304 (6‘2)
1391 2266 1434 2295 οἷα
1461 2269 1584 2304 σωτῆρας
1608 2267 1698 2301 ἐθνικῇ
1729 2265 1857 2302 συνηθείᾳ

1071 2314 1135 2350 παρ’
1150 2314 1255 2344 ἑαυτοῖς
1271 2313 1362 2338 τοίτον
1379 2312 1460 2346 τιμᾴν
1471 2310 1601 2336 εἰωθότων
1615 2308 1658 2334 τὸν
1671 2307 1780 2343 τρόπον.

1071 2419 1178 2445 demum
1196 2416 1289 2444 eﬂicax
1305 2416 1338 2444 ad
1355 2417 1492 2444 sanandos
1510 2417 1618 2444 morbos
1631 2423 1691 2443 esse
1703 2417 1854 2448 inrmperit,

1071 2457 1212 2488 postquam
1233 2453 1265 2488 ad
1278 2452 1412 2480 ﬁmbriam
1425 2459 1511 2486 usque
1527 2451 1688 2488 Dominiea;
1701 2451 1795 2488 vestis
1808 2458 1857 2476 exa

1073 2485 1215 2515 crevisset.
1234 2487 1319 2520 Quem
1337 2495 1446 2514 sensum
1463 2485 1574 2513 secutus
1594 2491 1636 2512 est
1660 2485 1854 2518 Christuphor—

1072 2530 1166 2553 sonus,
1182 2527 1208 2549 et
1223 2528 1286 2549 ante
1311 2522 1384 2549 illum
1401 2523 1578 2555 Nicepltorus.
1597 2521 1649 2548 Sed
1683 2525 1771 2546 tamen
1792 2526 1854 2555 cum

1073 2558 1099 2585 id
1116 2558 1246 2584 Eusebius
1262 2563 1355 2589 aperte
1370 2565 1422 2584 non
1438 2554 1521 2587 dicat,
1539 2558 1652 2590 quisque
1674 2563 1721 2590 pro
1737 2554 1855 2590 arbitrio

1073 2600 1124 2620 suo
1136 2597 1244 2619 statuet.
1264 2592 1329 2618 Mihi
1356 2592 1522 2626 probabilius
1548 2589 1794 2626 videtttr,'idcirco
1822 2589 1856 2615 ab

1073 2627 1190 2655 Eusebio
1202 2624 1362 2654 nominatim
1378 2630 1427 2654 hoc
1440 2627 1560 2653 additum
1578 2626 1671 2657 fuisse,
1681 2624 1749 2657 quod
1765 2624 1855 2658 planta

1074 2662 1117 2689 illa
1131 2670 1212 2696 supra
1234 2662 1369 2689 ﬁmbriam
1388 2662 1535 2689 Dominicae
1551 2661 1636 2687 vestis
1649 2668 1701 2686 non
1729 2666 1855 2696 assurge-

1075 2704 1116 2725 ret
1132 2717 1140 2730 ,
1164 2694 1240 2731 quasi
1273 2697 1344 2724 hanc
1372 2697 1552 2723 reverentiam
1576 2696 1716 2731 exhibens
1732 2694 1854 2720 υυλιιίιιο.

1071 2733 1160 2766 Atque
1173 2729 1209 2759 ita
1227 2734 1296 2758 hunc
1309 2732 1397 2760 locum
1412 2731 1514 2766 accepit
1532 2731 1614 2758 etiam
1626 2729 1807 2764 Nicephorus,
1826 2733 1856 2754 ut

1072 2767 1163 2794 videre
1177 2772 1218 2794 est
1235 2767 1262 2792 in
1282 2774 1340 2800 cap.
1357 2767 1448 2794 iSIib.
1466 2774 1503 2793 vi.

1107 2802 1163 2837 (62)
1185 2795 1477 2835 Ἀπαραλζῖιὶκτωςλιι
1491 2800 1568 2827 codd.
1582 2799 1770 2837 Regio,’Maz_._,
1786 2795 1855 2837 F_‘uk.

1071 2833 1264 2864 et'Savihami
1299 2833 1428 2864 scribitur
1466 2833 1716 2871 ἀπαραφυλόῐκτως,
1739 2833 1858 2871 Βιηίιιυε

1072 2873 1154 2898 vcrlil
1170 2871 1359 2904 indifferenter.
1375 2871 1450 2903 Quod
1464 2892 1471 2900 ,
1496 2870 1596 2905 induit,
1619 2870 1683 2897 mihi
1701 2870 1858 2905 ridalur__e;:

1071 2907 1201 2936 oentililia
1218 2902 1403 2934 mmmam
1416 2902 1598 2936 indifferenter
1621 2909 1785 2933 usurpatum.
1800 2902 1858 2935 Ego
