2002 3169
201 233 251 260 685

691 233 862 261 HISTORIA}
883 230 1157 261 ECCLESIASTICIE
1177 231 1240 258 LIB.
1260 231 1316 258 Vll.

1747 231 1797 258 656

199 289 294 324 όμενος
315 289 328 314 6
353 286 458 324 Ἰσραὴλ
476 286 561 320 οὕτως
584 287 716 324 ὲδίψησεν,
740 289 777 320 ὡς
793 288 908 315 Μωῡσοῦ
928 289 973 324 μὲν

1028 297 1070 321 ne,
1083 296 1131 323 per
1147 295 1227 323 quam
1242 288 1294 315 iter
1303 287 1433 315 facientes
1445 288 1573 316 Israelita:
1590 292 1662 316 tanta
1677 291 1799 324 oppressi

199 332 342 367 καταῧοᾷν,
358 333 452 367 ῥυῆναι
475 333 496 359 δ’
513 333 602 364 αὐτοῖς
616 333 690 369 παρὰ
704 333 750 360 τοῦ
765 334 901 369 Θαυμάσια
918 343 975 361 ποι-

198 378 288 409 οῦντος
307 378 386 413 μόνου
405 379 437 404 ὲκ
451 378 551 413 πέτρας
573 379 722 414 ἀκροτόμου
743 380 822 406 ποτόν
834 388 840 395 ·
867 380 931 407 ποτὲ
947 381 975 407 δὲ

197 423 320 451 τοσοῦτον
336 424 511 460 ὲπλήμμυρεν
527 424 593 460 (7‘2),
610 425 648 457 ὠς
659 426 745 452 πᾶσαν
756 425 802 461 τὴν
815 426 973 462 περίχωρον,

197 470 246 501 τὰς
260 478 289 496 τε
303 469 376 501 ὁδοὺς
400 471 446 496 καὶ
464 471 526 502 τοὺς
547 471 647 505 ἀγροὺς
662 471 850 504 ὲπικλύσαντα,
865 473 914 507 τῆς
930 472 976 498 ἐπὶ

196 515 258 541 Νῶε
269 515 415 551 γενομένης
427 515 474 542 τοῦ
489 515 582 548 ὓδατος
595 517 679 551 φορᾶς
691 517 837 551 ἐπαγαγεῖν
851 517 974 552 ἀπειλήν·

197 561 239 587 ἀεὶ
255 561 283 587 δὲ
295 562 389 596 αἵματι
399 561 445 587 καὶ
462 562 561 596 φόνοις,
574 562 619 589 καὶ
636 564 859 598 καταποντισμοῖς
871 564 975 590 κάτεισι

198 607 390 642 μεμιασμένος,
415 607 469 639 οἶος
494 608 545 634 ὑπὸ
560 609 670 635 Μωῡσεῖ
687 609 780 644 γέγονε
807 609 846 645 τῷ
866 609 974 645 Φαραὼ.

198 652 353 687 μεταϐαλὼν
376 653 415 684 εἰς
429 651 497 687 αἷμα
509 654 555 680 καὶ
566 654 704 686 ὲποζέσας.
722 656 776 682 Καὶ
791 658 865 682 ποῖον
879 657 975 690 γένοιτ’

197 697 230 724 ἂν
245 697 290 723 τοῦ
306 698 393 725 πάντα
411 699 586 735 καθαίροντος
601 700 694 732 ὓδατος
708 700 778 736 ὕδωρ
798 701 859 728 ἄλλο
874 701 976 736 καθάρ-

197 751 252 768 σιον
264 751 271 775 ',
282 742 340 774 Πῶς
351 743 382 769 ἂν
393 745 406 770 6
416 743 497 775 πολὺς
508 744 555 770 καὶ
564 745 713 780 ἀπέραντος
723 739 874 782 ἀνθρώποις
888 747 977 774 Ὠκεα-

196 789 239 819 νὸς
250 788 396 824 ἐπιχυθεὶς,
415 789 462 825 τὴν
478 790 578 825 πικρὰν
593 790 692 826 ταύτην
704 792 858 827 ἀποσμήξαι
875 792 975 819 ϐάλασ-

198 842 262 865 σαν;
275 834 291 870 ἢ
303 834 359 866 πῶς
374 835 405 861 ἂν
419 835 433 861 6
448 835 532 870 μέγας
552 837 671 872 ποταμὺς
690 839 703 864 6
714 838 927 873 ἐκπορευόμενος
947 838 975 871 ἐξ

202 879 291 914 Ἐδὲμ,
307 879 354 910 τὰς
366 879 499 915 τέσσαρας
523 881 609 916 ἀρχὰς
623 882 662 914 είς
682 881 714 914 ἃς
730 882 885 918 ἀφορίζεται
911 891 975 917 μετ-

196 924 340 959 οχετεύσας
354 926 393 957 είς
404 925 466 960 μίαν
478 925 523 952 τοῦ
535 926 621 961 Γηὼν,
636 927 786 954 ἀποπλύναι
795 927 824 954 τὸ
833 928 941 963 λύθρονς
957 927 973 963 ἢ

1026 338 1089 361 sunt
1104 333 1161 364 siti,
1175 337 1204 359 ut
1220 332 1349 359 adversus
1361 331 1464 359 Mosem
1475 333 1616 360 vociferari
1630 341 1681 360 non
1696 334 1799 361 desine-

1027 383 1096 411 rent,
1113 379 1201 412 quoad
1219 377 1318 404 virtute
1341 377 1411 405 illius
1424 378 1468 412 qui
1482 378 1555 405 solus
1571 379 1707 406 mirabilia
1723 378 1798 411 facit,

1025 431 1058 450 ex
1073 427 1207 458 praerupta
1227 429 1292 457 rupe
1303 429 1372 456 aqua
1388 422 1453 457 ipsis
1468 423 1501 449 ad
1521 428 1611 456 potum
1627 423 1739 451 eﬂluxit.
1754 423 1799 451 ln-

1027 470 1130 497 terdum
1152 476 1216 496 vero
1236 473 1376 503 tantopere
1401 469 1565 501 exundavit,
1587 473 1615 496 ut
1637 470 1800 498 circumsita!

1027 516 1128 552 regioni
1142 516 1246 550 viisque
1259 519 1285 543 et
1302 515 1373 549 agris
1386 514 1511 541 omnibus
1523 514 1680 549 superfusus
1691 536 1698 547 ,
1717 523 1800 550 aqua-

1026 570 1084 589 runt
1100 561 1230 590 diluvium
1253 560 1403 594 cuiusmodi
1426 559 1590 594 temporibus
1609 560 1667 587 Noe
1691 561 1797 591 accidit,

1026 607 1122 634 minari
1138 606 1286 634 videretur.
1306 605 1437 632 Caeterum
1456 603 1572 631 caedibus
1597 609 1625 631 et
1646 612 1750 637 cruore,
1772 609 1800 633 et

1027 652 1258 680 submersionibus
1299 652 1437 678 hominum
1473 651 1608 678 continuis
1645 651 1800 686 inquinatus

1025 699 1166 729 evolvitur,
1180 698 1268 732 qualis
1279 697 1341 725 olim
1356 705 1371 724 a
1388 696 1461 724 Mose
1477 697 1612 731 praestitus
1628 701 1669 724 est
1684 697 1801 725 Pharao-

1025 746 1062 778 ni,
1085 745 1110 772 in
1135 744 1292 779 sanguinem
1318 750 1465 770 conversus
1481 749 1513 769 ac
1540 742 1647 770 fetidus.
1671 742 1800 776 Quasnam

1025 791 1107 825 igitur
1120 790 1188 816 unda
1209 789 1325 816 lustrare
1341 788 1438 823 poterit
1451 795 1546 821 aquam
1567 795 1618 822 qua
1634 788 1724 815 omnia
1737 795 1801 823 pur-

1025 835 1138 871 gantur?
1161 834 1300 868 Quomodo
1321 838 1413 861 vastus
1434 833 1477 860 ille
1499 840 1547 860 nec
1567 833 1720 860 hominibus
1739 841 1800 868 per-

1026 881 1149 908 meabilis
1167 880 1309 912 Oceanus,
1336 880 1388 906 ltoe
1407 886 1529 905 amarum
1550 878 1661 913 pelagus
1682 886 1799 913 unquam

1026 925 1198 953 absterserit?
1209 925 1262 952 Aut
1276 924 1409 960 quomodo
1429 925 1522 959 ingens
1542 923 1586 951 ille
1598 923 1694 951 ﬂuvius
1705 924 1750 959 qui
1766 931 1799 951 ex

197 972 261 998 πότε
284 974 298 999 6
318 972 497 1008 τεθολωμένος
521 974 572 1000 ὑπὸ
593 974 647 1001 τῶν
666 975 788 1009 πονηρῶν
811 974 973 1009 πανταχόθεν

1025 972 1097 999 Eden
1112 971 1229 1006 proﬂuit,
1245 971 1350 998 etiamsi
1362 975 1477 1005 quatuor
1494 970 1552 997 illos
1570 971 1596 997 in
1617 978 1684 1005 quos
1703 970 1800 998 dividi-

196 1017 399 1052 ἀναθυμιάσεων
413 1018 476 1054 ἀὴρ,
495 1019 639 1055 εἰλικρινὴς
652 1019 772 1053 γένοιτο,
789 1019 906 1045 Τοιοῦτοι
920 1019 973 1055 γὰρ

196 1062 250 1089 ἀπὸ
265 1064 314 1098 τῆς
326 1064 377 1098 γῆς
394 1063 484 1098 ἀτμοὶ,
502 1064 548 1090 καὶ
564 1064 617 1091 ἀπὸ
629 1064 764 1099 θαλάσσης
777 1064 881 1099 ἄνεμοι,
895 1073 974 1091 ποτα-

197 1108 254 1143 μῶν
264 1117 293 1134 τε
307 1107 387 1143 αὖραι
401 1109 447 1135 καὶ
461 1109 576 1145 λιμένων
586 1110 726 1145 ἁνιμήσεις
740 1110 926 1141 ἀποπνέουσιν,
937 1109 973 1140 ὡς

188 1154 356 1189 ,σηπομένων
375 1155 404 1181 ἐν
425 1156 489 1181 πᾶσι
503 1157 557 1187 τοῖς
572 1155 759 1190 ὑποκειμένοις
778 1155 917 1190 στοιχείοις
931 1164 974 1181 νε-

198 1199 271 1235 κρῶν
283 1199 382 1235 ἰχῶρας
394 1197 461 1227 εἶναι
476 1200 523 1232 τὰς
535 1201 653 1236 δρόσους.
671 1199 737 1227 Εἶτα
752 1200 917 1236 Θαυμάζουσι
927 1201 973 1227 καὶ

196 1244 361 1280 διαποροῦσι,
385 1245 464 1272 πόθεν
486 1246 510 1271 οἱ
530 1247 649 1280 συνεχεῖς
668 1245 754 1280 λοιμοὶ
769 1246 835 1281 (75),
849 1246 929 1272 πόθεν
946 1246 973 1271 αἱ

197 1290 313 1325 χαλεπαὶ
324 1291 405 1322 νόσοι,
424 1290 504 1317 πόθεν
519 1292 546 1317 αἱ
561 1291 727 1318 παντοδαπαὶ
743 1291 849 1327 φθοραὶ,
866 1291 946 1318 πόθεν
960 1293 974 1317 ὁ

197 1336 317 1368 ποικίλος
339 1337 385 1363 καὶ
401 1337 483 1368 πολὺς
498 1336 551 1364 τῶν
565 1336 713 1372 ἀνθρώπων
740 1337 863 1373 ὅλεῦρος·
890 1338 932 1364 διὰ
948 1337 973 1364 τε

198 1382 295 1418 μηκέτι
314 1382 437 1409 τοσοῦτον
450 1383 548 1418 πλῆθος
568 1384 714 1420 οξκητόρων
729 1384 745 1419 ἡ
762 1383 875 1419 μεγίστη
898 1383 975 1414 πόλις

196 1429 225 1455 ὲν
248 1429 315 1464 αὑτῇ
330 1429 417 1465 φέρει,
438 1429 492 1455 ἀπὸ
503 1430 606 1465 νηπίων
623 1429 760 1465 ἀρξαμένη
776 1430 876 1455 παίδων
895 1429 974 1465 μέχρι

194 1475 249 1502 τῶν
264 1476 302 1506 είς
317 1475 399 1511 ἄκρον
412 1475 611 1510 γεγηρακότων,
626 1476 702 1507 ὅσους
719 1475 907 1510 ὠμογέροντας
919 1470 972 1510 (74)

195 1520 242 1552 οὒς
258 1520 349 1547 ὲκάλει
363 1522 492 1557 πρότερον
504 1521 581 1553 ὄντας
593 1521 703 1557 ἔτρεφεν
715 1530 722 1536 '
740 1520 797 1547 ἀλλ’
813 1521 836 1547 οἱ
847 1529 975 1556 τεσσαρα-

195 1566 335 1593 κοντοῦται
357 1568 403 1594 καὶ
421 1568 501 1603 μέχρι
523 1567 576 1594 τῶν
592 1568 772 1603 ἑϐδομήκοντα
792 1567 870 1599 ἐτῶν,
883 1566 975 1593 τοσοῦ-

195 1621 240 1639 τον
255 1613 374 1645 πλείονες
389 1614 460 1647 τότε,
482 1614 549 1640 ὥστε
574 1613 610 1649 μὴ
628 1613 846 1650 συμπληροῦσθαι
867 1613 913 1639 νῦν
929 1613 973 1640 τὸν

196 1654 310 1690 ἀριθμὸν
331 1656 419 1682 αὐτῶν
431 1657 689 1692 προσεγγραφέντων
701 1659 747 1684 καὶ
764 1657 973 1692 συγκαταλεγέν-

195 1710 249 1727 των
268 1702 308 1733 εἰς
320 1702 350 1728 τὸ
366 1702 491 1738 δημόσιον
512 1703 672 1739 σιτηρέσιον,
694 1703 748 1730 τῶν
762 1704 815 1730 ἀπὸ
829 1712 974 1739 τεσσαρεσ-

195 1746 307 1772 καίδεκα
326 1747 392 1773 ἑτῶν
408 1747 487 1783 μέχρι
502 1748 555 1775 τῶν
567 1749 727 1784 ὀγδοήκοντα
737 1759 744 1766 -
770 1749 816 1775 stati.
833 1751 973 1783 γεγόνασιν

194 1790 250 1818 οἷον
265 1792 405 1827 ἡλικιῶται
422 1794 475 1820 τῶν
498 1794 580 1820 πάλαι
602 1795 777 1830 γεραιτάτων,
801 1796 825 1821 οἰ
840 1795 898 1830 ὄψει
911 1795 976 1821 νεώ-

195 1845 280 1863 τατοι.
305 1837 359 1863 Καὶ
379 1837 449 1864 οὕτω
467 1838 624 1873 μειούμενον
646 1839 688 1865 ἀεὶ
713 1840 760 1865 καὶ
785 1839 974 1874 δαπανώμενον

194 1882 311 1917 ὁρῶντες
329 1881 359 1908 τὸ
378 1882 423 1909 ἐπὶ
437 1884 487 1918 γῆς
502 1882 649 1916 ἀνθρώπων
667 1883 754 1918 γένος,
772 1883 802 1909 οὐ
819 1883 972 1918 τρέμουσιν,

195 1928 342 1963 αὐξομένου
366 1928 413 1954 καὶ
434 1928 630 1963 προκόπτοντος
657 1929 711 1955 τοῦ¹
727 1928 873 1959 παντελοῦς
887 1928 974 1955 αὐτῶν

195 1971 358 2009 ἀφανισμοῦ.
374 1983 383 1999 )

1024 1022 1066 1044 lur
1089 1017 1190 1051 alveos,
1218 1017 1245 1044 in
1266 1024 1348 1043 unum
1370 1016 1468 1044 Geonis
1493 1016 1597 1044 alveum
1619 1015 1798 1048 transfundat,

1024 1067 1126 1090 tantam
1141 1063 1212 1090 hanc
1231 1062 1321 1090 abluet
1339 1062 1463 1089 saniem?
1482 1062 1627 1097 Ecquando
1639 1062 1799 1091 scelestissi-

1023 1108 1073 1136 mis
1093 1108 1271 1144 undecunque
1290 1109 1432 1143 vaporibus
1453 1108 1625 1137 obnubilatus
1646 1117 1703 1142 aer,
1716 1117 1799 1144 purus

1024 1154 1129 1180 tandem
1144 1161 1309 1188 serenusque
1322 1153 1630 1189 reddetur?llujusmodi
1646 1155 1718 1182 enim
1731 1155 1799 1182 hali-

1025 1204 1066 1226 tus
1082 1206 1114 1226 ex
1131 1203 1221 1231 terra;
1237 1206 1269 1226 ex
1293 1199 1359 1225 mari
1382 1199 1471 1232 venti;
1496 1207 1529 1227 ex
1544 1200 1697 1228 ﬂuminibus
1713 1207 1798 1232 aurae.

1023 1252 1056 1271 ex
1070 1245 1202 1279 portubus
1223 1245 1350 1279 {uligines
1371 1246 1485 1280 spirant,
1506 1251 1537 1273 ut
1556 1246 1750 1275 tabescentium
1772 1247 1798 1274 itt

1023 1290 1149 1317 omnibus
1164 1290 1369 1324 subiacentibus
1381 1291 1522 1318 elementis
1534 1291 1695 1319 cadaverum
1710 1291 1800 1319 sanies

1023 1343 1072 1369 pro
1097 1343 1157 1363 rore
1174 1337 1220 1363 sit.
1242 1336 1275 1363 Et
1297 1341 1357 1371 post
1377 1337 1434 1364 hac
1453 1337 1587 1365 mirantur
1612 1342 1639 1364 et
1660 1337 1799 1372 ambigunt

1024 1381 1156 1415 homines,
1175 1383 1307 1409 undenam
1322 1383 1455 1410 continuae
1471 1388 1569 1418 pestes,
1587 1383 1720 1410 undenam
1737 1390 1799 1418 gra-

1024 1433 1069 1453 ves
1084 1427 1168 1453 morbi
1191 1427 1333 1462 omnisque
1356 1428 1462 1463 generis
1483 1428 1567 1461 labes,
1589 1433 1616 1456 et
1636 1429 1800 1464 multiplices

1024 1469 1145 1507 variique
1168 1473 1306 1499 hominum
1329 1473 1454 1501 interitus
1469 1483 1475 1500 :
1493 1474 1557 1508 quid
1579 1482 1668 1502 causa:
1684 1476 1733 1508 sit,
1751 1483 1800 1503 cur

1025 1518 1089 1545 urbs
1104 1518 1218 1545 maxima
1236 1523 1338 1546 tantum
1353 1519 1452 1547 civium
1465 1528 1605 1547 numerum
1618 1522 1732 1556 amplius
1747 1529 1799 1549 non

1024 1563 1104 1596 ferat,
1121 1564 1227 1591 etiamsi
1247 1564 1280 1591 ab
1296 1565 1361 1599 ipsis
1377 1565 1525 1593 infantibus
1544 1567 1576 1593 ad
1592 1567 1741 1601 decrepitos
1756 1575 1801 1594 us-

1024 1617 1076 1644 que
1088 1616 1166 1637 senes
1182 1614 1368 1643 numerentur,
1383 1617 1448 1645 quot
1461 1615 1539 1638 antea
1553 1613 1651 1639 crudos
1670 1619 1750 1639 senes
1762 1612 1802 1639 sic

1028 1660 1135 1682 vocatos
1159 1655 1234 1682 aluit.
1254 1655 1354 1683 Verum
1381 1661 1443 1683 tunc
1467 1658 1597 1692 tetnporis
1620 1659 1687 1685 adeo
1710 1658 1801 1693 plures

1026 1705 1104 1728 erant
1119 1701 1338 1736 quadragenarii,
1353 1707 1381 1729 et
1393 1709 1473 1737 supra
1490 1702 1539 1731 hos
1554 1710 1639 1738 usque
1651 1703 1682 1730 ad
1695 1708 1802 1739 septua-

1025 1746 1154 1781 gesimum
1167 1747 1254 1774 atatis
1269 1755 1368 1774 annum
1388 1750 1538 1783 progressi,
1555 1754 1584 1776 ut
1606 1757 1735 1778 numerus
1755 1758 1802 1778 eo-

1025 1799 1084 1819 rum
1101 1800 1171 1820 nunc
1183 1793 1283 1827 expleri
1300 1802 1350 1821 non
1364 1795 1449 1829 possit
1462 1795 1588 1829 ascriptis
1601 1795 1663 1823 licet
1676 1801 1703 1823 et
1717 1796 1743 1822 in
1760 1796 1801 1823 al-

1024 1837 1087 1863 bum
1099 1836 1189 1865 relatis
1203 1838 1235 1864 ad
1247 1830 1380 1865 annonam
1394 1846 1426 1864 ex
1441 1838 1547 1872 publico
1558 1839 1741 1873 accipiendam
1756 1839 1799 1867 his

1024 1883 1068 1916 qui
1080 1883 1283 1917 quatuordeeim
1302 1891 1388 1911 annos
1410 1884 1465 1911 nati
1481 1889 1556 1916 sunt,
1575 1891 1662 1919 usque
1675 1885 1708 1912 ad
1722 1892 1800 1913 orto-

1024 1928 1158 1962 genarios.
1185 1928 1216 1955 Et
1240 1930 1285 1963 qui
1306 1929 1395 1963 specie
1423 1931 1478 1964 ipsa
1505 1930 1697 1957 adolescentuli
1719 1931 1801 1966 268

1023 1978 1096 2006 sunt,
1112 1974 1230 2008 aequales
1243 1975 1441 2009 quodammodo
1455 1983 1526 2003 nunc
1541 1976 1606 2003 facti
1626 1983 1689 2004 sunt
1707 1984 1800 2004 eorum

195 2020 241 2054 qui
260 2020 323 2047 olim
339 2028 417 2048 senes
444 2026 532 2049 erant.
546 2021 665 2056 Cumque
683 2021 709 2047 in
733 2021 814 2048 terris
835 2021 981 2047 humanum
1001 2028 1085 2056 genus
1112 2026 1250 2056 tantopere
1288 2023 1460 2050 imminutum
1483 2028 1510 2050 et
1535 2028 1721 2060 consumptum
1758 2026 1800 2053 vi-

195 2066 290 2099 deant,
313 2072 473 2101 augesceule
497 2067 523 2094 in
549 2067 608 2094 dies
619 2072 645 2094 et
672 2071 807 2094 crescente
832 2067 951 2101 ipsorum
972 2068 1091 2095 exscidio
1109 2075 1160 2095 non
1177 2069 1376 2096 intretniscunt.
1397 2079 1404 2095 ι

442 2133 638 2160 ΚΕΦΑΛΑΙΟΝ
655 2134 718 2160 KB’.

193 2188 265 2223 Περὶ
284 2188 339 2223 τῆς
357 2189 563 2224 ὲπισκεψάσης
576 2191 669 2217 νόσου
689 2189 758 2225 (Nic.
773 2189 807 2215 H.
821 2188 853 2215 E.
866 2197 902 2221 νί,
915 2188 970 2223 20).

228 2246 306 2272 Μετὰ
316 2246 400 2273 ταῦτα
412 2246 536 2283 λοιμικῆς
548 2246 593 2273 τὺν
609 2246 724 2282 πόλεμον
738 2246 915 2281 διαλαὸούσης
931 2246 972 2272 νό-

194 2299 252 2324 σοιι,
269 2294 317 2327 τῆς
332 2301 359 2319 τε
376 2293 470 2328 ἑορτῆς
487 2292 694 2327 πλησιαζούσης,
711 2290 787 2323 αὖθις
802 2291 846 2318 διὰ
866 2292 971 2326 γραφῆς

192 2338 249 2369 τοῖς
262 2338 383 2372 ἀδελφοῖς
394 2338 490 2374 ὁμιλεῖ,
506 2337 540 2364 τὰ
551 2337 600 2373 τῆς
612 2339 750 2373 συμφορᾶς
764 2338 972 2373 ἐπισημαινόμε-

230 2444 286 2481 (72)
306 2444 451 2481 Τοσοῦτον
466 2445 665 2481 ἐπλῄμμυρεν.
681 2444 812 2481 Τοσοῦτος
826 2446 884 2481 cod.
901 2444 966 2479 Reg.

193 2479 259 2514 Qua:
281 2480 358 2507 lectio
377 2488 428 2507 tton
445 2479 554 2507 omnitio
572 2480 725 2513 rejicienda.
748 2480 853 2513 Reliqui
880 2484 967 2506 tamen

193 2515 302 2542 codices
313 2514 381 2541 Maz.
396 2522 426 2541 ac
439 2514 522 2548 Med.,
535 2522 596 2542 cum
613 2514 680 2542 Fuk.
692 2519 719 2541 et
731 2515 826 2548 Savil.,
839 2515 968 2549 scriptum

195 2551 296 2577 habent
307 2548 441 2577 τοσοῦτον.

231 2584 286 2618 (75)
301 2585 333 2619 οι
349 2584 487 2618 συνεχεῖς
497 2586 604 2619 λοιμοΙ.
627 2584 685 2612 Jant
700 2584 760 2611 inde
776 2591 790 2611 a
807 2583 970 2619 temporibus

194 2620 263 2646 Galli
275 2624 303 2645 et
315 2618 461 2652 Volusiani,
474 2620 530 2646 lues
544 2618 626 2646 totum
638 2627 703 2654 pene
717 2620 808 2646 orbem
821 2618 970 2654 Romanum

196 2655 320 2680 vastavit.
336 2654 414 2680 Certe
434 2654 578 2688 Eutropius
600 2653 776 2688 principatum
795 2653 862 2680 Galli
876 2657 903 2680 et
919 2653 972 2680 Vo-

195 2689 291 2715 lusinni
319 2688 373 2715 sola
395 2689 547 2722 pestilentia
568 2694 658 2715 nolunt
684 2690 766 2716 fuisse
792 2689 865 2715 dicit.
890 2688 971 2714 Addit

195 2723 322 2750 Aurelius
339 2723 440 2754 Victor,
452 2723 527 2750 Gallo
539 2724 736 2757 Volusianoque
753 2723 871 2749 favorem
889 2730 921 2749 ex
939 2730 971 2749 eo

195 2758 337 2792 quatsitunt
360 2758 451 2788 fuisse,
475 2759 545 2792 quod
570 2759 720 2785 tenuissimi
743 2758 873 2791 cujusque
896 2765 971 2784 exse-

195 2793 274 2826 quias
284 2793 397 2820 sollicite
409 2794 586 2820 curavissent.
601 2793 637 2820 De
648 2794 698 2820 hac
710 2799 783 2827 peste
795 2792 972 2827 Hieronymus

197 2828 223 2853 in
252 2827 379 2854 Chronico
407 2829 442 2854 ita
470 2828 564 2854 scribit
586 2835 657 2855 anno
678 2826 764 2862 primo
789 2828 855 2861 imp.
880 2826 970 2854 Galli:

196 2862 325 2889 Pestilens
341 2863 445 2888 morbus
460 2862 554 2888 multa:
569 2863 647 2889 totius
659 2862 727 2889 orbis
738 2862 883 2896 provincias
895 2869 972 2887 uocu-

196 2897 280 2931 pavt’t.
305 2899 468 2932 niaximeque
493 2897 678 2932 Alexandriam
706 2904 729 2924 et
754 2896 914 2932 zEgyptum;
946 2902 973 2922 ut

197 2930 286 2958 scribit
303 2930 454 2966 Dionysius,
467 2936 490 2957 et
505 2931 628 2965 Cypriani
642 2934 672 2957 de
683 2930 843 2959 mortalitate
857 2932 926 2958 testis
937 2937 973 2957 est

1290 2134 1404 2162 CAPUT
1429 2135 1510 2164 XXII.

1104 2189 1142 2217 De
1152 2191 1240 2217 morbo
1254 2194 1299 2226 qui
1312 2196 1372 2218 tunc
1386 2193 1508 2227 temporis
1519 2199 1654 2228 grassatus
1670 2199 1720 2222 ut.

1060 2246 1158 2274 Secuta
1172 2248 1268 2277 dehinc
1285 2255 1346 2282 post
1359 2249 1456 2276 bellutn
1470 2255 1544 2284 peste
1554 2270 1562 2283 ,
1584 2258 1646 2278 cum
1670 2251 1802 2286 paschalis

1024 2293 1181 2321 solemnilas
1198 2293 1362 2327 immineret,
1376 2295 1474 2322 iterum
1489 2296 1631 2331 Dionysius
1644 2296 1743 2325 fratres
1755 2305 1802 2332 per

1023 2338 1126 2366 litteras
1137 2339 1267 2368 allocutus
1277 2344 1328 2372 est,
1344 2340 1476 2375 inquibus
1489 2341 1649 2369 calamitatis
1660 2342 1730 2369 illius
1745 2350 1802 2369 ma-

1022 2444 1096 2471 liber.
1110 2443 1205 2480 Postea
1222 2444 1335 2480 Gallieni
1349 2444 1513 2478 temporibus
1536 2444 1594 2471 lues
1608 2445 1705 2472 iterum
1723 2453 1798 2480 gras-

1022 2484 1079 2505 sata
1093 2483 1135 2505 est
1153 2478 1244 2504 Romae
1260 2484 1287 2505 et
1307 2479 1333 2505 in
1351 2479 1506 2511 provinciis,
1522 2484 1550 2506 ut
1565 2481 1659 2507 scribit
1672 2478 1756 2508 Pollio
1772 2481 1797 2508 itt

1022 2513 1151 2543 Gallieno,
1164 2518 1190 2539 et
1200 2513 1323 2540 Aurelius
1339 2513 1441 2541 Victor.

1057 2548 1112 2584 (74)
1131 2547 1351 2585 'ﬂyoréportag._
1367 2548 1535 2575 Alexandria:
1561 2549 1746 2585 ὠμογέροντες
1760 2550 1801 2577 di-

1021 2583 1151 2619 cebantur
1164 2591 1178 2609 a
1190 2583 1398 2619 quadragesimo
1410 2591 1480 2610 anno
1491 2591 1576 2618 usque
1587 2583 1622 2611 ad
1634 2583 1802 2619 septuagesi-

1023 2626 1106 2645 mum.
1120 2617 1218 2644 Eorum
1235 2618 1343 2644 nomina
1368 2618 1394 2644 in
1419 2618 1479 2645 albo
1506 2617 1640 2653 descripta
1657 2617 1746 2651 erant,
1769 2627 1803 2647 eo

1023 2653 1093 2687 quod
1125 2659 1259 2687 annonam
1285 2653 1419 2686 publicam
1443 2654 1610 2687 acciperent,
1635 2657 1664 2680 ut
1688 2658 1805 2681 testatur

1026 2686 1249 2723 Dionysiusrﬂis
1269 2692 1403 2721 praeerant
1421 2687 1634 2723 archigergntes.
1659 2689 1692 2716 de
1705 2689 1803 2723 quibus

1025 2723 1054 2748 ﬁt
1071 2721 1170 2748 mentio
1188 2722 1213 2747 in
1237 2721 1294 2756 lege
1319 2723 1403 2756 prima
1428 2722 1525 2749 Codice
1550 2721 1736 2750 Theodosiario
1764 2723 1803 2750 De

1025 2756 1193 2783 Alexandriae
1206 2757 1289 2792 plebis
1301 2757 1464 2787 primatibus.
1479 2756 1537 2784 Huc
1551 2758 1632 2784 etiam
1649 2757 1743 2786 referri
1756 2765 1804 2792 po-

1026 2796 1078 2818 test
1088 2792 1158 2825 quod
1169 2791 1419 2826 seribitGregorius
1431 2791 1498 2819 Naz.
1520 2793 1547 2819 in
1561 2793 1684 2820 oratione
1697 2793 1743 2825 21,
1757 2791 1804 2820 'Ds

1026 2826 1055 2853 δ.
1075 2827 1227 2862 Athanasio,
1246 2826 1441 2854 Alexandrinos
1460 2835 1508 2862 per
1522 2835 1601 2855 sexus
1619 2832 1646 2854 et
1659 2833 1762 2860 aetates,
1777 2832 1804 2854 et

1026 2861 1217 2897 artesrsolitos
1239 2870 1299 2889 esse
1322 2862 1456 2895 distribui,
1470 2863 1577 2897 quoties
1600 2862 1681 2891 alicui
1696 2865 1803 2890 obviam

1027 2896 1095 2922 irent
1111 2896 1220 2923 honoris
1233 2904 1323 2924 causa.
