2002 3169
169 217 222 244 689

662 217 833 245 HISTORIA:
852 217 1129 246 ECCLESIASTICE
1147 194 1211 246 ΜΞ.
1230 217 1286 245 VH.

1727 216 1779 245 690

164 275 406 311 ἀναπιμπλάμενοι
425 277 536 308 πάθους,
554 277 602 303 καὶ
622 277 670 312 τὴν
686 277 761 303 νόσον
781 277 822 310 ἐφ’
840 277 942 303 ἑαυτοὺς

1002 286 1034 304 ac
1049 282 1157 306 cratera.
1179 277 1271 313 Neque
1286 277 1357 304 enim
1376 285 1389 303 a
1406 277 1482 305 nobis
1508 277 1639 305 abstinuit
1652 276 1709 305 lues
1724 278 1778 311 illa,

164 322 289 354 1ἕλκοντες
303 323 356 349 ἀπὸ
368 324 419 350 τῶν
435 323 566 359 πλησίων,
577 323 624 350 καὶ
638 323 745 355 ἑκόντες
758 324 949 359 ἀναμασσόμε-

164 377 205 396 νοι
227 368 278 400 τὰς
289 369 444 405 emam;
458 369 523 404 (81).
540 370 595 395 Καὶ
610 370 701 397 πολλοὶ
723 370 950 405 νοσοκομήσαντες

165 415 213 441 καὶ
229 414 363 450 ρώσαντες
380 416 498 451 ἑτέρους,
518 416 692 451 ἐτελεύτησαν
712 417 797 448 αὐτοὶ,
819 416 864 443 τὸν
878 417 949 443 ὲκεί-

166 469 218 487 νων
233 461 346 488 θάνατον
360 463 400 494 εἰς
413 463 525 494 ἑαυτοὺς
541 463 784 498 μεταστησάμενοι,
800 464 846 489 καὶ
860 463 890 490 τὸ
904 463 950 499 δη-

167 507 253 542 μῶδες
267 508 340 543 ῥῆμα
355 509 437 544 μόνης
454 509 496 535 ἀεὶ
507 508 600 535 δοκοῦν
615 509 812 545 φιλοφροσύνης
821 509 875 545 (82)
890 509 949 545 ἕχε-

166 553 238 584 σθαι,
253 554 325 589 ἔργῳ
336 554 367 590 δὴ
377 555 436 581 τότε
456 554 631 590 πληροῦντες,
647 556 771 587 ἀπιόντες
786 556 873 583 αὐτῶν
884 556 950 583 πάν-

164 607 218 625 των
234 599 376 636 περίψημα
392 600 455 636 (85).
477 602 507 627 0E
528 600 592 635 γοῦν
611 601 716 636 ἄριστοι
733 602 786 629 τῶν
806 603 870 638 παρ’
886 604 949 638 ἡμῖν

164 646 285 680 ἀδελφῶν
308 646 401 673 τοῦτον
424 647 469 673 τὸν
492 648 590 683 τρόπον
610 647 780 684 ἐξεχώρησαν
805 647 850 674 τοῦ
881 647 948 682 βίου,

164 692 343 728 πρεσϐύτεροί
359 701 388 718 τε
401 693 472 724 τινὲς
499 694 545 720 καὶ
565 693 692 726 διάκονοι,
705 694 751 721 καὶ
766 694 817 721 τῶν
835 694 888 721 ἀπὸ
903 694 948 720 τοῦ

163 736 229 763 λαοῦ
239 737 298 764 λίαν
313 738 501 773 ἐπαινούμενοι
511 747 517 753 ·
535 738 571 770 ὡς
587 740 633 765 καὶ
646 740 691 766 τοῦ
703 740 819 766 Θανάτου
833 739 911 766 τοῦτο
920 740 949 766 τὸ

163 780 234 814 εἶδος
247 782 290 809 διὰ
303 783 401 818 πολλὴν
412 784 550 810 εὐσέϐειαν
560 785 606 811 καὶ
616 784 704 811 πίστιν
718 785 831 821 ἰσχυρὰν
841 785 949 821 γινόμε-

163 836 218 859 νον,
237 828 318 863 μηδὲν
332 828 439 854 ἀποδεῖν
455 829 604 864 μαρτυρίου
617 829 713 855 δοκεῖν.
731 830 785 856 Καὶ
805 830 839 856 τὰ
855 830 948 865 σώμα-

162 883 197 902 τα
221 874 249 901 δὲ
274 875 327 901 τῶν
357 876 440 910 ἁγίων
457 876 565 908 ὑπτίαις
592 878 669 912 χερσὶ
690 878 735 904 καὶ
755 877 863 909 κόλποις
882 878 948 904 ὑπο-

162 921 354 956 λαμῦάνοντες,
379 922 571 958 καθαιροῦντες
590 931 619 949 τε
639 924 700 955 τοὺς
719 923 882 959 ὀφθαλμοὺς,
903 925 949 951 καὶ

1000 323 1062 350 licet
1088 323 1232 358 pluritutnn
1263 323 1288 349 in
1313 322 1427 357 gentiles
1450 327 1570 357 grassata
1594 323 1640 350 sil.
1661 332 1671 349 ι
1695 323 1779 351 Addit

999 369 1113 396 deinde:
1138 378 1147 395 ι
1168 368 1281 396 Plurimi
1300 368 1408 403 quidem
1426 375 1458 395 ex
1482 368 1614 396 fratribus
1627 369 1727 396 nostris
1744 370 1779 396 ob

999 416 1108 442 nimiam
1123 416 1295 446 charitatetn,
1310 423 1401 442 curam
1429 424 1535 443 omnem
1558 416 1671 451 propria:
1684 416 1779 444 salutis

999 463 1157 497 abjicientes
1178 462 1284 496 sibique
1326 467 1419 489 mtttuo
1449 463 1681 496 adltzereseentes;
1714 463 1777 490 dum

999 516 1083 543 aegros
1099 515 1191 535 secure
1205 512 1285 542 atque
1308 508 1437 535 audacter
1464 509 1594 540 invisunt,
1624 509 1717 544 eisque
1736 517 1778 536 as-

999 555 1075 593 sidue
1098 554 1263 587 ministrant,
1280 559 1309 581 et
1332 555 1498 582 curationem
1518 555 1647 582 adhibent
1665 555 1779 582 inCln-i-

999 606 1051 632 sto,
1065 609 1116 627 una
1135 608 1194 627 cum
1211 600 1263 627 illis
1287 600 1384 627 mortui
1416 606 1503 636 sunt;_
1535 601 1650 626 aliorum
1667 601 1778 635 aegritu-

999 647 1060 674 dine
1091 637 1267 674 libenti'ssime
1287 654 1347 674 sese
1370 646 1522 682 implentes,
1548 651 1572 673 et
1596 646 1778 681 proximorum

1000 693 1121 720 morbum
1151 693 1178 719 in
1201 693 1360 728 semetipsos
1388 692 1587 728 quodammodo
1603 692 1778 722 attrahentes.

999 740 1157 774 doloresque
1187 746 1282 766 eorum
1310 742 1404 774 sponte
1425 746 1473 766 sua
1498 738 1681 772 exprimentes
1699 743 1779 772 atque

998 790 1177 820 extergentes.
1209 784 1339 819 Multique
1365 785 1433 811 adeo
1449 784 1498 819 qtti
1527 784 1593 811 alios
1615 788 1780 818 a-grotantcs

999 835 1162 856 curaverant
1180 834 1208 856 et
1232 830 1257 856 in
1280 829 1423 867 pristinam
1451 828 1632 855 valetudinem
1651 828 1779 855 restitue-

999 879 1069 905 rant,
1086 874 1134 909 ipsi
1164 874 1336 907 interierunt,
1365 878 1479 901 mortem
1501 874 1605 900 illurutn
1631 874 1657 900 in
1675 874 1780 907 seipsos

1000 923 1187 954 traducentes;
1209 922 1375 956 verbttntque
1402 921 1467 948 illud
1492 921 1603 955 vulgare
1631 922 1702 955 quod
1724 921 1781 947 olli-

162 968 283 1002 στόματα
292 969 486 1003 συγκλείοντες,
502 968 707 1005 ὠμοφοροῦντές
716 979 744 996 τε
753 970 799 996 καὶ
813 970 942 997 διατιθέν-

1000 966 1079 994 ciosze
1108 967 1239 1005 duntaxat
1255 967 1390 994 comitatis
1413 967 1546 994 hactenus
1571 967 1659 994 visum
1681 966 1777 997 fuerat.

160 1022 207 1045 τες
223 1014 288 1049 (84),
303 1015 547 1050 προσκολλώμενοι,
571 1016 797 1050 συμπλεκόμενοι,
826 1016 945 1052 λουτροῖς

160 1067 191 1085 τε
206 1060 252 1085 καὶ
267 1060 499 1097 περιστολαῖς(85)
511 1061 754 1096 κατακοσμοῦντες,
767 1061 834 1096 μετὰ
851 1062 945 1098 μικρὸν

161 1104 374 1139 ἐτύγχανονγτῶν
389 1106 464 1137 ἴσων,
478 1106 520 1132 ἀεὶ
540 1105 594 1132 τῶν
609 1106 827 1141 ὑπολειπομένων
846 1108 946 1141 ἐφεπο-

162 1150 250 1185 μένων
267 1152 322 1182 τοῖς
338 1152 390 1186 πρὸ
405 1152 503 1179 αὐτῶν.
519 1152 560 1178 Τὰ
582 1152 610 1178 δέ
635 1161 666 1186 γε
689 1152 750 1188 ἕΟνη
767 1153 820 1179 πᾶν
837 1153 947 1179 τούναν-

159 1195 230 1223 τίον·
246 1197 293 1223 καὶ
307 1199 393 1223 νοσεῖν
408 1198 574 1233 ἀρχομένους
594 1198 752 1230 ἀποοοῦντο,
771 1199 817 1225 καὶ
827 1199 947 1233 ἀπέφευ-

159 1250 208 1275 γον
222 1243 283 1274 τοὺς
297 1243 448 1276 φιλτάτους,
477 1245 528 1271 κὰν
546 1246 605 1275 ταῖς
627 1245 696 1276 ὁδοῖς
714 1244 858 1280 ἐρρίπτουν
880 1246 945 1279 ἡμι-

159 1286 269 1322 Θνῆτας,
292 1289 338 1314 καὶ
361 1289 474 1325 νεκροὺς
487 1290 605 1323 ἀτάφους
620 1289 875 1322 ἀπεσκυϐαλίζοντο,
896 1290 945 1325 τὴν

158 1332 207 1359 τοῦ
223 1333 337 1360 θανάτου
347 1334 463 1361 διάδοσιν
483 1336 528 1361 καὶ
538 1336 678 1362 κοινωνίαν
693 1337 897 1371 ἐκτρεπίμῖκίοι,
913 1337 945 1371 ἦν

132 1394 140 1404 \
158 1378 211 1405 οὐκ
229 1377 262 1414 ἦν
283 1380 329 1406 καὶ
351 1379 435 1406 πολλὰ
460 1381 656 1416 μηχανομένοις
678 1381 797 1408 ἐκκλῖναι
819 1382 917 1416 ῥᾴδιον.
934 1391 942 1407 ι

158 1425 237 1451 Μετὰ
257 1426 286 1452 δὲ
307 1426 408 1462 ταύτην
426 1427 475 1462 τὴν
491 1427 644 1463 ἐπιστολὴν,
660 1427 870 1463 εἰρηνευσάντων
891 1427 945 1454 τῶν

158 1470 231 1497 κατὰ
251 1472 300 1507 τὴν
322 1472 408 1504 πόλιν,
427 1474 482 1504 τοῖς
505 1474 564 1500 κατ’
585 1474 719 1507 Αἴγυπτον
738 1474 859 1508 ἀδελφοῖς
887 1475 947 1510 ἑορ-

158 1517 288 1552 ταστικὴν
301 1516 379 1550 αὖθις
395 1519 543 1545 ἐπιστέλλει
557 1520 676 1555 γραφὴν,
687 1520 734 1546 καὶ
749 1520 794 1546 ἐπὶ
805 1520 890 1556 ταύτῃ
904 1520 946 1547 ἅλ-

157 1561 207 1593 λας
224 1562 367 1599 διαφόρους
382 1564 461 1591 πάλιν
469 1565 523 1601 (86)
533 1565 718 1592 διατυποῦται.
735 1566 846 1601 Φέρεται
861 1566 888 1592 δέ
904 1575 945 1598 τις

157 1608 240 1634 αὑτοῦ
256 1610 302 1635 καὶ
318 1610 380 1645 περὶ
395 1610 547 1637 Σαῦϐάτου·
565 1612 611 1638 καὶ
624 1611 690 1647 ἄλλη
706 1613 769 1647 περὶ
782 1613 943 1647 γυμνασίου.

999 1013 1085 1047 reipsa
1099 1013 1285 1047 adimplentes,
1302 1021 1362 1040 cum
1380 1013 1494 1040 aliorutn
1519 1013 1670 1048 peripsema
1691 1012 1778 1040 eﬂ‘ecti

998 1066 1029 1084 cx
1045 1059 1095 1084 hac
1104 1059 1158 1085 vita
1176 1059 1334 1093 migrarent.
1351 1059 1380 1086 Et
1399 1059 1451 1085 ltoc
1466 1058 1573 1093 quidem
1590 1063 1668 1091 pacto
1684 1057 1779 1092 optimi

999 1105 1100 1139 quiqtte
1115 1113 1148 1132 ex
1163 1105 1294 1132 fratribus
1315 1106 1426 1140 nostris,
1452 1113 1565 1140 quorum
1582 1105 1701 1132 nonnulli
1718 1112 1779 1139 pre-

997 1150 1096 1185 sbyteri
1115 1156 1191 1177 erant
1207 1158 1239 1177 ac
1252 1150 1377 1182 diaconi,
1404 1156 1429 1177 et
1447 1158 1478 1178 ex
1511 1151 1609 1185 populo
1622 1151 1779 1178 laudatissi-

997 1204 1055 1222 mtts
1065 1197 1178 1231 quisque
1200 1201 1313 1224 rn0rtem
1341 1197 1522 1231 oppetierunt,
1544 1197 1610 1224 adeo
1639 1202 1664 1223 ttt
1681 1205 1775 1231 genus

996 1243 1045 1270 hoc
1068 1243 1160 1269 tnortis
1177 1243 1211 1270 ob
1240 1242 1365 1277 pietatem
1396 1242 1510 1277 ﬁdeique
1526 1243 1707 1271 constantiam
1728 1251 1775 1270 nc-

996 1297 1129 1324 quaquam
1160 1289 1274 1317 inl'erius
1301 1290 1432 1325 martyrio
1462 1295 1618 1317 censeatur.
1651 1289 1684 1316 Hi
1712 1297 1776 1324 ergo

996 1340 1149 1362 sanctorum
1181 1343 1294 1370 corpora
1323 1335 1425 1370 supinis
1470 1335 1592 1363 manibus
1621 1336 1778 1370 gremioque

996 1381 1169 1415 excipientes,
1202 1381 1294 1409 oculos
1325 1381 1378 1408 illis
1392 1386 1476 1409 etora
1507 1382 1674 1414 claudentes,
1701 1382 1776 1415 baju-

996 1427 1082 1454 lantes
1103 1427 1196 1454 eadem
1229 1427 1349 1455 humeris
1376 1427 1445 1460 suis,
1460 1420 1671 1460 componentes,
1686 1428 1777 1454 adlue-

997 1478 1132 1500 rescentes
1160 1473 1224 1505 illis,
1242 1472 1482 1507 complectentes,
1500 1473 1608 1499 lavacro
1638 1477 1664 1499 et
1695 1473 1776 1499 vesti-

997 1519 1093 1546 mentis
1106 1523 1244 1550 ornantes,
1266 1517 1345 1552 paulo
1375 1522 1434 1551 post
1455 1517 1548 1544 eadem
1571 1516 1656 1544 ofﬁcia
1670 1517 1703 1543 ab
1719 1516 1777 1543 aliis

996 1565 1135 1592 consecuti
1153 1569 1231 1596 sunt;
1244 1571 1305 1590 cum
1320 1563 1480 1597 superstites
1502 1570 1608 1596 semper
1622 1570 1715 1590 eorum
1730 1563 1776 1597 qui

998 1615 1191 1646 prtecesserant
1216 1610 1338 1644 vestigiis
1370 1609 1537 1636 insisterent.
1568 1608 1688 1636 Gentiles
1713 1616 1776 1636 vero

163 1653 345 1689 Ἑρμάμμωνι
369 1655 396 1681 δὲ
416 1656 495 1682 πάλιν
517 1657 562 1683 καὶ
577 1658 633 1689 τοῖς
646 1658 705 1683 κατ’
720 1657 855 1692 Αἴγυπτον
870 1658 942 1685 ἀδελ-

996 1665 1107 1692 prorsus
1133 1657 1269 1685 contraria
1302 1657 1344 1684 his
1373 1660 1496 1691 egerunt.
1522 1654 1588 1682 Nam
1612 1659 1639 1683 et
1662 1662 1708 1682 eos
1730 1654 1775 1690 qui

157 1701 218 1734 φοῖς
239 1700 273 1726 δι’
294 1701 434 1737 ἐπιστολῆς
450 1702 560 1737 ὁμιλῶν,
577 1703 661 1730 πολλά
680 1712 709 1730 τε
729 1703 796 1731 ἄλλα
819 1705 941 1740 περὶτῆς

155 1746 252 1772 Δεκίου
280 1747 326 1773 καὶ
354 1747 408 1774 τῶν
440 1748 497 1783 μετ’
526 1748 606 1776 αὑτὸν
638 1748 777 1782 διεξελθὼν
810 1759 941 1786 κακοτρο-

157 1857 186 1884 ἰη
198 1858 290 1885 codice
302 1858 386 1893 Regio
401 1863 427 1886 et
443 1860 468 1886 in
481 1860 598 1887 editione
611 1860 679 1888 Rob.
692 1859 822 1894 Stephani
837 1860 940 1894 apposi-

157 1896 184 1929 ta
194 1898 236 1920 est
247 1894 360 1929 virgula.
377 1894 474 1922 Verum
488 1896 514 1922 in
528 1896 613 1922 tribus
628 1895 726 1922 nostris
740 1895 940 1929 exemplaribus

157 1928 239 1959 Maz.,
266 1928 336 1956 Med.
362 1934 389 1956 et
411 1929 558 1957 Fnketiano
577 1929 626 1956 alia
650 1936 692 1957 est
709 1928 855 1957 distinctio.
872 1930 938 1956 Nam

158 1968 219 1999 post
234 1971 325 1991 vocem
345 1965 530 1999 ἁσμενέστατα
549 1965 668 1999 apposita
685 1970 728 1992 est
742 1965 827 1992 media
844 1965 939 1992 distin-

157 1998 271 2034 ctiorseu
286 2007 371 2028 mora.
383 1998 458 2033 Quod
473 1998 695 2034 quidemidcirco
707 2000 867 2027 monendum
881 2007 940 2027 esse

156 2033 235 2073 duxi,
251 2041 285 2060 ne
298 2035 357 2068 quis
375 2035 445 2062 forte
465 2033 637 2073 suspicetur,_
652 2035 783 2073 vulgatam
802 2035 940 2068 interpun-

157 2069 394 2104 ctionemtemere
414 2078 446 2097 ac
460 2072 518 2097 sine
535 2070 697 2098 auctoritate
720 2069 880 2104 scriptorutn
894 2077 940 2097 co-

158 2103 247 2130 dicum
260 2112 274 2130 a
288 2104 365 2132 nobis
381 2111 509 2136 mutatam
522 2105 615 2133 fuisse.

194 2138 250 2180 (ξι)
263 2138 518 2180 ᾌναμιισσόμενοι
527 2139 581 2180 τὰς
597 2139 778 2180 ἀλγηδόνας.
793 2139 900 2180 Langus
914 2144 942 2167 et

156 2172 420 2210 Christophor‘sonus
434 2172 576 2202 verterunt
586 2172 747 2209 mitigantes,
757 2172 840 2210 quam
852 2172 940 2201 inter-

156 2209 337 2245 pretationem
350 2210 473 2245 equidem
484 2211 598 2243 probare
609 2217 662 2237 non
671 2209 790 2245 possunt.
803 2209 869 2236 Nam
881 2210 942 2236 ἀνα-

158 2243 274 2278 μάσσειν
296 2245 354 2271 sive
372 2243 519 2280 ἐκμάσσειν
542 2245 613 2272 idem
631 2243 679 2272 est
696 2245 766 2279 quod
786 2246 939 2277 exprimere.

157 2283 302 2312 extergere.
327 2280 374 2315 rAit
400 2279 481 2315 igitur
509 2280 662 2315 Dionysius,
691 2280 860 2307 Christianos
894 2279 939 2314 qui

995 1708 1127 1740 aegrotare
1152 1703 1308 1739 inceperant
1340 1703 1577 1735 exturbabant,et
1603 1702 1777 1730 charissitnos

997 1750 1181 1786 refugiebant;
1201 1757 1301 1786 eosque
1340 1750 1366 1777 in
1391 1749 1441 1777 viis
1471 1750 1619 1777 semineces
1644 1749 1777 1776 destitue-

992 1860 1082 1896 ψημα,
1104 1860 1129 1887 id
1153 1864 1195 1888 est
1215 1865 1385 1896 purgamenta
1399 1860 1499 1892 swculi,
1522 1860 1593 1894 quod
1611 1867 1697 1895 magts
1716 1859 1774 1894 pla-

993 1901 1045 1922 cet.

1030 1930 1085 1964 (85)
1098 1930 1202 1958 Αὐτῶν
1224 1930 1344 1958 πάντων
1367 1931 1529 1965 περίψημα.
1551 1930 1640 1957 Codex
1664 1930 1732 1957 Meti.
1749 1935 1777 1957 et

994 1966 1061 1992 lllaz.
1078 1973 1143 1993 voce
1157 1966 1273 1996 πάντων,
1293 1974 1352 1999 qua:
1369 1967 1393 2001 in
1405 1967 1525 2001 vulgatis
1541 1965 1626 2001 deest,
1639 1965 1775 2001 auctiores

993 2006 1068 2029 sunt.
1084 2003 1218 2034 quomodo
1230 2001 1312 2027 etiam
1330 2000 1429 2027 inFuk.
1442 2000 1572 2035 scriptum
1587 2000 1687 2028 inveni.

1030 2035 1084 2071 (84)
1103 2037 1157 2063 Καὶ
1175 2036 1364 2069 διατιθέντες.
1380 2036 1657 2071 rCltristopltorsonus
1683 2035 1775 2071 vertit,

993 2071 1113 2097 decenter
1127 2077 1258 2102 amantes,
1282 2071 1361 2098 tnale.
1379 2070 1446 2098 Nam
1463 2072 1495 2097 de
1509 2075 1605 2097 ornatu
1625 2077 1688 2096 mox
1708 2070 1774 2095 sub;

988 2105 1077 2140 jungit
1097 2106 1249 2141 Dionysius.
1269 2105 1377 2141 [tectius
1401 2105 1482 2141 igitur
1500 2106 1568 2132 verti
1582 2109 1772 2139 componentes,

991 2141 1125 2176 quomodo
1137 2140 1283 2176 loquuntur
1296 2140 1394 2168 Latini.
1407 2140 1452 2168 Sic
1463 2140 1571 2167 Persius
1588 2148 1595 2166 :

1170 2174 1178 2202 ξ
1200 2195 1207 2202 .
1230 2195 1236 2202 .
1258 2194 1265 2201 .
1287 2177 1441 2211 laudentque
1456 2175 1575 2202 beatulus
1588 2174 1642 2202 alto

1044 2210 1206 2245 Compositus
1219 2211 1294 2241 lecto,
1310 2216 1363 2237 etc.

992 2246 1170 2281 Hieronymus
1187 2246 1232 2273 lib.
1251 2255 1258 2273 t
1272 2245 1305 2273 In
1320 2246 1489 2273 Iovinianum
1506 2252 1515 2272 :
1532 2245 1729 2280 Compositoque
1742 2253 1775 2273 cz

993 2289 1061 2308 more
1075 2282 1194 2308 cadaveri
1207 2281 1292 2314 aeipsa
1307 2282 1457 2315 superjecit.
1474 2281 1541 2308 Hinc
1552 2281 1708 2314 compositus
1725 2288 1773 2314 pro

156 2321 245 2349 aegros
264 2314 398 2348 pestilenti
413 2314 516 2343 imorbo
542 2314 694 2342 laborantes
718 2315 879 2348 invisebant,
893 2323 939 2341 ex-
956 2316 976 2343 D
991 2316 1089 2346 sepulto
1116 2316 1184 2350 apud
1206 2314 1344 2350 Virgilium
1365 2314 1396 2350 et
1422 2315 1572 2343 Horatiutn.
1593 2315 1729 2342 Possidius
1745 2316 1770 2341 in

157 2355 267 2382 pressos
292 2351 483 2384 mgrotantinm
502 2351 609 2378 dolores
632 2349 659 2376 in
676 2351 834 2384 semetipsos
854 2355 941 2377 trans-

157 2384 303 2420 tttlisse.'ld
316 2386 386 2411 enim
401 2385 536 2420 signiﬁcat
548 2393 599 2412 vox
613 2386 842 2420 ἀναμασσόμενοι,
859 2384 884 2411 id
899 2388 940 2412 est

156 2419 282 2455 excipere
303 2419 328 2446 in
347 2427 378 2447 se
396 2419 512 2454 et’quasi
529 2419 787 2455 exsugereﬁalterius
804 2420 937 2446 morbum.

155 2452 229 2490 Idem
244 2458 285 2490 est
304 2454 384 2488 igitur
396 2452 466 2489 quod
479 2459 556 2482 antea
571 2452 640 2482 diiit.
655 2454 808 2490 Dionysius,
828 2455 874 2481 καὶ
890 2454 939 2490 τὴν

155 2488 235 2514 νόσον
247 2489 289 2523 ἐφ’
307 2488 418 2521 ἑαυτοὺς
429 2490 561 2522 ἕλκοντες.
663 2499 665 2502 ·

193 2524 248 2560 (82)
276 2525 376 2558 Μόνης
406 2526 642 2560 φιλοφροσύνης.
676 2526 734 2553 Non
766 2529 849 2557 recte,
879 2532 938 2552 meo

155 2560 264 2592 quidem
296 2560 416 2594 judicio,
449 2561 584 2588 Musculus
618 2565 644 2587 et
676 2561 937 2595 ChristopltorSOnns

153 2595 468 2630 rerumrbenevolentiam
491 2596 713 2630 interpretantur,
729 2603 788 2623 cum
810 2595 937 2629 φιλοφρο-

155 2628 223 2664 σύνη
238 2629 274 2668 sit
285 2631 374 2664 potius
383 2628 579 2668 benevolentia
587 2631 612 2668 in
625 2638 749 2668 sermone
758 2635 792 2668 _et_
800 2628 938 2668 alfabilita-

155 2668 181 2690 te
210 2665 307 2698 posita,
337 2665 395 2699 quae
417 2667 526 2692 comitas
555 2665 653 2692 dicitur
676 2673 689 2691 a
705 2665 816 2692 Latinis.
836 2665 936 2692 Gallice

154 2699 251 2726 cioilité
280 2703 308 2726 et
335 2700 498 2734 compliment
538 2708 675 2727 vocamus.
704 2701 817 2729 Videtur
845 2705 935 2727 autem

153 2734 212 2772 haec
227 2742 279 2772 von;
296 2735 437 2772 περίψημα
459 2743 518 2770 quae
545 2736 708 2772 in‘epistolis
735 2736 810 2762 Pauli
827 2735 934 2772 legitur,

152 2770 235 2804 vulgo
263 2771 348 2797 fuisse
384 2770 417 2797 ab
443 2770 631 2798 Alexandrinis
656 2775 796 2805 usurpata,
828 2770 935 2805 quoties

152 2812 182 2832 se
197 2806 223 2831 in
240 2805 448 2833 salutationibus
461 2810 554 2832 mntuo
568 2806 768 2840 compellarent,
786 2810 812 2833 et
825 2813 932 2839 operam

152 2841 416 2877 atquerobsequium
430 2841 595 2877 sponderent
612 2851 618 2868 :
638 2841 706 2876 Ἐγώ
721 2843 777 2876 εἰμι
793 2840 934 2877 περίψημά

153 2882 213 2911 σου.
226 2876 303 2908 Quod
320 2881 393 2903 certe
411 2875 454 2902 hic
470 2876 588 2911 Dionysii
601 2876 674 2903 locus
688 2875 793 2903 videtur
810 2875 931 2903 innuere.

152 2910 210 2947 ﬁisi
227 2911 319 2946 potius
331 2911 520 2947 intelligamus,
536 2910 705 2941 Christianos
718 2913 797 2945 vulgo
813 2920 827 2939 a
844 2912 932 2947 genti-

152 2946 223 2974 libus
254 2951 365 2974 vocatos
396 2946 479 2974 fuisse
507 2947 558 2974 hoc
586 2947 703 2980 nomine,
718 2947 824 2974 πάντων
848 2946 931 2983 erept-

996 2350 1054 2377 Vita
1065 2351 1098 2379 Β.
1110 2347 1271 2386 Augustini":
1286 2347 1429 2385 Canfestt'm
1444 2360 1504 2378 vero
1519 2359 1564 2382 pro
1574 2351 1630 2385 ejus
1643 2358 1773 2377 commen-

990 2386 1078 2413 danda
1101 2386 1217 2420 corporis
1233 2386 1392 2419 depositione
1408 2386 1523 2413 oblatum
1540 2392 1596 2418 est;
1619 2390 1773 2419 perm-taque

990 2420 1137 2448 eolemniter
1153 2422 1336 2456 elsequiarum
1359 2422 1503 2456 ministerio
1521 2421 1658 2455 insigniter
1672 2428 1774 2456 eampo-

989 2455 1223 2488 situs,deparlatus
1244 2464 1275 2482 ac
1298 2456 1413 2490 sepultus
1428 2462 1475 2483 est.
1492 2455 1530 2482 Ita
1548 2456 1619 2482 enint
1636 2455 1734 2490 legitur
1746 2456 1772 2482 itt

990 2491 1083 2518 codice
1094 2491 1280 2518 Mosciacensi.

1025 2525 1080 2561 (85)
1092 2526 1147 2552 Kal
1164 2526 1366 2559 περιστολαῖς.
1381 2525 1435 2553 Nec
1447 2527 1517 2554 hanc
1532 2534 1626 2554 vocem
1639 2525 1774 2553 intellexit

989 2560 1249 2596 Cltristopltorsonus
1272 2563 1316 2595 qui
1335 2562 1425 2593 vertit,
1450 2563 1529 2588 linteo
1548 2562 1649 2596 funebri
1663 2560 1771 2588 volvere.

989 2595 1116 2623 Solebant
1132 2596 1204 2623 enim
1223 2596 1335 2622 Romani
1351 2601 1413 2623 tunc
1431 2595 1559 2630 temporis
1579 2597 1709 2624 cadavera
1727 2603 1774 2621 ve-

988 2632 1073 2657 stibus
1087 2631 1206 2658 amicire.
1224 2632 1262 2658 Ac
1278 2631 1311 2657 de
1325 2631 1469 2666 gentilibus
1482 2632 1589 2666 quidem
1604 2638 1651 2659 res
1669 2631 1770 2664 protri-

988 2670 1012 2702 ta
1031 2671 1082 2702 est,
1109 2667 1386 2702 adeorutrexetnplis
1417 2675 1470 2693 non
1496 2672 1583 2702 egeat.
1609 2666 1683 2701 Ipsos
1708 2673 1772 2702 vero

987 2701 1156 2728 Christianos
1182 2701 1298 2728 ﬁdelium
1325 2702 1457 2729 cadavera
1484 2700 1631 2736 splendidis
1653 2700 1772 2736 vestibus

987 2737 1134 2766 nlttexisse.
1147 2737 1225 2763 docet
1239 2737 1391 2770 exemplum
1408 2735 1508 2763 Asturii
1528 2738 1552 2763 itt
1567 2745 1627 2770 cap.
1642 2737 1675 2762 16
1691 2735 1773 2769 hujus

986 2770 1057 2797 libri.
1080 2772 1258 2807 Hieronymus
1280 2772 1305 2798 in
1322 2771 1461 2805 Epitap/tio
1478 2771 1572 2799 l‘aulw
1598 2781 1608 2799 :
1631 2772 1694 2804 Qui:
1714 2772 1771 2807 ina:

993 2814 1045 2831 mm
1074 2805 1188 2832 moriens
1210 2814 1262 2833 non
1282 2806 1354 2833 illius
1379 2807 1535 2833 vestimentis
1561 2808 1695 2833 obvolutus
1715 2805 1772 2832 est?

1009 2848 1039 2867 ec
1053 2841 1130 2881 aliter
1145 2841 1334 2875 intelligendus
1347 2846 1387 2868 est
1403 2842 1477 2869 locus
1489 2843 1616 2874 l’ossidii,
1630 2848 1709 2876 quem
1723 2849 1772 2867 an-

986 2881 1026 2903 tea
1046 2881 1138 2902 ettav1.

1019 2911 1074 2946 (86)
1092 2912 1200 2950 Ἃλλᾳς
1211 2911 1485 2950 διαφόρουςλπάλιν.
1500 2914 1553 2941 Vox
1567 2912 1711 2950 διαφόρους
1724 2912 1771 2938 ad-

985 2947 1057 2974 ditur
1071 2954 1104 2973 ex
1119 2948 1213 2976 codice
1229 2947 1298 2976 Med.
1315 2953 1342 2975 et
1357 2948 1487 2976 ttlazarin.
