2002 3169
239 185 286 213 691
595 183 731 213 EUSEBU
749 153 983 213 CEgARlENSlS
999 185 1012 213 ί

1066 206 1074 213 .
1094 186 1182 213 mus
1200 186 1220 214 l.
1239 202 1274 206 —
1292 175 1485 214 HISTORICA.‘
1796 185 1850 214 692

238 248 325 273 bant:
351 248 396 270 aut
415 248 536 271 mortuos
560 244 707 278 insepultos
730 245 921 280 projiciebant,
936 252 1012 271 aver-

1071 246 1144 277 πίας,
1170 247 1229 282 τῆς¹
1245 246 1313 273 κατὰ
1334 246 1380 273 τὸν
1402 247 1545 282 Γαλλιηνὺν
1565 246 1675 282 εἰρήνης
1696 246 1844 284 ὑπομιμνή-

234 295 330 317 sanies
340 289 434 317 mortis
446 289 680 324 participationem
695 298 727 318 ac
741 291 916 324 societatem;
932 298 1012 325 quam
1068 300 1169 318 σκεται.

234 341 324 363 tamen
352 336 415 364 licet
439 336 580 371 multiplici
609 337 729 364 adhibita
760 339 885 366 cautione
913 345 945 365 ac
970 338 1119 374 diligentia.
1146 339 1248 366 evitare
1292 346 1344 366 non
1373 343 1534 374 poterant.)
1565 338 1629 365 Post
1653 337 1724 365 hanc
1745 338 1848 372 episto-

232 383 300 414 lam.
314 390 374 410 cum
388 390 434 410 res
451 383 476 410 in
489 383 556 410 urbe
569 383 732 411 Alexandria
745 389 848 418 pacata:
878 389 981 418 essent,
1005 385 1038 411 ad
1059 384 1157 412 fratres
1175 392 1223 419 per
1253 383 1398 420 Egyptum
1425 385 1587 412 constitutos
1605 383 1763 411 Paschalem
1790 391 1850 409 rur-

234 435 282 455 sus
293 429 435 463 mistolam
447 429 591 465 Dionysius
603 430 723 464 scripsit,
750 431 871 466 aliasque
902 437 963 466 post
986 432 1055 459 hanc
1068 432 1195 466 deinceps
1213 432 1345 458 exaravit.
1364 431 1458 459 Exstat
1482 431 1564 459 etiam
1591 429 1704 464 epistola
1731 430 1789 463 ejus
1812 429 1846 456 de

236 473 355 502 Sabbato
380 482 388 502 :
416 480 443 503 et
472 476 524 503 alia
550 477 582 503 de
601 478 806 505 exercitatione.
841 478 974 507 Praeterea
1001 479 1033 506 ad
1064 479 1300 507 Hermammonem
1334 479 1487 513 fratresque
1515 479 1542 505 in
1572 477 1690 513 Egypto
1721 476 1849 510 degentes

236 522 376 555 epistolam
393 522 474 558 2⁵10
491 524 622 556 scribens,
649 531 789 560 postquam
812 526 845 553 de
872 528 936 562 imp.
968 527 1043 554 Decii
1075 531 1099 554 et
1131 532 1318 553 successorum
1350 525 1420 552 illius
1446 525 1617 559 improbitate
1642 523 1779 555 disseruit,
1803 529 1849 556 pa-

237 569 276 596 cis
298 577 358 604 quae
390 570 475 604 viguit
503 570 653 605 principatu
680 571 811 604 Gallieni.
836 572 999 600 mentionem
1015 570 1090 598 facit.

515 615 626 643 CAPUT
640 615 733 643 XXIII.

481 660 519 687 De
529 661 636 695 imperio
648 661 772 690 Gallieni.

272 705 324 733 Sed
337 706 392 740 ipsa
407 706 466 741 ejus
483 707 565 734 verba
579 708 663 735 satius
685 708 767 736 fuerit
782 709 887 741 audire,
903 717 963 744 qua!
976 709 1014 737 sic

237 752 336 789 habent
350 759 357 779 z
375 762 384 778 ι
399 753 430 779 Et
444 753 487 779 ille
498 753 605 787 quidem
621 761 681 781 cum
695 755 887 789 imperatorum
904 763 1013 783 suorum

237 798 350 825 alterum
365 798 538 833 prodidisset.
557 799 633 826 alteri
650 800 748 827 bellum
777 801 922 832 intulisset,
939 801 1013 828 brevi

236 851 296 870 cum
317 844 442 872 universa
467 844 567 871 familia
598 846 721 880 stirpitus
735 846 849 874 interiit.
877 846 1014 874 Gallienus

235 895 300 916 vero
315 889 485 916 renuntiatus
496 894 523 916 et
541 891 676 918 communi
688 892 806 919 omnium
823 899 955 919 consensu
967 900 1014 926 ap-

235 934 364 968 probatus
393 940 457 963 est:
484 941 562 964 vetus
586 937 668 964 simul
693 938 840 972 imperator
867 945 899 965 ac
914 945 1012 970 novus,

234 980 311 1014 prior
327 980 391 1013 illis,
417 989 448 1008 ac
475 986 534 1016 post
559 982 619 1009 illos
630 982 709 1009 etiam
725 987 878 1016 superstes:
897 983 973 1017 juxta
988 982 1013 1009 id

234 1026 304 1060 quod
317 1026 416 1054 dictum
429 1031 471 1054 est
489 1027 563 1055 Isaize
580 1028 716 1062 propheta:
730 1035 738 1053 :
753 1037 763 1054 ‹
779 1028 843 1061 Qum
857 1037 870 1055 a
885 1029 1014 1063 principio

235 1071 310 1099 fuere
326 1079 388 1100 ecce
401 1078 545 1106 venerunt.
562 1079 589 1101 et
602 1081 669 1100 nova
679 1079 742 1101 sunt
758 1081 817 1109 quze
832 1082 904 1101 nunc
920 1076 995 1102 orlen
1005 1089 1013 1096 -

235 1121 288 1144 tur.
310 1127 319 1143 ι
334 1118 400 1145 Nam
414 1120 639 1154 quemadmodum
656 1122 742 1148 nubes
762 1120 827 1148 solis
845 1121 935 1148 radios
952 1121 1014 1148 sub-

232 1164 308 1196 .icns.
324 1165 384 1199 eius
410 1166 577 1200 splendorem
592 1167 667 1194 brevi
684 1171 803 1202 tempore
818 1169 956 1200 obscurat,
971 1168 1015 1194 iu-

233 1216 287 1243 que
301 1209 360 1244 ejus
384 1209 471 1238 locum
488 1211 632 1238 substituta
659 1211 843 1246 conspicitur:
873 1220 903 1239 ea
919 1213 1014 1239 deinde

234 1260 426 1291 pratergrcssa
453 1261 498 1284 aut
526 1257 681 1292 liquefacta,
705 1257 746 1284 sol
772 1257 817 1292 qui
832 1263 912 1285 antea
939 1262 1014 1285 ortus

234 1299 332 1334 fuerat,
357 1310 464 1329 rursum
489 1303 565 1337 quasi
593 1310 678 1330 n0vus
701 1304 800 1330 exoriri
828 1304 934 1330 videtur
951 1312 958 1330 :
976 1303 1012 1330 ita

234 1346 388 1374 Macrianus
418 1347 463 1381 qui
491 1347 608 1382 seipsum
633 1354 817 1382 prteposuerat
833 1353 859 1374 et
879 1349 912 1374 ad
926 1348 1013 1382 ipsum

233 1392 346 1419 Gallieni
361 1393 501 1426 imperium
517 1393 640 1427 proxime
655 1393 822 1425 admoverat;
836 1393 893 1426 ipse
906 1393 1013 1427 quidem

232 1439 285 1471 jam
303 1444 419 1470 nonest,
445 1439 543 1472 quippe
554 1440 600 1473 qui
619 1447 670 1466 nec
690 1443 768 1466 antea
780 1443 856 1466 erat:
875 1438 1013 1466 Gallienus

233 1488 298 1509 vero
310 1482 350 1509 sui
363 1482 462 1509 similis
476 1482 600 1516 idemque
615 1483 661 1517 qui
677 1484 750 1517 prius
775 1488 875 1510 manet.
893 1483 952 1518 Ipse
966 1484 1013 1510 de-

233 1528 315 1562 nique
330 1528 508 1562 principatus,
521 1529 593 1555 velut
605 1534 742 1556 senectute
754 1529 888 1564 deposita,
914 1535 941 1556 et
957 1530 1013 1564 pri-

234 1573 312 1599 stinae
338 1572 520 1606 improbitatis
547 1574 672 1601 sordibus
690 1579 863 1608 repurgatus,
884 1582 956 1601 nunc
967 1574 1013 1601 llu-

234 1618 339 1645 rentius
354 1619 425 1653 viget
441 1627 447 1645 :
465 1624 493 1645 et
508 1619 613 1653 longius
627 1620 748 1646 cernitur
760 1623 840 1654 atque
853 1619 972 1651 auditur,
987 1624 1013 1645 et

233 1670 398 1698 quocunque
412 1664 579 1691 dilfunditnr.
598 1674 607 1690 ι
625 1665 725 1692 Deinde
739 1669 846 1698 tempus
861 1664 947 1698 ipsum
960 1672 1012 1699 quo

234 1710 291 1737 inec
306 1710 454 1742 scribebat,
469 1711 591 1745 designat
606 1711 648 1738 his
663 1711 751 1738 Verbis
765 1720 771 1737 :
792 1720 801 1736 ι
819 1711 858 1738 Ac
873 1711 937 1738 mihi
953 1719 1013 1737 rur-

234 1763 280 1783 sus
305 1757 478 1791 imperatoris
501 1758 585 1785 nostri
617 1765 703 1784 annos
726 1757 902 1791 contemplari
930 1757 1011 1784 subit.

234 1800 318 1829 Video
337 1802 409 1830 enim
436 1803 612 1837 impiissimos
643 1803 702 1831 illos
726 1803 771 1838 qui
800 1803 868 1830 adeo
893 1803 1014 1830 celebres

235 1849 298 1876 olim
316 1850 487 1882 exstiterunt,
510 1849 583 1876 brevi
606 1855 697 1884 postea
716 1849 923 1877 obscurissimos
945 1856 1011 1876 eva-

233 1896 314 1922 sisse.
343 1894 573 1929 Religiosissimns
595 1903 660 1922 vero
677 1896 776 1930 Deique
800 1895 1000 1922 amantissimus

233 1951 299 1970 num
314 1943 420 1977 imperii
433 1950 532 1969 annum
549 1942 633 1977 degit,
644 1950 696 1976 quo
710 1949 759 1969 nos
772 1941 839 1969 festa
852 1940 1015 1970 celebraturi

511 1989 625 2017 CAPUT
640 1989 733 2018 XXIV.

410 2036 446 2062 De
460 2035 560 2070 Nepote
574 2040 597 2062 et
617 2037 674 2070 ejus
690 2035 838 2062 schismate.

274 2113 312 2141 Ad
327 2113 384 2141 htcc
398 2113 465 2140 duos
474 2112 556 2140 libros
569 2112 604 2139 De
615 2113 830 2146 promissionibus
851 2113 1013 2146 composuit.

235 2159 348 2186 Causam
376 2158 511 2186 scribendi
528 2158 641 2193 praebuit
667 2157 755 2191 Nepos
770 2157 891 2192 quidam,
904 2158 1013 2192 episco-

232 2213 282 2240 pus
293 2204 416 2240 Aﬁgypti,
435 2204 481 2238 qui
511 2204 703 2238 promissiones
735 2204 838 2231 sanctis
860 2203 1014 2230 hominibus

233 2252 320 2279 factas
337 2253 362 2278 in
375 2251 474 2278 divinis
497 2249 811 2282 voluminibus,Judaico
836 2257 917 2277 sensu
938 2250 1015 2276 exhi-

232 2298 335 2326 bendas
352 2298 476 2328 docebat,
489 2302 516 2324 et
530 2297 621 2325 nescio
641 2299 713 2331 quod
728 2297 800 2325 mille
811 2305 944 2324 annorum
955 2304 1015 2331 spa-

233 2345 299 2371 tium
322 2344 509 2378 corporalihus
526 2343 653 2371 refertum
681 2343 787 2370 deliciis
816 2343 842 2369 in
867 2342 918 2370 hac
942 2347 1013 2369 terra

232 2389 290 2417 fore
316 2391 395 2425 271
416 2389 581 2417 afﬁrmabat.
599 2389 719 2424 Cumque
743 2397 777 2417 ex
801 2389 916 2416 Joannis
932 2388 1016 2416 Reve-

231 2437 331 2465 latione
359 2437 511 2472 opinionem
539 2445 616 2465 suam
644 2437 767 2464 stabilire
787 2443 815 2463 se
830 2434 1014 2470 possecxisti-

268 2511 324 2547 (87)
357 2511 487 2544 Ἐκεῖνος
504 2510 562 2547 μὲν
575 2509 641 2538 οὖν.
655 2510 739 2547 Recte
753 2510 1013 2547 Christopliorsonus

234 2544 398 2575 Macrianum
416 2547 458 2574 hic
489 2544 599 2579 intelligi
623 2545 823 2576 animadvertit,
850 2544 928 2577 cujus
951 2551 1012 2578 pro-

231 2583 332 2610 ditione
349 2582 510 2609 Valerianus
528 2582 553 2608 in
570 2582 713 2608 Persarum
743 2584 902 2614 potestatem
928 2579 1011 2614 venit.

233 2617 404 2644 Valerianum
420 2622 496 2643 certe
511 2617 609 2643 ducutn
624 2613 778 2651 proditione
803 2615 920 2651 inhillam
936 2613 1012 2651 eola-

233 2654 355 2680 mitatem
375 2652 513 2685 incidisse,
527 2648 663 2679 testantur
677 2650 805 2677 Aurelius
828 2649 931 2685 Victor,
943 2648 1012 2683 Syn-

229 2688 314 2714 cellus
335 2693 362 2714 et
378 2687 434 2713 alii.
450 2683 534 2714 Porro
555 2688 613 2713 hmc
628 2686 748 2720 Dionysii
770 2685 850 2711 verba
873 2683 1012 2719 jungenda

228 2727 288 2749 sunt
305 2730 368 2750 cum
387 2722 439 2749 illis
455 2730 514 2756 qua
530 2729 611 2756 supra
631 2719 723 2748 retulit
737 2719 869 2756 Eusebius
883 2720 908 2745 in
922 2726 983 2756 cap.
997 2726 1012 2744 x

229 2758 307 2790 hujus
324 2758 396 2784 libri.
414 2753 485 2784 Sunt
496 2753 570 2783 enini
586 2764 617 2783 ex
635 2757 729 2783 eadem
749 2755 870 2790 Dionysii
896 2753 929 2780 ad
945 2753 1013 2790 Her-

229 2800 410 2819 mammonem
429 2792 559 2826 Epistola.
575 2792 614 2818 Ac
632 2799 666 2818 ne
681 2799 762 2817 linunt
778 2791 886 2824 qunlem
901 2789 1012 2826 verbum

229 2833 299 2854 Iltlel‘
318 2828 376 2853 inec
393 2823 612 2861 ιίιιυὟιιιειυειιω
644 2826 814 2861 iutcrjcctum
831 2823 965 2861 et-at,_S_ed
983 2824 1011 2861 _iu

228 2869 287 2895 cap.
309 2862 414 2895 lhujns
443 2858 518 2895 libri;
542 2858 720 2896 fragmentum
745 2859 864 2894 ejusdem
889 2858 1014 2894 Epistolas

232 2898 310 2924 -ιιιετι
329 2897 469 2923 Eusebius.

1027 1605 1048 1633 (ἶ

1331 614 1527 642 ΚΕΦΑΛΑΙΟΝ
1539 615 1600 641 KF’.

1065 662 1134 697 Περὶ
1145 662 1200 696 τῆς
1212 662 1383 695 Palluit-oft
1394 660 1553 693 βασιλείας
1567 659 1635 695 (Nic.
1651 659 1686 687 ΙΙ.
1701 659 1732 685 Ε.
1742 667 1778 692 Vl,
1790 659 1847 694 2|).

1101 708 1183 735 Οὐδὲν
1207 705 1239 734 δὲ’
1259 704 1324 738 οἷον,
1353 707 1383 733 τὸ
1408 707 1454 733 καὶ
1477 707 1579 733 τούτων
1596 703 1648 732 ὧδέ
1664 714 1722 737 πως
1735 705 1849 740 ἐχόντων

1065 753 1179 780 ἀκοῦσαι
1192 763 1198 768 ·
1218 763 1227 778 ι
1247 754 1364 784 Ἐκεῖνος
1374 753 1422 788 μὲν
1432 750 1478 779 οὖν
1493 752 1548 787 (87)
1563 752 1616 778 τῶν
1631 752 1684 787 πρὸ
1697 751 1778 778 αὑτοῦ
1800 751 1848 786 βα-

1067 799 1162 826 σιλέων
1185 800 1229 827 τὺν
1248 799 1297 835 μὲν
1313 799 1471 835 προέμενος,
1493 799 1531 833 τῷ
1544 798 1572 824 δὲ
1585 797 1753 833 ἐπιθέμενος,
1776 805 1849 831 παγ-

1066 846 1132 880 γενῆ
1142 845 1246 880 ταχέως
1255 846 1301 872 καὶ
1315 844 1460 880 πρόρῥιζος
1471 843 1634 879 ὲξηιρανίσθη
1643 852 1651 859 ’
1668 843 1805 879 ἀνεδείχθη
1821 843 1849 870 δὲ

1066 893 1112 918 καὶ
1136 890 1375 926 συνανωμολογήθη
1390 890 1466 926 παρὰ
1479 890 1586 917 πάντων
1601 891 1615 916 ὁ
1629 889 1781 925 Γαλλιηνὺς,
1796 898 1850 916 πα-

1031 930 1052 957 Β
1065 938 1138 969 λαιὸς
1167 938 1222 972 ἅμα
1248 937 1372 972 βασιλεὺς
1391 937 1439 963 καὶ
1454 936 1522 967 νέος,
1541 936 1647 971 πρῶτος
1667 935 1704 961 ὢν
1725 936 1770 962 καὶ
1790 937 1848 971 μετ’

1066 984 1185 1015 ἐκείνους
1201 983 1304 1019 παρών.
1322 982 1400 1009 Κατὰ
1420 982 1474 1018 γὰρ
1489 982 1519 1008 τὸ
1535 982 1615 1017 ῥηθὲν
1637 982 1704 1017 πρὸς
1722 982 1766 1008 τὸν
1781 990 1848 1017 προ-

1066 1029 1153 1064 φήτην
1167 1029 1286 1055 Ἡσαΐαν
1298 1039 1306 1054 ε
1320 1028 1359 1055 Τὰ
1373 1029 1418 1055 ἀπ’
1433 1029 1519 1063 ἀρχῆς
1534 1028 1587 1054 ἰδοὺ
1601 1028 1693 1062 ﬁxam,
1709 1028 1756 1054 καὶ
1769 1027 1850 1054 καινὰ

1066 1075 1083 1102 ἂ
1091 1075 1137 1101 νῦν
1153 1075 1282 1102 ἀνατελεῐ.
1291 1085 1300 1102 ›
1317 1075 1420 1110 ’Ὠσπερ
1429 1074 1482 1110 γὰρ
1493 1074 1571 1108 νέφος
1580 1074 1628 1104 τὰς
1644 1073 1757 1108 ἡλιακὰς
1771 1074 1848 1100 ἀκτῖ-

1066 1130 1114 1152 νας
1128 1120 1280 1156 ὑποδραμὺν
1300 1120 1345 1146 καὶ
1360 1119 1428 1155 πρὸς
1441 1119 1530 1152 ὀλίγον
1553 1118 1726 1153 ὲπηλυγάσαν
1736 1138 1743 1147 ,
1755 1118 1848 1143 ἐσκία-

1068 1175 1111 1193 σεν
1126 1166 1205 1193 αὑτὸν
1219 1165 1266 1192 καὶ
1275 1166 1330 1192 ἀντ’
1341 1165 1421 1203 αὐτος)
1432 1164 1582 1200 προεφάνη,
1598 1162 1656 1190 εἶτα
1670 1163 1848 1199 παρελθόντος

1066 1213 1083 1248 ἢ
1098 1212 1268 1243 διατακέντος
1282 1210 1327 1237 τοῦ
1349 1211 1455 1244 νέφους,
1471 1210 1587 1245 ἐξεφάνη
1609 1209 1689 1236 πάλιν
1705 1209 1846 1236 ἐπανατεί-

1066 1258 1114 1290 λας
1128 1259 1142 1284 ὁ
1156 1258 1230 1292 ἥλιος
1243 1258 1257 1284 ὁ
1274 1256 1476 1292 προανατείλας,
1488 1255 1558 1282 οὕτω
1570 1255 1689 1290 προστὰς
1701 1256 1747 1282 καὶ
1761 1263 1845 1290 προσ-

1066 1304 1184 1334 πελάσας
1204 1302 1258 1338 (88)
1286 1303 1380 1329 ἑαυτὸν
1406 1303 1420 1328 ὁ
1438 1301 1592 1337 Μακριανδς
1622 1302 1670 1336 τῆς
1691 1300 1846 1335 ἐφεστώσης

1066 1349 1210 1385 Γαλλιηνοῦ
1228 1349 1373 1383 βασιλείας,
1388 1349 1402 1375 ὁ
1417 1349 1466 1383 μὲν
1479 1349 1528 1374 οὐκ
1543 1348 1625 1379 ἐστιν,
1641 1347 1703 1373 ἐπεὶ
1719 1347 1785 1382 μηδὲ
1800 1345 1846 1382 ἦν’
1867 1354 1873 1365 ι

1066 1396 1079 1421 ὁ
1092 1395 1119 1422 δέ
1133 1397 1206 1421 ἐστιν
1217 1395 1315 1430 ὁμοίως
1328 1394 1421 1430 ὥσπερ
1432 1392 1474 1430 ἦν.
1497 1394 1551 1420 Καὶ
1572 1391 1626 1420 οἷον
1643 1392 1796 1428 ἀποθεμένη
1816 1392 1848 1419 τὸ
1862 1420 1868 1426 _

1065 1441 1152 1476 γῆρας
1164 1441 1180 1476 ὴ
1194 1440 1326 1476 βασιλεία,
1344 1440 1390 1466 καὶ
1405 1439 1453 1475 τὴν
1468 1439 1601 1475 προοῦσαν
1618 1437 1846 1473 ἁνακαθηραμένη

1066 1487 1173 1518 κακίαν,
1196 1486 1373 1521 ἀκμαιότερον
1398 1485 1445 1512 νῦν
1466 1485 1583 1516 ἐπανθεῖ,
1607 1485 1653 1511 καὶ
1675 1483 1847 1520 πορρώτερον

1065 1534 1160 1569 ὁρᾶται
1186 1533 1232 1559 καὶ
1246 1532 1383 1562 ἀκούεται,
1402 1532 1447 1558 καὶ
1458 1532 1582 1566 διαφοιτᾷ
1595 1531 1740 1566 πανταχοῦ.
1759 1540 1768 1556 ›
1789 1523 1852 1556 Εἶθ’

1066 1578 1129 1613 ἑξῆς
1147 1578 1194 1604 καὶ
1217 1577 1261 1603 τὸν
1282 1576 1376 1612 χρόνον
1394 1576 1453 1602 καθ’
1469 1576 1498 1601 ὃν
1515 1576 1587 1602 ταῦτ’
1599 1575 1709 1611 ἔγραψε,
1731 1575 1773 1601 διὰ
1785 1573 1847 1601 ’τού-

1064 1633 1117 1650 των
1130 1623 1270 1658 σημαίνει-
1291 1632 1299 1647 t
1312 1623 1365 1649 Καί
1379 1631 1422 1657 μοι
1433 1621 1512 1648 πάλιν
1525 1621 1574 1652 τὰς
1584 1621 1689 1657 ἡμέρας
1704 1620 1757 1647 τῶν
1772 1620 1846 1655 βασι-

1066 1667 1148 1694 λικῶν
1158 1667 1225 1694 ἐτῶν
1233 1667 1320 1694 ἔπεισι
1329 1668 1448 1693 σκοπεῖν.
1464 1666 1533 1702 Ὀρῶ
1540 1666 1593 1702 γὰρ
1605 1666 1642 1696 ὡς
1654 1665 1847 1700 ὀνομασθέντες

1068 1713 1116 1748 μὲν
1131 1713 1155 1738 οι
1171 1712 1356 1743 ἀσεϐέστατοι,
1381 1712 1438 1746 μετ’
1453 1711 1483 1737 οὑ
1506 1711 1572 1738 πολὺ
1588 1711 1728 1745 γεγόνασιν
1745 1709 1847 1736 ἀνώνυ-

1068 1765 1129 1792 μοι·
1150 1758 1164 1784 ὁ
1177 1757 1205 1784 δὲ
1217 1756 1359 1792 ὁσιώτερος
1380 1758 1425 1783 καὶ
1446 1756 1636 1791 φιλοθεώτερος
1658 1755 1778 1791 ὑπερϐὰς
1795 1755 1845 1790 τὴν

1066 1803 1255 1839 ἐπταετηρίδα,
1270 1801 1316 1829 νῦν
1330 1802 1450 1829 ἐνιαυτὸν
1463 1802 1555 1829 ἔνατον
1566 1801 1675 1834 διανύει,
1688 1802 1716 1828 ὲν
1730 1798 1752 1835 ᾧ
1764 1801 1846 1836 ἡμεῖς

1064 1850 1245 1885 ἑορτάσωμεν.
1265 1858 1274 1874 ι

1030 1895 1177 1929 imperator
1206 1894 1389 1928 septennalcm
1410 1893 1547 1921 circulum’
1558 1893 1613 1928 jam
1635 1900 1769 1925 emensus,
1798 1901 1847 1920 no-

1033 1947 1135 1967 SUmIIS.
1155 1949 1165 1966 ι

1316 1987 1513 2014 ΚΕΦΑΛΑΙΟΝ
1531 1988 1593 2014 ΚΔ’.

1103 2034 1171 2067 Περὶ
1187 2033 1323 2066 Νέπωτος
1339 2033 1451 2060 καὶτοῦ
1465 2033 1527 2060 κατ’
1539 2032 1631 2060 αὑτὸν
1644 2032 1810 2066 σχίσιιατος

1319 2068 1387 2104 (Nic.
1403 2068 1439 2095 II.
1454 2069 1487 2096 E.
1501 2075 1537 2099 vr,
1552 2067 1607 2102 21).

1107 2115 1167 2141 Ἐπὶ
1179 2114 1282 2146 τούτοις
1297 2113 1381 2141 ἆπασι
1395 2112 1571 2146 σπουδάζεται
1585 2112 1657 2148 αὐτῷ
1673 2112 1720 2139 καλ¹
1733 2111 1766 2139 τὰ
1777 2111 1848 2146 Περὶ

1066 2159 1248 2195 ἐπαγγελιῶν
1271 2159 1317 2186 δύο
1331 2160 1541 2195 συγγράμματα.
1558 2160 1589 2185 'H
1600 2159 1621 2184 δ’
1634 2158 1759 2189 ὑπόθεσις
1773 2157 1847 2193 αὑτῷ

1067 2206 1164 2237 Νέπως
1177 2204 1210 2241 ἦν
1225 2205 1373 2237 ἐπίσκοπος
1387 2206 1439 2232 τῶν
1452 2206 1511 2232 κατ’
1524 2206 1669 2239 Αἴγυπτον,
1697 2203 1847 2230 Ἰουδαῖκώο

1067 2260 1144 2287 τερον
1163 2252 1212 2283 τὰς
1235 2251 1442 2287 ἐπηγγελμένας
1464 2253 1520 2283 τοῖς
1542 2251 1629 2285 ἁγίοις
1649 2251 1677 2277 ὲν
1690 2252 1749 2282 ταῖς
1762 2249 1847 2281 θείαις

1067 2298 1087 2324 Γ
1089 2299 1187 2333 ραφαῖς
1211 2298 1373 2332 ἐπαγγελίας
1393 2297 1605 2332 ἀποδοθήσεσθαι
1631 2296 1776 2328 διδάσκων,
1800 2296 1847 2322 καί

1066 2352 1126 2370 τινα
1141 2343 1247 2378 χιλιάδα
1260 2344 1328 2370 ἑτῶν
1345 2343 1450 2378 τρυφῆς
1466 2343 1621 2378 σωματικῆς
1636 2342 1681 2368 ἐπὶ
1694 2343 1743 2377 τῆς
1763 2340 1848 2376 ξηρᾶς

1067 2389 1166 2424 ταύτης
1180 2388 1287 2415 ἔσεσθαι
1309 2389 1509 2424 ὑποτιθέμενος,
1531 2388 1614 2420 Δόξας
1635 2386 1699 2422 γοῦν
1718 2384 1794 2418 οὗτος
1814 2387 1848 2413 ὲκ

1066 2435 1113 2470 τῆς
1141 2433 1347 2469 Ἀποκαλύψεως
1377 2433 1498 2461 Ἰωάννου
1529 2433 1577 2468 τὴν
1610 2432 1678 2459 ἰδίαν
1705 2431 1846 2468 κρατύνειν

1030 2510 1050 2537 D
1101 2507 1156 2542 (88)
1172 2507 1402 2541 Προσπελάσας.
1420 2507 1466 2534 Sic
1481 2507 1506 2533 in
1525 2507 1612 2533 tribus
1626 2505 1726 2534 nostris
1741 2505 1847 2542 codici-

1066 2540 1116 2570 bus
1130 2540 1227 2577 legitur
1240 2544 1337 2577 quibus
1353 2543 1487 2570 consentit
1500 2542 1581 2568 etiam
1599 2542 1774 2577 Nicephorus.
1790 2540 1845 2567 Nec

1067 2575 1167 2605 dnbilo'
1183 2575 1256 2611 quin
1278 2578 1449 2604 scribendum
1473 2577 1554 2611 etiam
1569 2577 1604 2603 sit
1617 2575 1764 2611 προσστὰς,
1780 2583 1841 2602 cum

1067 2613 1165 2646 duplici
1186 2605 1280 2646 sigma.
1305 2613 1483 2639 Scribendum
1506 2605 1672 2646 duoque-est
1688 2612 1702 2637 ό
1717 2605 1844 2644 Μακρια-

1066 2645 1120 2679 vos}
1137 2652 1165 2674 nt
1179 2645 1275 2681 legitur
1289 2648 1315 2673 in
1332 2647 1388 2673 Maz
1406 2667 1413 2679 ,
1429 2646 1499 2674 Med.
1514 2654 1545 2673 ac
1558 2645 1624 2673 Fnk.
1642 2646 1741 2672 Idcirco
1753 2650 1844 2681 autem

1069 2683 1210 2717 Dionysius
1226 2683 1259 2708 de
1270 2681 1399 2708 Macriani
1414 2682 1526 2716 imperio
1541 2681 1670 2717 loquitur3
1688 2680 1759 2717 quod
1782 2687 1844 2706 eutn

1068 2715 1260 2751 imperatorem
1278 2717 1411 2752 [Egyptus
1427 2715 1488 2743 cum
1504 2717 1628 2743 universo
1648 2715 1759 2752 Qriente
1771 2721 1846 2752 _sus-

1068 2749 1187 2787 ecperat.
1206 2752 1287 2778 Docet
1303 2749 1463 2778 id'vetustus
1480 2758 1605 2778 nummus
1619 2759 1634 2777 a
1651 2750 1754 2777 Joanne
1771 2749 1846 2776 Tris-

1069 2792 1132 2813 lano
1148 2786 1178 2813 V.
1193 2787 1222 2812 ι).
1243 2787 1343 2813 editus.
1373 2787 1397 2812 in
1415 2786 1492 2813 cuius
1506 2788 1616 2812 adversa
1632 2790 1707 2813 parte
1730 2785 1786 2811 haec
1799 2784 1846 2810 lia-

1080 2795 1132 2814 2110
1150 2792 1178 2813 ν.
1193 2792 1222 2812 [ι.
1243 2792 1343 2815 editus.
1373 2794 1397 2812 Ill
1415 2793 1492 2819 CIIJUS
1506 2792 1616 2812 atl‘K‘l‘Sﬂ
1632 2792 1707 2819 parte
1730 2792 1786 2811 1130
1800 2792 1847 2819 ll!-

1069 2822 1147 2849 betur
1162 2822 1300 2854 inscriptio
1315 2830 1321 2847 :
1336 2818 1457 2848 ATT.K.
1470 2822 1506 2847 M.
1519 2821 1618 2847 ΦΟΥΛ.
1634 2818 1836 2848 ΜΛΚΡΙΑΝΟΣ

1071 2857 1098 2884 In
1112 2857 1196 2884 altera
1211 2862 1287 2891 parte
1302 2856 1546 2884 AAEEANAPEIA.
