2002 3169
240 159 292 187 699

595 151 732 180 EUSEBII
752 148 984 179 CESARIE‘NSIS
1002 148 1078 176 OPP.
1099 147 1189 177 PARS
1207 149 1228 178 Ι.
1249 165 1284 170 -
1301 144 1497 177 HIS‘I'ORICA.

1818 141 1872 168 τοο

239 225 324 247 unum
342 215 522 249 eumdemque
534 213 695 248 scriptorem
715 220 774 240 esse
793 211 916 246 conjicio.
927 210 1029 245 Quippe

1080 209 1190 236 τάσσειυ
1207 206 1388 241 Ἀποκάλυψις
1404 204 1489 241 Ἰησοῦ
1505 202 1622 239 Χριστοῦ
1636 203 1667 237 ἣν
1681 202 1779 229 ἔδωκεν
1794 200 1872 236 αὒτῷ

239 262 407 298 evangelista
431 260 541 296 quidem
566 259 662 287 nullibi
684 266 782 286 nomen
803 265 880 285 suum
901 256 1023 286 ascribit,

240 319 290 339 nec
311 309 476 344 semetipsa,
495 312 543 335 aut
563 308 591 335 in
609 306 756 342 Evangelio
768 325 776 338 ,
792 310 838 332 aut
861 305 888 331 in
906 302 1025 338 Epistola

240 357 382 392 prmdicat.
411 365 421 381 ›
444 355 478 382 Ει
498 354 580 390 paulo
597 358 659 389 post
671 352 783 380 subdit:
802 360 811 377 ι
828 350 947 378 Joannes
961 356 1026 377 vero

240 408 390 435 nusquam,
407 407 457 427 nec
472 403 600 433 tanquam
618 398 651 426 de
669 398 759 432 seipso
777 404 826 423 nec
847 400 976 430 tanquam
993 395 1027 422 de

241 448 336 475 altero.
351 446 444 474 Atille
466 445 512 481 qui
538 445 743 473 Revelationem
765 442 893 478 scripsit,
913 442 940 469 in
969 443 1026 476 ipso

240 493 332 521 statim
360 492 471 520 exordio
498 498 596 519 nomen
623 498 700 518 suum
726 489 838 525 praﬁgil
870 496 931 516 eum
956 489 994 515 ait
1017 497 1025 515 ε

243 548 253 566 ‹
273 538 412 567 Revelatio
426 537 489 566 Jesu
502 536 604 566 Christi
620 544 701 571 quam
724 536 798 564 dedit
815 535 865 570 ipsi
888 540 918 563 ut
937 534 1026 570 palam

240 585 345 612 faceret
365 583 450 611 servis
485 583 542 611 suis
564 582 698 614 celeriter,
724 585 752 609 et
778 581 941 616 signiﬁcavit
965 580 1032 607 mit-

241 637 300 658 tens
330 637 378 665 per
405 629 529 664 angelum
565 637 643 656 sumn
667 627 763 655 Joanni
789 635 869 655 servo
889 634 959 659 suo,
981 626 1026 661 qui

241 676 404 705 testiﬁcatus
434 677 482 711 estl
504 675 619 703 Verbum
638 674 686 702 Dei
710 679 737 702 et
755 674 942 701 testimonium
970 673 1027 707 ejus

241 728 409 757 qmecunque
433 720 508 747 vidit.
530 729 539 745 ι
578 719 618 746 Ad
653 720 710 746 haec
739 718 886 754 Epistolam
911 718 1025 746 scribit:

245 777 256 795 ‹
275 767 411 799 Joannes,
425 767 530 802 inquit,
554 772 655 802 septem
686 766 814 794 Ecclesiis
835 773 896 801 quae
914 771 976 793 Sunt
1000 766 1026 793 in

241 814 316 842 Asia.
345 813 438 841 Gratia
461 813 536 841 vobis
557 817 584 840 et
599 821 661 848 pax.
681 822 692 839 ›
710 812 893 848 Evangelistes
907 819 970 839 vero
993 819 1028 839 ne

242 860 381 889 catholicae
403 860 511 895 quidem
527 860 654 894 Epistolas:
673 867 771 887 nomen
794 867 873 887 suum
897 859 1025 895 praeﬁxit,

242 908 288 934 sed
305 907 408 941 absque
433 906 485 933 ulla
501 907 647 934 verborum
669 906 784 941 ambage
797 907 831 933 ab
855 906 912 941 ipso
928 905 1026 932 divina:

241 952 423 980 Revelationis
437 953 566 988 mysterio
577 959 690 980 exorsus
701 956 742 979 est
759 961 765 978 :
781 961 790 977 (
806 951 882 985 Quod
897 951 948 978 l'uit
960 971 969 984 ,
985 951 1028 978 in-

242 999 312 1033 quit,
343 1000 377 1025 ab
409 998 509 1025 initio:
527 998 599 1032 quod
625 998 798 1031 audivimus,
821 997 892 1032 quod
912 997 1027 1024 vidimus

241 1045 329 1073 oculis
357 1045 466 1072 nostris.
488 1055 497 1071 ›
523 1046 563 1072 0b
596 1044 748 1078 bujusmodi
777 1044 848 1072 enim
873 1044 1026 1072 Rcvelatio—

242 1100 303 1119 nem
320 1091 429 1119 Petrum
445 1091 576 1120 Dominus
601 1092 710 1120 beatum
726 1091 888 1127 praedicavit
903 1092 946 1120 his
966 1100 1028 1119 ver-

242 1138 284 1165 bis
302 1148 308 1164 :
325 1148 334 1164 ι
353 1138 452 1166 Beatus
469 1146 498 1166 es
513 1159 520 1171 ,
547 1139 640 1166 Simon
664 1138 699 1165 ﬁli
722 1138 797 1166 Jonm
810 1158 817 1170 ,
834 1138 896 1173 quia
918 1145 982 1165 caro
1001 1143 1027 1165 et

241 1184 350 1219 sanguis
375 1192 427 1212 non
455 1185 588 1213 revelavit
615 1184 674 1218 tibi,
689 1185 737 1212 sed
755 1184 836 1213 Pater
850 1192 927 1212 meus
938 1185 984 1218 qui
999 1185 1026 1211 in

241 1230 316 1257 ctelis
338 1234 388 1258 est.
406 1239 416 1256 ι
442 1229 502 1261 ὅσα,
517 1237 605 1264 neque
627 1230 653 1257 in
677 1230 796 1257 secunda
816 1236 847 1256 ac
859 1229 951 1262 tertia,
968 1236 1028 1264 qua:

240 1275 337 1303 Joanni
359 1277 439 1311 vulgo
460 1276 645 1308 ascribuntur,
670 1275 808 1310 Epistolis,
826 1275 951 1310 quamvis
966 1275 1028 1302 bre-

243 1322 372 1354 vissimis,
385 1321 498 1354 Joannis
509 1322 668 1349 vocabulum
683 1326 801 1356 prostat,
819 1329 913 1349 verum
926 1322 1028 1355 absque

242 1368 296 1395 ullo
325 1368 437 1396 nomine
462 1366 557 1395 Senior
577 1368 747 1395 inscribitur.
771 1368 847 1395 Alter
869 1372 960 1395 autem
982 1367 1028 1395 ille

242 1422 295 1442 non
312 1414 380 1450 satis
396 1413 493 1442 habuit
508 1415 617 1442 nomine
640 1421 689 1440 suo
704 1413 790 1441 semel
805 1414 879 1441 edito
892 1415 1028 1442 narratio-

242 1466 304 1485 nem
323 1459 449 1494 deinceps
464 1459 591 1494 prosequi
608 1467 614 1485 :
630 1459 676 1485 sed
695 1458 791 1485 iterum
808 1458 907 1492 repetit
921 1468 928 1486 :
947 1469 956 1485 ‹
971 1459 1028 1495 Ego

241 1503 376 1537 Joannes,
403 1501 488 1532 [inter
509 1509 536 1531 et
554 1512 665 1532 consors
690 1508 779 1531 vester
806 1505 832 1531 in
855 1505 1028 1533 tribulatione

241 1554 268 1576 ct
286 1557 367 1584 regno
385 1553 413 1576 et
429 1550 454 1576 in
485 1550 614 1584 patientia
633 1549 715 1584 Jesu;
740 1550 777 1577 fui
803 1550 831 1578 in
853 1551 940 1579 insula
969 1559 1029 1586 qua
1045 1563 1065 1592 ε

240 1595 351 1622 Patmos
369 1600 492 1628 vocatur,
510 1600 620 1631 propter
646 1595 763 1623 Verbum
789 1596 835 1623 Dei
853 1601 880 1623 et
907 1598 1030 1625 testimo-

243 1641 316 1667 nium
343 1639 417 1668 Jesu.
438 1650 447 1666 ι
470 1640 503 1667 Ει
535 1640 585 1668 sub
612 1640 692 1667 ﬁnem
718 1640 781 1668 libri
798 1649 892 1669 rursus
907 1642 964 1670 [nec
981 1643 1029 1670 ad-

243 1687 284 1713 dit
299 1695 307 1714 :
324 1696 334 1712 (
355 1686 454 1714 Beatus
470 1687 514 1721 qui
527 1691 618 1714 servat
639 1686 719 1713 verba
741 1687 890 1722 prophetia:
902 1689 965 1716 libri
980 1689 1029 1716 lm-

239 1731 306 1766 jus,
340 1737 368 1759 et
390 1740 441 1767 ego
462 1732 582 1761 Joannes
605 1732 652 1768 qui
676 1732 734 1760 hzec
766 1733 822 1760 vidi
846 1739 875 1761 et
900 1735 1000 1764 audivi.
1018 1744 1028 1761 ι

239 1777 372 1805 Joannem
389 1778 471 1813 igitur
486 1786 546 1806 esse
569 1786 709 1807 auctorem
735 1779 816 1813 hujus
837 1779 897 1807 libri
911 1800 919 1813 ,
936 1780 988 1815 ipsi
1004 1780 1031 1808 id

245 1823 388 1850 afﬁrmanti
405 1824 568 1852 credendum
595 1830 647 1852 est.
669 1825 722 1853 Sed
741 1825 868 1860 quisnam
884 1825 930 1853 ille
947 1826 1031 1854 fuerit

240 1869 373 1902 Joannes,
390 1871 536 1899 incertum.
548 1871 642 1905 Neque
656 1872 726 1900 enim
742 1873 860 1907 seipsum
877 1880 937 1900 esse
953 1873 1028 1906 dicit,

244 1915 315 1942 sicut
335 1916 361 1942 in
377 1915 523 1952 Evangelia
539 1917 635 1952 saepius
650 1918 760 1951 dicitur,
774 1917 938 1953 discipulum
954 1918 1030 1946 illum

245 1968 324 1995 quem
346 1961 442 1988 dilexit
466 1962 607 1995 Dominus,
625 1967 672 1990 aut
688 1963 761 1990 illum
779 1963 824 1998 qui
840 1971 922 1998 supra
936 1970 1032 1999 pectus

244 2007 353 2035 Domini
371 2009 504 2041 recubuit,
520 2013 563 2036 aut
579 2009 690 2036 lratrcm
706 2009 798 2037 Jacobi
815 2019 822 2037 :
838 2015 885 2037 aut
900 2010 974 2037 illum
986 2011 1033 2037 de-

245 2054 328 2088 nique
344 2055 392 2088 qui
415 2054 558 2082 Dominum
583 2055 651 2082 vidit
677 2060 759 2090 atQUe
783 2055 900 2084 audivit.
921 2055 1032 2090 Aliquid

244 2101 430 2127 enim‘borurn
446 2108 506 2135 qua:
523 2107 673 2128 memorata
691 2107 754 2129 sunt
767 2109 842 2129 certe
866 2101 993 2134 dixisset,
1010 2101 1032 2128 si

245 2146 363 2180 seipsum
391 2146 493 2181 liquido
518 2147 648 2175 voluisset
677 2149 831 2175 ostendere.
857 2148 911 2176 Sed
937 2148 1032 2175 horum

245 2192 355 2226 quidem
372 2192 438 2219 nihil
452 2193 544 2228 posuit
561 2201 568 2219 :
588 2193 696 2220 fratrem
709 2201 772 2221 vero
786 2194 917 2221 duntaxat
931 2198 958 2221 et
972 2201 1034 2221 con-

1076 254 1160 287 δείξαι
1176 255 1230 286 τοῖς
1243 253 1344 285 δούλοις
1358 252 1439 279 αὐτοῦ
1452 252 1480 277 ὲν
1492 251 1580 286 τάχει.
1590 250 1641 276 Καὶ
1653 249 1789 284 ἐσήμανεν
1802 249 1872 275 ἁπο-

1078 301 1183 333 στείλας
1206 301 1250 327 διὰ
1264 289 1311 326 τόδ
1327 299 1441 333 ἀγγέλου
1459 297 1540 324 αὑτοῦ
1554 296 1593 332 τῷ
1604 296 1690 331 δούλῳ
1705 296 1788 322 αὑτοῦ
1813 296 1857 322 Ίω

1077 345 1144 381 άννῃ
1157 365 1164 376 ,
1189 344 1218 376 ὃς
1240 342 1413 378 ἐμαρτύρησε
1434 342 1479 368 τὸν
1503 341 1588 375 Λόγον
1608 341 1655 366 τοῦ
1674 339 1740 366 Θεοῦ
1756 340 1803 366 καὶ
1819 340 1869 375 τὴν

1078 389 1229 426 μαρτυρίαν
1243 389 1325 415 αὑτοῦ
1340 389 1389 414 ὅσα
1400 386 1478 414 εἶδεν.
1486 397 1495 413 ι
1503 385 1569 413 Εἶτα
1580 387 1627 413 καὶ
1634 385 1791 421 Ἐπιστολὴν
1801 387 1871 422 γρά-

1076 444 1130 470 φει·
1142 445 1151 461 ε
1162 436 1286 470 Ἰωάννης
1297 436 1355 465 ταῖς
1367 434 1436 460 ἑπτὰ
1451 432 1623 467 Ἐκκλησίαις
1633 432 1691 463 ταῖς
1699 432 1727 457 ὲν
1738 432 1770 466 τῇ
1779 431 1867 466 Ἀσίᾳ,

1077 482 1155 517 γάρις
1171 481 1235 516 ὑμῖν
1250 481 1297 507 καὶ
1314 480 1419 515 εἰρήνη.
1438 489 1446 504 ι
1457 479 1486 505 Ὁ
1499 479 1527 504 δέ
1543 486 1573 512 γε
1587 477 1791 513 εὐαγγελιστὴς,
1805 477 1868 503 οὐδὲ

1076 521 1125 566 τῆς
1132 529 1278 563 καθολικῆς
1286 527 1428 562 ἐπιστολῆς
1439 526 1612 562 ⁸προέγραψεν
1623 524 1719 552 ἑαυτοῦ
1729 525 1760 551 τὸ
1770 525 1866 560 ὄνομα,

1077 576 1145 602 ἀλλὰ
1159 575 1311 611 ἀπερίττως
1328 574 1375 600 ἀπ’
1392 573 1474 600 αὐτοῦ
1491 572 1537 599 τοῦ
1557 572 1705 607 μυστηρίου
1723 571 1772 607 τῆς
1791 571 1868 603 θείας

1084 621 1288 656 Ἀποκαλύψεως
1309 620 1417 656 ἤρξατο·
1434 630 1442 645 ι
1460 620 1492 645 Ὃ
1513 617 1546 654 ἦν
1561 619 1607 645 ἀπ’
1624 618 1720 653 ἀρχῆς,
1731 617 1745 643 ὃ
1765 617 1868 652 ἀκηκό-

1077 677 1157 703 αμεν,
1167 668 1180 694 ὃ
1188 667 1348 702 ἑωράκαμεν
1364 667 1420 697 τοῖς
1428 665 1576 700 ὀφθαλμοῖς
1587 664 1674 700 ἡμῶν.
1682 673 1691 689 ι
1709 663 1770 690 Ἐπὶ
1780 663 1867 700 ταύτῃ

1076 714 1131 750 γὰρ
1139 715 1172 749 τῇ
1193 712 1374 747 Ἀποκαλύῴει
1390 713 1437 738 καὶ
1452 713 1466 738 6
1480 711 1581 746 Κύριος
1594 711 1639 736 τὸν
1647 710 1749 746 Πέτρον
1762 709 1868 745 ἐμακά-

1079 769 1152 795 ρισεν
1176 759 1269 786 εἰπών·
1288 769 1297 785 t
1310 759 1453 794 Μακάριος
1478 755 1512 788 εἴ,
1534 757 1625 792 Σίμων
1651 756 1703 792 βὰρ
1724 756 1812 787 Ἰωνᾶ,
1825 756 1868 782 ὅτι

1079 807 1147 843 σὰρξ
1161 807 1207 833 καὶ
1220 804 1289 842 αἷμα
1301 806 1350 832 οὐκ
1363 803 1521 838 ἀποκάλυψέ
1538 812 1589 834 σοι,
1606 802 1662 829 ἀλλ’
1675 803 1689 829 6
1702 802 1796 838 Πατήρ
1815 810 1867 837 μου
1903 805 1909 809 “

1077 855 1092 880 6
1105 854 1238 890 οὐράνιος.
1252 863 1261 879 ι
1272 853 1341 879 Ἀλλ’
1354 852 1414 878 οὐδὲ
1428 852 1456 878 ὲν
1464 852 1497 886 τῇ
1510 849 1623 886 δευτέρᾳ
1632 849 1767 885 φερομένῃ
1781 849 1869 876 Ἰωάνα

1044 888 1063 915 Β
1079 910 1124 927 νου
1135 888 1181 927 παὶ
1195 900 1282 936 τρίτη,
1297 899 1383 926 καίτοι
1398 897 1537 934 βραχείαις
1552 895 1645 928 οὕσαις
1663 895 1841 927 Ἐπιστολαῖς,
1853 895 1868 921 6

1087 946 1213 981 Ἰωάννης
1226 945 1354 981 ὀνομαστὶ
1366 944 1519 979 πρόκειται,
1532 941 1600 969 ἀλλὰ
1618 940 1757 976 ἀνώνυμος
1772 942 1786 967 6
1796 941 1869 974 Πρε-

1081 993 1226 1028 σϐύτερος
1239 992 1404 1027 γέγραπται.
1420 985 1503 1021 Οὗτος
1515 988 1544 1015 δέ
1557 997 1589 1023 γε
1602 987 1661 1014 οὐδὲ
1669 986 1802 1022 αὕταρκες
1811 985 1869 1012 ἐνό-

1082 1048 1159 1075 μισεν
1173 1038 1287 1070 είσάπαξ
1300 1037 1394 1064 ἑαυτὸν
1413 1036 1564 1072 ὀνομάσας,
1579 1033 1731 1070 διηγεῖσθαι
1744 1032 1779 1059 τὰ
1793 1031 1867 1067 ἑξῆς,

1080 1086 1147 1113 ἀλλὰ
1168 1086 1247 1113 πάλιν
1261 1084 1453 1120 ἀναλαμϐάνει’
1468 1093 1477 1110 t
1499 1083 1569 1117 Ἐγὼ
1591 1082 1715 1117 Ἰωάννης
1729 1081 1743 1107 6
1755 1080 1868 1115 ἀδελφὸς

1080 1131 1166 1168 ὑμῶν,
1183 1132 1231 1159 καὶ
1245 1130 1422 1166 συγκοινωνὸς
1435 1131 1503 1166 έντῇ
1514 1129 1600 1164 θλίψει
1615 1128 1661 1155 καὶ
1675 1125 1807 1162 βασιλείᾳ,
1821 1126 1869 1152 καὶ

1081 1179 1109 1205 ἐν
1124 1179 1244 1214 ὑπομονῇ
1263 1177 1360 1212 Ἰησοῦ,
1376 1176 1506 1212 ἐγενόμην
1529 1176 1557 1202 ἐν
1578 1176 1610 1210 τῇ
1626 1176 1699 1210 νήσῳ
1713 1174 1746 1208 τῇ
1770 1172 1868 1199 καλου-

1082 1225 1149 1261 μένῃ
1166 1225 1279 1260 Πάτμῳ,
1291 1224 1334 1250 διὰ
1348 1223 1392 1250 τὸν
1405 1223 1489 1257 Λόγον
1504 1222 1550 1248 τοῦ
1563 1220 1629 1248 Θεοῦ
1645 1220 1692 1246 καὶ
1702 1219 1752 1254 τὴν
1769 1226 1870 1254 μαρτυ-

1083 1272 1141 1307 ρίαν
1161 1271 1257 1307 Ἰησοῦ.
1269 1281 1278 1296 ι
1297 1270 1351 1297 Καὶ
1365 1270 1397 1305 δὴ
1413 1270 1460 1296 καὶ
1474 1268 1541 1304 πρὸς
1553 1267 1592 1302 τῷ
1602 1267 1673 1293 τέλει
1687 1265 1773 1292 ταῦτα
1795 1262 1867 1290 sins-

1084 1327 1092 1343 ε
1103 1317 1245 1354 Μακάριος
1258 1318 1272 1343 6
1283 1316 1372 1352 τηρῶν
1388 1316 1450 1347 τοὺς
1463 1315 1558 1349 λόγους
1569 1312 1620 1347 τῆς
1637 1311 1805 1348 προφητείας
1821 1309 1868 1337 τοῦ

1082 1363 1184 1399 βιϐλίου
1201 1363 1305 1390 τούτου.
1316 1361 1400 1397 Κάγὼ
1420 1361 1545 1396 Ἰωάννης
1557 1361 1571 1386 6
1585 1359 1689 1394 βλέπων
1702 1358 1749 1385 καὶ
1761 1356 1869 1384 ἀκούων

1080 1409 1174 1436 ταῦτα.
1187 1419 1196 1435 ›
1208 1409 1268 1436 ’Ὁτι
1278 1409 1326 1444 μὲν
1336 1406 1381 1434 οὖν
1394 1407 1519 1442 Ἰωάννης
1534 1406 1606 1432 ἐστὶν
1617 1406 1631 1431 6
1643 1403 1729 1431 ταῦτα
1742 1403 1868 1439 γράφων,

1082 1455 1155 1491 αὑτῷ
1167 1455 1271 1489 λέγοντι
1287 1453 1444 1481 πιστευτέον
1453 1461 1460 1467 ”
1477 1453 1551 1484 ποῖος
1565 1451 1594 1478 δὲ
1607 1447 1693 1483 οὗτος,
1710 1449 1817 1485 ἄδηλον.
1829 1449 1867 1475 Οὐ

1081 1502 1135 1538 γὰρ
1152 1500 1226 1528 εἶπεν
1243 1501 1337 1528 ἑαυτὸν
1355 1498 1434 1531 εἶναι,
1450 1498 1488 1530 ὡς
1499 1499 1527 1525 ὲν
1541 1497 1580 1533 τῷ
1596 1496 1754 1531 Εὐαγγελίῳ
1771 1495 1869 1523 πολλα-

1082 1548 1139 1584 χοῦ,
1154 1548 1199 1575 τὸν
1213 1547 1390 1583 ἠγαπημένον
1409 1546 1461 1572 ὑπὸ
1473 1544 1519 1571 τοῦ
1537 1543 1638 1580 Κυρίου
1657 1541 1790 1579 μαθητὴν,
1807 1541 1868 1568 οὐδὲ

1081 1595 1126 1621 τὸν
1138 1594 1250 1628 ἀδελφὸν
1270 1592 1410 1624 Ἰακώϐου,
1424 1592 1484 1618 οὐδὲ
1500 1591 1544 1617 τον
1566 1590 1703 1625 αὐτόπτην
1723 1589 1769 1616 καὶ
1785 1588 1869 1624 αὑτή-

1081 1649 1143 1668 κοον
1158 1640 1204 1667 τοῦ
1223 1640 1325 1676 Κυρίου
1343 1638 1497 1674 γενόμενον.
1515 1635 1583 1663 Εἷπε
1599 1635 1653 1672 γὰρ
1671 1636 1703 1662 ἄν
1724 1643 1751 1661 τι
1767 1634 1868 1661 τούτων

1082 1689 1134 1715 τῶν
1151 1685 1405 1723 προδεδηλωμένων,
1422 1683 1514 1719 σαφῶς
1527 1683 1621 1709 ἑαυτὸν
1642 1681 1791 1717 ἐμφανίσαι
1807 1680 1867 1715 βου-

1080 1733 1201 1769 λόμενος.
1226 1732 1305 1759 Ἀλλὰ
1319 1731 1420 1758 τούτων
1436 1731 1484 1766 μὲν
1497 1729 1582 1756 οὐδέν.
1607 1727 1730 1761 Ἀδελφὸν
1744 1726 1772 1753 δὲ
1788 1725 1868 1762 ἡμῶν

1081 1780 1129 1807 καὶ
1146 1778 1325 1814 συγκοινωνὸν
1342 1775 1401 1803 εἷπε
1423 1776 1469 1803 καὶ
1494 1775 1618 1811 μάρτυρα
1637 1772 1734 1810 Ἰησοῦ,
1750 1772 1797 1800 καὶ
1817 1780 1873 1807 μα-

1081 1826 1177 1862 κάριον
1192 1827 1237 1852 ἐπὶ
1251 1826 1284 1860 τῇ
1301 1824 1350 1860 θέᾳ
1369 1823 1416 1850 καὶ
1428 1824 1495 1858 ἀκοῇ
1510 1822 1564 1848 τῶν
1579 1819 1784 1855 ἀποκαλύψεων.
1800 1818 1871 1846 Πολ-

1082 1871 1144 1903 λοὺς
1156 1870 1183 1897 δὲ
1197 1869 1358 1905 ὁμωνύμους
1377 1868 1485 1903 Ἰωάννῃ
1497 1866 1536 1902 τῷ
1549 1865 1687 1901 ἀποστόλῳ
1705 1863 1808 1899 νομίζω
1825 1872 1872 1898 γε-

1082 1917 1198 1952 γονέναι,
1214 1917 1237 1942 οἳ
1252 1915 1295 1942 διὰ
1311 1914 1357 1950 τὴν
1369 1914 1437 1949 πρὸς
1453 1914 1554 1939 ἐκεῖνον
1567 1912 1686 1947 ἀγάπην,
1699 1911 1745 1937 καὶ
1760 1910 1789 1936 τὺ
1805 1909 1871 1936 θαυ-

1083 1963 1179 1999 μάζειν
1196 1963 1243 1988 καὶ
1257 1960 1363 1997 ζηλοῦν,
1378 1958 1552 1995 ἀγαπηθῆναί
1567 1967 1596 1984 τε
1612 1957 1711 1993 ὁμοίως
1725 1955 1800 1992 αὐτῷ
1813 1955 1872 1990 βού-

1081 2009 1175 2036 λεσθαι
1188 2008 1239 2035 ὑπὸ
1256 2006 1302 2033 τοῦ
1321 2005 1423 2042 Κυρίου
1436 2025 1443 2037 ,
1459 2004 1506 2031 καὶ
1525 2004 1574 2039 τὴν
1589 2002 1744 2037 ἐπωνυμίαν
1759 2001 1808 2037 τὴν
1822 2001 1871 2027 αὐ-

1082 2054 1131 2089 τὴν
1147 2053 1315 2088 ἠσπάσαντο.
1336 2051 1440 2086 Ὥσπερ
1456 2050 1503 2076 καὶ
1517 2051 1530 2076 ὁ
1548 2048 1652 2079 Παῦλος
1673 2047 1757 2079 πολὺς
1778 2047 1825 2074 καὶ
1838 2046 1870 2082 δὴ

1083 2101 1155 2128 καὶὸ
1174 2100 1276 2135 Πέτρος
1300 2099 1328 2125 ὲν
1351 2098 1406 2129 τοῖς
1430 2095 1483 2122 τῶν
1506 2094 1607 2122 πιστῶν
1629 2094 1722 2121 παισὶν
1738 2092 1870 2128 ὀνομάξε-

1082 2156 1127 2174 ται
1209 2146 1286 2171 Ἔστι
1310 2144 1357 2180 μὲν
1377 2142 1422 2169 οὖν
1444 2141 1490 2168 καὶ
1506 2142 1597 2177 ἕτερος
1617 2140 1742 2175 Ἰωάννης
1763 2139 1790 2165 ἐν
1809 2141 1870 2171 ταῖς

1085 2193 1202 2231 Πράξεσι
1224 2192 1278 2219 τῶν
1300 2190 1454 2218 ἀποστόλων
1472 2191 1486 2216 6
1512 2188 1669 2224 ἐπικληθεὶς
1688 2188 1816 2223 Μάρκος⁶
1841 2187 1871 2214 ὃν

247 2243 346 2266 sortem
359 2237 440 2273 2'75
455 2243 575 2266 nostrum
591 2247 651 2266 sese
664 2239 819 2274 appellavit,
834 2244 862 2267 et
877 2244 972 2267 testem
986 2239 1029 2267 Je-

1084 2240 1225 2277 Βαρνάϐας
1248 2239 1294 2266 καὶ
1314 2237 1419 2268 Παῦλος
1438 2237 1542 2265 ἑαυτοῖς
1565 2233 1792 2270 συμπαρέλαϐον,
1807 2233 1872 2269 περὶ

247 2290 278 2310 su
290 2290 297 2315 ;
311 2283 418 2311 beatum
436 2284 553 2320 denique
570 2286 604 2313 ob
621 2286 706 2313 visam
723 2290 804 2321 atque
828 2287 949 2314 auditam
978 2287 1031 2313 Be-

246 2327 417 2356 velationem.
446 2330 486 2357 Ac
519 2331 652 2366 plurimos
685 2332 793 2367 quidem
824 2332 909 2360 fuisse
934 2333 1032 2368 opinor

241 2373 340 2401 Joanni
365 2375 488 2409 apostolo
511 2377 703 2411 cognomines,
719 2378 764 2412 qui
784 2383 894 2412 propter
911 2379 1031 2414 singula-

244 2427 301 2447 rem
318 2427 382 2455 erga
399 2420 473 2448 illum
496 2422 731 2455 benevolentiam,
757 2429 785 2450 et
801 2425 873 2458 quod
894 2425 1030 2452 hominem

244 2466 411 2493 mirarentur
425 2474 456 2494 ac
469 2468 659 2502 suspicerent,
675 2473 702 2495 et
716 2469 829 2503 perinde
843 2477 875 2496 ac
891 2470 934 2497 illc
948 2477 963 2496 a
980 2469 1032 2496 Do-

243 2511 318 2538 mino
337 2511 411 2547 diligi
431 2512 576 2546 ambirent,
590 2514 640 2541 hoc
657 2521 865 2549 cognomentum
884 2516 1031 2543 adornare-

244 2557 548 2592 rintzqucmadmndmn
561 2567 593 2586 ex
605 2560 723 2587 ﬁdelium
733 2561 826 2588 liberis
841 2561 940 2588 multos
954 2560 1029 2588 Pauli

281 2614 404 2653 (ΗῌῈῪ
424 2616 494 2653 ,τοῖς
522 2617 580 2643 τῶν
604 2617 721 2645 πιστῶν
751 2618 858 2645 παισὶν
890 2617 1030 2653 ὀνομάζε-

245 2649 308 2691 ῖτρὶ..
324 2649 464 2691 Νοιοηάυε
486 2658 527 2678 est
556 2653 599 2679 hic
626 2654 748 2691 Dionysii
766 2649 1031 2691 *locu‘SJIeAantiqua

245 2686 464 2724 Christianorum
485 2686 749 2722 cousuetudinefqui
765 2688 837 2716 Petri
852 2686 1034 2722 Paulique’et

247 2720 362 2757 aliorum
397 2726 553 2757 sanctorum
579 2724 687 2750 nomina
714 2720 809 2751 liberis
835 2724 891 2750 suis
913 2720 1033 2757 impone—

248 2753 325 2795 itaut,
339 2756 520 2795 tumbhouoris
533 2765 566 2795 ac
584 2758 780 2795 benevolentim
804 2766 896 2790 causa,
923 2753 979 2795 tum
1002 2762 1032 2784 ut

248 2788 326 2816 liberi
340 2792 380 2817 sui
393 2791 539 2827 Deorcltari
553 2794 714 2827 acceptique
737 2798 839 2825 essent,
863 2788 915 2819 non
945 2793 1034 2820 minus

248 2831 330 2864 (piant
347 2827 435 2852 sancti
451 2826 628 2864 illi_fuerant[
641 2826 709 2855 lli’nc
728 2830 853 2862 estquod
868 2828 1033 2864 Clirysosto-

250 2867 311 2899 Inus
325 2862 354 2899 in_
366 2864 437 2887 torno
455 2862 555 2899 primo,
569 2863 597 2890 in
623 2864 793 2899 orationetie
807 2867 900 2890 sancto
913 2862 1031 2899 Meletio,

250 2895 433 2923 Attliochenos
446 2901 518 2924 tanta
531 2897 717 2925 benevolentia
731 2897 866 2926 Meletium
877 2897 1031 2934 complexos

1083 2284 1113 2314 οὗ
1124 2286 1170 2313 καὶ
1178 2284 1257 2312 πάλιν
1268 2283 1366 2318 λέγει-ί
1380 2281 1457 2318 Εἶχον
1468 2282 1496 2308 δὲ
1509 2282 1555 2308 καὶ
1570 2280 1696 2316 Ἰωάννην
1704 2279 1848 2315 ὑπηρέτην.
1859 2289 1868 2306 ι

1083 2333 1114 2359 Εἰ
1131 2332 1158 2358 δὲ
1170 2328 1246 2362 οὗτος
1259 2331 1273 2356 6
1284 2328 1391 2364 γράψας
1405 2327 1477 2353 ἐστὶν
1488 2346 1494 2358 ,
1508 2326 1557 2352 οὐκ
1577 2325 1610 2352 ἂν
1625 2325 1706 2360 φαίην
1719 2333 1726 2339 ·
1740 2324 1800 2351 οὐδὲ
1816 2325 1872 2359 γὰρ

1073 2377 1195 2413 ,ἀφῖχθαι
1209 2377 1256 2403 σὺν
1273 2376 1363 2406 αὐτοῖς
1378 2375 1417 2405 εἰς
1431 2372 1478 2408 τὴν
1492 2372 1581 2398 Ἀσίαν
1595 2371 1758 2407 γέγραπται.
1771 2379 1780 2396 ‹
1792 2370 1872 2397 Ἀλλὰ

1084 2423 1244 2459 ἀναχθέντες
1262 2421 1320 2457 μὲν,
1334 2421 1424 2456 φησὶν,
1441 2419 1494 2446 ἀπὸ
1509 2419 1557 2454 τῆς
1569 2418 1662 2452 Πάφου
1676 2418 1700 2444 οἱ
1718 2417 1781 2453 περὶ
1797 2416 1872 2443 Παῦ-

1082 2470 1136 2502 λον,
1153 2467 1235 2505 ἦλθον
1257 2468 1296 2499 εἰς
1310 2467 1418 2502 Πέργην
1431 2465 1480 2500 τῆς
1502 2463 1673 2500 Παμφυλίας.
1696 2462 1821 2498 Ἰωάννης
1843 2462 1873 2489 δὲ

1081 2516 1262 2551 ἀποχωρήσας
1273 2514 1319 2540 ἀπ’
1333 2512 1430 2544 αὐτῶν,
1440 2509 1606 2545 ὑπέστρεψεν
1617 2510 1656 2541 είς
1671 2508 1870 2544 Ἰεροσόλυμα.)

1084 2560 1178 2586 Ἀλλον
1200 2559 1228 2585 δέ
1247 2567 1307 2585 τινα
1321 2555 1398 2593 οἶμαι
1411 2555 1464 2582 τῶν
1485 2556 1514 2581 ὲν
1535 2554 1612 2590 Ἀσίᾳ
1624 2554 1793 2589 γενομένων·
1809 2553 1873 2580 ἐπεὶ

1085 2625 1146 2644 esse
1160 2617 1269 2650 scribit,
1295 2620 1324 2643 ut
1349 2618 1477 2649 parentes
1500 2613 1593 2640 liberis
1607 2612 1667 2650 suis
1682 2611 1871 2650 nomen_illins

1085 2646 1268 2686 imponerent.
1291 2646 1356 2686 quo'
1369 2651 1476 2676 dontum
1495 2655 1571 2675 suam
1582 2646 1806 2686 Δ(ξῇιις-Ριτιξςηιίει
1822 2654 1872 2686 e3:-

1084 2680 1224 2715 ornarent.
1240 2680 1311 2714 ιιιωὴ
1335 2686 1557 2719 Chrysostomus,
1582 2680 1693 2710 humilia
1716 2682 1748 2708 2i
1775 2682 1802 2719 in
1823 2680 1873 2708 Ge-

1086 2732 1116 2749 ne
1124 2723 1184 2755 sim,
1202 2722 1340 2749 auditores
1351 2717 1416 2748 smis
1434 2721 1572 2749 hortatur,
1589 2722 1618 2744 ut
1635 2725 1689 2745 non
1705 2717 1808 2752 quaevis
1824 2724 1874 2743 no-

1086 2759 1159 2784 mina
1175 2764 1277 2785 temere
1289 2764 1322 2783 ac
1339 2755 1460 2787 fortuito,
1480 2760 1529 2781 nec
1546 2760 1660 2780 avorum
1683 2757 1730 2778 aut
1755 2759 1874 2787 proavo-

1087 2801 1157 2825 rum,
1174 2797 1220 2819 aut
1234 2791 1380 2818 illustrium
1397 2790 1532 2825 virorum,
1548 2788 1594 2825 sed
1609 2792 1770 2825 sanctorum
1781 2787 1872 2825 potius

1087 2821 1226 2854 hominum
1255 2827 1300 2861 qui
1326 2825 1471 2852 virtutibus
1488 2823 1665 2855 refulserunt,
1693 2822 1800 2861 liberis‘
1815 2821 1874 2861 suis

1087 2864 1228 2897 imponant
1245 2857 1452 2896 appellationes,
1468 2865 1497 2886 ut
1512 2865 1606 2885 eorum
1623 2857 1749 2892 exemplo
1767 2858 1801 2884 ad
1822 2857 1876 2884 vir-

1088 2903 1170 2924 tutem
1185 2898 1373 2925 incendantur.
