2002 3169
135 179 187 207 701

627 180 800 209 HISTORle
819 180 1093 210 ECCLESIASTICAZ
1113 183 1177 211 LIB.
1197 183 1254 211 ΥΠ.

1702 186 1755 212 7οἲ

137 238 186 264 καὶ
208 236 253 263 δύο
275 236 354 271 φασὶν
378 238 407 263 ὲν
434 237 538 273 Ἐφέσῳ
559 238 684 272 γενέσθαι
713 240 860 275 μνήματα,
880 240 925 266 καὶ

984 240 1102 275 ?ctrique
1119 242 1272 270 nominibus
1295 243 1443 277 appellatos
1457 244 1590 272 videmus.
1613 243 1660 272 Est
1674 244 1752 270 etiam

137 284 267 320 ἑκάτερον
289 283 409 311 Ἰωάννου
425 283 559 318 λέγεσθαι.
577 285 632 312 Καὶ
646 285 700 312 ἀπὸ
713 285 767 312 τῶν
783 286 924 322 νοημάτων

137 330 166 357 δὲ
182 330 227 357 καὶ
245 330 299 357 τῶν
323 331 451 366 ῥημάτων
468 331 514 358 καὶ
538 332 587 368 τῆς
600 332 750 365 συντάξεως
765 333 802 368 (5)
824 333 923 364 αὐτῶν,

137 376 251 407 εἰκότως
270 376 361 412 ἔτερος
384 374 460 409 οὗτος
481 378 545 413 παρ’
571 380 673 405 ἐκεῖνον
699 379 922 414 ὑπονοηῠήσεται.

138 422 283 457 Συνᾴδουσι
308 421 358 457 μὲν
373 422 428 457 γὰρ
450 422 574 458 ἀλλήλοις
600 424 630 449 τὸ
652 424 814 458 Εὑαγγέλιον
839 424 886 451 καὶ
907 425 923 459 ἡ

145 467 298 503 Ἐπιστολὴ,
316 467 413 503 ὁμοίως
426 477 456 494 τε
470 468 607 504 ἄρχονται.
625 469 660 496 Τὸ
676 470 725 505 μέν
750 478 841 505 φησιν,
854 479 863 496 ι
881 470 925 496 Ἐν

139 514 212 549 ἀρχῇ
220 512 252 549 ἦν
266 515 280 540 ό
293 514 403 548 Λόγος-ι
414 514 490 550 ἡδὲ,‹
499 516 530 541 Ὃ
542 513 576 551 ἦν
586 516 735 552 ἀπαρχῆςη
747 516 783 542 Τὸ
793 516 842 552 μέν
849 525 924 552 φησι,

143 568 153 585 ‹
164 560 219 586 Καὶ
237 561 250 586 ὁ
267 560 351 594 Λόγος
365 561 433 597 σὰρξ
450 562 567 595 ἐγένετο,
584 564 630 589 καὶ
644 564 798 599 ἐσκήνωσεν
809 565 837 590 ἐν
850 565 924 599 ἡμῖν,

140 605 189 631 καὶ
203 605 372 641 ἐθεασάμεθα
388 607 436 643 τὴν
453 607 530 639 δόξαν
546 608 644 640 αὐτοῦ,
659 608 737 640 δόξαν
753 609 789 640 ὡς
810 609 927 643 Μονογε-

139 650 203 681 νοῦς
220 651 293 686 παρὰ
306 652 421 687 Πατρός·
435 662 443 678 ι
461 653 515 688 ἡδὲ
529 653 563 680 τὰ
579 653 648 680 αὐτὰ
664 654 772 689 σμικρῷ
788 653 926 689 παρηλλα-

139 696 238 731 γμένα·
256 706 265 722 ‹
281 698 313 723 Ὃ
328 697 494 734 ἀκηκόαμεν,
509 699 523 726 ὃ
534 699 695 735 ἑωράκαμεν
711 701 765 732 τοῖς
780 700 927 735 ὀφθαλμοῖς

138 741 230 776 ἡμῶν,
243 742 257 768 ὅ
279 743 464 779 ἐθεασάμεθα,
481 744 528 771 καὶ
543 746 569 771 αἱ
585 747 674 780 χεῖρες
691 745 768 780 ήμῶν
788 745 928 781 ἐψηλάφη-

112 817 120 823 _
142 793 202 819 σαν,
212 787 328 823 περὶτοῦ
339 789 424 823 Λόγου
437 789 488 825 τῆς
498 789 579 825 ζωῆς·
593 791 662 825 καὶὴ
675 790 730 826 ζωὴ
741 791 907 827 ἐφανερώθη.
916 801 924 817 ι

149 833 242 861 Ταῦτα
255 835 308 870 γὰρ
324 837 552 871 προανακρούεται
567 836 772 873 διατεινόμενος,
783 838 819 870 ὡς
830 839 858 865 ὲν
874 840 929 870 τοῖς

141 879 206 915 ἑξῆς
218 880 332 916 ἐδήλωσε
345 882 411 917 προς
420 882 483 914 τοὺς
499 883 548 909 οὐκ
563 884 592 909 ἐν
607 885 688 919 σαρκὶ
706 884 858 918 φάσκοντας
869 884 930 920 ὲλη-

140 926 250 953 λυθέναι
265 927 310 953 τὸν
321 928 429 963 Κύριον·
438 929 471 956 δι’
482 929 499 956 ἃ
513 930 558 956 καὶ
567 930 683 965 συνῆψεν
696 931 841 966 ἐπιμελῶς,
855 941 863 957 ι
874 931 928 958 Καὶ

133 972 155 998 ’ὃ
173 972 334 1009 ἑωράκαμεν
352 974 543 1010 μαρτυροῦμεν
553 995 560 1007 ,
576 977 622 1002 καὶ
642 977 848 1013 ἀπαγγέλλομεν
864 978 928 1013 ὑμῖν

141 1018 191 1054 τὴν
206 1018 277 1055 ζωὴν
292 1019 340 1055 τῆν
354 1019 472 1052 αἰώνιον,
487 1021 547 1056 ἥτις
559 1019 592 1057 ἦν
607 1023 674 1058 πρὸς
687 1022 731 1049 τὸν
748 1024 865 1059 Πατέρα,
883 1024 929 1050 καὶ

141 1063 301 1101 ἐφανερώθη
313 1066 380 1100 ἡμῖν
390 1073 396 1078 ‘
409 1065 424 1091 ὃ
438 1065 599 1102 ἑωράκαμεν
610 1067 656 1093 καὶ
668 1067 837 1103 ἀκηκόαμεν,
846 1069 930 1103 ἀπαγ-

143 1110 274 1146 γέλλομεν
299 1111 370 1147 ὑμῖν.
387 1121 397 1137 ›
412 1113 520 1147 Ἔχεται
536 1112 617 1140 αὑτοῦ
641 1113 688 1140 καὶ
703 1114 756 1140 τῶν
776 1114 929 1150 προθέσεων

143 1155 195 1182 οὐκ
212 1156 368 1190 ἀφίσταται.
380 1157 430 1184 Διὰ
444 1157 471 1184 δὲ
489 1158 541 1185 τῶν
558 1159 647 1186 αὐτῶν
668 1160 818 1194 κεφαλαίων
832 1160 869 1196 (6)
884 1162 931 1188 καὶ

144 1202 285 1237 ὀνομάτων
307 1203 396 1230 πάντα
418 1203 600 1240 διεξέρχεται·
630 1202 667 1232 ὧν
690 1215 750 1232 τινα
775 1207 823 1242 μὲν
852 1208 931 1242 ἡμεῖς

145 1248 286 1284 συντόμως
295 1249 486 1286 ὑπομνήσομεν
499 1250 547 1286 (7).
571 1251 599 1277 '0
610 1252 638 1278 δὲ
650 1253 789 1287 προσεχῶς
801 1254 932 1288 ἐντυγχά-

145 1303 209 1326 νων,
226 1295 334 1330 εὑρήσει
351 1296 380 1322 ἐν
394 1296 517 1332 ἑκατέρῳ
532 1297 631 1333 πολλὴν
646 1298 695 1334 τὴν
714 1298 799 1333 ζωὴν,
821 1299 886 1326 πολὺ
901 1300 931 1326 τὸ

147 1340 216 1374 φῶς,
235 1342 389 1378 ἀποτροπὴν
408 1342 454 1369 τοῦ
470 1343 596 1375 σκότους,
617 1345 714 1380 συνεχῆ
730 1344 778 1380 τὴν
793 1345 931 1381 ἀλήθειαν,

147 1386 197 1422 τὴν
221 1387 300 1423 χάριν
310 1408 316 1419 ,
332 1388 380 1423 τὴν
396 1389 497 1424 χαρὰν,
520 1390 568 1425 τὴν
583 1390 672 1426 σάρκα
693 1392 738 1418 καὶ
757 1392 787 1418 τὸ
802 1389 871 1427 αἷμα
886 1392 932 1419 τοῦ

147 1434 251 1469 Κυρίου
263 1455 270 1466 ,
287 1435 335 1470 τὴν
349 1435 438 1471 κρίσιν
448 1457 454 1468 ,
468 1436 516 1471 τὴν
531 1437 626 1470 ἄφεσιν
640 1438 694 1464 τῶν
710 1439 850 1474 ἁμαρτιῶν
861 1459 868 1470 ,
884 1439 933 1474 τὴν

149 1479 218 1514 πρὸς
230 1481 302 1515 ἡμᾶς
313 1481 423 1517 ἀγάπην
437 1481 483 1508 τοῦ
496 1482 573 1513 Θεοῦ,
584 1482 633 1518 τὴν
646 1484 712 1519 πρὸς
719 1484 849 1520 ἀλλήλους
861 1485 933 1520 ἡμᾶς

149 1525 261 1561 ἀγάπης
272 1526 394 1562 ἐντολὴν,
402 1527 439 1558 ὡς
452 1528 540 1560 πάσας
549 1528 589 1555 δεῖ
600 1529 746 1565 φυλάσσειν
756 1530 805 1562 τὰς
815 1531 932 1563 ἐντολάς·

149 1572 164 1597 ὁ
187 1571 294 1606 ἔλεγχος
308 1572 353 1599 τοῦ
371 1573 472 1608 κόσμου
489 1574 545 1609 (8),
560 1574 607 1601 τοῦ
626 1575 746 1602 διαϐόλου
757 1596 765 1607 ,
779 1576 826 1603 τοῦ
848 1577 934 1603 Ἀντι-

149 1617 271 1652 χρὶστου,
287 1619 303 1654 ή
320 1619 469 1653 ἐπαγγελία
481 1620 527 1646 τοῦ
542 1621 619 1654 ἁγίου
634 1621 801 1657 Πνεύματος,
817 1623 833 1658 ἡ
849 1621 934 1649 υἱοθε-

151 1663 197 1690 σία
212 1664 259 1690 τοῦ
274 1664 340 1691 Θεοῦ
350 1685 356 1697 ,
375 1666 391 1701 ή
407 1666 493 1693 διόλου
512 1666 602 1699 πίστις
619 1667 696 1702 ἡμῶν
712 1668 906 1704 ἀπαιτουμένη,
920 1669 934 1696 ὁ

149 1710 245 1746 Πατὴρ
253 1712 299 1739 καὶ
306 1713 320 1738 ό
328 1712 391 1743 Υἱὸς
400 1713 545 1749 πανταχοῦ·
555 1714 601 1740 καὶ
610 1714 677 1746 ὅλως
683 1715 726 1741 διὰ
734 1716 839 1742 πάντων
851 1724 935 1750 χαρα-

150 1756 338 1792 κτηρίζοντας,
349 1757 397 1785 ἕνα
405 1758 451 1785 καὶ
459 1759 504 1785 τὸν
509 1759 588 1787 αὐτὸν
599 1761 712 1796 συνορᾷν
719 1760 765 1787 τοῦ
776 1769 805 1788 τε
817 1761 937 1796 Εὐαγγε-

150 1801 209 1830 λίου
215 1803 262 1830 καὶ
267 1804 314 1839 τῆς
321 1805 478 1840 Ἐπιστολῆς
483 1806 575 1841 χρῶτα
581 1807 663 1842 πρόκε
668 1807 900 1843 ιται.⁹Αλλοιοτάτη
908 1808 936 1835 δὲ

151 1849 200 1876 καὶ
209 1849 271 1885 ξένη
281 1851 356 1886 παρὰ
362 1851 448 1878 ταῦτα
458 1853 473 1886 ἡ
483 1852 673 1887 Ἀποκάλυψις,
684 1854 750 1889 μήτε
763 1854 936 1890 ἐφαπτομένη

153 1896 224 1931 μήτε
234 1897 378 1930 γειτνιῶσα
388 1898 488 1924 τούτων
505 1898 600 1933 μηδενὶ
613 1899 714 1933 σχεδὸν,
721 1899 758 1931 ὡς
765 1901 863 1931 εἰπεῖν,
872 1900 939 1935 μηδὲ

154 1941 288 1977 συλλαϐὴν
302 1943 369 1979 πρὸς
382 1944 453 1970 αὑτά
464 1944 554 1979 κοινὴν
564 1944 661 1979 ἔχουσα
670 1953 677 1960 ⁶
691 1945 748 1972 ἀλλ’
760 1945 818 1972 οὐδὲ
831 1946 938 1981 μνήμην

152 1986 215 2015 τινὰ
228 1987 287 2015 οὐδὲ
297 1988 409 2022 ἔννοιαν,
419 1989 503 2025 οὔτεὴ
516 1990 654 2026 Ἐπιστολὴ
665 1990 715 2025 τῆς
733 1990 938 2026 Ἀποκαλύψεως

153 2033 211 2070 ἔχει
221 2043 228 2049 ·
244 2035 282 2060 ἐῶ
295 2036 350 2071 γὰρ
366 2035 396 2062 τὸ
410 2036 581 2070 Εὑαγγέλιον·
599 2035 661 2062 οὔτε
675 2036 723 2071 τῆς
746 2037 904 2069 Ἐπιστολῆς
918 2038 935 2073 ὴ

161 2080 358 2116 ’Δποκάλυψις-
373 2082 478 2108 Παύλου
493 2081 536 2109 διὰ
554 2082 607 2109 τῶν
621 2082 767 2109 ἐπιστολῶν
783 2083 937 2118 ὑποφήναν-

153 2127 202 2158 τός
213 2135 240 2152 τι
252 2126 299 2153 καὶ
315 2127 378 2161 περὶ
391 2126 443 2153 τῶν
467 2126 662 2161 ἀποκαλύψεων
683 2126 776 2158 αὑτοῦ,
793 2127 826 2159 ἃς
836 2128 885 2154 οὐκ
899 2129 940 2154 ὲν-

155 2172 262 2207 ἐτραψε
277 2171 338 2199 καθ’
347 2173 441 2204 αὑτάς.
451 2174 510 2200 Ἔτι
523 2173 551 2199 δὲ
565 2174 612 2200 καὶ
622 2173 671 2209 τῆς
684 2174 809 2210 φράσεως
823 2172 872 2210 τὴν
885 2172 941 2200 δια-

193 2263 218 2280 δ¹
233 2264 295 2291 Act.
308 2271 367 2292 xm.
406 2264 439 2281 ’Ψ
450 2264 518 2293 Ibid.

974 285 1042 313 alius
1057 285 1176 313 Joannes
1197 287 1223 314 in
1239 288 1350 315 Actibus
1365 289 1557 323 apostolorum,
1578 292 1755 322 cognomento

976 332 1092 365 Marcus,
1105 341 1183 368 quem
1196 333 1333 362 Barnabas
1347 339 1374 362 et
1387 335 1487 363 Paulus
1503 336 1629 363 comitem
1645 334 1696 360 sibi
1713 333 1756 359 ad-

971 377 1130 411 iunxerunt.
1146 379 1184 406 De
1201 386 1255 414 quo
1270 379 1350 406 etiam
1368 387 1461 408 rursus
1475 381 1571 408 dicitur
1584 381 1607 397 ⁸⁸
1621 389 1628 408 :
1646 389 1655 405 ‹
1666 379 1755 406 Habe-

976 424 1040 451 bant
1067 429 1156 451 autem
1184 425 1317 454 Joannem
1341 426 1506 454 ministrum.
1524 436 1533 452 ι
1550 427 1590 454 An
1607 427 1649 454 hic
1665 425 1756 460 sitqui

977 470 1182 498 Revelationem
1196 472 1316 506 scripsit,
1329 471 1394 499 mihi
1407 480 1460 499 non
1475 472 1569 507 liquet.
1582 471 1675 506 Neque
1683 471 1755 498 enim

977 523 1030 542 una
1047 523 1108 543 cum
1125 516 1178 544 illis
1202 517 1228 544 in
1254 517 1347 544 Asiam
1363 518 1469 545 venisse
1487 518 1655 552 perhibetur.
1675 525 1684 542 ι
1703 516 1755 543 Sed

977 567 1037 587 cum
1065 560 1226 594 solvissent,
1248 562 1352 596 inquit,
1371 570 1386 590 a
1413 563 1515 598 Papho,
1531 562 1630 589 Paulus
1650 562 1757 597 quidem

977 604 1082 639 Pergen
1114 606 1278 642 Pamphyliae
1300 608 1436 642 profectus
1467 613 1527 643 est;
1550 607 1668 635 Joannes
1693 614 1758 634 vero

977 646 1118 679 discedens
1134 653 1168 680 ab
1190 654 1252 686 illis,
1270 661 1393 682 reversus
1407 660 1448 682 est
1463 654 1674 689 Hierosolymam
1691 652 1734 679 ιδ’.
1745 661 1755 678 ι

977 696 1065 724 Alium
1082 699 1163 733 igitur
1174 707 1235 727 esse
1259 707 1357 728 censeo
1374 711 1379 728 :
1396 709 1477 727 unum
1491 701 1597 727 scilicet
1609 707 1702 727 eorum
1714 699 1760 733 qui

979 746 1006 773 in
1023 746 1087 773 Asia
1099 747 1201 774 versati
1218 751 1290 775 sunt.
1314 747 1370 774 Duo
1390 748 1461 775 enim
1477 747 1547 782 apud
1566 747 1701 781 Ephesum
1718 753 1761 773 se-

978 791 1071 826 pulcra
1088 792 1171 819 fuisse
1189 793 1344 826 traduntur,
1359 798 1505 828 utrumque
1526 793 1637 821 Joannis
1653 793 1762 820 nomine

980 837 1151 871 insignitum.
1169 837 1209 864 Ex
1223 839 1366 865 sententiis
1380 846 1488 873 quoque
1506 843 1533 865 et
1552 846 1584 865 ex
1598 838 1689 866 verbis
1716 845 1762 866 eo-

982 890 1098 918 rumque
1116 883 1304 914 colldcatione,
1318 883 1399 910 facile
1413 883 1558 916 conjicitur
1579 883 1651 910 hunc
1670 883 1762 911 abillo

981 930 1115 958 diversum
1131 929 1225 957 fuisse.
1251 928 1318 956 Nam
1335 929 1508 964 Evangelium
1531 935 1559 956 et
1578 929 1694 964 Epistula
1711 929 1762 956 sibi

980 981 1075 1004 mutuo
1093 980 1246 1004 Consonant
1258 997 1266 1009 ,
1283 981 1310 1003 et
1332 976 1426 1003 eodem
1445 976 1588 1003 ordiuntur
1601 975 1690 1003 modo.
1717 975 1762 1003 Sic

979 1022 1050 1050 enim
1064 1023 1159 1058 incipit
1173 1022 1348 1057 Evangelium
1373 1029 1380 1048 :
1395 1031 1404 1046 ‹
1428 1020 1457 1047 lu
1476 1021 1610 1056 principio
1626 1026 1684 1048 erat
1699 1021 1764 1049 Ver-

978 1069 1052 1096 bum.
1069 1078 1078 1094 »
1113 1069 1228 1104 Epistula
1252 1076 1316 1095 vero
1332 1078 1338 1095 :
1360 1077 1368 1094 ί
1387 1068 1462 1101 Quod
1495 1068 1545 1095 fuit
1559 1068 1592 1095 ab
1605 1068 1690 1095 initio.
1710 1078 1719 1094 ›
1735 1068 1761 1094 In

981 1116 1027 1144 illo
1042 1116 1142 1143 dicitur
1156 1123 1163 1142 :
1183 1125 1193 1141 ι
1217 1116 1249 1142 Ει
1265 1115 1382 1143 Verbum
1397 1123 1462 1142 caro
1479 1115 1579 1142 factum
1597 1120 1638 1142 cst
1649 1135 1656 1147 ,
1671 1119 1698 1142 et
1713 1116 1760 1143 ha-

980 1161 1076 1188 bitavit
1107 1161 1132 1187 in
1156 1160 1243 1187 nobis.
1268 1160 1300 1186 Et
1330 1160 1448 1186 vidimus
1473 1160 1583 1195 gloriam
1612 1160 1689 1193 ejus,
1706 1160 1763 1195 glo-

981 1207 1048 1235 riam
1076 1207 1152 1242 quasi
1179 1205 1311 1241 Unigeniti
1332 1213 1347 1233 a
1363 1205 1453 1233 Patre.
1473 1216 1482 1231 ι
1505 1205 1567 1233 ηερε
1584 1213 1649 1233 vero
1666 1207 1762 1233 cadent

981 1253 1081 1286 habet,
1098 1252 1236 1287 paulisper
1263 1257 1366 1279 tantum
1391 1252 1532 1280 immutata
1547 1261 1553 1279 :
1571 1261 1581 1278 ι
1599 1252 1676 1285 Quod
1691 1252 1764 1278 audi-

982 1298 1069 1326 vimus
1080 1318 1088 1330 ,
1113 1298 1184 1332 quod
1209 1298 1325 1325 vidimus
1337 1297 1422 1325 oculis
1438 1298 1548 1330 nostris,
1565 1297 1637 1332 quod
1651 1305 1764 1332 perspe-

983 1345 1089 1378 ximus,
1123 1349 1150 1371 et
1187 1352 1281 1372 manus
1315 1348 1413 1371 nostra:
1438 1348 1698 1376 contrectaverunt,
1730 1344 1763 1369 de

984 1390 1072 1418 Verbo
1098 1391 1158 1418 vita
1172 1399 1178 1416 :
1194 1395 1221 1416 et
1245 1390 1298 1417 vita
1323 1390 1494 1417 manifestata
1521 1394 1573 1416 est.
1591 1399 1600 1416 ι
1621 1389 1682 1416 “(ec
1692 1389 1764 1416 enim

985 1437 1030 1464 ille
1044 1436 1124 1464 veluti
1145 1436 1335 1463 modulationis
1358 1436 1481 1470 proludia
1498 1435 1649 1470 praemittit,
1669 1436 1765 1463 adver-

984 1489 1030 1510 sus
1043 1489 1089 1509 eos
1103 1481 1148 1516 qui
1165 1481 1303 1508 Christum
1319 1481 1345 1508 in
1360 1488 1443 1508 carne
1465 1481 1607 1508 advenisse
1620 1481 1764 1516 negabant,

985 1533 1013 1554 ut
1026 1527 1052 1555 in
1067 1526 1244 1560 sequentibus
1256 1527 1383 1554 ostendit.
1396 1525 1577 1559 Quamobrem
1590 1526 1622 1554 de
1634 1526 1765 1554 industria

947 1586 969 1615 ο
986 1574 1124 1610 subiunxit
1140 1583 1146 1600 :
1165 1583 1174 1599 ί
1194 1572 1227 1600 Ει
1238 1573 1309 1608 quod
1324 1573 1440 1600 vidimus
1463 1577 1606 1606 testamur,
1621 1577 1648 1600 et
1663 1580 1768 1599 annun-

985 1621 1082 1650 tiamus
1103 1620 1178 1647 vobis
1204 1619 1286 1645 vitam
1310 1623 1455 1652 aeternam,
1481 1626 1541 1654 quae
1555 1623 1615 1646 erat
1635 1618 1706 1653 apud
1717 1616 1770 1645 Pa-

987 1673 1053 1695 trem
1073 1671 1100 1693 et
1119 1665 1240 1701 apparuit
1267 1665 1352 1692 nobis.
1381 1665 1456 1698 Quod
1487 1665 1603 1692 vidimus
1622 1669 1650 1692 et
1663 1665 1771 1691 audivi-

987 1720 1059 1744 mus,
1088 1710 1279 1738 annuntiamus
1308 1710 1394 1737 vobis.
1413 1720 1422 1736 ι
1451 1710 1525 1736 Adeo
1537 1714 1608 1737 totus
1624 1717 1657 1736 ex
1672 1709 1774 1744 seipse

989 1747 1097 1793 pendet,
1114 1761 1166 1784 eta
1182 1757 1412 1791 propositionibus
1433 1757 1489 1783 suis
1507 1764 1540 1784 ne
1562 1757 1647 1783 latum
1661 1756 1773 1791 quidem.

990 1811 1104 1839 unguem
1121 1803 1254 1835 discedit;
1268 1803 1315 1830 sed
1328 1803 1422 1830 iisdem
1439 1810 1507 1837 pene
1520 1802 1654 1837 capitibus
1666 1809 1698 1828 ac
1711 1809 1774 1828 ver-

989 1849 1032 1877 bis
1050 1852 1146 1876 cuncta
1160 1849 1341 1883 prosequitur.
1356 1849 1395 1875 Ex
1410 1849 1508 1883 quibus
1519 1856 1569 1875 nos
1581 1848 1690 1882 quidem
1703 1855 1775 1874 non-

989 1895 1062 1923 nulla
1080 1893 1200 1922 breviter
1214 1902 1399 1930 suggeremus.
1415 1894 1465 1927 Qui
1484 1901 1548 1921 vero
1561 1897 1663 1921 attente
1682 1893 1771 1927 perle-

989 1943 1068 1978 gerit,
1088 1943 1114 1970 in
1128 1947 1242 1977 utroque
1257 1941 1353 1976 saepius
1368 1941 1459 1972 vitam,
1475 1940 1556 1975 276
1569 1940 1667 1972 lucem,
1681 1939 1774 1975 fugam.

991 1989 1163 2016 tenebrarum
1175 1997 1183 2022 ;
1207 1988 1362 2022 frequenter
1376 1986 1516 2013 veritatem
1529 2006 1537 2018 ,
1554 1985 1668 2020 gratiam
1681 2005 1688 2018 ,
1703 1993 1773 2017 gau-

991 2034 1075 2067 dium,
1091 2042 1200 2062 carnem
1215 2038 1242 2061 et
1255 2033 1415 2068 sanguinem
1429 2032 1544 2064 Domini,
1558 2031 1699 2067 judicium,
1712 2038 1774 2066 pec-

991 2084 1112 2108 catorum
1129 2078 1334 2111 remissionem;
1357 2077 1404 2104 Dei
1430 2069 1495 2111 σι’εέ
1518 2084 1567 2104 nos
1589 2075 1772 2109 dilectionem,

993 2126 1171 2153 mutuaainter
1186 2133 1235 2153 nos
1249 2124 1402 2152 dilectionis
1414 2126 1576 2159 praeceme
1590 2131 1597 2150 :
1610 2127 1637 2151 et
1647 2123 1772 2150 universa

995 2178 1131 2208 praecepta
1149 2172 1281 2200 servanda
1299 2179 1360 2201 esse
1373 2171 1500 2207 reperiet.
1517 2171 1558 2198 Ad
1579 2170 1636 2198 haec
1647 2170 1775 2197 condem-

208 2347 235 2382 5)
249 2347 309 2387 _Kal
332 2347 391 2376 ἀπὸ
412 2348 472 2388 τῷν
494 2348 709 2388 νοημτων-ῥὲ
725 2348 774 2375 καὶ
790 2349 931 2384 ῥημάτων

994 2345 1235 2388 comprehendere.
1250 2343 1336 2372 Porro
1345 2350 1390 2388 ἐκ.
1401 2343 1462 2388 hoc,
1475 2342 1533 2388 loco
1550 2346 1674 2388 apparet,
1689 2348 1775 2388 qu‘aln-

197 2346 235 2409 $5)
249 2347 309 2387 βαι
332 2347 391 2376 ἀπὸ
412 2348 472 2391 ζῶν
494 2348 651 2388 νοημοζτων
675 2348 709 2375 δὲ
725 2348 774 2375 καὶ
790 2349 941 2384 ῥημάτων,

159 2391 201 2409 κα
226 2391 281 2416 της
325 2384 498 2416 συνταξεως
520 2386 630 2411 αὑτων.
660 2383 717 2410 Hoc
739 2388 885 2412 secundum
902 2389 944 2411 est

161 2422 365 2455 argumentum,
381 2426 440 2455 quo
466 2420 608 2455 Dionysius
636 2418 846 2455 Alexandrinus
862 2419 944 2452 conji-

162 2452 264 2489 ciebat.
285 2453 478 2489 Apocalypsim
501 2452 727 2486 et'Evangelium
751 2453 863 2482 Joannis
888 2462 941 2482 nou

162 2488 245 2516 unius
262 2489 404 2523 scriptoris
422 2497 488 2524 opus
514 2497 583 2517 esse.
614 2489 734 2515 Primum
760 2489 833 2516 enim
860 2497 942 2524 argu-

162 2528 286 2559 mentum
301 2524 373 2558 quod
392 2524 417 2550 id
444 2525 585 2559 probabat,
610 2524 710 2558 petitur
725 2531 759 2550 cx
779 2524 899 2551 moribus
915 2530 942 2551 et

162 2558 288 2594 instituto
299 2558 449 2594 utriusque
460 2560 612 2594 scriptoris,
629 2564 657 2586 ut
672 2559 730 2594 ipse
743 2559 888 2594 Dionysius
904 2560 943 2586 in-

164 2593 284 2630 sinuavit
298 2593 341 2630 his
362 2593 453 2622 verbis
466 2604 473 2622 :
489 2593 690 2630 Τέκμαιρομαιῖ
697 2593 752 2630 γὰρ
763 2594 795 2620 ἐκ
810 2593 838 2620 τε
854 2594 901 2630 τοᾷ
915 2595 946 2630 ἥ-

165 2628 231 2660 θους
246 2629 394 2665 ἑκατέρων.
411 2630 443 2656 Et
460 2630 509 2657 hoc
520 2628 829 2665 quidem'argumentum
844 2630 877 2656 ad
891 2628 947 2656 huic

166 2671 255 2698 usque
274 2664 357 2691 verba
374 2671 434 2698 quae
449 2672 528 2698 supra
548 2664 699 2699 posuimus,
715 2664 860 2699 Dionysius
874 2672 948 2691 exse-

165 2704 248 2726 cutus
263 2703 317 2726 θει.
334 2699 409 2726 Νιιιιε
427 2707 492 2726 vero
509 2699 624 2726 alterum
640 2704 828 2733 argumentum
847 2707 946 2734 propo-

167 2734 219 2768 nit,
235 2742 269 2761 ει
285 2734 375 2761 verbis
389 2739 416 2761 et
431 2735 574 2762 sententiis
589 2735 729 2769 utriusque
750 2734 902 2768 scriptoris,
916 2739 944 2761 et;

166 2777 200 2796 ex
219 2769 400 2797 collocatione
415 2770 572 2797 verborum.
586 2768 632 2802 Sic
645 2768 718 2796 enim
737 2777 797 2795 cum
812 2768 944 2796 Cicerone

166 2804 333 2839 interpretor
353 2812 446 2831 vocem
473 2804 545 2830 illam
579 2804 712 2838 σύνταξιν.
744 2805 810 2839 Vide
835 2804 944 2839 elegan-

167 2838 304 2867 tissimum
314 2839 414 2867 librum
425 2840 543 2874 Dionysii
556 2839 614 2866 Hal.
624 2840 694 2873 Περὶ
703 2838 951 2872 συντάξεως-ὀνο-

167 2875 286 2910 μάτων.
302 2875 460 2908 Quanquam
474 2873 525 2900 huc
545 2875 603 2901 loco
619 2873 752 2906 σύνταξις,
775 2879 828 2901 tam
843 2879 950 2901 senten-

170 2910 288 2944 tiarum,
318 2916 400 2944 quam
427 2910 571 2938 verborum
607 2909 809 2945 dispositionem
844 2910 950 2938 videtur

997 2375 1089 2416 tope‘re
1106 2382 1133 2409 in
1149 2381 1244 2416 critica
1262 2379 1427 2416 exercitatus
1451 2377 1532 2404 fuerit
1557 2375 1699 2416 Dionysius
1716 2375 1776 2416 Ale-

999 2411 1159 2444 xandrinus.
1183 2415 1289 2450 Quippe
1305 2414 1443 2448 proprium
1464 2416 1505 2450 est
1526 2411 1631 2444 critici,
1652 2412 1684 2438 de
1707 2411 1776 2438 scri-

997 2452 1049 2486 ptis
1068 2448 1201 2479 veterum'
1212 2448 1345 2486 judicare,
1363 2452 1390 2475 et
1400 2448 1488 2486 ‘quod‘
1505 2454 1599 2474 verum
1618 2455 1649 2474 ac
1666 2453 1772 2486 germa-

995 2481 1073 2520 itum,
1089 2486 1161 2521 quod
1178 2481 1300 2521 spurium
1318 2491 1349 2510 ac
1366 2481 1535 2510 subdititium
1560 2490 1627 2516 opus
1651 2483 1697 2514 sit,
1722 2481 1777 2508 dis-

995 2530 1115 2549 cernere.

1036 2557 1074 2593 (6)
1096 2557 1157 2583 Τῶν
1172 2554 1464 2593 ᾳὺτῶνμεςραλιιζῳν.
1485 2552 1615 2593 ?e_riodos
1634 2558 1681 2578 seu
1695 2559 1779 2593 mem-

1000 2587 1048 2619 bra
1064 2587 1194 2619 orationis
1211 2587 1351 2623 intelligit,
1366 2589 1465 2623 quibus
1488 2588 1594 2623 integer
1620 2587 1779 2623 sensus‘ab‘

1001 2627 1125 2654 solvitur.
1148 2627 1193 2654 Sic
1218 2621 1398 2658 initio—hujus
1417 2623 1512 2656 capitis
1526 2622 1596 2648 dixit
1610 2621 1776 2658 ‘Dionysius,

1001 2662 1062 2689 καθ’
1075 2661 1189 2688 ἕκαστον
1210 2656 1359 2694 κεφάλαιον
1384 2658 1574 2694 διευθὺνονῖες.
1603 2656 1688 2684 ϐπ·ωυὶ
1705 2664 1780 2692 περι-

1001 2699 1088 2734 κοπήν
1099 2698 1182 2734 etiam
1201 2693 1293 2734 dicunt
1306 2703 1313 2726 ;
1329 2694 1419 2734 Latini
1433 2693 1592 2734 capital-um.

1033 2726 1071 2768 (7}
1097 2731 1336 2768 frnoymjo'opeif:
1364 2728 1450 2768 Codd.
1465 2726 1670 2768 'Med_iczcus“e_t
1691 2726 1781 2768 Maza-

998 2761 1075 2795 rinus
1088 2761 1295 2803 ὑπομνήσωμεν.
1311 2764 1501 2803 litagis_tamen
1515 2763 1602 2797 placet
1618 2761 1685 2789 Fuk.
1699 2762 1779 2791 codd.

1000 2808 1027 2830 et
1043 2803 1126 2830 Savil.
1143 2800 1288 2836 scriptura.
1306 2800 1513 2836 ὑπεμνήσαμεν.

1038 2838 1076 2872 (8)
1106 2832 1250 2872 Ἔλεγχος
1284 2835 1337 2872 τοῦ
1363 2832 1499 2869 ’κόσμου
1533 2832 1779 2872 Condenmatignem

1002 2867 1245 2906 verti,rectius','iitv
1253 2871 1360 2904 opinor,
1376 2867 1454 2904 quain
1469 2869 1686 2906 reprobationent.
1699 2867 1780 2894 Certe

1003 2903 1168 2936 Glossarium
1186 2903 1261 2935 vetus
1271 2903 1592 2943 ’Ekayxoviinterprctatur
1605 2903 1749 2938 judicium.
