2002 3169
284 209 335 237 707

631 203 765 233 EUSEBll
784 203 1017 232 CIESAlllENSlS
1035 203 1109 231 OPP.
1130 203 1217 230 PARS
1235 203 1257 230 Ι.
1276 218 1312 224 -—
1331 202 1524 231 HISTORICA.

1837 204 1894 232 708

284 266 404 301 regebat,
419 268 446 292 et
457 263 627 292 Theotecnus
645 264 689 298 qui
709 263 904 291 Caesariensem
918 263 956 290 illi
975 263 1057 290 liniti-

1121 262 1139 288 νὺ
1165 262 1218 298 μὴν
1244 261 1310 288 ἀλλὰ
1331 262 1377 288 καὶ
1397 263 1445 297 τῆς
1462 263 1491 288 ἐν
1513 261 1704 297 Ἰεροσολύμοις
1729 260 1894 296 Ἐκκλησίας

283 320 354 340 mam
380 311 586 338 administrabat
601 319 608 337 :
629 310 760 337 Maximus
790 313 931 344 praeterea,
946 309 991 344 qui
1007 308 1058 335 Bo-

283 364 415 386 strensem
432 356 581 384 Ecclesiam
595 363 698 383 summa
715 363 775 383 cum
789 355 867 382 laude
888 355 1058 389 gubernavit.

283 404 432 432 Sexcentos
445 409 552 437 quoque
566 392 633 428 alios
648 401 694 436 qui
709 409 761 427 una
775 407 836 427 cum
850 400 1018 434 presbyteris
1033 404 1061 426 et

283 449 404 478 diaconis
414 455 447 476 eo
458 447 656 478 conﬂuxerunt,
672 453 840 480 nequaquam
857 445 966 472 difﬁcile
980 444 1061 471 fuerit

283 502 435 522 recensere.
450 493 549 519 Verum
561 492 587 519 hi
599 499 666 526 quos
678 491 744 523 dixi,
757 491 878 518 illustres
891 498 945 524 pra:
956 489 1060 517 caeteris

283 541 461 569 habebantur.
477 538 608 565 Omnibus
623 537 703 571 igitur
722 536 799 563 vario
816 539 936 570 tempore
948 535 1061 562 diversi-

283 587 362 613 mode
379 593 411 612 ac
432 591 617 618 smpcnumero
631 583 659 610 in
676 591 758 609 unum
785 582 958 613 coeuntibus,
971 581 1062 608 multa:

283 632 478 666 disputationes
487 635 514 658 et
526 630 688 664 quzestiones
701 629 727 656 in
741 636 796 656 uno
812 635 919 662 quoque
934 635 1062 655 consessu

283 679 390 713 agitata;
408 682 482 710 sunt,
497 684 557 703 cum
574 677 637 703 hinc
658 675 858 702 Samosatcnsis
886 674 982 701 Paulus
999 675 1064 708 dog-

284 725 363 752 matis
376 724 416 751 sui
432 723 576 750 novitatem
595 721 732 748 occultare
748 721 836 748 adlmc
861 721 1003 753 niteretur,
1031 721 1063 747 il-

283 771 338 797 linc
351 770 505 797 sacerdotes
518 769 641 796 haeresim
657 767 729 794 illius
742 771 768 794 et
782 767 910 794 adversus
923 765 1061 794 Christum

284 817 475 852 blasphemiam
493 815 629 842 denudare
644 819 724 848 atque
738 814 763 840 in
781 813 899 840 medium
916 813 1063 846 producere

285 862 447 889 laborarent.
463 861 529 887 Dum
546 861 602 887 haec
615 864 743 894 aguntur,
754 858 899 894 Dionysius
912 863 1062 889 extremum

285 909 357 936 diem
374 908 450 939 obiit,
465 913 536 933 anno
549 906 715 941 principatus
740 905 857 932 Gallieni
882 904 1042 931 duodecimo
1054 923 1062 935 ,

286 962 346 982 cum
373 953 543 980 Alexandria
565 951 748 986 episcopatum
765 950 958 985 septemdecim
984 949 1065 976 annis

285 998 454 1026 obtinuisset.
469 997 495 1024 ln
508 996 565 1031 ejus
585 997 672 1024 locum
687 996 850 1030 subrogatus
860 999 901 1022 est
920 994 1062 1022 Maximus.

286 1047 321 1072 At
333 1044 469 1072 Gallienus
483 1043 597 1078 imperio
620 1050 668 1077 per
689 1041 842 1076 quindecim
860 1041 1004 1068 continuos
1018 1048 1066 1067 an-

288 1099 337 1118 nos
353 1090 549 1121 administrato,
567 1088 709 1116 Claudium
735 1094 919 1114 successorem
946 1086 1064 1122 reliquit.

289 1137 339 1170 Qui
353 1144 412 1164 cum
424 1136 558 1163 biennium
572 1133 769 1169 imperavisset,
781 1133 926 1160 Aureliano
940 1133 1066 1167 deinceps

289 1182 400 1210 tradidit
413 1182 605 1216 principatum.
673 1181 678 1185 ’

563 1273 676 1301 CAPUT
697 1271 793 1300 XXIX.

310 1332 432 1365 Qualiter
444 1331 545 1357 Paulus
559 1331 690 1356 (onvirlus
709 1338 724 1355 a
740 1328 888 1365 Male/tione
905 1327 1054 1362 presbytero

374 1368 417 1402 qui
437 1367 510 1400 prius
529 1365 643 1399 wplristu
659 1364 758 1399 fuerat,
776 1364 912 1389 abdicatus
928 1367 978 1390 est.

327 1443 410 1477 llujus
426 1442 591 1476 temporibus
604 1444 739 1474 postrema
751 1439 868 1473 synodus
883 1439 1067 1466 innumerabi-

293 1490 356 1516 lium
382 1489 438 1515 fere
451 1489 636 1522 episcoporum
660 1491 819 1520 congregata
834 1489 886 1517 est,
902 1485 928 1512 in
954 1492 1005 1519 qua
1021 1493 1069 1512 au-

291 1543 350 1563 ctor
365 1535 409 1562 ille
419 1534 528 1561 nefarim
543 1532 612 1567 apud
626 1532 797 1558 Antiochiam
813 1531 945 1558 Increscos
958 1530 1067 1563 Paulus,

293 1581 430 1608 convictus
443 1584 470 1606 et
487 1579 520 1605 ab
540 1578 665 1605 omnibtts
690 1575 909 1604 manifestissime
924 1577 1069 1611 deprehen-

1115 308 1264 343 Ὑμέναιος,
1277 307 1326 343 τῆς
1342 316 1373 334 τε
1388 308 1488 343 ὁμόρου
1500 307 1601 343 ταύτης
1613 307 1780 344 Καισαρείας
1797 308 1895 334 Θεότε-

1110 362 1187 386 χνος,
1206 353 1329 389 Μάξιμος
1343 353 1381 380 ἔτι
1396 354 1463 390 πρὸς
1480 353 1599 386 τούτοις,
1621 353 1674 380 τῶν
1689 353 1758 380 κατὰ
1771 354 1893 389 Bos-.91»)

1110 399 1137 426 δὲ
1156 401 1201 426 καὶ
1214 397 1290 431 οὗτος
1306 399 1426 435 ἀδελφῶν
1440 399 1595 436 διαπρεπῶς
1607 401 1698 435 ἡγεῖτο
1710 409 1717 415 ·
1737 400 1848 436 μυρίους
1861 409 1893 427 τε

1110 444 1205 476 ἄλλους
1221 445 1270 471 οὐκ
1290 444 1323 471 ἂν
1346 445 1481 480 ἀπορήσαι
1498 453 1540 476 τις
1563 444 1621 479 ἅμα
1637 443 1828 479 πρεσϐυτέροις
1845 444 1894 470 καὶ

1111 490 1259 522 διακόνοις,
1283 491 1331 525 τῆς
1349 490 1432 526 αὐτῆς
1448 490 1539 517 ἕνεκεν
1559 490 1649 522 αἰτίας
1665 491 1693 517 ὲν
1708 492 1740 525 τῇ
1762 498 1894 526 προειρη-

1113 536 1179 571 μένῃ
1198 535 1273 562 πόλει
1287 536 1411 571 τηνικάδε
1434 536 1665 572 συγκροτηθέντας
1684 536 1894 572 ἀπαριθμοὺμε-

1111 590 1165 613 νος.
1187 582 1266 608 Ἀλλὰ
1276 582 1377 609 τούτων
1390 591 1420 616 γε
1434 583 1458 608 οἰ
1473 582 1589 617 μάλιστα
1599 584 1737 617 ἐπιφανεῖς
1746 583 1799 610 οἵδε
1810 581 1892 618 ἦσαν.

1112 627 1224 654 Πάντων
1238 625 1285 654 οὖν
1297 628 1366 654 κατά
1375 627 1487 663 καιροὺς
1495 627 1628 663 διαφόρως
1644 627 1700 664 (16)
1710 629 1756 655 καὶ
1764 629 1894 661 πολλάκις

1112 674 1158 700 ἐπὶ
1179 675 1259 700 ταὺτὸ
1280 673 1438 707 συνιόντων,
1462 673 1535 708 λογοι
1556 675 1601 700 καὶ
1618 675 1744 710 ζητήσεις
1758 675 1817 702 καθ’
1828 675 1894 702 ἑκά-

1114 727 1178 755 στην
1199 719 1370 746 ἀνεκινοῦντο
1385 719 1491 746 σύνοδον
1501 740 1508 751 ,
1528 719 1581 745 τῶν
1599 721 1647 755 μὲν
1663 720 1733 755 ἀμφὶ
1746 719 1790 746 τὸν
1803 721 1894 756 Σαμο-

1114 766 1196 792 σατέα
1210 766 1243 792 τὰ
1258 766 1307 800 τῆς
1323 765 1488 802 ἑτεροδοξίας
1501 766 1678 801 ἐπικρύπτειν
1693 766 1732 792 ἔτι
1744 767 1791 793 καὶ
1806 775 1895 802 παρα-

1114 811 1296 838 καλύπτεσθαι
1318 811 1510 847 πειρωμένων,
1527 811 1582 837 τῶν
1603 811 1631 838 δὲ
1655 812 1826 847 ἀπογυμνοῦν
1846 812 1894 838 καὶ¹

1115 858 1154 889 εἰς
1168 857 1283 893 φανερὸν
1297 857 1371 891 ἄγειν
1385 857 1434 892 τὴν
1457 857 1562 892 αἵρεσιν
1582 857 1629 883 καὶ.
1650 857 1698 893 τὴν
1720 858 1759 889 είς
1776 858 1893 894 Χριστὸν

1116 902 1288 938 βλασφημίαν
1315 902 1412 934 αὑτοῦ,
1437 902 1480 929 διὰ
1506 903 1621 938 σπουδῆς
1640 903 1817 938 ποιουμένων.
1847 903 1892 930 Ἐν

1114 947 1200 982 τούτῳ
1212 947 1240 974 δὲ
1251 947 1385 979 Διονύσιος
1401 946 1511 982 τελευτᾷ
1521 967 1528 978 ,
1549 947 1619 974 κατὰ
1631 947 1661 973 τὸ
1676 947 1821 974 δωδέκατον
1834 949 1893 981 ἔτος

1114 994 1162 1029 τῆς
1176 993 1320 1029 Γαλλιηνοῦ
1337 993 1482 1028 βασιλείας,
1499 994 1618 1030 προστὰς
1633 994 1682 1029 τῆς
1697 995 1756 1020 κατ’
1771 994 1892 1026 Ἀλεξάν-

1114 1039 1205 1075 δρειαν
1221 1040 1371 1075 ἐπισκοπῆς
1385 1039 1471 1066 ἐτεσιν
1487 1040 1668 1067 ἑπτακαίδεκα
1679 1047 1686 1054 ⁸
1699 1040 1847 1075 διαδέχεται
1863 1041 1892 1067 δὲ

1115 1086 1194 1113 αὑτὸν
1218 1086 1352 1122 Μάξιμος.
1381 1086 1526 1122 Γαλλιηνοῦ
1550 1087 1579 1113 δὲ
1604 1086 1646 1121 ἐφ’
1667 1086 1737 1118 ὅλοις
1763 1087 1894 1118 ἐνιαυτοῖς

1117 1133 1307 1159 πεντεκαίδεκα
1318 1133 1365 1168 τὴν
1373 1132 1458 1169 ἀρχὴν
1469 1132 1676 1168 κεκρατηκότος.
1684 1133 1816 1164 Κλαύδιος
1829 1141 1895 1159 κατ-

1116 1179 1181 1213 έστη
1203 1178 1333 1213 διάδοχος.
1351 1178 1479 1214 Δεύτερον
1494 1179 1522 1205 δὲ
1546 1175 1622 1210 οὗτος
1633 1178 1745 1217 διελθὼν
1760 1178 1829 1210 ἔτος.
1843 1179 1896 1206 At)-

1117 1224 1235 1260 ρηλιανῷ
1251 1224 1410 1260 μεταδίδωσι
1424 1224 1472 1260 τὴν
1487 1224 1642 1260 ἠγεμονίαν,

1366 1271 1560 1297 ΚΕΦΛΛᾹΙΟΝ
1580 1272 1644 1298 KB'.

1119 1316 1214 1349 Ὅπως
1228 1318 1244 1343 d
1256 1317 1376 1350 Παῦλος
1390 1317 1541 1351 ἐλεγχθεὶς
1555 1316 1613 1343 ὑπὸ
1627 1317 1801 1351 Μαλχίωνός
1817 1325 1897 1350 τινος

1152 1362 1376 1432 (ἢτὸΕο-οφισὲὲιρν
1401 1362 1612 1396 πρεσϐυτέρου,
1627 1362 1811 1396 ἐξεκηρύχθη
1825 1361 1894 1396 (Nic.

1183 1417 1189 1423 .
1235 1417 1242 1423 .
1261 1404 1298 1428 vt,
1355 1419 1361 1424 .

1183 1417 1189 1423 .
1211 1404 1242 1423 ει.
1261 1404 1361 1428 νι,2δι.

1153 1443 1222 1470 Καθ’
1235 1444 1264 1470 ὃν
1285 1444 1340 1477 (17)
1353 1443 1509 1474 τελευταίας
1525 1443 1754 1479 συγκροτηθείςης
1766 1443 1897 1469 πλείστων

1119 1489 1187 1515 ὂσων
1200 1488 1354 1515 ἐπισκόπων
1373 1488 1480 1514 συνόδου
1490 1507 1497 1519 ,
1512 1488 1646 1524 φωραθεὶς
1666 1489 1711 1514 καὶ
1727 1489 1794 1524 πρὸς
1809 1489 1898 1515 ἁπάν-

1119 1542 1173 1560 των
1184 1534 1233 1569 ἤδη
1248 1533 1340 1568 σαφῶς
1354 1533 1554 1567 καταγνωσθεὶς
1567 1533 1730 1568 ἐτεροδοξὲαν
1742 1535 1756 1561 ὁ
1768 1535 1816 1569 τῆς
1828 1534 1898 1560 κατὰ

1126 1580 1290 1614 Ἀντιόχειαν
1307 1579 1436 1615 αἱρέσεως
1449 1579 1577 1615 ἀρχηγὸς,
1591 1581 1639 1615 τῆς
1659 1580 1710 1606 ὑπὺ
1725 1580 1770 1606 τὸν
1785 1580 1899 1615 οὐρανὸν

294 1634 340 1654 sus
351 1626 409 1652 falsi
425 1625 557 1660 dogmatis
575 1632 644 1655 reus,
663 1623 697 1650 ab
712 1622 838 1649 universa
851 1630 911 1656 qua:
933 1624 983 1650 sub
999 1623 1069 1651 ccelo

1121 1626 1265 1660 καθολικῆς
1291 1625 1451 1660 Ἐκκλησίας
1480 1625 1703 1660 ἀποκηρύττεται.
1730 1625 1851 1652 Μάλιστα
1874 1625 1898 1652 δ’

294 1678 336 1699 est
350 1671 467 1698 Ecclesia
479 1670 611 1697 catholica
621 1669 774 1696 eliminatos
789 1674 839 1695 est.
856 1668 994 1702 Prarcipue
1008 1676 1071 1696 vero

294 1717 369 1744 illum
384 1716 512 1751 coarguit,
527 1720 553 1742 et
568 1716 651 1742 latere
668 1714 819 1749 cupientem
837 1714 986 1741 confutavit
1003 1714 1071 1741 Mal-

296 1763 375 1790 chion
390 1763 510 1797 quidam,
526 1762 567 1789 vir
580 1761 772 1788 disertissimus
783 1781 790 1793 ,
808 1760 906 1795 quippe
921 1761 966 1794 qui
983 1761 1072 1796 sophi-

296 1809 371 1836 stica:
381 1808 449 1842 apud
467 1806 634 1833 Antiochiam
651 1805 749 1832 schola:
762 1805 917 1840 praefuerat,
935 1810 962 1833 et
977 1807 1022 1840 qui
1036 1808 1070 1835 ob

297 1867 424 1894 scribitur
439 1867 465 1893 in
477 1874 509 1894 eo
521 1866 623 1897 codice,
636 1873 696 1892 cum
710 1865 809 1899 vulgati
822 1865 929 1892 codices
944 1865 1069 1893 Nicoma-

297 1902 377 1929 chum
391 1902 541 1935 praeferant.
557 1900 592 1927 Ita
608 1901 688 1928 etiam
703 1902 830 1933 scriptum
844 1900 932 1935 inveni
946 1902 971 1928 in
988 1903 1072 1930 altero

299 1944 351 1964 non
371 1934 483 1964 minoris
504 1935 674 1969 antiquitatis
690 1935 783 1962 codice
804 1935 832 1962 (Ζ.
849 1934 966 1962 Justelli.

334 1971 389 2006 (16)
406 1972 486 1998 Κατὰ
503 1970 623 2004 καιροὺς
638 1970 792 2006 διαφόρως.
812 1969 912 2006 Omnes
926 1972 1009 1998 nostri
1027 1979 1072 1999 co-

299 2004 439 2034 diccs'uno
452 2014 582 2033 consensu
603 2004 792 2041 habentdxottét
816 2005 928 2041 καιρούς
949 2007 1071 2041 (vulgati,

299 2041 415 2076 καιρόν).
431 2041 522 2074 Itaque
535 2040 646 2076 libenter
658 2039 804 2067 scriberem
817 2039 888 2066 κατὰ
895 2039 1074 2076 καιροὺξδιαὲ

300 2076 410 2111 φόρους,
428 2075 576 2111 cuiusmodi
595 2082 816 2111 errtrrrltksttpra
830 2075 991 2103 notavimus.
1012 2077 1073 2103 l'lu-

302 2102 345 2138 i'es
359 2102 431 2138 eeite
453 2102 548 2145 synodi
574 2111 704 2140 adversus
722 2102 839 2136 Paulum
866 2102 1072 2138 Samosatenuin

302 2146 417 2172 diversis
431 2145 596 2179 temporibus
619 2150 786 2179 congregata:
800 2149 873 2177 sunt,
896 2150 924 2171 ut
940 2145 1073 2173 Eusebius

302 2180 467 2214 Rulinusque
492 2184 633 2206 testantur.
656 2180 731 2212 Quod
757 2185 844 2206 autem
876 2180 997 2214 sequitur
1027 2181 1073 2208 καὶ

1120 1671 1199 1697 αὑτὸν
1225 1670 1338 1702 εὐθύνας
1370 1671 1601 1705 ἐπικρυπτόμενον
1626 1670 1745 1706 διήλεγξε
1770 1671 1899 1706 Μαλχίων

1122 1717 1176 1752 (18)
1190 1737 1196 1746 ,
1223 1717 1291 1752 ἀνὴρ
1310 1716 1344 1742 τά
1367 1724 1395 1742 τε
1418 1715 1483 1742 ἄλλα
1505 1716 1603 1749 λόγιος,
1627 1717 1673 1742 καὶ
1697 1717 1820 1750 cogo-.05
1844 1716 1900 1743 τῶν

1121 1763 1163 1789 ἐπ’
1187 1763 1347 1797 ’Λντιοχείας
1368 1762 1528 1797 Ἑλληνικῶν
1548 1762 1742 1797 παιδευτηρίων
1760 1763 1901 1798 διατριὸῆς

1123 1808 1269 1844 προεστὼς,
1291 1809 1320 1834 οὺ
1341 1807 1392 1843 μὴν
1409 1808 1477 1834 ἀλλὰ
1499 1809 1546 1835 καὶ
1568 1809 1601 1835 δι’
1614 1808 1830 1844 ὑπερϐάλλουσαν
1850 1810 1902 1845 τῆς

1124 1877 1168 1896 nos
1182 1867 1243 1901 160,
1257 1868 1288 1894 ab
1305 1868 1456 1894 orthodoxis
1469 1869 1594 1901 episcopis
1604 1868 1766 1895 anathemate
1779 1868 1901 1895 condem-

1127 1909 1197 1930 nata.
1213 1903 1336 1936 Scriptus
1351 1907 1393 1928 est
1414 1903 1457 1929 hic
1480 1903 1585 1930 libi-llus
1603 1903 1741 1929 consulatu
1755 1902 1900 1932 Theodosii

1124 1938 1238 1971 Augusti
1267 1945 1314 1964 xm
1343 1942 1370 1964 et
1399 1936 1578 1964 Valenliniani
1596 1945 1726 1969 ut,auno
1755 1943 1899 1972 antequam

1124 1973 1242 2008 synodus
1266 1972 1292 2009 i_n
1316 1973 1382 2009 urbe
1403 1972 1507 2006 Epheso
1521 1977 1733 2009 congregaretur.
1745 1972 1786 2000 Ab
1805 1979 1837 2000 eo
1855 1974 1901 2009 igi-

1127 2007 1171 2034 tur
1186 2007 1324 2034 consulatu
1348 2007 1370 2033 si
1395 2012 1469 2034 retro
1493 2008 1676 2034 numeraveris
1697 2014 1781 2034 annos
1793 2007 1900 2042 centum

1127 2048 1154 2069 et
1169 2043 1309 2076 sexaginta
1323 2042 1432 2073 solidos,
1448 2042 1551 2069 incides
1568 2042 1594 2068 in
1609 2043 1778 2069 conwlat’um
1795 2042 1900 2070 Claudii

1125 2082 1153 2104 et
1174 2077 1293 2107 Paterni,
1311 2077 1356 2111 qui
1384 2081 1426 2103 est
1449 2084 1537 2104 annus
1565 2077 1663 2104 Christi
1694 2077 1757 2103 270.
1784 2076 1900 2103 Proinde

1126 2112 1245 2148 synodus
1261 2111 1428 2148 Antiochena
1452 2112 1479 2148 in
1504 2119 1557 2146 qua
1580 2112 1723 2138 damnatus
1739 2116 1780 2139 est
1791 2111 1901 2148 Paulus,

1126 2145 1253 2173 convenit
1273 2146 1386 2173 Claudio
1406 2150 1433 2173 et
1458 2145 1573 2178 Paterno
1593 2154 1677 2178 coss..
1704 2154 1775 2173 anno
1800 2146 1902 2174 Christi

1126 2182 1188 2209 270.
1203 2182 1290 2215 Atque
1307 2181 1343 2208 ita
1358 2182 1432 2215 ponit
1453 2175 1589 2208 Maritimus
1609 2175 1707 2208 Scotus
1721 2187 1749 2208 et
1772 2181 1904 2208 Herman-

303 2214 451 2254 ιιτολλάκιςκ
468 2215 493 2241 id
510 2214 752 2254 Initiimeotiosum
767 2219 815 2254 est
840 2222 871 2240 ac
898 2215 1073 2254 superfluum.
1090 2227 1112 2254 ι)
1127 2224 1177 2244 nus
1189 2214 1388 2254 Contractusin
1403 2215 1549 2254 Chronica.
1560 2216 1733 2254 Sed_omnem
1752 2216 1903 2254 _dubitatio-_

304 2251 369 2276 Nam
389 2255 415 2277 et
428 2249 516 2284 plures
532 2249 645 2276 diversis
661 2249 825 2282 temporibus
841 2251 956 2284 synodos
968 2256 1076 2278 coactas

305 2285 388 2311 fuisse
403 2285 440 2311 ait
457 2284 597 2316 Eusebius,
614 2289 640 2311 et
656 2284 682 2310 iu
699 2291 858 2319 unaquaque
867 2286 970 2319 synodo
986 2286 1076 2319 plures

305 2319 389 2346 fuisse
405 2319 537 2346 sessiones
553 2320 610 2346 sive
624 2319 754 2355 actiones.
772 2318 860 2345 Prima
872 2318 979 2353 quidem
987 2318 1076 2355 syno-

306 2356 356 2381 dus
373 2354 522 2381 Antiochiae
542 2360 634 2380 contra
654 2353 764 2389 Paulum
779 2359 938 2389 congregata
952 2360 994 2382 est
1009 2353 1078 2381 anno

306 2389 418 2425 Gallieni
432 2397 480 2420 xu,
490 2389 539 2425 chi
559 2389 685 2425 praesedit
703 2387 895 2425 Eii-Antilianus‘:
911 2389 942 2416 de
953 2398 1005 2425 qua
1018 2390 1079 2418 vide

306 2424 449 2452 Bnrouium
463 2424 495 2449 ad
507 2422 604 2450 nntium
624 2423 722 2450 Christi
738 2422 791 2449 265
803 2429 829 2450 et
840 2424 903 2450 ‘266.

342 2459 397 2494 (l7)
413 2458 541 2494 KaO‘Vé'r.
557 2458 700 2494 Subaudiri
724 2462 811 2494 potest
830 2459 933 2494 καιρόν,
946 2460 1079 2494 quomodo

308 2493 379 2528 loqui
394 2493 611 2521 soletEusebius.
626 2493 701 2526 Quod
711 2494 733 2519 si
748 2493 808 2526 quis
823 2493 990 2529 Αὐρηλιανόν
1005 2494 1080 2522 malit

309 2530 475 2565 intelligere,
503 2529 627 2565 equidem
646 2535 699 2554 non
726 2535 887 2565 magnopere
914 2529 1077 2564 repugnabo.

309 2563 362 2592 Sed
380 2572 412 2591 ex
431 2564 472 2590 his
490 2563 578 2590 verbis
595 2563 619 2589 id
639 2567 742 2589 tantum
768 2563 863 2590 conliéi
885 2563 987 2598 potest,
1000 2571 1081 2598 syno-

310 2601 370 2626 dum
398 2599 591 2625 Antiochenam
614 2597 725 2624 exordio
748 2598 914 2632 principatus
940 2598 1078 2625 Aureliani

310 2635 462 2668 contigisse.
477 2633 589 2660 Proinde
603 2640 655 2659 non
667 2633 802 2668 assentior
814 2633 940 2668 Barouio,
956 2633 1000 2667 qui
1013 2633 1081 2660 hanc

310 2667 440 2704 synodum
453 2668 534 2695 refert
549 2675 620 2694 anno
635 2675 653 2694 ιι
668 2667 815 2704 Aureliani.
831 2667 883 2704 §ed
898 2668 1005 2694 liaronii
1018 2675 1080 2694 seu-

311 2702 421 2730 teutiam
436 2711 545 2737 prorsus
562 2703 660 2729 evertit
673 2703 815 2730 concilium
833 2702 1004 2736 Ephesiuum,
1017 2710 1077 2737 pag.

310 2738 374 2771 228,
389 2738 432 2765 ubi
450 2738 547 2765 Paulus
563 2738 755 2764 Satuosatenus
770 2738 911 2764 damnatus
924 2737 1023 2764 dicitur
1037 2745 1082 2764 au-

313 2779 338 2800 te
353 2781 438 2800 annos
452 2778 559 2800 centum
573 2777 601 2799 et
615 2773 764 2807 sexaginta.
790 2771 835 2798 Sic
857 2773 927 2799 enim
938 2806 942 2807 ν
953 2772 1033 2799 habet
1050 2772 1083 2799 li-

313 2806 397 2834 bellus
419 2807 625 2835 contestatiouis
644 2806 709 2834 cieri
721 2806 1012 2841 Constantinopolitani
1030 2815 1079 2841 pu-

313 2841 381 2869 blice
398 2843 424 2869 in
440 2842 560 2870 Ecclesia
581 2842 752 2876 propositus,
768 2842 836 2876 quod
857 2841 997 2868 Nestorius
1014 2842 1083 2876 ejus-

312 2878 369 2904 dem
385 2878 518 2905 sententia:
532 2877 565 2904 sit
583 2885 641 2903 cum
657 2876 744 2904 Paulo
757 2876 938 2909 Samosuteno,
953 2880 1012 2904 ante
1034 2885 1082 2904 an-

1130 2260 1191 2278 ncm
1209 2252 1301 2278 adimit
1320 2251 1431 2285 epistola
1455 2251 1583 2286 synodica
1613 2251 1723 2277 Patrum
1744 2251 1902 2286 Antioclteni

1127 2286 1246 2317 concilii,
1259 2293 1319 2320 qua:
1334 2286 1413 2312 missa
1428 2285 1489 2321 esse
1501 2286 1600 2312 dicitur
1614 2287 1647 2312 ad
1675 2285 1832 2321 Dionysium
1851 2285 1905 2313 lio-

1128 2329 1235 2347 mauutn
1257 2321 1422 2354 episcopum.
1439 2320 1504 2347 Cum
1531 2321 1603 2348 enim
1622 2325 1728 2348 constet
1746 2320 1905 2354 Dionysium

1128 2363 1224 2390 papam
1255 2360 1389 2390 mortuum
1410 2363 1469 2382 esse
1488 2356 1629 2383 consulatu
1645 2355 1747 2382 Claudii
1763 2361 1790 2382 et
1811 2355 1904 2382 Pater-

1130 2391 1154 2416 ni
1174 2397 1210 2416 vtt
1223 2390 1279 2417 Cal.
1307 2389 1458 2420 Januarias.
1473 2391 1617 2418 concilium
1637 2390 1833 2418 Antiochenum
1864 2398 1906 2417 se-

1129 2425 1185 2452 rius
1204 2425 1314 2451 Omnino
1343 2426 1501 2459 congregari
1529 2433 1583 2452 non
1601 2426 1697 2459 potuit.
1718 2426 1751 2452 At
1773 2424 1907 2453 Baronius

1128 2460 1172 2492 qui
1190 2460 1335 2487 concilium
1354 2460 1554 2486 Auliocbenum
1585 2459 1692 2487 confert
1717 2461 1742 2486 in
1760 2467 1860 2486 annum
1885 2468 1906 2487 ιι

1128 2494 1278 2525 Aureliani.
1295 2501 1406 2521 necesse
1422 2494 1518 2521 habuit
1535 2495 1727 2530 pontificatum,
1740 2494 1861 2530 Dionysii
1879 2495 1904 2522 in

1129 2537 1188 2555 cum
1205 2537 1288 2563 usque
1304 2537 1402 2555 annum
1426 2530 1582 2562 producere.
1607 2535 1700 2557 contra
1717 2529 1795 2556 [idem
1812 2529 1905 2556 libro-

1132 2572 1188 2590 rum
1206 2563 1398 2596 pontificalium
1423 2565 1530 2591 Damasi
1543 2569 1571 2590 et
1587 2564 1734 2591 Anastasii.
1750 2564 1818 2596 Quid
1835 2567 1907 2599 quod

1131 2606 1202 2625 tumo
1222 2607 1240 2626 ιι
1263 2599 1400 2626 Aureliani
1410 2599 1508 2626 bellum
1522 2600 1547 2626 in
1559 2599 1670 2626 Oriente
1686 2604 1788 2633 gestuin
1804 2604 1844 2626 est
1862 2601 1908 2627 ad-

1130 2641 1223 2660 versus
1241 2634 1398 2665 Zenobiam,
1418 2639 1495 2667 capta
1524 2642 1585 2661 eum
1609 2634 1669 2660 aliis
1683 2634 1793 2661 urbibus
1812 2635 1909 2662 Antio-

1131 2669 1203 2700 chia,
1217 2670 1285 2695 adeo
1311 2673 1339 2695 ut
1356 2669 1475 2703 synodus
1499 2670 1687 2704 episcoporum
1706 2676 1738 2696 eo
1753 2677 1824 2695 anno
1847 2677 1910 2696 con-

1131 2704 1234 2738 gregari
1253 2711 1304 2730 non
1323 2704 1450 2736 potuerit.

1166 2738 1220 2772 (18)
1237 2738 1387 2772 Μίιλχίων.
1405 2738 1533 2766 Leontius
1545 2739 1570 2765 in
1590 2739 1659 2766 libro
1673 2737 1792 2766 tConlra
1815 2739 1912 2767 Nesto-

1133 2773 1210 2804 rium,
1224 2773 1301 2808 all'ert
1315 2774 1593 2808 I'ragtnentaquacdam
1607 2781 1639 2801 ex
1649 2774 1831 2808 disputatione
1842 2775 1909 2802 Mal-

1132 2807 1237 2845 chionis
1260 2807 1534 2845 adversus‘Paulum
1568 2807 1797 2845 Samosatcusem.
1831 2811 1909 2845 Apud

1132 2842 1324 2878 {fibeodoritum
1347 2841 1377 2878 in
1405 2842 1452 2870 lib.
1467 2851 1485 2870 ιι
1510 2843 1704 2870 ereticarum
1730 2841 1910 2878 Faba/aruit,

1131 2876 1273 2912 Μολαχίων
1290 2877 1419 2904 scribitur
1441 2879 1580 2905 mendose.
1602 2878 1651 2906 llic
1675 2886 1707 2906 ex
1723 2876 1911 2908 confutationc
