2002 3169
153 204 205 234 709

650 207 824 236 HISTORle
845 209 1120 237 ECCLESIASTlC/E
1141 209 1205 236 LIB.
1225 208 1282 237 Vll.

1722 214 1772 241 7l0

151 264 192 295 είς
204 263 320 299 Χριστὸν
344 265 461 297 πίστεως
474 266 638 303 γνησιότητα
649 287 655 298 ,
681 268 876 304 πρεσϐυτερίου
892 269 925 304 τῆ

976 270 1054 300 ,ίὶᾱοί
1069 270 1151 305 279
1177 270 1340 297 Christianae
1368 271 1563 305 sinceritatem,
1590 271 1617 298 in
1642 271 1701 306 ejus
1719 272 1771 300 loci

150 309 244 336 αὐτόθι
265 311 410 346 παροικίας
419 312 568 348 ἠξιωμένος
578 321 585 328 ο
606 309 683 345 οὗτός
694 313 726 348 γέ
742 323 780 340 τοι
795 315 940 350 ἐπισημει-

148 354 272 389 ουμένων
292 357 489 392 ταχυγράςςων,
506 357 618 393 ζήτησιν
633 359 700 393 πρὸς
716 358 796 386 αὑτὸν
808 359 940 396 ἐνστησά-

151 409 232 436 μενος
244 401 276 436 ἣν
290 403 336 429 καὶ
347 403 386 434 εἰς
396 402 475 438 δεῦρο
486 403 639 439 φερομένην
652 403 741 439 ἴσμεν,
755 404 835 440 μόνος
846 405 938 440 ἴσχυσε

148 444 203 471 τῶν
227 446 313 472 ἄλλων
339 447 484 482 κρυψίνουν
505 448 569 475 ὄντα
588 449 634 475 καὶ
657 448 795 485 ἀπατηλὸν
822 450 938 486 φορὰσαι

148 491 195 518 τον
211 491 362 528 ἄνθρωπον.

417 538 613 565 ΚΕΦᾹΛΛΙΟΝ
629 540 666 567 A'.

147 586 219 620 Περὶ
230 585 284 620 τῆς
291 585 364 612 κατὰ
381 586 502 612 Παύλου
510 585 674 618 ἐπιστολῆς
690 586 750 614 τῶν
764 588 937 616 ἐπισκόπων

345 621 414 656 (me.
429 621 464 647 η.
479 621 510 647 E.
525 629 561 651 γι,
576 621 622 650 29.
641 622 697 653 δυ).

184 665 256 694 Μίαν
272 667 303 702 δὴ
318 665 364 692 οὖν
377 667 409 693 ὲκ
426 668 517 702 κοινῆς
533 666 645 703 γνώμης
661 669 685 694 oi
701 668 748 694 ἐπὶ
764 669 845 696 ταὺτὸ
867 678 934 704 συγ-

145 712 341 748 κεκροτημένοι
359 711 486 748 ποιμένες
505 712 714 749 διαχαράξαντες
734 715 876 751 ἐπιστολὴν
896 718 935 749 εἰς

145 759 292 794 πρόσωπον
322 757 367 785 τοῦ
393 767 422 785 τε
445 758 586 794 Ῥωμαίων
612 760 761 787 ἐπισκόπου
783 762 932 795 Διονυσίου,

145 805 194 832 καὶ
206 804 330 840 Μαξίμου
347 805 393 831 τοῦ
410 805 469 831 κατ’
488 805 699 842 Ἀλεξάνδρειαν,
714 807 760 833 ἐπὶ
776 808 865 840 πάσας
881 809 935 835 δια-

144 850 297 886 πέμπονται
322 851 370 882 τὰς
394 851 544 887 ἐπαρχίας,
562 851 610 887 τὴν
629 852 717 878 αὐτῶν
739 853 854 889 σπουδὴν
877 856 934 886 τοῖς

144 897 213 923 πᾶσι
228 897 346 932 φανερὰν
362 896 546 930 καθιστάντες,
570 898 615 924 καὶ
631 899 677 925 τοῦ
692 898 798 926 Παύλου
815 899 863 935 τὴν
876 900 932 927 διά-

145 951 261 978 στροφον
283 943 459 979 ὲτεροδοξίαν,
482 944 609 980 ἐλέγχους
629 953 659 971 τε
679 945 724 972 καὶ
738 946 883 981 ἐρωτήσεις
899 946 931 978 ἃς

989 315 1111 347 Ecclesia
1130 316 1292 350 presbyterii
1311 316 1439 343 honorem
1453 321 1511 344 erat
1535 322 1706 346 consecutus.
1724 318 1774 346 llic

991 360 1075 396 igitur
1092 361 1223 389 adversus
1240 361 1352 388 Paulum
1367 366 1496 397 suscepta
1516 362 1707 397 disputatione,
1723 371 1771 391 ex-

989 406 1154 441 cipientibus
1169 413 1267 434 cuncta
1286 408 1402 434 notariis
1415 407 1486 441 (qua:
1501 409 1609 442 quidem
1626 409 1772 444 disputatio

989 453 1135 480 etiamnum
1153 454 1271 489 exstat),
1288 455 1409 482 occultos
1440 455 1558 482 hominis
1581 462 1677 484 sensus
1696 456 1772 484 {rau-

988 499 1090 533 desque
1103 499 1231 534 detegere
1243 500 1316 527 solus
1331 499 1450 526 omnium
1467 500 1562 528 valuit.

1271 545 1384 573 CAPUT
1403 545 1488 573 XXX.

1126 590 1164 618 De
1175 592 1286 626 epistola
1305 593 1400 627 synodi
1414 599 1505 620 contra
1523 593 1645 621 Paulum.

1022 669 1122 698 Omnes
1141 672 1233 706 itaque
1261 672 1287 699 in
1315 679 1397 700 unum
1417 675 1570 707 congregati
1606 675 1742 703 antistites
1758 696 1767 709 ,

987 724 1067 743 unatn
1084 724 1117 744 ex
1133 718 1269 745 communi
1281 719 1414 746 sententia
1427 720 1460 746 ad
1475 719 1629 754 Dionysium
1640 720 1768 748 Romana:

986 762 1062 789 urbis
1077 762 1247 797 episcopum,
1275 767 1304 790 et
1327 763 1360 790 ad
1386 763 1531 791 Maximum
1557 765 1769 792 Alexandrinum

985 807 1155 841 scripserunt
1176 808 1318 843 epistolam
1339 829 1346 841 ,
1363 816 1478 844 eamque
1501 811 1535 837 ad
1552 818 1645 838 omnes
1672 811 1770 839 deinde

985 852 1139 887 provincias
1153 855 1375 888 transmiserunt,
1393 860 1448 882 tum
1466 860 1494 882 ut
1510 856 1628 884 studium
1644 864 1722 884 suum
1737 865 1769 885 ac

984 898 1150 932 diligentiam
1177 898 1304 926 omnibus
1323 899 1505 934 declararent,
1533 905 1589 927 tum
1609 907 1637 928 ut
1653 909 1767 937 perver-

984 952 1043 971 sutn
1059 945 1135 972 Pauli
1147 945 1255 981 dogma,
1282 946 1483 974 confutationes
1501 954 1610 983 quoque
1623 953 1652 975 et
1671 948 1766 983 dispu-

144 986 214 1022 πρὸς
235 986 315 1013 αὐτὸν
336 987 564 1022 ὰνοικεκινήκασι,
583 988 629 1015 καὶ
646 989 684 1016 ἔτι
700 980 852 1017 τδννπάντα
876 991 925 1026 βίοι

984 990 1098 1017 taliones
1113 991 1243 1019 adversus
1257 991 1332 1018 illum
1351 992 1469 1024 habitas,
1483 997 1665 1028 cunctamque
1678 994 1768 1021 homi-

141 1040 173 1058 τε
189 1033 236 1058 καὶ
255 1032 354 1068 τρόπον
373 1033 419 1060 τοῦ
438 1033 534 1069 ἀνδρὸς
553 1034 725 1070 διηγούμενοι
738 1043 744 1049 ·
763 1035 793 1068 ἐξ
807 1032 844 1062 ὧν
860 1036 928 1072 μνή-

144 1086 198 1113 μης
214 1078 306 1105 ἕνεκεν
319 1079 409 1111 καλῶς
423 1078 455 1106 ἂν
464 1079 517 1115 ἔχοι
527 1079 627 1112 ταύτας
641 1081 728 1107 αὐτῶν
740 1082 786 1108 ἐπὶ
799 1082 846 1108 τοῦ
860 1091 931 1118 παρ-

141 1125 218 1156 όντος
240 1124 353 1151 διελθεῖν
374 1125 422 1157 τὰς
443 1126 548 1160 φωνάς·

180 1180 189 1196 ι
201 1171 329 1206 Διονυσίῳ
337 1172 382 1198 καὶ
390 1171 507 1207 Μαξίμῳ
515 1173 623 1204 καὶτοῖς
632 1173 702 1200 κατὰ
710 1173 758 1209 τὴν
767 1175 929 1211 οἰκουμένην

141 1216 210 1242 πᾶσι
218 1216 352 1243 συλλειτου
356 1219 429 1252 ργοῖς
456 1218 512 1253 μῶν
519 1218 676 1250 ἐπισκόποις
684 1219 731 1246 καὶ
738 1220 869 1256 πρεσϐυτὲ
874 1230 929 1256 ροις

141 1262 189 1288 καὶ
204 1262 346 1294 διακόνοις,
364 1264 410 1290 καὶ
422 1265 494 1299 πάσῃ
508 1265 541 1300 τῇ
558 1265 608 1291 ὑπὸ
619 1265 663 1292 τὸν
675 1266 787 1300 οὐρανὸν
799 1267 927 1303 καθολικῇ

147 1307 305 1344 Ἐκκλησία,
319 1309 427 1340 Ἕλενος
439 1309 486 1336 καὶ
500 1310 651 1344 Ὑμέναιος,
670 1312 716 1337 καὶ
730 1311 866 1346 Θεόφιλος,
882 1314 929 1340 καὶ

141 1353 298 1386 Θεότεκνος,
307 1355 353 1381 καὶ
360 1355 494 1391 Μάξιμος,
503 1356 633 1391 Πρόκλος,
643 1357 767 1392 Νικόμας
776 1359 821 1385 καὶ
836 1359 928 1386 Λὶλια-

139 1400 186 1433 νὸς
195 1401 311 1435 (19),κώ
319 1401 433 1433 Παῦλος,
443 1402 489 1428 καὶ
498 1402 630 1435 Βώλανος,
639 1403 928 1440 καὶΠρωτογένηςκαὶ

146 1446 244 1482 Ἰέραξ,
254 1448 301 1474 καὶ
313 1447 449 1482 Εὖτύχιος.
457 1448 504 1474 καὶ
518 1448 665 1484 Θεόδωρος,
679 1449 725 1476 καὶ
734 1449 872 1484 Μαλχίων.
883 1451 927 1477 καὶ

141 1492 265 1524 Λούκιος,
275 1493 321 1518 καὶ
337 1493 361 1518 οἱ
376 1492 463 1518 λοιποὶ
475 1493 573 1524 πάντες
585 1494 608 1519 οἱ
628 1493 675 1519 σὺν
691 1495 756 1528 ἡμῖν
767 1495 927 1529 παροικοῦν-

141 1546 187 1569 τες
193 1538 242 1570 τὰς
249 1538 331 1572 ἐγγυς
341 1538 431 1570 πόλεις
441 1538 487 1565 καὶ
500 1538 562 1573 ἔθνη
571 1538 714 1565 ἐπίσκοποι
725 1541 771 1566 καὶ
778 1540 928 1575 πρεσϐύτε-

142 1593 194 1620 ροι.
211 1584 258 1611 καὶ
273 1584 399 1614 διάκονοι,
419 1585 465 1611 καὶ
485 1585 513 1611 αί
532 1585 687 1620 Ἑκκλησίαι
705 1584 760 1620 (20)
783 1587 828 1613 τοῦ
848 1587 914 1613 Θεοῦ

141 1632 293 1667 ἀγαπητοῖς
307 1631 429 1664 ἀδελφοῖς
440 1632 467 1657 ὲν
484 1631 577 1666 Κυρίῳ
587 1631 702 1666 χαίρειν,
717 1641 726 1656 ›
739 1631 848 1663 Τούτοις
858 1631 926 1667 μετὰ

142 1677 246 1713 βραχέα
266 1676 421 1711 ἐπιλέγουσι
444 1677 545 1703 ταῦτα’
570 1686 578 1702 t
591 1677 799 1713 Ἐπεστέλλομεν
818 1679 846 1705 δὲ
868 1679 925 1714 ἅμα.

139 1723 188 1751 καὶ
200 1723 406 1759 παρεκαλοῦμεν
422 1723 533 1754 πολλοὺς
549 1723 595 1749 καὶ
616 1723 669 1750 τῶν
688 1724 796 1759 μακρὰν
813 1725 924 1751 ἐπισκό-

141 1778 217 1801 πων,
237 1770 282 1796 ἐπὶ
297 1769 346 1804 τὴν
362 1769 507 1805 θεραπείαν
526 1770 575 1805 τῆς
596 1769 782 1806 θανατηφόρου
797 1771 924 1798 διδασκακ

138 1814 210 1846 λίας,
223 1813 316 1850 ὥσπερ
326 1814 372 1840 καὶ
383 1813 517 1840 Διονύσιον
530 1814 575 1840 τὸν
590 1814 635 1840 ἐπὶ
647 1814 696 1849 τῆς
714 1814 924 1851 Ἀλεξανδρείας,

138 1861 187 1888 καὶ
196 1861 367 1896 Φιρμιλιανὸν
383 1860 427 1887 τον
440 1860 493 1886 ἀπὸ
509 1861 557 1895 τῆς
571 1860 778 1892 Καππαδοκίας,
794 1862 856 1892 τοὺς
875 1871 926 1896 μαε-

138 1907 268 1942 ιιαρίτας·
284 1903 320 1934 ὧν
338 1908 351 1933 6
377 1907 425 1942 μὲν
445 1906 599 1932 ἐπέστειλεν
619 1907 659 1938 εἰς
680 1906 728 1941 τὴν
750 1907 922 1942 Ἀντιόχειαν,

137 1953 185 1980 τὸν
205 1953 325 1988 ἡγεμόνα
339 1954 388 1988 τῆς
404 1953 507 1988 πλάνης
522 1952 582 1978 οὐδὲ
604 1953 780 1988 προσρήσεως
793 1952 922 1986 ἀξιώσας,

138 1999 199 2027 οὐδὲ
218 1999 285 2034 πρὸς
311 1999 454 2035 πρόσωπον
477 1998 584 2034 γράψας
608 1997 682 2032 αὐτῴ
706 1998 777 2033 ('21),
801 1998 868 2025 ἀλλὰ
890 2000 923 2034 τῇ

138 2046 270 2082 παροικίᾳ
287 2046 360 2081 πάσῃ
379 2044 412 2082 ἧς
434 2046 480 2072 καὶ
501 2045 532 2071 τὺ
551 2045 716 2080 ἀντίγραφον
736 2044 922 2079 ὑπετάξαμεν

137 2093 152 2120 ὁ
168 2092 196 2118 δὲ
215 2091 388 2128 Φιρμιλιανὸς
404 2092 450 2118 καὶ
471 2091 512 2123 δὶς
533 2091 710 2126 ἀφικόμενος,
733 2090 854 2124 κατέγνω
873 2091 922 2125 μὲν

136 2137 193 2165 τῶν
218 2138 263 2164 ὑπ’
286 2138 389 2164 ἐκείνου
415 2137 680 2172 καινοτομουμένων,
710 2136 747 2168 ὡς
773 2135 850 2171 ἴσμεν
877 2137 924 2163 καὶ

139 2183 331 2220 μαρτυροῦμεν
342 2184 366 2210 οἱ
378 2183 601 2219 παραγενόμενοι,
616 2184 663 2210 καὶ
673 2182 746 2210 ἄλλοι
761 2183 852 2210 πολλοὶ
867 2192 924 2209 συν-

139 2230 238 2262 ίσασιν,
253 2230 484 2265 ἐπαγγειλαμένου
504 2230 532 2256 δὲ
554 2229 762 2264 μεταθήσεσθαι,
776 2229 923 2261 πιστεύσας

137 2277 187 2305 καὶ
203 2277 314 2308 ἐλπίσας
328 2277 390 2304 ἄνευ
405 2276 477 2308 τινος
493 2276 555 2312 περ).
572 2276 616 2302 τὸν
631 2275 709 2310 λόγον
723 2275 852 2310 λοιδορίας
867 2275 921 2310 (22)

982 1035 1023 1063 nis
1036 1036 1120 1063 vitam
1141 1044 1173 1064 ac
1190 1045 1279 1065 mores
1299 1043 1477 1072 exponerent.
1494 1038 1580 1067 Porro
1597 1039 1713 1074 ipsamet
1729 1039 1765 1066 il-

980 1083 1068 1109 lorum
1083 1082 1177 1115 verba,
1192 1083 1225 1109 ad
1250 1089 1404 1118 perpetuam
1420 1083 1589 1119 posterorum
1605 1087 1765 1113 memoriam

980 1136 1032 1156 non
1049 1129 1247 1156 incommodutn
1263 1129 1346 1156 fuerit
1362 1130 1406 1158 hic
1421 1130 1535 1158 referre.

1017 1183 1027 1200 (
1046 1175 1173 1210 Dionysio
1187 1180 1214 1202 et
1225 1175 1351 1206 Maximo,
1367 1180 1395 1202 et
1409 1175 1535 1203 omnibus
1548 1183 1596 1210 per
1605 1176 1764 1204 universum

979 1220 1071 1248 orbem
1083 1221 1277 1247 comntinistris
1292 1221 1402 1253 nostris,
1417 1221 1554 1256 episcopis
1564 1241 1571 1253 .
1592 1223 1764 1257 presbyteris

979 1272 1005 1294 et
1020 1267 1161 1298 diaconis:
1193 1272 1219 1293 et
1240 1266 1372 1294 universa:
1387 1266 1515 1294 Ecclesia:
1540 1267 1687 1295 catholica:
1702 1276 1763 1302 qua;

979 1312 1028 1339 sub
1042 1312 1110 1339 ccelo
1125 1316 1175 1343 est,
1193 1310 1308 1338 Helenus
1321 1315 1349 1337 et
1370 1310 1542 1344 Hymenaeus,
1567 1311 1736 1344 Theophilus
1751 1332 1759 1345 ,

979 1357 1157 1390 'l'heotecnus,
1170 1358 1312 1389 Maximus,
1324 1357 1465 1388 Proculus,
1476 1357 1612 1389 Nicomas,
1626 1357 1762 1393 Elianus,

979 1403 1087 1436 Paulus,
1099 1404 1229 1436 Bolanus,
1249 1403 1415 1437 Protogenes
1429 1422 1437 1435 ,
1463 1401 1562 1429 Ilierax
1577 1422 1584 1434 ,
1600 1403 1763 1438 Entychius,

978 1449 1134 1477 Theodorus
1150 1455 1176 1477 et
1189 1449 1332 1482 Malchion,
1350 1454 1376 1476 ct
1386 1449 1495 1480 Lucius,
1511 1452 1538 1475 ct
1556 1449 1651 1482 reliqui
1668 1456 1762 1476 omnes

977 1496 1022 1529 qui
1042 1495 1183 1522 nobiscum
1197 1499 1259 1522 sunt
1274 1495 1422 1521 vicinarum
1439 1494 1544 1520 ttrbiuut
1559 1499 1586 1521 et
1601 1494 1759 1528 provincia-

978 1549 1036 1568 rurn
1063 1541 1192 1576 episcopi,
1210 1540 1362 1575 presbyteri
1389 1547 1421 1566 ac
1441 1539 1564 1572 diaconi;
1589 1545 1616 1566 ct
1635 1540 1763 1568 Ecclesia:

979 1587 1036 1620 Dei,
1061 1587 1231 1614 cltarissimis
1260 1586 1391 1614 fratribus
1409 1586 1434 1612 in
1464 1585 1576 1613 Domino
1602 1586 1729 1613 salutem.
1748 1596 1759 1613 ι

978 1633 1074 1661 Paucis
1089 1633 1186 1660 deinde
1201 1633 1362 1666 interiectis,
1372 1633 1430 1660 haec
1443 1632 1612 1667 subiungunt
1625 1639 1633 1658 :
1653 1641 1663 1658 ι
1683 1631 1759 1660 Scri-

978 1680 1080 1714 psimus
1107 1679 1190 1705 etiam
1205 1679 1239 1706 ad
1255 1679 1410 1714 complures
1431 1679 1572 1713 episcopos
1588 1678 1694 1713 longius
1706 1679 1760 1706 dis-

978 1725 1055 1757 sitos,
1067 1731 1169 1759 eosque
1183 1724 1285 1751 hortati
1301 1731 1396 1751 sumus
1419 1728 1448 1750 ut
1471 1723 1504 1750 ad
1524 1723 1642 1750 exitialis
1660 1723 1761 1750 doctri-

979 1778 1020 1798 nae
1031 1770 1154 1798 morbum
1165 1770 1312 1798 curandum
1328 1770 1499 1796 accederent.
1515 1768 1581 1795 Nam
1601 1773 1628 1796 et
1646 1769 1679 1796 ad
1695 1769 1759 1797 Dio-

976 1816 1082 1852 nysium
1107 1815 1332 1849 Alexandrinum,
1349 1821 1377 1843 et
1395 1815 1427 1842 ad
1453 1815 1639 1842 Firmilianum
1654 1815 1761 1850 Cappa-

975 1862 1061 1889 dociae
1072 1861 1233 1893 antistitem,
1242 1862 1329 1888 beata:
1344 1861 1540 1889 recordationis
1551 1861 1636 1894 viros,
1652 1861 1758 1889 litteras

974 1907 1107 1934 dedimus.
1125 1906 1244 1939 Quorum
1259 1905 1304 1933 ille
1317 1905 1426 1940 scripsit
1439 1905 1548 1939 quidem
1561 1905 1733 1933 Antiochiam
1748 1917 1755 1941 ;

975 1953 1020 1980 sed
1032 1952 1134 1979 erroris
1148 1951 1244 1978 ducem
1263 1959 1295 1979 ne
1321 1951 1484 1979 salutatione
1507 1951 1616 1986 quidem
1632 1951 1758 1986 dignatus

976 2003 1034 2031 est;
1053 2005 1141 2032 neque
1163 1998 1196 2024 ad
1220 2005 1280 2024 eum
1302 1998 1472 2029 nominatim,
1490 2004 1582 2023 verum
1598 1998 1630 2023 ad
1646 1998 1756 2024 univer-

975 2051 1032 2071 sam
1044 2043 1265 2071 Antiochensium
1281 2042 1431 2070 Ecclesiam
1453 2043 1557 2070 litteras
1574 2051 1636 2070 suas
1647 2043 1755 2076 direxit,

975 2098 1088 2125 quarum
1104 2089 1186 2117 etiam
1200 2091 1351 2124 exemplum
1365 2089 1408 2116 hic
1427 2089 1600 2123 subjecimus.
1621 2089 1756 2118 Firmilia-

974 2145 1023 2164 nus
1034 2145 1099 2164 vero
1115 2144 1175 2164 cum
1193 2137 1236 2163 his
1261 2135 1435 2162 Antiochiam
1459 2135 1576 2162 Venisset
1590 2156 1597 2167 ,
1615 2135 1757 2164 damnavit

975 2183 1082 2217 quidem
1111 2181 1245 2216 dogmatis
1261 2181 1294 2208 ab
1312 2181 1358 2207 illo
1384 2180 1480 2207 invecti
1497 2181 1655 2211 novitatem,
1669 2185 1698 2207 ut
1713 2187 1754 2208 te-

976 2233 1078 2256 stamur
1091 2228 1173 2262 280
1190 2234 1239 2254 nos
1259 2227 1304 2261 qui
1319 2226 1464 2258 adfuimus,
1477 2231 1504 2253 et
1528 2227 1573 2254 alii
1590 2227 1680 2261 plures
1691 2235 1754 2262 per-

977 2275 1039 2301 iudc
1059 2282 1090 2301 ac
1109 2265 1158 2301 nos
1186 2274 1286 2308 optimc
1304 2279 1414 2300 norunt.
1429 2272 1481 2300 Sed
1501 2281 1561 2300 cum
1581 2273 1623 2301 ille
1640 2278 1755 2301 mutatu-

137 2345 213 2374 Pauli
235 2345 403 2373 Samosatcni
421 2349 521 2372 tantam
547 2345 660 2379 gloriam
677 2344 781 2376 retulit,
795 2348 825 2371 ut.
840 2352 871 2371 ea
886 2343 919 2371 de
934 2345 958 2374 D
971 2348 1041 2369 senle
1057 2343 1228 2379 etiamplebis
1240 2343 1355 2368 maxima
1373 2347 1459 2376 parte,
1480 2347 1533 2368 etc.
1559 2341 1631 2368 ldem
1654 2341 1753 2377 legitur

137 2389 219 2408 causa
233 2381 260 2407 in
275 2380 433 2414 menologiis
447 2380 601 2407 Graecorum
612 2379 739 2407 meruerit
753 2379 917 2411 consecrari,

139 2416 185 2443 die
200 2423 283 2442 xxvm
298 2416 433 2443 Octobris.

176 2450 230 2512 g9)
246 2450 396 2491 Αῑλιανός,
411 2450 502 2493 Vulg._,
516 2449 680 2491 Αἰμιλιανός.
697 2448 725 2476 In
746 2449 825 2476 codd.
840 2448 921 2480 Maz.,

176 2496 178 2512 i
200 2505 220 2512 ..
237 2486 319 2512 Savrl.
337 2491 365 2512 et
380 2485 449 2512 Meti.
464 2485 588 2512 Διλιανός
608 2486 715 2512 letzttur.
735 2484 845 2510 Ruﬁnus
856 2492 921 2512 attn-

137 2484 220 2517 Fuk.,
237 2486 319 2512 Savil.
337 2491 365 2513 et
380 2485 449 2512 Meti.
464 2484 588 2517 Δίλιανός
608 2486 715 2518 legitur.
735 2484 845 2510 Ruﬁnus
856 2492 922 2518 qun-

138 2529 194 2555 que
210 2521 349 2547 Ᾰῐίίαιιιιιη
362 2525 451 2552 vocat,
468 2526 548 2555 atque
569 2521 605 2547 ita
631 2519 689 2546 fere
708 2519 874 2555 Nicephorns
895 2524 923 2545 et

140 2553 296 2592 Syncellus.
308 2556 441 2592 Craterum
454 2553 747 2592 Athhnasiusinlibrq
759 2553 795 2580 De
810 2554 918 2592 synodi;

138 2589 254 2619 Arimini
278 2597 301 2617 et
329 2591 467 2621 Seleutiw.
486 2595 598 2618 testatur
620 2590 645 2616 in
665 2590 715 2616 hac
731 2589 839 2624 Synodo
865 2597 915 2616 nx

139 2626 226 2654 fuisse
238 2627 331 2653 Patres
359 2626 405 2660 qui
424 2625 534 2652 Paulum
554 2625 772 2652 Satnosatensent
789 2624 920 2659 deposue-

140 2666 215 2689 lunt.

175 2695 233 2729 (ΞΟ)
255 2696 428 2723 Ἐπίσκοποι
441 2695 491 2722 καὶ
509 2695 700 2729 πρεσϐύτεροι
714 2693 762 2720 καὶ
776 2693 918 2724 διάκονοι,

139 2728 432 2765 καίαὶἘκκλησιάι.
466 2728 586 2757 Notattda
614 2735 655 2757 est
682 2729 813 2765 imprimis
840 2728 919 2762 hujus

139 2766 262 2801 epistola:
281 2763 432 2800 inscriptio,
454 2773 513 2799 quae
525 2773 578 2792 non
604 2765 690 2792 solum
719 2763 917 2801 episcoporum,

139 2798 188 2828 sed
208 2798 425 2836 presbyterorum
439 2798 469 2828 et
479 2801 664 2836 diaconururn,
680 2799 850 2836 atqueadeo
860 2798 920 2836 ple-

142 2837 185 2863 bis
202 2833 394 2870 ipsius-nomen
413 2835 552 2870 pratﬁxum
579 2835 707 2861 continet.
723 2833 823 2870 Eodem
840 2833 920 2870 plane

139 2867 222 2898 modo
244 2872 271 2898 itt
293 2873 365 2898 Actis
393 2867 607 2904 Cari/lanigeris“
627 2869 730 2903 synodi,
747 2869 789 2895 cui
813 2867 920 2902 prasl'uit

139 2907 293 2941 Cyprianus
307 2913 314 2932 :
329 2905 395 2932 Cum
413 2906 441 2932 in
457 2903 537 2931 unum
560 2903 920 2941 Carthagineuconveniuent

138 2938 254 2977 episcopi
283 2941 401 2977 plurimi,
420 2948 479 2967 cum
499 2940 656 2975 presbyteris
667 2943 691 2966 et
707 2938 839 2971 diaconis,
850 2945 919 2972 pra:-

972 2379 999 2405 in
1015 2378 1129 2404 concilio
1143 2378 1317 2404 Elihcritann.

1005 2412 1061 2447 (“21)
1073 2412 1150 2439 Οὐδὲ
1165 2413 1238 2446 πρὸς
1250 2412 1410 2447 πρόσωπον
1433 2410 1550 2445 γράψας
1568 2410 1656 2443 αὐτῷ.
1673 2411 1750 2439 Falsa

970 2446 1012 2476 est
1027 2446 1108 2481 igitur
1125 2455 1156 2474 ac
1176 2448 1345 2482 supposititia
1370 2446 1482 2480 epistola
1500 2447 1617 2480 Dionysii
1632 2447 1749 2474 Alexan-

970 2484 1042 2511 drini
1057 2483 1090 2510 ad
1107 2482 1217 2508 Paulum
1235 2483 1463 2512 Samosatcusem,
1485 2489 1544 2514 qum
1558 2482 1628 2508 edita
1653 2486 1694 2508 est
1723 2483 1749 2508 in

971 2518 1101 2552 tonio)“
1116 2516 1449 2552 Bibliotheca:sanctorum
1465 2514 1573 2542 l’ulrum
1590 2524 1641 2552 una
1659 2525 1719 2542 cum
1733 2525 1749 2543 χ

969 2551 1200 2588 propoSitiouihus
1233 2551 1306 2588 Pauli
1329 2551 1566 2588 _§:tittt)_satettsis,_
1581 2556 1608 2588 et
1629 2551 1749 2585 Dionysii

969 2584 1001 2615 ad
1018 2584 1064 2615 eas
1080 2586 1309 2620 responsionihus.
1328 2585 1395 2620 Nam
1415 2584 1508 2611 Patres
1522 2585 1630 2619 quidem
1651 2584 1745 2613 Antio-

969 2623 1047 2649 clteni
1065 2621 1183 2652 concilii,
1213 2621 1347 2648 allirntant
1374 2619 1529 2654 Dionysium
1558 2629 1610 2646 ttott
1640 2621 1749 2648 dedisse

968 2659 1073 2684 litteras
1088 2657 1120 2683 ad
1148 2655 1270 2686 Paulum,
1289 2655 1335 2682 sed
1361 2659 1463 2681 tantum
1477 2654 1509 2680 ad
1531 2655 1679 2682 Ecclesiam
1695 2656 1749 2682 Au-

969 2693 1144 2719 tiocheusem.
1159 2689 1186 2717 In
1199 2690 1243 2717 illa
1262 2695 1349 2716 autent
1367 2689 1478 2724 epistola
1492 2696 1551 2722 quae
1567 2690 1684 2724 Dionysii
1699 2698 1748 2717 uo-

968 2728 1040 2754 ntine
1055 2726 1190 2760 publicata
1207 2729 1260 2756 est,
1278 2723 1419 2759 Dionysius
1434 2724 1475 2750 bis
1496 2723 1580 2750 Paulo
1605 2723 1750 2759 scripsisse

968 2759 1075 2789 dicitur.
1095 2761 1148 2788 Sed
1173 2768 1222 2788 nec
1243 2760 1328 2794 stylns
1355 2759 1474 2793 epistola:
1501 2767 1532 2789 ac
1553 2760 1747 2793 responsionis,

968 2797 1080 2831 reliquis
1098 2796 1216 2830 Dionysii
1243 2794 1362 2831 Scrlpli3_
1380 2794 1532 2828 respondet.
1555 2794 1653 2831 itaque
1672 2802 1748 2831 qopus

967 2829 1035 2858 illud
1049 2829 1229 2858 adulterinum
1250 2837 1319 2860 esse,
1339 2829 1374 2855 ob
1397 2836 1442 2856 eas
1462 2836 1530 2863 quas
1545 2829 1600 2856 dixi
1627 2829 1748 2857 rationes

967 2867 1034 2894 mihi
1049 2867 1207 2900 persuadeo,
1230 2865 1291 2891 licet
1311 2864 1441 2891 Baronius
1456 2871 1515 2893 eam
1541 2864 1683 2899 epistolam
1699 2872 1748 2900 pro

967 2909 1030 2928 vera
1047 2899 1078 2927 ac
1094 2907 1221 2934 germana
1237 2899 1253 2926 lt
1264 2899 1371 2925 tbuerit.

1003 2935 1058 2971 (22)
1089 2932 1174 2962 Ἄνευ
1197 2935 1276 2968 τινες
1300 2934 1366 2967 περὶ
1394 2933 1447 2961 τὸν
1472 2932 1564 2969 λόγον
1585 2933 1744 2968 λοιδορίας.
