2002 3169
154 159 206 189 715

641 153 813 184 ΠΙΞΤΟΒΙᾹΞ
833 153 1111 182 ΕΟΕΙΑΕΞΙᾹΞἸἸΟΑΞ
1133 150 1194 180 ΗΒ.
1218 153 1271 180 ΠΙ.

1711 155 1761 182 7H

152 220 201 253 οὐχ
221 218 259 249 ὡς
272 217 389 254 Χριστοῦ
406 217 540 252 μαθητὴς,
558 216 691 251 σήκρητόν
709 224 737 241 τε
756 215 810 250 (52)
822 214 934 249 ,”ὢσπερ

988 214 1077 241 studio
1103 218 1284 244 conserlalur.
1309 213 1373 240 nihil
1397 213 1468 239 aliud
1485 220 1566 247 quam
1580 213 1685 239 inanem
1702 215 1760 248 glo-

153 266 178 291 bi.
204 265 250 290 τοῦ
276 265 377 298 κόσμου
399 263 545 298 ἄρχοντες,
572 262 640 297 ἔχων
662 270 691 287 τε
716 262 761 287 καὶ
786 260 932 296 ὀνομάζων,

157 309 243 336 παίων
259 309 287 334 δὲ
310 310 342 344 τῇ
363 309 434 344 χειρὶ
457 308 501 334 τὸν
517 308 617 344 μηρὸν,
641 309 687 334 καὶ
708 308 737 333 τὸ
757 307 830 341 βῆμα
853 306 935 341 ἀράτ-

154 363 208 381 my
238 355 294 385 τοῖς
326 354 408 385 ποσὶ,
439 353 486 379 καὶ
515 355 571 384 τοῖς
603 353 638 388 μὴ
673 352 830 384 ἐπαινοῦσι,
869 352 946 387 μηδὲ,

156 400 250 435 ὥσπερ
264 401 292 426 ἐν
303 401 358 431 τοῖς
373 400 494 435 θεάτροις
505 399 673 426 κατασείουσι
684 400 742 429 ταῖς
752 398 856 429 ὀθόναις
868 398 934 432 (55),

158 446 218 481 μηδ’
233 444 348 471 ἐκϐοῶσί
360 453 388 470 τε
408 445 454 470 καὶ
470 443 623 478 ἀναπηδῶσι
645 443 715 469 κατὰ
732 443 765 469 τὰ
787 442 856 468 αὐτὰ
880 442 934 472 τοῖς

156 492 224 526 ἀμφ’
254 490 333 517 αὑτὸν
357 489 517 520 στασιώταις
539 489 648 524 ἀνδράσι
673 497 702 515 τε
732 489 778 516 καὶ
798 488 932 525 νγυναίοις,

156 536 284 571 ἀκόσμως
299 534 384 566 οὕτως
399 534 591 570 ἀκροωμένοις,
606 535 661 565 τοῖς
676 534 696 559 δ’
711 532 756 560 οὖν
773 534 810 564 ὡς
823 535 851 559 ὲν
868 533 934 568 οῐκῳ

156 581 225 608 Θεοῦ
246 580 438 617 σεμνοπρεπῶς
455 581 501 607 καὶ
521 580 656 610 εὐτάκτως
670 579 823 610 ἀκούουσιν,
846 579 933 605 ἐπιτι-

159 626 217 661 μῶν
233 627 279 653 καὶ
299 626 454 662 ἐνυϐρίζων,
471 626 517 653 καὶ
532 626 571 657 εὶς
586 627 648 657 τοὺς
663 625 828 656 ἀπελθόντας
841 626 872 651 ὲκ
887 624 933 650 τοῦ

157 670 216 706 βίου
232 670 324 696 τούτου
345 670 477 706 παροινῶν
491 669 625 705 ἐξηγητὰς
639 670 685 697 τοῦ
701 670 778 703 λόγου
800 669 934 704 φορτικῶς

157 717 188 744 ὲν
201 716 240 752 τῷ
256 715 346 750 κοινῷ,
369 716 415 741 καὶ
429 715 672 750 μεγαλορρημονῶν
686 716 748 750 περὶ
763 715 869 746 ἑαυτοῦ,
885 723 933 740 κα-

157 761 246 797 θάπερ
272 761 322 788 οὐκ
346 760 503 794 ἐπίσκοπος,
532 761 599 788 ἀλλὰ
626 761 755 796 σοφιστὴς
777 761 824 787 καὶ
851 760 930 793 γόης·

156 807 281 842 ψαλμοὺς
300 807 328 833 δὲ
341 807 405 838 τοὺς
427 807 476 842 μὲν
494 808 533 839 εἰς
554 807 598 833 τὸν
613 807 714 842 Κύριον
734 806 811 841 ἡμῶν
832 805 933 840 Ἰησοῦν

157 852 274 888 Χριστὸν
297 852 419 884 παύσας,
439 853 476 884 ὡς
495 852 527 888 δὴ
551 852 698 888 νεωτέρους
726 852 772 878 καὶ
795 851 933 887 νεωτέρων

153 897 261 933 ἀνδρῶν
287 899 498 932 συγγράμματα,
524 898 564 929 εἰς
590 897 683 924 ἑαυτὸν
706 897 734 923 δὲ
758 897 787 923 ὲν
810 896 878 932 μέσῃ
899 897 931 931 τῇ
949 888 970 915 Β

164 943 319 978 Ἐκκλησίᾳ,
335 945 367 978 τῇ
391 943 492 978 μεγάλῃ
503 943 548 969 τοῦ
564 943 658 977 Πάσχα
680 942 768 977 ἡμέρᾳ
783 942 936 978 ψαλμῳδείν

157 989 288 1021 γυναῖκας
303 988 526 1023 παρασκευάζων,
541 984 578 1013 ὧν
591 988 637 1014 καὶ
653 986 770 1018 ἀκούσας
780 986 813 1013 ἄν
826 995 868 1018 τις
880 986 937 1023 φρί-

157 1033 244 1066 ξειεν·
266 1032 310 1060 οἷα
333 1033 458 1064 καὶτοὺς
479 1033 648 1064 Θωπεύοντας
673 1032 753 1059 αὑτὸν
773 1033 937 1064 ἐπισκόπους

155 1079 212 1105 τῶν
226 1078 332 1114 ὁμόρων
349 1079 439 1115 ἀγρῶν
455 1079 509 1113 (31)
523 1087 552 1105 τε
571 1079 618 1105 καὶ
637 1078 748 1110 πόλεων,
765 1079 810 1105 καὶ
820 1078 938 1114 πρεσϐυ-

156 1125 252 1160 τέρους
266 1126 293 1151 ὲν
307 1126 367 1157 ταῖς
381 1125 448 1160 πρὸς
464 1125 508 1150 τὸν
522 1124 584 1150 λαὸν
599 1123 717 1158 ὁμιλίαις
728 1124 838 1158 καθίησι
849 1123 937 1150 διαλέ-

161 1171 268 1204 γεσθαι.
283 1170 334 1197 Τὸν
350 1170 398 1205 μὲν
407 1170 461 1205 γὰρ
472 1170 534 1196 Υὶὸν
548 1170 595 1196 τοῦ
610 1170 676 1197 Θεοῦ
693 1171 722 1197 οὐ
736 1170 858 1204 βούλεται
876 1178 937 1195 συν-

156 1216 298 1250 ομολογεῖν
318 1215 346 1248 ἐξ
370 1215 482 1250 οὐρανοῦ
497 1215 713 1250 κατεληλυθέναι,
735 1216 777 1241 ἵνα
791 1224 816 1241 τι
838 1214 938 1250 προλα-

156 1262 251 1293 ϐόντες
263 1261 317 1288 τῶν
329 1261 477 1296 μελλόντων
489 1260 676 1296 γραφὴσεσθαι
689 1260 787 1295 θῶμεν·
800 1261 846 1287 καὶ
859 1260 937 1286 τοῦτο

156 1308 189 1334 οὐ
210 1307 280 1342 λόγῳ
306 1306 375 1342 ψιλῷ
402 1306 557 1342 ῥηθήσεται,
587 1307 642 1333 ἀλλ’
661 1306 690 1338 ἐξ
712 1305 749 1333 ὧν
776 1306 936 1341 ἐπέμψαμεν

157 1353 358 1388 ὑπομνημάτων
374 1352 429 1387 (55)
443 1352 577 1379 δείκνυται
594 1351 767 1387 πολλαχόθεν,
779 1352 827 1386 οὐχ
838 1352 936 1386 ἥκιστα

156 1399 189 1434 δὴ
211 1399 276 1425 ὅπου
300 1398 371 1432 λέγει
395 1398 496 1433 Ἰησοῦν
513 1398 630 1434 Χριστὸν
650 1397 780 1424 κάτωθεν.
802 1398 833 1423 Ol
853 1397 880 1423 δὲ
897 1397 936 1428 εις

156 1445 238 1477 αὑτὸν
250 1445 394 1479 ψάλλοντες
415 1445 461 1471 καὶ
477 1444 694 1479 ἐγκωμιάζοντες
707 1445 735 1470 ὲν
746 1443 784 1479 τῷ
799 1442 866 1478 λαῷ,
889 1443 936 1476 ἂγ-

155 1488 236 1522 γελον
249 1488 294 1514 τὸν
307 1489 391 1523 ἀσεεῆ
404 1488 559 1515 διδάσκαλον
575 1488 676 1514 ἑαυτῶν
688 1487 717 1520 ἐξ
729 1487 842 1524 οὐρανοῦ
855 1496 936 1514 κατε·
960 1502 962 1504 τ

156 1534 299 1569 ληλυθέναι
315 1534 430 1568 λέγουσι.
448 1535 501 1560 Καὶ
528 1534 614 1561 ταῦτα
628 1535 658 1560 οὐ
673 1534 780 1564 κωλύει,
802 1533 868 1560 ἀλλὰ
889 1534 936 1560 καὶ

156 1580 312 1615 λεγομένοις
330 1580 459 1615 πάρεστιν
472 1581 486 1606 ὁ
501 1581 682 1616 ὑπερήφανος.
701 1581 755 1612 Τὰς
773 1581 800 1607 δὲ
815 1581 937 1606 συνεισά-

156 1634 239 1657 κτους
263 1625 316 1661 (56)
339 1626 420 1652 αὑτοῦ
439 1628 580 1660 γυναῖκας,
608 1627 644 1657 ὡς
673 1627 816 1661 Ἀντιοχεῖς
839 1626 938 1661 ὀνομά-

157 1715 224 1741 dunt
247 1715 339 1742 Patres
361 1715 523 1743 Antiocheni
535 1715 639 1743 concilii
658 1715 682 1742 in
703 1715 787 1742 Paulo
806 1716 931 1750 episcopo

157 1750 319 1783 Antiochim,
339 1758 389 1777 non
408 1751 478 1784 quod
491 1752 615 1778 thronum
634 1751 769 1778 habuerit.
791 1751 846 1777 lloc
859 1752 929 1777 enim

156 1784 265 1817 insigne
280 1790 338 1810 erat
353 1785 550 1819 episcoporum,
565 1792 593 1812 ut
617 1785 641 1811 iu
660 1785 757 1812 throno
779 1793 825 1812 seu
842 1785 932 1812 cathe-

158 1821 208 1845 dra
223 1819 358 1854 sederent.
374 1820 423 1852 Qui
437 1820 556 1853 mosjam
572 1821 631 1847 ittde
647 1820 680 1846 ab
696 1820 849 1854 apostolicis
864 1825 934 1846 tein-

178 1853 271 1880 oribus
288 1854 438 1882 invaluerat
454 1856 480 1882 in
495 1855 623 1882 Ecclesia.
640 1853 718 1882 Certe
735 1854 826 1882 Jacobi
842 1855 933 1882 fratris

183 1888 266 1915 cmiui
288 1889 423 1921 thronum,
447 1890 639 1924 Hierosolymis
666 1889 752 1916 adhuc
780 1898 826 1916 sua
853 1895 933 1916 :ctute

158 1929 296 1950 servatum
314 1923 397 1952 fuisse
411 1929 525 1952 testatur
538 1923 668 1951 Eusebius
684 1924 708 1950 iu
725 1925 813 1957 capite
830 1924 871 1954 18.
886 1932 932 1950 su-

158 1965 220 1991 pra.
231 1959 262 1985 'ld
280 1960 360 1994 igitur
375 1961 400 1986 ιιι
421 1960 502 1987 Paulo
518 1964 649 1987 damnant
670 1959 812 1986 memorati
825 1959 932 1989 Patres.

159 1994 231 2026 quod
247 1995 360 2020 tribunal
386 1995 436 2022 sibi
459 1997 560 2022 exstrui
584 2000 704 2022 curasset
720 1994 752 2021 iu
764 1994 892 2025 ecclesia,
908 1999 934 2020 et

159 2028 232 2054 ineo
245 2029 367 2055 thronum
380 2030 519 2057 sublimem
530 2030 581 2057 sibi
591 2030 737 2056 statuisset.
752 2030 835 2056 ltccte
846 2029 935 2062 itaque

161 2062 274 2089 ﬂulious
290 2064 360 2090 hunc
376 2064 464 2091 locum
481 2065 515 2091 ila
528 2065 624 2091 vertit:
639 2064 671 2090 In
683 2064 791 2091 ecclesia
805 2072 862 2090 vero
882 2066 933 2090 tri-

159 2098 241 2122 bunal
258 2099 307 2123 sibi
323 2099 402 2134 ouillo
417 2099 497 2126 altius
511 2107 589 2134 quam
604 2099 688 2132 fuerat
701 2100 808 2130 exstrui,
824 2104 847 2125 et
863 2100 934 2125 thro-

160 2139 223 2167 num
245 2135 272 2158 tn
295 2133 477 2160 excelsioribus
492 2135 615 2160 collocari
628 2133 711 2167 jubet.
739 2134 860 2167 Episcopi
875 2135 934 2167 qui-

159 2166 221 2202 dem
235 2168 364 2194 sedebant
379 2168 404 2194 in
419 2168 548 2196 cathedra
565 2166 642 2202 paulo
658 2166 853 2202 altiorequam
875 2166 935 2195 reli-

157 2201 206 2236 qui
231 2203 388 2237 presbyteri,
402 2207 431 2229 ut
446 2201 570 2230 dicemus
581 2204 613 2230 ad
628 2203 676 2230 lib.
696 2211 711 2229 x
724 2223 731 2232 .
749 2201 795 2230 sed
819 2203 933 2230 tribunal
952 2201 972 2227 D

157 2242 213 2272 ιιοιι
233 2237 373 2263 habebant.
387 2237 479 2264 Postea
495 2245 557 2264 vero
576 2238 745 2265 iuvalueruut
760 2238 859 2264 absidtc
874 2246 936 2272 gra-

160 2271 230 2297 data:
244 2277 270 2297 et
285 2273 421 2302 exhedrae,
438 2275 470 2299 de
492 2273 588 2306 quibus
610 2273 769 2300 Ambrosius
789 2271 936 2306 loquuntur

159 2306 383 2342 et__Augustinus
407 2317 413 2333 ε
437 2315 496 2341 quae
528 2309 635 2342 quidem
653 2315 668 2334 a
685 2309 811 2335 tribunali
839 2317 935 2342 parum

159 2338 328 2368 dilIcrebant.

196 2374 340 2410 (δελνυιε.
356 2376 508 2410 σήκρητον
517 2377 550 2403 δέ
562 2382 588 2404 et
603 2385 664 2404 mox
679 2377 774 2404 παίων
787 2386 828 2404 τε.
846 2377 872 2404 ltt
890 2385 937 2404 co-

243 2405 329 2449 Maz;
341 2405 457 2449 Μειζιεὶ
477 2412 543 2439 Fuit.
564 2413 659 2449 legitur
670 2413 805 2449 σήκρητόν
825 2421 870 2449 τε,
893 2421 935 2439 re-

158 2446 377 2482 ctius_utopinor.
388 2446 439 2473 Sed
450 2455 509 2473 mox
520 2446 659 2482 legendum
671 2446 712 2474 est
721 2446 807 2473 παίων
821 2448 860 2478 δέ,
872 2455 935 2480 ιιοιι,

158 2482 190 2517 ut
197 2479 274 2512 vulgo
280 2480 379 2517 editum
386 2487 438 2513 est,
446 2490 485 2508 τε.
495 2479 570 2508 Hunc
585 2482 737 2517 locuutrnoo
749 2482 938 2509 intellexerunt

159 2516 320 2547 interpretes
335 2516 470 2543 Musculus
495 2522 522 2543 et
549 2516 822 2550 Christophorsonhs.
839 2517 937 2544 Secre-

159 2553 216 2586 t_t_tut
233 2550 370 2583 proprium
396 2556 454 2577 erat.
471 2552 677 2585 magistratuum
695 2556 722 2578 et
738 2552 870 2585 majorum
889 2552 935 2585 ju-

158 2583 264 2622 dicutn;
283 2585 357 2612 locus
378 2586 481 2622 scilicet
506 2583 618 2622 interior
634 2583 788 2622 praetorii,‘
806 2583 936 2613 cancellis

158 2620 290 2650 munitus,
307 2627 338 2646 ac
354 2620 419 2647 velis
434 2621 561 2655 obpansis
586 2621 716 2652 ittclusus,
735 2621 760 2647 in
780 2628 834 2655 quo
850 2622 937 2655 magi-

157 2654 428 2690 stratuiscdehaut,
451 2654 513 2682 dum
530 2663 636 2683 reorum
663 2663 762 2682 causas
787 2654 938 2690 cognoséev

158 2687 310 2748 $21.8gide
324 2696 383 2722 quae
397 2691 486 2718 notari
503 2691 538 2718 ad
558 2692 647 2718 Amm.
661 2689 809 2718 Marcellini
824 2687 874 2718 lib.
890 2697 936 2722 xv,

155 2728 220 2756 pag.
231 2728 276 2749 δι.
590 2733 594 2737 ~

193 2757 249 2790 (5'5)
265 2759 463 2786 Ka'mtrelovo't
477 2760 541 2793 ταῖς
553 2761 681 2793 ὀθόναις.
693 2760 818 2788 Solebant
834 2759 897 2787 olim
911 2760 936 2786 in

157 2790 456 2830 theatrisspectatores
478 2796 503 2821 in
519 2790 624 2830 signum
645 2790 746 2822 favoris
762 2796 852 2830 oraria
870 2802 937 2821 con-

154 2831 259 2865 fUIcre.
283 2827 348 2865 Vide
367 2836 426 2865 qum
441 2827 732 2865 noutVit'Casaubonus
745 2831 777 2856 ad
793 2829 936 2864 Vopiscum

155 2863 183 2888 iu
204 2863 362 2889 Aureliano.
380 2863 429 2890 Ubi
448 2863 578 2898 Vopiscus
600 2865 665 2891 dicit
690 2863 863 2892 Aurelianum
883 2866 938 2899 pri-

297 2907 434 2939 ΡΔτιιοι.
458 2909 516 2939 Gu.
540 2910 611 2941 XX.

985 260 1051 285 riam
1065 263 1185 291 captans,
1199 261 1357 291 etpompatn
1367 256 1504 289 sﬂ'ectans,
1519 257 1759 291 alqueltujusmodi

985 305 1088 330 artibus
1103 303 1207 330 animos
1223 303 1407 337 imperitorum
1432 302 1667 337 perterrefacieus.
1693 303 1759 330 Nam

985 353 1011 375 ct
1026 349 1141 375 tribunal
1155 353 1181 374 ct
1193 349 1334 375 sublimem
1345 347 1482 379 thronum,
1499 355 1551 374 non
1565 354 1594 374 ut
1606 349 1705 376 Christi
1720 350 1762 375 di-

985 394 1103 428 scipulus
1114 395 1164 421 sibi
1181 395 1236 428 ipse
1245 393 1404 426 construxit,
1414 397 1440 420 et
1453 399 1597 425 secretum,
1609 395 1717 428 perinde
1730 402 1762 421 ac

985 440 1127 467 saeculares
1138 440 1321 474 magistratus,
1331 439 1365 465 ita
1373 439 1535 473 appellatum
1545 440 1648 466 habuit.
1656 441 1694 467 Ad
1705 441 1760 467 haec

986 485 1072 511 femur
1087 493 1165 511 manu
1189 489 1329 519 percutere
1345 489 1371 511 et
1384 484 1501 511 tribunal
1528 486 1639 519 pedibus
1655 486 1761 520 pulsare

984 530 1064 565 281
1081 530 1183 556 solitus.
1202 530 1252 557 Eos
1262 537 1326 557 vero
1339 530 1384 564 qui
1400 538 1451 556 nou
1466 530 1615 562 laudarent,
1630 539 1679 558 nec
1693 536 1722 557 Ill
1735 533 1760 558 in

986 575 1099 602 theatris
1122 574 1178 601 ﬁeri
1204 575 1271 602 solet
1288 576 1376 602 oraria
1395 579 1580 607 concuterent,
1602 583 1687 610 neque
1709 585 1760 603 una

984 629 1045 648 cum
1058 620 1208 648 fautoribus
1221 621 1316 656 ipsius,
1330 621 1396 648 viris
1410 628 1442 648 ac
1454 620 1622 648 mulierculis
1638 622 1763 649 indecore

984 667 1198 694 auscultantibus
1223 667 1409 694 exclamarent
1429 671 1511 702 atque
1540 667 1688 698 exsilirent.
1716 669 1762 694 sed

984 722 1044 741 cum
1058 714 1189 748 gravitate
1206 721 1238 740 ac
1256 714 1387 741 modestia
1399 714 1468 741 sicut
1485 713 1511 740 in
1526 714 1605 741 donto
1625 714 1671 743 Dei
1686 714 1764 742 decet

984 759 1118 792 audirent,
1142 760 1299 794 increpabat
1320 764 1347 786 et
1369 759 1540 787 contumeliis
1563 759 1705 788 afficiebat.
1732 762 1764 788 Et

984 805 1051 832 alios
1066 806 1172 839 quidem
1191 805 1258 839 legis
1272 811 1369 832 nostra:
1383 806 1506 833 doctores
1516 806 1570 841 iam
1589 809 1643 834 vita
1657 808 1765 835 functos

984 851 1137 885 petulanter
1154 851 1180 877 in
1195 851 1326 878 concione
1338 851 1496 879 lacerabat:
1515 852 1547 879 de
1563 860 1591 880 se
1602 857 1691 880 autem
1708 854 1764 887 ipse

987 895 1127 930 magniﬁce
1140 895 1311 930 loquebatur,
1329 904 1381 924 nou
1402 902 1431 924 ut
1442 905 1593 933 episcopus,
1609 899 1656 926 sed
1678 904 1707 925 ut
1721 908 1765 925 so-

986 941 1074 974 phista
1092 941 1200 976 quidam
1219 945 1247 969 et
1267 943 1407 977 impostor.
1423 944 1493 977 Quin
1507 944 1588 971 etiam
1607 945 1724 980 psalmos
1739 946 1763 972 in

986 986 1117 1014 honorem
1145 987 1249 1014 Domini
1276 987 1339 1016 Jesu
1356 989 1456 1017 Christi
1478 990 1539 1017 cani
1564 990 1667 1022 solitos,
1688 993 1764 1025 quasi

987 1031 1107 1059 novellos
1120 1037 1148 1059 et
1170 1039 1185 1058 a
1212 1033 1409 1061 recentioribus
1431 1033 1584 1061 hominibus
1599 1035 1765 1069 compositos

987 1076 1113 1104 abolevit.
1128 1077 1254 1105 Mulieres
1267 1070 1356 1106 autem
1375 1087 1472 1114 magno
1489 1079 1599 1107 Pascha;
1610 1081 1654 1108 die
1669 1081 1695 1108 in
1709 1089 1766 1108 mc-

987 1124 1029 1151 dia
1041 1124 1157 1151 ecclesia
1174 1124 1294 1158 psalmos
1311 1127 1440 1160 quosdam
1455 1133 1552 1153 canere
1569 1127 1603 1153 ad
1622 1126 1664 1154 sui
1681 1127 1766 1161 ipsius

986 1168 1090 1195 laudem
1111 1169 1243 1203 instituit;
1266 1171 1336 1205 quod
1351 1171 1457 1205 quidem
1474 1171 1645 1199 audientibus
1670 1173 1766 1200 horro-

987 1222 1043 1241 rem
1055 1214 1150 1242 merito
1163 1215 1315 1243 incusserit.
1332 1216 1600 1254 Episcopos‘quoque
1614 1217 1766 1244 vicinorum

987 1267 1115 1294 pagorum
1129 1265 1157 1288 et
1176 1261 1318 1289 civitatum
1329 1282 1335 1294 ,
1356 1269 1406 1290 nec
1424 1269 1476 1290 non
1493 1267 1519 1289 et
1536 1263 1708 1298 presbyteros
1722 1272 1767 1291 as—

988 1310 1136 1332 sentatores
1162 1314 1226 1334 suos
1250 1307 1385 1338 submisit,
1401 1307 1446 1341 qui
1464 1307 1490 1333 in
1511 1308 1568 1334 suis
1591 1308 1624 1335 ad
1639 1309 1766 1342 populum

987 1351 1162 1379 concionihus
1173 1352 1266 1379 eadem
1280 1351 1313 1379 de
1325 1352 1382 1386 ipso
1396 1352 1584 1387 prtedicarcnt.
1598 1353 1702 1380 Etenim
1719 1353 1766 1380 Fi-

988 1396 1052 1423 lium
1069 1397 1115 1424 Dei
1132 1404 1147 1424 e
1160 1397 1229 1425 coalo
1245 1398 1418 1425 descendisse
1432 1398 1572 1426 nobiscum
1587 1399 1710 1426 conﬁteri
1725 1408 1768 1426 re.

987 1442 1055 1473 nuit,
1069 1447 1099 1469 ut
1114 1443 1214 1477 aliquid
1228 1442 1315 1470 obiter
1328 1443 1524 1477 praemittamus
1535 1452 1568 1471 ex
1581 1444 1614 1472 iis
1625 1453 1685 1479 quae
1696 1445 1766 1472 infra

987 1488 1097 1515 uberius
1114 1494 1293 1522 exponentur.
1318 1487 1410 1523 Neque
1434 1489 1460 1517 id
1481 1489 1596 1523 simplici
1618 1490 1768 1518 assertione

988 1538 1093 1567 nostra,
1111 1534 1156 1561 sed
1174 1541 1206 1561 ex
1222 1534 1288 1569 ipsis
1301 1541 1360 1568 quae
1377 1534 1410 1561 ad
1423 1541 1470 1562 vos
1481 1534 1604 1562 misimus
1615 1537 1697 1569 gestis
1713 1544 1766 1563 nou

989 1579 1074 1607 semel
1098 1579 1260 1611 declaratur,
1286 1580 1405 1606 maxime
1428 1587 1492 1607 vero
1521 1579 1566 1607 ubi
1593 1580 1658 1607 dicit
1677 1580 1767 1608 Jesunt

991 1626 1125 1653 Christqu
1141 1634 1155 1654 e
1170 1631 1241 1654 terra
1257 1631 1347 1653 ortum
1371 1625 1464 1653 fuisse.
1482 1627 1515 1652 At
1537 1634 1601 1653 vero
1617 1626 1654 1653 illi
1680 1630 1726 1666 qui
1742 1629 1766 1653 in

985 1723 1059 1742 mum
1080 1715 1199 1743 omnium
1229 1716 1316 1742 oraria
1340 1715 1447 1742 dedisse
1472 1715 1570 1749 populo
1592 1715 1712 1742 Romano
1734 1715 1767 1741 ad

984 1750 1115 1777 favorem.
1127 1750 1288 1777 Aurelianus
1302 1750 1382 1783 igitur
1399 1750 1424 1776 id
1437 1754 1578 1783 acceperat
1589 1750 1623 1776 ab
1638 1750 1764 1777 0rienta~

987 1785 1067 1816 libus,
1092 1785 1137 1819 qui
1163 1785 1240 1820 longe
1267 1785 1440 1820 anteripsnm
1465 1785 1564 1820 orariis
1578 1785 1611 1810 ad
1630 1792 1689 1811 eam
1711 1793 1767 1811 reu-

986 1818 1146 1851 utebantur,
1171 1825 1197 1846 ut
1210 1818 1301 1846 docet
1322 1819 1365 1845 hic
1390 1820 1473 1851 locus,
1489 1823 1515 1845 et
1537 1818 1718 1846 Philostratus
1741 1821 1767 1846 in

986 1862 1046 1888 cap.
1064 1856 1092 1886 5,
1106 1855 1153 1881 lib.
1171 1862 1178 1880 I
1194 1854 1231 1880 De
1245 1855 1297 1880 vita
1323 1853 1464 1887 Apollonii,
1478 1856 1589 1888 loquens
1601 1854 1634 1880 de
1651 1855 1770 1881 Tarsen-

986 1889 1072 1919 sihus.
1087 1895 1114 1915 et
1130 1889 1176 1915 Dio
1187 1889 1233 1915 lib.
1248 1897 1292 1915 ut
1308 1889 1333 1915 in
1353 1889 1415 1914 line.

1022 1924 1078 1959 (34)
1099 1921 1298 1956 Ἐπισκόπους
1312 1922 1370 1959 τῶν
1392 1922 1507 1959 ὁμόρων
1526 1921 1651 1959 ἀγρῶν-,7,
1664 1923 1767 1959 chore-

987 1957 1111 1995 piscopos
1129 1959 1286 1995 intelligere
1314 1958 1429 1995 videtur.
1451 1958 1507 1995 tios
1531 1959 1602 1985 enim
1627 1957 1769 1995 distinguit

987 1993 1099 2027 epistola
1111 1993 1145 2019 ab
1162 1993 1299 2028 episcopis
1315 1992 1432 2028 urbium.
1450 1992 1505 2020 llus
1519 1995 1601 2028 igitur
1616 1995 1641 2020 in
1659 1992 1768 2022 concio~

989 2028 1068 2054 nibus
1085 2028 1116 2053 ad
1135 2027 1275 2061 populum,
1293 2027 1394 2054 similia
1416 2038 1446 2056 ac
1467 2027 1592 2055 mulieres
1615 2029 1673 2056 illas
1695 2030 1767 2062 psal-

989 2063 1054 2098 trias
1073 2062 1106 2089 de
1121 2062 1202 2089 Paulo
1216 2062 1455 2098 dixisseasserunt
1472 2063 1577 2096 Patres,
1596 2065 1667 2098 quod
1685 2064 1767 2091 Chri-

986 2097 1184 2131 stophorsonus
1196 2104 1248 2124 non
1261 2096 1404 2126 intellexit.

1022 2132 1078 2168 (35)
1098 2131 1336 2168 Ὑπομνημάτων.
1361 2133 1437 2166 Quod
1452 2140 1531 2167 supra
1549 2134 1765 2164 observavimus.

985 2175 1078 2195 errare
1093 2167 1172 2202 vulgo
1188 2167 1350 2202 interpretes
1367 2170 1393 2194 in
1410 2167 1490 2202 hujus
1507 2170 1581 2195 vocis
1607 2169 1766 2201 explicatio-

987 2210 1030 2233 ne.
1046 2203 1072 2230 id
1089 2202 1261 2237 perspicuum
1279 2203 1308 2229 lit
1325 2203 1376 2230 hoc
1392 2203 1461 2230 loco.
1482 2203 1552 2229 Nam
1576 2208 1603 2229 et
1618 2202 1724 2237 Langus
1739 2209 1767 2229 et

986 2237 1122 2265 Musculus
1142 2243 1169 2264 et
1184 2237 1448 2271 Christophorsoous
1469 2239 1668 2264 commentarios
1681 2238 1766 2265 inter-

986 2272 1083 2306 pretati
1113 2277 1185 2305 sunt,
1212 2280 1274 2300 cum
1300 2278 1358 2299 acta
1373 2280 1420 2300 seu
1445 2278 1516 2307 gesta
1539 2278 1644 2299 vertere
1663 2273 1766 2299 debuis-

986 2312 1056 2334 sent.
1089 2307 1155 2334 Acta
1182 2313 1272 2335 autetn
1301 2308 1347 2334 illa
1374 2308 1469 2342 synodi
1501 2307 1675 2334 Antiochense
1699 2309 1764 2333 nihil

986 2342 1057 2369 aliud
1071 2347 1149 2369 erant
1166 2349 1247 2376 quam
1275 2343 1426 2377 disputatio
1451 2342 1608 2368 Malchionis
1633 2342 1765 2377 adversus

987 2377 1097 2403 Paulqu
1117 2377 1335 2409 Samosatcnum,
1345 2385 1405 2411 quae
1420 2384 1434 2402 a
1457 2377 1569 2403 notariis
1584 2382 1695 2410 excepta
1707 2376 1766 2403 fue-

987 2416 1040 2443 rat,
1052 2417 1081 2438 ut
1094 2419 1173 2446 supra
1188 2412 1255 2438 dixit
1270 2412 1410 2439 Eusebius.
1426 2411 1463 2437 Ex
1477 2412 1509 2438 iis
1523 2412 1596 2438 Actis
1611 2411 1765 2438 testimonia

987 2447 1106 2481 fuitetiam
1118 2445 1220 2480 profert
1234 2447 1363 2474 Leontius
1377 2447 1519 2481 Byzantius
1533 2447 1558 2472 in
1574 2446 1622 2474 lib.
1648 2453 1677 2472 ιιι
1697 2445 1765 2471 Con-

987 2486 1028 2507 tra
1050 2480 1213 2513 Nestorium,
1236 2489 1322 2515 eaque
1344 2480 1509 2515 distinguere
1524 2482 1628 2506 videtur
1644 2487 1658 2506 a
1675 2481 1764 2514 dispu-

989 2515 1090 2542 tatione
1107 2515 1264 2543 Malchionis
1279 2522 1372 2543 contra
1388 2515 1513 2546 Paulum,
1536 2516 1581 2541 ubi
1606 2515 1687 2541 etiam
1716 2517 1765 2542 do-

987 2555 1047 2577 ctus
1060 2551 1193 2584 interpres
1210 2552 1410 2577 commentarios
1427 2551 1518 2577 vertit.

1023 2585 1079 2620 (56)
1095 2585 1324 2618 Συνεισὰκτους.
1335 2586 1403 2620 Quid
1418 2590 1510 2612 essent
1527 2584 1696 2620 συνεισακτοι
1708 2592 1766 2610 ιηιι-

987 2620 1079 2652 lieres,
1090 2620 1146 2654 jam
1159 2621 1262 2654 pridem
1277 2621 1379 2646 notavit
1392 2619 1510 2646 Joannes
1538 2619 1644 2654 Longus
1662 2619 1701 2645 vir
1715 2620 1765 2645 do-

988 2655 1125 2682 ctissimus
1137 2657 1170 2681 ad
1190 2655 1289 2681 librum
1304 2662 1329 2681 νι
1359 2654 1503 2688 Ntcephori
1518 2662 1577 2687 cap.
1595 2655 1639 2686 50,
1653 2659 1679 2680 ct
1705 2658 1766 2688 post

988 2690 1061 2716 illum
1082 2690 1179 2716 Beatus
1196 2690 1343 2716 ltlteuanus
1356 2690 1388 2716 ad
1402 2689 1501 2716 librum
1521 2696 1555 2715 vn
1570 2688 1670 2714 Ruﬁni.
1690 2688 1765 2721 Quo-

988 2732 1048 2751 rum
1060 2725 1146 2751 doctis
1160 2725 1394 2751 observationibus
1408 2723 1475 2750 nihil
1488 2730 1529 2750 est
1541 2724 1613 2758 quod
1624 2723 1765 2750 addamus.

989 2759 1148 2792 Huiusmodi
1175 2759 1301 2786 mulieres
1313 2768 1327 2785 a
1345 2759 1451 2785 clericis
1469 2759 1548 2793 vulgo
1566 2766 1674 2793 sorores
1691 2765 1767 2784 voca-

989 2795 1097 2822 bantur.
1115 2793 1145 2820 ld
1163 2802 1205 2820 me
1225 2794 1316 2821 docttit
1332 2801 1416 2820 canon
1430 2793 1446 2819 5
1472 2792 1577 2820 concilii
1592 2792 1703 2822 Nicami,
1720 2793 1765 2826 qui

990 2830 1015 2854 iu
1036 2829 1219 2856 velttstissimo
1237 2829 1330 2856 codice
1352 2829 1508 2855 Corheicnsi
1525 2829 1595 2855 hanc
1623 2828 1704 2854 habet
1727 2836 1768 2853 Iti-

989 2864 1162 2897 scriptionctu
1179 2871 1186 2890 :
1201 2864 1240 2891 De
1271 2863 1486 2897 subintroduclis,
1511 2863 1536 2890 id
1564 2867 1612 2895 est.
1637 2862 1766 2896 adoptivis

1615 2907 1654 2938 23
