2002 3169
227 165 277 191 719

580 162 713 190 EUSEBll
730 162 973 192 C/ESAmENSlS
993 163 1068 191 OPP.
1090 163 1181 191 PARS
1200 163 1222 192 1.
1242 179 1275 184 —-
1296 163 1496 192 HlSTORlCA.

1809 165 1863 194 7Ξο

226 231 324 258 magna
341 230 402 250 cum
428 221 507 250 laude
523 223 646 250 eamdem
662 224 731 250 rexit
747 224 908 258 Ecclesiam,
930 225 1006 252 llliun

1068 223 1193 259 βασιλεὺς
1207 224 1359 260 ἐντευχθεὶς
1374 225 1551 260 Αύρηλιανὸς,
1568 225 1718 253 «indicata
1734 227 1798 263 περῖ
1819 229 1852 256 οὗ

227 271 377 301 llomnum;
400 269 486 296 virum
504 269 632 297 omnibus
653 277 714 304 qua:
733 271 890 305 episcopum
917 272 1016 299 decent

225 317 332 342 dotibus
345 321 517 343 exornatum.
535 315 612 350 Quod
629 317 740 352 quidem
762 317 864 344 idcirco
880 318 957 344 vobis
974 308 1013 344 shi-

223 361 423 396 gnillcavimus,
440 367 469 389 ut
485 367 512 389 et
529 363 562 389 ad
579 370 640 389 eum
653 362 791 396 scribatis,
803 369 830 390 et
845 363 879 390 ab
892 370 925 390 eo
938 370 1015 390 coni-

223 407 419 434 tntmfcalorius
440 406 547 435 litteras
562 408 715 442 accipiatis.
733 407 782 436 llic
799 415 863 436 vero
881 408 914 435 ad
932 409 1013 435 Arte-

222 460 294 478 mam
310 453 421 485 scribat,
447 453 469 480 si
495 453 583 486 lubet;
600 459 626 480 et
640 454 686 488 qui
705 454 844 481 Artemam
858 459 1010 486 sectantur,

221 505 283 525 cum
302 506 334 525 eo
355 499 565 526 communicent.
583 499 615 526 Et
634 500 690 528 hmo
713 499 822 534 quidem
842 507 857 526 a
874 500 952 527 nobis
970 501 1013 528 hic

223 544 309 572 relata
326 545 390 572 sint.
404 545 559 580 lgilurcum
575 545 674 574 Paulus
691 555 704 572 ιι
721 551 794 573 recta
811 546 864 573 lide
885 546 966 573 simul
985 553 1012 573 et

220 592 378 626 episcopatu
395 592 554 624 excidisset,
564 593 694 624 Dominis,
705 593 846 620 utdictum
860 597 911 625 est,
927 593 1012 620 admi-

220 638 412 665 nistrationem
439 638 635 666 Antiochensis
647 639 777 667 Ecclesiae
801 640 935 675 suscepit.
956 640 1011 668 Sed

220 691 281 710 cum
300 683 400 711 Paulus
416 691 431 710 ε
449 683 529 711 domo
554 684 676 712 ecclesia:
697 685 852 713 nullatenus
879 687 1012 714 excedere

220 729 301 756 Vellet
312 748 320 761 ,
332 729 519 764 interpellatus
532 730 680 765 imperator
688 731 851 759 Aurelianus
861 733 1012 760 rectissime

221 778 272 802 hoc
293 775 429 810 negotium
446 775 617 809 dijudicavit,
632 777 665 803 iis
685 777 795 804 donnnn
820 778 889 805 tradi
913 778 1010 812 praeci-

220 822 308 855 piens,
322 821 420 855 quibus
434 821 517 849 Italici
530 822 691 850 Christiana:
709 823 850 858 religionis
873 824 1011 852 antistites

219 873 247 893 et
271 868 408 895 ltomanus
425 869 570 903 episcopus
591 869 754 896 scriberent.
780 869 836 897 Hoc
861 870 941 897 modo
969 871 1011 897 vir

220 922 300 947 supra
321 920 488 941 memoratus
500 923 561 942 cum
577 923 684 942 summo
697 915 828 942 dedecore
842 923 889 950 per
897 915 1010 943 satcula-
1026 905 1047 932 Β

220 968 277 987 rem
290 965 451 994 potestatem
466 961 501 988 ab
516 961 634 988 ecclesia
648 961 810 988 exturbatus
825 965 877 999 est:
896 961 936 988 Ac
955 967 1010 988 tum

219 1006 329 1040 quidem
345 1015 409 1042 erga
424 1012 532 1035 nostros
548 1003 630 1043 283
647 1008 688 1035 sic
704 1007 818 1035 ail‘ectus
839 1012 899 1034 erat
921 1008 1010 1035 Aure-

219 1053 320 1080 lianus.
334 1052 466 1080 Processu
486 1061 549 1081 vero
566 1054 698 1088 temporis
712 1053 791 1081 aliter
804 1055 838 1080 de
852 1053 931 1081 nobis
945 1061 1009 1081 sen-

221 1100 301 1132 tiens,
321 1100 501 1135 quorumdam
515 1099 639 1127 consiliis
653 1099 737 1135 cmpit
753 1099 854 1135 impelli
871 1104 900 1127 ut
916 1107 1010 1134 perse-

219 1145 357 1173 cutionem
369 1146 499 1174 adversus
511 1151 620 1174 nostros
636 1150 829 1173 connuoveret.
847 1145 964 1180 Jamque
977 1153 1010 1173 ea

219 1191 252 1218 de
272 1198 301 1218 re
325 1191 426 1219 multus
442 1191 543 1227 ubique
562 1200 655 1219 rumor
667 1192 858 1227 spargebatur.
873 1191 926 1220 Sed
946 1199 1008 1219 eum

218 1245 248 1271 pa
255 1241 341 1264 ratum
353 1237 420 1272 jam,
433 1243 460 1265 et
469 1238 627 1273 compositis
636 1243 733 1265 contra
751 1245 801 1265 nos
813 1238 922 1271 edictis,
932 1243 962 1265 ut
972 1239 1008 1266 ita

217 1284 693 1319 dixerim,subscribenlemmltaest
702 1285 792 1312 divina
800 1285 918 1319 justitia,
929 1286 1007 1319 quasi

216 1330 365 1358 constricto
383 1331 474 1358 cubito
496 1337 624 1359 conatum
643 1331 702 1366 ejus
728 1331 893 1366 reprimens,
909 1331 1007 1358 simul-

215 1385 268 1410 que
281 1377 407 1404 omnibus
432 1378 604 1412 apertiSsime
619 1377 776 1410 ostendens,
795 1377 862 1404 nihil
886 1384 1005 1412 unquam

215 1422 295 1456 hujus
310 1423 404 1450 mundi
425 1424 595 1459 principibus
611 1425 742 1451 adversus
755 1423 856 1450 Christi
872 1422 1008 1451 Ecclesias

214 1468 308 1501 licere,
321 1469 372 1496 nisi
386 1469 582 1504 propugnatrix
592 1468 639 1496 Dei
653 1471 764 1497 dextera
776 1477 877 1497 arcano
889 1470 1007 1504 quodam

214 1523 247 1542 ac.
271 1515 375 1542 ccelesti
395 1515 500 1549 judicio
517 1516 548 1542 ad
569 1516 776 1550 castigationem
797 1520 825 1543 et
839 1515 1008 1544 emendatio-

215 1569 277 1589 nem
294 1567 426 1594 nostram,
443 1562 542 1597 quibus
563 1562 613 1597 ipsi
632 1563 719 1589 visum
738 1566 781 1589 est
797 1561 964 1597 temporibus
980 1562 1006 1590 id

1067 269 1350 306 πρακτέουδιείληφε,
1365 270 1469 302 τούτοις
1479 272 1570 306 νεῖμαι
1585 274 1759 306 προστάττων
1767 274 1813 301 τὸν
1824 272 1860 300 οἶ-

1065 324 1121 347 κον,
1131 315 1172 347 οἷς
1181 316 1214 342 ἂν
1225 316 1250 342 οἱ
1263 315 1335 342 κατὰ
1346 315 1394 351 τὴν
1413 316 1527 344 Ἰταλίαν
1539 317 1586 343 καὶ⁸
1596 317 1644 352 τὴν
1659 318 1803 354 Ῥωμαίων
1813 319 1860 346 πό-

1065 361 1106 388 λιν
1116 362 1260 388 ἐπίσκοποι
1272 361 1318 388 τοῦ
1328 362 1462 397 δόγματος
1475 363 1668 392 ἐπιστέλλοιεν.
1684 365 1763 392 Οὖτω
1770 366 1837 402 δῆτα
1844 369 1860 394 ό

1065 407 1252 443 προδηλωθεὶς
1267 408 1337 444 ἀνὴρ
1360 408 1429 443 μετὰ
1446 409 1495 444 τῆς
1517 410 1635 445 ἐσχάτης
1655 411 1785 447 αἰσχύνης
1805 407 1858 440 mea

1064 452 1114 487 τῆς
1138 453 1274 488 κοσμικῆς
1295 453 1383 489 ἀρχῆς
1408 453 1580 487 ἐξελαύνεται
1603 456 1652 491 τῆς
1682 457 1856 492 Ὲκκλησίας.

1064 506 1189 538 Τοιοῦτος
1212 507 1262 542 μέν
1278 508 1309 541 γέ
1322 516 1363 539 τις
1377 506 1412 543 ἦν
1425 508 1455 534 τὸ
1468 510 1595 544 τηνικάδε
1609 510 1674 546 περὶ
1687 512 1760 547 ἡμᾶς
1774 513 1788 539 ὁ
1802 512 1857 539 A6-

1064 552 1205 587 ρηλιανός”
1226 553 1374 588 προϊούσης
1390 553 1411 580 δ’
1433 554 1507 590 αὐτῷ
1524 556 1571 591 τῆς
1593 555 1691 592 ἀρχῆς,
1709 558 1812 586 ἀλλοῖόν
1829 568 1857 586 τι

1064 598 1128 634 περὶ
1144 598 1222 633 ήμῶν
1239 601 1388 636 φρονήσας,
1406 600 1456 636 ἤδη
1473 601 1529 627 τισὶ
1552 602 1669 637 βουλαῖς,
1689 603 1727 636 ὡς
1747 603 1780 631 ἂν
1793 605 1855 632 διω-

1063 644 1132 680 γμὸν
1150 645 1211 671 καθ’
1228 645 1308 681 ἡμῶν
1324 646 1455 682 ἐγείρειεν
1469 647 1630 674 ἀνεκινεῖτο·
1647 649 1731 681 πολύς
1744 659 1773 677 τε
1787 648 1821 686 ἧν
1839 646 1855 678 ό
1881 655 1887 660 ”

1062 690 1138 725 παρὰ
1159 691 1225 716 πᾶσι
1239 692 1304 726 περὶ
1318 691 1412 718 τούτου
1430 692 1518 726 λόγος.
1534 694 1674 721 Μέλλοντα
1690 695 1718 721 δὲ
1735 695 1784 732 ἤδη
1806 697 1854 723 καὶ

1063 736 1155 771 σχεδὸν
1171 738 1258 763 εἰπεῖν
1271 739 1326 769 τοῖς
1340 738 1400 764 καθ’
1413 739 1491 774 ἡμῶν
1501 740 1662 776 γράμμασιν
1674 741 1855 778 ὑποσημειού-

1064 791 1153 817 μενον,
1172 782 1231 809 θεία
1245 783 1365 818 μέτεισιν
1377 784 1449 820 δίκη,
1466 787 1608 821 μονονουχὶ
1622 787 1651 820 ἐξ
1662 787 1792 821 ἀγκώνων
1803 788 1854 823 τῆς

1061 828 1245 864 ἐγχειρήσεως
1267 829 1347 855 αὐτὸν
1370 830 1570 865 ὰποδεσμοῦσα,
1591 832 1725 868 λαμπρῶς
1743 842 1772 859 τε
1796 835 1853 865 τοῖς

1062 876 1130 902 πᾶσι
1157 877 1273 911 συνορᾷν
1299 877 1478 913 παριστῶσα,
1500 879 1539 910 ὡς
1566 878 1664 906 οὔποτε
1693 880 1790 914 γένοιτ’
1818 880 1852 907 ἂν

1063 919 1187 956 ῥᾳστώνη
1205 922 1262 953 τοῖς
1277 921 1324 948 τοῦ
1345 922 1404 957 βίου
1420 923 1534 958 ἄρχουσι
1555 924 1625 950 κατὰ
1640 924 1695 951 τῶν
1714 924 1762 952 τοῦ
1784 926 1853 961 Χρι-

1063 966 1125 992 στοῦ
1141 966 1304 1002 ἐκκλησιῶν,
1321 968 1359 1004 μὴ
1372 969 1432 1004 οὐχὶ⁸
1445 969 1494 1004 τῆς
1509 969 1670 1006 ὑπερμάχου
1686 971 1776 1006 χειρὸς
1792 971 1853 1007 θείᾳ

1061 1014 1109 1039 καὶ
1121 1013 1240 1049 οὐρανίῳ
1258 1014 1362 1050 κρίσει,
1375 1015 1500 1047 παιδείας
1515 1016 1596 1043 ἕνεκα
1611 1017 1658 1043 καὶ
1671 1018 1852 1053 ἐπιστροφῆς,

1061 1059 1122 1086 καθ’
1134 1059 1181 1091 οὓς
1194 1059 1227 1086 ἂν
1244 1059 1313 1095 αὑτὴ
1330 1059 1472 1095 δοκιμάζοι
1492 1062 1615 1097 καιροὺς,
1627 1062 1705 1090 τοῦτ⁴
1719 1063 1852 1090 ἐπιτελεῖ-

1062 1103 1123 1131 σθαι
1147 1104 1352 1140 συγχωρούσης.
1371 1105 1464 1132 Ἐτεσι
1487 1106 1552 1140 γοῦν
1569 1106 1598 1139 ἐξ
1619 1108 1793 1143 κρατήσαντα
1806 1108 1853 1136 τὸν

1060 1150 1227 1186 Λύρηλιανὺν
1251 1150 1402 1186 διαδέχεται
1426 1151 1546 1186 Προὸος-
1576 1153 1623 1179 καὶ
1646 1153 1739 1180 τοῦτον
1766 1154 1852 1190 δήπου

1061 1197 1116 1227 τοῖς
1143 1196 1210 1228 ἴσοις
1233 1196 1462 1232 ὲπικατασχόντα,
1490 1198 1581 1233 Κάρος
1607 1199 1666 1234 ἅμα
1691 1208 1748 1231 τοις
1772 1200 1853 1227 παισὶ

1060 1242 1172 1277 Καρίνῳ
1196 1242 1243 1268 καὶ
1264 1242 1445 1278 Νουμεριανῷ
1468 1243 1619 1279 διαδέχεται
1637 1244 1711 1280 (45)·
1730 1245 1810 1272 πάλιν
1826 1246 1851 1272 τ’

1060 1286 1093 1315 αὖ
1109 1289 1155 1315 καὶ
1167 1289 1270 1315 τούτων
1284 1288 1338 1315 οὐδ’
1354 1289 1425 1320 ὅλοις
1441 1289 1529 1324 τρισὶν
1544 1291 1674 1322 ἐνιαυτοῖς
1691 1291 1835 1327 διαγενομέ
1849 1307 1853 1311 -

1059 1342 1122 1365 νων,
1141 1333 1244 1368 μέτεισι
1260 1333 1295 1359 τὰ
1306 1333 1357 1368 τῆς
1370 1334 1518 1369 ἡγεμονίας
1538 1335 1578 1366 εις
1594 1335 1789 1371 -Διοκλητιανόν
1803 1338 1851 1364 rat

1058 1379 1121 1410 τοὺς
1139 1379 1197 1414 μετ’
1216 1379 1296 1406 αὐτὸν
1311 1380 1532 1415 εἰσποιηθέντας·
1559 1382 1602 1416 ἐφ’
1621 1378 1658 1409 ὧν
1671 1383 1686 1408 ὁ
1701 1383 1761 1409 καθ’
1776 1384 1851 1419 ἡμᾶς

1060 1425 1227 1452 συντελεῖται
1240 1425 1360 1461 διωγμὸς
1379 1426 1446 1463 (46),
1463 1428 1510 1454 καὶ
1525 1428 1541 1463 ἡ
1557 1429 1617 1455 κατ’
1638 1428 1719 1457 αὑτὸν
1734 1430 1789 1456 τῶν
1805 1430 1852 1456 ὲκ-

1059 1470 1176 1506 κλησιῷν
1195 1471 1364 1508 καθαίρεσις.
1393 1473 1472 1500 Ἀλλὰ
1491 1474 1547 1509 γὰρ
1566 1475 1656 1510 μικρῷ
1673 1476 1768 1502 τούτου
1784 1477 1851 1512 πρὸ-

1058 1526 1137 1553 τερον
1162 1518 1208 1544 τὸν
1232 1519 1278 1545 ἐπὶ
1305 1519 1414 1555 Ῥώμης
1436 1520 1584 1548 ἐπίσκοπον
1605 1522 1741 1550 Διονύσιον
1761 1522 1852 1550 ἔτεσιν

1059 1564 1136 1591 ἐννέα
1159 1564 1294 1592 διελθόντα
1312 1566 1362 1601 τὴν
1382 1566 1567 1602 λειτουργίαν,
1584 1567 1735 1604 διαδέχεται
1754 1569 1849 1605 Φῆλιξ.

216 1608 275 1635 lieri
302 1609 469 1643 permiserit.
499 1609 584 1637 Porro
603 1617 663 1637 cum
687 1609 851 1637 Aurelianus
872 1610 1007 1639 sexennio
1031 1611 1175 1646 imperium
1202 1613 1347 1645 tenuisset,
1373 1613 1400 1640 in
1412 1613 1470 1647 ejus
1483 1613 1572 1642 locum
1584 1615 1717 1642 successit
1730 1614 1847 1642 Probus.

214 1655 267 1689 Qui
280 1656 393 1683 totidem
409 1656 489 1684 annis
505 1657 610 1692 imperii
625 1657 863 1684 administratione
878 1657 1052 1691 perfunctus,
1069 1658 1168 1685 Carum
1184 1666 1245 1686 cum
1258 1659 1358 1687 Carino
1371 1664 1399 1687 et
1412 1659 1577 1687 Numeriano
1588 1660 1649 1688 ﬁliis
1664 1668 1848 1689 successorem

215 1703 337 1737 reliquit.
351 1702 382 1730 lli
399 1711 460 1731 cum
478 1712 511 1731 ne
524 1705 670 1732 triennium
685 1704 796 1740 quidem
831 1712 858 1732 in
884 1705 1041 1740 principatu
1057 1706 1224 1740 explessent,
1247 1713 1338 1734 rerum
1367 1714 1471 1734 summa
1491 1706 1582 1734 delata
1601 1712 1644 1734 est
1666 1707 1848 1740 Diocletiano,

214 1753 304 1787 iisque
321 1752 367 1786 qui
381 1758 478 1788 postea
491 1755 524 1780 ad
537 1754 643 1789 imperii
671 1753 833 1781 societatem
856 1753 935 1781 asciti
964 1758 1037 1781 sunt.
1066 1753 1185 1786 Quorum
1205 1754 1373 1789 temporibus
1387 1754 1505 1782 maxima
1519 1754 1562 1782 illa
1583 1759 1735 1782 nostrorum
1754 1762 1848 1790 perse-

213 1803 299 1834 cutio,
313 1802 448 1836 simulque
465 1801 644 1829 ecclesiarum
671 1802 780 1829 eversio
806 1806 962 1836 perpetrata
979 1806 1033 1828 est.
1054 1801 1188 1829 Cazterum
1205 1803 1284 1836 paulo
1298 1806 1359 1829 ante
1376 1802 1434 1829 haec
1451 1806 1572 1838 tempora
1589 1807 1696 1830 mortuo
1710 1803 1846 1839 Dionysio.

212 1850 259 1884 qui
276 1857 371 1876 novem
391 1848 469 1876 annis
482 1848 611 1875 Romana:
623 1848 699 1875 urbis
709 1847 894 1883 episcopatum
913 1847 1131 1880 administrarat,
1149 1847 1223 1874 Felix
1241 1847 1268 1874 in
1289 1847 1347 1882 ejus
1363 1848 1451 1874 locum
1467 1848 1629 1876 substitutus
1643 1852 1695 1876 est.

491 1894 606 1922 CAPUT
625 1893 721 1921 XXXI.

213 1941 251 1969 De
276 1941 482 1969 Manichaeorum
503 1948 592 1968 errare
613 1941 658 1976 qui
681 1945 742 1967 tunc
765 1941 879 1975 primum
896 1945 1003 1968 exortus

577 1982 629 2002 ‘281.

242 2024 345 2051 iisdem
366 2023 534 2058 temporibus
554 2022 598 2050 ille
614 2022 714 2049 merito
731 2022 821 2050 dictus
841 2022 951 2055 Manes,
975 2022 1001 2050 id

211 2077 253 2097 est
275 2070 406 2103 furimus,
436 2070 481 2105 qui
511 2069 706 2097 daamoniacam
732 2069 858 2096 hieresim
885 2069 1002 2096 nominis

213 2117 253 2143 sui
268 2117 400 2149 condidit,
413 2121 534 2143 armatus
550 2116 666 2148 insania,
683 2116 717 2142 ab
725 2115 881 2143 adversario
893 2115 939 2142 Dei
952 2114 1002 2141 Sa-

215 2169 275 2190 tana
296 2162 330 2189 ad
349 2162 494 2189 multorum
518 2162 658 2189 hominum
682 2161 830 2196 perniciem
855 2161 1001 2196 productus

210 2215 261 2236 est.
279 2207 328 2235 Hic
352 2208 378 2234 in
401 2207 525 2234 universa
541 2207 647 2234 vivendi
671 2207 776 2234 ratione
796 2214 859 2234 cum
875 2213 1002 2234 sermone

211 2255 271 2287 ipso
284 2258 339 2280 tum
356 2253 477 2279 moribus
491 2252 636 2283 barbarus,
652 2256 680 2278 et
694 2256 788 2286 suapte
801 2256 898 2278 natura
915 2251 1001 2278 furio-

208 2308 258 2328 sus
282 2308 314 2328 ac
340 2300 544 2330 daautoniacus.
571 2299 615 2326 his
635 2304 817 2326 consentanea
843 2305 1000 2333 aggressus,

211 2348 331 2381 seipsum
347 2346 485 2374 Christum
501 2346 604 2381 lingere
619 2346 745 2372 instituit.
761 2344 793 2371 Et
806 2352 877 2372 nunc
890 2344 997 2378 quidem

208 2392 379 2426 Paracletum
406 2399 446 2423 se.
475 2392 618 2426 ipsumque
644 2391 777 2425 Spiritum
799 2395 922 2417 sanctum
938 2397 999 2417 esse

209 2437 385 2472 praedicabat,
397 2441 496 2471 prmter
510 2436 641 2463 insaniam
658 2436 785 2470 superbia
798 2436 882 2463 etiam
898 2436 996 2463 elatus.

208 2484 285 2510 Nunc
294 2490 368 2514 vero,
379 2484 454 2516 quasi
469 2482 608 2514 Christus,
619 2482 763 2509 duodecim
777 2481 928 2516 discipulos
937 2479 1003 2508 novi

208 2529 342 2563 dogmatis
353 2533 493 2555 consortes
503 2528 628 2562 eligebat.
648 2527 714 2554 Cum
730 2526 812 2562 igitur
823 2526 891 2554 falsa
905 2532 934 2553 et
947 2527 998 2554 im-

243 2622 299 2658 (45)
316 2622 506 2657 Νουμεριανῷ
519 2621 696 2658 διαδέχεται.
711 2621 814 2658 Ultima
826 2629 877 2658 vox
892 2621 967 2649 abest
981 2629 995 2648 a

208 2655 295 2684 tribus
310 2655 564 2685 nostr‘is‘codicibus
577 2655 656 2687 Μία..
667 2657 737 2687 Med.
754 2661 780 2683 et
796 2655 911 2686 Fuk..ct
925 2662 1000 2684 recte

207 2693 350 2719 subaudiri
378 2698 464 2728 potest
483 2701 544 2720 cum
569 2693 626 2728 jam
656 2693 836 2726 praecesserit.
856 2692 884 2719 In
904 2692 1000 2728 iisdem

207 2728 358 2759 codicibus,
375 2726 489 2762 perinde
503 2736 534 2754 ac
556 2729 582 2754 in
601 2727 741 2754 Saviliano
764 2728 893 2761 scriptum
910 2726 1000 2754 inveni

206 2762 265 2798 ᾇμα
289 2761 383 2798 παισὶν
404 2763 516 2798 Καρίνῳ
536 2763 583 2790 καὶ
596 2762 774 2798 Νουμεριανῷ
794 2762 853 2790 siue
875 2761 1001 2790 articulo.

206 2797 272 2834 item
287 2797 316 2823 δέ
325 2806 375 2834 που
395 2797 569 2834 [ιοιιδήςπου.

240 2832 299 2868 (dii)
324 2832 350 2857 Ὀ
365 2835 429 2860 καθ’
444 2832 557 2867 ἡμᾶς...
576 2833 710 2868 διωγμός.
723 2833 768 2859 Sic
792 2833 818 2859 in
835 2832 915 2860 codd.
927 2832 998 2859 Med.

203 2871 234 2892 et
262 2867 328 2893 Maz.
344 2868 458 2901 legitur.
480 2875 563 2895 recte.
586 2867 727 2901 Quomodo
757 2869 838 2894 etiam
865 2869 998 2903 scriptum

203 2903 308 2935 habent
319 2904 398 2931 codd.
413 2903 480 2931 Fuit.
491 2909 517 2932 et
529 2904 611 2932 δεινῇ.
631 2903 717 2939 νυιευ
731 2903 821 2938 ἡμῶν.

1314 1893 1512 1920 ΚΕΦΛΛΔῙΟΝ
1530 1894 1602 1920 AA'.‘

1031 1915 1037 1925 ⁸
1055 1939 1127 1976 Περὶ
1140 1937 1195 1972 τῆς
1202 1937 1270 1976 ad»:
1284 1938 1645 1976 Μανιχαίων-ρτεροὸόξου
1661 1939 1846 1976 διαστροφῆς

1089 1974 1155 2008 ίίρτι
1172 1974 1239 2000 τότε
1255 1973 1425 2008 ἀρξαμένης
1444 1973 1513 2008 (Nic.
1531 1973 1567 2000 Η.
1583 1974 1615 2001 Ε.
1643 1982 1677 2007 vt,
1695 1973 1807 2012 51,52).

1097 2020 1140 2046 Ἐν
1156 2019 1243 2055 τούτῳ
1259 2019 1306 2046 καὶ
1321 2021 1335 2046 ὁ
1351 2019 1454 2051 Μανεὶς
1470 2020 1519 2051 τὰς
1536 2020 1647 2060 φρένας,
1661 2021 1804 2058 ἐπώνυμός
1814 2031 1847 2051 τε

1053 2067 1103 2103 τῆς
1121 2065 1306 2102 δαιμονιὼσης
1330 2065 1462 2100 αἱρέσεως
1485 2065 1552 2102 (47),
1573 2065 1622 2101 τὴν
1642 2066 1690 2093 τοῦ
1716 2067 1845 2104 λογισμοῦ

1053 2113 1236 2149 παρατροπὴν
1250 2111 1447 2145 καθωπλίζετο,
1464 2112 1512 2138 τοῦ
1525 2112 1652 2148 δαίμονος
1664 2113 1746 2140 αὑτοῦ
1759 2113 1844 2149 δήπου

1052 2158 1100 2185 τοῦ
1121 2158 1258 2194 Θεομάχου
1281 2157 1389 2184 Σατανᾶ
1410 2157 1457 2183 ἐπὶ
1480 2157 1553 2194 λύμῃ
1573 2157 1678 2185 πολλῶν
1699 2159 1744 2185 τὸν
1760 2159 1845 2195 ἄνδρα

1053 2204 1285 2240 προϐεϐλημένου.
1301 2203 1443 2239 Βάρϐαρος
1459 2203 1527 2238 δῆτα
1544 2204 1588 2231 τὸν
1602 2203 1659 2239 βίον
1676 2204 1750 2240 αὐτῷ
1773 2205 1845 2241 λόγῳ

1052 2250 1100 2276 καὶ
1113 2250 1221 2286 τρόπῳ,
1237 2250 1287 2285 τήν
1303 2257 1332 2275 τε
1350 2249 1431 2283 φύσιν
1447 2249 1603 2284 δαιμονικός
1618 2259 1661 2281 τις
1674 2249 1712 2277 ὢν
1728 2251 1774 2277 καὶ
1792 2259 1845 2286 tu:-

1053 2296 1164 2331 νιώδης,
1180 2295 1314 2323 ἀκόλουθα
1334 2295 1439 2328 τούτοις
1460 2296 1603 2332 ἐγχειρῶν,
1626 2296 1743 2332 Χριστὸν
1762 2297 1844 2324 αὑτὸν

1054 2342 1241 2378 μορφάξεσθαι
1267 2342 1407 2378 ἐπειρᾶτο,
1434 2342 1495 2368 τοτὲ
1520 2342 1569 2377 μὲν
1595 2342 1639 2368 τὸν
1663 2342 1843 2378 Παράκλητον

1051 2388 1098 2415 καὶ
1110 2389 1178 2415 αὐτὸ
1192 2389 1223 2415 τὸ
1246 2388 1358 2424 Πνεῦμα
1380 2389 1411 2415 τὸ
1432 2388 1509 2421 ἅγιον
1525 2388 1606 2420 αὐτὸς
1626 2389 1721 2415 ἑαυτὸν
1736 2390 1843 2425 ἀνακη-

1051 2434 1165 2470 ρύττων,
1182 2436 1231 2462 καὶ
1247 2435 1416 2471 τυφούμενος
1430 2443 1462 2469 γε
1479 2435 1525 2461 ἐπὶ
1545 2435 1578 2470 τῇ
1595 2433 1678 2470 μανίᾳ
1697 2434 1764 2468 (48),
1780 2435 1844 2461 τοτὲ

1048 2481 1077 2508 δὲ
1093 2478 1137 2508 οἷα
1151 2481 1279 2516 Χριστὸς,
1297 2481 1421 2517 μαθητὰς
1435 2480 1539 2507 δώδεκα
1559 2481 1702 2512 κοινωνοὺς
1717 2480 1767 2515 τῆς
1783 2489 1844 2507 και-

1049 2529 1177 2564 νοτομίας
1202 2528 1374 2565 αἱρούμενος.
1401 2527 1529 2563 Δόγματά
1553 2536 1585 2561 γε
1608 2527 1662 2562 μὴν
1687 2527 1772 2563 ψευδῆ
1794 2529 1842 2555 καὶ

1089 2623 1098 2657 (
1104 2622 1145 2657 Π)
1155 2622 1232 2655 Vulg.
1241 2623 1452 2658 δαιμονιώδους
1459 2622 1608 2656 αΙρέσεως.
1619 2621 1647 2648 1η
1657 2621 1748 2658 codice
1758 2620 1841 2658 Regio

1053 2655 1445 2695 εςὲἱὺίἰιιισ-δαιμονώσης,Αιιις
1463 2655 1568 2695 monuit
1590 2658 1671 2695 etiam
1688 2656 1756 2695 Rob.
1777 2655 1841 2695 διο-

1053 2693 1169 2731 phanus.
1186 2693 1238 2731 Sed
1246 2691 1282 2731 Δἔτι
1302 2691 1486 2731 vetustissimo
1505 2693 1599 2731 codice
1621 2691 1839 2731 hlazarinoscr'i-

1052 2732 1127 2762 ptum
1142 2728 1231 2755 inveni
1243 2728 1578 2763 δαιμονιῶσης,‹ιυοιηοᾱο
1595 2727 1677 2755 etiam
1702 2727 1799 2761 legitur
1812 2727 1839 2753 in

1055 2763 1134 2790 codd.
1150 2763 1207 2790 Fuk
1229 2770 1261 2790 ac
1278 2763 1425 2790 Saviliano.

1089 2797 1146 2832 (48)
1169 2798 1357 2832 Τυφούμενός
1374 2807 1405 2833 γε
1415 2798 1464 2824 ἐπὶ
1484 2796 1521 2832 τῇ
1529 2797 1631 2832 μανίᾳ.
1655 2796 1730 2823 "unc
1749 2795 1839 2823 locum

1053 2841 1106 2870 non
1124 2834 1502 2870 intellexeruntinterpretes.
1521 2833 1633 2870 Ruﬁnus
1655 2833 1761 2865 quidem
1778 2838 1840 2870 ver:

1053 2868 1121 2894 tittt
1138 2868 1222 2894 clum:
1240 2869 1353 2895 insania.
1378 2867 1423 2895 Sic
1451 2868 1523 2895 enim
1542 2868 1640 2894 habent
1662 2867 1837 2899 inanuscripti

1055 2904 1171 2934 codices.
1188 2903 1242 2931 Nec
1258 2903 1337 2931 aliter
1357 2902 1493 2931 Musculus
1513 2909 1539 2930 et
1564 2902 1836 2936 Christophorsonus.
