2002 3169
173 160 227 190 725

648 165 840 194 ‘HISTOHLE
859 166 1137 196 ECCLESIASTICJE
1157 169 1222 198 LIB.
1243 168 1299 196 VII.

1742 169 1794 198 Ἰὶϐ

173 220 323 257 μαχοῦντος
340 221 447 257 στρατῷ
461 222 528 258 (56),
541 223 628 260 ταύτῃ
643 232 673 251 τε
692 226 869 261 τυγχάνοντος
888 228 954 254 ἀπο-

1008 229 1121 264 provide
1135 230 1310 265 excogitavit.
1324 229 1416 257 Altera
1433 235 1496 259 pars
1511 228 1631 256 civitatis
1643 235 1704 256 cum
1718 235 1794 255 exerl

170 268 325 304 λιορκήτου,
350 268 396 296 τὸν
413 269 541 297 Εὑσέϐιον
557 270 613 305 (ἔτι
633 271 688 309 γὰρ
702 269 772 300 εἶναι
791 274 851 301 τότε
865 274 957 301 αὐτόθι

171 313 225 350 πρὸ
240 315 290 350 τῆς
304 315 350 342 ἐπὶ
365 316 465 352 Συρίαν
480 318 713 356 μεταναστάσεως)
725 320 753 348 ὲν
764 323 820 353 τοῖς
832 321 958 358 ἁπολιορ-

171 359 265 394 κήτοις
275 359 350 393 ὄντα,
369 361 439 396 μέγα
459 370 489 388 τε
505 362 583 395 κλέος
603 363 650 391 καὶ
660 363 799 400 διαϐόητον
814 365 899 402 ὄνομα
913 365 959 401 μέ-

171 414 217 442 χρι
228 406 275 433 καὶ
288 405 335 433 τοῦ
351 406 493 443 Ῥωμαίων
504 409 689 446 στρατηλάτου
703 413 880 448 κεκτημένον,
893 414 958 450 περὶ

170 450 226 479 τῶν
240 450 310 487 λιμῷ
323 451 552 489 διαφθειρομένων
565 455 636 482 κατὰ
648 456 698 492 τὴν
710 457 867 493 πολιορκίαν
887 459 958 494 πέμ-

170 497 224 533 ψας
239 497 253 524 ὁ
272 498 423 532 Ἀνατόλιος
438 499 601 528 ἐκδιδάσκει.
624 502 652 529 Ὁ
664 502 692 529 δὲ
710 503 803 538 μαθὼν
820 505 957 541 σωτηρίαν

170 544 225 576 τοῖς
236 543 290 571 ἀπὸ
306 544 360 572 τῶν
377 545 513 581 πολεμίων
525 547 684 583 αὐτομόλοις
698 550 859 586 παρασχεῖν,
877 550 914 582 ὡς
928 551 957 578 ὲν

171 590 286 627 μεγίστῃ
304 591 394 628 χάριτι
405 591 509 628 δωρεᾶς
525 594 570 621 τὸν
591 593 734 630 Ῥωμαίων
750 597 902 632 στρατηγὸν
915 598 958 624 ai-

169 637 265 663 τεῖται.
293 636 349 663 Καὶ
373 638 423 672 τῆς
444 637 582 671 ἀξιιῦσειῦς
601 648 634 674 γε
661 640 759 676 τυχὼν,
781 641 901 677 ἐμφανὲς
918 641 958 679 τῷ

175 681 319 718 Ἀνατολίῳ
336 682 506 719 καθίστησιν.
529 685 559 711 '0
574 684 603 712 δὲ
618 686 717 713 αὐτίκα
728 686 777 722 τὴν
793 688 957 723 ἐπαγγελίαν

169 726 324 763 δεξάμενος,
339 727 436 764 βουλὴν
452 729 507 756 τῶν
526 730 721 767 Ἀλεξανδρέων
738 733 908 768 συναγαγὼν,
922 734 957 761 τὰ

169 772 220 808 μὲν
237 774 332 810 πρῶτα
345 775 449 807 πάντας
470 775 547 810 ἠξίου
564 776 673 813 φιλικὴν
694 777 785 806 δοῦναι
812 779 958 815 Ῥωμαίοις

168 818 275 852 δεξιὰν,
291 820 328 852 ὡς
343 821 366 847 δ’
391 821 581 858 άγριαίνοντας
604 823 649 850 ἐπὶ
673 823 711 859 τῷ
733 824 804 860 λόγῳ
827 825 955 858 συνεῖδεν,

167 863 226 890 ἀλλ’
239 864 270 891 οὗ
291 864 377 901 τούτῳ
393 874 436 900 γε,
453 866 545 903 φησιν,
571 867 718 901 ἀντιλέξειν
739 868 800 895 ποθ’
816 869 888 905 ὑμᾶς
901 869 956 897 οἷο-

168 919 229 946 μαι,
245 911 268 938 εἰ
281 911 344 944 τοὺς
358 901 501 949 περιττοὺς
515 913 560 940 καλ¹
577 914 643 950 ἡμῖν
659 914 751 947 αὐτοῖς
765 901 868 950 οὐδαμῆ
879 901 957 951 νχρη-
972 901 993 929 Β

167 954 274 991 σίμους,
288 953 403 992 γραῖὂας
417 958 465 985 καὶ
481 959 565 994 νήπια
579 960 627 987 καὶ
650 960 816 996 πρεσϐύτας,
832 962 956 990 ἐκδοῦναι

167 1001 258 1029 πυλῶν
277 1002 329 1035 ἔξω
348 1003 467 1038 βαδίζειν
487 1005 547 1032 ὅποι
567 1006 615 1033 καὶ
631 1006 766 1042 βούλοιντο
789 1008 956 1044 συμϐουλεύ-

166 1059 256 1087 σαιμι.
277 1052 309 1079 Τί
331 1053 386 1089 γὰρ
406 1053 437 1089 δὴ
452 1054 563 1087 τούτους
582 1055 623 1088 είς
639 1057 727 1093 μάτην
746 1057 808 1084 ὅσον
822 1057 898 1085 οῠπω
912 1067 956 1085 τε-

166 1096 346 1133 θνηξομένους
368 1101 434 1134 παρ’
452 1101 558 1134 ἑαυτοῖς
573 1101 699 1138 ἔχοιμενς
719 1103 746 1130 τί
764 1103 791 1130 δὲ
805 1104 868 1136 τοὺς
889 1105 956 1132 άνα-

165 1144 271 1180 πήρους
285 1145 332 1172 καὶ
347 1146 382 1173 τὰ
397 1146 509 1182 σώματα
527 1147 743 1184 λελωϐημένους,
756 1149 795 1186 τῷ
814 1150 885 1186 λιμῷ
907 1160 956 1178 κα-

166 1190 347 1227 τατρύχομεν,
358 1192 470 1228 τρέφειν
482 1193 541 1221 δέον
554 1195 649 1230 μόνους
661 1196 762 1232 ἄνδρας
776 1197 823 1223 καὶ
836 1198 954 1231 νεανίας,

163 1235 214 1264 καὶ
226 1236 272 1263 τὸν
287 1238 435 1272 ἀναγκαῖον
458 1239 544 1276 πυρὸν
563 1243 619 1273 τοῖς
636 1242 682 1268 ἐπὶ
703 1242 811 1278 φυλακῇ
833 1244 884 1279 τῆς
910 1243 956 1270 πό-

165 1283 234 1314 λεως
263 1284 426 1320 ἐπιτηδείοις
444 1286 622 1321 ταμιεύεσθαι
644 1287 718 1324 (57);
741 1288 878 1322 Τοιούτοις
901 1290 955 1317 τισὶ

165 1331 305 1365 λογισμοῖς
320 1331 419 1363 πείσας
431 1332 461 1359 τὺ
481 1333 628 1370 συνέδριον,
653 1334 741 1370 ψῆφον
761 1336 869 1371 πρῶτος
890 1338 956 1364 άνα-

165 1375 233 1407 στὰς
259 1376 380 1413 ἐκφέρει,
402 1378 457 1405 πᾶν
480 1380 511 1406 τὸ
533 1381 567 1415 τῇ
590 1380 717 1416 στρατείᾳ
744 1380 781 1417 μὴ
804 1381 955 1419 ἐπιτήδειον

164 1421 220 1448 εἴτε
239 1422 344 1458 ἀνδρῶν
364 1423 417 1450 εἴτε
432 1425 572 1458 γυκαικῶν
592 1425 681 1460 γένος,
698 1427 824 1454 ἀπολύειν
844 1430 893 1464 τῆς
908 1429 956 1456 πύ-

165 1467 243 1499 λεως,
257 1469 297 1495 ὅτι
311 1469 377 1504 μηδὲ
394 1471 593 1506 καταμένουσιν
607 1472 697 1504 αὐτοῖς
710 1473 758 1501 καὶ
771 1474 811 1506 εἰς
827 1474 857 1501 τὸ
870 1474 956 1511 ἄχρη-

165 1521 227 1540 στον
244 1514 272 1541 ὲν
286 1516 318 1550 τῇ
340 1515 416 1543 πόλει
432 1516 624 1552 διατρίϐουσιν,
639 1519 716 1551 ἐλπὶς
734 1520 767 1547 ἂν
781 1520 885 1555 γένοιτο
903 1529 956 1548 σω-

1008 274 1062 302 eitu
1071 274 1202 304 Romano
1221 275 1355 302 societate
1380 274 1522 309 conjuncta
1543 279 1613 309 erat,
1629 283 1661 303 ac
1680 276 1795 311 proinde

1008 321 1120 348 minime
1139 322 1262 349 obsessa.
1276 321 1304 348 ltt
1322 320 1374 348 hac
1389 321 1548 348 versabalur
1561 320 1696 348 Eusebius
1710 320 1793 357 (non-

1008 367 1072 394 dum
1086 367 1158 394 enim
1172 367 1205 394 ad
1218 370 1309 401 partes
1325 365 1414 401 Syriae
1427 365 1614 400 migraverat),
1631 365 1709 400 cuius
1722 366 1795 394 cele-

1007 412 1056 440 bre
1068 420 1164 440 nomen
1179 417 1207 440 et
1219 411 1334 447 insignis
1347 411 1431 447 gloria
1446 411 1478 438 ad
1491 418 1571 440 aures
1582 411 1663 439 etiam
1677 410 1792 439 Romani

1008 458 1085 486 ducis
1100 462 1271 494 pervenerat.
1281 458 1358 486 Hunc
1365 457 1508 486 Anatolius
1518 457 1600 486 misso
1611 457 1680 485 clam
1697 457 1793 484 nuntio

1008 504 1151 532 certiorem
1168 504 1234 531 facit
1248 504 1281 531 de
1292 510 1406 531 numero
1420 511 1512 531 eorum
1529 504 1576 538 qui
1593 503 1663 531 fatne
1678 503 1705 530 in
1719 502 1792 531 obsi-

1007 551 1088 579 dione
1105 550 1325 587 interirent.Quo
1338 555 1477 585 comperto
1491 549 1624 577 Eusebius
1639 558 1654 577 a
1668 549 1794 578 lldmano

1009 597 1078 625 duce
1103 597 1213 624 maximi
1240 596 1364 624 beneficii
1390 597 1449 625 loco
1474 596 1628 632 postulavit,
1650 599 1679 623 ut
1699 595 1733 624 iis
1746 594 1793 631 qui

1009 643 1179 679 transfugere
1193 643 1227 670 ab
1242 643 1367 670 hostibus
1379 642 1490 675 vellent,
1502 641 1717 670 incolumitatem
1729 649 1794 669 cou—

1008 689 1127 717 cederet.
1146 688 1173 715 ld
1189 696 1250 716 cutn
1266 688 1448 722 impetrasset.
1466 688 1558 715 statim
1582 687 1708 715 Anatolio
1723 687 1793 714 indi-

1008 735 1090 762 cavit.
1103 733 1162 766 ille,
1172 734 1352 770 promissione
1367 734 1446 761 ducis
1460 734 1577 761 libenter
1593 738 1718 768 accepta,
1733 733 1795 760 Ale-

1008 780 1171 808 xandrinum
1189 784 1322 808 convocat
1339 784 1474 807 senatum.
1490 780 1529 807 Ae
1546 779 1663 815 primum
1682 779 1793 815 quidem

1007 826 1122 853 suadere
1133 826 1216 861 coepit
1230 825 1368 858 omnibus,
1380 829 1409 852 ut
1418 832 1480 852 cum
1494 824 1623 852 Romanis
1636 825 1663 851 in
1680 825 1793 859 gratiam

1009 871 1141 899 redirent.
1159 871 1212 899 Sed
1233 879 1294 898 cum
1309 871 1370 898 illos
1394 870 1547 905 huiusmodi
1573 869 1666 897 verbis
1680 876 1794 902 exaspe-

1009 922 1082 945 ratos
1094 917 1200 945 videret
1212 925 1219 945 ε
1232 917 1267 943 At
1282 916 1334 944 hoc
1348 921 1432 950 certe,
1448 916 1544 951 inquit,
1557 922 1727 951 nequaquam
1746 922 1794 942 vos

1008 962 1128 990 arbitror
1145 962 1344 998 repudiaturos,
1357 961 1380 989 si
1395 962 1473 989 vobis
1487 969 1598 989 suasero
1624 965 1653 988 ut
1665 968 1795 995 superva—
1813 986 1816 990 .

1007 1016 1086 1036 cuam
1107 1013 1189 1044 atque
1208 1009 1329 1036 inutilem
1347 1007 1470 1042 turbam,
1487 1016 1556 1036 anus
1576 1008 1680 1036 scilicet
1702 1011 1729 1034 et
1752 1008 1794 1035 in-

1007 1054 1095 1083 fantes
1113 1062 1146 1083 ac
1160 1062 1249 1087 senes,
1262 1057 1339 1082 extra
1353 1059 1447 1089 portas
1458 1054 1534 1082 abire
1549 1062 1602 1089 quo
1614 1053 1706 1081 volent
1721 1053 1794 1081 sina-

1008 1101 1052 1128 tis.
1068 1100 1136 1134 Quid
1147 1101 1221 1128 enim
1235 1100 1475 1136 istosjatnjamque
1487 1100 1634 1127 morituros
1645 1099 1795 1126 retinemus

1007 1146 1165 1174 nobiscum?
1182 1146 1236 1174 Cur
1248 1153 1297 1174 eos
1317 1145 1364 1181 qui
1379 1145 1519 1173 debilitato
1530 1144 1642 1179 penitus
1662 1152 1694 1171 ac
1711 1143 1794 1171 muti-

1007 1193 1061 1220 lato
1084 1197 1148 1220 sunt
1167 1199 1292 1228 corpore,
1316 1191 1386 1219 fame
1410 1191 1520 1225 insuper
1539 1191 1709 1223 conficimus,
1731 1197 1793 1217 cum

1006 1239 1079 1267 viros
1098 1239 1232 1267 duntaxat
1248 1246 1280 1266 ac
1293 1238 1408 1274 juvenes
1422 1238 1494 1265 alere
1507 1241 1641 1272 oporteat,
1654 1242 1681 1264 et
1697 1245 1792 1264 neces-

1005 1285 1107 1314 sarium
1123 1284 1287 1312 frumentum
1307 1284 1350 1316 iis,
1363 1283 1407 1318 qui
1422 1283 1455 1311 ad
1475 1283 1550 1310 urbis
1565 1284 1717 1311 custodiam
1735 1283 1793 1309 ido-

1006 1331 1049 1359 ttei
1063 1330 1322 1367 tsunt,dispeusare‘lL
1334 1328 1493 1363 Huiusmodi
1509 1328 1661 1355 rationibus
1672 1336 1733 1356 eum
1750 1335 1793 1355 se-

1005 1381 1098 1405 natum
1112 1377 1138 1404 in
1153 1376 1318 1404 sententiam
1331 1382 1408 1403 suam
1425 1374 1611 1410 pertraxisset,
1621 1374 1678 1409 ipse
1690 1375 1793 1410 primus

1005 1430 1155 1458 exsurgens
1177 1426 1281 1456 censet,
1298 1428 1408 1449 omnent
1427 1420 1564 1448 imbellem
1590 1420 1791 1448 multitudinem

1007 1473 1060 1496 tam
1074 1469 1158 1504 286
1168 1468 1253 1496 virilis
1265 1475 1345 1502 quam
1359 1466 1498 1494 muliebris
1507 1474 1589 1495 sexus
1598 1474 1631 1494 ex
1641 1468 1706 1494 urbe
1714 1467 1793 1494 emit-

1006 1515 1115 1542 tendam
1127 1521 1204 1549 esse;
1218 1514 1317 1549 quippe
1333 1521 1394 1541 cum
1409 1513 1442 1540 iis
1454 1513 1476 1540 si
1493 1513 1595 1541 diutius
1605 1516 1792 1546 remanerent,

163 1558 272 1595 τηρίας,
290 1559 357 1596 πρὸς
372 1560 419 1588 τοῦ
434 1561 513 1597 λιμοῦ
528 1562 798 1600 διαφθαρησομένοις.
817 1566 909 1602 Ταύτῃ
926 1566 954 1593 δὲ

1007 1565 1034 1589 et
1056 1560 1211 1588 nullatenus
1234 1560 1392 1596 reipublicae
1416 1561 1497 1589 utiles
1521 1564 1705 1592 morarentur,
1719 1559 1793 1587 nulla

164 1603 220 1631 τῶν
233 1605 334 1632 λοιπῶν
351 1605 479 1634 ἁπάντων
499 1609 533 1644 τῇ
551 1607 633 1645 βουλῇ
657 1610 953 1647 συγκατατεθειμένων,

164 1651 265 1687 μικροῦ
288 1651 343 1678 δεῖν
364 1653 428 1684 τοὺς
445 1653 549 1686 πάντας
572 1654 626 1682 τῶν
650 1656 885 1692 πολιορκουμένων
901 1658 956 1686 διε-

164 1695 289 1728 σώσατο,
306 1697 335 1723 ὲν
355 1698 474 1735 πρώτοις
494 1700 544 1735 μὲν
562 1701 624 1732 τοὺς
640 1701 694 1728 ἀπὸ
707 1703 757 1738 τῆς
781 1703 953 1740 Ἐκκλησίας,

164 1741 261 1770 ἔπειτα
277 1742 305 1771 δὲ
320 1745 366 1770 καὶ
380 1744 434 1771 τῶν
448 1745 536 1772 ἄλλων
554 1745 608 1773 τῶν
626 1747 697 1774 κατὰ
710 1748 759 1784 τὴν
775 1748 851 1776 πόλιν
865 1750 955 1778 πᾶσαν

163 1787 284 1824 ἠλικίαν,
298 1789 497 1826 διαδιδράσκειν
510 1792 651 1829 προμηθού
656 1803 748 1829 μενος,
760 1795 789 1822 οὐ
808 1795 886 1830 μόνον
901 1796 954 1823 τῶν

164 1835 237 1862 κατὰ
250 1835 300 1872 τὴν
319 1836 410 1873 ψῆφον
424 1838 601 1874 δεδογμένων.
622 1840 660 1876 Τῇ
680 1840 709 1868 δὲ
728 1841 832 1868 τούτων
849 1843 956 1878 προφά-

164 1890 219 1914 σει,
241 1883 287 1910 καὶ
308 1883 420 1919 μυρίους
439 1883 536 1916 ἄλλους
553 1885 704 1921 λεληθότως
718 1887 876 1921 γυναικείαν
895 1896 954 1917 στο-

164 1927 214 1964 λὴν
230 1928 463 1964 ἀμπισχομένους,
487 1930 594 1967 νύκτωρ
615 1940 646 1959 τε
659 1933 693 1968 τῇ
713 1933 818 1960 ἐκείνου
834 1934 953 1970 φροντίδι

162 1972 220 2000 τῶν
242 1974 333 2001 πυλῶν
354 1975 485 2008 ἐξιόντας,
503 1976 551 2004 καὶ
571 1977 617 2004 ἐπὶ
637 1977 687 2014 τὴν
712 1979 854 2014 Ῥωμαίων
870 1988 954 2016 στρα-

162 2017 225 2045 τιὰν
244 2018 397 2055 ὁρμῶντας.
422 2020 508 2048 Ἔνθα
526 2022 590 2055 τοὺς
603 2022 707 2055 πάντας
725 2023 920 2060 ὑποδεχόμενος
940 2027 954 2053 ό

163 2064 304 2098 Εὐσέϐιος,
321 2066 424 2102 πατρὸς
449 2067 496 2094 καὶ
518 2068 611 2104 ίατροῦ
630 2069 718 2105 δίκην,
743 2071 954 2106 κεκακωμένους

162 2111 196 2137 ὲκ
210 2113 259 2147 τῆς
277 2113 384 2148 μακρᾶς
401 2113 558 2149 πολιορκίας
576 2113 643 2149 (58),
656 2115 700 2142 διὰ.
720 2116 812 2152 πάσης
827 2117 954 2153 προνοίας

162 2157 211 2185 καὶ
230 2156 378 2194 θεραπείας
403 2159 545 2186 ἀνεκτᾶτο.
571 2161 705 2188 Τοιούτων
729 2162 745 2198 ἡ
767 2162 838 2190 κατὰ
857 2163 953 2191 Λαοδία

161 2212 241 2231 κειαν
268 2204 415 2240 Ἐκκλησία
437 2205 483 2232 δύο
507 2205 605 2242 ἑφεξῆς
620 2207 693 2235 κατὰ
710 2207 833 2244 διαδοχὴν
847 2208 950 2246 ἠξιώθη

161 2250 310 2285 ποιμένων,
327 2251 376 2278 σὺν
394 2250 454 2286 θείᾳ
467 2251 623 2287 προμηθείᾳ.
644 2252 712 2287 μετὰ
732 2253 777 2280 τὸν
798 2253 951 2290 δηλωθέντα

161 2294 280 2330 πόλεμον
299 2297 332 2323 ὲκ
353 2298 403 2333 τῆς
428 2295 623 2333 Ἀλεξανδρέων
646 2298 750 2330 πόλεως
771 2299 816 2326 ἐπὶ
837 2299 871 2326 τὰ
889 2300 951 2336 τῇδε

162 2341 393 2376 μετεληλυοότων.
410 2343 447 2370 Οὺ
469 2343 518 2378 μὲν
534 2341 580 2371 οὖν
594 2344 763 2380 ἐσπουδάσθη
785 2345 899 2374 πλεῖστα
912 2346 950 2382 τῷ

167 2387 312 2423 Ἀνατολίῳ
329 2389 549 2425 συγγράμματα,
569 2390 686 2419 τοσαῦτα
701 2390 723 2417 δ’
738 2392 779 2422 εὶς
800 2392 873 2427 ἡμᾶς
889 2393 951 2429 ἐλή-

159 2431 242 2466 λυθε,
256 2433 290 2459 δι’
305 2430 343 2461 ὤν
359 2433 440 2460 αὑτοῦ
462 2434 631 2470 καταμαθεῖν
651 2434 762 2462 δυνατὸν
779 2435 847 2471 ὁμοῦ
870 2436 901 2463 τό
920 2444 950 2463 τε

158 2478 249 2513 λόγιον
265 2480 311 2506 καὶ
329 2479 499 2516 πολυμαθὲς,
518 2482 547 2508 ὲν
568 2479 609 2512 οἷς
632 2481 749 2517 μάλιστα
768 2481 802 2508 τὰ
818 2483 882 2519 περὶ
901 2482 948 2510 τοῦ

159 2525 256 2561 Πάσχα
277 2525 390 2559 δόξαντα
407 2527 579 2563 παρίστησιν.
606 2528 664 2562 Ἀφ’
685 2525 723 2555 ὧν
746 2528 893 2563 ἀναγκαῖον
916 2529 949 2557 ἂν

195 2602 252 2641 (56)
266 2603 308 2641 Τῷ
325 2603 473 2638 Ῥωμαϊκῷ
488 2606 720 2641 συμμαχοῦντος
739 2596 867 2641 στρατῷ.
881 2607 948 2634 Dum

156 2638 368 2676 Claudiusimp.
385 2641 515 2667 adversus
526 2638 659 2669 barbaros
672 2638 814 2676 pugnaret,
823 2638 951 2675 zenobia,
963 2671 964 2674 η

158 2673 243 2710 tttisso
254 2673 347 2710 Zabda
366 2675 434 2710 duce
447 2683 509 2702 cum
534 2677 635 2708 ingenti
658 2673 773 2703 ιιίἰιῆυιιι
791 2684 881 2710 manu,
901 2673 950 2703 ad;

154 2708 269 2749 juvattte
278 2709 362 2749 etiam
373 2709 526 2749 _’l_‘imoge_n_e
541 2711 682 2749 Egyptio,
700 2708 945 2749 Egyptutn__occu-

157 2745 244 2780 pavit,
257 2745 456 2780 etpraesitliunt
480 2745 658 2773 Alexandriae
676 2745 816 2780 imposuit.
846 2745 945 2773 Verum

158 2779 263 2816 Probus
271 2779 336 2816 _duxr
347 2779 562 2816 ROIIIilIllISJillIn
577 2781 665 2815 copiis
673 2779 772 2816 quibus
783 2781 944 2815 imperabat.

156 2813 295 2853 adiunctis
314 2815 366 2853 sibi
398 2813 871 2853 EgyptiisﬂuotquotPalmyréuis
892 2816 945 2842 titi-

158 2849 232 2887 :itne
251 2849 400 2887 favebant,
418 2857 464 2887 eos
481 2850 516 2887 ab
529 2849 647 2887 Egyptu
663 2849 787 2885 depulit,‘
799 2855 828 2887 ιιι
853 2856 946 2877 narrat

156 2882 283 2912 lusimus
295 2890 321 2911 et
336 2884 420 2913 Pollio
437 2885 462 2912 in
479 2882 784 2922 Clauditifi‘utte'igitu’r
797 2886 944 2914 Brucltiunt

1005 1615 1069 1643 spes
1087 1607 1184 1635 salutis
1197 1612 1362 1643 superesset,
1372 1607 1443 1634 fame
1455 1607 1548 1642 utique
1561 1605 1704 1641 perituris.
1717 1604 1794 1634 Hanc

1005 1655 1169 1683 sententiam
1182 1662 1244 1682 cum
1261 1662 1357 1682 omnes
1372 1654 1418 1689 qui
1433 1654 1458 1681 in
1468 1658 1566 1681 senatu
1579 1657 1656 1679 erattt
1668 1659 1794 1687 comproo

1005 1701 1128 1735 bassent,
1138 1701 1280 1728 universos
1295 1699 1351 1728 fere
1363 1700 1491 1728 obsessus
1505 1698 1648 1726 Anatolius
1661 1698 1792 1725 servavit.

1005 1746 1124 1775 Primum
1137 1747 1208 1774 enim
1222 1753 1332 1782 operam
1342 1746 1413 1773 dedit
1427 1751 1455 1773 ut
1472 1749 1570 1773 nostra:
1580 1744 1717 1779 religioais
1730 1743 1792 1777 viri,

1006 1793 1104 1820 deinde
1117 1798 1146 1821 ut
1160 1793 1205 1820 alii
1222 1793 1305 1820 etiam
1320 1791 1465 1827 cujuslibet
1482 1791 1582 1824 relatis,
1599 1798 1649 1818 nec
1664 1791 1681 1818 ii
1696 1789 1794 1818 dunta-

1005 1843 1052 1865 xat
1064 1838 1163 1873 quibus
1179 1842 1291 1865 senatus
1305 1837 1445 1865 licentiam
1463 1837 1586 1869 dederat,
1599 1843 1694 1864 verum
1709 1837 1793 1864 etiam

1005 1885 1050 1911 alii
1066 1885 1157 1920 plures
1173 1883 1329 1920 hujusmodi
1341 1884 1455 1911 obtentu
1481 1882 1598 1910 latenter
1617 1882 1791 1917 attingerent,

1005 1930 1130 1958 muliebri
1146 1935 1222 1958 veste
1240 1930 1337 1962 induti,
1354 1934 1491 1963 noctuque
1502 1932 1579 1955 extra
1596 1929 1717 1956 civitatis
1729 1936 1793 1963 por-

1006 1982 1047 2004 tas
1053 1977 1111 2012 ejus
1123 1984 1206 2011 opera
1217 1976 1349 2008 educti,et
1359 1975 1392 2002 ad
1401 1974 1584 2002 llontauorum
1595 1978 1685 2001 castra
1700 1979 1792 2001 trans—

1005 2022 1103 2057 gressi.
1140 2021 1178 2048 lbi
1205 2019 1341 2048 Eusebius
1365 2023 1477 2046 cunctos
1501 2019 1641 2056 excipiens
1663 2019 1793 2047 diuturna

1004 2067 1147 2095 obsidione
1163 2070 1325 2099 maceratos,
1343 2066 1419 2101 quasi
1437 2066 1547 2101 quidam
1563 2069 1639 2100 pater
1656 2071 1687 2092 ac
1704 2065 1792 2092 medi-

1005 2121 1053 2141 cus
1068 2114 1142 2141 omni
1155 2121 1222 2140 cura
1238 2120 1270 2140 ac
1282 2112 1453 2148 providentia
1469 2111 1614 2139 recreavit.
1630 2110 1792 2146 littjusmodi

1004 2161 1071 2188 duos
1088 2164 1211 2195 pastores
1224 2160 1350 2187 continua
1365 2158 1438 2186 serie
1453 2158 1504 2186 sibi
1519 2158 1711 2192 succedentes,
1723 2157 1792 2184 Lao-

1004 2206 1122 2235 dicensis
1133 2207 1253 2235 Ecclesia
1266 2206 1358 2234 divino
1376 2211 1443 2233 nutu
1461 2205 1557 2233 sortita
1571 2210 1623 2237 est,
1641 2212 1702 2232 cum
1717 2208 1792 2232 uter-

1003 2259 1056 2287 que
1067 2259 1161 2283 eotzttm
1177 2258 1241 2288 post
1251 2252 1400 2287 supradicti
1414 2252 1475 2279 belli
1489 2258 1610 2285 tempora
1624 2259 1658 2280 ex
1673 2251 1792 2280 Alexan-

1002 2299 1082 2326 drina
1100 2299 1165 2327 urbe
1187 2300 1212 2326 in
1229 2299 1337 2334 Syriam
1356 2299 1540 2334 migravisset.
1558 2298 1694 2326 Cteterum
1717 2299 1791 2325 Atta-

1004 2344 1084 2371 tolius
1097 2351 1150 2371 non
1174 2344 1319 2373 admodum
1333 2344 1434 2372 multos
1450 2345 1603 2378 composuit
1622 2344 1717 2371 libros.
1739 2343 1792 2372 Vc-

1002 2398 1061 2418 ruru
1074 2398 1107 2418 ex
1126 2391 1159 2418 iis
1173 2392 1218 2425 qui
1234 2391 1267 2419 ad
1281 2399 1330 2419 nos
1344 2395 1538 2426 pervenerunt,
1554 2391 1738 2426 eloquentiam
1751 2391 1790 2418 si-

1003 2436 1058 2463 tnul
1082 2440 1109 2464 et
1130 2437 1309 2472 utultiplicem
1326 2437 1387 2473 ejus
1406 2438 1588 2465 eruditionem
1605 2437 1713 2465 abunde
1728 2437 1791 2465 licet

1003 2489 1185 2517 cognoscere;
1201 2483 1335 2518 prtecipue
1353 2491 1417 2511 vero
1432 2491 1464 2511 ex
1487 2483 1520 2510 iis
1537 2483 1564 2510 itt
1585 2483 1685 2518 quibus
1711 2491 1789 2510 suam

1004 2529 1038 2557 de
1052 2529 1155 2557 Pascha
1169 2530 1333 2557 sententiam
1348 2530 1504 2558 confirmat.
1530 2528 1606 2557 Unde
1622 2530 1703 2557 etiam
1720 2538 1790 2558 non-

999 2609 1064 2636 mihi
1079 2609 1185 2636 videtur
1199 2607 1339 2635 obsessum
1354 2607 1438 2635 fuisse
1450 2615 1465 2635 a
1488 2608 1628 2635 Romanis.

1035 2644 1091 2681 (57)
1114 2643 1316 2681 Ταμιεύεσθαι.
1335 2643 1403 2681 little
1422 2643 1685 2681 Christophorsonus
1704 2644 1788 2671 vertit

999 2672 1161 2715 congerere:
1173 2677 1435 2715 Nattrrapteﬁaatiat
1451 2672 1561 2713 proprie
1578 2683 1628 2709 est,
1646 2686 1706 2704 euut
1725 2672 1801 2713 par-3

1000 2713 1116 2742 citttunia
1131 2713 1254 2740 adtuetiri
1272 2721 1303 2740 ac
1322 2714 1480 2747 dispensnre
1498 2714 1735 2748 anttonatn;quod
1759 2715 1786 2741 in

1002 2750 1115 2785 penuria
1131 2750 1188 2776 lieri
1200 2749 1271 2785 solet
1282 2753 1310 2775 et
1328 2748 1354 2785 in
1373 2749 1571 2785 obsidionibus.
1604 2755 1606 2758 '

1035 2786 1092 2820 (.58)
1117 2785 1164 2811 Ἐκ
1176 2783 1231 2817 τῆς
1251 2783 1369 2818 μακρᾶς
1393 2783 1577 2817 πολιορκίας.
1607 2783 1787 2820 Hieronymus

1000 2820 1026 2846 in
1039 2819 1170 2847 Chronico
1184 2819 1274 2851 plures
1290 2826 1338 2853 per
1352 2826 1438 2847 annos
1455 2823 1620 2854 protractam
1643 2819 1787 2847 essepeti-

1001 2855 1038 2882 btt
1054 2855 1162 2883 Βουρὴῆ
1176 2854 1354 2882 obsidionem.
