2002 3169
118 168 175 196 729

617 172 790 201 HISTORIAE
811 170 1086 203 ECCLESTASTlC/E
1104 175 1168 203 LIB.
1189 176 1244 204 ΥΠ.

1683 179 1736 208 730

121 226 192 262 μετὰ
213 227 355 263 ἰσημερίαν
371 227 491 263 ἐαρινὴν,
506 227 650 263 μεσοῦντος
663 229 710 255 τοῦ
731 229 837 265 πρώτου
854 238 897 264 μη-

957 231 1068 259 mensis.
1083 231 1109 259 Id
1126 237 1215 259 autem
1229 233 1363 270 contingit
1375 242 1436 262 cum
1447 235 1487 262 sol
1502 236 1616 270 primam
1629 242 1734 271 partem

119 275 175 304 νός·
186 273 264 300 τοῦτο
273 272 302 300 δὲ
313 273 496 309 εὑρίσκεσθαι,
507 274 538 301 τὸ
546 275 654 310 πρῶτον
665 276 761 311 τμῆμα
773 276 819 302 τοῦ
829 276 905 310 ἡλια-

120 318 180 350 κοῦ⁷
196 318 265 353 ἢ,ὦς
280 327 352 351 τινες
368 319 457 346 αὐτῶν
476 320 629 356 ὠνόμασαν,
646 321 782 357 ζωοφόρου
803 321 903 348 κύκλου

119 363 263 396 διεξιόντος
286 365 372 400 ἡλίου.
392 365 420 391 '0
442 366 471 392 δὲ
497 367 697 401 Ἀριστόϐουλος
717 367 901 402 προστίθησιν,

119 409 159 441 ὡς
172 410 214 444 εἴη
228 409 380 445 ὲξανάγκης
395 412 428 446 τῇ
445 411 498 437 τῶν
516 411 696 447 διαϐατηρίων
711 412 789 446 ἑορτῇ
804 412 840 446 μὴ

119 463 166 480 νον
178 454 223 481 τὸν
246 455 319 490 ἥλιον
337 455 368 481 τὸ
392 456 546 491 ἰσημερινὸν
568 455 775 491 διαπορεύεσθαι
795 456 902 491 τμῆμα,

119 500 166 526 καὶ
178 500 226 536 τὴν
243 501 358 536 σελήνην
371 501 409 529 δέ.
428 502 488 528 Τῶν
504 501 559 538 γὰρ
576 502 739 538 ίσημερινῶν
751 502 902 538 τμημάτων

118 546 203 573 όντων
216 546 272 578 δύο,
288 546 334 573 τοῦ
350 547 399 581 μὲν
414 548 533 582 ὲαρινοῦ,
544 547 591 574 τοῦ
605 548 633 574 δὲ
647 547 842 583 μετοπωρινοῦ.
855 547 902 574 καὶ

117 592 334 628 διαμετρούντων
351 592 463 627 ἄλληλα,
477 593 596 628 δοθείσης
608 602 637 619 τε
647 594 696 628 τῆς
709 593 762 619 τῶν
773 593 901 629 διαϐατη-

119 638 185 673 ρίων
202 637 307 673 ἡμέρας
322 639 356 673 τῇ
377 638 658 674 τεσσαρεσκαιδεκάτῃ
678 638 725 664 τοῦ
742 638 825 674 μηνὸς
841 637 900 673 μεθ’

117 683 253 717 ἑσπέραν,
280 683 420 717 ἑστήξεται
444 682 492 717 μὲν
517 682 613 717 σελήνη
639 682 686 717 τὴν
708 683 831 710 ἐναντίαν
855 683 902 710 καὶ

116 729 262 764 διάμετρον
277 728 314 763 τῷ
337 729 403 763 ἡλίῳ
428 729 531 756 στάσιν.
554 729 657 764 Ὥσπερ
679 727 724 755 οὖν
746 729 848 761 ἔξεστιν
872 730 900 755 ὲν

116 777 176 807 ταῖς
202 775 377 810 πανσελήνοις
397 776 478 810 ὁρᾷν’
501 775 607 802 ἔσονται
627 775 654 802 δὲ
670 776 683 802 ό
705 775 765 810 μὲν,
780 774 850 812 κατὰ
869 775 900 801 τὸ

117 821 223 857 ἐαρινδν
247 821 401 857 ἰσημερινὸν
418 822 432 848 ό
447 821 521 856 ἥλιος
537 821 644 856 τμῆμα,
660 822 676 857 ἡ
693 821 730 853 δὲ,
749 821 899 856 ὲξανάγκης

115 867 186 894 κατὰ
202 868 232 894 τὸ
247 867 445 903 φθινοπωρινὸν
475 867 630 902 ἰσημερινὸν
657 868 672 903 ἠ
702 867 807 902 σελήνη.
832 865 898 893 Οἶδα

115 914 229 939 πλεῖστα
247 913 292 939 καὶ
308 912 373 939 ἄλλα
398 912 465 948 πρὸς
491 912 580 940 αὐτῶν
593 912 734 947 λεγόμενα,
753 913 830 939 τοῦτο
848 913 896 948 μὲν

114 959 226 990 πιθανὰ,
243 959 320 985 τοῦτο
338 958 366 984 δὲ
385 958 455 984 κατὰ
467 958 514 989 τὰς
530 958 662 994 κυριακὰς
680 958 827 990 ἀποδείξεις
840 958 894 993 (66)

89 1017 94 1022 ~
114 1003 263 1037 προϊόντα,
282 1003 315 1029 δι’
339 999 375 1028 ὧν
407 1002 580 1038 παριστάνειν
604 1002 749 1037 πειρῶνται
772 1003 819 1038 τὴν
848 1003 894 1030 τοῦ

113 1049 210 1084 Πάσχα
234 1049 280 1076 χαὶ
302 1049 356 1075 τῶν
379 1048 489 1083 ἀζύμων
512 1048 607 1085 ἑορτὴν
628 1049 681 1075 δεῖν
707 1050 814 1081 πάντως
837 1050 894 1084 μετ’

113 1095 258 1129 ἰσημερίαν
279 1093 407 1128 ἄγεσθαι·
432 1093 549 1128 παρίημι
570 1093 597 1120 δὲ
620 1094 668 1125 τὰς
692 1095 816 1127 τοιαύτας
842 1095 895 1122 τῶν

112 1140 276 1173 ἀποδείξεων
296 1141 361 1172 ὕλας
383 1141 521 1168 ἁπαιτῶν·
540 1138 562 1175 ᾧ
578 1140 633 1176 (67)
659 1141 821 1177 περιῄρηται
847 1142 895 1177 μὲν

110 1188 142 1214 τὸ
158 1187 204 1213 ἐπὶ
216 1187 262 1213 τοῦ
276 1187 413 1219 Μωῦσέως
428 1187 501 1222 νόμῳ
514 1187 654 1222 κάλυμμα,
671 1187 895 1223 ἀνακεκαλυμμέ-

111 1242 149 1268 νῳ
165 1232 193 1259 δὲ
210 1232 248 1267 τῷ
266 1232 401 1268 προσώπῳ
417 1232 507 1259 λοιπὸν
520 1233 568 1268 ἥδη
583 1234 698 1269 Χριστὸν
713 1235 757 1260 καὶ
775 1234 810 1261 τὰ
827 1235 893 1269 Χρι-

112 1278 174 1304 στοῦ
188 1278 230 1304 ἀεὶ
245 1277 470 1312 κατοπτρίζεσθαι
483 1279 629 1314 μαθήματά
641 1288 669 1305 τε
680 1280 725 1306 καὶ
736 1279 893 1315 παθήματα.

111 1324 165 1350 Τοῦ
188 1324 216 1350 δὲ
232 1324 276 1350 τὸν
297 1323 403 1360 πρῶτον
422 1324 486 1359 παρ’
510 1324 644 1360 Ἑϐραίοις
663 1325 734 1360 μῆνα
755 1326 818 1361 περὶ
835 1327 895 1360 ἰση-

112 1368 210 1404 μερίαν
222 1367 301 1402 εἶναι,
320 1369 509 1404 παραστατικὰ
522 1370 568 1396 καὶ
584 1369 617 1396 τὰ
635 1371 662 1396 ὲν
679 1370 720 1406 τῷ
742 1370 824 1406 Ἑνὼχ
838 1371 893 1406 (68)

113 1414 293 1450 μαθήματα.»
324 1415 378 1441 Καὶ
402 1414 584 1450 ἀριθμητικὰς
610 1415 637 1442 δὲ
665 1416 857 1443 καταλέλοιπεν
881 1418 894 1443 ό

111 1461 192 1492 αὐτὸς
215 1462 243 1486 ἐν
264 1460 333 1492 ὅλοις
354 1460 419 1487 δέκα
437 1461 647 1496 συγγράμμασιν
665 1462 815 1496 είσαγωγὰς
829 1462 892 1497 (69),

111 1507 159 1533 καὶ
174 1506 241 1533 ἄλλα
256 1507 388 1541 δείγματα
402 1507 450 1542 τῆς
467 1507 530 1542 περὶ
544 1507 577 1534 τὰ
589 1507 647 1533 θεῖα
658 1507 755 1542 σχολῆς
769 1517 798 1534 τε
813 1507 893 1534 αὑτοῦ

110 1552 158 1578 καὶ
174 1551 358 1587 πολυπειρίας.
372 1551 465 1587 Τούτῳ
487 1552 593 1588 πρῶτος
608 1554 622 1579 ὁ
638 1553 686 1587 τῆς
709 1553 894 1580 Παλαιστινῶν
907 1570 932 1602 c

111 1597 278 1632 Καισαρείας
289 1598 436 1630 ἐπίσκοπος
450 1597 607 1631 Θεότεκνος,
625 1600 717 1635 χεῖρας
730 1600 769 1631 είς
785 1600 895 1626 ἐπισκο-

110 1643 167 1677 πὴν
184 1642 346 1674 ὲπιτέθεικε,
364 1643 485 1678 διάδοχον
500 1644 596 1671 ἑαυτοῦ
615 1643 683 1680 μετὰ
704 1644 828 1680 τελευτὴν
844 1653 894 1672 πο-

111 1689 229 1724 ριεῖσθαι
243 1690 275 1724 τῇ
295 1688 346 1724 ίδίᾳ
364 1689 493 1724 παροικίᾳ
507 1689 700 1724 προμνώμενος
712 1690 777 1725 (70).
795 1691 849 1717 Καὶ
862 1690 894 1726 δὴ

110 1736 159 1762 ἐπὶ
175 1735 288 1771 σμικρόν
300 1744 359 1761 τινα
371 1735 464 1770 χρόνον
474 1736 557 1771 ἄμφω
569 1736 618 1770 τῆς
629 1736 713 1771 αὐτῆς
723 1735 895 1772 προῦστησαν

117 1781 351 1815 Ἐκκλησίας(71)·
369 1781 436 1807 ἀλλὰ
461 1781 515 1815 γὰρ
534 1782 580 1808 ἐπὶ
598 1781 646 1816 τὴν
668 1781 829 1816 Ἀντιόχειαν
847 1782 895 1817 τῆς

109 1826 184 1854 κατὰ
200 1826 304 1853 Παύλου
321 1827 428 1853 συνόδου
443 1827 587 1863 καλούσης,
603 1828 651 1862 τὴν
660 1827 811 1854 Λαοδικέων
821 1827 896 1854 πόλιν

109 1871 218 1907 παριὼν
228 1871 282 1907 (7'2)
303 1871 371 1908 πρὸς
394 1873 446 1899 τῶν
468 1872 588 1907 ἀδελφῶν
607 1872 699 1899 αὐτόθι
720 1872 896 1908 κοιμηθέντος

150 1970 225 2006 (66)
244 1971 392 2005 Κυριιικὰς
419 1971 594 2004 ἀποδείξεις.
633 1971 891 2005 Christophorsonus

108 2006 196 2042 vertit
211 2012 292 2042 ratas.
314 2007 367 2042 εἰς
388 2006 477 2042 κυρίαι
498 2007 571 2039 δόξαι
589 2006 714 2042 dicuntur
737 2013 752 2032 a
780 2006 890 2033 Grteeis.

109 2041 226 2068 Rufinus
240 2040 412 2067 validissimas
422 2040 575 2067 assertione:
591 2041 683 2067 vertit.

146 2075 202 2110 (67)
222 2075 300 2109 Vulg.
315 2075 390 2108 ὕλας
402 2076 451 2103 ἀπ’
463 2071 620 2102 αὺτῶνῶν.
633 2076 720 2102 Nostri
728 2075 845 2110 quinque
854 2083 896 2102 co-

107 2109 252 2138 dices'uno
266 2118 398 2136 consensu
417 2111 543 2144 scriptum
564 2110 663 2136 habent
683 2109 748 2141 ὕλας
760 2110 894 2138 ἀπαιτῶν.

109 2145 166 2172 Sed
176 2146 201 2172 in
214 2145 307 2172 codice
322 2145 406 2179 ltegio
413 2146 504 2171 eadem
517 2153 595 2171 manu
607 2145 760 2178 adnotatur,
773 2145 896 2172 scriben-

109 2181 175 2207 dum
197 2187 257 2206 esse
279 2179 327 2205 ἀπ⁵
355 2179 454 2206 αὐτῶν.
479 2180 556 2206 Certe
584 2180 631 2205 ἀπ’
649 2179 738 2206 αὐτῶν
756 2180 895 2213 legendum

108 2222 184 2246 esse,
200 2222 232 2255 εξ
247 2215 424 2248 sequentibus
442 2219 562 2247 apparet.
580 2213 639 2240 Nisi
648 2216 719 2255 enim
734 2215 770 2241 ita
787 2215 894 2255 legeris,
913 2228 933 2255 Ι)

109 2245 339 2285 (ιηοτθῖετςείθιι
360 2257 418 2282 qua:
437 2245 585 2285 seqttuutur
598 2249 679 2276 verba
701 2245 738 2275 ὧν
764 2245 897 2285 περιῄρῆὲ

106 2293 166 2314 ται,
184 2289 236 2311 etc.
254 2283 307 2310 Sed
329 2291 450 2313 nunc.re
475 2284 605 2310 attentius
627 2285 780 2311 examinata
794 2283 806 2315 ,’
826 2283 896 2311 scri-

106 2319 229 2347 liendum
248 2326 344 2345 censeo
361 2318 426 2349 ὔλας
446 2318 582 2345 ἀπαιτῶν·
595 2316 617 2352 ᾧ
633 2318 817 2354 περιῄρηται,
844 2325 896 2346 etc.

108 2354 194 2388 quue
208 2357 233 2380 et
249 2361 345 2388 sensus
361 2359 387 2380 et
401 2358 547 2387 syntaxeos
563 2355 632 2380 ratio
646 2353 775 2387 pustulat.

146 2387 203 2423 (68)
229 2388 276 2414 Ἐν
288 2387 326 2420 τῷ
348 2387 450 2421 Ἑνώχ.
469 2388 548 2415 Liber
565 2389 657 2415 Enoch
672 2390 770 2415 citatur
787 2396 800 2414 a
830 2387 897 2415 Juda

107 2424 136 2450 in
155 2423 271 2457 Epistola
297 2425 438 2450 canonica.
463 2423 529 2450 Erat
549 2423 619 2449 liber
633 2423 823 2457 apocryphus,
849 2431 898 2449 nec

107 2459 184 2485 inter
201 2459 346 2490 canonicos
374 2457 546 2485 Hebrtcorum
574 2457 658 2485 libros
682 2462 816 2491 receptus.
844 2457 897 2484 Sed

107 2499 201 2520 tamen
216 2493 341 2527 apostoli,
362 2501 509 2526 eorumque
523 2493 648 2526 exmnplo
666 2493 769 2526 antiqui
792 2493 895 2523 Patres,

109 2528 266 2556 testimonia
285 2535 317 2554 ex
330 2529 493 2562 apocryphis
507 2529 628 2562 proferre
644 2536 697 2554 non
721 2527 896 2560 dubitarunt;

107 2570 141 2590 ea
161 2563 266 2590 scilicet
281 2569 341 2596 qua:
356 2562 387 2588 ad
406 2564 578 2589 astrueudam
596 2563 736 2588 teritatcm
759 2562 896 2593 facerent,

106 2606 142 2624 ex
159 2597 193 2625 iis
205 2598 346 2631 eligentes.
365 2597 431 2623 Vide
446 2596 590 2632 Georgium
603 2597 757 2632 Syncellum
775 2597 800 2623 in
814 2596 898 2623 Chro-

105 2632 249 2694 gico,hubi
270 2632 437 2659 luculentum
455 2631 638 2667 fragmentum
664 2631 743 2658 aﬂert
766 2639 800 2658 ex
820 2631 897 2658 libris

134 2674 183 2694 noc
209 2687 216 2694 .

134 2674 216 2694 IIOCH.

146 2702 201 2736 (69)
217 2701 415 2735 Ἀριθμητικὰς
433 2702 607 2736 εἰσαγωγάς.
628 2702 743 2729 Exstant
767 2700 898 2735 hodieque

108 2738 181 2778 inter
200 2736 479 2778 ,θεολο-ςούμεναλτῇς
497 2736 694 2778 ἀριθμητικῆςζ
718 2742 845 2769 excerpta
864 2743 897 2762 ex

108 2772 188 2798 libris
202 2771 320 2797 Anatolii
343 2771 545 2798 Institutionum
560 2771 798 2798 urit/iliteticarum.

145 2805 202 2840 (70)
224 2805 446 2840 "[OﬂF‘O’JﬂEVOC.
464 2805 491 2832 In
509 2807 585 2834 codd.
604 2807 683 2836 l\led.,
707 2805 785 2837 Fuk.,
797 2804 858 2831 Sat'.
872 2809 899 2832 et

109 2840 178 2867 Mal.
193 2840 294 2874 legitur
312 2840 502 2875 προνούμενος.
535 2841 586 2869 Sed
610 2843 708 2868 rertiur
729 2845 771 2866 cst
793 2840 897 2874 vulgata

109 2876 200 2902 Ιιιιιιῖι),
225 2882 306 2909 quam
326 2876 406 2901 codex
430 2875 530 2910 licgius
549 2882 574 2902 et
605 2877 771 2910 Nix-ephorus
798 2875 892 2902 contir-

953 277 1061 310 solaris,
1073 283 1128 310 aut.
1136 283 1164 306 ut
1174 280 1284 314 quidam
1299 281 1449 311 nominant.
1459 281 1561 309 zodiaci
1569 282 1663 309 circuli
1677 291 1735 317 per-

953 324 1048 350 currit.
1062 323 1143 350 Addit
1165 329 1294 358 praeterea
1320 325 1501 358 Aristobulus,
1522 327 1548 354 in
1570 327 1736 356 celebranda

953 369 1074 403 paschali
1088 368 1237 397 festivitate
1259 371 1413 398 necessario
1431 371 1457 398 id
1482 373 1597 406 requiri,
1620 378 1652 400 ut
1680 381 1733 400 non

953 415 1033 442 modo
1047 414 1097 446 sol,
1124 415 1170 442 sed
1199 419 1226 442 et
1258 415 1320 442 luna
1349 422 1515 451 segmentum
1544 418 1735 453 tequinoctiale

952 465 1102 493 percurrat.
1122 459 1188 487 Nam
1201 467 1261 488 cum
1279 462 1330 489 dtto
1339 462 1392 489 sint
1412 468 1548 497 segmenta
1565 464 1735 498 aequinoctia-

952 504 1000 536 lia,
1014 504 1129 532 alterum
1142 513 1265 537 vernum.
1278 507 1393 534 alterum
1412 508 1581 542 autumnale;
1597 517 1683 544 eaqtte
1698 518 1731 538 cx

952 551 1083 578 diametro
1097 550 1147 578 sibi
1177 551 1296 579 vicissim
1324 553 1466 587 opposita:
1491 561 1605 589 cumque
1621 561 1733 589 quarta—

951 596 1054 624 decima
1067 597 1124 625 dies
1137 598 1237 626 mensis
1250 599 1283 625 ad
1297 606 1439 634 vesperum
1456 601 1574 635 paschali
1595 601 1665 629 festo
1688 610 1733 629 as-

950 641 1054 676 signata
1069 642 1114 673 sit.
1129 642 1190 670 luna
1203 643 1312 677 quidem
1332 651 1364 671 ex
1383 645 1496 672 adverso
1520 646 1568 673 soli
1587 647 1729 678 consistet,

951 687 1176 720 quemadmodum
1188 689 1280 716 videre
1294 694 1336 716 est
1351 690 1376 716 in
1394 690 1560 724 pleuiluniis.
1574 691 1612 718 Ac
1624 692 1663 719 sol
1678 693 1734 727 qui-

950 733 1010 760 dem
1035 741 1147 760 vernum
1168 734 1354 767 mquinoctiale
1386 741 1555 770 segmentum
1583 738 1731 770 obtinebit.

950 779 1013 806 luna
1026 787 1091 806 vero
1103 785 1270 814 segmentum
1285 781 1447 809 autumnalis
1466 783 1621 817 aequinoctii
1637 790 1733 810 neces-

949 825 1022 852 sario
1035 825 1189 860 occupabit.
1206 824 1268 853 Scio
1288 830 1315 853 et
1331 826 1383 853 alia
1400 827 1484 854 multa
1511 828 1544 854 ab
1566 828 1660 855 iisdem
1677 833 1733 856 tra-

951 869 989 902 di,
1002 870 1099 903 partim
1120 870 1280 903 probabilia,
1291 871 1388 905 partim
1398 871 1558 899 certissimis
1568 872 1732 899 demonstra-

914 904 935 930 “
949 916 1067 943 tionibus
1081 915 1219 948 conclusa,
1230 904 1328 951 quibus
1337 924 1367 943 se
1380 921 1473 950 putant
1488 917 1629 944 evidenter
1638 922 1732 944 osten-

947 961 1021 992 dere.
1030 960 1134 988 Pascha
1145 965 1170 988 et
1179 960 1274 988 festum
1282 961 1444 995 Azymorum
1453 962 1564 988 omnino
1572 967 1631 996 post
1646 962 1732 996 acqui-

946 1006 1066 1032 noctium
1090 1012 1150 1032 esse
1162 1005 1366 1032 celebrandum.
1388 1004 1485 1032 Verum
1500 1005 1651 1039 bujusmodi
1682 1006 1731 1033 de-

946 1051 1172 1078 monstrationem
1209 1051 1312 1085 copiam
1348 1051 1459 1085 exigere
1489 1051 1729 1084 prtetermiltitnus,

944 1097 1042 1130 quibus
1067 1095 1187 1123 velamen
1209 1096 1332 1123 Mosaicae
1362 1097 1430 1130 legis
1453 1097 1571 1124 ablatum
1604 1102 1645 1125 est
1671 1106 1677 1124 :
1702 1102 1730 1125 et

944 1141 1041 1175 quibus
1053 1142 1169 1168 revelata
1182 1141 1236 1175 jam
1247 1141 1317 1169 facie
1340 1142 1481 1169 Christum
1497 1142 1654 1177 Christique
1677 1144 1726 1170 du-

945 1187 1059 1214 etrinam
1079 1191 1105 1214 et
1119 1187 1273 1222 passionem
1292 1193 1420 1222 tanquam
1438 1188 1465 1214 in
1478 1188 1587 1222 speculo
1603 1189 1730 1223 deinceps

946 1231 1042 1259 intueri
1061 1231 1132 1259 licet.
1153 1232 1284 1266 Ctnterum
1309 1233 1424 1267 primum
1443 1240 1563 1260 mensem
1587 1233 1657 1267 apud
1676 1234 1725 1261 lle-

944 1280 1030 1306 brams
1054 1279 1125 1306 circa
1150 1279 1339 1313 teqninoctium
1361 1278 1480 1313 incipere
1503 1279 1645 1306 manifeste
1665 1287 1727 1306 con-

944 1325 1072 1357 vincitur,
1088 1324 1130 1351 vel
1146 1332 1178 1351 ex
1192 1324 1224 1350 iis
1240 1324 1382 1359 praeceptis
1403 1332 1462 1359 quae
1476 1324 1501 1350 in
1523 1324 1591 1351 libro
1618 1324 1728 1351 Ilenoch

945 1371 1080 1406 leguntur.
1105 1370 1175 1397 ldetn
1202 1377 1282 1405 porro
1307 1370 1447 1397 Anatolius
1478 1370 1560 1398 etiam
1581 1370 1672 1398 decem
1695 1371 1730 1397 li-

945 1418 1007 1445 bros
1030 1416 1225 1443 institutionum
1248 1416 1497 1450 aritlimeticarum,
1521 1416 1603 1443 multa
1624 1424 1730 1451 quoque

945 1463 996 1490 alia
1013 1470 1068 1490 sua:
1085 1462 1112 1489 in
1138 1462 1224 1489 sacris
1240 1460 1352 1488 Litteris
1367 1461 1512 1497 diligentia:
1528 1468 1611 1496 atque
1630 1463 1730 1490 doctri-

946 1516 987 1536 na:
1002 1508 1085 1543 288
1108 1511 1281 1534 monumenta
1300 1507 1378 1534 nobis
1411 1508 1529 1542 reliquit.
1551 1508 1619 1536 Huic
1642 1509 1729 1536 Theo-

946 1558 1050 1586 tecnus,
1064 1552 1196 1580 Caesarea:
1224 1551 1371 1578 Palaestina
1389 1552 1541 1586 episcopus,
1554 1553 1656 1587 primus
1673 1561 1731 1579 ma-

947 1608 997 1628 nus
1010 1599 1147 1634 imposuit,
1170 1605 1286 1632 eumque
1311 1599 1466 1632 episcopum
1492 1599 1628 1625 ordinavit
1646 1609 1652 1625 :
1668 1607 1729 1626 suco

947 1652 1081 1674 cessorem
1105 1644 1177 1672 illum
1207 1643 1335 1671 Ecclesiae
1359 1651 1415 1671 sua:
1442 1644 1619 1679 despondeas.
1641 1645 1729 1683 Ambo

947 1696 1023 1719 certe
1047 1690 1245 1724 aliquantisper
1267 1690 1389 1716 eamdem
1411 1689 1554 1717 ecclesiam
1580 1689 1660 1716 simul
1681 1697 1729 1723 gu-

947 1737 1105 1763 bernarunt.
1122 1735 1219 1762 Postea
1235 1742 1298 1762 vero
1311 1742 1371 1761 cum
1385 1742 1446 1762 eum
1463 1735 1583 1770 synodus
1596 1735 1729 1762 adversus

947 1781 1058 1808 Paulum
1077 1786 1239 1815 congregata
1258 1780 1428 1807 Antiochiam
1449 1785 1599 1814 evocasset,
1614 1788 1662 1815 per
1681 1788 1728 1807 ur-

947 1827 1009 1854 bem
1026 1826 1186 1854 Laodiceam
1202 1826 1253 1852 iter
1270 1825 1384 1857 faciens,
1400 1833 1414 1852 a
1431 1825 1563 1853 fratribus
1584 1826 1656 1853 illius
1677 1827 1728 1854 loci

947 1877 1054 1900 mortuo
1068 1877 1130 1899 tunc
1143 1871 1260 1899 Eusebio
1280 1871 1406 1898 detentus
1421 1876 1471 1898 est.
1486 1871 1617 1899 Defuncto
1632 1872 1729 1899 deinde

945 1975 1029 1997 mant.
1046 1971 1115 2003 Quin
1133 1970 1214 1997 etiam
1234 1969 1260 1996 in
1278 1970 1369 1997 codice
1387 1969 1471 2004 Regio
1486 1970 1536 1996 hoc
1547 1970 1678 1997 seholium
1693 1971 1726 1998 ad

946 2008 1094 2040 marginem
1109 2006 1206 2040 legitur
1222 2014 1228 2031 :
1243 2004 1379 2040 προξενῶν
1390 2004 1632 2040 προμνηπεύεται.

982 2041 1008 2076 (7
1016 2043 1037 2076 l)
1049 2041 1150 2076 ’Ἂμφῳ
1164 2039 1219 2074 τῆς
1227 2039 1321 2072 αὐτῆς
1332 2039 1529 2074 προῦστησαν
1538 2040 1727 2076 Euathlo/ec.

946 2075 974 2101 In
998 2076 1090 2102 codice
1116 2075 1183 2101 Maz.
1203 2077 1258 2101 litec
1272 2080 1399 2101 notantur
1418 2076 1451 2101 ad
1478 2075 1624 2109 marginem
1644 2075 1728 2106 τΙῙῶς

947 2111 994 2137 καὶ
1010 2110 1126 2136 ἐνταῦθα
1142 2110 1205 2144 μίας
1216 2109 1367 2144 ἐπισκοπῆς
1382 2109 1428 2145 δύρ
1444 2108 1626 2145 προῦστησαν.
1639 2110 1664 2135 Id
1677 2117 1727 2140 εδει,

952 2144 1017 2172 Vide
1030 2143 1160 2179 quomodo
1181 2145 1261 2171 etiam
1283 2145 1324 2170 ltic
1340 2143 1386 2171 imi
1401 2143 1525 2171 Ecclesia
1547 2143 1598 2170 duo
1615 2145 1729 2177 nmque-

949 2185 1011 2206 rum
1032 2180 1157 2214 episcopi.
1177 2179 1303 2213 lntelligit
1323 2185 1411 2206 autem
1434 2179 1592 2206 scholiastes
1616 2180 1730 2206 ΑΙνχιηιη

948 2213 1051 2248 drum;
1074 2215 1120 2249 qui
1155 2222 1205 2240 una
1235 2222 1295 2241 cum
1327 2213 1452 2241 Narcisso
1483 2214 1728 2248 Hierosolymorum

948 2250 1089 2283 cpiscopus
1112 2249 1173 2280 fuit,
1206 2254 1233 2276 ut
1253 2249 1280 2276 in
1299 2249 1368 2276 libro
1384 2257 1410 2276 tv
1444 2254 1558 2276 testatur
1588 2249 1728 2276 Eusebius.

950 2284 1011 2311 llaec
1040 2289 1103 2311 sunt
1127 2284 1310 2311 vetustissima
1331 2284 1451 2318 exempla
1476 2284 1674 2318 coadjutorum,
1699 2289 1729 2310 ut

949 2327 1020 2346 nunc
1034 2324 1142 2350 vocant.
1156 2320 1353 2354 episcoporum.
1376 2318 1426 2352 Qui
1451 2326 1512 2346 cum
1530 2320 1562 2344 ad
1581 2319 1726 2345 sublevan-

949 2355 1010 2380 dam
1041 2355 1226 2388 episcoporum
1258 2359 1426 2380 senecttttcm
1458 2354 1576 2380 instituti
1612 2354 1727 2386 primum

950 2387 1075 2420 fuissent,
1096 2397 1124 2415 re
1136 2394 1227 2420 postea
1248 2389 1273 2415 in
1298 2389 1522 2415 consuetudinem
1541 2396 1628 2418 versa,
1657 2387 1727 2414 nulla

949 2424 1114 2450 necessitate
1128 2424 1153 2450 id
1171 2424 1306 2458 exigente,
1324 2431 1372 2457 per
1385 2424 1496 2456 gratiam
1515 2429 1541 2449 et
1555 2423 1727 2449 ambitionem

949 2458 1035 2485 creari
1049 2465 1167 2491 cmpere.
1182 2459 1224 2485 cui
1243 2458 1323 2488 malo.
1335 2465 1367 2484 ne
1380 2457 1484 2492 longius
1500 2462 1631 2491 serperet,
1643 2465 1731 2484 reme-

950 2493 1021 2519 dium
1038 2493 1153 2520 attulere
1167 2493 1258 2519 Patres
1274 2492 1380 2519 concilii
1397 2491 1576 2519 Sa’rdicensis.

984 2527 1038 2563 (7'2)
1059 2526 1225 2554 Λαοδικέων
1238 2528 1327 2553 πόλιν
1341 2526 1463 2561 παριών.
1480 2527 1550 2553 Idem
1566 2527 1599 2563 de
1614 2527 1730 2563 Eusebio

949 2561 1131 2589 Alexandrino
1155 2562 1248 2589 retulit
1273 2562 1405 2589 Eusebius
1433 2562 1459 2588 in
1488 2561 1620 2596 principio
1650 2562 1731 2595 hujus

950 2597 1063 2631 capitis:
1081 2597 1155 2624 illum
1175 2596 1288 2629 scilicet,
1302 2604 1361 2623 cum
1382 2597 1414 2623 ad
1434 2596 1565 2631 synodum
1582 2596 1730 2623 Antioche-

950 2640 1011 2659 nam
1035 2639 1101 2666 ηυδε
1126 2632 1259 2659 adversus
1294 2631 1405 2658 Paulum
1435 2635 1599 2666 congregata
1625 2631 1728 2666 fuerat,

949 2665 1086 2701 profectus
1098 2671 1188 2698 esset,
1206 2666 1233 2693 in
1248 2667 1335 2694 reditu
1356 2665 1498 2700 exceptum
1517 2673 1581 2701 esse
1596 2674 1612 2693 a
1628 2665 1728 2701 Laodi-

949 2702 1087 2734 censibus,
1113 2701 1226 2735 ejusque
1254 2701 1304 2728 loci
1331 2701 1486 2735 episcopum
1513 2700 1623 2728 factum.
1653 2700 1729 2728 Nunc

949 2744 1015 2763 vero
1030 2737 1099 2764 idem
1114 2737 1209 2763 scribit
1229 2736 1263 2763 de
1280 2735 1425 2762 Anatolio:
1439 2735 1509 2769 quod
1529 2735 1600 2761 nulla
1625 2736 1729 2762 ratione

950 2771 1056 2798 defendi
1077 2778 1156 2806 posse
1173 2771 1238 2800 mihi
1251 2771 1367 2797 videtur.
1383 2771 1458 2806 Quod
1472 2770 1493 2796 si
1508 2769 1568 2804 quis
1580 2770 1662 2806 dicat,
1672 2770 1728 2806 Eu-

949 2807 1054 2833 sebiqu
1066 2804 1157 2840 paucis
1173 2806 1266 2832 diebus
1287 2809 1348 2840 post
1366 2805 1564 2831 ordinationem
1586 2804 1641 2830 fato
1665 2805 1730 2840 fun-

950 2846 1022 2867 ctum
1042 2839 1143 2874 fuisse,
1156 2841 1234 2874 eique
1259 2840 1413 2867 Anatolium
1434 2840 1578 2867 succedere
1599 2839 1728 2873 potuisse.

951 2876 1139 2903 auctoritatem
1152 2875 1307 2910 Hieronymi
1323 2875 1346 2902 ei
1361 2882 1541 2909 opponcmus,
1566 2875 1610 2908 qui
1626 2881 1728 2903 annon
