2002 3169
134 142 182 170 τιι

602 138 786 173 ιιιδτοιιιλε
802 139 1082 187 ΕΟῼΒΕΞῘΑδΤΙΟΑΕ
1103 143 1173 176 LIB.
1194 143 1270 176 Vill.

1716 149 1746 177 7d
1753 150 1769 177 ξ

132 200 217 227 πᾶσιν
233 199 391 237 ἐπιτρόποις
411 202 458 229 καὶ
478 202 611 238 ήγεμόσιν
624 203 760 240 ἀποδοχῆς
780 205 827 232 καὶ
843 206 927 242 θεραει

978 206 1044 235 ruit.
1058 206 1126 235 lluic
1139 208 1326 243 adjuugendus
1336 213 1379 236 est
1394 209 1587 238 celeberrimus
1606 209 1652 238 ille
1662 207 1769 246 Gorgo-

133 247 214 279 πειας
228 247 274 275 καὶ
287 247 436 281 δεξιώσεως
447 249 477 275 οὐ
491 249 540 285 τῆς
555 249 689 285 τυχούσης
701 248 735 286 ἦν
751 251 819 287 ὀρᾷν
835 252 928 286 ἀξιου-

134 293 233 329 μένους
249 293 316 329 (90).
337 294 399 327 Πῶς
415 294 437 320 δ’
458 294 491 321 ἄν
513 303 556 327 τις
570 295 727 332 διαγράψειε
745 297 794 330 τάς
812 299 927 334 μυριάν-

132 339 213 375 δρους
229 339 337 372 ὲκείνας
356 340 565 375 ὲπισυναγωγάς
578 341 634 377 (91)
651 343 699 369 καὶ
713 343 748 370 τά
768 343 858 380 πλήθη
871 344 927 372 τῶν

133 387 205 415 κατὰ
217 388 307 415 πᾶσαν
318 387 393 415 πόλιν
403 387 605 423 ἀθροισμάτων,
618 390 667 422 τάς
683 399 714 417 τε
730 391 883 428 ἐπισήμους
897 393 926 420 ὲν

132 434 190 466 τοῖς
204 434 428 470 προσευκτηρίοις
442 434 593 470 συνδρομὼς
608 443 615 468 ;
631 432 669 463 ὧν
684 436 717 472 δὴ
739 437 820 464 ἕνεκα
841 438 926 474 μηδα-

134 480 194 516 μῶς
205 480 246 507 ἔτι
259 481 315 512 τοῖς
328 481 453 512 παλαιοῖς
468 481 595 517 οἰκοδομή
601 491 682 517 μασιν
695 483 870 520 ἀρκούμενοι,
881 485 926 511 εὐε-

134 526 210 563 ρείας
224 527 262 558 είς
276 526 376 558 πλάτος
397 526 449 554 ἀνὰ
465 527 553 559 πάσας
567 527 616 558 τὰς
632 529 723 562 πόλεις
740 530 772 557 ἐκ
792 529 925 566 θεμελίων

132 572 250 607 ἀνίστων
273 572 443 607 Ἐκκλησίας.
461 573 552 600 Ταῦτα
560 574 588 600 δὲ
601 576 657 607 τοῖς
671 576 777 611 χρόνοις
783 577 924 612 προϊόντα,

132 619 268 656 ὁσημέραι
284 628 313 646 τε
326 620 366 650 εἰς
379 619 492 654 αὔξησιν
506 620 553 646 καὶ
571 619 685 656 μέγεθος
701 622 864 654 ἐπιδιδόντα,
884 624 926 650 οὑ-

132 665 308 702 δεὶς-ἀνεῖργε
324 665 430 700 φθόνος,
444 666 504 692 οὐδέ
520 675 561 699 τις
578 667 683 703 δαίμων
697 668 814 705 πονηρὸς
827 667 882 702 οἷός
896 678 925 696 τε

132 708 167 746 ἦν
181 710 348 746 βασκαίνειν,
361 711 414 738 οὐδ’
425 710 576 747 ἀνθρώπων
589 712 745 745 ἐπιϐουλαῖς
760 713 884 745 κωλύειν,
895 715 925 746 ἐς

132 757 195 784 ὅσον
209 758 225 792 ή
244 756 302 783 θεία
316 757 363 783 καὶ
376 757 500 793 οὐράνιος
517 757 577 793 χεὶρ
600 757 700 785 ἕσκεπέ
722 767 751 785 τε
767 759 814 786 καὶ
828 759 925 795 ἐφρού-

135 811 186 839 ρει,
199 800 243 830 οἷα
256 803 288 838 δὴ
303 803 377 837 ἄξιον
390 803 454 831 ὄντα
467 803 514 830 τὸν
527 804 626 840 ἑαυτῆς
640 805 703 832 λαόν
715 814 722 820 ·
739 805 776 838 ὡς
791 805 819 832 δὲ
833 807 864 832 ὲκ
876 808 925 842 τῆς

977 251 1050 286 nius,
1066 257 1093 280 et
1106 254 1263 288 quicunque
1288 253 1334 280 alii
1349 254 1384 282 ob
1401 261 1554 283 sermonem
1569 255 1617 283 Dei
1642 256 1768 283 eamdem

976 305 1037 325 cum
1052 297 1112 339 istis
1129 298 1244 334 gloriam
1257 305 1320 328 sunt
1343 301 1493 328 consecuti.
1517 302 1650 330 Similiter
1663 307 1692 330 et
1707 302 1767 330 sin-

976 345 1050 380 gulis
1076 345 1264 373 Ecclesiarum
1290 347 1457 375 antistitibus
1477 355 1610 375 summum
1624 348 1766 380 honorem.

975 391 1078 419 cultum
1094 399 1126 419 ac
1139 391 1358 420 benevolentiam
1372 393 1406 420 ab
1421 394 1548 421 omnibus
1575 398 1629 421 tam
1653 394 1768 428 privatis

956 475 958 478 ,
974 445 1056 473 quam
1067 438 1271 473 provinciarum
1285 439 1439 467 rectoribus
1453 439 1553 467 deferri
1568 440 1693 468 vidisses.
1706 439 1767 468 1am

975 491 1040 511 vero
1056 484 1118 519 quis
1131 484 1357 512 innumerabilem
1379 485 1519 512 hominum
1541 485 1661 520 quotidie
1677 487 1710 513 ad
1735 485 1768 513 (i-

975 530 1036 557 dem
1051 529 1154 557 Christi
1170 530 1386 564 confugientium
1408 530 1526 564 turbam,
1547 531 1608 566 quis
1622 539 1765 559 numerum

975 575 1151 603 ecclesiarum
1167 577 1193 603 in
1207 576 1324 612 singulis
1339 577 1465 609 urbibus,
1479 577 1541 611 quis
1570 577 1690 605 illustres
1719 585 1768 612 po-

975 621 1099 657 pulorum
1113 630 1264 650 concursus
1278 623 1304 650 in
1317 622 1420 651 aedibus
1436 624 1534 656 sacris,
1550 624 1688 651 cumulate
1699 631 1764 658 pos-

975 667 1010 694 sit
1025 666 1274 701 describereiQuo
1290 667 1389 696 factum
1407 673 1449 696 est
1469 673 1509 700 ut,
1525 668 1623 703 priscis
1645 668 1768 697 aediﬁciis

973 712 1028 748 jam
1044 720 1097 740 non
1112 713 1244 746 contenti,
1258 713 1285 740 in
1304 714 1420 749 singulis
1434 715 1546 742 urbibus
1575 715 1710 750 spatiosas
1733 716 1768 744 ab

975 759 1041 794 ipsis
1052 760 1237 788 fundamentis
1253 765 1430 789 exstruerem
1447 762 1589 790 ecclesias.
1605 763 1693 797 Atque
1709 763 1767 791 hac

975 813 1119 841 progressu
1135 807 1266 841 temporis
1280 808 1472 842 increscentia,
1492 813 1519 836 et
1532 810 1652 843 quotidie
1667 810 1692 836 in
1706 817 1768 837 ma-

132 849 180 876 ἐπὶ
198 848 277 876 πλέον
290 849 454 885 ἐλευθερίας,
468 851 515 877 ἐπὶ
527 851 680 886 χαυνότητα
693 851 741 878 καὶ
757 851 874 887 νωθρίαν
890 852 924 879 τὰ

978 850 1017 884 ius
1028 859 1060 879 ac
1073 852 1169 880 melius
1197 853 1377 887 proﬁcientia,
1391 860 1442 881 nec
1463 854 1531 880 livor
1548 854 1618 881 ullus
1636 858 1766 890 atterere,

132 897 195 925 καθ’
207 897 282 932 ἡμᾶς
300 897 505 932 μετηλλάττετο,
519 897 607 924 ἀλλων
621 897 710 930 ἄλλοις
730 898 924 935 διαφθονουμέ-

981 906 1031 926 nec
1045 899 1196 933 malignitas
1207 898 1337 925 daemonis
1350 897 1494 930 fascinare,
1510 907 1559 926 nec
1572 899 1711 926 hominum
1725 901 1766 928 in-

132 951 187 970 νων
208 942 256 969 καὶ
272 942 542 978 διαλοιδορουμένων,
559 944 605 970 καὶ
628 943 769 979 μονονουχὶ
783 943 861 980 ἡμῶν
876 945 925 972 αὗ-

132 988 186 1015 τῶν
198 988 302 1020 ἑαυτοῖς
312 988 575 1024 προσπολεμούντων
589 988 692 1021 ὅπλοις,
709 990 734 1016 εί
751 989 822 1016 οὓτω
836 990 923 1025 τύχοι,

132 1034 180 1062 καὶ
190 1033 283 1070 δόρασι
297 1035 353 1066 τοῖς
363 1034 407 1061 διὰ
418 1034 662 1070 λόγων,ἀρχόντων
675 1043 706 1061 τε
719 1035 832 1071 ἄρχουσι
842 1044 925 1072 προσ-

135 1080 302 1116 ρηγνύντων,
317 1081 364 1109 καὶ
378 1080 449 1107 λαῶν
476 1081 522 1108 ἐπὶ
543 1080 624 1113 λαοὺς
641 1081 923 1115 καταστασιαζόντων,

132 1125 184 1161 τῆς
209 1134 239 1152 τε
258 1126 428 1162 ὑποκρίσεως
454 1125 558 1161 ἀφάτου
581 1127 629 1153 καὶ
651 1127 700 1162 τῆς
716 1127 859 1162 εἰρωνείας
878 1127 925 1154 ἐπὶ

132 1171 257 1199 πλεῖστον
271 1172 332 1199 ὅσον
349 1173 448 1204 κακίας
464 1172 624 1209 προϊούσης,
638 1173 654 1208 ή
675 1172 724 1208 μὲν
744 1172 776 1208 δὴ
790 1172 850 1200 θεία
865 1174 926 1209 κρί-

134 1226 177 1250 σις
192 1216 236 1245 οἷα
255 1218 332 1253 φίλον
351 1219 419 1254 αὐτῇ
436 1219 644 1254 πεφεισμένως,
662 1218 717 1245 τῶν
733 1219 926 1255 ἀθροισμάτων

133 1264 175 1292 ἔτι
196 1265 437 1301 συγκροτουμένων
457 1265 548 1302 ἠρέμα
570 1265 618 1292 καὶ
641 1265 760 1301 μετρίως
778 1265 828 1302 τὴν
842 1266 926 1302 αὐτῆς

134 1311 286 1346 ἐπισκοπὴν
300 1311 433 1343 ἀνεκίνει,
449 1312 481 1338 ὲκ
502 1311 556 1338 τῶν
576 1311 606 1338 ἐν
628 1311 785 1347 στρατείαις
804 1311 926 1347 ἀδελφῶν

134 1356 338 1392 καταρχομένου
362 1356 409 1383 τοῦ
435 1356 566 1393 διωγμοῦ.
599 1356 642 1389 Ὦς
672 1357 694 1384 δ’
718 1357 926 1393 ἀνεπαισθήτως

134 1401 242 1437 ἔχοντες
253 1422 261 1434 ,
274 1402 324 1437 οὐχ
337 1401 411 1434 ὅπως
419 1402 535 1437 εὐμενὲς
549 1403 597 1430 καὶ
611 1402 688 1429 ἵλεων
701 1402 923 1438 καταστήσεσθαι

134 1448 165 1475 τὸ
178 1448 254 1475 Θείον
276 1447 506 1484 προὺθυμούμεθα
516 1469 524 1481 ,
539 1445 583 1475 οἷα
604 1448 632 1475 δέ
652 1457 725 1480 τινες
738 1448 812 1475 ἄθεοι
826 1448 927 1485 ἀφρόν-

134 1502 214 1521 τιστα
227 1493 274 1520 καὶ
286 1494 456 1522 ἀνεπίσκοπα
467 1494 501 1522 τὰ
514 1494 575 1522 καθ’
590 1495 664 1530 ἡμᾶς
676 1494 832 1530 ἡγούμενοι,
844 1494 927 1526 ἄλλας

132 1541 179 1583 ἐπ’
195 1539 290 1572 ἄλλαις
312 1539 507 1576 προσετίθεμεν
532 1541 651 1572 κακίας·
674 1541 700 1568 οἵ
727 1549 757 1568 τε
785 1541 926 1574 δοκοῦντες

135 1585 215 1622 ἡμῶν
233 1586 361 1622 ποιμένες
374 1586 420 1613 τὸν
434 1586 483 1622 τῆς
502 1586 656 1619 θεοσεϐείας
676 1586 775 1622 θεσμὸν
795 1586 926 1623 παρωσά-

136 1642 224 1668 μενοι,
242 1635 302 1666 ταϊς
322 1633 390 1669 πρὸς
403 1633 534 1669 ἀλλήλους
546 1634 725 1669 ἀνεφλέγοντο
739 1633 925 1668 φιλονεικίαις,

133 1679 205 1706 αὐτὰ
220 1679 252 1715 δὴ
267 1679 353 1706 ταῦτα
371 1680 448 1715 μόνα,
459 1679 509 1712 τὰς
520 1679 610 1716 ἐριδας
621 1680 667 1706 καὶ
677 1674 727 1711 τὰς
742 1679 866 1711 ἀπειλὰς,
881 1680 926 1706 τόν

134 1733 165 1752 τε
182 1724 264 1760 ζῆλον
283 1725 330 1752 καὶ
346 1725 376 1752 τὸ
397 1724 464 1761 πρὸς
487 1725 619 1760 ἀλλήλους
635 1725 713 1761 ἔχθος
732 1733 761 1752 τε
778 1725 826 1752 καὶ
848 1726 926 1761 μῖσος

136 1770 315 1804 ὲπαύξοντες,
329 1769 374 1799 οἷά
386 1780 416 1798 τε
433 1772 594 1808 τυραννίδας
612 1772 662 1804 τὰς
676 1771 822 1807 φιλαρχίας
846 1771 928 1798 ἐκθύ-

138 1827 197 1854 μως
210 1817 406 1850 διεκδικοῠντες
423 1817 478 1854 (92)
490 1826 497 1834 ·
511 1817 571 1845 τότε
584 1817 615 1854 δὴ
630 1817 690 1844 τότε
707 1818 779 1844 κατὰ
798 1817 847 1853 τὴν
861 1818 930 1853 φάσ-

136 1872 239 1891 κουσαν
252 1863 300 1890 τοῦ
317 1863 449 1899 Ἰερεμίου
467 1863 568 1899 φωνήν,
583 1872 593 1889 ‹
623 1863 793 1898 Ἐγνόφωσεν
813 1864 841 1890 ὲν
861 1863 928 1899 ὀργῇ

137 1908 221 1936 αὐτοῦ
233 1909 335 1945 Κύριος
345 1909 394 1945 τὴν
409 1908 548 1945 θυγατέρα
561 1907 629 1935 Σιὼν
639 1928 646 1941 ,
662 1909 710 1935 καὶ
721 1908 885 1945 κατέρριψεν
899 1908 930 1940 ἐξ

128 1955 253 1992 ὀὐρανοῦ
269 1956 310 1988 εἰς
324 1956 376 1991 γῆν
395 1955 515 1991 δόξασμα
538 1955 662 1991 Ἰσραὴλ,
686 1954 736 1981 οὐκ
760 1954 882 1990 ἐμνήσθη
898 1962 928 1980 τε

137 2001 285 2029 ὑποποδίου
299 2001 387 2028 ποδῶν
398 2001 480 2028 αὐτοῦ
499 2001 528 2028 ὲν
542 2000 634 2037 ἡμέρᾳ
647 2001 731 2036 ὀργῆς
747 1999 844 2027 αὐτοῦ·
861 2000 929 2027 ἀλλά

138 2048 186 2075 καὶ
197 2048 374 2075 κατεπόντισε
384 2047 485 2084 Κύριος
498 2047 584 2074 πάντα
596 2046 630 2073 τὰ
642 2046 730 2082 ὡραῖα
750 2045 868 2081 Ἰσραὴλ,
882 2046 929 2072 καὶ

137 2093 249 2121 καθεῖλε
265 2094 368 2126 πάντας
382 2094 444 2126 τοὺς
460 2093 602 2130 φραγμοὺς
615 2092 708 2119 αὑτοῦ.
725 2101 734 2118 ι
752 2091 832 2118 Κατά
845 2099 875 2118 τε
896 2091 930 2118 τὰ

138 2142 169 2167 ἐν
183 2139 309 2175 Ψαλμοῖς
324 2139 572 2176 προθεσπισθέντα,
590 2148 599 2165 ι
616 2137 801 2174 Κατέστρεψε·
810 2137 858 2172 τὴν
871 2138 930 2164 δια-

139 2185 227 2222 θήκην
239 2185 286 2212 τοῦ
299 2185 392 2212 δούλου
409 2184 501 2218 αὐτοῦ,
516 2185 563 2211 κα)¹
579 2183 749 2220 ὲὸεὖήλωσεν
763 2184 802 2215 εἰς
817 2183 870 2218 γῆν
885 2182 930 2210 διὰ

175 2242 200 2259 ⁵⁸
217 2243 317 2272 'l'hren.
331 2251 362 2276 ιι,
379 2243 404 2271 l.

981 943 1057 971 sidize
1064 943 1206 978 prohibere
1217 950 1336 978 unquam
1348 947 1501 977 potuerunt,
1512 944 1629 978 quandi"
1642 945 1765 980 omnipo-

979 989 1060 1016 tentis
1069 988 1113 1015 Dei
1124 988 1233 1015 dextera
1244 988 1371 1022 populum
1383 996 1474 1021 suum,
1487 993 1580 1024 utpote
1596 990 1641 1017 tali
1652 991 1763 1026 dignum

982 1034 1118 1069 praesidio,
1131 1035 1198 1061 texit
1209 1039 1288 1066 atque
1300 1034 1437 1061 custodiit.
1451 1033 1503 1062 Sed
1515 1043 1576 1062 cum
1590 1043 1623 1063 ex
1634 1037 1718 1064 nimia
1732 1038 1764 1065 li-

982 1079 1088 1106 bertate
1108 1079 1135 1106 in
1150 1079 1341 1114 negligentiam
1360 1086 1391 1107 ac
1405 1080 1537 1107 desidiam
1556 1081 1675 1117 prolapsi
1688 1091 1764 1111 esse-

979 1132 1052 1158 mus,
1068 1132 1130 1152 cum
1146 1125 1214 1152 alter
1231 1125 1308 1152 alteri
1322 1125 1442 1153 invidere
1454 1130 1535 1161 atque
1548 1127 1698 1156 obtrectare
1713 1137 1756 1156 cm

975 1174 1080 1210 pisset»;
1097 1182 1158 1202 cum
1174 1175 1246 1203 inter
1259 1182 1309 1203 nos
1322 1174 1399 1210 quasi
1415 1174 1487 1202 bella
1514 1174 1644 1202 intestina
1661 1180 1770 1214 gerere-

976 1228 1045 1252 mus,
1058 1221 1148 1249 verbis
1160 1225 1288 1256 tanquam
1301 1220 1385 1247 armis
1395 1219 1557 1254 quibusdam
1567 1219 1707 1254 hastisque
1719 1227 1769 1247 nos

976 1270 1069 1293 mutuo
1080 1266 1253 1294 vulnerantes
1266 1274 1274 1299 ;
1287 1273 1349 1294 cum
1361 1265 1502 1293 antistites
1519 1265 1650 1293 adversus
1658 1265 1769 1293 antisti-

978 1315 1029 1344 tes,
1043 1311 1133 1345 populi
1145 1312 1173 1338 in
1189 1311 1304 1346 populos
1314 1310 1416 1344 collisi,
1428 1311 1517 1346 iurgia
1528 1317 1559 1338 ac
1570 1310 1701 1338 tumultus
1710 1310 1770 1345 agi-

977 1361 1076 1391 tarent,
1090 1357 1209 1392 denique
1223 1365 1284 1384 cum
1298 1356 1373 1385 fraus
1388 1362 1416 1384 et
1427 1357 1565 1384 simulatio
1582 1357 1616 1384 ad
1633 1363 1769 1384 sttmmum

976 1403 1086 1431 malitia:
1108 1403 1216 1432 culmen
1232 1403 1408 1435 adolevisset,
1432 1407 1489 1430 tum
1517 1396 1609 1430 divina
1631 1401 1700 1429 ultio
1717 1401 1769 1429 levi

976 1449 1101 1482 brachio,
1118 1453 1148 1476 ut
1164 1449 1245 1482 solet,
1261 1449 1369 1484 integro
1384 1449 1473 1476 adhuc
1488 1447 1618 1476 Ecclesiae
1645 1451 1719 1475 statu
1742 1450 1772 1474 et

979 1495 1096 1523 ﬁdelium
1120 1496 1209 1523 turbls
1235 1495 1322 1522 libere
1348 1495 1584 1528 convenientibus,
1611 1494 1712 1522 sensim
1738 1501 1772 1521 ac

978 1541 1117 1569 moderate
1132 1541 1159 1568 in
1185 1548 1236 1568 nos
1251 1541 1334 1576 erepit
1364 1541 1602 1574 animadvertere;
1627 1547 1690 1567 orsa
1714 1539 1772 1574 pri-

980 1595 1053 1614 mum
1066 1587 1258 1622 persecutione
1284 1586 1318 1613 ab
1332 1585 1366 1613 iis
1379 1586 1427 1621 qui
1443 1585 1609 1613 militabant.
1624 1585 1692 1613 Cum
1707 1591 1772 1612 vero

980 1641 1060 1661 sensu
1077 1633 1151 1661 omni
1181 1633 1316 1666 destituti,
1335 1633 1370 1660 de
1388 1632 1522 1668 placando
1537 1631 1585 1659 Dei
1603 1631 1714 1658 numine
1738 1638 1773 1658 ne

980 1680 1162 1716 cogitaremus
1176 1680 1301 1715 quidem;
1320 1680 1386 1715 quin
1403 1679 1493 1714 potius
1517 1679 1605 1706 instar
1626 1678 1772 1713 impiorum

979 1728 1159 1762 quorumdam
1174 1734 1219 1754 res
1231 1727 1365 1754 humanas
1379 1726 1453 1754 nulla
1467 1725 1652 1753 sollicitudine
1665 1732 1697 1752 ac
1712 1732 1772 1759 pro-

979 1772 1099 1800 videntia
1118 1772 1264 1808 gubernari
1279 1773 1348 1804 rati,
1368 1773 1423 1799 alia
1440 1771 1561 1807 quotidie
1581 1771 1695 1799 crimina
1712 1770 1774 1798 aliis

980 1817 1158 1852 adjiceremus
1173 1827 1179 1845 :
1194 1825 1256 1846 cum
1269 1822 1394 1853 pastores
1416 1817 1513 1849 nostri,
1525 1821 1619 1852 spreta
1633 1816 1774 1852 religionis

981 1863 1084 1899 regula,
1098 1865 1199 1892 mutuis
1215 1864 1296 1900 293
1315 1865 1386 1891 inter
1399 1871 1429 1891 se
1446 1862 1665 1890 contentionibus
1677 1862 1774 1889 decer-

982 1911 1082 1942 tarent,
1095 1908 1163 1936 nihil
1179 1908 1252 1936 aliud
1269 1916 1351 1944 quam
1372 1907 1475 1943 iurgia,
1499 1907 1598 1940 minas,
1621 1906 1775 1934 aemulatio-

982 1961 1055 1987 nem,
1070 1954 1133 1982 odia
1152 1962 1184 1983 ac
1200 1959 1309 1982 mutuas
1338 1953 1498 1981 inimicitias
1521 1952 1690 1987 ampliﬁcare
1713 1956 1774 1979 stu-

982 2000 1087 2034 dentes,
1108 2001 1291 2035 principatum
1319 1999 1397 2034 quasi
1423 1998 1598 2035 tyrannidem
1628 1998 1773 2034 quamdam

981 2046 1187 2074 contentissime
1201 2046 1253 2073 sibi
1271 2045 1445 2072 vindicantes
1460 2052 1468 2071 :
1484 2048 1548 2071 tunc
1574 2043 1682 2071 demum
1696 2042 1775 2076 juxta

980 2090 1080 2118 dictum
1090 2090 1245 2119 Ieremim"
1259 2100 1267 2118 :
1289 2100 1298 2117 ι
1314 2089 1475 2118 Obscuravit
1489 2088 1618 2116 Dominus
1633 2088 1660 2115 in
1675 2089 1715 2115 ira
1726 2095 1774 2116 sua

981 2137 1063 2165 tiliam
1079 2137 1154 2171 Sion,
1169 2142 1197 2166 et
1213 2137 1312 2172 deiecit
1329 2137 1362 2165 de
1382 2136 1453 2164 cmlo
1472 2135 1587 2171 gloriam
1602 2134 1685 2163 Israel
1702 2144 1709 2162 :
1725 2141 1775 2162 nec

982 2183 1140 2212 recordatus
1163 2189 1206 2212 est
1222 2183 1336 2212 scabelli
1358 2183 1457 2218 pedum
1475 2189 1587 2210 suorum
1607 2181 1634 2208 in
1656 2181 1701 2208 die
1726 2179 1776 2207 ira:

178 2301 235 2337 (90)
247 2304 324 2340 Vulg.
343 2303 508 2338 ἀνθρώποις
514 2303 564 2340 καὶ
574 2302 711 2340 ἡγεμόσι.
722 2301 752 2329 1η
758 2301 836 2340 codd.
844 2301 927 2340 liled..

983 2299 1207 2340 [um‘episcoponz’
1215 2296 1411 2340 ἐπιμαρτμρῷν
1427 2296 1465 2340 ὡς
1475 2296 1520 2323 διὰ
1531 2295 1581 2337 τῆς
1593 2295 1676 2340 αξτοῦ
1685 2303 1777 2338 ,σπου-

140 2341 223 2372 Fuk.,
238 2337 420 2368 Savfetiulai
438 2339 567 2373 scribitur
579 2338 654 2373 παρά
667 2338 750 2364 πᾶσιν
765 2337 929 2373 ἐπιτρόποις

140 2376 190 2403 καὶ
204 2371 334 2411 ⁴ἡγεμόσιν
359 2374 496 2411 ἀποδοχῆς
510 2371 544 2409 ἦν
555 2371 628 2411 δρᾷῆ
641 2371 836 2411 ἀξιουμένους,
857 2379 932 2411 rese—

141 2412 198 2439 ctis
216 2407 266 2438 sei
287 2410 390 2438 vocalis
409 2407 646 2444 quie‘in'vul'gatis
664 2407 829 2437 editionibus
851 2415 879 2435 et
901 2407 929 2435 in

140 2446 238 2474 codice
252 2445 337 2479 Regio
353 2446 489 2480 leguntur.

178 2480 235 2517 (9i)
272 2478 533 2517 ’Emavi'arwrdc._
557 2478 694 2517 Mu_sculus
731 2478 814 2506 vertit
838 2485 931 2505 nume-

142 2515 454 2551 roias’aggregationes;
471 2515 743 2549 Christophorsonus,
772 2517 927 2540 conventus.

145 2551 239 2580 Utitur
254 2551 306 2578 hac
321 2557 389 2577 voce
409 2549 505 2576 Paulus
525 2550 552 2576 in
573 2549 692 2584 Epistula
711 2549 734 2576 Il
766 2549 798 2584 ad
813 2548 930 2584 Thessa-

143 2587 373 2620 lonicenses,cap.
385 2593 404 2612 ll
417 2584 591 2621 εἘρωτῷμεν
601 2585 725 2621 δὲγὺμᾷς,
733 2583 853 2621 ἀδελφοὶ,
860 2583 931 2621 ὑπὲρ

142 2621 195 2663 τῆς
212 2617 369 2663 ,παροισιάς
458 2617 565 2663 sese.
581 2617 668 2663 ὴμσςν·
688 2619 776 2663 ςιτιφῆ
792 2617 929 2663 3953????

143 2653 193 2684 κάὶ
207 2653 285 2694 ήμῶν
299 2653 510 2694 ἐπισυναγωγῆς
523 2656 565 2681 ἐπ’
580 2653 670 2694 αὑτόν.
687 2653 775 2694 Μἐῇ
791 2662 797 2680 :
817 2663 831 2694 ι¹
844 2653 931 2694 [loga-

146 2701 206 2719 mus
217 2689 312 2720 autem
329 2699 389 2723 vos,
405 2689 512 2721 fratres,
531 2698 578 2725 per
591 2691 736 2725 adventum
756 2689 863 2716 Domini
879 2695 929 2715 no-

144 2728 199 2764 stri
211 2727 276 2755 Jesu
290 2726 404 2764 Christi,
417 2730 514 2764 et_per
526 2724 646 2764 nostram
665 2724 802 2764 ad__ipsum
816 2730 929 2764 Congre-

145 2763 294 2798 gationem.
307 2771 317 2788 ι
332 2761 519 2798 Ἐπισυνάγειν
530 2762 638 2798 proprie
645 2764 688 2788 est
695 2760 833 2798 dispersos
846 2760 929 2798 variis

146 2793 181 2825 Ex
202 2798 269 2825 locis
288 2798 315 2824 in
335 2805 419 2824 unum
442 2793 589 2830 colligere:
600 2795 660 2829 Quo
678 2793 760 2823 sensu
784 2793 930 2829 Dionysius

145 2833 353 2861 Corinthiorum
368 2829 516 2866 episcopus
526 2831 552 2866 in
572 2830 690 2866 Epistola
702 2829 736 2857 ad
748 2830 929 2866 Athenienses

146 2876 208 2897 eam
221 2875 316 2896 vocem
337 2865 459 2902 usurpat,
479 2867 512 2894 de
525 2865 663 2899 Quadrato
678 2865 792 2900 loquens
808 2865 929 2892 Atheua-

981 2335 1029 2368 δῆς
1043 2330 1289 2368 ἐπισυναχθέντων,
1302 2330 1350 2360 καὶ
1358 2330 1414 2368 ’τῆς
1428 2332 1547 2368 πίστεως
1562 2330 1776 2368 ἀναζωπύρησιν

982 2344 996 2362 ο
1015 2344 1029 2367 ς
1043 2344 1289 2368 επισυναχυεντων,
1302 2344 1350 2360 και
1364 2344 1414 2368 της
1428 2344 1547 2363 πιστῑως
1562 2344 1775 2366 αναςω-ῑιυμηυιν

982 2344 1141 2405 είληχότων.
1161 2373 1227 2405 Qua:
1240 2368 1331 2405 verba
1351 2369 1442 2405 refert
1463 2367 1599 2405 Eusebius
1621 2367 1646 2405 in
1666 2366 1722 2405 lib._
1736 2373 1775 2398 tv,

984 2400 1061 2440 cap'."
1074 2405 1120 2432 25.
1141 2400 1213 2431 Mille
1238 2403 1322 2438 igitur
1345 2401 1701 2440 Christophorsonus_lioc_
1714 2400 1776 2440 loco

987 2450 997 2466 ‹
1013 2435 1165 2469 conventus
1180 2448 1190 2465 ι
1205 2435 1412 2472 ἱιιιιῖιῬῑειιιιιιι.
1427 2435 1524 2465 διιὺιιίι
1534 2437 1606 2464 enim
1624 2435 1755 2466 Eusebius
1767 2456 1775 2463 .

984 2476 1032 2502 καὶ
1042 2475 1077 2502 τὰ
1090 2474 1179 2510 πλήθη
1193 2473 1247 2510 τῶν
1261 2471 1463 2510 ἀθροισμάτων,
1475 2472 1569 2510 τάςλτε
1581 2471 1735 2510 ἐπισήμους
1747 2471 1776 2498 ὲν

982 2513 1040 2543 τοῖς
1056 2507 1284 2545 προσέυκτηρίοις
1298 2507 1483 2545 mapalia“
1492 2507 1590 2545 quibus
1603 2508 1777 2545 verbtsﬁcou-

983 2540 1085 2573 vetitus'
1099 2540 1302 2572 ecclesiasticos
1325 2540 1405 2570 haud'
1419 2540 1508 2569 dubie
1527 2542 1662 2576 designat.
1686 2540 1777 2574 Quare

982 2588 1035 2609 vox
1059 2579 1280 2613 ὲπισυναγωγάς,
1309 2579 1381 2605 aliud
1410 2577 1547 2610 signiﬁcet.
1568 2584 1681 2613 necesse
1699 2581 1742 2603 est
1768 2584 1775 2613 :_

982 2611 1206 2651 congregationes
1225 2611 1343 2651 scilicet,
1357 2613 1480 2651 ut_>dix_i,_
1506 2619 1600 2651 eorum
1621 2612 1668 2651 qui
1691 2611 1777 2651 se_a_c|

982 2645 1186 2679 ChristiVﬁdcm
1199 2649 1364 2684 adjungunt.
1382 2648 1429 2675 Sic
1442 2647 1599 2684 Dionysius
1613 2645 1779 2684 Alexandri-

981 2694 1033 2714 nus
1061 2687 1087 2713 in
1120 2686 1190 2712 libro
1217 2680 1241 2711 ti
1264 2680 1302 2711 οξ
1323 2680 1542 2717 ριόνηίεεῐοηὶὺιὶι
1566 2682 1697 2709 adversus
1728 2680 1779 2717 N_e_-

983 2727 1089 2755 potcm.
1114 2720 1190 2754 cujus
1209 2719 1293 2747 Verba
1317 2715 1402 2746 refert
1435 2717 1569 2745 Eusebius
1587 2717 1615 2743 in
1635 2717 1722 2752 capite
1740 2715 1779 2744 25

983 2757 1029 2785 lib.
1042 2764 1091 2783 νιι.

1032 2791 1102 2828 (92)?
1124 2790 1284 2828 γἘκθύμως
1310 2786 1544 2828 διειιδιαιοῷντεςξ
1580 2787 1643 2814 dum
1672 2785 1779 2828 scilicet

984 2823 1104 2862 episcopi
1124 2827 1196 2854 inter
1214 2823 1244 2853 se
1264 2829 1371 2862 certant
1392 2825 1425 2851 de
1447 2823 1560 2850 honoris
1583 2827 1782 2858 praerogativa,

985 2861 1033 2891 aut
1047 2863 1081 2890 de
1093 2862 1194 2890 ﬁnibus
1205 2861 1389 2897 paradarum
1401 2866 1526 2887 suarum.
