2002 3169
173 172 227 202 725

648 176 840 205 ‘HISTORIE
859 176 1137 206 ECCLESIASTlC/E
1157 178 1223 208 LIB.
1243 178 1299 206 Vll.

1742 178 1794 206 726

174 231 323 268 μαχοῦντος
339 232 447 268 στρατῷ
461 233 529 269 (56),
542 234 629 271 ταύτῃ
643 243 674 262 τε
691 236 870 272 τυγχάνοντος
888 238 955 264 ἀπο-

1008 239 1121 274 provide
1135 239 1310 274 excogitavit.
1324 239 1416 266 Altera
1432 245 1495 269 pars
1511 237 1631 265 civitatis
1643 244 1704 265 cum
1718 243 1794 264 exeo.

171 279 325 316 λιορκήτου.
351 279 396 307 τὸν
413 280 542 308 Εὑσέόιον
557 281 613 316 (ἔτι
634 283 688 319 γὰρ
702 280 772 311 εἶναι
791 285 851 312 τότε
865 284 957 311 αὐτόθι

172 325 225 361 πρὸ
240 325 290 361 τῆς
304 326 350 354 ἐπὶ
365 327 466 363 Συρίαν
480 329 713 366 μεταναστάσεως)
725 331 754 358 ὲν
765 333 821 363 τοῖς
832 331 958 368 ἀπολιορι

171 370 265 406 κήτοις
276 371 351 404 ὄντα,
369 372 440 407 μέγα
460 381 489 400 τε
505 373 583 406 κλέος
604 374 649 401 καὶ
660 374 799 411 διαϐόητον
814 376 899 412 ὄνομα
913 376 960 411 μέ-

171 425 218 453 χρι
229 417 276 444 καὶ
288 417 335 444 τοῦ
352 417 494 454 Ῥωμαίων
505 421 690 456 στρατηλάτου
703 423 880 459 κεκτημένον,
894 424 958 461 περὶ

171 462 226 490 τῶν
241 462 312 498 λιμῷ
324 462 553 500 διαφθειρομένων
566 466 636 492 κατὰ
649 467 698 502 τὴν
711 467 868 503 πολιορκίαν
887 469 958 504 πέμ-

171 508 225 544 ψας
239 509 254 535 ὀ
273 509 424 542 Ἀνατόλιος
439 511 602 539 ἐκδιδάσκει.
624 513 653 539 ’0
665 513 693 540 δὲ
710 513 804 549 μαθὼν
821 516 957 551 σωτηρίαν

171 555 226 587 τοῖς
236 555 291 582 ἀπὸ
307 555 361 583 τῶν
378 555 514 592 πολεμίων
525 557 684 594 αὐτομόλοις
699 561 860 596 παρασχεῖν,
877 560 915 593 ὼς
929 562 957 588 ὲν

172 601 287 638 μεγίστῃ
304 601 395 638 χάριτι
406 602 510 639 δωρεᾶς
526 604 571 631 τὸν
591 604 735 641 Ῥωμαίων
751 607 903 642 στρατηγὸν
915 608 958 634 al-

170 648 266 674 τεῖται.
294 647 350 674 Καὶ
374 649 424 683 τῆς
444 647 582 682 ἀξιιῦσειῦς
602 659 634 685 γε
661 650 760 686 τυχὼν,
782 652 901 687 ἐμφανὲς
919 651 958 689 τῷ

175 692 321 729 Ἀνατολίῳ
337 693 506 729 καθίστησιν.
530 695 559 722 '0
576 695 603 723 δὲ
619 696 717 723 αὐτίκα
728 697 778 733 τὴν
794 698 957 733 ἐπαγγελίαν

170 737 325 773 δεξάμενος,
340 738 437 775 βουλὴν
453 739 508 767 τῶν
527 740 722 777 Ἀλεξανδρέων
739 743 909 778 συναγαγὼν,
923 744 958 771 τὰ

170 783 221 820 μὲν
238 785 333 821 πρῶτα
346 785 450 818 πάντας
470 786 547 821 ἠξίου
565 787 674 824 φιλικὴν
695 787 786 816 δοῦναι
813 790 958 825 Ῥωμαίοις

169 829 276 863 δεξιὰν,
292 831 329 863 ὡς
344 831 367 858 δ’
391 832 582 868 ἀγριαίνοντας
605 834 650 860 ἐπὶ
673 833 712 869 τῷ
734 834 805 870 λόγῳ
828 835 956 868 συνεῖδεν,

169 874 227 901 ἀλλ’
241 875 271 902 οὺ
292 875 379 912 τούτῳ
394 885 436 910 γε,
454 877 546 913 φησιν,
571 877 719 911 ἀντιλέξειν
740 878 801 905 ποθ’
817 879 889 915 ὑμᾶς
902 879 956 907 οῖο-

169 930 230 957 μαι,
245 922 269 949 εἰ
282 923 345 954 τοὺς
359 923 502 960 περιττοὺς
515 923 562 950 καὶ
578 925 644 960 ἡμῖν
660 924 752 957 αὐτοῖς
766 925 869 961 οὐδαμῆ
892 934 958 961 χρη-

168 966 276 1002 σίμους,
289 964 405 1003 γράΐδας
418 969 466 995 καὶ
482 970 566 1005 νήπια
580 970 629 997 καὶ
651 970 817 1006 πρεσϐύτας,
833 972 957 999 ἐκδοῦναι

168 1012 260 1040 πυλῶν
278 1013 331 1046 ἔξω
350 1013 468 1049 βαδίζειν
487 1015 548 1042 ὅποι
568 1017 616 1043 καὶ
632 1016 766 1052 βούλοιντο
790 1019 957 1054 συμϐουλεύ-

168 1070 258 1098 σαιμι.
278 1063 311 1089 Τί
332 1063 387 1099 γὰρ
407 1064 438 1100 δὴ
453 1064 564 1097 τούτους
583 1066 625 1098 είς
640 1067 728 1103 μάτην
747 1068 809 1094 ὅσον
823 1067 899 1095 οὔπω
913 1076 957 1094 τε-

167 1107 347 1144 θνηξομένους
369 1112 435 1144 παρ’
453 1111 559 1144 ἑαυτοῖς
574 1112 700 1148 ἕχοιμεν;
720 1113 747 1140 τί
765 1114 792 1141 δὲ
807 1114 870 1146 τοὺς
890 1115 957 1142 ἀνα-

167 1155 272 1191 πήρους
286 1155 334 1182 καὶ
349 1156 383 1183 τὰ
398 1157 511 1193 σώματα
528 1157 744 1194 λελωὸημένους,
757 1159 796 1196 τῷ
815 1159 886 1196 λιμῷ
909 1170 957 1187 κα-

168 1201 349 1237 τατρύχομεν,
360 1203 472 1239 τρέφειν
483 1204 542 1232 δέον
555 1205 651 1240 μόνους
663 1206 763 1243 ἄνδρας
778 1207 825 1233 καὶ
837 1207 956 1240 νεανίας,

165 1246 215 1274 καὶ
228 1247 273 1274 τὸν
289 1248 437 1283 ἀναγκαῖον
460 1250 545 1286 πυρὸν
565 1253 621 1283 τοῖς
638 1251 683 1278 ἐπὶ
704 1252 812 1288 φυλακῇ
835 1254 886 1289 τῆς
912 1253 957 1280 πό-

168 1294 235 1325 λεως
264 1294 428 1330 ἐπιτηδείοις
445 1297 623 1332 ταμιεύεσθαι
645 1297 719 1334 (57);
742 1298 879 1332 Τοιούτοις
903 1300 957 1327 τισὶ

167 1342 306 1376 λογισμοῖς
322 1341 420 1374 πείσας
432 1343 462 1369 τὺ
482 1343 629 1380 συνέδριον,
654 1344 742 1380 ψῆφον
763 1346 870 1382 πρῶτος
891 1347 957 1374 ἀνα-

167 1386 235 1418 στὰς
260 1387 382 1423 ἐκφέρει,
402 1389 458 1416 πᾶν
481 1390 512 1416 τὸ
535 1391 568 1426 τῇ
591 1390 719 1426 στρατείᾳ
745 1390 782 1427 μὴ
805 1392 956 1429 ἐπιτήδειον

167 1432 221 1459 εἴτε
240 1433 346 1469 ἀνδρῶν
365 1434 418 1461 εἴτε
434 1435 574 1469 γυκαικῶν
594 1436 682 1470 γένος,
699 1437 826 1464 ἀπολύειν
845 1440 895 1474 τῆς
909 1440 957 1466 πό-

167 1478 244 1510 λεως,
259 1480 299 1506 ὅτι
313 1479 379 1515 μηδὲ
395 1482 594 1516 καταμένουσιν
609 1482 699 1515 αὐτοῖς
712 1483 759 1512 καὶ
773 1484 812 1516 είς
828 1484 858 1511 τὸ
871 1484 957 1520 ἄχρη-

167 1532 229 1551 στον
245 1524 274 1552 ἐν
287 1526 320 1561 τῇ
342 1526 418 1553 πόλει
433 1527 626 1563 διατρίϐουσιν,
640 1529 718 1561 ἐλπὶς
736 1530 768 1557 ἃν
782 1530 887 1565 γένοιτο
905 1539 957 1558 σω-

973 911 994 939 Β

1007 284 1062 312 citu
1071 284 1202 315 .Romano
1221 284 1354 312 societate
1380 284 1521 319 conjuncta
1543 289 1613 318 erat,
1629 292 1661 312 ac
1680 285 1794 321 proinde

1009 331 1120 359 minime
1139 331 1261 359 obsessa.
1276 330 1304 358 ln
1323 329 1374 357 hac
1389 330 1548 358 versabatur
1560 330 1696 358 Eusebius
1709 329 1793 366 (non-

1008 377 1072 404 dum
1086 377 1158 404 enim
1172 377 1205 404 ad
1218 379 1309 412 partes
1326 375 1414 411 Syriae
1427 375 1614 410 migraverat),
1630 375 1708 410 cujus
1722 375 1795 403 cele-

1008 423 1056 451 bre
1068 430 1164 450 nomen
1179 427 1207 450 et
1219 421 1334 457 insignis
1347 421 1431 457 gloria
1445 421 1478 448 ad
1491 428 1571 449 aures
1582 421 1663 448 etiam
1677 419 1792 448 Romani

1008 469 1085 496 ducis
1100 472 1270 505 pervenerat.
1281 467 1358 495 Hunc
1365 466 1508 495 Anatolius
1518 467 1600 495 misso
1610 467 1680 495 clam
1697 466 1793 494 nuntio

1008 514 1151 542 certiorem
1168 513 1234 541 facit
1249 514 1281 541 de
1293 520 1407 541 numero
1420 520 1512 541 eorum
1530 513 1577 547 qui
1593 513 1663 540 fame
1678 512 1704 539 in
1719 511 1792 540 obsi-

1008 561 1088 589 dione
1105 560 1325 597 interirent.Quo
1338 564 1477 595 comperto
1491 559 1625 587 Eusebius
1639 567 1654 586 ιι
1668 559 1795 586 Romano

1010 607 1078 634 duce
1104 607 1213 634 maximi
1241 606 1364 634 beneﬁcii
1390 606 1449 635 loco
1474 605 1629 641 postulavit,
1649 609 1680 633 ut
1699 605 1733 634 iis
1746 603 1794 640 qui

1009 654 1180 688 transfugere
1193 653 1227 680 ab
1243 653 1367 680 hostibus
1379 651 1490 684 vellent,
1503 651 1717 679 incolumitatem
1729 658 1794 678 eon-

1009 699 1128 727 cederet.
1146 698 1173 725 ld
1190 706 1251 725 cum
1266 697 1448 732 impetrasset.
1466 697 1558 725 statim
1583 694 1709 724 Anatolio
1723 696 1793 723 indi-

1008 745 1091 772 cavit.
1104 743 1162 776 llle,
1172 743 1352 780 promissione
1368 743 1446 771 ducis
1460 743 1577 770 libenter
1594 747 1718 777 accepta,
1733 742 1795 769 Ale-

1008 790 1172 818 xandrinum
1190 794 1323 818 convocat
1339 793 1475 817 senatum.
1491 790 1529 816 Ac
1546 789 1664 824 primum
1682 788 1793 824 quidem

1008 836 1123 863 suadere
1134 835 1217 870 erepit
1230 835 1368 867 omnibus,
1380 839 1409 862 ut
1419 841 1480 862 cum
1494 833 1623 861 Romanis
1637 834 1664 860 in
1680 834 1793 868 gratiam

1010 881 1141 909 redirent.
1160 881 1213 909 Sed
1233 889 1294 908 cutn
1310 880 1370 908 illos
1394 880 1548 914 huiusmodi
1574 879 1666 906 verbis
1680 885 1794 911 exaspe-

1009 932 1083 954 ratos
1095 927 1200 954 videret
1213 935 1220 955 :
1233 927 1268 953 At
1282 926 1335 954 hoc
1348 931 1433 960 certe,
1449 925 1545 961 inquit,
1558 931 1728 960 nequaquam
1746 931 1794 951 vos

1008 972 1129 1000 arbitror
1146 972 1345 1008 repudiaturos,
1357 971 1381 999 si
1396 971 1474 999 vobis
1489 978 1599 999 suasere
1624 975 1653 998 ut
1665 977 1796 1004 superva—
1814 995 1817 998 .

1008 1026 1087 1046 cnam
1108 1023 1190 1054 atque
1209 1018 1329 1046 inutilem
1348 1017 1471 1051 turbam,
1488 1025 1557 1045 anus
1577 1017 1681 1045 scilicet
1703 1021 1730 1044 et
1753 1017 1795 1044 in-

1008 1064 1096 1092 fantes
1114 1072 1147 1092 ac
1161 1072 1250 1097 senes,
1263 1069 1340 1092 extra
1354 1068 1448 1099 portas
1459 1064 1535 1091 abire
1550 1071 1603 1098 quo
1615 1062 1707 1091 volent
1722 1062 1795 1090 sina-

1009 1111 1053 1138 tis.
1069 1110 1138 1143 Quid
1148 1110 1222 1138 enim
1236 1110 1302 1138 istos
1310 1110 1476 1145 jamjamque
1488 1109 1635 1136 morituros
1645 1108 1796 1136 retinemus

1008 1156 1167 1184 nobiscum?
1183 1155 1237 1183 Cur
1250 1162 1298 1183 eos
1318 1154 1365 1190 qui
1380 1154 1519 1182 debilitate
1536 1153 1643 1188 penitus
1664 1161 1695 1181 ac
1712 1152 1796 1180 mnti-

1008 1203 1063 1230 lato
1086 1207 1149 1230 sunt
1168 1209 1293 1237 corpore,
1317 1201 1387 1228 fame
1411 1200 1521 1235 insuper
1540 1200 1710 1232 conﬁcimus,
1732 1207 1794 1226 cum

1007 1249 1080 1277 viros
1100 1249 1234 1277 duntaxat
1250 1256 1281 1275 ac
1294 1248 1409 1283 juvenes
1423 1247 1495 1274 alere
1508 1250 1642 1281 oporteat,
1656 1251 1682 1273 et
1699 1254 1794 1273 neces-

1007 1295 1108 1323 sarium
1124 1294 1288 1322 frumentum
1309 1293 1352 1326 iis,
1364 1293 1408 1328 qui
1423 1292 1456 1320 ad
1476 1292 1551 1320 urbis
1566 1293 1718 1320 custodiam
1736 1292 1794 1318 ido-

1007 1341 1051 1368 nei
1065 1339 1322 1377 sunt,dispensarc?
1335 1337 1494 1372 Huiusmodi
1510 1337 1662 1364 rationibus
1673 1345 1734 1364 cum
1751 1344 1794 1363 se-

1007 1391 1100 1415 natum
1113 1387 1140 1413 in
1154 1386 1319 1414 sententiam
1332 1392 1410 1413 suam
1426 1383 1613 1419 pertraxisset,
1623 1383 1680 1418 ipse
1691 1383 1794 1418 pritnns

1007 1439 1156 1467 exsurgens
1178 1435 1283 1465 censet,
1300 1438 1409 1459 omnem
1428 1429 1565 1458 imbellem
1591 1429 1792 1457 multitudinem

1008 1483 1061 1505 tam
1076 1478 1159 1514 286
1169 1478 1254 1505 virilis
1266 1485 1347 1512 quam
1360 1475 1499 1503 tuuliebris
1508 1483 1591 1504 sexus
1600 1483 1632 1504 ex
1642 1477 1707 1503 urbe
1715 1476 1794 1503 emit-

1008 1525 1116 1552 tendam
1129 1531 1206 1558 esse;
1220 1524 1319 1559 quippe
1334 1530 1396 1551 cum
1410 1523 1444 1550 iis
1455 1523 1478 1550 si
1494 1522 1596 1550 diutius
1606 1525 1793 1555 remanerent,

166 1569 274 1606 τηρίας,
291 1570 359 1606 πρὸς
373 1570 421 1599 τοῦ
435 1572 515 1608 λιμοῦ
530 1573 800 1610 διαφθαρησομένοις.
818 1576 910 1612 Ταύτῃ
928 1576 955 1603 δὲ

1008 1574 1036 1599 et
1058 1570 1213 1598 nullatenus
1236 1570 1394 1605 reipublicae
1417 1571 1499 1598 utiles
1522 1573 1706 1601 morarentur,
1720 1568 1795 1596 nulla

166 1615 222 1642 τῶν
234 1615 336 1643 λοιπῶν
353 1616 481 1644 ἁπάντων
501 1620 534 1654 τῇ
553 1618 634 1655 βουλῇ
658 1620 955 1657 συγκατατεθειμένων,

167 1661 267 1698 μικροῦ
291 1661 345 1689 δεῖν
366 1663 430 1695 τοὺς
446 1663 551 1697 πάντας
574 1664 628 1692 τῶν
652 1666 887 1702 πολιορκουμένων
903 1667 957 1695 διε-

167 1706 291 1739 σώσατο,
308 1708 337 1734 ἐν
357 1709 476 1745 πρώτοις
496 1710 545 1745 μὲν
563 1711 626 1743 τοὺς
642 1711 696 1738 ἀπὸ
709 1713 759 1748 τῇς
783 1712 955 1749 Ἐκκλησίας,

166 1751 263 1780 ἔπειτα
279 1753 368 1784 δὲκαὶ
382 1754 436 1782 τῶν
451 1755 538 1783 ἄλλων
556 1755 610 1783 τῶν
627 1757 698 1784 κατὰ
711 1757 761 1794 τὴν
777 1758 853 1786 πόλιν
866 1760 957 1787 πᾶσαν

166 1798 286 1834 ⁴ἡλικίαν,
301 1799 499 1837 διαδιδράσκειν
512 1803 653 1839 προμηθού
658 1813 750 1839 μενος,
762 1805 791 1831 οὺ
809 1805 888 1840 μόνον
902 1806 957 1833 τῶν

167 1845 239 1873 κατὰ
252 1846 302 1882 τὴν
322 1846 411 1883 ψῆφον
426 1848 603 1884 δεδογμένων.
624 1851 662 1886 Τῇ
682 1851 711 1878 δὲ
730 1851 834 1878 τούτων
851 1852 957 1888 προφά-

167 1900 221 1925 σει,
243 1893 290 1920 καὶ
311 1894 422 1930 μυρίους
441 1893 538 1926 ἄλλους
556 1895 706 1931 λεληθότως
720 1897 878 1931 γυναικείαν
897 1906 957 1927 στο-

167 1938 216 1975 λὴν
232 1939 466 1975 ἀμπισχομένους,
489 1940 597 1977 νύκτωρ
617 1950 648 1969 τε
661 1943 695 1978 τῇ
715 1942 820 1970 ἐκείνου
836 1943 956 1980 φροντίδι

166 1983 222 2011 τῶν
245 1984 336 2012 πυλῶν
357 1985 488 2019 ἐξιόντας,
505 1987 554 2014 καὶ
573 1987 619 2013 ἐπὶ
639 1987 689 2023 τὴν
714 1988 856 2024 Ῥωμαίων
873 1997 956 2025 στρα-

165 2028 228 2056 τιὰν
246 2029 399 2065 ὁρμῶντας.
424 2030 510 2058 Ἔνθα
528 2032 592 2064 τοὺς
606 2032 709 2065 πάντας
728 2033 922 2070 ὑποδεχόμενος
942 2036 957 2062 6

166 2075 306 2109 Εὐσέϐιος,
324 2076 427 2112 πατρὸς
451 2078 499 2104 καὶ
521 2078 614 2114 ιατροῦ
633 2079 721 2115 δίκην,
746 2081 956 2116 κεκακωμένους

165 2122 198 2148 ἔκ
212 2123 262 2158 τῆς
279 2123 387 2158 μακρᾶς
403 2123 560 2159 πολιορκίας
579 2124 645 2159 (58),
659 2125 703 2152 διὰ
722 2125 814 2162 πάσης
829 2127 956 2162 προνοίας

165 2167 214 2196 καὶ
232 2167 381 2204 Θεραπείας
405 2169 548 2197 ἀνεκτᾶτο.
573 2171 707 2198 Τοιούτων
731 2171 748 2207 ή
770 2172 840 2199 κατὰ
859 2173 955 2200 Λαοδί-

165 2222 243 2242 κειαν
270 2214 418 2251 Ἐκκλησία
440 2216 486 2242 δύο
509 2216 608 2252 ἐφεξῆς
623 2217 695 2244 κατὰ
712 2217 836 2254 διαδοχὴν
850 2217 952 2256 ἠξιώθη

165 2260 313 2295 ποιμένων,
330 2261 379 2288 σὺν
396 2260 457 2297 Οείᾳ
469 2261 625 2297 προμηθείᾳ
647 2261 714 2297 μετὰ
734 2263 780 2290 τὸν
801 2263 954 2299 δηλωθέντα

164 2305 283 2341 ⁴πόλεμον
302 2307 335 2334 ὲκ
356 2308 406 2343 τῆς
430 2306 626 2343 Ἀλεξανδρέων
649 2307 752 2340 πόλεως
774 2309 819 2335 ἐπὶ
840 2309 873 2336 τὰ
891 2310 953 2346 τῇδε

166 2351 396 2387 μετεληλυῡότων.
412 2353 450 2380 Οὐ
472 2353 521 2389 μὲν
537 2351 582 2381 οὖν
597 2354 765 2390 ἐσπουδάσθη
788 2354 902 2383 πλεῖστα
915 2355 953 2392 τῷ

170 2397 315 2433 ’Δνατολίῳ
331 2399 552 2436 συγγράμματα,
572 2400 688 2429 τοσαῦτα
704 2400 726 2427 δ’
741 2402 781 2432 εἰς
802 2401 876 2437 ἡμᾶς
892 2402 954 2438 ἐλή-

163 2442 245 2477 λυθε,
259 2443 293 2470 δι’
309 2441 346 2472 ὧν
361 2444 444 2471 αὑτοῦ
465 2444 634 2480 καταμαθεῖν
654 2444 765 2472 δυνατὸν
782 2445 849 2480 ὁμοῦ
873 2445 904 2472 τό
922 2454 952 2472 τε

162 2489 252 2523 λόγιον
268 2490 315 2517 καὶ
331 2489 502 2526 πολυμαθὲς,
521 2492 550 2519 ὲν
571 2489 612 2523 οἷς
635 2491 753 2527 μάλιστα
771 2491 805 2518 τὰ
821 2492 885 2529 περὶ
905 2492 951 2519 τοῦ

162 2535 260 2571 Πάσχα
280 2536 393 2569 δόξαντα
411 2537 582 2573 παρίστησιν.
609 2538 667 2572 Ἀφ’
688 2534 726 2564 ὧν
749 2538 896 2572 ἀναγκαῖον
919 2539 952 2566 ἂν

198 2613 255 2651 (56)
269 2613 312 2651 Τῷ
328 2613 476 2649 Ῥωμαϊκῷ
491 2616 724 2651 συμμαχοῦντος
742 2615 870 2651 στραζῷ.
884 2616 951 2644 Dum

198 2625 255 2648 tuo}
270 2625 312 2647 ιφ
336 2625 476 2649 μωμαικῳ
491 2625 532 2642 συ
552 2625 724 2651 μαχουντος
742 2625 870 2650 (ripam).
884 2625 951 2644 uuttt

160 2648 517 2690 Claudius_imp._adversus
529 2625 662 2690 garbaros
675 2650 967 2690 p_t_t_gnaret,Zenohia,.

162 2683 247 2711 misso
257 2683 350 2711 Zuhda
369 2686 437 2712 duce
451 2693 512 2712 cum
537 2687 638 2718 ingenti
661 2683 776 2713 militum
794 2694 884 2719 manu,
904 2683 952 2713 adé

157 2719 273 2759 juvante
282 2719 366 2759 etiam
376 2720 529 2759 _'l_‘_imoge_n_e
543 2721 685 2759 Egyptio,
703 2720 948 2759 [Egyptutn__oecu-

161 2755 248 2790 pavit,
261 2755 460 2790 etprmsidiutn
483 2755 662 2783 Alexandriae)
679 2755 819 2790 imposuit.
850 2756 948 2783 Verum

161 2789 267 2826 Probus
276 2789 339 2826 _dux
350 2790 565 2826 ROIIIiltlllSﬂtlm
580 2791 668 2825 copiis
676 2789 775 2826 quibtts
786 2791 947 2825 imper-abut,

160 2823 298 2863 adjunctis
317 2825 369 2863 sibi
401 2823 874 2863 Egyptiisﬂnotqnot'Palmyreuis
896 2826 948 2852 mi-

161 2859 235 2899 xime
255 2859 404 2899 Ιὶμιιριιςιιιι,Δ
421 2859 467 2899 eos
484 2861 519 2899 ab
531 2859 650 2899 Λῇγριςι
666 2859 790 2899 depulit,’
801 2865 831 2899 ut
856 2865 950 2899 narrat

159 2893 287 2923 lusimus
299 2900 324 2922 et
339 2895 423 2923 Pollio
440 2896 466 2922 in
482 2893 788 2932 ClaudidfTunc'igitur
801 2896 947 2924 Brnchium

1007 1625 1071 1653 spes
1089 1617 1186 1645 salutis
1195 1622 1364 1652 superesset,
1373 1616 1445 1644 fame
1456 1616 1550 1651 utique
1562 1614 1705 1650 perituris.
1719 1613 1795 1642 Hanc

1007 1665 1170 1693 sententiam
1183 1672 1245 1692 cum
1263 1672 1358 1692 omnes
1374 1664 1420 1698 qui
1435 1663 1460 1690 in
1470 1667 1567 1690 senatu
1581 1666 1658 1688 erant
1670 1668 1795 1696 compro-

1007 1711 1130 1744 bassent,
1140 1710 1282 1738 universos
1296 1709 1353 1737 fere
1365 1709 1493 1737 obsesstts
1507 1707 1649 1735 Anatolius
1662 1706 1794 1734 servavit.

1007 1756 1126 1784 Primum
1139 1757 1210 1784 enim
1224 1763 1333 1791 operam
1344 1755 1415 1783 dedit
1428 1760 1457 1782 ut
1473 1758 1572 1782 nostra:
1581 1753 1719 1788 religionis
1732 1752 1794 1786 viri,

1008 1802 1107 1830 deinde
1119 1807 1148 1830 ut
1162 1802 1207 1829 alii
1224 1802 1307 1830 etiam
1322 1801 1466 1836 cujuslibet
1483 1800 1584 1833 relatis,
1601 1807 1651 1828 nec
1665 1800 1683 1827 ii
1697 1798 1796 1827 dunta-

1007 1853 1054 1875 xat
1066 1848 1165 1882 quibus
1181 1852 1293 1875 senatus
1307 1846 1447 1874 licentiam
1465 1846 1588 1878 dederat,
1601 1852 1696 1873 verum
1711 1845 1795 1873 etiant

1007 1894 1051 1921 alii
1068 1894 1160 1929 plures
1174 1893 1330 1929 hujusmodi
1343 1893 1457 1920 obtentu
1483 1891 1600 1919 latenter
1619 1891 1793 1926 aufugerent.

1007 1939 1132 1968 muliebri
1149 1945 1224 1967 veste
1242 1939 1338 1971 induti,
1355 1943 1492 1972 noctuque
1504 1942 1581 1964 extra
1598 1938 1719 1965 civitatis
1732 1945 1794 1972 por-

1008 1991 1049 2013 tas
1055 1987 1113 2022 ejus
1125 1993 1207 2020 opera
1219 1985 1350 2017 educti,et
1361 1984 1394 2011 ad
1404 1983 1587 2011 ltontanorum
1597 1987 1688 2010 castra
1702 1987 1794 2010 trans-

1007 2031 1105 2066 gressi.
1142 2030 1180 2058 lbi
1207 2029 1343 2057 Eusebius
1367 2032 1479 2056 cunctos
1504 2028 1643 2065 excipiens
1666 2028 1795 2055 diuturna

1006 2076 1150 2104 obsidione
1165 2079 1327 2107 maceratus,
1345 2075 1421 2110 quasi
1439 2075 1549 2110 quidam
1565 2078 1641 2109 pater
1658 2081 1689 2101 ac
1707 2074 1794 2101 medi-

1007 2130 1056 2150 cus
1070 2123 1144 2150 omni
1157 2129 1224 2150 cura
1240 2129 1272 2149 ac
1283 2121 1456 2157 providentia
1471 2120 1616 2148 recreavit.
1632 2119 1794 2155 ilujusmodi

1007 2170 1074 2197 duos
1090 2174 1213 2204 pastores
1226 2169 1353 2196 continua
1367 2167 1440 2195 serie
1455 2167 1507 2195 sibi
1522 2167 1713 2200 succedentes,
1725 2165 1794 2193 Lao-

1007 2215 1124 2244 dicensis
1135 2216 1255 2244 Ecclesia
1268 2215 1361 2243 divino
1379 2219 1446 2242 nutu
1464 2214 1559 2242 sortita
1573 2219 1625 2246 est,
1644 2221 1704 2241 cum
1720 2217 1794 2240 uter-

1005 2269 1058 2297 que
1069 2269 1164 2293 eorum
1180 2261 1402 2297 postsnpradicti
1417 2261 1478 2288 belli
1493 2266 1612 2294 tentpora
1627 2268 1661 2288 ex
1675 2260 1794 2288 Alexan-

1005 2308 1084 2336 drina
1102 2308 1168 2336 urbe
1189 2309 1215 2335 in
1232 2307 1339 2344 Syriam
1358 2309 1543 2343 migravissct.
1561 2307 1697 2335 Caeterum
1720 2307 1793 2333 Ann-

1006 2353 1087 2381 tolius
1100 2359 1152 2380 non
1176 2353 1321 2382 admodum
1336 2353 1437 2382 multos
1452 2353 1605 2388 composuit
1625 2353 1719 2380 libros.
1741 2351 1794 2380 Vc-

1005 2407 1064 2427 rum
1077 2407 1110 2427 ex
1128 2400 1161 2427 iis
1175 2401 1221 2434 qui
1236 2400 1270 2427 ad
1283 2407 1332 2428 nos
1346 2404 1541 2435 pervenerunt,
1557 2400 1740 2435 eloquentiam
1753 2400 1792 2426 si-

1005 2445 1061 2472 tttul
1084 2449 1112 2473 et
1132 2446 1311 2481 multiplicem
1329 2446 1390 2482 ejus
1409 2447 1591 2474 eruditionem
1608 2446 1715 2474 abunde
1730 2446 1793 2473 licet

1006 2498 1188 2526 cognoscere;
1203 2493 1338 2527 prmcipue
1356 2500 1420 2520 vero
1435 2500 1467 2519 cx
1490 2493 1523 2520 iis
1540 2492 1567 2519 in
1588 2492 1687 2527 quibus
1714 2499 1791 2519 suam

1007 2537 1040 2566 de
1056 2538 1158 2566 Pascha
1171 2539 1335 2566 sententiam
1351 2538 1507 2567 confirmat.
1532 2537 1609 2566 Unde
1625 2539 1706 2566 etiam
1723 2547 1792 2566 ιιοιι-

1001 2619 1067 2646 mihi
1082 2619 1189 2646 videtur
1202 2617 1342 2644 obsessum
1357 2617 1441 2644 fuisse
1454 2624 1468 2644 a
1491 2617 1631 2644 Romanis.

1037 2654 1094 2691 (57)
1117 2653 1319 2691 Ταμιεύεσθαι.
1338 2652 1406 2691 lllttle
1425 2652 1688 2691 Christophorsonus
1707 2653 1791 2680 vertit

1002 2681 1165 2725 congeiere:
1176 2687 1438 2725 Natnfcaptetieoeat
1454 2681 1564 2722 proprie
1581 2692 1631 2718 est,
1649 2695 1709 2714 cunt
1728 2681 1804 2725 puta.

1003 2723 1120 2752 cinionia
1134 2723 1258 2750 admetiri
1275 2731 1307 2750 ac
1325 2724 1483 2756 dispensare
1501 2724 1738 2756 annouam;quod
1762 2723 1789 2750 in

1005 2760 1119 2794 pcnttria
1135 2759 1191 2786 tieri
1204 2759 1275 2794 solet
1285 2763 1314 2784 et
1332 2758 1358 2794 in
1377 2758 1575 2794 obsidionibus.
1607 2764 1610 2767 '

1038 2795 1095 2828 (58)
1120 2795 1167 2820 Ἐκ
1179 2792 1234 2827 τῆς
1255 2793 1373 2828 μακρᾶς
1397 2793 1581 2827 πολιορκίας.
1611 2792 1790 2828 Hieronymus

1003 2829 1030 2856 in
1042 2829 1173 2857 Chronico
1187 2827 1278 2860 plures
1293 2836 1342 2862 per
1355 2837 1442 2857 annos
1458 2833 1623 2864 protractam
1647 2827 1790 2856 essesch

1004 2865 1041 2891 btt
1058 2864 1165 2892 Bruchii
1179 2863 1358 2891 obsidionem.
