  <div class='ocr_page' id='page_1' title='image "/cluster/home/n/w/nwhite01/storage/ocr_20150623/20/njp.32101077772471/389.png"; bbox 0 0 2002 3169; ppageno 0'>
   <div class='ocr_carea' id='block_1_1' title="bbox 244 149 294 177">
    <p class='ocr_par' dir='ltr' id='par_1_1' title="bbox 244 149 294 177">
     <span class='ocr_line' id='line_1_1' title="bbox 244 149 294 177; baseline -0.02 0"><span class='ocrx_word' id='word_1_1' title='bbox 244 149 294 177; x_wconf 66' lang='grc'><strong>727</strong></span> 
     </span>
    </p>
   </div>
   <div class='ocr_carea' id='block_1_2' title="bbox 596 150 1490 183">
    <p class='ocr_par' dir='ltr' id='par_1_2' title="bbox 596 150 1490 183">
     <span class='ocr_line' id='line_1_2' title="bbox 596 150 1490 183; baseline -0.001 -4"><span class='ocrx_word' id='word_1_2' title='bbox 596 152 730 180; x_wconf 77' lang='lat' dir='ltr'><strong>EUSEBll</strong></span> <span class='ocrx_word' id='word_1_3' title='bbox 749 154 982 183; x_wconf 59' lang='lat' dir='ltr'><strong>ClESABIENSlS</strong></span> <span class='ocrx_word' id='word_1_4' title='bbox 1001 154 1076 182; x_wconf 83' lang='lat' dir='ltr'><strong>OPP.</strong></span> <span class='ocrx_word' id='word_1_5' title='bbox 1097 153 1185 181; x_wconf 71' lang='lat' dir='ltr'><strong>PARS</strong></span> <span class='ocrx_word' id='word_1_6' title='bbox 1201 153 1222 181; x_wconf 84' lang='lat' dir='ltr'><strong>l.</strong></span> <span class='ocrx_word' id='word_1_7' title='bbox 1244 169 1277 173; x_wconf 95' lang='lat'><strong><em>—</em></strong></span> <span class='ocrx_word' id='word_1_8' title='bbox 1296 150 1490 180; x_wconf 78' lang='lat' dir='ltr'><strong>lliSTORlCA.</strong></span> 
     </span>
    </p>
   </div>
   <div class='ocr_carea' id='block_1_3' title="bbox 1801 149 1852 178">
    <p class='ocr_par' dir='ltr' id='par_1_3' title="bbox 1801 149 1852 178">
     <span class='ocr_line' id='line_1_3' title="bbox 1801 149 1852 178; baseline 0 0"><span class='ocrx_word' id='word_1_9' title='bbox 1801 149 1852 178; x_wconf 71' lang='lat'><strong>128</strong></span> 
     </span>
    </p>
   </div>
   <div class='ocr_carea' id='block_1_4' title="bbox 243 207 1007 246">
    <p class='ocr_par' dir='ltr' id='par_1_4' title="bbox 243 210 1007 246">
     <span class='ocr_line' id='line_1_4' title="bbox 243 210 1007 246; baseline 0.003 -8"><span class='ocrx_word' id='word_1_10' title='bbox 243 210 315 238; x_wconf 82' lang='lat' dir='ltr'><strong>nulla</strong></span> <span class='ocrx_word' id='word_1_11' title='bbox 329 211 379 238; x_wconf 82' lang='lat' dir='ltr'><strong>hoc</strong></span> <span class='ocrx_word' id='word_1_12' title='bbox 395 210 453 237; x_wconf 89' lang='lat' dir='ltr'><strong>loco</strong></span> <span class='ocrx_word' id='word_1_13' title='bbox 475 210 577 237; x_wconf 81' lang='lat' dir='ltr'><strong>referre</strong></span> <span class='ocrx_word' id='word_1_14' title='bbox 593 218 681 246; x_wconf 67' lang='lat' dir='ltr'><strong>opera:</strong></span> <span class='ocrx_word' id='word_1_15' title='bbox 696 213 812 246; x_wconf 93' lang='lat' dir='ltr'><strong>pretium</strong></span> <span class='ocrx_word' id='word_1_16' title='bbox 827 213 916 245; x_wconf 78' lang='lat' dir='ltr'><strong>fuerit,</strong></span> <span class='ocrx_word' id='word_1_17' title='bbox 929 221 962 240; x_wconf 84' lang='lat' dir='ltr'><strong>ex</strong></span> <span class='ocrx_word' id='word_1_18' title='bbox 981 221 1007 240; x_wconf 80' lang='lat' dir='ltr'><strong>ca</strong></span> 
     </span>
    </p>
   </div>
   <div class='ocr_carea' id='block_1_5' title="bbox 1058 207 1753 246">
    <p class='ocr_par' dir='ltr' id='par_1_5' title="bbox 1058 207 1753 246">
     <span class='ocr_line' id='line_1_5' title="bbox 1058 207 1753 246; baseline -0.006 -8"><span class='ocrx_word' id='word_1_19' title='bbox 1058 231 1062 242; x_wconf 52' lang='grc' dir='ltr'><strong>ι</strong></span> <span class='ocrx_word' id='word_1_20' title='bbox 1077 212 1129 246; x_wconf 69' lang='grc' dir='ltr'>εἴη,</span> <span class='ocrx_word' id='word_1_21' title='bbox 1146 212 1270 238; x_wconf 81' lang='grc' dir='ltr'><strong>τοιούτων</strong></span> <span class='ocrx_word' id='word_1_22' title='bbox 1287 211 1332 237; x_wconf 77' lang='grc' dir='ltr'><strong>ἐπὶ</strong></span> <span class='ocrx_word' id='word_1_23' title='bbox 1347 211 1393 237; x_wconf 78' lang='grc' dir='ltr'>τοῦ</span> <span class='ocrx_word' id='word_1_24' title='bbox 1412 210 1544 245; x_wconf 77' lang='grc' dir='ltr'><strong>παρόντος</strong></span> <span class='ocrx_word' id='word_1_25' title='bbox 1563 207 1753 244; x_wconf 77' lang='grc' dir='ltr'>μνημονεῦσαι.</span> 
     </span>
    </p>
   </div>
   <div class='ocr_carea' id='block_1_6' title="bbox 243 248 1022 293">
    <p class='ocr_par' dir='ltr' id='par_1_6' title="bbox 243 248 1022 293">
     <span class='ocr_line' id='line_1_6' title="bbox 243 248 1022 293; baseline 0.001 -10"><span class='ocrx_word' id='word_1_26' title='bbox 243 257 358 284; x_wconf 89' lang='lat' dir='ltr'><strong>nonibns</strong></span> <span class='ocrx_word' id='word_1_27' title='bbox 372 255 544 290; x_wconf 76' lang='lat' dir='ltr'><strong>paschalibus</strong></span> <span class='ocrx_word' id='word_1_28' title='bbox 557 248 685 284; x_wconf 59' lang='lat' dir='ltr'><strong>Knatolii.</strong></span> <span class='ocrx_word' id='word_1_29' title='bbox 701 257 790 286; x_wconf 87' lang='lat' dir='ltr'><strong>Habes</strong></span> <span class='ocrx_word' id='word_1_30' title='bbox 803 259 885 293; x_wconf 78' lang='lat' dir='ltr'><strong>igitur</strong></span> <span class='ocrx_word' id='word_1_31' title='bbox 899 259 924 285; x_wconf 88' lang='lat' dir='ltr'><strong>in</strong></span> <span class='ocrx_word' id='word_1_32' title='bbox 935 261 1022 293; x_wconf 86' lang='lat' dir='ltr'><strong>primo</strong></span> 
     </span>
    </p>
   </div>
   <div class='ocr_carea' id='block_1_7' title="bbox 241 301 1020 338">
    <p class='ocr_par' dir='ltr' id='par_1_7' title="bbox 241 301 1020 338">
     <span class='ocr_line' id='line_1_7' title="bbox 241 301 1020 338; baseline 0.003 -10"><span class='ocrx_word' id='word_1_33' title='bbox 241 310 315 329; x_wconf 87' lang='lat' dir='ltr'><strong>anno</strong></span> <span class='ocrx_word' id='word_1_34' title='bbox 333 301 497 328; x_wconf 85' lang='lat' dir='ltr'><strong>novilnnium</strong></span> <span class='ocrx_word' id='word_1_35' title='bbox 511 302 588 335; x_wconf 85' lang='lat' dir='ltr'><strong>primi</strong></span> <span class='ocrx_word' id='word_1_36' title='bbox 604 304 715 335; x_wconf 88' lang='lat' dir='ltr'><strong>mensis,</strong></span> <span class='ocrx_word' id='word_1_37' title='bbox 733 304 804 337; x_wconf 91' lang='lat' dir='ltr'><strong>quod</strong></span> <span class='ocrx_word' id='word_1_38' title='bbox 820 308 900 338; x_wconf 88' lang='lat' dir='ltr'><strong>caput</strong></span> <span class='ocrx_word' id='word_1_39' title='bbox 920 308 961 330; x_wconf 89' lang='lat' dir='ltr'><strong>est</strong></span> <span class='ocrx_word' id='word_1_40' title='bbox 979 309 1020 330; x_wconf 90' lang='lat' dir='ltr'><strong>lo—</strong></span> 
     </span>
    </p>
   </div>
   <div class='ocr_carea' id='block_1_8' title="bbox 242 347 1016 383">
    <p class='ocr_par' dir='ltr' id='par_1_8' title="bbox 242 347 1016 383">
     <span class='ocr_line' id='line_1_8' title="bbox 242 347 1016 383; baseline 0.003 -9"><span class='ocrx_word' id='word_1_41' title='bbox 242 348 296 374; x_wconf 90' lang='lat' dir='ltr'><strong>tins</strong></span> <span class='ocrx_word' id='word_1_42' title='bbox 311 347 405 374; x_wconf 88' lang='lat' dir='ltr'><strong>circuli</strong></span> <span class='ocrx_word' id='word_1_43' title='bbox 421 347 604 374; x_wconf 86' lang='lat' dir='ltr'><strong>novemdecim</strong></span> <span class='ocrx_word' id='word_1_44' title='bbox 617 355 757 381; x_wconf 85' lang='lat' dir='ltr'><strong>annorum,</strong></span> <span class='ocrx_word' id='word_1_45' title='bbox 775 350 921 376; x_wconf 83' lang='lat' dir='ltr'><strong>seenudum</strong></span> <span class='ocrx_word' id='word_1_46' title='bbox 935 348 1016 383; x_wconf 57' lang='lat' dir='ltr'><strong>[Egy-</strong></span> 
     </span>
    </p>
   </div>
   <div class='ocr_carea' id='block_1_9' title="bbox 240 392 1018 426">
    <p class='ocr_par' dir='ltr' id='par_1_9' title="bbox 240 392 1018 426">
     <span class='ocr_line' id='line_1_9' title="bbox 240 392 1018 426; baseline 0.004 -9"><span class='ocrx_word' id='word_1_47' title='bbox 240 393 311 426; x_wconf 82' lang='lat' dir='ltr'><strong>ptios</strong></span> <span class='ocrx_word' id='word_1_48' title='bbox 326 393 433 426; x_wconf 80' lang='lat' dir='ltr'><strong>quidem</strong></span> <span class='ocrx_word' id='word_1_49' title='bbox 448 392 490 419; x_wconf 86' lang='lat' dir='ltr'><strong>die</strong></span> <span class='ocrx_word' id='word_1_50' title='bbox 499 393 623 419; x_wconf 72' lang='lat' dir='ltr'><strong>vicesima</strong></span> <span class='ocrx_word' id='word_1_51' title='bbox 633 399 708 420; x_wconf 81' lang='lat' dir='ltr'><strong>sexta</strong></span> <span class='ocrx_word' id='word_1_52' title='bbox 725 394 825 421; x_wconf 85' lang='lat' dir='ltr'><strong>mensis</strong></span> <span class='ocrx_word' id='word_1_53' title='bbox 833 393 1018 426; x_wconf 86' lang='lat' dir='ltr'><strong>Pbameuoth;</strong></span> 
     </span>
    </p>
   </div>
   <div class='ocr_carea' id='block_1_10' title="bbox 238 437 1019 472">
    <p class='ocr_par' dir='ltr' id='par_1_10' title="bbox 238 437 1019 472">
     <span class='ocr_line' id='line_1_10' title="bbox 238 437 1019 472; baseline 0.004 -10"><span class='ocrx_word' id='word_1_54' title='bbox 238 438 315 472; x_wconf 79' lang='lat' dir='ltr'><strong>juxta</strong></span> <span class='ocrx_word' id='word_1_55' title='bbox 332 437 489 465; x_wconf 80' lang='lat' dir='ltr'><strong>Macedones</strong></span> <span class='ocrx_word' id='word_1_56' title='bbox 502 446 565 465; x_wconf 89' lang='lat' dir='ltr'><strong>vero</strong></span> <span class='ocrx_word' id='word_1_57' title='bbox 587 439 630 466; x_wconf 89' lang='lat' dir='ltr'><strong>die</strong></span> <span class='ocrx_word' id='word_1_58' title='bbox 645 439 774 466; x_wconf 85' lang='lat' dir='ltr'><strong>vicesimo</strong></span> <span class='ocrx_word' id='word_1_59' title='bbox 788 439 905 466; x_wconf 88' lang='lat' dir='ltr'><strong>secundo</strong></span> <span class='ocrx_word' id='word_1_60' title='bbox 920 440 1019 467; x_wconf 80' lang='lat' dir='ltr'><strong>mensis</strong></span> 
     </span>
    </p>
   </div>
   <div class='ocr_carea' id='block_1_11' title="bbox 240 475 1018 518">
    <p class='ocr_par' dir='ltr' id='par_1_11' title="bbox 240 475 1018 518">
     <span class='ocr_line' id='line_1_11' title="bbox 240 475 1018 518; baseline 0 -8"><span class='ocrx_word' id='word_1_61' title='bbox 240 484 329 518; x_wconf 83' lang='lat' dir='ltr'><strong>Dystri</strong></span> <span class='ocrx_word' id='word_1_62' title='bbox 345 475 352 510; x_wconf 67' lang='grc' dir='ltr'>ξ</span> <span class='ocrx_word' id='word_1_63' title='bbox 371 489 401 510; x_wconf 85' lang='grc' dir='ltr'><strong>ιιι</strong></span> <span class='ocrx_word' id='word_1_64' title='bbox 417 489 505 510; x_wconf 83' lang='lat' dir='ltr'><strong>autem</strong></span> <span class='ocrx_word' id='word_1_65' title='bbox 522 484 635 511; x_wconf 75' lang='lat' dir='ltr'><strong>Romani</strong></span> <span class='ocrx_word' id='word_1_66' title='bbox 652 485 783 512; x_wconf 86' lang='lat' dir='ltr'><strong>dicereut.</strong></span> <span class='ocrx_word' id='word_1_67' title='bbox 798 491 860 512; x_wconf 85' lang='lat' dir='ltr'><strong>ante</strong></span> <span class='ocrx_word' id='word_1_68' title='bbox 877 484 946 511; x_wconf 88' lang='lat' dir='ltr'><strong>diem</strong></span> <span class='ocrx_word' id='word_1_69' title='bbox 969 493 1018 511; x_wconf 93' lang='lat' dir='ltr'><strong>un-</strong></span> 
     </span>
    </p>
   </div>
   <div class='ocr_carea' id='block_1_12' title="bbox 239 527 1018 564">
    <p class='ocr_par' dir='ltr' id='par_1_12' title="bbox 239 527 1018 564">
     <span class='ocr_line' id='line_1_12' title="bbox 239 527 1018 564; baseline 0.003 -10"><span class='ocrx_word' id='word_1_70' title='bbox 239 529 374 556; x_wconf 73' lang='lat' dir='ltr'><strong>decimum</strong></span> <span class='ocrx_word' id='word_1_71' title='bbox 385 527 566 556; x_wconf 70' lang='lat' dir='ltr'><strong>Kalendarum</strong></span> <span class='ocrx_word' id='word_1_72' title='bbox 576 529 717 563; x_wconf 85' lang='lat' dir='ltr'><strong>Aprilium.</strong></span> <span class='ocrx_word' id='word_1_73' title='bbox 732 529 815 556; x_wconf 84' lang='lat' dir='ltr'><strong>Porro</strong></span> <span class='ocrx_word' id='word_1_74' title='bbox 826 529 851 556; x_wconf 92' lang='lat' dir='ltr'><strong>iu</strong></span> <span class='ocrx_word' id='word_1_75' title='bbox 863 529 1018 564; x_wconf 82' lang='lat' dir='ltr'><strong>supradicta</strong></span> 
     </span>
    </p>
   </div>
   <div class='ocr_carea' id='block_1_13' title="bbox 239 574 1018 609">
    <p class='ocr_par' dir='ltr' id='par_1_13' title="bbox 239 574 1018 609">
     <span class='ocr_line' id='line_1_13' title="bbox 239 574 1018 609; baseline 0 -8"><span class='ocrx_word' id='word_1_76' title='bbox 239 576 282 602; x_wconf 87' lang='lat' dir='ltr'><strong>die</strong></span> <span class='ocrx_word' id='word_1_77' title='bbox 299 575 426 602; x_wconf 85' lang='lat' dir='ltr'><strong>vicesima</strong></span> <span class='ocrx_word' id='word_1_78' title='bbox 443 579 517 602; x_wconf 77' lang='lat' dir='ltr'><strong>sexta</strong></span> <span class='ocrx_word' id='word_1_79' title='bbox 534 574 635 603; x_wconf 84' lang='lat' dir='ltr'><strong>mensis</strong></span> <span class='ocrx_word' id='word_1_80' title='bbox 656 574 842 607; x_wconf 76' lang='lat' dir='ltr'><strong>Phamenoth,</strong></span> <span class='ocrx_word' id='word_1_81' title='bbox 859 574 898 602; x_wconf 91' lang='lat' dir='ltr'><strong>sol</strong></span> <span class='ocrx_word' id='word_1_82' title='bbox 921 575 1018 609; x_wconf 80' lang='lat' dir='ltr'><strong>reperi-</strong></span> 
     </span>
    </p>
   </div>
   <div class='ocr_carea' id='block_1_14' title="bbox 239 621 1016 656">
    <p class='ocr_par' dir='ltr' id='par_1_14' title="bbox 239 621 1016 656">
     <span class='ocr_line' id='line_1_14' title="bbox 239 621 1016 656; baseline 0 -10"><span class='ocrx_word' id='word_1_83' title='bbox 239 625 282 646; x_wconf 91' lang='lat' dir='ltr'><strong>tur</strong></span> <span class='ocrx_word' id='word_1_84' title='bbox 295 628 348 647; x_wconf 89' lang='lat' dir='ltr'><strong>non</strong></span> <span class='ocrx_word' id='word_1_85' title='bbox 361 621 440 647; x_wconf 90' lang='lat' dir='ltr'><strong>modo</strong></span> <span class='ocrx_word' id='word_1_86' title='bbox 454 621 569 655; x_wconf 89' lang='lat' dir='ltr'><strong>primum</strong></span> <span class='ocrx_word' id='word_1_87' title='bbox 582 621 719 656; x_wconf 88' lang='lat' dir='ltr'><strong>ingressus</strong></span> <span class='ocrx_word' id='word_1_88' title='bbox 731 625 911 655; x_wconf 83' lang='lat' dir='ltr'><strong>segmentum,</strong></span> <span class='ocrx_word' id='word_1_89' title='bbox 923 627 1016 647; x_wconf 88' lang='lat' dir='ltr'><strong>verum</strong></span> 
     </span>
    </p>
   </div>
   <div class='ocr_carea' id='block_1_15' title="bbox 237 665 1015 701">
    <p class='ocr_par' dir='ltr' id='par_1_15' title="bbox 237 665 1015 701">
     <span class='ocr_line' id='line_1_15' title="bbox 237 665 1015 701; baseline -0.003 -8"><span class='ocrx_word' id='word_1_90' title='bbox 237 667 318 694; x_wconf 84' lang='lat' dir='ltr'><strong>etiam</strong></span> <span class='ocrx_word' id='word_1_91' title='bbox 327 671 453 701; x_wconf 85' lang='lat' dir='ltr'><strong>quartum</strong></span> <span class='ocrx_word' id='word_1_92' title='bbox 472 667 497 692; x_wconf 94' lang='lat' dir='ltr'><strong>in</strong></span> <span class='ocrx_word' id='word_1_93' title='bbox 509 674 541 693; x_wconf 91' lang='lat' dir='ltr'><strong>ea</strong></span> <span class='ocrx_word' id='word_1_94' title='bbox 553 666 622 693; x_wconf 90' lang='lat' dir='ltr'><strong>diem</strong></span> <span class='ocrx_word' id='word_1_95' title='bbox 635 674 805 701; x_wconf 86' lang='lat' dir='ltr'><strong>percurrens.</strong></span> <span class='ocrx_word' id='word_1_96' title='bbox 823 665 897 693; x_wconf 88' lang='lat' dir='ltr'><strong>Hanc</strong></span> <span class='ocrx_word' id='word_1_97' title='bbox 911 671 1015 700; x_wconf 86' lang='lat' dir='ltr'><strong>partem</strong></span> 
     </span>
    </p>
   </div>
   <div class='ocr_carea' id='block_1_16' title="bbox 237 711 1017 753">
    <p class='ocr_par' dir='ltr' id='par_1_16' title="bbox 237 711 1017 753">
     <span class='ocr_line' id='line_1_16' title="bbox 237 711 1017 753; baseline -0.001 -15"><span class='ocrx_word' id='word_1_98' title='bbox 237 713 352 746; x_wconf 82' lang='lat' dir='ltr'><strong>primum</strong></span> <span class='ocrx_word' id='word_1_99' title='bbox 370 712 629 741; x_wconf 79' lang='lat' dir='ltr'><strong>dodecatemorium.</strong></span> <span class='ocrx_word' id='word_1_100' title='bbox 646 716 672 738; x_wconf 88' lang='lat' dir='ltr'><strong>et</strong></span> <span class='ocrx_word' id='word_1_101' title='bbox 684 711 926 753; x_wconf 32' lang='lat' dir='ltr'><strong>mquinoctiumnet</strong></span> <span class='ocrx_word' id='word_1_102' title='bbox 942 718 1017 737; x_wconf 90' lang='lat' dir='ltr'><strong>men-</strong></span> 
     </span>
    </p>
   </div>
   <div class='ocr_carea' id='block_1_17' title="bbox 235 757 1030 792">
    <p class='ocr_par' dir='ltr' id='par_1_17' title="bbox 235 757 1030 792">
     <span class='ocr_line' id='line_1_17' title="bbox 235 757 1030 792; baseline -0.003 -8"><span class='ocrx_word' id='word_1_103' title='bbox 235 758 305 785; x_wconf 89' lang='lat' dir='ltr'><strong>sium</strong></span> <span class='ocrx_word' id='word_1_104' title='bbox 323 758 441 790; x_wconf 81' lang='lat' dir='ltr'><strong>initium,</strong></span> <span class='ocrx_word' id='word_1_105' title='bbox 457 763 484 784; x_wconf 90' lang='lat' dir='ltr'><strong>et</strong></span> <span class='ocrx_word' id='word_1_106' title='bbox 503 761 584 792; x_wconf 87' lang='lat' dir='ltr'><strong>caput</strong></span> <span class='ocrx_word' id='word_1_107' title='bbox 604 757 711 789; x_wconf 87' lang='lat' dir='ltr'><strong>circuli,</strong></span> <span class='ocrx_word' id='word_1_108' title='bbox 727 761 896 784; x_wconf 32' lang='lat' dir='ltr'><strong>etrcarceres</strong></span> <span class='ocrx_word' id='word_1_109' title='bbox 918 763 1030 783; x_wconf 90' lang='lat' dir='ltr'><strong>cursus.</strong></span> 
     </span>
    </p>
   </div>
   <div class='ocr_carea' id='block_1_18' title="bbox 236 802 1014 837">
    <p class='ocr_par' dir='ltr' id='par_1_18' title="bbox 236 802 1014 837">
     <span class='ocr_line' id='line_1_18' title="bbox 236 802 1014 837; baseline -0.004 -7"><span class='ocrx_word' id='word_1_110' title='bbox 236 804 403 837; x_wconf 78' lang='lat' dir='ltr'><strong>planetarum</strong></span> <span class='ocrx_word' id='word_1_111' title='bbox 425 804 521 830; x_wconf 81' lang='lat' dir='ltr'><strong>vocare</strong></span> <span class='ocrx_word' id='word_1_112' title='bbox 536 803 635 831; x_wconf 80' lang='lat' dir='ltr'><strong>solent.</strong></span> <span class='ocrx_word' id='word_1_113' title='bbox 653 803 718 836; x_wconf 64' lang='lat' dir='ltr'><strong>Quae</strong></span> <span class='ocrx_word' id='word_1_114' title='bbox 741 810 804 829; x_wconf 88' lang='lat' dir='ltr'><strong>vero</strong></span> <span class='ocrx_word' id='word_1_115' title='bbox 823 802 891 829; x_wconf 87' lang='lat' dir='ltr'><strong>hanc</strong></span> <span class='ocrx_word' id='word_1_116' title='bbox 911 806 1014 836; x_wconf 79' lang='lat' dir='ltr'><strong>partem</strong></span> 
     </span>
    </p>
   </div>
   <div class='ocr_carea' id='block_1_19' title="bbox 234 847 1014 884">
    <p class='ocr_par' dir='ltr' id='par_1_19' title="bbox 234 847 1014 884">
     <span class='ocr_line' id='line_1_19' title="bbox 234 847 1014 884; baseline -0.005 -9"><span class='ocrx_word' id='word_1_117' title='bbox 234 849 357 884; x_wconf 79' lang='lat' dir='ltr'><strong>proxime</strong></span> <span class='ocrx_word' id='word_1_118' title='bbox 381 848 528 880; x_wconf 75' lang='lat' dir='ltr'><strong>antecedit,</strong></span> <span class='ocrx_word' id='word_1_119' title='bbox 550 847 612 874; x_wconf 83' lang='lat' dir='ltr'><strong>ﬁnis</strong></span> <span class='ocrx_word' id='word_1_120' title='bbox 636 847 767 874; x_wconf 88' lang='lat' dir='ltr'><strong>mensium</strong></span> <span class='ocrx_word' id='word_1_121' title='bbox 793 851 820 874; x_wconf 84' lang='lat' dir='ltr'><strong>et</strong></span> <span class='ocrx_word' id='word_1_122' title='bbox 846 849 1014 881; x_wconf 75' lang='lat' dir='ltr'><strong>segmentum</strong></span> 
     </span>
    </p>
   </div>
   <div class='ocr_carea' id='block_1_20' title="bbox 1080 255 1851 291">
    <p class='ocr_par' dir='ltr' id='par_1_20' title="bbox 1080 255 1851 291">
     <span class='ocr_line' id='line_1_20' title="bbox 1080 255 1851 291; baseline -0.004 -7"><span class='ocrx_word' id='word_1_123' title='bbox 1080 257 1128 284; x_wconf 69' lang='grc' dir='ltr'>Ἐκ</span> <span class='ocrx_word' id='word_1_124' title='bbox 1154 257 1212 283; x_wconf 80' lang='grc' dir='ltr'><strong>τῶν</strong></span> <span class='ocrx_word' id='word_1_125' title='bbox 1238 257 1303 291; x_wconf 78' lang='grc' dir='ltr'>περὶ</span> <span class='ocrx_word' id='word_1_126' title='bbox 1338 257 1391 284; x_wconf 82' lang='grc' dir='ltr'>τοῦ</span> <span class='ocrx_word' id='word_1_127' title='bbox 1423 256 1529 289; x_wconf 83' lang='grc' dir='ltr'><em>Πάσχα</em></span> <span class='ocrx_word' id='word_1_128' title='bbox 1566 255 1732 282; x_wconf 70' lang='grc' dir='ltr'>Ἀνατολίου</span> <span class='ocrx_word' id='word_1_129' title='bbox 1765 255 1851 281; x_wconf 76' lang='grc' dir='ltr'><strong>κυνό-</strong></span> 
     </span>
    </p>
   </div>
   <div class='ocr_carea' id='block_1_21' title="bbox 1383 301 1528 335">
    <p class='ocr_par' dir='ltr' id='par_1_21' title="bbox 1383 301 1528 335">
     <span class='ocr_line' id='line_1_21' title="bbox 1383 301 1528 335; baseline -0.007 -7"><span class='ocrx_word' id='word_1_130' title='bbox 1383 311 1443 328; x_wconf 80' lang='grc' dir='ltr'><strong>νων</strong></span> <span class='ocrx_word' id='word_1_131' title='bbox 1463 301 1528 335; x_wconf 76' lang='grc'><strong>(59).</strong></span> 
     </span>
    </p>
   </div>
   <div class='ocr_carea' id='block_1_22' title="bbox 1111 345 1850 384">
    <p class='ocr_par' dir='ltr' id='par_1_22' title="bbox 1111 345 1850 384">
     <span class='ocr_line' id='line_1_22' title="bbox 1111 345 1850 384; baseline -0.005 -9"><span class='ocrx_word' id='word_1_132' title='bbox 1111 359 1119 374; x_wconf 81' lang='grc' dir='ltr'><strong>ι</strong></span> <span class='ocrx_word' id='word_1_133' title='bbox 1137 350 1226 384; x_wconf 77' lang='grc' dir='ltr'>Ἔχεις</span> <span class='ocrx_word' id='word_1_134' title='bbox 1241 349 1328 375; x_wconf 79' lang='grc' dir='ltr'><strong>τοίνυν</strong></span> <span class='ocrx_word' id='word_1_135' title='bbox 1342 347 1397 383; x_wconf 68' lang='grc'><strong>(60)</strong></span> <span class='ocrx_word' id='word_1_136' title='bbox 1415 349 1443 374; x_wconf 77' lang='grc' dir='ltr'>ὲν</span> <span class='ocrx_word' id='word_1_137' title='bbox 1460 347 1498 382; x_wconf 81' lang='grc' dir='ltr'>τῷ</span> <span class='ocrx_word' id='word_1_138' title='bbox 1510 346 1608 381; x_wconf 81' lang='grc' dir='ltr'>πρώτῳ</span> <span class='ocrx_word' id='word_1_139' title='bbox 1623 346 1676 372; x_wconf 83' lang='grc' dir='ltr'>ἕτει</span> <span class='ocrx_word' id='word_1_140' title='bbox 1692 345 1740 381; x_wconf 88' lang='grc' dir='ltr'>τὴν</span> <span class='ocrx_word' id='word_1_141' title='bbox 1751 354 1850 380; x_wconf 73' lang='grc' dir='ltr'>νουμη-</span> 
     </span>
    </p>
   </div>
   <div class='ocr_carea' id='block_1_23' title="bbox 1071 390 1849 428">
    <p class='ocr_par' dir='ltr' id='par_1_23' title="bbox 1071 390 1849 428">
     <span class='ocr_line' id='line_1_23' title="bbox 1071 390 1849 428; baseline -0.005 -8"><span class='ocrx_word' id='word_1_142' title='bbox 1071 394 1129 420; x_wconf 77' lang='grc' dir='ltr'>νίαν</span> <span class='ocrx_word' id='word_1_143' title='bbox 1147 393 1192 419; x_wconf 81' lang='grc' dir='ltr'>τοῦ</span> <span class='ocrx_word' id='word_1_144' title='bbox 1208 392 1314 428; x_wconf 81' lang='grc' dir='ltr'>πρώτου</span> <span class='ocrx_word' id='word_1_145' title='bbox 1332 391 1423 427; x_wconf 78' lang='grc' dir='ltr'>μηνὸς,</span> <span class='ocrx_word' id='word_1_146' title='bbox 1440 392 1499 426; x_wconf 81' lang='grc' dir='ltr'>ἥτις</span> <span class='ocrx_word' id='word_1_147' title='bbox 1511 391 1618 426; x_wconf 74' lang='grc' dir='ltr'>ἀπάσης</span> <span class='ocrx_word' id='word_1_148' title='bbox 1632 390 1705 417; x_wconf 76' lang='grc' dir='ltr'>ἐστὶν</span> <span class='ocrx_word' id='word_1_149' title='bbox 1718 390 1788 426; x_wconf 83' lang='grc' dir='ltr'><strong>ἁρχὴ</strong></span> <span class='ocrx_word' id='word_1_150' title='bbox 1801 390 1849 424; x_wconf 77' lang='grc' dir='ltr'>τῆς</span> 
     </span>
    </p>
   </div>
   <div class='ocr_carea' id='block_1_24' title="bbox 1071 436 1849 474">
    <p class='ocr_par' dir='ltr' id='par_1_24' title="bbox 1071 436 1849 474">
     <span class='ocr_line' id='line_1_24' title="bbox 1071 436 1849 474; baseline -0.005 -8"><span class='ocrx_word' id='word_1_151' title='bbox 1071 438 1396 474; x_wconf 79' lang='grc' dir='ltr'>ἑννεακαιδεκαετηρέδος,</span> <span class='ocrx_word' id='word_1_152' title='bbox 1416 440 1448 472; x_wconf 79' lang='grc' dir='ltr'><strong>τῇ</strong></span> <span class='ocrx_word' id='word_1_153' title='bbox 1475 437 1535 464; x_wconf 77' lang='grc' dir='ltr'>καθ’</span> <span class='ocrx_word' id='word_1_154' title='bbox 1552 436 1714 471; x_wconf 75' lang='grc' dir='ltr'>Αἰγυπτίους</span> <span class='ocrx_word' id='word_1_155' title='bbox 1731 436 1778 472; x_wconf 83' lang='grc' dir='ltr'>μὲν</span> <span class='ocrx_word' id='word_1_156' title='bbox 1797 437 1849 462; x_wconf 80' lang='grc' dir='ltr'><strong>Φα-</strong></span> 
     </span>
    </p>
   </div>
   <div class='ocr_carea' id='block_1_25' title="bbox 1071 481 1848 520">
    <p class='ocr_par' dir='ltr' id='par_1_25' title="bbox 1071 481 1848 520">
     <span class='ocr_line' id='line_1_25' title="bbox 1071 481 1848 520; baseline -0.004 -9"><span class='ocrx_word' id='word_1_157' title='bbox 1071 484 1158 519; x_wconf 82' lang='grc' dir='ltr'>μενὼθ</span> <span class='ocrx_word' id='word_1_158' title='bbox 1171 483 1224 519; x_wconf 83' lang='grc'><strong>(61)</strong></span> <span class='ocrx_word' id='word_1_159' title='bbox 1239 485 1305 520; x_wconf 78' lang='grc' dir='ltr'>ἕκτῃ</span> <span class='ocrx_word' id='word_1_160' title='bbox 1318 483 1364 510; x_wconf 78' lang='grc' dir='ltr'>καὶ</span> <span class='ocrx_word' id='word_1_161' title='bbox 1379 483 1476 514; x_wconf 79' lang='grc' dir='ltr'><strong>εἰκάδι,</strong></span> <span class='ocrx_word' id='word_1_162' title='bbox 1491 482 1561 509; x_wconf 79' lang='grc' dir='ltr'>κατὰ</span> <span class='ocrx_word' id='word_1_163' title='bbox 1572 482 1600 508; x_wconf 82' lang='grc' dir='ltr'>δὲ</span> <span class='ocrx_word' id='word_1_164' title='bbox 1611 482 1674 513; x_wconf 75' lang='grc' dir='ltr'>τοὺς</span> <span class='ocrx_word' id='word_1_165' title='bbox 1687 481 1848 509; x_wconf 79' lang='grc' dir='ltr'><strong>Μακεδόνων</strong></span> 
     </span>
    </p>
   </div>
   <div class='ocr_carea' id='block_1_26' title="bbox 1070 527 1847 567">
    <p class='ocr_par' dir='ltr' id='par_1_26' title="bbox 1070 527 1847 567">
     <span class='ocr_line' id='line_1_26' title="bbox 1070 527 1847 567; baseline -0.003 -11"><span class='ocrx_word' id='word_1_166' title='bbox 1070 531 1166 565; x_wconf 80' lang='grc' dir='ltr'>μῆνας,</span> <span class='ocrx_word' id='word_1_167' title='bbox 1184 529 1301 565; x_wconf 63' lang='grc' dir='ltr'><strong>Δὺπρῆυ</strong></span> <span class='ocrx_word' id='word_1_168' title='bbox 1320 529 1433 567; x_wconf 76' lang='grc' dir='ltr'>δευτέρᾳ</span> <span class='ocrx_word' id='word_1_169' title='bbox 1445 529 1491 555; x_wconf 79' lang='grc' dir='ltr'><strong>καὶ</strong></span> <span class='ocrx_word' id='word_1_170' title='bbox 1504 529 1600 560; x_wconf 76' lang='grc' dir='ltr'>εἰκάδι,</span> <span class='ocrx_word' id='word_1_171' title='bbox 1613 528 1650 560; x_wconf 85' lang='grc' dir='ltr'>ὡς</span> <span class='ocrx_word' id='word_1_172' title='bbox 1667 527 1690 554; x_wconf 79' lang='grc' dir='ltr'>δ’</span> <span class='ocrx_word' id='word_1_173' title='bbox 1703 528 1735 554; x_wconf 73' lang='grc' dir='ltr'>ἂν</span> <span class='ocrx_word' id='word_1_174' title='bbox 1747 529 1847 555; x_wconf 71' lang='grc' dir='ltr'>εἴποιεν</span> 
     </span>
    </p>
   </div>
   <div class='ocr_carea' id='block_1_27' title="bbox 1075 573 1848 611">
    <p class='ocr_par' dir='ltr' id='par_1_27' title="bbox 1075 573 1848 611">
     <span class='ocr_line' id='line_1_27' title="bbox 1075 573 1848 611; baseline -0.001 -10"><span class='ocrx_word' id='word_1_175' title='bbox 1075 575 1212 610; x_wconf 84' lang='grc' dir='ltr'>Ῥωμαῖοι,</span> <span class='ocrx_word' id='word_1_176' title='bbox 1223 575 1276 611; x_wconf 80' lang='grc' dir='ltr'><strong>πρὸ</strong></span> <span class='ocrx_word' id='word_1_177' title='bbox 1285 575 1380 601; x_wconf 75' lang='grc' dir='ltr'>ἕνδεκα</span> <span class='ocrx_word' id='word_1_178' title='bbox 1389 573 1534 601; x_wconf 75' lang='grc' dir='ltr'><strong>Καλανδῶν</strong></span> <span class='ocrx_word' id='word_1_179' title='bbox 1553 573 1705 609; x_wconf 77' lang='grc' dir='ltr'>Ἀπριλίων.</span> <span class='ocrx_word' id='word_1_180' title='bbox 1720 574 1848 610; x_wconf 78' lang='grc' dir='ltr'>Εὑρίσκε-</span> 
     </span>
    </p>
   </div>
   <div class='ocr_carea' id='block_1_28' title="bbox 1067 619 1846 655">
    <p class='ocr_par' dir='ltr' id='par_1_28' title="bbox 1067 619 1846 655">
     <span class='ocr_line' id='line_1_28' title="bbox 1067 619 1846 655; baseline -0.001 -9"><span class='ocrx_word' id='word_1_181' title='bbox 1067 629 1111 647; x_wconf 89' lang='grc' dir='ltr'><strong>ται</strong></span> <span class='ocrx_word' id='word_1_182' title='bbox 1136 620 1163 646; x_wconf 85' lang='grc' dir='ltr'>δὲ</span> <span class='ocrx_word' id='word_1_183' title='bbox 1183 622 1196 647; x_wconf 85' lang='grc' dir='ltr'>ὁ</span> <span class='ocrx_word' id='word_1_184' title='bbox 1218 620 1292 655; x_wconf 71' lang='grc' dir='ltr'>ἥλιος</span> <span class='ocrx_word' id='word_1_185' title='bbox 1320 621 1347 646; x_wconf 79' lang='grc' dir='ltr'>ἐν</span> <span class='ocrx_word' id='word_1_186' title='bbox 1374 621 1405 655; x_wconf 87' lang='grc' dir='ltr'>τῇ</span> <span class='ocrx_word' id='word_1_187' title='bbox 1435 619 1601 655; x_wconf 74' lang='grc' dir='ltr'>προκειμένῃ</span> <span class='ocrx_word' id='word_1_188' title='bbox 1626 619 1754 654; x_wconf 79' lang='grc' dir='ltr'><strong>Φαμενὼθ</strong></span> <span class='ocrx_word' id='word_1_189' title='bbox 1779 619 1846 655; x_wconf 71' lang='grc' dir='ltr'>ἕκτη</span> 
     </span>
    </p>
   </div>
   <div class='ocr_carea' id='block_1_29' title="bbox 1067 665 1845 701">
    <p class='ocr_par' dir='ltr' id='par_1_29' title="bbox 1067 665 1845 701">
     <span class='ocr_line' id='line_1_29' title="bbox 1067 665 1845 701; baseline -0.001 -8"><span class='ocrx_word' id='word_1_190' title='bbox 1067 667 1113 693; x_wconf 73' lang='grc' dir='ltr'>καὶ</span> <span class='ocrx_word' id='word_1_191' title='bbox 1133 667 1219 693; x_wconf 77' lang='grc' dir='ltr'>εἰκάδι</span> <span class='ocrx_word' id='word_1_192' title='bbox 1231 667 1262 693; x_wconf 85' lang='grc' dir='ltr'>οὺ</span> <span class='ocrx_word' id='word_1_193' title='bbox 1279 666 1357 701; x_wconf 78' lang='grc' dir='ltr'>μόνον</span> <span class='ocrx_word' id='word_1_194' title='bbox 1376 666 1471 697; x_wconf 75' lang='grc' dir='ltr'>ἐπιϐὰς</span> <span class='ocrx_word' id='word_1_195' title='bbox 1492 665 1538 692; x_wconf 73' lang='grc' dir='ltr'>τοῦ</span> <span class='ocrx_word' id='word_1_196' title='bbox 1563 665 1669 701; x_wconf 83' lang='grc' dir='ltr'>πρώτου</span> <span class='ocrx_word' id='word_1_197' title='bbox 1693 666 1845 701; x_wconf 78' lang='grc' dir='ltr'><strong>τμήματος,</strong></span> 
     </span>
    </p>
   </div>
   <div class='ocr_carea' id='block_1_30' title="bbox 1066 711 1847 748">
    <p class='ocr_par' dir='ltr' id='par_1_30' title="bbox 1066 711 1847 748">
     <span class='ocr_line' id='line_1_30' title="bbox 1066 711 1847 748; baseline -0.001 -9"><span class='ocrx_word' id='word_1_198' title='bbox 1066 712 1122 739; x_wconf 81' lang='grc' dir='ltr'>ἀλλ’</span> <span class='ocrx_word' id='word_1_199' title='bbox 1144 713 1193 748; x_wconf 75' lang='grc' dir='ltr'>ἤδη</span> <span class='ocrx_word' id='word_1_200' title='bbox 1217 713 1264 739; x_wconf 75' lang='grc' dir='ltr'>καὶ</span> <span class='ocrx_word' id='word_1_201' title='bbox 1278 713 1409 748; x_wconf 75' lang='grc' dir='ltr'><strong>τετάρτην</strong></span> <span class='ocrx_word' id='word_1_202' title='bbox 1424 712 1530 748; x_wconf 82' lang='grc' dir='ltr'><strong>ἡμέραν</strong></span> <span class='ocrx_word' id='word_1_203' title='bbox 1551 713 1579 738; x_wconf 85' lang='grc' dir='ltr'>ὲν</span> <span class='ocrx_word' id='word_1_204' title='bbox 1601 711 1674 746; x_wconf 73' lang='grc' dir='ltr'>αὐτῷ</span> <span class='ocrx_word' id='word_1_205' title='bbox 1690 712 1847 747; x_wconf 68' lang='grc' dir='ltr'>διαπορευὼ</span> 
     </span>
    </p>
   </div>
   <div class='ocr_carea' id='block_1_31' title="bbox 1067 757 1844 794">
    <p class='ocr_par' dir='ltr' id='par_1_31' title="bbox 1067 757 1844 794">
     <span class='ocr_line' id='line_1_31' title="bbox 1067 757 1844 794; baseline -0.001 -10"><span class='ocrx_word' id='word_1_206' title='bbox 1067 767 1156 793; x_wconf 84' lang='grc' dir='ltr'>μενος.</span> <span class='ocrx_word' id='word_1_207' title='bbox 1174 758 1258 784; x_wconf 82' lang='grc' dir='ltr'>Τοῦτο</span> <span class='ocrx_word' id='word_1_208' title='bbox 1271 759 1298 784; x_wconf 84' lang='grc' dir='ltr'>δὲ</span> <span class='ocrx_word' id='word_1_209' title='bbox 1317 758 1347 784; x_wconf 83' lang='grc' dir='ltr'>τὸ</span> <span class='ocrx_word' id='word_1_210' title='bbox 1366 758 1472 793; x_wconf 85' lang='grc' dir='ltr'>τμῆμα,</span> <span class='ocrx_word' id='word_1_211' title='bbox 1489 757 1594 793; x_wconf 85' lang='grc' dir='ltr'>πρῶτον</span> <span class='ocrx_word' id='word_1_212' title='bbox 1611 757 1844 794; x_wconf 81' lang='grc' dir='ltr'>δωδεκατημόριον</span> 
     </span>
    </p>
   </div>
   <div class='ocr_carea' id='block_1_32' title="bbox 1065 803 1843 840">
    <p class='ocr_par' dir='ltr' id='par_1_32' title="bbox 1065 803 1843 840">
     <span class='ocr_line' id='line_1_32' title="bbox 1065 803 1843 840; baseline -0.001 -10"><span class='ocrx_word' id='word_1_213' title='bbox 1065 805 1111 830; x_wconf 74' lang='grc' dir='ltr'>καὶ</span> <span class='ocrx_word' id='word_1_214' title='bbox 1134 804 1298 840; x_wconf 80' lang='grc' dir='ltr'>ἰσημερινὸν,</span> <span class='ocrx_word' id='word_1_215' title='bbox 1321 805 1367 830; x_wconf 78' lang='grc' dir='ltr'>καὶ</span> <span class='ocrx_word' id='word_1_216' title='bbox 1383 803 1473 839; x_wconf 81' lang='grc' dir='ltr'>μηνῶν</span> <span class='ocrx_word' id='word_1_217' title='bbox 1489 803 1585 838; x_wconf 82' lang='grc' dir='ltr'><strong>ἀρχὴν,</strong></span> <span class='ocrx_word' id='word_1_218' title='bbox 1604 803 1650 829; x_wconf 76' lang='grc' dir='ltr'>καὶ</span> <span class='ocrx_word' id='word_1_219' title='bbox 1665 803 1783 838; x_wconf 69' lang='grc' dir='ltr'>κεφαλὴν</span> <span class='ocrx_word' id='word_1_220' title='bbox 1796 803 1843 829; x_wconf 83' lang='grc' dir='ltr'>τοῦ</span> 
     </span>
    </p>
   </div>
   <div class='ocr_carea' id='block_1_33' title="bbox 1066 848 1842 885">
    <p class='ocr_par' dir='ltr' id='par_1_33' title="bbox 1066 848 1842 885">
     <span class='ocr_line' id='line_1_33' title="bbox 1066 848 1842 885; baseline 0 -10"><span class='ocrx_word' id='word_1_221' title='bbox 1066 849 1175 881; x_wconf 84' lang='grc' dir='ltr'>κύκλου,</span> <span class='ocrx_word' id='word_1_222' title='bbox 1193 849 1239 876; x_wconf 74' lang='grc' dir='ltr'><strong>καὶ</strong></span> <span class='ocrx_word' id='word_1_223' title='bbox 1261 850 1356 883; x_wconf 57' lang='grc' dir='ltr'>ἄφεσιν</span> <span class='ocrx_word' id='word_1_224' title='bbox 1371 849 1417 876; x_wconf 75' lang='grc' dir='ltr'>τοῦ</span> <span class='ocrx_word' id='word_1_225' title='bbox 1432 848 1486 875; x_wconf 84' lang='grc' dir='ltr'>τῶν</span> <span class='ocrx_word' id='word_1_226' title='bbox 1512 849 1654 884; x_wconf 83' lang='grc' dir='ltr'>πλανητῶν</span> <span class='ocrx_word' id='word_1_227' title='bbox 1673 849 1772 885; x_wconf 72' lang='grc' dir='ltr'>δρόμου</span> <span class='ocrx_word' id='word_1_228' title='bbox 1787 849 1842 880; x_wconf 72' lang='lat'><strong>(6°!)</strong></span> 
     </span>
    </p>
   </div>
   <div class='ocr_carea' id='block_1_34' title="bbox 235 883 1007 930">
    <p class='ocr_par' dir='ltr' id='par_1_34' title="bbox 235 892 1007 926">
     <span class='ocr_line' id='line_1_34' title="bbox 235 892 1007 926; baseline -0.004 -6"><span class='ocrx_word' id='word_1_229' title='bbox 235 894 434 926; x_wconf 82' lang='lat' dir='ltr'><strong>duodecimum,</strong></span> <span class='ocrx_word' id='word_1_230' title='bbox 449 898 478 920; x_wconf 92' lang='lat' dir='ltr'><strong>et</strong></span> <span class='ocrx_word' id='word_1_231' title='bbox 491 893 614 919; x_wconf 90' lang='lat' dir='ltr'><strong>ultimum</strong></span> <span class='ocrx_word' id='word_1_232' title='bbox 636 892 894 922; x_wconf 84' lang='lat' dir='ltr'><strong>dodccatemorium,</strong></span> <span class='ocrx_word' id='word_1_233' title='bbox 913 895 940 918; x_wconf 89' lang='lat' dir='ltr'><strong>et</strong></span> <span class='ocrx_word' id='word_1_234' title='bbox 960 895 1007 918; x_wconf 44' lang='lat' dir='ltr'><strong>ter.</strong></span> 
     </span>
    </p>
   </div>
   <div class='ocr_carea' id='block_1_35' title="bbox 1058 883 1842 930">
    <p class='ocr_par' dir='ltr' id='par_1_35' title="bbox 1064 894 1842 930">
     <span class='ocr_line' id='line_1_35' title="bbox 1064 894 1842 930; baseline 0 -10"><span class='ocrx_word' id='word_1_235' title='bbox 1064 895 1154 921; x_wconf 80' lang='grc' dir='ltr'>καλεῖν</span> <span class='ocrx_word' id='word_1_236' title='bbox 1179 894 1302 921; x_wconf 79' lang='grc' dir='ltr'>εἰώθασι·</span> <span class='ocrx_word' id='word_1_237' title='bbox 1319 894 1349 921; x_wconf 74' lang='grc' dir='ltr'>τὸ</span> <span class='ocrx_word' id='word_1_238' title='bbox 1363 894 1391 920; x_wconf 77' lang='grc' dir='ltr'>δὲ</span> <span class='ocrx_word' id='word_1_239' title='bbox 1416 895 1468 929; x_wconf 77' lang='grc' dir='ltr'><strong>πρὸ</strong></span> <span class='ocrx_word' id='word_1_240' title='bbox 1490 895 1594 923; x_wconf 74' lang='grc' dir='ltr'>τούτου.</span> <span class='ocrx_word' id='word_1_241' title='bbox 1619 895 1710 930; x_wconf 82' lang='grc' dir='ltr'>μηνῶν</span> <span class='ocrx_word' id='word_1_242' title='bbox 1731 894 1842 930; x_wconf 64' lang='grc' dir='ltr'>ἔσχατοι</span> 
     </span>
    </p>
   </div>
   <div class='ocr_carea' id='block_1_36' title="bbox 235 937 1012 973">
    <p class='ocr_par' dir='ltr' id='par_1_36' title="bbox 235 937 1012 973">
     <span class='ocr_line' id='line_1_36' title="bbox 235 937 1012 973; baseline -0.005 -7"><span class='ocrx_word' id='word_1_243' title='bbox 235 939 323 966; x_wconf 87' lang='lat' dir='ltr'><strong>minus</strong></span> <span class='ocrx_word' id='word_1_244' title='bbox 335 939 463 966; x_wconf 85' lang='lat' dir='ltr'><strong>circuitus</strong></span> <span class='ocrx_word' id='word_1_245' title='bbox 474 938 643 973; x_wconf 81' lang='lat' dir='ltr'><strong>planetarum</strong></span> <span class='ocrx_word' id='word_1_246' title='bbox 653 943 774 965; x_wconf 89' lang='lat' dir='ltr'><strong>vocatur.</strong></span> <span class='ocrx_word' id='word_1_247' title='bbox 782 937 959 972; x_wconf 85' lang='lat' dir='ltr'><strong>Quamobrem</strong></span> <span class='ocrx_word' id='word_1_248' title='bbox 967 937 1012 969; x_wconf 85' lang='lat' dir='ltr'><strong>qui</strong></span> 
     </span>
    </p>
   </div>
   <div class='ocr_carea' id='block_1_37' title="bbox 234 982 1013 1018">
    <p class='ocr_par' dir='ltr' id='par_1_37' title="bbox 234 982 1013 1018">
     <span class='ocr_line' id='line_1_37' title="bbox 234 982 1013 1018; baseline -0.003 -8"><span class='ocrx_word' id='word_1_249' title='bbox 234 984 348 1017; x_wconf 89' lang='lat' dir='ltr'><strong>primum</strong></span> <span class='ocrx_word' id='word_1_250' title='bbox 366 991 486 1010; x_wconf 88' lang='lat' dir='ltr'><strong>mensem</strong></span> <span class='ocrx_word' id='word_1_251' title='bbox 511 983 537 1009; x_wconf 89' lang='lat' dir='ltr'><strong>in</strong></span> <span class='ocrx_word' id='word_1_252' title='bbox 564 990 594 1009; x_wconf 86' lang='lat' dir='ltr'><strong>ea</strong></span> <span class='ocrx_word' id='word_1_253' title='bbox 609 988 780 1014; x_wconf 84' lang='lat' dir='ltr'><strong>statuunt,et</strong></span> <span class='ocrx_word' id='word_1_254' title='bbox 797 987 922 1018; x_wconf 88' lang='lat' dir='ltr'><strong>quartam</strong></span> <span class='ocrx_word' id='word_1_255' title='bbox 939 982 1013 1009; x_wconf 85' lang='lat' dir='ltr'><strong>deei-</strong></span> 
     </span>
    </p>
   </div>
   <div class='ocr_carea' id='block_1_38' title="bbox 233 1027 1011 1063">
    <p class='ocr_par' dir='ltr' id='par_1_38' title="bbox 233 1027 1011 1063">
     <span class='ocr_line' id='line_1_38' title="bbox 233 1027 1011 1063; baseline -0.001 -9"><span class='ocrx_word' id='word_1_256' title='bbox 233 1036 304 1055; x_wconf 92' lang='lat' dir='ltr'><strong>mam</strong></span> <span class='ocrx_word' id='word_1_257' title='bbox 319 1028 399 1063; x_wconf 79' lang='lat'><strong>287</strong></span> <span class='ocrx_word' id='word_1_258' title='bbox 416 1028 549 1062; x_wconf 83' lang='lat' dir='ltr'><strong>paschalis</strong></span> <span class='ocrx_word' id='word_1_259' title='bbox 558 1027 617 1054; x_wconf 78' lang='lat' dir='ltr'><strong>festi</strong></span> <span class='ocrx_word' id='word_1_260' title='bbox 633 1035 663 1053; x_wconf 79' lang='lat' dir='ltr'><strong>ex</strong></span> <span class='ocrx_word' id='word_1_261' title='bbox 681 1035 712 1054; x_wconf 89' lang='lat' dir='ltr'><strong>ea</strong></span> <span class='ocrx_word' id='word_1_262' title='bbox 735 1028 880 1060; x_wconf 84' lang='lat' dir='ltr'><strong>deducunt,</strong></span> <span class='ocrx_word' id='word_1_263' title='bbox 896 1034 943 1054; x_wconf 85' lang='lat' dir='ltr'><strong>eos</strong></span> <span class='ocrx_word' id='word_1_264' title='bbox 960 1034 1011 1054; x_wconf 87' lang='lat' dir='ltr'><strong>non</strong></span> 
     </span>
    </p>
   </div>
   <div class='ocr_carea' id='block_1_39' title="bbox 234 1073 1010 1107">
    <p class='ocr_par' dir='ltr' id='par_1_39' title="bbox 234 1073 1010 1107">
     <span class='ocr_line' id='line_1_39' title="bbox 234 1073 1010 1107; baseline 0 -8"><span class='ocrx_word' id='word_1_265' title='bbox 234 1074 404 1101; x_wconf 76' lang='lat' dir='ltr'><strong>mediocriter</strong></span> <span class='ocrx_word' id='word_1_266' title='bbox 412 1081 504 1100; x_wconf 88' lang='lat' dir='ltr'><strong>errare</strong></span> <span class='ocrx_word' id='word_1_267' title='bbox 512 1073 687 1100; x_wconf 84' lang='lat' dir='ltr'><strong>allirmamus.</strong></span> <span class='ocrx_word' id='word_1_268' title='bbox 697 1073 784 1107; x_wconf 82' lang='lat' dir='ltr'><strong>Atque</strong></span> <span class='ocrx_word' id='word_1_269' title='bbox 793 1074 848 1100; x_wconf 57' lang='lat' dir='ltr'><strong>haec</strong></span> <span class='ocrx_word' id='word_1_270' title='bbox 855 1073 945 1107; x_wconf 89' lang='lat' dir='ltr'><strong>opinio</strong></span> <span class='ocrx_word' id='word_1_271' title='bbox 959 1080 1010 1099; x_wconf 89' lang='lat' dir='ltr'><strong>non</strong></span> 
     </span>
    </p>
   </div>
   <div class='ocr_carea' id='block_1_40' title="bbox 233 1118 1011 1154">
    <p class='ocr_par' dir='ltr' id='par_1_40' title="bbox 233 1118 1011 1154">
     <span class='ocr_line' id='line_1_40' title="bbox 233 1118 1011 1154; baseline -0.001 -8"><span class='ocrx_word' id='word_1_272' title='bbox 233 1128 247 1146; x_wconf 90' lang='lat' dir='ltr'><strong>a</strong></span> <span class='ocrx_word' id='word_1_273' title='bbox 266 1120 342 1146; x_wconf 90' lang='lat' dir='ltr'><strong>nobis</strong></span> <span class='ocrx_word' id='word_1_274' title='bbox 357 1119 470 1153; x_wconf 87' lang='lat' dir='ltr'><strong>primum</strong></span> <span class='ocrx_word' id='word_1_275' title='bbox 483 1120 634 1154; x_wconf 81' lang='lat' dir='ltr'><strong>excogitata</strong></span> <span class='ocrx_word' id='word_1_276' title='bbox 648 1124 706 1151; x_wconf 85' lang='lat' dir='ltr'><strong>est;</strong></span> <span class='ocrx_word' id='word_1_277' title='bbox 718 1120 764 1145; x_wconf 90' lang='lat' dir='ltr'><strong>sed</strong></span> <span class='ocrx_word' id='word_1_278' title='bbox 780 1127 793 1145; x_wconf 92' lang='lat' dir='ltr'><strong>a</strong></span> <span class='ocrx_word' id='word_1_279' title='bbox 807 1118 1011 1152; x_wconf 74' lang='lat' dir='ltr'><strong>priscisludzeis</strong></span> 
     </span>
    </p>
   </div>
   <div class='ocr_carea' id='block_1_41' title="bbox 231 1163 1012 1200">
    <p class='ocr_par' dir='ltr' id='par_1_41' title="bbox 231 1163 1012 1200">
     <span class='ocr_line' id='line_1_41' title="bbox 231 1163 1012 1200; baseline -0.001 -9"><span class='ocrx_word' id='word_1_280' title='bbox 231 1166 312 1192; x_wconf 87' lang='lat' dir='ltr'><strong>etiam</strong></span> <span class='ocrx_word' id='word_1_281' title='bbox 328 1169 390 1192; x_wconf 89' lang='lat' dir='ltr'><strong>ante</strong></span> <span class='ocrx_word' id='word_1_282' title='bbox 409 1164 508 1192; x_wconf 86' lang='lat' dir='ltr'><strong>Christi</strong></span> <span class='ocrx_word' id='word_1_283' title='bbox 522 1165 666 1191; x_wconf 81' lang='lat' dir='ltr'><strong>adventum</strong></span> <span class='ocrx_word' id='word_1_284' title='bbox 683 1164 800 1200; x_wconf 81' lang='lat' dir='ltr'><strong>cognita,</strong></span> <span class='ocrx_word' id='word_1_285' title='bbox 815 1165 886 1191; x_wconf 89' lang='lat' dir='ltr'><strong>etab</strong></span> <span class='ocrx_word' id='word_1_286' title='bbox 903 1164 936 1190; x_wconf 89' lang='lat' dir='ltr'><strong>iis</strong></span> <span class='ocrx_word' id='word_1_287' title='bbox 952 1163 1012 1190; x_wconf 92' lang='lat' dir='ltr'><strong>dili-</strong></span> 
     </span>
    </p>
   </div>
   <div class='ocr_carea' id='block_1_42' title="bbox 231 1209 1011 1245">
    <p class='ocr_par' dir='ltr' id='par_1_42' title="bbox 231 1209 1011 1245">
     <span class='ocr_line' id='line_1_42' title="bbox 231 1209 1011 1245; baseline -0.004 -7"><span class='ocrx_word' id='word_1_288' title='bbox 231 1215 326 1245; x_wconf 77' lang='lat' dir='ltr'><strong>genter</strong></span> <span class='ocrx_word' id='word_1_289' title='bbox 345 1211 485 1237; x_wconf 87' lang='lat' dir='ltr'><strong>observata</strong></span> <span class='ocrx_word' id='word_1_290' title='bbox 498 1214 549 1237; x_wconf 87' lang='lat' dir='ltr'><strong>est.</strong></span> <span class='ocrx_word' id='word_1_291' title='bbox 569 1210 649 1244; x_wconf 83' lang='lat' dir='ltr'><strong>idque</strong></span> <span class='ocrx_word' id='word_1_292' title='bbox 661 1218 693 1237; x_wconf 79' lang='lat' dir='ltr'><strong>ex</strong></span> <span class='ocrx_word' id='word_1_293' title='bbox 711 1209 840 1242; x_wconf 86' lang='lat' dir='ltr'><strong>Philonis,</strong></span> <span class='ocrx_word' id='word_1_294' title='bbox 848 1209 956 1243; x_wconf 83' lang='lat' dir='ltr'><strong>Josephi</strong></span> <span class='ocrx_word' id='word_1_295' title='bbox 979 1216 1011 1236; x_wconf 81' lang='lat' dir='ltr'><strong>ac</strong></span> 
     </span>
    </p>
   </div>
   <div class='ocr_carea' id='block_1_43' title="bbox 231 1254 1010 1290">
    <p class='ocr_par' dir='ltr' id='par_1_43' title="bbox 231 1254 1010 1290">
     <span class='ocr_line' id='line_1_43' title="bbox 231 1254 1010 1290; baseline -0.003 -8"><span class='ocrx_word' id='word_1_296' title='bbox 231 1256 321 1283; x_wconf 59' lang='grc' dir='ltr'>λιιιεωί</span> <span class='ocrx_word' id='word_1_297' title='bbox 336 1256 424 1283; x_wconf 83' lang='lat' dir='ltr'><strong>verbis</strong></span> <span class='ocrx_word' id='word_1_298' title='bbox 441 1256 502 1282; x_wconf 88' lang='lat' dir='ltr'><strong>licet</strong></span> <span class='ocrx_word' id='word_1_299' title='bbox 519 1262 694 1290; x_wconf 78' lang='lat' dir='ltr'><strong>cognoscere.</strong></span> <span class='ocrx_word' id='word_1_300' title='bbox 715 1254 806 1289; x_wconf 83' lang='lat' dir='ltr'><strong>Neque</strong></span> <span class='ocrx_word' id='word_1_301' title='bbox 824 1262 857 1281; x_wconf 85' lang='lat' dir='ltr'><strong>ex</strong></span> <span class='ocrx_word' id='word_1_302' title='bbox 880 1255 923 1282; x_wconf 86' lang='lat' dir='ltr'><strong>bis</strong></span> <span class='ocrx_word' id='word_1_303' title='bbox 941 1254 1010 1281; x_wconf 92' lang='lat' dir='ltr'><strong>dun-</strong></span> 
     </span>
    </p>
   </div>
   <div class='ocr_carea' id='block_1_44' title="bbox 231 1299 1010 1335">
    <p class='ocr_par' dir='ltr' id='par_1_44' title="bbox 231 1299 1010 1335">
     <span class='ocr_line' id='line_1_44' title="bbox 231 1299 1010 1335; baseline -0.004 -6"><span class='ocrx_word' id='word_1_304' title='bbox 231 1307 314 1334; x_wconf 84' lang='lat' dir='ltr'><strong>taxat,</strong></span> <span class='ocrx_word' id='word_1_305' title='bbox 329 1309 421 1329; x_wconf 86' lang='lat' dir='ltr'><strong>verum</strong></span> <span class='ocrx_word' id='word_1_306' title='bbox 436 1302 518 1328; x_wconf 90' lang='lat' dir='ltr'><strong>etiam</strong></span> <span class='ocrx_word' id='word_1_307' title='bbox 540 1310 570 1328; x_wconf 80' lang='lat' dir='ltr'><strong>ex</strong></span> <span class='ocrx_word' id='word_1_308' title='bbox 595 1302 654 1329; x_wconf 90' lang='lat' dir='ltr'><strong>aliis</strong></span> <span class='ocrx_word' id='word_1_309' title='bbox 674 1300 880 1335; x_wconf 88' lang='lat' dir='ltr'><strong>antiquioribtts,</strong></span> <span class='ocrx_word' id='word_1_310' title='bbox 906 1299 1010 1327; x_wconf 85' lang='lat' dir='ltr'><strong>duobus</strong></span> 
     </span>
    </p>
   </div>
   <div class='ocr_carea' id='block_1_45' title="bbox 229 1347 1007 1382">
    <p class='ocr_par' dir='ltr' id='par_1_45' title="bbox 229 1347 1007 1382">
     <span class='ocr_line' id='line_1_45' title="bbox 229 1347 1007 1382; baseline -0.004 -7"><span class='ocrx_word' id='word_1_311' title='bbox 229 1349 333 1375; x_wconf 80' lang='lat' dir='ltr'><strong>scilicet</strong></span> <span class='ocrx_word' id='word_1_312' title='bbox 347 1348 579 1382; x_wconf 82' lang='lat' dir='ltr'><strong>Agatbohulis,qni</strong></span> <span class='ocrx_word' id='word_1_313' title='bbox 593 1347 715 1382; x_wconf 77' lang='lat' dir='ltr'><strong>magistri</strong></span> <span class='ocrx_word' id='word_1_314' title='bbox 729 1347 909 1381; x_wconf 78' lang='lat' dir='ltr'><strong>cognominati</strong></span> <span class='ocrx_word' id='word_1_315' title='bbox 924 1350 986 1373; x_wconf 91' lang='lat' dir='ltr'><strong>sunt</strong></span> <span class='ocrx_word' id='word_1_316' title='bbox 999 1365 1007 1377; x_wconf 88' lang='lat'><strong>,</strong></span> 
     </span>
    </p>
   </div>
   <div class='ocr_carea' id='block_1_46' title="bbox 228 1391 1008 1427">
    <p class='ocr_par' dir='ltr' id='par_1_46' title="bbox 228 1391 1008 1427">
     <span class='ocr_line' id='line_1_46' title="bbox 228 1391 1008 1427; baseline -0.003 -7"><span class='ocrx_word' id='word_1_317' title='bbox 228 1399 253 1420; x_wconf 78' lang='grc' dir='ltr'><strong>(ιι</strong></span> <span class='ocrx_word' id='word_1_318' title='bbox 267 1394 433 1426; x_wconf 83' lang='lat' dir='ltr'><strong>Aristobulo,</strong></span> <span class='ocrx_word' id='word_1_319' title='bbox 447 1394 507 1420; x_wconf 83' lang='lat' dir='ltr'><strong>viro</strong></span> <span class='ocrx_word' id='word_1_320' title='bbox 523 1393 757 1427; x_wconf 62' lang='lat' dir='ltr'><strong>praestantissimo.</strong></span> <span class='ocrx_word' id='word_1_321' title='bbox 772 1393 817 1426; x_wconf 91' lang='lat' dir='ltr'><strong>qui</strong></span> <span class='ocrx_word' id='word_1_322' title='bbox 827 1400 895 1418; x_wconf 91' lang='lat' dir='ltr'><strong>unus</strong></span> <span class='ocrx_word' id='word_1_323' title='bbox 911 1391 961 1418; x_wconf 82' lang='lat' dir='ltr'><strong>fuit</strong></span> <span class='ocrx_word' id='word_1_324' title='bbox 975 1399 1008 1418; x_wconf 84' lang='lat' dir='ltr'><strong>ex</strong></span> 
     </span>
    </p>
   </div>
   <div class='ocr_carea' id='block_1_47' title="bbox 229 1437 1007 1474">
    <p class='ocr_par' dir='ltr' id='par_1_47' title="bbox 229 1437 1007 1474">
     <span class='ocr_line' id='line_1_47' title="bbox 229 1437 1007 1474; baseline -0.004 -8"><span class='ocrx_word' id='word_1_325' title='bbox 229 1440 281 1466; x_wconf 72' lang='lat' dir='ltr'><strong>illis</strong></span> <span class='ocrx_word' id='word_1_326' title='bbox 294 1440 469 1474; x_wconf 77' lang='lat' dir='ltr'><strong>Septuaginta</strong></span> <span class='ocrx_word' id='word_1_327' title='bbox 499 1439 564 1465; x_wconf 91' lang='lat' dir='ltr'><strong>viris</strong></span> <span class='ocrx_word' id='word_1_328' title='bbox 581 1439 626 1472; x_wconf 90' lang='lat' dir='ltr'><strong>qui</strong></span> <span class='ocrx_word' id='word_1_329' title='bbox 647 1446 724 1465; x_wconf 88' lang='lat' dir='ltr'><strong>sacra</strong></span> <span class='ocrx_word' id='word_1_330' title='bbox 744 1437 917 1465; x_wconf 76' lang='lat' dir='ltr'><strong>Hebrteorum</strong></span> <span class='ocrx_word' id='word_1_331' title='bbox 933 1437 1007 1463; x_wconf 89' lang='lat' dir='ltr'><strong>volu-</strong></span> 
     </span>
    </p>
   </div>
   <div class='ocr_carea' id='block_1_48' title="bbox 228 1483 1008 1519">
    <p class='ocr_par' dir='ltr' id='par_1_48' title="bbox 228 1483 1008 1519">
     <span class='ocr_line' id='line_1_48' title="bbox 228 1483 1008 1519; baseline -0.004 -7"><span class='ocrx_word' id='word_1_332' title='bbox 228 1486 299 1512; x_wconf 84' lang='lat' dir='ltr'><strong>mina</strong></span> <span class='ocrx_word' id='word_1_333' title='bbox 312 1486 337 1511; x_wconf 91' lang='lat' dir='ltr'><strong>in</strong></span> <span class='ocrx_word' id='word_1_334' title='bbox 351 1485 483 1512; x_wconf 71' lang='lat' dir='ltr'><strong>Ptolemaei</strong></span> <span class='ocrx_word' id='word_1_335' title='bbox 498 1485 664 1519; x_wconf 83' lang='lat' dir='ltr'><strong>Philadelphi</strong></span> <span class='ocrx_word' id='word_1_336' title='bbox 681 1489 708 1511; x_wconf 88' lang='lat' dir='ltr'><strong>et</strong></span> <span class='ocrx_word' id='word_1_337' title='bbox 719 1484 838 1518; x_wconf 87' lang='lat' dir='ltr'><strong>parentis</strong></span> <span class='ocrx_word' id='word_1_338' title='bbox 850 1483 933 1518; x_wconf 81' lang='lat' dir='ltr'><strong>ipsius</strong></span> <span class='ocrx_word' id='word_1_339' title='bbox 946 1491 1008 1517; x_wconf 80' lang='lat' dir='ltr'><strong>gra-</strong></span> 
     </span>
    </p>
   </div>
   <div class='ocr_carea' id='block_1_49' title="bbox 229 1529 1003 1564">
    <p class='ocr_par' dir='ltr' id='par_1_49' title="bbox 229 1529 1003 1564">
     <span class='ocr_line' id='line_1_49' title="bbox 229 1529 1003 1564; baseline -0.001 -8"><span class='ocrx_word' id='word_1_340' title='bbox 229 1531 293 1557; x_wconf 83' lang='lat' dir='ltr'><strong>tiam</strong></span> <span class='ocrx_word' id='word_1_341' title='bbox 311 1530 405 1558; x_wconf 81' lang='lat' dir='ltr'><strong>Graeco</strong></span> <span class='ocrx_word' id='word_1_342' title='bbox 417 1537 542 1557; x_wconf 81' lang='lat' dir='ltr'><strong>sermone</strong></span> <span class='ocrx_word' id='word_1_343' title='bbox 563 1529 734 1564; x_wconf 88' lang='lat' dir='ltr'><strong>interpretati</strong></span> <span class='ocrx_word' id='word_1_344' title='bbox 752 1534 814 1556; x_wconf 89' lang='lat' dir='ltr'><strong>sunt</strong></span> <span class='ocrx_word' id='word_1_345' title='bbox 829 1539 835 1555; x_wconf 87' lang='lat'><strong>:</strong></span> <span class='ocrx_word' id='word_1_346' title='bbox 859 1534 886 1556; x_wconf 85' lang='lat' dir='ltr'><strong>et</strong></span> <span class='ocrx_word' id='word_1_347' title='bbox 908 1529 953 1564; x_wconf 91' lang='lat' dir='ltr'><strong>qui</strong></span> <span class='ocrx_word' id='word_1_348' title='bbox 972 1529 1003 1556; x_wconf 77' lang='lat' dir='ltr'><strong>li-</strong></span> 
     </span>
    </p>
   </div>
   <div class='ocr_carea' id='block_1_50' title="bbox 228 1576 1005 1612">
    <p class='ocr_par' dir='ltr' id='par_1_50' title="bbox 228 1576 1005 1612">
     <span class='ocr_line' id='line_1_50' title="bbox 228 1576 1005 1612; baseline -0.001 -7"><span class='ocrx_word' id='word_1_349' title='bbox 228 1578 290 1606; x_wconf 69' lang='grc' dir='ltr'>ιιι-οε</span> <span class='ocrx_word' id='word_1_350' title='bbox 303 1577 521 1611; x_wconf 73' lang='lat' dir='ltr'><strong>erplanationum</strong></span> <span class='ocrx_word' id='word_1_351' title='bbox 537 1577 603 1612; x_wconf 80' lang='lat' dir='ltr'><strong>legis</strong></span> <span class='ocrx_word' id='word_1_352' title='bbox 626 1577 751 1604; x_wconf 75' lang='lat' dir='ltr'><strong>Mosaicze</strong></span> <span class='ocrx_word' id='word_1_353' title='bbox 774 1576 870 1603; x_wconf 79' lang='lat' dir='ltr'><strong>iisdem</strong></span> <span class='ocrx_word' id='word_1_354' title='bbox 894 1576 1005 1612; x_wconf 79' lang='lat' dir='ltr'><strong>regibus</strong></span> 
     </span>
    </p>
   </div>
   <div class='ocr_carea' id='block_1_51' title="bbox 227 1622 1004 1658">
    <p class='ocr_par' dir='ltr' id='par_1_51' title="bbox 227 1622 1004 1658">
     <span class='ocr_line' id='line_1_51' title="bbox 227 1622 1004 1658; baseline -0.001 -8"><span class='ocrx_word' id='word_1_355' title='bbox 227 1624 400 1658; x_wconf 88' lang='lat' dir='ltr'><strong>nuncupavit.</strong></span> <span class='ocrx_word' id='word_1_356' title='bbox 417 1624 447 1650; x_wconf 94' lang='lat' dir='ltr'><strong>lli</strong></span> <span class='ocrx_word' id='word_1_357' title='bbox 463 1625 523 1650; x_wconf 89' lang='lat' dir='ltr'><strong>dum</strong></span> <span class='ocrx_word' id='word_1_358' title='bbox 535 1624 682 1651; x_wconf 81' lang='lat' dir='ltr'><strong>solutiones</strong></span> <span class='ocrx_word' id='word_1_359' title='bbox 698 1622 814 1649; x_wconf 84' lang='lat' dir='ltr'><strong>all&#39;erunt</strong></span> <span class='ocrx_word' id='word_1_360' title='bbox 825 1623 1004 1657; x_wconf 62' lang='lat' dir='ltr'><strong>quaestionum</strong></span> 
     </span>
    </p>
   </div>
   <div class='ocr_carea' id='block_1_52' title="bbox 227 1668 1005 1703">
    <p class='ocr_par' dir='ltr' id='par_1_52' title="bbox 227 1668 1005 1703">
     <span class='ocr_line' id='line_1_52' title="bbox 227 1668 1005 1703; baseline 0 -9"><span class='ocrx_word' id='word_1_361' title='bbox 227 1671 252 1696; x_wconf 89' lang='lat' dir='ltr'><strong>in</strong></span> <span class='ocrx_word' id='word_1_362' title='bbox 267 1670 398 1702; x_wconf 71' lang='lat' dir='ltr'><strong>Exodum,</strong></span> <span class='ocrx_word' id='word_1_363' title='bbox 412 1671 487 1696; x_wconf 89' lang='lat' dir='ltr'><strong>aiunt</strong></span> <span class='ocrx_word' id='word_1_364' title='bbox 504 1675 615 1697; x_wconf 85' lang='lat' dir='ltr'><strong>cunctos</strong></span> <span class='ocrx_word' id='word_1_365' title='bbox 629 1669 731 1703; x_wconf 88' lang='lat' dir='ltr'><strong>pariter</strong></span> <span class='ocrx_word' id='word_1_366' title='bbox 745 1668 849 1695; x_wconf 79' lang='lat' dir='ltr'><strong>Pascha</strong></span> <span class='ocrx_word' id='word_1_367' title='bbox 864 1668 1005 1695; x_wconf 84' lang='lat' dir='ltr'><strong>immolare</strong></span> 
     </span>
    </p>
   </div>
   <div class='ocr_carea' id='block_1_53' title="bbox 226 1714 1000 1751">
    <p class='ocr_par' dir='ltr' id='par_1_53' title="bbox 226 1714 1000 1751">
     <span class='ocr_line' id='line_1_53' title="bbox 226 1714 1000 1751; baseline -0.001 -9"><span class='ocrx_word' id='word_1_368' title='bbox 226 1716 324 1744; x_wconf 84' lang='lat' dir='ltr'><strong>debere</strong></span> <span class='ocrx_word' id='word_1_369' title='bbox 338 1721 397 1751; x_wconf 88' lang='lat' dir='ltr'><strong>post</strong></span> <span class='ocrx_word' id='word_1_370' title='bbox 416 1716 606 1750; x_wconf 79' lang='lat' dir='ltr'><strong>:cquinoetium</strong></span> <span class='ocrx_word' id='word_1_371' title='bbox 630 1723 741 1742; x_wconf 88' lang='lat' dir='ltr'><strong>vernum</strong></span> <span class='ocrx_word' id='word_1_372' title='bbox 760 1715 787 1740; x_wconf 86' lang='lat' dir='ltr'><strong>in</strong></span> <span class='ocrx_word' id='word_1_373' title='bbox 815 1715 902 1741; x_wconf 86' lang='lat' dir='ltr'><strong>medio</strong></span> <span class='ocrx_word' id='word_1_374' title='bbox 923 1714 1000 1749; x_wconf 92' lang='lat' dir='ltr'><strong>pritni</strong></span> 
     </span>
    </p>
   </div>
   <div class='ocr_carea' id='block_1_54' title="bbox 260 1805 1010 1841">
    <p class='ocr_par' dir='ltr' id='par_1_54' title="bbox 260 1805 1010 1841">
     <span class='ocr_line' id='line_1_54' title="bbox 260 1805 1010 1841; baseline 0 -8"><span class='ocrx_word' id='word_1_375' title='bbox 260 1807 314 1841; x_wconf 82' lang='lat'><strong>(59)</strong></span> <span class='ocrx_word' id='word_1_376' title='bbox 336 1807 382 1834; x_wconf 75' lang='grc' dir='ltr'>Ἐκ</span> <span class='ocrx_word' id='word_1_377' title='bbox 394 1805 527 1841; x_wconf 74' lang='grc' dir='ltr'><strong>τῶν’περὶ</strong></span> <span class='ocrx_word' id='word_1_378' title='bbox 538 1806 590 1834; x_wconf 83' lang='grc' dir='ltr'>τοῦ</span> <span class='ocrx_word' id='word_1_379' title='bbox 610 1806 714 1841; x_wconf 77' lang='grc' dir='ltr'>Πάσχα</span> <span class='ocrx_word' id='word_1_380' title='bbox 737 1806 907 1833; x_wconf 73' lang='grc' dir='ltr'>Ἀνατολίου</span> <span class='ocrx_word' id='word_1_381' title='bbox 923 1807 1010 1833; x_wconf 84' lang='grc' dir='ltr'>κανό-</span> 
     </span>
    </p>
   </div>
   <div class='ocr_carea' id='block_1_55' title="bbox 224 1841 1004 1876">
    <p class='ocr_par' dir='ltr' id='par_1_55' title="bbox 224 1841 1004 1876">
     <span class='ocr_line' id='line_1_55' title="bbox 224 1841 1004 1876; baseline 0 -8"><span class='ocrx_word' id='word_1_382' title='bbox 224 1850 294 1868; x_wconf 61' lang='grc' dir='ltr'><strong>νων.</strong></span> <span class='ocrx_word' id='word_1_383' title='bbox 312 1841 374 1869; x_wconf 63' lang='lat' dir='ltr'><strong>Haec</strong></span> <span class='ocrx_word' id='word_1_384' title='bbox 386 1843 466 1868; x_wconf 88' lang='lat' dir='ltr'><strong>verba</strong></span> <span class='ocrx_word' id='word_1_385' title='bbox 483 1850 496 1867; x_wconf 89' lang='lat' dir='ltr'><strong>a</strong></span> <span class='ocrx_word' id='word_1_386' title='bbox 513 1842 616 1876; x_wconf 87' lang='lat' dir='ltr'><strong>reliquo</strong></span> <span class='ocrx_word' id='word_1_387' title='bbox 631 1842 737 1869; x_wconf 81' lang='lat' dir='ltr'><strong>Eusebii</strong></span> <span class='ocrx_word' id='word_1_388' title='bbox 756 1846 829 1868; x_wconf 80' lang='lat' dir='ltr'><strong>textu</strong></span> <span class='ocrx_word' id='word_1_389' title='bbox 853 1842 1004 1874; x_wconf 76' lang='lat' dir='ltr'><strong>separanda</strong></span> 
     </span>
    </p>
   </div>
   <div class='ocr_carea' id='block_1_56' title="bbox 225 1876 1005 1910">
    <p class='ocr_par' dir='ltr' id='par_1_56' title="bbox 225 1876 1005 1910">
     <span class='ocr_line' id='line_1_56' title="bbox 225 1876 1005 1910; baseline 0.001 -9"><span class='ocrx_word' id='word_1_390' title='bbox 225 1882 300 1903; x_wconf 76' lang='lat' dir='ltr'><strong>sunt.</strong></span> <span class='ocrx_word' id='word_1_391' title='bbox 317 1878 385 1904; x_wconf 83' lang='lat' dir='ltr'><strong>Sunt</strong></span> <span class='ocrx_word' id='word_1_392' title='bbox 402 1877 473 1903; x_wconf 86' lang='lat' dir='ltr'><strong>enim</strong></span> <span class='ocrx_word' id='word_1_393' title='bbox 490 1878 573 1903; x_wconf 90' lang='lat' dir='ltr'><strong>instar</strong></span> <span class='ocrx_word' id='word_1_394' title='bbox 592 1876 660 1903; x_wconf 80' lang='lat' dir='ltr'><strong>tituli</strong></span> <span class='ocrx_word' id='word_1_395' title='bbox 683 1877 834 1910; x_wconf 81' lang='lat' dir='ltr'><strong>cujusdam,</strong></span> <span class='ocrx_word' id='word_1_396' title='bbox 849 1883 903 1910; x_wconf 84' lang='lat' dir='ltr'><strong>quo</strong></span> <span class='ocrx_word' id='word_1_397' title='bbox 925 1877 1005 1902; x_wconf 89' lang='lat' dir='ltr'><strong>deno-</strong></span> 
     </span>
    </p>
   </div>
   <div class='ocr_carea' id='block_1_57' title="bbox 225 1911 1007 1952">
    <p class='ocr_par' dir='ltr' id='par_1_57' title="bbox 225 1911 1007 1952">
     <span class='ocr_line' id='line_1_57' title="bbox 225 1911 1007 1952; baseline 0.001 -15"><span class='ocrx_word' id='word_1_398' title='bbox 225 1917 297 1952; x_wconf 69' lang='lat' dir='ltr'><strong>tatur</strong></span> <span class='ocrx_word' id='word_1_399' title='bbox 323 1919 438 1946; x_wconf 89' lang='lat' dir='ltr'><strong>sequens</strong></span> <span class='ocrx_word' id='word_1_400' title='bbox 460 1911 640 1947; x_wconf 77' lang='lat' dir='ltr'><strong>fragmentum</strong></span> <span class='ocrx_word' id='word_1_401' title='bbox 665 1911 779 1938; x_wconf 88' lang='lat' dir='ltr'><strong>alterius</strong></span> <span class='ocrx_word' id='word_1_402' title='bbox 811 1918 872 1938; x_wconf 88' lang='lat' dir='ltr'><strong>esse</strong></span> <span class='ocrx_word' id='word_1_403' title='bbox 894 1911 1007 1946; x_wconf 87' lang='lat' dir='ltr'><strong>scripto—</strong></span> 
     </span>
    </p>
   </div>
   <div class='ocr_carea' id='block_1_58' title="bbox 224 1954 271 1974">
    <p class='ocr_par' dir='ltr' id='par_1_58' title="bbox 224 1954 271 1974">
     <span class='ocr_line' id='line_1_58' title="bbox 224 1954 271 1974; baseline 0 -2"><span class='ocrx_word' id='word_1_404' title='bbox 224 1954 271 1974; x_wconf 69' lang='lat' dir='ltr'><strong>TIS.</strong></span> 
     </span>
    </p>
   </div>
   <div class='ocr_carea' id='block_1_59' title="bbox 258 1981 1003 2018">
    <p class='ocr_par' dir='ltr' id='par_1_59' title="bbox 258 1981 1003 2018">
     <span class='ocr_line' id='line_1_59' title="bbox 258 1981 1003 2018; baseline 0.001 -11"><span class='ocrx_word' id='word_1_405' title='bbox 258 1981 314 2018; x_wconf 70' lang='grc'><strong>(60)</strong></span> <span class='ocrx_word' id='word_1_406' title='bbox 332 1981 408 2015; x_wconf 84' lang='lat' dir='ltr'><strong>Vulg.</strong></span> <span class='ocrx_word' id='word_1_407' title='bbox 422 1982 483 2015; x_wconf 73' lang='grc' dir='ltr'>ἔχει</span> <span class='ocrx_word' id='word_1_408' title='bbox 496 1982 608 2008; x_wconf 80' lang='grc' dir='ltr'><strong>τοίνυν.</strong></span> <span class='ocrx_word' id='word_1_409' title='bbox 621 1981 670 2008; x_wconf 81' lang='lat' dir='ltr'><strong>llic</strong></span> <span class='ocrx_word' id='word_1_410' title='bbox 686 1981 822 2018; x_wconf 80' lang='lat' dir='ltr'><strong>subaudiri</strong></span> <span class='ocrx_word' id='word_1_411' title='bbox 836 1983 939 2018; x_wconf 77' lang='lat' dir='ltr'><strong>aliquid</strong></span> <span class='ocrx_word' id='word_1_412' title='bbox 948 1990 1003 2009; x_wconf 82' lang='lat' dir='ltr'><strong>ma-</strong></span> 
     </span>
    </p>
   </div>
   <div class='ocr_carea' id='block_1_60' title="bbox 224 2016 1003 2050">
    <p class='ocr_par' dir='ltr' id='par_1_60' title="bbox 224 2016 1003 2050">
     <span class='ocr_line' id='line_1_60' title="bbox 224 2016 1003 2050; baseline 0.001 -8"><span class='ocrx_word' id='word_1_413' title='bbox 224 2016 350 2044; x_wconf 88' lang='lat' dir='ltr'><strong>nil&#39;estum</strong></span> <span class='ocrx_word' id='word_1_414' title='bbox 367 2022 418 2044; x_wconf 89' lang='lat' dir='ltr'><strong>est.</strong></span> <span class='ocrx_word' id='word_1_415' title='bbox 433 2017 691 2050; x_wconf 82' lang='lat' dir='ltr'><strong>Cbristopltorsonus</strong></span> <span class='ocrx_word' id='word_1_416' title='bbox 711 2016 818 2048; x_wconf 85' lang='lat' dir='ltr'><strong>quidem</strong></span> <span class='ocrx_word' id='word_1_417' title='bbox 831 2016 926 2045; x_wconf 79' lang='lat' dir='ltr'><strong>festum</strong></span> <span class='ocrx_word' id='word_1_418' title='bbox 942 2025 1003 2050; x_wconf 85' lang='lat' dir='ltr'><strong>pas-</strong></span> 
     </span>
    </p>
   </div>
   <div class='ocr_carea' id='block_1_61' title="bbox 223 2051 1002 2086">
    <p class='ocr_par' dir='ltr' id='par_1_61' title="bbox 223 2051 1002 2086">
     <span class='ocr_line' id='line_1_61' title="bbox 223 2051 1002 2086; baseline 0.001 -9"><span class='ocrx_word' id='word_1_419' title='bbox 223 2051 300 2086; x_wconf 73' lang='lat' dir='ltr'><strong>chale</strong></span> <span class='ocrx_word' id='word_1_420' title='bbox 321 2052 460 2078; x_wconf 87' lang='lat' dir='ltr'><strong>subaudiri</strong></span> <span class='ocrx_word' id='word_1_421' title='bbox 480 2052 663 2084; x_wconf 77' lang='lat' dir='ltr'><strong>existimavit;</strong></span> <span class='ocrx_word' id='word_1_422' title='bbox 689 2051 760 2086; x_wconf 89' lang='lat' dir='ltr'><strong>quod</strong></span> <span class='ocrx_word' id='word_1_423' title='bbox 782 2057 825 2078; x_wconf 87' lang='lat' dir='ltr'><strong>est</strong></span> <span class='ocrx_word' id='word_1_424' title='bbox 846 2053 1002 2080; x_wconf 87' lang='lat' dir='ltr'><strong>absurdum.</strong></span> 
     </span>
    </p>
   </div>
   <div class='ocr_carea' id='block_1_62' title="bbox 223 2085 1001 2120">
    <p class='ocr_par' dir='ltr' id='par_1_62' title="bbox 223 2085 1001 2120">
     <span class='ocr_line' id='line_1_62' title="bbox 223 2085 1001 2120; baseline 0.001 -9"><span class='ocrx_word' id='word_1_425' title='bbox 223 2085 314 2120; x_wconf 70' lang='lat' dir='ltr'><strong>Neque</strong></span> <span class='ocrx_word' id='word_1_426' title='bbox 340 2087 413 2113; x_wconf 90' lang='lat' dir='ltr'><strong>enim</strong></span> <span class='ocrx_word' id='word_1_427' title='bbox 436 2087 537 2113; x_wconf 84' lang='lat' dir='ltr'><strong>Pascha</strong></span> <span class='ocrx_word' id='word_1_428' title='bbox 555 2087 651 2113; x_wconf 86' lang='lat' dir='ltr'><strong>incidit</strong></span> <span class='ocrx_word' id='word_1_429' title='bbox 675 2085 705 2112; x_wconf 82' lang='lat' dir='ltr'><strong>in</strong></span> <span class='ocrx_word' id='word_1_430' title='bbox 727 2086 894 2114; x_wconf 88' lang='lat' dir='ltr'><strong>novilunium</strong></span> <span class='ocrx_word' id='word_1_431' title='bbox 923 2087 1001 2120; x_wconf 86' lang='lat' dir='ltr'><strong>primi</strong></span> 
     </span>
    </p>
   </div>
   <div class='ocr_carea' id='block_1_63' title="bbox 224 2121 1001 2157">
    <p class='ocr_par' dir='ltr' id='par_1_63' title="bbox 224 2121 1001 2157">
     <span class='ocr_line' id='line_1_63' title="bbox 224 2121 1001 2157; baseline 0.004 -12"><span class='ocrx_word' id='word_1_432' title='bbox 224 2121 334 2157; x_wconf 72' lang='lat' dir='ltr'><strong>&quot;tensis.</strong></span> <span class='ocrx_word' id='word_1_433' title='bbox 353 2121 408 2157; x_wconf 76' lang='lat' dir='ltr'><strong>Ego</strong></span> <span class='ocrx_word' id='word_1_434' title='bbox 428 2129 492 2148; x_wconf 87' lang='lat' dir='ltr'><strong>vero</strong></span> <span class='ocrx_word' id='word_1_435' title='bbox 504 2121 629 2148; x_wconf 81' lang='lat' dir='ltr'><strong>existimo</strong></span> <span class='ocrx_word' id='word_1_436' title='bbox 647 2121 818 2148; x_wconf 85' lang='lat' dir='ltr'><strong>scribendum</strong></span> <span class='ocrx_word' id='word_1_437' title='bbox 831 2130 892 2150; x_wconf 83' lang='lat' dir='ltr'><strong>esse</strong></span> <span class='ocrx_word' id='word_1_438' title='bbox 906 2122 977 2157; x_wconf 72' lang='grc' dir='ltr'>ἔχεις</span> <span class='ocrx_word' id='word_1_439' title='bbox 995 2131 1001 2148; x_wconf 92' lang='lat'><strong>:</strong></span> 
     </span>
    </p>
   </div>
   <div class='ocr_carea' id='block_1_64' title="bbox 222 2156 640 2190">
    <p class='ocr_par' dir='ltr' id='par_1_64' title="bbox 222 2156 640 2190">
     <span class='ocr_line' id='line_1_64' title="bbox 222 2156 640 2190; baseline 0.005 -10"><span class='ocrx_word' id='word_1_440' title='bbox 222 2156 262 2182; x_wconf 85' lang='lat' dir='ltr'><strong>vel</strong></span> <span class='ocrx_word' id='word_1_441' title='bbox 278 2161 351 2183; x_wconf 89' lang='lat' dir='ltr'><strong>certe</strong></span> <span class='ocrx_word' id='word_1_442' title='bbox 364 2156 408 2190; x_wconf 74' lang='grc' dir='ltr'><strong>ἔχε</strong></span> <span class='ocrx_word' id='word_1_443' title='bbox 428 2157 453 2182; x_wconf 93' lang='lat' dir='ltr'><strong>in</strong></span> <span class='ocrx_word' id='word_1_444' title='bbox 471 2156 640 2189; x_wconf 84' lang='lat' dir='ltr'><strong>imperativo.</strong></span> 
     </span>
    </p>
   </div>
   <div class='ocr_carea' id='block_1_65' title="bbox 257 2190 1002 2225">
    <p class='ocr_par' dir='ltr' id='par_1_65' title="bbox 257 2190 1002 2225">
     <span class='ocr_line' id='line_1_65' title="bbox 257 2190 1002 2225; baseline 0.001 -8"><span class='ocrx_word' id='word_1_445' title='bbox 257 2190 312 2225; x_wconf 85' lang='lat'><strong>(6|)</strong></span> <span class='ocrx_word' id='word_1_446' title='bbox 324 2190 401 2225; x_wconf 86' lang='lat' dir='ltr'><strong>Vulg.</strong></span> <span class='ocrx_word' id='word_1_447' title='bbox 418 2190 472 2223; x_wconf 82' lang='grc' dir='ltr'>τῆς</span> <span class='ocrx_word' id='word_1_448' title='bbox 484 2191 545 2217; x_wconf 77' lang='grc' dir='ltr'>κατ’</span> <span class='ocrx_word' id='word_1_449' title='bbox 560 2191 738 2224; x_wconf 74' lang='grc' dir='ltr'>Αἰγυπτίους</span> <span class='ocrx_word' id='word_1_450' title='bbox 745 2190 803 2225; x_wconf 74' lang='grc' dir='ltr'>μὲν</span> <span class='ocrx_word' id='word_1_451' title='bbox 818 2191 964 2225; x_wconf 76' lang='grc' dir='ltr'>Φαμενὼθ.</span> <span class='ocrx_word' id='word_1_452' title='bbox 975 2192 1002 2218; x_wconf 94' lang='lat' dir='ltr'><strong>ln</strong></span> 
     </span>
    </p>
   </div>
   <div class='ocr_carea' id='block_1_66' title="bbox 222 2225 1002 2260">
    <p class='ocr_par' dir='ltr' id='par_1_66' title="bbox 222 2225 1002 2260">
     <span class='ocr_line' id='line_1_66' title="bbox 222 2225 1002 2260; baseline 0.005 -11"><span class='ocrx_word' id='word_1_453' title='bbox 222 2226 300 2252; x_wconf 76' lang='lat' dir='ltr'><strong>codd.</strong></span> <span class='ocrx_word' id='word_1_454' title='bbox 311 2226 390 2257; x_wconf 72' lang='lat' dir='ltr'><strong>Med,</strong></span> <span class='ocrx_word' id='word_1_455' title='bbox 405 2225 462 2252; x_wconf 83' lang='lat' dir='ltr'><strong>Fuk</strong></span> <span class='ocrx_word' id='word_1_456' title='bbox 480 2230 504 2251; x_wconf 88' lang='lat' dir='ltr'><strong>ct</strong></span> <span class='ocrx_word' id='word_1_457' title='bbox 516 2225 648 2252; x_wconf 83' lang='lat' dir='ltr'><strong>Mazarin</strong></span> <span class='ocrx_word' id='word_1_458' title='bbox 662 2226 761 2259; x_wconf 79' lang='lat' dir='ltr'><strong>legitur</strong></span> <span class='ocrx_word' id='word_1_459' title='bbox 769 2227 828 2260; x_wconf 82' lang='grc' dir='ltr'>τήν.</span> <span class='ocrx_word' id='word_1_460' title='bbox 843 2227 894 2253; x_wconf 82' lang='lat' dir='ltr'><strong>Sed</strong></span> <span class='ocrx_word' id='word_1_461' title='bbox 914 2229 1002 2253; x_wconf 88' lang='lat' dir='ltr'><strong>omni-</strong></span> 
     </span>
    </p>
   </div>
   <div class='ocr_carea' id='block_1_67' title="bbox 222 2260 937 2295">
    <p class='ocr_par' dir='ltr' id='par_1_67' title="bbox 222 2260 937 2295">
     <span class='ocr_line' id='line_1_67' title="bbox 222 2260 937 2295; baseline 0.003 -10"><span class='ocrx_word' id='word_1_462' title='bbox 222 2267 256 2286; x_wconf 93' lang='lat' dir='ltr'><strong>no</strong></span> <span class='ocrx_word' id='word_1_463' title='bbox 275 2260 528 2295; x_wconf 19' lang='lat' dir='ltr'><strong>legendutnrestcﬁ,</strong></span> <span class='ocrx_word' id='word_1_464' title='bbox 548 2265 575 2286; x_wconf 89' lang='lat' dir='ltr'><strong>ut</strong></span> <span class='ocrx_word' id='word_1_465' title='bbox 588 2261 725 2293; x_wconf 87' lang='lat' dir='ltr'><strong>sequentia</strong></span> <span class='ocrx_word' id='word_1_466' title='bbox 743 2262 937 2287; x_wconf 84' lang='lat' dir='ltr'><strong>demonstrant.</strong></span> 
     </span>
    </p>
   </div>
   <div class='ocr_carea' id='block_1_68' title="bbox 256 2294 1000 2329">
    <p class='ocr_par' dir='ltr' id='par_1_68' title="bbox 256 2294 1000 2329">
     <span class='ocr_line' id='line_1_68' title="bbox 256 2294 1000 2329; baseline 0.001 -8"><span class='ocrx_word' id='word_1_467' title='bbox 256 2295 312 2329; x_wconf 71' lang='lat'><strong>((52)</strong></span> <span class='ocrx_word' id='word_1_468' title='bbox 334 2295 387 2321; x_wconf 76' lang='grc' dir='ltr'><strong>Καὶ</strong></span> <span class='ocrx_word' id='word_1_469' title='bbox 409 2294 551 2328; x_wconf 58' lang='grc' dir='ltr'><strong>ἄφεσιν...</strong></span> <span class='ocrx_word' id='word_1_470' title='bbox 578 2295 631 2321; x_wconf 83' lang='grc' dir='ltr'>τοῦ</span> <span class='ocrx_word' id='word_1_471' title='bbox 654 2295 774 2328; x_wconf 81' lang='grc' dir='ltr'>δρόμου.</span> <span class='ocrx_word' id='word_1_472' title='bbox 810 2296 884 2322; x_wconf 80' lang='lat' dir='ltr'><strong>lianc</strong></span> <span class='ocrx_word' id='word_1_473' title='bbox 908 2304 1000 2323; x_wconf 71' lang='lat' dir='ltr'><strong>vacem</strong></span> 
     </span>
    </p>
   </div>
   <div class='ocr_carea' id='block_1_69' title="bbox 221 2330 1001 2364">
    <p class='ocr_par' dir='ltr' id='par_1_69' title="bbox 221 2330 1001 2364">
     <span class='ocr_line' id='line_1_69' title="bbox 221 2330 1001 2364; baseline 0.005 -10"><span class='ocrx_word' id='word_1_474' title='bbox 221 2337 273 2356; x_wconf 86' lang='lat' dir='ltr'><strong>non</strong></span> <span class='ocrx_word' id='word_1_475' title='bbox 299 2330 487 2356; x_wconf 82' lang='lat' dir='ltr'><strong>intellexerunt</strong></span> <span class='ocrx_word' id='word_1_476' title='bbox 506 2331 676 2362; x_wconf 87' lang='lat' dir='ltr'><strong>interpretes.</strong></span> <span class='ocrx_word' id='word_1_477' title='bbox 689 2331 808 2364; x_wconf 58' lang='lat' dir='ltr'><strong>.&quot;Aqact;</strong></span> <span class='ocrx_word' id='word_1_478' title='bbox 828 2331 934 2363; x_wconf 88' lang='lat' dir='ltr'><strong>proprie</strong></span> <span class='ocrx_word' id='word_1_479' title='bbox 961 2337 1001 2358; x_wconf 73' lang='lat' dir='ltr'><strong>est</strong></span> 
     </span>
    </p>
   </div>
   <div class='ocr_carea' id='block_1_70' title="bbox 220 2365 1001 2399">
    <p class='ocr_par' dir='ltr' id='par_1_70' title="bbox 220 2365 1001 2399">
     <span class='ocr_line' id='line_1_70' title="bbox 220 2365 1001 2399; baseline 0.004 -9"><span class='ocrx_word' id='word_1_480' title='bbox 220 2369 378 2394; x_wconf 84' lang='lat' dir='ltr'><strong>transenna.</strong></span> <span class='ocrx_word' id='word_1_481' title='bbox 408 2372 441 2391; x_wconf 81' lang='lat' dir='ltr'><strong>ex</strong></span> <span class='ocrx_word' id='word_1_482' title='bbox 459 2373 509 2398; x_wconf 83' lang='lat' dir='ltr'><strong>qua</strong></span> <span class='ocrx_word' id='word_1_483' title='bbox 527 2365 687 2390; x_wconf 78' lang='lat' dir='ltr'><strong>emittuntur</strong></span> <span class='ocrx_word' id='word_1_484' title='bbox 702 2365 860 2399; x_wconf 42' lang='grc' dir='ltr'><strong>(νηπίη-ἱεροί</strong></span> <span class='ocrx_word' id='word_1_485' title='bbox 877 2371 902 2391; x_wconf 82' lang='grc' dir='ltr'><strong>ιιι</strong></span> <span class='ocrx_word' id='word_1_486' title='bbox 929 2372 1001 2393; x_wconf 72' lang='lat' dir='ltr'><strong>recte</strong></span> 
     </span>
    </p>
   </div>
   <div class='ocr_carea' id='block_1_71' title="bbox 221 2399 999 2432">
    <p class='ocr_par' dir='ltr' id='par_1_71' title="bbox 221 2399 999 2432">
     <span class='ocr_line' id='line_1_71' title="bbox 221 2399 999 2432; baseline 0.004 -7"><span class='ocrx_word' id='word_1_487' title='bbox 221 2401 326 2426; x_wconf 89' lang='lat' dir='ltr'><strong>notavit</strong></span> <span class='ocrx_word' id='word_1_488' title='bbox 343 2399 463 2432; x_wconf 74' lang='lat' dir='ltr'><strong>Scaliger</strong></span> <span class='ocrx_word' id='word_1_489' title='bbox 488 2400 513 2425; x_wconf 92' lang='lat' dir='ltr'><strong>in</strong></span> <span class='ocrx_word' id='word_1_490' title='bbox 537 2400 606 2425; x_wconf 89' lang='lat' dir='ltr'><strong>notis</strong></span> <span class='ocrx_word' id='word_1_491' title='bbox 620 2400 652 2425; x_wconf 84' lang='lat' dir='ltr'><strong>ad</strong></span> <span class='ocrx_word' id='word_1_492' title='bbox 669 2399 817 2431; x_wconf 78' lang='lat' dir='ltr'><strong>Manilium,</strong></span> <span class='ocrx_word' id='word_1_493' title='bbox 850 2408 909 2432; x_wconf 65' lang='lat' dir='ltr'><strong>pag.</strong></span> <span class='ocrx_word' id='word_1_494' title='bbox 939 2401 999 2428; x_wconf 74' lang='lat'><strong>1:26.</strong></span> 
     </span>
    </p>
   </div>
   <div class='ocr_carea' id='block_1_72' title="bbox 219 2434 998 2469">
    <p class='ocr_par' dir='ltr' id='par_1_72' title="bbox 219 2434 998 2469">
     <span class='ocr_line' id='line_1_72' title="bbox 219 2434 998 2469; baseline 0.001 -9"><span class='ocrx_word' id='word_1_495' title='bbox 219 2434 339 2460; x_wconf 84' lang='lat' dir='ltr'><strong>Primum</strong></span> <span class='ocrx_word' id='word_1_496' title='bbox 358 2435 439 2465; x_wconf 66' lang='lat' dir='ltr'><strong>igitur</strong></span> <span class='ocrx_word' id='word_1_497' title='bbox 459 2434 704 2460; x_wconf 86' lang='lat' dir='ltr'><strong>dodeeatemorium</strong></span> <span class='ocrx_word' id='word_1_498' title='bbox 728 2435 874 2461; x_wconf 83' lang='lat' dir='ltr'><strong>vocabatur</strong></span> <span class='ocrx_word' id='word_1_499' title='bbox 893 2435 998 2469; x_wconf 81' lang='grc' dir='ltr'>ἄφεσις,</span> 
     </span>
    </p>
   </div>
   <div class='ocr_carea' id='block_1_73' title="bbox 219 2469 999 2503">
    <p class='ocr_par' dir='ltr' id='par_1_73' title="bbox 219 2469 999 2503">
     <span class='ocr_line' id='line_1_73' title="bbox 219 2469 999 2503; baseline 0.003 -8"><span class='ocrx_word' id='word_1_500' title='bbox 219 2469 290 2502; x_wconf 82' lang='lat' dir='ltr'><strong>quod</strong></span> <span class='ocrx_word' id='word_1_501' title='bbox 309 2470 343 2495; x_wconf 82' lang='lat' dir='ltr'><strong>ab</strong></span> <span class='ocrx_word' id='word_1_502' title='bbox 360 2469 406 2495; x_wconf 88' lang='lat' dir='ltr'><strong>illo</strong></span> <span class='ocrx_word' id='word_1_503' title='bbox 419 2474 544 2502; x_wconf 88' lang='lat' dir='ltr'><strong>tanquam</strong></span> <span class='ocrx_word' id='word_1_504' title='bbox 559 2477 571 2494; x_wconf 86' lang='lat' dir='ltr'><strong>a</strong></span> <span class='ocrx_word' id='word_1_505' title='bbox 588 2470 742 2495; x_wconf 80' lang='lat' dir='ltr'><strong>carceribus</strong></span> <span class='ocrx_word' id='word_1_506' title='bbox 758 2469 888 2503; x_wconf 76' lang='lat' dir='ltr'><strong>inciperet</strong></span> <span class='ocrx_word' id='word_1_507' title='bbox 904 2477 999 2497; x_wconf 85' lang='lat' dir='ltr'><strong>cursus</strong></span> 
     </span>
    </p>
   </div>
   <div class='ocr_carea' id='block_1_74' title="bbox 220 2503 997 2540">
    <p class='ocr_par' dir='ltr' id='par_1_74' title="bbox 220 2503 997 2540">
     <span class='ocr_line' id='line_1_74' title="bbox 220 2503 997 2540; baseline 0.001 -10"><span class='ocrx_word' id='word_1_508' title='bbox 220 2505 385 2540; x_wconf 67' lang='lat' dir='ltr'><strong>planetarum</strong></span> <span class='ocrx_word' id='word_1_509' title='bbox 399 2512 406 2530; x_wconf 85' lang='lat'>:</span> <span class='ocrx_word' id='word_1_510' title='bbox 422 2503 516 2540; x_wconf 66' lang='grc' dir='ltr'>ἄφειτις</span> <span class='ocrx_word' id='word_1_511' title='bbox 533 2511 601 2540; x_wconf 53' lang='grc' dir='ltr'><strong>(περ</strong></span> <span class='ocrx_word' id='word_1_512' title='bbox 614 2503 688 2540; x_wconf 74' lang='lat' dir='ltr'><strong>idem</strong></span> <span class='ocrx_word' id='word_1_513' title='bbox 712 2506 838 2540; x_wconf 68' lang='lat' dir='ltr'><strong>estquod</strong></span> <span class='ocrx_word' id='word_1_514' title='bbox 854 2504 997 2540; x_wconf 79' lang='grc' dir='ltr'>ἀφετηρία.</span> 
     </span>
    </p>
   </div>
   <div class='ocr_carea' id='block_1_75' title="bbox 256 2537 1000 2575">
    <p class='ocr_par' dir='ltr' id='par_1_75' title="bbox 256 2537 1000 2575">
     <span class='ocr_line' id='line_1_75' title="bbox 256 2537 1000 2575; baseline 0 -10"><span class='ocrx_word' id='word_1_515' title='bbox 256 2539 310 2575; x_wconf 72' lang='lat'><strong>(65)</strong></span> <span class='ocrx_word' id='word_1_516' title='bbox 331 2540 399 2565; x_wconf 81' lang='grc' dir='ltr'>Κατ’</span> <span class='ocrx_word' id='word_1_517' title='bbox 412 2537 738 2575; x_wconf 34' lang='grc' dir='ltr'>αὐτὴν-λαμϐάνοντας.</span> <span class='ocrx_word' id='word_1_518' title='bbox 755 2537 1000 2575; x_wconf 75' lang='lat' dir='ltr'><strong>Omninoscriben-</strong></span> 
     </span>
    </p>
   </div>
   <div class='ocr_carea' id='block_1_76' title="bbox 219 2573 998 2608">
    <p class='ocr_par' dir='ltr' id='par_1_76' title="bbox 219 2573 998 2608">
     <span class='ocr_line' id='line_1_76' title="bbox 219 2573 998 2608; baseline 0 -9"><span class='ocrx_word' id='word_1_519' title='bbox 219 2573 282 2600; x_wconf 87' lang='lat' dir='ltr'><strong>duiu</strong></span> <span class='ocrx_word' id='word_1_520' title='bbox 308 2580 350 2600; x_wconf 86' lang='lat' dir='ltr'><strong>est.</strong></span> <span class='ocrx_word' id='word_1_521' title='bbox 376 2574 435 2601; x_wconf 80' lang='grc' dir='ltr'>κατ’</span> <span class='ocrx_word' id='word_1_522' title='bbox 463 2573 548 2608; x_wconf 52' lang='lat' dir='ltr'><strong>more.</strong></span> <span class='ocrx_word' id='word_1_523' title='bbox 572 2579 600 2600; x_wconf 90' lang='lat' dir='ltr'><strong>ut</strong></span> <span class='ocrx_word' id='word_1_524' title='bbox 615 2574 670 2608; x_wconf 86' lang='lat' dir='ltr'><strong>jam</strong></span> <span class='ocrx_word' id='word_1_525' title='bbox 692 2574 795 2607; x_wconf 89' lang='lat' dir='ltr'><strong>pridem</strong></span> <span class='ocrx_word' id='word_1_526' title='bbox 819 2573 998 2607; x_wconf 82' lang='lat' dir='ltr'><strong>conjeceram.</strong></span> 
     </span>
    </p>
   </div>
   <div class='ocr_carea' id='block_1_77' title="bbox 218 2607 998 2642">
    <p class='ocr_par' dir='ltr' id='par_1_77' title="bbox 218 2607 998 2642">
     <span class='ocr_line' id='line_1_77' title="bbox 218 2607 998 2642; baseline 0.001 -8"><span class='ocrx_word' id='word_1_527' title='bbox 218 2610 305 2642; x_wconf 79' lang='lat' dir='ltr'><strong>Atque</strong></span> <span class='ocrx_word' id='word_1_528' title='bbox 321 2609 356 2634; x_wconf 88' lang='lat' dir='ltr'><strong>ita</strong></span> <span class='ocrx_word' id='word_1_529' title='bbox 371 2609 525 2635; x_wconf 81' lang='lat' dir='ltr'><strong>emendavit</strong></span> <span class='ocrx_word' id='word_1_530' title='bbox 536 2607 664 2635; x_wconf 87' lang='lat' dir='ltr'><strong>Petavius</strong></span> <span class='ocrx_word' id='word_1_531' title='bbox 678 2608 704 2634; x_wconf 95' lang='lat' dir='ltr'><strong>in</strong></span> <span class='ocrx_word' id='word_1_532' title='bbox 717 2608 998 2635; x_wconf 82' lang='lat' dir='ltr'><strong>animadversionibns</strong></span> 
     </span>
    </p>
   </div>
   <div class='ocr_carea' id='block_1_78' title="bbox 219 2643 997 2677">
    <p class='ocr_par' dir='ltr' id='par_1_78' title="bbox 219 2643 997 2677">
     <span class='ocr_line' id='line_1_78' title="bbox 219 2643 997 2677; baseline 0.001 -10"><span class='ocrx_word' id='word_1_533' title='bbox 219 2645 250 2668; x_wconf 81' lang='lat' dir='ltr'><strong>ad</strong></span> <span class='ocrx_word' id='word_1_534' title='bbox 267 2644 459 2677; x_wconf 79' lang='lat' dir='ltr'><strong>Epiplianium,</strong></span> <span class='ocrx_word' id='word_1_535' title='bbox 475 2650 535 2677; x_wconf 81' lang='lat' dir='ltr'><strong>pag.</strong></span> <span class='ocrx_word' id='word_1_536' title='bbox 555 2643 616 2674; x_wconf 73' lang='grc'><strong>190,</strong></span> <span class='ocrx_word' id='word_1_537' title='bbox 627 2643 670 2669; x_wconf 90' lang='lat' dir='ltr'><strong>ubi</strong></span> <span class='ocrx_word' id='word_1_538' title='bbox 687 2643 758 2669; x_wconf 87' lang='lat' dir='ltr'><strong>hunc</strong></span> <span class='ocrx_word' id='word_1_539' title='bbox 773 2643 891 2669; x_wconf 84' lang='lat' dir='ltr'><strong>Anatolii</strong></span> <span class='ocrx_word' id='word_1_540' title='bbox 910 2643 997 2669; x_wconf 89' lang='lat' dir='ltr'><strong>locum</strong></span> 
     </span>
    </p>
   </div>
   <div class='ocr_carea' id='block_1_79' title="bbox 218 2678 998 2712">
    <p class='ocr_par' dir='ltr' id='par_1_79' title="bbox 218 2678 998 2712">
     <span class='ocr_line' id='line_1_79' title="bbox 218 2678 998 2712; baseline 0.003 -10"><span class='ocrx_word' id='word_1_541' title='bbox 218 2678 359 2712; x_wconf 80' lang='lat' dir='ltr'><strong>diligenter</strong></span> <span class='ocrx_word' id='word_1_542' title='bbox 376 2679 494 2712; x_wconf 81' lang='lat' dir='ltr'><strong>exponit.</strong></span> <span class='ocrx_word' id='word_1_543' title='bbox 513 2678 539 2704; x_wconf 93' lang='lat' dir='ltr'><strong>In</strong></span> <span class='ocrx_word' id='word_1_544' title='bbox 558 2685 613 2712; x_wconf 69' lang='lat' dir='ltr'><strong>quo</strong></span> <span class='ocrx_word' id='word_1_545' title='bbox 636 2678 717 2704; x_wconf 80' lang='lat' dir='ltr'><strong>etiam</strong></span> <span class='ocrx_word' id='word_1_546' title='bbox 741 2678 900 2711; x_wconf 84' lang='lat' dir='ltr'><strong>exponendo</strong></span> <span class='ocrx_word' id='word_1_547' title='bbox 922 2684 998 2712; x_wconf 85' lang='lat' dir='ltr'><strong>egre-</strong></span> 
     </span>
    </p>
   </div>
   <div class='ocr_carea' id='block_1_80' title="bbox 217 2710 856 2746">
    <p class='ocr_par' dir='ltr' id='par_1_80' title="bbox 217 2710 856 2746">
     <span class='ocr_line' id='line_1_80' title="bbox 217 2710 856 2746; baseline 0.003 -10"><span class='ocrx_word' id='word_1_548' title='bbox 217 2710 288 2745; x_wconf 77' lang='lat' dir='ltr'><strong>giam</strong></span> <span class='ocrx_word' id='word_1_549' title='bbox 302 2710 418 2746; x_wconf 51' lang='lat' dir='ltr'><strong>operam&#39;</strong></span> <span class='ocrx_word' id='word_1_550' title='bbox 429 2714 537 2739; x_wconf 82' lang='lat' dir='ltr'><strong>navavit</strong></span> <span class='ocrx_word' id='word_1_551' title='bbox 561 2710 683 2746; x_wconf 67' lang='lat' dir='ltr'><strong>[Egidius</strong></span> <span class='ocrx_word' id='word_1_552' title='bbox 697 2710 856 2739; x_wconf 81' lang='lat' dir='ltr'><strong>llucherius.</strong></span> 
     </span>
    </p>
   </div>
   <div class='ocr_carea' id='block_1_81' title="bbox 253 2745 996 2782">
    <p class='ocr_par' dir='ltr' id='par_1_81' title="bbox 253 2745 996 2782">
     <span class='ocr_line' id='line_1_81' title="bbox 253 2745 996 2782; baseline 0.001 -10"><span class='ocrx_word' id='word_1_553' title='bbox 253 2745 521 2782; x_wconf 55' lang='lat' dir='ltr'><strong>(64)&quot;Apyorépmr</strong></span> <span class='ocrx_word' id='word_1_554' title='bbox 554 2747 783 2781; x_wconf 73' lang='grc' dir='ltr'>Ἀγαθοϐοὐλων.</span> <span class='ocrx_word' id='word_1_555' title='bbox 819 2748 889 2773; x_wconf 85' lang='lat' dir='ltr'><strong>Duos</strong></span> <span class='ocrx_word' id='word_1_556' title='bbox 915 2747 996 2774; x_wconf 75' lang='lat' dir='ltr'><strong>fuisse</strong></span> 
     </span>
    </p>
   </div>
   <div class='ocr_carea' id='block_1_82' title="bbox 218 2782 997 2815">
    <p class='ocr_par' dir='ltr' id='par_1_82' title="bbox 218 2782 997 2815">
     <span class='ocr_line' id='line_1_82' title="bbox 218 2782 997 2815; baseline 0.003 -9"><span class='ocrx_word' id='word_1_557' title='bbox 218 2782 401 2814; x_wconf 83' lang='lat' dir='ltr'><strong>Agatbobulos</strong></span> <span class='ocrx_word' id='word_1_558' title='bbox 418 2787 595 2815; x_wconf 76' lang='lat' dir='ltr'><strong>cognomento</strong></span> <span class='ocrx_word' id='word_1_559' title='bbox 616 2783 750 2814; x_wconf 84' lang='lat' dir='ltr'><strong>doctores,</strong></span> <span class='ocrx_word' id='word_1_560' title='bbox 775 2782 870 2808; x_wconf 83' lang='lat' dir='ltr'><strong>scribit</strong></span> <span class='ocrx_word' id='word_1_561' title='bbox 896 2783 997 2808; x_wconf 78' lang='lat' dir='ltr'><strong>Anato-</strong></span> 
     </span>
    </p>
   </div>
   <div class='ocr_carea' id='block_1_83' title="bbox 219 2815 996 2850">
    <p class='ocr_par' dir='ltr' id='par_1_83' title="bbox 219 2815 996 2850">
     <span class='ocr_line' id='line_1_83' title="bbox 219 2815 996 2850; baseline 0.004 -10"><span class='ocrx_word' id='word_1_562' title='bbox 219 2815 281 2842; x_wconf 88' lang='lat' dir='ltr'><strong>lius.</strong></span> <span class='ocrx_word' id='word_1_563' title='bbox 306 2818 357 2843; x_wconf 81' lang='lat' dir='ltr'><strong>Sed</strong></span> <span class='ocrx_word' id='word_1_564' title='bbox 370 2817 440 2850; x_wconf 84' lang='lat' dir='ltr'><strong>quod</strong></span> <span class='ocrx_word' id='word_1_565' title='bbox 457 2824 502 2842; x_wconf 81' lang='lat' dir='ltr'><strong>eos</strong></span> <span class='ocrx_word' id='word_1_566' title='bbox 516 2817 627 2843; x_wconf 81' lang='lat' dir='ltr'><strong>Philone</strong></span> <span class='ocrx_word' id='word_1_567' title='bbox 651 2822 677 2843; x_wconf 91' lang='lat' dir='ltr'><strong>et</strong></span> <span class='ocrx_word' id='word_1_568' title='bbox 702 2815 818 2849; x_wconf 81' lang='lat' dir='ltr'><strong>.loseplto</strong></span> <span class='ocrx_word' id='word_1_569' title='bbox 836 2817 996 2843; x_wconf 73' lang='lat' dir='ltr'><strong>vetustiores</strong></span> 
     </span>
    </p>
   </div>
   <div class='ocr_carea' id='block_1_84' title="bbox 218 2851 995 2886">
    <p class='ocr_par' dir='ltr' id='par_1_84' title="bbox 218 2851 995 2886">
     <span class='ocr_line' id='line_1_84' title="bbox 218 2851 995 2886; baseline 0.003 -10"><span class='ocrx_word' id='word_1_570' title='bbox 218 2851 292 2881; x_wconf 70' lang='lat' dir='ltr'><strong>facit,</strong></span> <span class='ocrx_word' id='word_1_571' title='bbox 311 2859 404 2877; x_wconf 81' lang='lat' dir='ltr'><strong>vereor</strong></span> <span class='ocrx_word' id='word_1_572' title='bbox 423 2859 455 2877; x_wconf 80' lang='lat' dir='ltr'><strong>In:</strong></span> <span class='ocrx_word' id='word_1_573' title='bbox 470 2852 594 2884; x_wconf 85' lang='lat' dir='ltr'><strong>opinione</strong></span> <span class='ocrx_word' id='word_1_574' title='bbox 609 2859 655 2878; x_wconf 86' lang='lat' dir='ltr'><strong>sua</strong></span> <span class='ocrx_word' id='word_1_575' title='bbox 672 2851 756 2877; x_wconf 74' lang='lat' dir='ltr'><strong>falsus</strong></span> <span class='ocrx_word' id='word_1_576' title='bbox 775 2854 816 2877; x_wconf 80' lang='lat' dir='ltr'><strong>sit.</strong></span> <span class='ocrx_word' id='word_1_577' title='bbox 837 2851 903 2878; x_wconf 56' lang='lat' dir='ltr'><strong>Nam</strong></span> <span class='ocrx_word' id='word_1_578' title='bbox 927 2853 995 2886; x_wconf 66' lang='lat' dir='ltr'><strong>Aga—</strong></span> 
     </span>
    </p>
   </div>
   <div class='ocr_carea' id='block_1_85' title="bbox 1063 940 1837 976">
    <p class='ocr_par' dir='ltr' id='par_1_85' title="bbox 1063 940 1837 976">
     <span class='ocr_line' id='line_1_85' title="bbox 1063 940 1837 976; baseline 0 -9"><span class='ocrx_word' id='word_1_579' title='bbox 1063 941 1109 968; x_wconf 76' lang='grc' dir='ltr'>καὶ</span> <span class='ocrx_word' id='word_1_580' title='bbox 1123 941 1218 976; x_wconf 81' lang='grc' dir='ltr'>τμῆμα</span> <span class='ocrx_word' id='word_1_581' title='bbox 1234 940 1390 971; x_wconf 77' lang='grc' dir='ltr'>δωδέκατον,</span> <span class='ocrx_word' id='word_1_582' title='bbox 1414 940 1460 967; x_wconf 75' lang='grc' dir='ltr'><strong>καὶ</strong></span> <span class='ocrx_word' id='word_1_583' title='bbox 1485 941 1634 967; x_wconf 87' lang='grc' dir='ltr'>τελευταῖον</span> <span class='ocrx_word' id='word_1_584' title='bbox 1657 940 1837 976; x_wconf 80' lang='grc' dir='ltr'>δωδεκατημά</span> 
     </span>
    </p>
   </div>
   <div class='ocr_carea' id='block_1_86' title="bbox 1063 986 1842 1022">
    <p class='ocr_par' dir='ltr' id='par_1_86' title="bbox 1063 986 1842 1022">
     <span class='ocr_line' id='line_1_86' title="bbox 1063 986 1842 1022; baseline 0 -9"><span class='ocrx_word' id='word_1_585' title='bbox 1063 995 1130 1021; x_wconf 84' lang='grc' dir='ltr'>ριον,</span> <span class='ocrx_word' id='word_1_586' title='bbox 1146 987 1193 1013; x_wconf 76' lang='grc' dir='ltr'>καὶ</span> <span class='ocrx_word' id='word_1_587' title='bbox 1205 986 1280 1018; x_wconf 82' lang='grc' dir='ltr'>τέλος</span> <span class='ocrx_word' id='word_1_588' title='bbox 1296 986 1346 1021; x_wconf 80' lang='grc' dir='ltr'>τῆς</span> <span class='ocrx_word' id='word_1_589' title='bbox 1361 986 1416 1012; x_wconf 83' lang='grc' dir='ltr'>τῶν</span> <span class='ocrx_word' id='word_1_590' title='bbox 1430 986 1573 1022; x_wconf 82' lang='grc' dir='ltr'>πλανητῶν</span> <span class='ocrx_word' id='word_1_591' title='bbox 1588 986 1722 1022; x_wconf 81' lang='grc' dir='ltr'>περιόδου.</span> <span class='ocrx_word' id='word_1_592' title='bbox 1739 987 1783 1013; x_wconf 77' lang='grc' dir='ltr'><strong>Διὸ</strong></span> <span class='ocrx_word' id='word_1_593' title='bbox 1797 988 1842 1014; x_wconf 71' lang='grc' dir='ltr'><strong>καὶ</strong></span> 
     </span>
    </p>
   </div>
   <div class='ocr_carea' id='block_1_87' title="bbox 1062 1031 1842 1068">
    <p class='ocr_par' dir='ltr' id='par_1_87' title="bbox 1062 1031 1842 1068">
     <span class='ocr_line' id='line_1_87' title="bbox 1062 1031 1842 1068; baseline -0.001 -9"><span class='ocrx_word' id='word_1_594' title='bbox 1062 1033 1123 1064; x_wconf 80' lang='grc' dir='ltr'>τοὺς</span> <span class='ocrx_word' id='word_1_595' title='bbox 1138 1033 1166 1059; x_wconf 82' lang='grc' dir='ltr'>ὲν</span> <span class='ocrx_word' id='word_1_596' title='bbox 1182 1031 1256 1067; x_wconf 78' lang='grc' dir='ltr'>αὐτῷ</span> <span class='ocrx_word' id='word_1_597' title='bbox 1270 1032 1426 1067; x_wconf 81' lang='grc' dir='ltr'>τιθεμένους</span> <span class='ocrx_word' id='word_1_598' title='bbox 1445 1032 1489 1058; x_wconf 78' lang='grc' dir='ltr'><strong>τὸν</strong></span> <span class='ocrx_word' id='word_1_599' title='bbox 1510 1032 1616 1068; x_wconf 84' lang='grc' dir='ltr'>πρῶτον</span> <span class='ocrx_word' id='word_1_600' title='bbox 1630 1033 1712 1067; x_wconf 79' lang='grc' dir='ltr'>μῆνα,</span> <span class='ocrx_word' id='word_1_601' title='bbox 1732 1032 1778 1059; x_wconf 70' lang='grc' dir='ltr'><strong>καὶ</strong></span> <span class='ocrx_word' id='word_1_602' title='bbox 1794 1033 1842 1067; x_wconf 74' lang='grc' dir='ltr'>τὴν</span> 
     </span>
    </p>
   </div>
   <div class='ocr_carea' id='block_1_88' title="bbox 1060 1077 1842 1114">
    <p class='ocr_par' dir='ltr' id='par_1_88' title="bbox 1060 1077 1842 1114">
     <span class='ocr_line' id='line_1_88' title="bbox 1060 1077 1842 1114; baseline 0 -9"><span class='ocrx_word' id='word_1_603' title='bbox 1060 1078 1356 1114; x_wconf 73' lang='grc' dir='ltr'>τεσσαρεσκαιδεκάτην</span> <span class='ocrx_word' id='word_1_604' title='bbox 1371 1077 1417 1104; x_wconf 82' lang='grc' dir='ltr'>τοῦ</span> <span class='ocrx_word' id='word_1_605' title='bbox 1434 1078 1529 1112; x_wconf 84' lang='grc' dir='ltr'>Πάσχα</span> <span class='ocrx_word' id='word_1_606' title='bbox 1552 1078 1612 1104; x_wconf 78' lang='grc' dir='ltr'>κατ’</span> <span class='ocrx_word' id='word_1_607' title='bbox 1634 1078 1717 1114; x_wconf 80' lang='grc' dir='ltr'>αὐτὴν</span> <span class='ocrx_word' id='word_1_608' title='bbox 1738 1078 1842 1114; x_wconf 72' lang='grc' dir='ltr'>λαμϐά-</span> 
     </span>
    </p>
   </div>
   <div class='ocr_carea' id='block_1_89' title="bbox 1060 1123 1842 1159">
    <p class='ocr_par' dir='ltr' id='par_1_89' title="bbox 1060 1123 1842 1159">
     <span class='ocr_line' id='line_1_89' title="bbox 1060 1123 1842 1159; baseline -0.001 -8"><span class='ocrx_word' id='word_1_609' title='bbox 1060 1133 1153 1156; x_wconf 84' lang='grc' dir='ltr'>νοντας</span> <span class='ocrx_word' id='word_1_610' title='bbox 1168 1125 1234 1159; x_wconf 79' lang='grc'>(65),</span> <span class='ocrx_word' id='word_1_611' title='bbox 1254 1125 1284 1151; x_wconf 90' lang='grc' dir='ltr'>οὑ</span> <span class='ocrx_word' id='word_1_612' title='bbox 1304 1123 1408 1159; x_wconf 75' lang='grc' dir='ltr'>μικρῶς</span> <span class='ocrx_word' id='word_1_613' title='bbox 1423 1124 1475 1150; x_wconf 77' lang='grc' dir='ltr'>οὐδ’</span> <span class='ocrx_word' id='word_1_614' title='bbox 1498 1123 1536 1155; x_wconf 83' lang='grc' dir='ltr'>ὡς</span> <span class='ocrx_word' id='word_1_615' title='bbox 1559 1124 1652 1159; x_wconf 74' lang='grc' dir='ltr'>ἔτυχεν</span> <span class='ocrx_word' id='word_1_616' title='bbox 1675 1125 1842 1159; x_wconf 80' lang='grc' dir='ltr'>ἁμαρτάνειν</span> 
     </span>
    </p>
   </div>
   <div class='ocr_carea' id='block_1_90' title="bbox 1061 1166 1841 1205">
    <p class='ocr_par' dir='ltr' id='par_1_90' title="bbox 1061 1166 1841 1205">
     <span class='ocr_line' id='line_1_90' title="bbox 1061 1166 1841 1205; baseline 0 -9"><span class='ocrx_word' id='word_1_617' title='bbox 1061 1171 1158 1205; x_wconf 82' lang='grc' dir='ltr'>φαμέν.</span> <span class='ocrx_word' id='word_1_618' title='bbox 1181 1171 1256 1196; x_wconf 85' lang='grc' dir='ltr'>Ἔστι</span> <span class='ocrx_word' id='word_1_619' title='bbox 1278 1170 1299 1196; x_wconf 74' lang='grc' dir='ltr'>δ’</span> <span class='ocrx_word' id='word_1_620' title='bbox 1315 1170 1363 1204; x_wconf 82' lang='grc' dir='ltr'><strong>οὐχ</strong></span> <span class='ocrx_word' id='word_1_621' title='bbox 1384 1170 1514 1205; x_wconf 79' lang='grc' dir='ltr'>ἡμέτερος</span> <span class='ocrx_word' id='word_1_622' title='bbox 1537 1166 1614 1201; x_wconf 78' lang='grc' dir='ltr'>οὗτος</span> <span class='ocrx_word' id='word_1_623' title='bbox 1637 1170 1650 1196; x_wconf 81' lang='grc' dir='ltr'>ὁ</span> <span class='ocrx_word' id='word_1_624' title='bbox 1666 1169 1749 1203; x_wconf 79' lang='grc' dir='ltr'>λόγος.</span> <span class='ocrx_word' id='word_1_625' title='bbox 1776 1171 1841 1196; x_wconf 86' lang='grc' dir='ltr'>Ἰου-</span> 
     </span>
    </p>
   </div>
   <div class='ocr_carea' id='block_1_91' title="bbox 1059 1215 1838 1250">
    <p class='ocr_par' dir='ltr' id='par_1_91' title="bbox 1059 1215 1838 1250">
     <span class='ocr_line' id='line_1_91' title="bbox 1059 1215 1838 1250; baseline 0 -8"><span class='ocrx_word' id='word_1_626' title='bbox 1059 1216 1142 1246; x_wconf 80' lang='grc' dir='ltr'>δαίοις</span> <span class='ocrx_word' id='word_1_627' title='bbox 1159 1215 1187 1241; x_wconf 85' lang='grc' dir='ltr'>δὲ</span> <span class='ocrx_word' id='word_1_628' title='bbox 1210 1215 1372 1249; x_wconf 73' lang='grc' dir='ltr'>ἐγινώσκετο</span> <span class='ocrx_word' id='word_1_629' title='bbox 1386 1216 1442 1246; x_wconf 87' lang='grc' dir='ltr'>τοῖς</span> <span class='ocrx_word' id='word_1_630' title='bbox 1468 1215 1550 1241; x_wconf 82' lang='grc' dir='ltr'>πάλαι</span> <span class='ocrx_word' id='word_1_631' title='bbox 1569 1215 1616 1241; x_wconf 80' lang='grc' dir='ltr'>καὶ</span> <span class='ocrx_word' id='word_1_632' title='bbox 1639 1215 1690 1250; x_wconf 82' lang='grc' dir='ltr'><strong>πρὸ</strong></span> <span class='ocrx_word' id='word_1_633' title='bbox 1709 1216 1838 1250; x_wconf 70' lang='grc' dir='ltr'>Χριστοῦ,</span> 
     </span>
    </p>
   </div>
   <div class='ocr_carea' id='block_1_92' title="bbox 1060 1260 1839 1296">
    <p class='ocr_par' dir='ltr' id='par_1_92' title="bbox 1060 1260 1839 1296">
     <span class='ocr_line' id='line_1_92' title="bbox 1060 1260 1839 1296; baseline -0.003 -8"><span class='ocrx_word' id='word_1_634' title='bbox 1060 1261 1219 1296; x_wconf 74' lang='grc' dir='ltr'>ἐφυλάττετό</span> <span class='ocrx_word' id='word_1_635' title='bbox 1231 1270 1259 1287; x_wconf 87' lang='grc' dir='ltr'><strong>τε</strong></span> <span class='ocrx_word' id='word_1_636' title='bbox 1277 1261 1345 1296; x_wconf 74' lang='grc' dir='ltr'>πρὸς</span> <span class='ocrx_word' id='word_1_637' title='bbox 1359 1261 1446 1287; x_wconf 82' lang='grc' dir='ltr'>αὐτῶν</span> <span class='ocrx_word' id='word_1_638' title='bbox 1466 1260 1590 1295; x_wconf 84' lang='grc' dir='ltr'>μάλιστα.</span> <span class='ocrx_word' id='word_1_639' title='bbox 1611 1260 1713 1287; x_wconf 80' lang='grc' dir='ltr'>Μαθεῖν</span> <span class='ocrx_word' id='word_1_640' title='bbox 1729 1260 1752 1286; x_wconf 74' lang='grc' dir='ltr'>δ’</span> <span class='ocrx_word' id='word_1_641' title='bbox 1765 1261 1839 1287; x_wconf 76' lang='grc' dir='ltr'>ἐστιν</span> 
     </span>
    </p>
   </div>
   <div class='ocr_carea' id='block_1_93' title="bbox 1058 1306 1837 1340">
    <p class='ocr_par' dir='ltr' id='par_1_93' title="bbox 1058 1306 1837 1340">
     <span class='ocr_line' id='line_1_93' title="bbox 1058 1306 1837 1340; baseline 0 -8"><span class='ocrx_word' id='word_1_642' title='bbox 1058 1307 1090 1333; x_wconf 80' lang='grc' dir='ltr'>ἐκ</span> <span class='ocrx_word' id='word_1_643' title='bbox 1106 1306 1158 1333; x_wconf 80' lang='grc' dir='ltr'>τῶν</span> <span class='ocrx_word' id='word_1_644' title='bbox 1179 1307 1231 1332; x_wconf 75' lang='grc' dir='ltr'><strong>ὑπὸ</strong></span> <span class='ocrx_word' id='word_1_645' title='bbox 1245 1307 1377 1337; x_wconf 72' lang='grc' dir='ltr'>Φίλωνος,</span> <span class='ocrx_word' id='word_1_646' title='bbox 1405 1306 1544 1340; x_wconf 78' lang='grc' dir='ltr'><strong>Ἰωσήπου,</strong></span> <span class='ocrx_word' id='word_1_647' title='bbox 1569 1306 1706 1332; x_wconf 75' lang='grc' dir='ltr'>Μουσαίου</span> <span class='ocrx_word' id='word_1_648' title='bbox 1722 1306 1837 1340; x_wconf 82' lang='grc' dir='ltr'>λεγομέ-</span> 
     </span>
    </p>
   </div>
   <div class='ocr_carea' id='block_1_94' title="bbox 1057 1351 1839 1386">
    <p class='ocr_par' dir='ltr' id='par_1_94' title="bbox 1057 1351 1839 1386">
     <span class='ocr_line' id='line_1_94' title="bbox 1057 1351 1839 1386; baseline 0 -8"><span class='ocrx_word' id='word_1_649' title='bbox 1057 1360 1124 1378; x_wconf 78' lang='grc' dir='ltr'>νων’</span> <span class='ocrx_word' id='word_1_650' title='bbox 1142 1353 1188 1378; x_wconf 72' lang='grc' dir='ltr'><strong>καὶ</strong></span> <span class='ocrx_word' id='word_1_651' title='bbox 1202 1353 1230 1378; x_wconf 78' lang='grc' dir='ltr'>οὺ</span> <span class='ocrx_word' id='word_1_652' title='bbox 1248 1352 1333 1386; x_wconf 82' lang='grc' dir='ltr'>μόνων</span> <span class='ocrx_word' id='word_1_653' title='bbox 1344 1351 1454 1382; x_wconf 82' lang='grc' dir='ltr'>τούτων,</span> <span class='ocrx_word' id='word_1_654' title='bbox 1467 1351 1534 1379; x_wconf 83' lang='grc' dir='ltr'>ἀλλὰ</span> <span class='ocrx_word' id='word_1_655' title='bbox 1546 1352 1593 1378; x_wconf 73' lang='grc' dir='ltr'>καὶ</span> <span class='ocrx_word' id='word_1_656' title='bbox 1606 1351 1659 1378; x_wconf 87' lang='grc' dir='ltr'>τῶν</span> <span class='ocrx_word' id='word_1_657' title='bbox 1674 1351 1712 1377; x_wconf 76' lang='grc' dir='ltr'>ἔτι</span> <span class='ocrx_word' id='word_1_658' title='bbox 1727 1351 1839 1378; x_wconf 70' lang='grc' dir='ltr'>παλαιο-</span> 
     </span>
    </p>
   </div>
   <div class='ocr_carea' id='block_1_95' title="bbox 1057 1394 1838 1431">
    <p class='ocr_par' dir='ltr' id='par_1_95' title="bbox 1057 1394 1838 1431">
     <span class='ocr_line' id='line_1_95' title="bbox 1057 1394 1838 1431; baseline 0.004 -11"><span class='ocrx_word' id='word_1_659' title='bbox 1057 1395 1152 1429; x_wconf 82' lang='grc' dir='ltr'>τέρων,</span> <span class='ocrx_word' id='word_1_660' title='bbox 1170 1395 1329 1430; x_wconf 67' lang='grc' dir='ltr'>ἀμφοτέρων</span> <span class='ocrx_word' id='word_1_661' title='bbox 1360 1394 1559 1428; x_wconf 75' lang='grc' dir='ltr'>’Δγαθοὸούλων</span> <span class='ocrx_word' id='word_1_662' title='bbox 1582 1395 1636 1430; x_wconf 75' lang='grc'><strong>(64)</strong></span> <span class='ocrx_word' id='word_1_663' title='bbox 1654 1395 1707 1421; x_wconf 80' lang='grc' dir='ltr'>τῶν</span> <span class='ocrx_word' id='word_1_664' title='bbox 1723 1396 1838 1431; x_wconf 78' lang='grc' dir='ltr'>ἐπίκλην</span> 
     </span>
    </p>
   </div>
   <div class='ocr_carea' id='block_1_96' title="bbox 1056 1440 1838 1476">
    <p class='ocr_par' dir='ltr' id='par_1_96' title="bbox 1056 1440 1838 1476">
     <span class='ocr_line' id='line_1_96' title="bbox 1056 1440 1838 1476; baseline 0.001 -10"><span class='ocrx_word' id='word_1_665' title='bbox 1056 1440 1229 1470; x_wconf 78' lang='grc' dir='ltr'>διδασκάλων,</span> <span class='ocrx_word' id='word_1_666' title='bbox 1253 1440 1454 1476; x_wconf 73' lang='grc' dir='ltr'>’Δριποϐούλου</span> <span class='ocrx_word' id='word_1_667' title='bbox 1472 1440 1518 1467; x_wconf 77' lang='grc' dir='ltr'>τοῦ</span> <span class='ocrx_word' id='word_1_668' title='bbox 1533 1441 1601 1467; x_wconf 82' lang='grc' dir='ltr'>πάνυ</span> <span class='ocrx_word' id='word_1_669' title='bbox 1616 1441 1683 1474; x_wconf 80' lang='grc'><strong>(65),</strong></span> <span class='ocrx_word' id='word_1_670' title='bbox 1700 1441 1729 1473; x_wconf 77' lang='grc' dir='ltr'>ὃς</span> <span class='ocrx_word' id='word_1_671' title='bbox 1742 1443 1770 1467; x_wconf 85' lang='grc' dir='ltr'>ὲν</span> <span class='ocrx_word' id='word_1_672' title='bbox 1781 1443 1838 1473; x_wconf 86' lang='grc' dir='ltr'>τοῖς</span> 
     </span>
    </p>
   </div>
   <div class='ocr_carea' id='block_1_97' title="bbox 1062 1484 1838 1521">
    <p class='ocr_par' dir='ltr' id='par_1_97' title="bbox 1062 1484 1838 1521">
     <span class='ocr_line' id='line_1_97' title="bbox 1062 1484 1838 1521; baseline 0.003 -10"><span class='ocrx_word' id='word_1_673' title='bbox 1062 1484 1258 1520; x_wconf 76' lang='grc' dir='ltr'>Ἐϐδομήκοντα</span> <span class='ocrx_word' id='word_1_674' title='bbox 1274 1485 1479 1520; x_wconf 77' lang='grc' dir='ltr'>κατειλεγμένος</span> <span class='ocrx_word' id='word_1_675' title='bbox 1492 1487 1548 1518; x_wconf 90' lang='grc' dir='ltr'>τοῖς</span> <span class='ocrx_word' id='word_1_676' title='bbox 1559 1486 1608 1518; x_wconf 84' lang='grc' dir='ltr'><strong>τὰς</strong></span> <span class='ocrx_word' id='word_1_677' title='bbox 1619 1487 1693 1521; x_wconf 70' lang='grc' dir='ltr'>ἱερὰς</span> <span class='ocrx_word' id='word_1_678' title='bbox 1705 1488 1751 1512; x_wconf 76' lang='grc' dir='ltr'><strong>καὶ</strong></span> <span class='ocrx_word' id='word_1_679' title='bbox 1763 1487 1838 1518; x_wconf 77' lang='grc' dir='ltr'>θείας</span> 
     </span>
    </p>
   </div>
   <div class='ocr_carea' id='block_1_98' title="bbox 1061 1530 1836 1568">
    <p class='ocr_par' dir='ltr' id='par_1_98' title="bbox 1061 1530 1836 1568">
     <span class='ocr_line' id='line_1_98' title="bbox 1061 1530 1836 1568; baseline 0.005 -13"><span class='ocrx_word' id='word_1_680' title='bbox 1061 1530 1191 1566; x_wconf 81' lang='grc' dir='ltr'>Ἐϐραίων</span> <span class='ocrx_word' id='word_1_681' title='bbox 1207 1531 1389 1566; x_wconf 82' lang='grc' dir='ltr'>ὲρμηνεύσασι</span> <span class='ocrx_word' id='word_1_682' title='bbox 1404 1531 1523 1566; x_wconf 80' lang='grc' dir='ltr'>Γραφὰς,</span> <span class='ocrx_word' id='word_1_683' title='bbox 1538 1532 1696 1568; x_wconf 84' lang='grc' dir='ltr'>Πτολεμαίῳ</span> <span class='ocrx_word' id='word_1_684' title='bbox 1707 1532 1745 1567; x_wconf 83' lang='grc' dir='ltr'>τῷ</span> <span class='ocrx_word' id='word_1_685' title='bbox 1757 1532 1836 1559; x_wconf 79' lang='grc' dir='ltr'>Φιλα-</span> 
     </span>
    </p>
   </div>
   <div class='ocr_carea' id='block_1_99' title="bbox 1057 1575 1837 1615">
    <p class='ocr_par' dir='ltr' id='par_1_99' title="bbox 1057 1575 1837 1615">
     <span class='ocr_line' id='line_1_99' title="bbox 1057 1575 1837 1615; baseline 0.003 -12"><span class='ocrx_word' id='word_1_686' title='bbox 1057 1575 1144 1612; x_wconf 75' lang='grc' dir='ltr'>δέλφῳ</span> <span class='ocrx_word' id='word_1_687' title='bbox 1160 1578 1206 1604; x_wconf 77' lang='grc' dir='ltr'>καὶ</span> <span class='ocrx_word' id='word_1_688' title='bbox 1217 1577 1256 1612; x_wconf 73' lang='grc' dir='ltr'>τῷ</span> <span class='ocrx_word' id='word_1_689' title='bbox 1275 1578 1368 1604; x_wconf 85' lang='grc' dir='ltr'>τούτου</span> <span class='ocrx_word' id='word_1_690' title='bbox 1385 1577 1477 1613; x_wconf 74' lang='grc' dir='ltr'>πατρὶ,</span> <span class='ocrx_word' id='word_1_691' title='bbox 1495 1579 1541 1604; x_wconf 76' lang='grc' dir='ltr'>καὶ</span> <span class='ocrx_word' id='word_1_692' title='bbox 1556 1577 1662 1613; x_wconf 77' lang='grc' dir='ltr'>βίϐλους</span> <span class='ocrx_word' id='word_1_693' title='bbox 1673 1579 1837 1615; x_wconf 72' lang='grc' dir='ltr'>ὲξηγητικὰς</span> 
     </span>
    </p>
   </div>
   <div class='ocr_carea' id='block_1_100' title="bbox 1057 1623 1836 1660">
    <p class='ocr_par' dir='ltr' id='par_1_100' title="bbox 1057 1623 1836 1660">
     <span class='ocr_line' id='line_1_100' title="bbox 1057 1623 1836 1660; baseline 0.001 -10"><span class='ocrx_word' id='word_1_694' title='bbox 1057 1623 1103 1650; x_wconf 71' lang='grc' dir='ltr'>τοῦ</span> <span class='ocrx_word' id='word_1_695' title='bbox 1119 1623 1256 1656; x_wconf 79' lang='grc' dir='ltr'>Μωῡσέως</span> <span class='ocrx_word' id='word_1_696' title='bbox 1270 1624 1351 1659; x_wconf 71' lang='grc' dir='ltr'>νόμου</span> <span class='ocrx_word' id='word_1_697' title='bbox 1373 1625 1430 1656; x_wconf 83' lang='grc' dir='ltr'>τοῖς</span> <span class='ocrx_word' id='word_1_698' title='bbox 1445 1625 1534 1656; x_wconf 79' lang='grc' dir='ltr'>αὐτοῖς</span> <span class='ocrx_word' id='word_1_699' title='bbox 1554 1624 1745 1659; x_wconf 72' lang='grc' dir='ltr'>προσεφώνησε</span> <span class='ocrx_word' id='word_1_700' title='bbox 1762 1625 1836 1660; x_wconf 84' lang='grc' dir='ltr'>βασι-</span> 
     </span>
    </p>
   </div>
   <div class='ocr_carea' id='block_1_101' title="bbox 1057 1666 1836 1706">
    <p class='ocr_par' dir='ltr' id='par_1_101' title="bbox 1057 1666 1836 1706">
     <span class='ocr_line' id='line_1_101' title="bbox 1057 1666 1836 1706; baseline 0.003 -11"><span class='ocrx_word' id='word_1_701' title='bbox 1057 1668 1157 1696; x_wconf 74' lang='grc' dir='ltr'>λεῦσιν.</span> <span class='ocrx_word' id='word_1_702' title='bbox 1169 1666 1248 1696; x_wconf 78' lang='grc' dir='ltr'>Οὗτοι</span> <span class='ocrx_word' id='word_1_703' title='bbox 1260 1670 1293 1696; x_wconf 80' lang='grc' dir='ltr'><strong>τὰ</strong></span> <span class='ocrx_word' id='word_1_704' title='bbox 1308 1670 1458 1705; x_wconf 78' lang='grc' dir='ltr'>ζητούμενα</span> <span class='ocrx_word' id='word_1_705' title='bbox 1473 1669 1539 1697; x_wconf 70' lang='grc' dir='ltr'>κατὰ</span> <span class='ocrx_word' id='word_1_706' title='bbox 1553 1671 1600 1706; x_wconf 82' lang='grc' dir='ltr'>τὴν</span> <span class='ocrx_word' id='word_1_707' title='bbox 1612 1669 1699 1703; x_wconf 71' lang='grc' dir='ltr'>ἔξοδον</span> <span class='ocrx_word' id='word_1_708' title='bbox 1713 1670 1836 1698; x_wconf 75' lang='grc' dir='ltr'>ὲπιλύον-</span> 
     </span>
    </p>
   </div>
   <div class='ocr_carea' id='block_1_102' title="bbox 1056 1715 1834 1751">
    <p class='ocr_par' dir='ltr' id='par_1_102' title="bbox 1056 1715 1834 1751">
     <span class='ocr_line' id='line_1_102' title="bbox 1056 1715 1834 1751; baseline 0.001 -10"><span class='ocrx_word' id='word_1_709' title='bbox 1056 1723 1110 1746; x_wconf 80' lang='grc' dir='ltr'>τες,</span> <span class='ocrx_word' id='word_1_710' title='bbox 1133 1715 1197 1748; x_wconf 69' lang='grc' dir='ltr'>φασὶ</span> <span class='ocrx_word' id='word_1_711' title='bbox 1213 1715 1266 1741; x_wconf 83' lang='grc' dir='ltr'>δεῖν</span> <span class='ocrx_word' id='word_1_712' title='bbox 1280 1716 1313 1742; x_wconf 76' lang='grc' dir='ltr'><strong>τὰ</strong></span> <span class='ocrx_word' id='word_1_713' title='bbox 1335 1715 1495 1750; x_wconf 70' lang='grc' dir='ltr'>διαϐατήρια</span> <span class='ocrx_word' id='word_1_714' title='bbox 1515 1715 1588 1742; x_wconf 83' lang='grc' dir='ltr'>θύειν</span> <span class='ocrx_word' id='word_1_715' title='bbox 1602 1715 1698 1751; x_wconf 72' lang='grc' dir='ltr'>ἐπίσης</span> <span class='ocrx_word' id='word_1_716' title='bbox 1714 1716 1834 1747; x_wconf 76' lang='grc' dir='ltr'>ἅπαντας</span> 
     </span>
    </p>
   </div>
   <div class='ocr_carea' id='block_1_103' title="bbox 1059 1807 1834 1840">
    <p class='ocr_par' dir='ltr' id='par_1_103' title="bbox 1059 1807 1834 1840">
     <span class='ocr_line' id='line_1_103' title="bbox 1059 1807 1834 1840; baseline 0.004 -8"><span class='ocrx_word' id='word_1_717' title='bbox 1059 1807 1183 1832; x_wconf 85' lang='lat' dir='ltr'><strong>tbohnlus</strong></span> <span class='ocrx_word' id='word_1_718' title='bbox 1195 1807 1368 1840; x_wconf 75' lang='lat' dir='ltr'><strong>philosophus</strong></span> <span class='ocrx_word' id='word_1_719' title='bbox 1384 1807 1472 1834; x_wconf 80' lang='lat' dir='ltr'><strong>ﬂoruit</strong></span> <span class='ocrx_word' id='word_1_720' title='bbox 1485 1808 1648 1834; x_wconf 78' lang='lat' dir='ltr'><strong>temporibus</strong></span> <span class='ocrx_word' id='word_1_721' title='bbox 1666 1808 1789 1838; x_wconf 75' lang='lat' dir='ltr'><strong>Adriani.</strong></span> <span class='ocrx_word' id='word_1_722' title='bbox 1805 1813 1834 1835; x_wconf 92' lang='grc' dir='ltr'><strong>ιιι</strong></span> 
     </span>
    </p>
   </div>
   <div class='ocr_carea' id='block_1_104' title="bbox 1057 1841 1833 1878">
    <p class='ocr_par' dir='ltr' id='par_1_104' title="bbox 1057 1841 1833 1878">
     <span class='ocr_line' id='line_1_104' title="bbox 1057 1841 1833 1878; baseline 0.004 -11"><span class='ocrx_word' id='word_1_723' title='bbox 1057 1842 1152 1878; x_wconf 63' lang='lat' dir='ltr'><strong>scribit</strong></span> <span class='ocrx_word' id='word_1_724' title='bbox 1171 1841 1300 1869; x_wconf 88' lang='lat' dir='ltr'><strong>Eusebius</strong></span> <span class='ocrx_word' id='word_1_725' title='bbox 1314 1843 1340 1869; x_wconf 91' lang='lat' dir='ltr'><strong>in</strong></span> <span class='ocrx_word' id='word_1_726' title='bbox 1361 1842 1499 1872; x_wconf 72' lang='lat' dir='ltr'><strong>Chronico.</strong></span> <span class='ocrx_word' id='word_1_727' title='bbox 1527 1849 1550 1867; x_wconf 76' lang='lat' dir='ltr'><strong>et</strong></span> <span class='ocrx_word' id='word_1_728' title='bbox 1571 1851 1603 1869; x_wconf 82' lang='lat' dir='ltr'><strong>ex</strong></span> <span class='ocrx_word' id='word_1_729' title='bbox 1630 1843 1674 1870; x_wconf 88' lang='lat' dir='ltr'><strong>illo</strong></span> <span class='ocrx_word' id='word_1_730' title='bbox 1703 1843 1833 1878; x_wconf 79' lang='lat' dir='ltr'><strong>Georgius</strong></span> 
     </span>
    </p>
   </div>
   <div class='ocr_carea' id='block_1_105' title="bbox 1057 1876 1206 1912">
    <p class='ocr_par' dir='ltr' id='par_1_105' title="bbox 1057 1876 1206 1912">
     <span class='ocr_line' id='line_1_105' title="bbox 1057 1876 1206 1912; baseline 0.007 -10"><span class='ocrx_word' id='word_1_731' title='bbox 1057 1876 1206 1912; x_wconf 68' lang='lat' dir='ltr'><strong>Syur-ellus.</strong></span> 
     </span>
    </p>
   </div>
   <div class='ocr_carea' id='block_1_106' title="bbox 1090 1911 1833 1946">
    <p class='ocr_par' dir='ltr' id='par_1_106' title="bbox 1090 1911 1833 1946">
     <span class='ocr_line' id='line_1_106' title="bbox 1090 1911 1833 1946; baseline 0.001 -9"><span class='ocrx_word' id='word_1_732' title='bbox 1090 1911 1144 1946; x_wconf 77' lang='lat'><strong>(65)</strong></span> <span class='ocrx_word' id='word_1_733' title='bbox 1167 1912 1393 1945; x_wconf 77' lang='grc' dir='ltr'>Ἀριστοϐούλου</span> <span class='ocrx_word' id='word_1_734' title='bbox 1407 1911 1459 1938; x_wconf 80' lang='grc' dir='ltr'>τοῦ</span> <span class='ocrx_word' id='word_1_735' title='bbox 1479 1911 1567 1938; x_wconf 69' lang='grc' dir='ltr'><strong>πάνυ.</strong></span> <span class='ocrx_word' id='word_1_736' title='bbox 1596 1913 1706 1940; x_wconf 79' lang='lat' dir='ltr'><strong>Ruﬁnus</strong></span> <span class='ocrx_word' id='word_1_737' title='bbox 1728 1913 1833 1939; x_wconf 76' lang='lat' dir='ltr'><strong>Aristo-</strong></span> 
     </span>
    </p>
   </div>
   <div class='ocr_carea' id='block_1_107' title="bbox 1055 1946 1832 1980">
    <p class='ocr_par' dir='ltr' id='par_1_107' title="bbox 1055 1946 1832 1980">
     <span class='ocr_line' id='line_1_107' title="bbox 1055 1946 1832 1980; baseline 0.005 -9"><span class='ocrx_word' id='word_1_738' title='bbox 1055 1946 1146 1972; x_wconf 93' lang='lat' dir='ltr'><strong>bulum</strong></span> <span class='ocrx_word' id='word_1_739' title='bbox 1161 1954 1194 1972; x_wconf 82' lang='lat' dir='ltr'><strong>ex</strong></span> <span class='ocrx_word' id='word_1_740' title='bbox 1207 1946 1328 1974; x_wconf 84' lang='lat' dir='ltr'><strong>Paneade</strong></span> <span class='ocrx_word' id='word_1_741' title='bbox 1340 1949 1544 1979; x_wconf 75' lang='lat' dir='ltr'><strong>interpretatur.</strong></span> <span class='ocrx_word' id='word_1_742' title='bbox 1559 1948 1631 1980; x_wconf 81' lang='lat' dir='ltr'><strong>gravi</strong></span> <span class='ocrx_word' id='word_1_743' title='bbox 1650 1955 1752 1974; x_wconf 87' lang='lat' dir='ltr'><strong>errore.</strong></span> <span class='ocrx_word' id='word_1_744' title='bbox 1779 1948 1832 1975; x_wconf 85' lang='lat' dir='ltr'><strong>Sed</strong></span> 
     </span>
    </p>
   </div>
   <div class='ocr_carea' id='block_1_108' title="bbox 1054 1980 1832 2014">
    <p class='ocr_par' dir='ltr' id='par_1_108' title="bbox 1054 1980 1832 2014">
     <span class='ocr_line' id='line_1_108' title="bbox 1054 1980 1832 2014; baseline 0.004 -8"><span class='ocrx_word' id='word_1_745' title='bbox 1054 1980 1179 2007; x_wconf 80' lang='lat' dir='ltr'><strong>Ruﬁnum</strong></span> <span class='ocrx_word' id='word_1_746' title='bbox 1197 1981 1262 2007; x_wconf 89' lang='lat' dir='ltr'><strong>nihil</strong></span> <span class='ocrx_word' id='word_1_747' title='bbox 1282 1989 1381 2012; x_wconf 87' lang='lat' dir='ltr'><strong>moror,</strong></span> <span class='ocrx_word' id='word_1_748' title='bbox 1398 1981 1473 2014; x_wconf 87' lang='lat' dir='ltr'><strong>cujus</strong></span> <span class='ocrx_word' id='word_1_749' title='bbox 1485 1983 1574 2008; x_wconf 86' lang='lat' dir='ltr'><strong>versio</strong></span> <span class='ocrx_word' id='word_1_750' title='bbox 1593 1982 1743 2009; x_wconf 84' lang='lat' dir='ltr'><strong>innumeris</strong></span> <span class='ocrx_word' id='word_1_751' title='bbox 1759 1991 1832 2009; x_wconf 86' lang='lat' dir='ltr'><strong>men-</strong></span> 
     </span>
    </p>
   </div>
   <div class='ocr_carea' id='block_1_109' title="bbox 1055 2015 1832 2050">
    <p class='ocr_par' dir='ltr' id='par_1_109' title="bbox 1055 2015 1832 2050">
     <span class='ocr_line' id='line_1_109' title="bbox 1055 2015 1832 2050; baseline 0.004 -9"><span class='ocrx_word' id='word_1_752' title='bbox 1055 2016 1096 2042; x_wconf 88' lang='lat' dir='ltr'><strong>dis</strong></span> <span class='ocrx_word' id='word_1_753' title='bbox 1111 2015 1209 2042; x_wconf 79' lang='lat' dir='ltr'><strong>rcl‘erta</strong></span> <span class='ocrx_word' id='word_1_754' title='bbox 1230 2020 1280 2043; x_wconf 90' lang='lat' dir='ltr'><strong>est.</strong></span> <span class='ocrx_word' id='word_1_755' title='bbox 1294 2015 1376 2043; x_wconf 85' lang='lat' dir='ltr'><strong>Miror</strong></span> <span class='ocrx_word' id='word_1_756' title='bbox 1395 2016 1573 2050; x_wconf 84' lang='lat' dir='ltr'><strong>Scaligernm,</strong></span> <span class='ocrx_word' id='word_1_757' title='bbox 1598 2017 1641 2050; x_wconf 87' lang='lat' dir='ltr'><strong>qui</strong></span> <span class='ocrx_word' id='word_1_758' title='bbox 1658 2017 1684 2043; x_wconf 90' lang='lat' dir='ltr'><strong>in</strong></span> <span class='ocrx_word' id='word_1_759' title='bbox 1703 2017 1832 2044; x_wconf 82' lang='lat' dir='ltr'><strong>Animad-</strong></span> 
     </span>
    </p>
   </div>
   <div class='ocr_carea' id='block_1_110' title="bbox 1054 2050 1832 2084">
    <p class='ocr_par' dir='ltr' id='par_1_110' title="bbox 1054 2050 1832 2084">
     <span class='ocr_line' id='line_1_110' title="bbox 1054 2050 1832 2084; baseline 0.004 -8"><span class='ocrx_word' id='word_1_760' title='bbox 1054 2051 1213 2076; x_wconf 77' lang='lat' dir='ltr'><strong>rersionibus</strong></span> <span class='ocrx_word' id='word_1_761' title='bbox 1227 2050 1395 2080; x_wconf 84' lang='lat' dir='ltr'><strong>Eusebianis.</strong></span> <span class='ocrx_word' id='word_1_762' title='bbox 1408 2058 1468 2084; x_wconf 86' lang='lat' dir='ltr'><strong>pag.</strong></span> <span class='ocrx_word' id='word_1_763' title='bbox 1489 2051 1548 2081; x_wconf 65' lang='lat'><strong>£50.</strong></span> <span class='ocrx_word' id='word_1_764' title='bbox 1571 2051 1688 2078; x_wconf 82' lang='lat' dir='ltr'><strong>Anatolii</strong></span> <span class='ocrx_word' id='word_1_765' title='bbox 1702 2053 1781 2079; x_wconf 84' lang='lat' dir='ltr'><strong>verba</strong></span> <span class='ocrx_word' id='word_1_766' title='bbox 1798 2061 1832 2079; x_wconf 81' lang='lat' dir='ltr'><strong>ex</strong></span> 
     </span>
    </p>
   </div>
   <div class='ocr_carea' id='block_1_111' title="bbox 1054 2084 1830 2119">
    <p class='ocr_par' dir='ltr' id='par_1_111' title="bbox 1054 2084 1830 2119">
     <span class='ocr_line' id='line_1_111' title="bbox 1054 2084 1830 2119; baseline 0.005 -10"><span class='ocrx_word' id='word_1_767' title='bbox 1054 2092 1134 2117; x_wconf 88' lang='lat' dir='ltr'><strong>prava</strong></span> <span class='ocrx_word' id='word_1_768' title='bbox 1150 2084 1239 2111; x_wconf 76' lang='lat' dir='ltr'><strong>Rufini</strong></span> <span class='ocrx_word' id='word_1_769' title='bbox 1250 2085 1471 2117; x_wconf 87' lang='lat' dir='ltr'><strong>interpretatione</strong></span> <span class='ocrx_word' id='word_1_770' title='bbox 1478 2087 1636 2119; x_wconf 67' lang='lat' dir='ltr'><strong>corrigenda</strong></span> <span class='ocrx_word' id='word_1_771' title='bbox 1649 2094 1708 2113; x_wconf 85' lang='lat' dir='ltr'><strong>esse</strong></span> <span class='ocrx_word' id='word_1_772' title='bbox 1715 2088 1830 2113; x_wconf 75' lang='lat' dir='ltr'><strong>censuit.</strong></span> 
     </span>
    </p>
   </div>
   <div class='ocr_carea' id='block_1_112' title="bbox 1056 2119 1832 2154">
    <p class='ocr_par' dir='ltr' id='par_1_112' title="bbox 1056 2119 1832 2154">
     <span class='ocr_line' id='line_1_112' title="bbox 1056 2119 1832 2154; baseline 0.004 -9"><span class='ocrx_word' id='word_1_773' title='bbox 1056 2120 1125 2145; x_wconf 77' lang='lat' dir='ltr'><strong>Beda</strong></span> <span class='ocrx_word' id='word_1_774' title='bbox 1137 2128 1244 2153; x_wconf 87' lang='lat' dir='ltr'><strong>quoque</strong></span> <span class='ocrx_word' id='word_1_775' title='bbox 1258 2121 1282 2146; x_wconf 94' lang='lat' dir='ltr'><strong>in</strong></span> <span class='ocrx_word' id='word_1_776' title='bbox 1292 2120 1358 2146; x_wconf 89' lang='lat' dir='ltr'><strong>libro</strong></span> <span class='ocrx_word' id='word_1_777' title='bbox 1369 2119 1405 2146; x_wconf 88' lang='lat' dir='ltr'><strong>De</strong></span> <span class='ocrx_word' id='word_1_778' title='bbox 1414 2123 1514 2146; x_wconf 84' lang='lat' dir='ltr'><strong>ratione</strong></span> <span class='ocrx_word' id='word_1_779' title='bbox 1523 2122 1646 2154; x_wconf 72' lang='lat' dir='ltr'><strong>computi.</strong></span> <span class='ocrx_word' id='word_1_780' title='bbox 1655 2129 1762 2154; x_wconf 83' lang='lat' dir='ltr'><strong>pravam</strong></span> <span class='ocrx_word' id='word_1_781' title='bbox 1778 2121 1832 2148; x_wconf 79' lang='lat' dir='ltr'><strong>Rn-</strong></span> 
     </span>
    </p>
   </div>
   <div class='ocr_carea' id='block_1_113' title="bbox 1056 2154 1831 2187">
    <p class='ocr_par' dir='ltr' id='par_1_113' title="bbox 1056 2154 1831 2187">
     <span class='ocr_line' id='line_1_113' title="bbox 1056 2154 1831 2187; baseline 0.004 -8"><span class='ocrx_word' id='word_1_782' title='bbox 1056 2154 1101 2180; x_wconf 88' lang='lat' dir='ltr'><strong>lini</strong></span> <span class='ocrx_word' id='word_1_783' title='bbox 1124 2155 1374 2187; x_wconf 82' lang='lat' dir='ltr'><strong>interpretationem</strong></span> <span class='ocrx_word' id='word_1_784' title='bbox 1403 2155 1438 2180; x_wconf 84' lang='lat' dir='ltr'><strong>ita</strong></span> <span class='ocrx_word' id='word_1_785' title='bbox 1467 2160 1574 2182; x_wconf 85' lang='lat' dir='ltr'><strong>scentus</strong></span> <span class='ocrx_word' id='word_1_786' title='bbox 1599 2157 1694 2182; x_wconf 84' lang='lat' dir='ltr'><strong>scribit</strong></span> <span class='ocrx_word' id='word_1_787' title='bbox 1724 2165 1729 2182; x_wconf 92' lang='lat'>:</span> <span class='ocrx_word' id='word_1_788' title='bbox 1756 2157 1831 2183; x_wconf 76' lang='lat' dir='ltr'><strong>Sicut</strong></span> 
     </span>
    </p>
   </div>
   <div class='ocr_carea' id='block_1_114' title="bbox 1056 2189 1831 2223">
    <p class='ocr_par' dir='ltr' id='par_1_114' title="bbox 1056 2189 1831 2223">
     <span class='ocr_line' id='line_1_114' title="bbox 1056 2189 1831 2223; baseline 0.004 -9"><span class='ocrx_word' id='word_1_789' title='bbox 1056 2196 1144 2215; x_wconf 77' lang='lat' dir='ltr'><strong>eorum</strong></span> <span class='ocrx_word' id='word_1_790' title='bbox 1170 2189 1328 2223; x_wconf 77' lang='lat' dir='ltr'><strong>antiquiores</strong></span> <span class='ocrx_word' id='word_1_791' title='bbox 1355 2190 1535 2222; x_wconf 76' lang='lat' dir='ltr'><strong>Agat/tubulus</strong></span> <span class='ocrx_word' id='word_1_792' title='bbox 1551 2195 1574 2216; x_wconf 84' lang='grc' dir='ltr'><strong>ει</strong></span> <span class='ocrx_word' id='word_1_793' title='bbox 1598 2191 1629 2216; x_wconf 83' lang='lat' dir='ltr'><strong>ab</strong></span> <span class='ocrx_word' id='word_1_794' title='bbox 1656 2199 1685 2217; x_wconf 79' lang='lat' dir='ltr'><strong>eo</strong></span> <span class='ocrx_word' id='word_1_795' title='bbox 1711 2192 1831 2217; x_wconf 76' lang='lat' dir='ltr'><strong>crntlirns</strong></span> 
     </span>
    </p>
   </div>
   <div class='ocr_carea' id='block_1_115' title="bbox 1055 2223 1830 2258">
    <p class='ocr_par' dir='ltr' id='par_1_115' title="bbox 1055 2223 1830 2258">
     <span class='ocr_line' id='line_1_115' title="bbox 1055 2223 1830 2258; baseline 0.004 -9"><span class='ocrx_word' id='word_1_796' title='bbox 1055 2223 1219 2250; x_wconf 77' lang='lat' dir='ltr'><strong>Aristobulus</strong></span> <span class='ocrx_word' id='word_1_797' title='bbox 1230 2229 1255 2250; x_wconf 78' lang='lat' dir='ltr'><strong>et</strong></span> <span class='ocrx_word' id='word_1_798' title='bbox 1269 2223 1402 2254; x_wconf 80' lang='lat' dir='ltr'><strong>Pam&#39;ada,</strong></span> <span class='ocrx_word' id='word_1_799' title='bbox 1418 2225 1462 2256; x_wconf 78' lang='lat' dir='ltr'><strong>qui</strong></span> <span class='ocrx_word' id='word_1_800' title='bbox 1475 2232 1542 2250; x_wconf 72' lang='lat' dir='ltr'><strong>unus</strong></span> <span class='ocrx_word' id='word_1_801' title='bbox 1552 2232 1583 2250; x_wconf 67' lang='lat' dir='ltr'><strong>ex</strong></span> <span class='ocrx_word' id='word_1_802' title='bbox 1596 2225 1648 2251; x_wconf 70' lang='lat' dir='ltr'><strong>illis</strong></span> <span class='ocrx_word' id='word_1_803' title='bbox 1662 2224 1830 2258; x_wconf 73' lang='lat' dir='ltr'><strong>Septuaginta</strong></span> 
     </span>
    </p>
   </div>
   <div class='ocr_carea' id='block_1_116' title="bbox 1062 2259 1829 2293">
    <p class='ocr_par' dir='ltr' id='par_1_116' title="bbox 1062 2259 1829 2293">
     <span class='ocr_line' id='line_1_116' title="bbox 1062 2259 1829 2293; baseline 0.004 -9"><span class='ocrx_word' id='word_1_804' title='bbox 1062 2259 1206 2293; x_wconf 71' lang='lat' dir='ltr'><strong>senioribus</strong></span> <span class='ocrx_word' id='word_1_805' title='bbox 1227 2259 1285 2291; x_wconf 77' lang='lat' dir='ltr'><strong>fuit,</strong></span> <span class='ocrx_word' id='word_1_806' title='bbox 1304 2260 1348 2292; x_wconf 88' lang='lat' dir='ltr'><strong>qui</strong></span> <span class='ocrx_word' id='word_1_807' title='bbox 1372 2259 1445 2284; x_wconf 70' lang='lat' dir='ltr'><strong>missi</strong></span> <span class='ocrx_word' id='word_1_808' title='bbox 1469 2259 1573 2292; x_wconf 81' lang='lat' dir='ltr'><strong>fueram</strong></span> <span class='ocrx_word' id='word_1_809' title='bbox 1598 2268 1614 2285; x_wconf 85' lang='grc' dir='ltr'><strong>ο</strong></span> <span class='ocrx_word' id='word_1_810' title='bbox 1642 2261 1829 2293; x_wconf 59' lang='lat' dir='ltr'><strong>pontiﬁcibus,</strong></span> 
     </span>
    </p>
   </div>
   <div class='ocr_carea' id='block_1_117' title="bbox 1054 2292 1829 2323">
    <p class='ocr_par' dir='ltr' id='par_1_117' title="bbox 1054 2292 1829 2323">
     <span class='ocr_line' id='line_1_117' title="bbox 1054 2292 1829 2323; baseline 0.006 -6"><span class='ocrx_word' id='word_1_811' title='bbox 1054 2298 1106 2317; x_wconf 78' lang='lat' dir='ltr'><strong>nte.</strong></span> <span class='ocrx_word' id='word_1_812' title='bbox 1129 2292 1238 2319; x_wconf 86' lang='lat' dir='ltr'><strong>Videtur</strong></span> <span class='ocrx_word' id='word_1_813' title='bbox 1255 2293 1324 2319; x_wconf 82' lang='lat' dir='ltr'><strong>Beda</strong></span> <span class='ocrx_word' id='word_1_814' title='bbox 1355 2293 1534 2323; x_wconf 78' lang='lat' dir='ltr'><strong>existimasse.</strong></span> <span class='ocrx_word' id='word_1_815' title='bbox 1561 2293 1704 2321; x_wconf 82' lang='lat' dir='ltr'><strong>Paniadam</strong></span> <span class='ocrx_word' id='word_1_816' title='bbox 1731 2303 1829 2322; x_wconf 86' lang='lat' dir='ltr'><strong>nomen</strong></span> 
     </span>
    </p>
   </div>
   <div class='ocr_carea' id='block_1_118' title="bbox 1056 2327 1829 2362">
    <p class='ocr_par' dir='ltr' id='par_1_118' title="bbox 1056 2327 1829 2362">
     <span class='ocr_line' id='line_1_118' title="bbox 1056 2327 1829 2362; baseline 0.006 -10"><span class='ocrx_word' id='word_1_817' title='bbox 1056 2327 1136 2353; x_wconf 74' lang='lat' dir='ltr'><strong>fuisse</strong></span> <span class='ocrx_word' id='word_1_818' title='bbox 1148 2329 1286 2362; x_wconf 76' lang='lat' dir='ltr'><strong>proprium</strong></span> <span class='ocrx_word' id='word_1_819' title='bbox 1301 2328 1439 2361; x_wconf 83' lang='lat' dir='ltr'><strong>scriptoris</strong></span> <span class='ocrx_word' id='word_1_820' title='bbox 1453 2328 1549 2355; x_wconf 65' lang='lat' dir='ltr'><strong>.ludati.</strong></span> <span class='ocrx_word' id='word_1_821' title='bbox 1576 2329 1643 2362; x_wconf 86' lang='lat' dir='ltr'><strong>Quia</strong></span> <span class='ocrx_word' id='word_1_822' title='bbox 1670 2329 1774 2356; x_wconf 77' lang='lat' dir='ltr'><strong>scilicet.</strong></span> <span class='ocrx_word' id='word_1_823' title='bbox 1802 2331 1829 2357; x_wconf 91' lang='lat' dir='ltr'><strong>in</strong></span> 
     </span>
    </p>
   </div>
   <div class='ocr_carea' id='block_1_119' title="bbox 1054 2361 1830 2397">
    <p class='ocr_par' dir='ltr' id='par_1_119' title="bbox 1054 2361 1830 2397">
     <span class='ocr_line' id='line_1_119' title="bbox 1054 2361 1830 2397; baseline 0.005 -11"><span class='ocrx_word' id='word_1_824' title='bbox 1054 2362 1146 2387; x_wconf 67' lang='lat' dir='ltr'><strong>miliae</strong></span> <span class='ocrx_word' id='word_1_825' title='bbox 1159 2361 1246 2397; x_wconf 72' lang='lat' dir='ltr'><strong>Rulini</strong></span> <span class='ocrx_word' id='word_1_826' title='bbox 1264 2369 1317 2396; x_wconf 90' lang='lat' dir='ltr'><strong>quo</strong></span> <span class='ocrx_word' id='word_1_827' title='bbox 1335 2363 1458 2389; x_wconf 88' lang='lat' dir='ltr'><strong>utebatur</strong></span> <span class='ocrx_word' id='word_1_828' title='bbox 1470 2382 1478 2394; x_wconf 90' lang='lat'><strong>,</strong></span> <span class='ocrx_word' id='word_1_829' title='bbox 1495 2361 1624 2397; x_wconf 86' lang='lat' dir='ltr'><strong>scriptum</strong></span> <span class='ocrx_word' id='word_1_830' title='bbox 1646 2368 1705 2390; x_wconf 83' lang='lat' dir='ltr'><strong>erat</strong></span> <span class='ocrx_word' id='word_1_831' title='bbox 1726 2365 1830 2391; x_wconf 68' lang='lat' dir='ltr'><strong>Aristo-</strong></span> 
     </span>
    </p>
   </div>
   <div class='ocr_carea' id='block_1_120' title="bbox 1054 2396 1829 2432">
    <p class='ocr_par' dir='ltr' id='par_1_120' title="bbox 1054 2396 1829 2432">
     <span class='ocr_line' id='line_1_120' title="bbox 1054 2396 1829 2432; baseline 0.006 -11"><span class='ocrx_word' id='word_1_832' title='bbox 1054 2396 1130 2432; x_wconf 20' lang='lat' dir='ltr'><strong>ltrulus</strong></span> <span class='ocrx_word' id='word_1_833' title='bbox 1143 2402 1166 2422; x_wconf 77' lang='lat' dir='ltr'><strong>et</strong></span> <span class='ocrx_word' id='word_1_834' title='bbox 1182 2396 1312 2432; x_wconf 68' lang='lat' dir='ltr'><strong>Puniadq,</strong></span> <span class='ocrx_word' id='word_1_835' title='bbox 1328 2398 1461 2430; x_wconf 85' lang='lat' dir='ltr'><strong>quomodo</strong></span> <span class='ocrx_word' id='word_1_836' title='bbox 1477 2396 1559 2423; x_wconf 77' lang='lat' dir='ltr'><strong>etiam</strong></span> <span class='ocrx_word' id='word_1_837' title='bbox 1574 2398 1670 2432; x_wconf 86' lang='lat' dir='ltr'><strong>legitur</strong></span> <span class='ocrx_word' id='word_1_838' title='bbox 1690 2399 1715 2424; x_wconf 88' lang='lat' dir='ltr'><strong>in</strong></span> <span class='ocrx_word' id='word_1_839' title='bbox 1739 2405 1829 2426; x_wconf 83' lang='lat' dir='ltr'><strong>vetns-</strong></span> 
     </span>
    </p>
   </div>
   <div class='ocr_carea' id='block_1_121' title="bbox 1055 2431 1830 2467">
    <p class='ocr_par' dir='ltr' id='par_1_121' title="bbox 1055 2431 1830 2467">
     <span class='ocr_line' id='line_1_121' title="bbox 1055 2431 1830 2467; baseline 0.006 -11"><span class='ocrx_word' id='word_1_840' title='bbox 1055 2431 1158 2457; x_wconf 87' lang='lat' dir='ltr'><strong>tissimo</strong></span> <span class='ocrx_word' id='word_1_841' title='bbox 1180 2432 1272 2457; x_wconf 84' lang='lat' dir='ltr'><strong>codice</strong></span> <span class='ocrx_word' id='word_1_842' title='bbox 1294 2431 1454 2458; x_wconf 80' lang='lat' dir='ltr'><strong>Parisiensis</strong></span> <span class='ocrx_word' id='word_1_843' title='bbox 1478 2431 1609 2459; x_wconf 48' lang='lat' dir='ltr'><strong>Ecclesiar</strong></span> <span class='ocrx_word' id='word_1_844' title='bbox 1622 2434 1665 2466; x_wconf 90' lang='lat' dir='ltr'><strong>qui</strong></span> <span class='ocrx_word' id='word_1_845' title='bbox 1684 2441 1765 2467; x_wconf 84' lang='lat' dir='ltr'><strong>penes</strong></span> <span class='ocrx_word' id='word_1_846' title='bbox 1786 2442 1830 2462; x_wconf 87' lang='lat' dir='ltr'><strong>me</strong></span> 
     </span>
    </p>
   </div>
   <div class='ocr_carea' id='block_1_122' title="bbox 1053 2466 1827 2501">
    <p class='ocr_par' dir='ltr' id='par_1_122' title="bbox 1053 2466 1827 2501">
     <span class='ocr_line' id='line_1_122' title="bbox 1053 2466 1827 2501; baseline 0.006 -10"><span class='ocrx_word' id='word_1_847' title='bbox 1053 2471 1104 2496; x_wconf 82' lang='lat' dir='ltr'><strong>est,</strong></span> <span class='ocrx_word' id='word_1_848' title='bbox 1121 2472 1148 2491; x_wconf 84' lang='lat' dir='ltr'><strong>et</strong></span> <span class='ocrx_word' id='word_1_849' title='bbox 1164 2466 1352 2492; x_wconf 76' lang='lat' dir='ltr'><strong>iu(2orheiensi</strong></span> <span class='ocrx_word' id='word_1_850' title='bbox 1368 2474 1418 2492; x_wconf 91' lang='lat' dir='ltr'><strong>non</strong></span> <span class='ocrx_word' id='word_1_851' title='bbox 1444 2466 1555 2494; x_wconf 88' lang='lat' dir='ltr'><strong>minoris</strong></span> <span class='ocrx_word' id='word_1_852' title='bbox 1570 2466 1710 2494; x_wconf 87' lang='lat' dir='ltr'><strong>vetustatis</strong></span> <span class='ocrx_word' id='word_1_853' title='bbox 1720 2469 1827 2501; x_wconf 84' lang='lat' dir='ltr'><strong>codice.</strong></span> 
     </span>
    </p>
   </div>
   <div class='ocr_carea' id='block_1_123' title="bbox 1053 2501 1828 2533">
    <p class='ocr_par' dir='ltr' id='par_1_123' title="bbox 1053 2501 1828 2533">
     <span class='ocr_line' id='line_1_123' title="bbox 1053 2501 1828 2533; baseline 0.006 -8"><span class='ocrx_word' id='word_1_854' title='bbox 1053 2502 1096 2533; x_wconf 86' lang='lat' dir='ltr'><strong>qui</strong></span> <span class='ocrx_word' id='word_1_855' title='bbox 1114 2508 1184 2526; x_wconf 87' lang='lat' dir='ltr'><strong>nunc</strong></span> <span class='ocrx_word' id='word_1_856' title='bbox 1198 2505 1239 2526; x_wconf 72' lang='lat' dir='ltr'><strong>est</strong></span> <span class='ocrx_word' id='word_1_857' title='bbox 1255 2501 1281 2526; x_wconf 91' lang='lat' dir='ltr'><strong>in</strong></span> <span class='ocrx_word' id='word_1_858' title='bbox 1302 2501 1460 2527; x_wconf 85' lang='lat' dir='ltr'><strong>bibliotheca</strong></span> <span class='ocrx_word' id='word_1_859' title='bbox 1479 2501 1570 2529; x_wconf 82' lang='lat' dir='ltr'><strong>Sancti</strong></span> <span class='ocrx_word' id='word_1_860' title='bbox 1589 2501 1724 2529; x_wconf 84' lang='lat' dir='ltr'><strong>Germani.</strong></span> <span class='ocrx_word' id='word_1_861' title='bbox 1743 2504 1828 2530; x_wconf 57' lang='lat' dir='ltr'><strong>(latte-</strong></span> 
     </span>
    </p>
   </div>
   <div class='ocr_carea' id='block_1_124' title="bbox 1054 2535 1829 2571">
    <p class='ocr_par' dir='ltr' id='par_1_124' title="bbox 1054 2535 1829 2571">
     <span class='ocr_line' id='line_1_124' title="bbox 1054 2535 1829 2571; baseline 0.005 -11"><span class='ocrx_word' id='word_1_862' title='bbox 1054 2543 1111 2560; x_wconf 87' lang='lat' dir='ltr'><strong>rqu</strong></span> <span class='ocrx_word' id='word_1_863' title='bbox 1126 2535 1196 2569; x_wconf 87' lang='lat' dir='ltr'><strong>quod</strong></span> <span class='ocrx_word' id='word_1_864' title='bbox 1211 2535 1562 2571; x_wconf 74' lang='lat' dir='ltr'><strong>huncAristobulumnnum</strong></span> <span class='ocrx_word' id='word_1_865' title='bbox 1575 2535 1657 2563; x_wconf 74' lang='lat' dir='ltr'><strong>fuisse</strong></span> <span class='ocrx_word' id='word_1_866' title='bbox 1671 2545 1702 2564; x_wconf 82' lang='lat' dir='ltr'><strong>ex</strong></span> <span class='ocrx_word' id='word_1_867' title='bbox 1719 2538 1829 2571; x_wconf 71' lang='lat' dir='ltr'><strong>Septua-</strong></span> 
     </span>
    </p>
   </div>
   <div class='ocr_carea' id='block_1_125' title="bbox 1053 2570 1826 2606">
    <p class='ocr_par' dir='ltr' id='par_1_125' title="bbox 1053 2570 1826 2606">
     <span class='ocr_line' id='line_1_125' title="bbox 1053 2570 1826 2606; baseline 0.006 -12"><span class='ocrx_word' id='word_1_868' title='bbox 1053 2570 1126 2606; x_wconf 69' lang='lat' dir='ltr'><strong>ginta</strong></span> <span class='ocrx_word' id='word_1_869' title='bbox 1148 2571 1299 2606; x_wconf 82' lang='lat' dir='ltr'><strong>senioribus</strong></span> <span class='ocrx_word' id='word_1_870' title='bbox 1315 2570 1591 2606; x_wconf 19' lang='lat' dir='ltr'><strong>scribitrAuatolius,</strong></span> <span class='ocrx_word' id='word_1_871' title='bbox 1615 2572 1641 2598; x_wconf 87' lang='lat' dir='ltr'><strong>id</strong></span> <span class='ocrx_word' id='word_1_872' title='bbox 1663 2570 1826 2606; x_wconf 85' lang='lat' dir='ltr'><strong>jampridem</strong></span> 
     </span>
    </p>
   </div>
   <div class='ocr_carea' id='block_1_126' title="bbox 1052 2604 1826 2639">
    <p class='ocr_par' dir='ltr' id='par_1_126' title="bbox 1052 2604 1826 2639">
     <span class='ocr_line' id='line_1_126' title="bbox 1052 2604 1826 2639; baseline 0.005 -9"><span class='ocrx_word' id='word_1_873' title='bbox 1052 2604 1180 2631; x_wconf 86' lang='lat' dir='ltr'><strong>rel&#39;utavit</strong></span> <span class='ocrx_word' id='word_1_874' title='bbox 1194 2605 1316 2636; x_wconf 76' lang='lat' dir='ltr'><strong>Scaliger</strong></span> <span class='ocrx_word' id='word_1_875' title='bbox 1331 2605 1357 2631; x_wconf 93' lang='lat' dir='ltr'><strong>in</strong></span> <span class='ocrx_word' id='word_1_876' title='bbox 1374 2612 1406 2632; x_wconf 91' lang='lat' dir='ltr'><strong>eo</strong></span> <span class='ocrx_word' id='word_1_877' title='bbox 1419 2605 1478 2632; x_wconf 87' lang='lat' dir='ltr'><strong>loco</strong></span> <span class='ocrx_word' id='word_1_878' title='bbox 1491 2613 1568 2639; x_wconf 85' lang='lat' dir='ltr'><strong>quem</strong></span> <span class='ocrx_word' id='word_1_879' title='bbox 1581 2606 1671 2633; x_wconf 80' lang='lat' dir='ltr'><strong>citavi.</strong></span> <span class='ocrx_word' id='word_1_880' title='bbox 1691 2604 1773 2633; x_wconf 76' lang='lat' dir='ltr'><strong>Porro</strong></span> <span class='ocrx_word' id='word_1_881' title='bbox 1783 2608 1826 2634; x_wconf 85' lang='lat' dir='ltr'><strong>liie</strong></span> 
     </span>
    </p>
   </div>
   <div class='ocr_carea' id='block_1_127' title="bbox 1050 2639 1827 2674">
    <p class='ocr_par' dir='ltr' id='par_1_127' title="bbox 1050 2639 1827 2674">
     <span class='ocr_line' id='line_1_127' title="bbox 1050 2639 1827 2674; baseline 0.004 -9"><span class='ocrx_word' id='word_1_882' title='bbox 1050 2639 1218 2665; x_wconf 83' lang='lat' dir='ltr'><strong>Aristobulns</strong></span> <span class='ocrx_word' id='word_1_883' title='bbox 1230 2639 1387 2671; x_wconf 80' lang='grc' dir='ltr'>διδάσκαλος</span> <span class='ocrx_word' id='word_1_884' title='bbox 1415 2640 1495 2666; x_wconf 82' lang='lat' dir='ltr'><strong>etiam</strong></span> <span class='ocrx_word' id='word_1_885' title='bbox 1512 2642 1715 2673; x_wconf 64' lang='lat' dir='ltr'><strong>cognominatus</strong></span> <span class='ocrx_word' id='word_1_886' title='bbox 1730 2647 1780 2674; x_wconf 87' lang='lat' dir='ltr'><strong>est.</strong></span> <span class='ocrx_word' id='word_1_887' title='bbox 1798 2648 1827 2668; x_wconf 89' lang='lat' dir='ltr'><strong>ut.</strong></span> 
     </span>
    </p>
   </div>
   <div class='ocr_carea' id='block_1_128' title="bbox 1052 2674 1825 2710">
    <p class='ocr_par' dir='ltr' id='par_1_128' title="bbox 1052 2674 1825 2710">
     <span class='ocr_line' id='line_1_128' title="bbox 1052 2674 1825 2710; baseline 0.003 -10"><span class='ocrx_word' id='word_1_888' title='bbox 1052 2674 1179 2710; x_wconf 55' lang='lat' dir='ltr'><strong>scribitur</strong></span> <span class='ocrx_word' id='word_1_889' title='bbox 1194 2675 1219 2700; x_wconf 90' lang='lat' dir='ltr'><strong>in</strong></span> <span class='ocrx_word' id='word_1_890' title='bbox 1241 2674 1286 2701; x_wconf 86' lang='lat' dir='ltr'><strong>lib.</strong></span> <span class='ocrx_word' id='word_1_891' title='bbox 1303 2675 1324 2700; x_wconf 94' lang='lat' dir='ltr'><strong>Il</strong></span> <span class='ocrx_word' id='word_1_892' title='bbox 1340 2675 1562 2710; x_wconf 56' lang='lat' dir='ltr'><strong>Macbabaiorntn,</strong></span> <span class='ocrx_word' id='word_1_893' title='bbox 1584 2683 1644 2710; x_wconf 87' lang='lat' dir='ltr'><strong>cap.</strong></span> <span class='ocrx_word' id='word_1_894' title='bbox 1666 2684 1685 2706; x_wconf 82' lang='grc' dir='ltr'>ι,</span> <span class='ocrx_word' id='word_1_895' title='bbox 1713 2685 1743 2703; x_wconf 81' lang='lat' dir='ltr'><strong>eo</strong></span> <span class='ocrx_word' id='word_1_896' title='bbox 1755 2679 1825 2710; x_wconf 86' lang='lat' dir='ltr'><strong>quod</strong></span> 
     </span>
    </p>
   </div>
   <div class='ocr_carea' id='block_1_129' title="bbox 1051 2708 1827 2744">
    <p class='ocr_par' dir='ltr' id='par_1_129' title="bbox 1051 2708 1827 2744">
     <span class='ocr_line' id='line_1_129' title="bbox 1051 2708 1827 2744; baseline 0.004 -10"><span class='ocrx_word' id='word_1_897' title='bbox 1051 2708 1184 2735; x_wconf 67' lang='lat' dir='ltr'><strong>Ptolemaei</strong></span> <span class='ocrx_word' id='word_1_898' title='bbox 1197 2709 1266 2743; x_wconf 81' lang='lat' dir='ltr'><strong>regis</strong></span> <span class='ocrx_word' id='word_1_899' title='bbox 1281 2710 1406 2743; x_wconf 84' lang='lat' dir='ltr'><strong>magister</strong></span> <span class='ocrx_word' id='word_1_900' title='bbox 1422 2709 1524 2744; x_wconf 64' lang='lat' dir='ltr'><strong>(uisset.</strong></span> <span class='ocrx_word' id='word_1_901' title='bbox 1540 2708 1632 2744; x_wconf 74' lang='lat' dir='ltr'><strong>Neque</strong></span> <span class='ocrx_word' id='word_1_902' title='bbox 1646 2713 1716 2737; x_wconf 86' lang='lat' dir='ltr'><strong>enim</strong></span> <span class='ocrx_word' id='word_1_903' title='bbox 1732 2708 1827 2738; x_wconf 74' lang='lat' dir='ltr'><strong>assen-</strong></span> 
     </span>
    </p>
   </div>
   <div class='ocr_carea' id='block_1_130' title="bbox 1051 2743 1825 2778">
    <p class='ocr_par' dir='ltr' id='par_1_130' title="bbox 1051 2743 1825 2778">
     <span class='ocr_line' id='line_1_130' title="bbox 1051 2743 1825 2778; baseline 0.001 -9"><span class='ocrx_word' id='word_1_904' title='bbox 1051 2744 1103 2770; x_wconf 90' lang='lat' dir='ltr'><strong>tior</strong></span> <span class='ocrx_word' id='word_1_905' title='bbox 1118 2743 1265 2778; x_wconf 84' lang='lat' dir='ltr'><strong>Scaligero,</strong></span> <span class='ocrx_word' id='word_1_906' title='bbox 1280 2745 1326 2777; x_wconf 91' lang='lat' dir='ltr'><strong>qui</strong></span> <span class='ocrx_word' id='word_1_907' title='bbox 1340 2745 1409 2770; x_wconf 88' lang='lat' dir='ltr'><strong>hunc</strong></span> <span class='ocrx_word' id='word_1_908' title='bbox 1423 2743 1619 2776; x_wconf 81' lang='lat' dir='ltr'><strong>Aristobulum.</strong></span> <span class='ocrx_word' id='word_1_909' title='bbox 1634 2746 1710 2778; x_wconf 85' lang='lat' dir='ltr'><strong>cujus</strong></span> <span class='ocrx_word' id='word_1_910' title='bbox 1724 2751 1825 2771; x_wconf 78' lang='lat' dir='ltr'><strong>lllClllll)</strong></span> 
     </span>
    </p>
   </div>
   <div class='ocr_carea' id='block_1_131' title="bbox 1051 2778 1826 2814">
    <p class='ocr_par' dir='ltr' id='par_1_131' title="bbox 1051 2778 1826 2814">
     <span class='ocr_line' id='line_1_131' title="bbox 1051 2778 1826 2814; baseline 0.003 -11"><span class='ocrx_word' id='word_1_911' title='bbox 1051 2780 1080 2804; x_wconf 90' lang='lat' dir='ltr'><strong>lit</strong></span> <span class='ocrx_word' id='word_1_912' title='bbox 1108 2779 1133 2805; x_wconf 86' lang='lat' dir='ltr'><strong>in</strong></span> <span class='ocrx_word' id='word_1_913' title='bbox 1156 2778 1266 2805; x_wconf 87' lang='lat' dir='ltr'><strong>historia</strong></span> <span class='ocrx_word' id='word_1_914' title='bbox 1297 2779 1530 2811; x_wconf 71' lang='lat' dir='ltr'><strong>Machabtenrntu,</strong></span> <span class='ocrx_word' id='word_1_915' title='bbox 1559 2781 1698 2814; x_wconf 79' lang='lat' dir='ltr'><strong>distinguit</strong></span> <span class='ocrx_word' id='word_1_916' title='bbox 1725 2781 1758 2806; x_wconf 86' lang='lat' dir='ltr'><strong>ab</strong></span> <span class='ocrx_word' id='word_1_917' title='bbox 1781 2781 1826 2806; x_wconf 81' lang='lat' dir='ltr'><strong>illo</strong></span> 
     </span>
    </p>
   </div>
   <div class='ocr_carea' id='block_1_132' title="bbox 1028 2814 1826 2854">
    <p class='ocr_par' dir='ltr' id='par_1_132' title="bbox 1028 2814 1826 2854">
     <span class='ocr_line' id='line_1_132' title="bbox 1028 2814 1826 2854; baseline 0.004 -17"><span class='ocrx_word' id='word_1_918' title='bbox 1028 2825 1032 2830; x_wconf 94' lang='lat'><strong><em>-</em></strong></span> <span class='ocrx_word' id='word_1_919' title='bbox 1053 2814 1228 2851; x_wconf 71' lang='lat' dir='ltr'><strong>peripatetica</strong></span> <span class='ocrx_word' id='word_1_920' title='bbox 1251 2814 1416 2854; x_wconf 68' lang='lat' dir='ltr'><strong>philosopho,</strong></span> <span class='ocrx_word' id='word_1_921' title='bbox 1432 2814 1479 2854; x_wconf 77' lang='lat' dir='ltr'><strong>qui</strong></span> <span class='ocrx_word' id='word_1_922' title='bbox 1493 2822 1556 2854; x_wconf 67' lang='lat' dir='ltr'><strong>suos</strong></span> <span class='ocrx_word' id='word_1_923' title='bbox 1572 2815 1597 2841; x_wconf 93' lang='lat' dir='ltr'><strong>in</strong></span> <span class='ocrx_word' id='word_1_924' title='bbox 1618 2815 1707 2854; x_wconf 77' lang='lat' dir='ltr'><strong>legem</strong></span> <span class='ocrx_word' id='word_1_925' title='bbox 1724 2814 1826 2849; x_wconf 65' lang='lat' dir='ltr'><strong>Moysis</strong></span> 
     </span>
    </p>
   </div>
   <div class='ocr_carea' id='block_1_133' title="bbox 1050 2849 1821 2883">
    <p class='ocr_par' dir='ltr' id='par_1_133' title="bbox 1050 2849 1821 2883">
     <span class='ocr_line' id='line_1_133' title="bbox 1050 2849 1821 2883; baseline 0.004 -9"><span class='ocrx_word' id='word_1_926' title='bbox 1050 2849 1257 2875; x_wconf 77' lang='lat' dir='ltr'><strong>rounnentarios</strong></span> <span class='ocrx_word' id='word_1_927' title='bbox 1284 2849 1428 2876; x_wconf 74' lang='lat' dir='ltr'><strong>l&#39;toictu;eo</strong></span> <span class='ocrx_word' id='word_1_928' title='bbox 1451 2849 1623 2876; x_wconf 74' lang='lat' dir='ltr'><strong>I’bilontctori</strong></span> <span class='ocrx_word' id='word_1_929' title='bbox 1647 2857 1821 2883; x_wconf 74' lang='lat' dir='ltr'><strong>nuncupavit.</strong></span> 
     </span>
    </p>
   </div>
  </div>
