2002 3169
137 171 193 198 729

635 174 808 203 ΗΙΞΤΟΙΠᾹΞ
828 173 1102 204 ECCLESI'ASTlCrE
1121 177 1186 204 LIB.
1205 178 1262 205 ΥΠ.

1701 181 1753 209 730

140 229 209 265 μετὰ
230 229 373 265 ἰσημερίαν
389 230 509 266 ἐαρινὴν,
524 230 668 266 μεσοῦντος
680 231 727 257 τοῦ
748 231 855 267 πρώτου
871 240 915 267 μη-

975 234 1085 261 mensis.
1100 233 1125 261 ld
1143 239 1232 261 autem
1247 235 1380 271 contingit
1393 243 1453 264 cum
1465 237 1505 264 sol
1520 238 1633 271 primam
1646 243 1751 272 partem

137 277 193 307 νός·
203 275 282 302 τοῦτο
291 275 319 302 δὲ
330 276 514 312 εὑρίσκεσθαι,
524 277 555 304 τὸ
564 277 671 312 πρῶτον
683 279 778 314 τμῆμα
790 278 837 304 τοῦ
847 278 922 313 ἡλια-

138 321 198 353 κοῦ,
213 321 282 356 ἢ,ὢς
297 330 369 354 τινες
386 323 475 349 αὐτῶν
494 323 647 358 ὠνόμασαν,
664 323 800 360 ζωοφόρου
820 323 921 350 κύκλου

137 366 281 399 διεξιόντος
303 368 389 403 ἡλίου.
409 368 437 395 ’0
460 369 489 395 δὲ
514 369 715 404 Ἀριστόϐουλος
734 369 919 405 προστίθησιν,

138 412 176 443 ὡς
190 413 231 447 εῐη
246 411 397 447 ὲξανάγκης
413 415 446 449 τῇ
462 413 516 440 τῶν
534 413 714 450 διαϐατηρίων
729 414 807 449 ἑορτῇ
821 414 858 449 μὴ
874 413 921 448 μό-

138 465 183 483 νον
195 457 241 484 τὸν
264 458 337 493 ἥλιον
355 458 386 484 τὸ
409 459 564 494 ἰσημερινὸν
586 458 793 494 διαπορεύεσθαι
813 458 919 493 τμῆμα,

138 503 184 530 καὶ
196 503 244 538 τὴν
261 504 375 539 σελήνην
389 504 427 532 δέ.
446 504 506 531 Τῶν
522 504 576 540 γὰρ
594 504 757 540 ὶσημερινῶν
770 505 919 540 τμημάτων

136 549 221 575 ὄντων
234 549 290 582 δύο,
306 549 352 576 τοῦ
368 550 416 584 μὲν
432 550 550 585 ὲαρινοῦ,
562 549 609 576 τοῦ
622 550 650 576 δὲ
665 550 859 585 μετοπωρινοῦ,
873 549 920 576 καὶ

136 595 352 630 διαμετρούντων
369 595 481 630 ἄλληλα,
495 595 614 631 δοθείσης
626 605 655 622 τε
665 596 714 630 τῆς
727 595 780 622 τῶν
791 595 919 630 διαδατη-

137 641 203 676 ρίων
220 641 325 675 ἡμέρας
340 642 373 676 τῇ
395 641 676 677 τεσσαρεσκαιδεκάτῃ
697 639 744 666 τοῦ
761 640 843 676 μηνὸς
859 639 917 676 μεθ’

136 685 271 720 ἑσπέραν,
298 685 438 720 ἑστήξεται
461 685 509 720 μὲν
535 685 631 720 σελήνη
657 685 704 720 τὴν
726 686 849 712 ἐναντίαν
873 686 919 712 καὶ

135 732 280 767 διάμετρον
294 731 332 765 τῷ
355 731 421 766 ἡλίῳ
446 732 549 758 στάσιν.
572 732 676 767 Ὥσπερ
697 729 742 758 οὖν
765 731 866 763 ἔξεστιν
889 733 917 758 ὲν

135 780 194 809 ταῖς
221 778 395 813 πανσελήνοις
414 779 496 813 ὁρᾷν-
519 778 625 804 ἔσονται
644 778 672 804 δὲ
688 779 702 804 ὸ
723 777 783 812 μὲν,
799 777 868 814 κατὰ
887 777 918 803 τὸ

135 824 242 860 ἑαρινὸν
266 824 419 860 ἰσημερινὸν
436 825 450 850 ὁ
465 824 539 859 ήλιος
555 824 661 859 τμῆμα,
678 825 694 859 ή
711 823 748 855 δὲ,
767 823 917 858 ὲξανάγκης

134 870 205 897 κατὰ
220 871 250 896 τὸ
265 870 464 906 φθινοπωρινὸν
493 869 649 905 ἰσημερινὸν
674 870 690 905 ἡ
720 869 825 904 σελήνη.
850 867 916 895 Οἶδα

971 280 1078 312 solaris,
1091 285 1145 312 aut,
1153 285 1182 308 ut
1191 281 1301 315 quidam
1317 283 1579 313 uominant.zodiaci
1587 283 1680 311 circuli
1695 292 1752 318 per-

971 326 1066 352 currit.
1080 325 1160 353 Addit
1183 331 1311 360 praterea
1337 327 1519 360 Aristobulus,
1539 329 1565 355 in
1588 328 1754 357 celebranda

971 371 1091 405 paschali
1105 370 1254 399 festivitate
1276 373 1431 399 necessario
1448 373 1475 400 id
1499 374 1614 408 requiri.
1638 379 1669 402 ut
1697 383 1750 402 non

971 417 1051 444 modo
1064 416 1114 447 sol,
1141 417 1187 444 sed
1216 421 1244 444 et
1276 417 1338 444 luna
1366 424 1532 453 segmentum
1562 419 1753 454 aequinoctiales

969 467 1120 495 percurrat.
1139 461 1205 488 Nam
1219 469 1279 489 cum
1297 463 1348 490 duo
1356 464 1409 490 sint
1430 469 1566 499 segmenta
1582 465 1753 500 aequinoctia-

970 506 1017 538 lia,
1032 506 1146 534 alterum
1159 515 1283 540 vernum,
1295 508 1411 536 alterum
1430 510 1598 543 autumnale;
1614 518 1700 545 eaque
1715 519 1749 539 ex

969 553 1100 580 diametro
1115 553 1164 580 sibi
1194 553 1313 581 vicissim
1342 555 1484 589 opposita:
1509 563 1623 590 cumque
1639 562 1750 590 quarta-

969 598 1072 626 decima
1085 600 1142 627 dies
1154 600 1255 628 mensis
1268 601 1301 627 ad
1315 608 1457 636 vesperum
1473 602 1591 636 paschali
1614 602 1682 631 festo
1706 612 1750 631 as-

968 643 1072 678 signata
1087 644 1132 675 sit.
1146 644 1207 671 luna
1220 645 1329 679 quidem
1349 653 1382 672 ex
1400 646 1514 674 adverso
1537 648 1586 674 soli
1605 649 1747 679 consistet.

969 689 1193 722 quemadmodum
1206 690 1297 717 videre
1313 696 1354 718 est
1368 692 1394 718 in
1412 692 1579 726 pleniluniis.
1592 693 1630 720 Ac
1642 693 1682 720 sol
1695 694 1752 728 qui-

968 735 1028 762 dem
1053 743 1165 762 vernnm
1186 735 1372 769 atquinoclialc
1404 742 1573 772 segmentum
1601 739 1749 771 obtinebit,

968 781 1030 808 luna
1044 789 1108 808 vero
1121 787 1288 816 segmentum
1303 783 1465 810 autumnalis
1484 784 1639 818 aequinoctii
1655 791 1751 811 neces—

967 827 1040 854 sario
1053 827 1207 862 occupabit.
1224 826 1286 855 Scio
1306 832 1333 855 et
1349 828 1401 855 alia
1418 828 1502 855 multa
1529 829 1562 856 ab
1584 829 1678 856 iisdem
1695 834 1751 857 tra-

969 871 1007 904 di,
1020 871 1116 905 partim
1137 871 1298 905 probabilia.
1309 873 1406 907 partim
1416 872 1576 900 certissimis
1586 873 1751 900 demonstra-

135 917 247 942 πλεῖστα
265 916 311 942 καὶ
326 915 391 942 ἄλλα
415 915 483 950 πρὸς
509 914 598 942 αὐτῶν
611 914 752 949 λεγόμενα,
771 915 848 941 τοῦτο
866 915 915 950 μὲν

967 917 1086 944 tionibus
1100 917 1237 950 conclusa,
1248 919 1346 952 quibus
1356 925 1384 945 se
1398 923 1492 952 putant
1506 919 1647 946 evidenter
1657 924 1750 946 osten-

133 961 244 993 πιοανὰ,
261 961 338 988 τοῦτο
357 961 384 987 δὲ
403 960 473 987 κατὰ
485 960 532 992 τὰς
548 960 680 996 κυριακὰς
698 960 846 992 ἀποδείξεις
858 960 912 995 (66)

111 1006 281 1040 »προῖόντα,
301 1006 333 1032 δι’
357 1002 393 1031 ὧν
425 1005 598 1040 παριστάνειν
622 1005 766 1040 πειρῶνται
789 1005 837 1040 τὴν
866 1005 912 1032 τοῦ

132 1052 229 1086 Πάσχα
252 1052 298 1078 κα)¹
320 1051 374 1078 τῶν
397 1051 507 1086 ἀζύμων
530 1050 625 1087 ἑορτὴν
646 1051 700 1078 δεῖν
726 1052 832 1083 πάντως
856 1052 912 1087 μετ’

134 1097 276 1131 ἰσημερίαν
297 1096 425 1130 ἄγεσθαι·
450 1095 567 1131 παρίημι
588 1096 615 1122 δὲ
637 1096 686 1127 τὰς
710 1097 834 1129 τοιαύτας
860 1097 913 1124 τῶν

131 1143 294 1176 ἀποδείξεων
314 1143 379 1175 ὕλας
401 1143 540 1170 ἀπαιτῶν·
559 1141 580 1177 ᾧ
596 1142 651 1179 (67)
677 1143 839 1179 περιῄρηται
865 1144 913 1179 μὲν

130 1190 161 1216 τὸ
177 1190 223 1215 ἐπὶ
234 1189 280 1215 τοῦ
294 1190 431 1221 Μωῦσέως
447 1189 520 1225 νόμῳ
533 1190 672 1225 κάλυμμα,
690 1189 913 1225 ἀνακεκαλυμμέ-

131 1244 168 1270 νῳ
184 1235 211 1261 δὲ
228 1235 266 1270 τῷ
284 1235 420 1270 προσώπῳ
435 1235 525 1261 λοιπὸν
538 1235 587 1270 ἤδη
601 1236 717 1271 Χριστὸν
731 1237 775 1262 καὶ
794 1236 828 1263 τὰ
845 1237 912 1271 Χρι-

132 1280 193 1307 στοῦ
206 1281 249 1306 ἀεὶ
263 1280 488 1315 κατοπτρίζεσθαι
502 1281 572 1316 μαθὴ
578 1281 648 1315 ματα
659 1290 687 1307 τε
698 1282 743 1308 καὶ
754 1281 911 1317 παθήματα.

131 1327 184 1352 Τοῦ
207 1327 235 1352 δὲ
250 1326 295 1352 τὸν
316 1326 421 1362 πρῶτον
441 1327 505 1362 παρ’
528 1327 663 1363 Ἑϐραίοις
682 1327 753 1362 μῆνα
773 1329 836 1363 περὶ
853 1329 914 1362 ἰση-

132 1371 229 1406 μερίαν
240 1369 319 1404 εἶναι,
339 1371 527 1406 παραστατικὰ
540 1372 586 1398 καὶ
603 1371 636 1398 τὰ
653 1373 681 1398 ὲν
697 1372 738 1407 τῷ
760 1373 843 1408 Ἑνὼχ
856 1373 911 1407 (68)

133 1417 312 1452 μαθήματα.»
343 1417 397 1443 Καὶ
420 1417 603 1453 ἀριθμητικὰς
629 1417 656 1444 δὲ
684 1418 875 1445 καταλέλοιπεν
899 1420 913 1445 ὁ

131 1463 211 1494 αὐτὸς
234 1464 262 1489 ἐν
282 1463 351 1494 ὅλοις
372 1463 438 1489 δέκα
455 1463 666 1499 συγγράμμασιν
683 1464 834 1498 εἰσαγωγὰς
848 1464 911 1499 (69),

131 1509 178 1536 καὶ
192 1508 259 1535 ἄλλα
274 1509 407 1544 δείγματα
421 1509 469 1544 τῆς
486 1510 549 1545 περὶ
562 1509 595 1536 τὰ
607 1509 666 1535 θεῖα
676 1509 773 1545 σχολῆς
788 1519 817 1536 τε
831 1509 912 1536 αὐτοῦ

131 1555 178 1580 καὶ
192 1554 377 1589 πολυπειρίας.
391 1554 483 1590 Τούτῳ
506 1554 611 1590 πρῶτος
626 1556 640 1581 ὁ
656 1555 705 1590 τῆς
728 1555 912 1582 Παλαιστινῶν

132 1599 297 1635 Καισαρείας
308 1600 455 1632 ἐπίσκοπος
468 1600 626 1633 Θεότεκνος,
644 1603 736 1637 χεῖρας
749 1602 788 1633 εἰς
803 1602 913 1628 ἐπισκο-

131 1646 186 1680 πὴν
202 1645 365 1676 ἐπι-τέθεικε,
382 1646 504 1681 διάδοχον
519 1646 615 1673 ἑαυτοῦ
634 1646 702 1682 μετᾶ
723 1646 847 1682 τελευτὴν
863 1655 912 1673 πο-

133 1691 248 1727 ριεῖσθαι
262 1693 294 1727 τῇ
314 1691 365 1726 ἰδίᾳ.
383 1692 512 1727 παροικίᾳ
525 1691 719 1727 προμνώμενος
731 1692 796 1727 (70).
814 1693 868 1718 Καὶ
881 1692 914 1728 δὴ

132 1739 178 1765 ἐπὶ
193 1738 307 1774 σμικρόν
319 1746 378 1763 τινα
389 1738 483 1772 χρόνον
493 1739 576 1773 ἄμφω
588 1738 638 1773 τῆς
649 1738 732 1773 αὐτῆς
742 1737 914 1774 προύστησαν

138 1783 370 1818 Ἐκκλησὶας(71)’
388 1783 455 1809 ἀλλὰ
480 1783 533 1817 γὰρ
553 1784 598 1810 ἐπὶ
618 1783 666 1819 τὴν
687 1783 848 1818 Ἀντιόχειαν
866 1784 914 1819 τῆς

131 1829 202 1856 κατὰ
219 1829 323 1855 Παύλου
340 1830 446 1856 συνόδου
462 1829 606 1865 καλούσης,
621 1830 670 1864 τὴν
679 1830 830 1856 Λαοδικέων
841 1829 915 1856 πόλιν

131 1874 236 1910 παριὼν
246 1874 301 1909 (72)
323 1874 390 1910 πρὸς
412 1874 465 1901 τῶν
486 1874 607 1909 ἀδελφῶν
626 1874 718 1901 αὐτόθι
740 1874 915 1909 κοιμηθέντος

169 1973 243 2008 (66)⁴
263 1972 411 2007 Κυριακὰς
437 1973 632 2008 danda/65m,
653 1972 910 2007 Christophorsonus

130 2009 214 2044 νει-ιιι
229 2014 311 2044 ratas,
341 2009 386 2035 Sic
406 2009 496 2044 κυρίαι
518 2009 591 2041 δόξαι
609 2007 733 2044 dicuntur
756 2015 771 2034 a
799 2008 910 2035 Grtecis.

130 2043 245 2070 Rufinus
259 2043 430 2070 validissimas
441 2043 595 2070 assertione:
611 2043 702 2069 Vertit.

165 2077 222 2113 (67)
241 2077 319 2111 Vulg.
334 2078 408 2110 ὕλας
421 2078 470 2105 ἀπ’
482 2073 639 2113 αὑτῶν-ὧν.
653 2077 865 2113 Nosti-iquinque
872 2085 915 2113 co-

129 2111 271 2140 dices'uuo
285 2120 417 2139 consensu
436 2113 563 2146 scriptun:
584 2112 682 2138 habent
703 2111 767 2143 ὕλας
780 2112 914 2139 ἀπαιτῶν.

131 2148 184 2175 Sed
195 2149 220 2174 in
233 2147 326 2174 codice
341 2147 424 2181 Regio
432 2148 524 2174 eadem
537 2154 614 2173 manu
626 2147 779 2179 adnotatur,
793 2147 915 2174 scriben-

130 2183 194 2209 dum
217 2190 276 2209 esse
298 2182 346 2207 ἀπ’
374 2180 473 2208 αὐτῶν.
498 2182 576 2208 Certe
603 2181 650 2207 ἀπ’
669 2180 758 2208 αὐτῶν
776 2181 915 2214 legendum

129 2225 202 2249 esse,
219 2225 252 2243 ex
266 2218 443 2250 sequentibus
461 2221 582 2249 apparet.
599 2215 658 2242 Nisi
668 2217 738 2251 enim
753 2217 789 2242 ita
807 2217 914 2251 legeris,

130 2261 186 2285 quo
196 2247 311 2278 referes.
327 2259 358 2278 ea
379 2259 437 2284 quae
456 2247 605 2284 seqttuntnr
617 2251 698 2278 verba
720 2247 757 2277 ὧν
784 2247 917 2286 περιῄρηᾷ

127 2296 185 2318 ται,
203 2293 256 2313 etc.
273 2285 326 2313 Sed
348 2293 469 2316 nnnc.re
494 2286 625 2312 attentius
646 2287 800 2313 examinata
813 2285 825 2317 ,⁷
845 2285 916 2313 scri-

129 2322 249 2351 bendum
267 2329 363 2348 censeo
380 2321 446 2352 ὕλας
465 2321 602 2347 ἀπαιτῶν·
615 2318 637 2354 ᾧ
653 2320 836 2356 περιῄρηται,
863 2327 915 2348 etc.

129 2357 213 2390 quue
227 2360 253 2382 et
268 2363 364 2382 sensus
380 2361 406 2382 et
421 2361 567 2390 syntaxeos
582 2357 652 2383 ratio
666 2355 794 2389 postulat.

166 2390 222 2425 (68)
248 2391 295 2417 Ἐν
307 2390 346 2422 τῷ
367 2390 470 2424 Ἑνώχ.
489 2390 568 2417 Liber
585 2391 676 2418 Enoch
691 2392 789 2417 citalur
806 2398 820 2417 a
850 2390 916 2417 Jnda

128 2426 155 2452 in
173 2425 290 2460 Epistola
316 2427 457 2452 canonica.
482 2425 548 2452 Erat
569 2425 639 2452 liber
653 2425 842 2459 apocryphus,
869 2433 917 2460 nec

129 2459 204 2487 inter
220 2461 365 2492 canonicos
393 2460 566 2487 Hebraeorum
594 2460 678 2487 libros
702 2465 835 2493 receptus.
864 2459 917 2486 Sed

129 2501 220 2522 tamen
235 2495 361 2529 apostoli,
381 2503 529 2528 eorumque
543 2495 668 2528 exctuplo
686 2495 789 2528 antiqui
811 2495 915 2525 Patres,

130 2531 286 2558 testimonia
304 2538 336 2557 ex
350 2531 512 2565 apocryphis
526 2530 648 2564 proferre
664 2537 717 2555 non
741 2529 915 2562 dubitarunt;

129 2573 160 2592 ea
180 2565 285 2592 scilicet
301 2572 360 2598 qua:
375 2565 407 2590 ad
425 2566 598 2591 astruendam
615 2565 755 2590 \‘et'llalelll
779 2565 916 2596 facerent,

128 2608 162 2626 ex
178 2600 212 2627 iis
225 2600 365 2633 eligentes.
385 2599 450 2626 Vide
466 2598 610 2634 Georgium
624 2599 777 2634 Syncellum
795 2599 820 2624 in
834 2598 918 2634 Chro-

127 2635 268 2697 gico,lubi
289 2634 457 2661 luculentutu
475 2633 658 2669 fragmentum
684 2633 762 2660 aﬂert
786 2640 820 2660 ex
840 2633 917 2660 libris

153 2677 235 2696 noet.

153 2677 235 2696 IIOCIL

165 2705 220 2739 (69)
237 2703 435 2737 Ἀριθμητικὰς
453 2704 627 2738 εἰσαγωγάς.
649 2704 763 2730 Exstant
787 2702 918 2737 hodieque

129 2740 201 2780 inter
220 2738 499 2780 genitoqouitavqr-rﬁ;
518 2739 714 2780 ἀριθμητικῆς,
738 2744 865 2771 excerpta
884 2745 918 2764 ex

128 2774 207 2800 libris
220 2773 339 2799 Anatolii
362 2773 566 2800 lnslilulionu'm
580 2773 818 2800 urit/interiturum.

164 2808 221 2843 (70)
244 2808 466 2842 Προμνώμενος.
484 2808 511 2834 lu
529 2809 606 2836 codd.
624 2809 703 2838 liled..
727 2806 878 2838 Fult.,Sar.
892 2810 918 2834 et

129 2843 197 2870 Maz.
213 2843 314 2877 legitur
332 2843 522 2878 προνούμενος.
555 2843 606 2870 Sed
631 2845 729 2870 rectior
749 2847 791 2868 est
813 2843 917 2878 vulgata

129 2879 219 2905 Ii'i‘lit).
245 2885 325 2912 quam
346 2879 426 2904 codex
450 2878 550 2912 Regius
570 2884 595 2904 ct
626 2878 791 2911 Nit‘i-pltorus
819 2877 912 2903 Confir-

964 960 1039 994 dere,
1048 962 1152 990 Pascha
1163 967 1188 990 et
1196 962 1292 989 festum
1301 962 1463 997 Azymorum
1471 963 1582 990 omnino
1590 968 1649 997 post
1664 963 1750 998 ωηιιί-

964 1008 1084 1034 noctium
1108 1014 1168 1035 esse
1180 1007 1385 1034 celebrandum.
1406 1006 1503 1034 Verum
1518 1006 1669 1041 huiusmodi
1700 1007 1749 1034 de-

964 1053 1190 1080 monstrationem
1227 1053 1331 1086 copiam
1367 1053 1477 1086 exigere
1508 1053 1747 1086 praetermittimus,

962 1099 1060 1132 quibus
1085 1097 1205 1125 velamen
1227 1097 1350 1125 Mosaicae
1380 1098 1448 1132 legis
1472 1098 1590 1125 ablatum
1622 1104 1664 1126 est
1689 1107 1695 1125 :
1720 1104 1748 1126 et

963 1143 1059 1178 quibus
1071 1144 1187 1170 revelata
1200 1143 1335 1177 jamfacie
1358 1144 1499 1171 Christum
1515 1144 1673 1178 Christique
1696 1145 1744 1171 do-

963 1190 1078 1216 ctriuam
1097 1193 1123 1216 et
1137 1190 1291 1224 passionem
1310 1195 1438 1224 tanquam
1456 1189 1483 1216 in
1496 1190 1605 1224 speculo
1622 1190 1749 1224 deinceps

963 1234 1060 1261 intueri
1079 1233 1151 1261 licet.
1171 1234 1302 1269 canet-um
1327 1235 1443 1269 primum
1461 1242 1581 1262 mensem
1606 1234 1675 1269 apud
1695 1235 1743 1263 lle-

962 1282 1049 1308 braaos
1072 1281 1144 1308 circa
1168 1281 1357 1315 tequinoctium
1379 1280 1499 1314 incipere
1521 1280 1663 1307 manifeste
1683 1288 1745 1307 con-

963 1327 1091 1359 vincitur,
1107 1326 1148 1353 vel
1164 1334 1196 1353 ex
1210 1326 1242 1352 iis
1258 1326 1401 1361 praeceptis
1421 1333 1480 1360 quas
1495 1325 1520 1352 in
1541 1325 1609 1352 libro
1636 1326 1746 1352 Henot-h

963 1373 1100 1408 leguntur.
1123 1372 1193 1399 idem
1220 1379 1301 1406 porro
1325 1372 1465 1399 Anatolius
1496 1371 1578 1399 etiam
1599 1372 1690 1399 decem
1713 1372 1748 1399 li-

964 1420 1025 1447 bros
1049 1418 1244 1445 institutionum
1267 1417 1516 1451 aritltmeticarum,
1539 1417 1621 1444 multa
1642 1425 1748 1452 quoque

964 1465 1014 1492 alia
1032 1471 1086 1492 suae
1104 1464 1130 1491 in
1156 1464 1242 1491 sacris
1259 1462 1370 1490 Litteris
1385 1463 1531 1498 diligenlize
1547 1469 1629 1497 atque
1649 1464 1749 1491 doctri-

965 1519 1005 1538 na:
1021 1510 1104 1545 288
1127 1513 1300 1536 monumenta
1318 1509 1396 1536 nobis
1430 1510 1548 1543 reliquit.
1569 1509 1637 1537 lluic
1660 1510 1748 1537 Theo-

926 1573 950 1604 α
965 1561 1069 1587 tectius,
1083 1554 1214 1581 Caesarea:
1243 1553 1390 1580 Palaestina;
1407 1554 1560 1588 episcopus,
1573 1554 1674 1589 primus
1692 1562 1749 1581 ma-

965 1610 1016 1630 nus
1029 1601 1166 1636 imposuit,
1189 1607 1304 1634 eumque
1329 1601 1485 1634 episcopum
1511 1600 1647 1627 ordinavit
1664 1610 1670 1627 :
1686 1608 1748 1627 suc-

965 1654 1100 1675 cessorem
1123 1646 1196 1674 illum
1225 1645 1353 1673 Ecclesia:
1378 1653 1434 1673 sua:
1460 1645 1637 1681 despondens.
1660 1646 1748 1684 'Ambo

966 1699 1042 1721 certe
1065 1692 1264 1727 aliquantisper
1286 1691 1407 1718 eamdem
1429 1691 1572 1718 ecclesiam
1599 1690 1678 1718 simul
1699 1699 1748 1724 gu-

966 1739 1123 1765 bernarunt.
1141 1737 1237 1764 Postea
1253 1744 1317 1763 vero
1329 1744 1390 1763 cum
1404 1743 1464 1764 eum
1482 1737 1602 1772 synodus
1614 1737 1747 1764 adversus

966 1783 1077 1810 Paulum
1096 1788 1258 1817 congregata
1277 1781 1446 1809 Antiochiam
1467 1787 1618 1815 evocasset,
1633 1789 1680 1817 per
1700 1790 1747 1809 ur-

966 1829 1028 1856 bem
1045 1828 1205 1855 Laodiceam
1221 1828 1272 1854 iter
1288 1827 1402 1859 faciens,
1418 1835 1432 1853 a
1449 1827 1582 1855 fratribus
1602 1828 1674 1854 illius
1695 1828 1747 1855 loci

966 1879 1073 1902 mortuo
1087 1878 1149 1901 tunc
1162 1873 1279 1901 Eusebio
1299 1873 1425 1900 detentus
1440 1878 1490 1900 est.
1505 1873 1636 1900 Defuncto
1650 1874 1747 1900 deinde

964 1977 1048 1999 ntant.
1066 1972 1134 2005 Quin
1152 1972 1233 1999 etiam
1252 1971 1279 1998 in
1297 1971 1388 1999 codice
1405 1971 1489 2006 Regio
1505 1971 1555 1998 hoc
1566 1971 1697 1999 scholinm
1711 1973 1744 1999 ad

966 2010 1113 2041 marginem
1129 2007 1225 2042 legitur
1241 2016 1246 2033 :
1261 2006 1398 2042 προξενῶν
1409 2006 1651 2042 προμνηστεύεται.

1001 2040 1041 2077 (771
1048 2045 1056 2077 _l
1068 2043 1100 2068 ’Ἀ
1102 2040 1169 2077 ﬁgo)
1184 2041 1238 2075 τῆς
1246 2040 1340 2074 αὐτῆς
1350 2040 1548 2075 προϋὰτῄσὰν
1556 2041 1746 2077 Ἑκκλησίας.

966 2077 994 2103 In
1007 2076 1110 2104 codice
1136 2077 1202 2103 Maz.
1222 2078 1277 2103 haec
1291 2081 1418 2102 notantur
1437 2078 1469 2103 ad
1496 2076 1643 2110 marginem
1663 2085 1670 2102 :
1686 2077 1748 2108 Πῶς

966 2113 1013 2138 καὶ
1029 2111 1145 2138 ἐνταῦθα
1161 2111 1224 2146 μίας
1235 2111 1386 2146 ἐπισκοπῆς
1401 2111 1447 2146 δύο
1463 2110 1644 2146 προῦστησαν.
1658 2111 1683 2136 Id
1696 2117 1746 2141 est,

972 2146 1036 2173 Vide
1049 2145 1179 2181 quomodo
1200 2147 1279 2172 etiam
1302 2147 1343 2172 Iit'c
1359 2146 1404 2172 uni
1420 2145 1544 2172 Ecclesia
1565 2151 1617 2172 duo
1634 2147 1748 2179 praefue-

968 2187 1030 2208 runt
1051 2182 1176 2216 episcopi.
1196 2181 1322 2214 lntelligit
1342 2187 1430 2216 autem
1452 2181 1620 2216 scholiaslesr
1635 2182 1749 2207 Alt-xan-

943 2217 1045 2257 )drttm
1061 2237 1069 2249 ,
1094 2216 1145 2257 qui.
1163 2223 1224 2256 .una
1254 2215 1471 2257 cummNarcisso
1502 2215 1747 2257 Hierosolymorum

967 2252 1108 2285 episcopus
1132 2251 1192 2282 fuit,
1225 2255 1252 2278 ut
1272 2251 1299 2277 in
1317 2251 1387 2278 libro
1403 2258 1429 2277 tv
1463 2255 1577 2277 testatur
1607 2250 1746 2277 Eusebius.

969 2286 1030 2313 llaec
1059 2291 1122 2312 sunt
1146 2286 1329 2312 vetustissima
1350 2285 1470 2320 exempla
1495 2286 1693 2320 coadjutorum,
1719 2290 1748 2311 III.

969 2329 1040 2348 nunc
1053 2325 1161 2351 vocant,
1175 2321 1372 2355 episcoporum.
1396 2319 1445 2353 Qui
1471 2327 1531 2347 cum
1549 2319 1581 2346 ad
1600 2320 1746 2346 sublevan-

968 2357 1030 2381 dam
1060 2356 1246 2389 episcoporum
1277 2360 1445 2382 senectutem
1477 2355 1595 2381 instituti
1631 2355 1745 2388 primunt

970 2391 1095 2422 fuissent,
1115 2398 1144 2416 re
1155 2395 1246 2422 postea
1267 2390 1292 2416 iu
1317 2390 1541 2417 eousuetmlinem
1559 2398 1648 2420 versa,
1675 2389 1746 2415 nulla

969 2426 1134 2452 necessitate
1148 2425 1172 2451 id
1191 2426 1325 2459 exigente.
1344 2433 1391 2458 per
1404 2425 1515 2458 gratiam
1534 2430 1561 2450 et
1574 2424 1747 2451 ambitionem

968 2460 1054 2487 creari
1069 2466 1186 2493 coepere.
1201 2460 1244 2486 cui
1262 2459 1342 2490 malo,
1354 2467 1386 2485 ne
1399 2459 1503 2494 longius
1518 2464 1650 2492 serperet,
1662 2466 1750 2485 remc-

969 2495 1041 2521 dium
1058 2494 1172 2521 attulere
1186 2494 1278 2520 Patres
1293 2494 1400 2520 concilii
1416 2493 1595 2520 Sa’rdicensis.

1003 2529 1058 2565 (72)
1078 2528 1244 2565 Λαοδικέων
1257 2529 1346 2565 πόλιν
1360 2527 1482 2565 παριών.
1499 2529 1570 2565 Idem
1585 2529 1619 2565 de»
1634 2528 1749 2565 Eusebio

968 2563 1150 2591 Alexandrino
1175 2564 1267 2591 retulit
1292 2564 1424 2590 Eusebius
1452 2563 1478 2590 in
1507 2563 1639 2597 principio
1670 2563 1750 2597 hujus

970 2599 1082 2633 capitis:
1101 2598 1175 2626 illum
1195 2598 1307 2630 scilicet,
1321 2605 1381 2633 cum
1401 2598 1434 2625 ad
1454 2598 1584 2633 synodum
1601 2597 1749 2624 Antioalte-

969 2632 1031 2660 nam
1055 2641 1120 2668 'quaa
1146 2634 1278 2660 adversus
1313 2632 1424 2659 Paulum
1454 2632 1618 2667 congregata
1644 2632 1748 2668 fuerat,

968 2666 1106 2703 profectus
1118 2673 1208 2700 esset,
1225 2668 1252 2695 in
1267 2669 1354 2695 reditu
1375 2666 1518 2702 exceptum
1535 2674 1600 2703 esse
1616 2675 1631 2694 a
1648 2666 1747 2703 Laodi-

969 2701 1106 2736 censibus,
1133 2703 1245 2737 ejusque
1274 2703 1324 2730 loci
1350 2701 1505 2736 episcopum
1532 2701 1643 2737 factum.
1673 2701 1749 2728 Nunc

969 2746 1034 2765 vero
1049 2739 1119 2766 idem
1134 2736 1229 2765 scribit
1249 2738 1283 2765 de
1300 2736 1528 2770 Anatoliotquod
1548 2736 1620 2762 nulla
1644 2737 1749 2763 ratione

970 2773 1076 2800 defendi
1097 2781 1176 2808 posse
1193 2773 1258 2802 mihi
1271 2772 1387 2799 videtur.
1402 2772 1477 2808 Quod
1491 2771 1512 2808 si
1527 2771 1588 2805 quis
1599 2771 1748 2808 dicat,l§u-

969 2809 1074 2835 sebium
1086 2805 1177 2842 paucis
1193 2808 1285 2834 diebus
1307 2811 1367 2842 post
1386 2807 1584 2833 ordinationem
1606 2805 1660 2832 fato
1684 2807 1750 2842 fun—

970 2848 1042 2868 etum
1062 2843 1162 2874 fuisse,
1175 2843 1254 2876 eique
1279 2842 1432 2869 Anatolium
1453 2841 1597 2868 succedere
1618 2841 1747 2874 potuisse,

971 2878 1158 2904 auctoritatem
1172 2877 1327 2912 Hieronymi
1343 2877 1366 2904 ei
1380 2883 1561 2910 oppnnemus,
1585 2877 1630 2910 qui
1646 2883 1717 2904 anno
1728 2883 1747 2904 ιι
