2002 3169
172 166 223 194 7t?)

634 166 807 195 ιιιετοιιιλε
827 166 1109 195 ΕεειεειΑδτιεᾹς
1130 166 1193 195 LIB.
1213 167 1280 195 VIII.

1743 167 1796 195 Ἰῑῧ

170 223 359 260 Διοκλητιανοῦ
386 223 538 259 βασιλείας,
555 224 673 260 Δύστρος
684 225 740 261 μὴν
759 225 813 261 (97)
826 246 832 257 ,
854 226 941 260 λέγοιτ

993 225 1149 259 ,religionis
1170 230 1250 253 testes
1274 223 1456 256 exstiterunt,
1476 233 1553 252 sacra
1577 226 1725 253 certamina
1741 226 1790 253 de-

169 271 191 299 δ’
205 271 237 298 ἂν
258 268 334 302 οὗτος
357 271 478 307 Μάρτιος
501 271 572 298 κατὰ
589 271 750 307 Ῥωμαίους,
767 273 795 298 ἐν
813 270 836 306 ᾧ
849 273 898 307 τῆς
908 273 956 300 τοῦ

170 317 304 352 σωτηρίου
319 317 420 348 πάθους
434 318 530 353 ἑορτῆς
545 317 752 353 εἰσελαυνούσης
766 318 832 352 (98),
848 318 958 353 ἤπλωτο

170 363 323 398 πανταχόσε
346 363 472 398 βασιλικὰ
493 364 659 399 γράμματα,
674 364 723 396 τὰς
747 364 795 399 μὲν
809 364 955 400 ἐκκλησίας

169 411 208 441 εἷς
226 410 322 443 ἕδαᾳος
335 410 438 445 φέρειν,
451 410 500 442 τὰς
515 411 542 437 δὲ
556 411 665 446 Γραφὰς
679 412 790 446 ἀφανεῖς
803 413 869 448 πυρὶ
880 412 957 447 γενέ-

170 455 231 481 σθαι
248 455 458 490 πρυ-τάττοντα,
472 456 519 482 καὶ
539 457 600 488 τοὺς
622 457 669 492 μὲν
691 458 774 493 τιμῆς
789 457 957 494 ἐπειλημμέ-

168 514 274 545 nititur,
293 514 367 540 Actis
380 514 486 541 scilicet
502 515 608 542 concilii
626 515 765 542 Cirtensis.
790 516 865 549 Quod
886 524 950 542 con-

168 549 259 575 cilium
279 557 349 576 anno
369 554 427 583 post
450 550 582 584 inceptam
611 551 824 584 persecutionem
842 555 869 577 et
892 555 952 585 post

168 585 321 618 passionem
353 589 500 617 martyrum
524 591 716 618 congregatum
749 594 810 612 esse
836 586 953 613 alIirinat

167 619 333 652 Augustinus
360 621 385 655 in
402 618 540 646 Brericulo
562 620 720 646 collationis.
751 620 949 655 Congregalttm

167 659 210 680 est
239 660 338 685 autem,
373 654 539 681 Diocletiano
568 663 614 682 vni
646 661 673 681 et
705 654 868 683 Maximiano
915 664 949 682 rit

167 696 252 719 coss.,
281 695 309 715 ut
324 689 420 715 docent
434 690 499 716 Acta
521 690 604 724 ipsius
622 690 727 717 concilii
751 691 784 717 ab
799 691 950 724 Augustino

168 724 252 750 relata
271 724 297 750 in
317 724 361 751 lib.
378 731 408 750 ιιι
441 731 532 751 contra
555 725 732 752 Cresconium.
752 726 804 752 Sed
826 727 887 753 huic
905 734 950 752 ar-

167 764 295 792 gumento
308 758 464 786 facillimum
476 765 517 786 est
532 760 705 793 respondere.
723 760 790 794 Quis
806 761 878 787 enini
894 768 947 787 non

167 794 249 824 videt,
264 795 385 819 mendum
402 803 459 821 esse
476 796 500 821 in
514 795 588 821 Actis
603 795 655 822 illis
673 796 804 822 Cirtensis
828 796 947 827 concilii,

165 833 194 853 et
212 829 350 862 legendum
376 836 436 856 esse
462 838 467 854 :
489 829 521 855 Ι).
545 838 568 856 c.
594 830 753 857 Diocletiani
778 839 805 857 ix
825 837 847 857 et
862 831 950 857 Maxi-

166 863 250 898 miani
278 871 324 890 rtii
341 863 352 889 ?
370 865 395 890 ld
421 864 491 891 enim
519 866 689 898 apertissime
711 867 883 892 convincitur
913 874 945 893 e\'

1010 272 1129 300 scribere
1148 272 1299 299 ordiamur.
1317 271 1409 298 Nonus
1423 272 1543 298 decimus
1558 272 1690 306 agebatur
1704 280 1792 299 amnis

1011 318 1118 353 imperii
1138 317 1319 351 Diocletiani,
1333 325 1393 344 cum
1409 325 1500 345 mense
1520 318 1616 353 Dystro
1638 326 1719 353 quem
1737 318 1792 345 Ro.

1010 365 1082 392 mani
1097 365 1222 391 Martium
1237 368 1353 397 vocant,
1370 370 1514 399 appetente
1532 366 1578 392 die
1593 365 1661 392 festo
1675 365 1794 392 Domini-

1011 418 1049 439 θαι
1066 411 1198 445 passionis
1213 410 1352 444 proposita
1368 415 1432 437 sunt
1449 411 1550 445 ubique
1568 411 1717 446 imperialia
1735 411 1793 439 odi-

1012 460 1067 489 cta,
1079 455 1176 490 quibus
1190 455 1313 482 ecclesia:
1329 456 1439 491 quidem
1455 456 1488 483 ad
1502 457 1589 484 solum
1606 464 1692 492 usque
1703 457 1790 489 dirui;

1006 519 1051 542 tur
1066 514 1092 541 in
1103 513 1174 550 Actis
1185 514 1256 550 apud
1274 513 1452 550 Zenophilnm
1468 514 1651 546 consularem,
1667 523 1727 550 (μιτιι
1750 525 1792 543 re-

1006 550 1131 576 l'eruntnr
1142 549 1168 575 in
1184 549 1230 575 lib.
1244 556 1286 579 tit.
1299 554 1390 575 contra
1406 549 1585 580 Cresconium,
1601 555 1628 576 et
1641 551 1665 576 in
1679 552 1789 579 enistola

1005 585 1146 618 Augustini
1165 583 1226 615 165,
1243 588 1270 611 et
1282 592 1340 620 qute
1364 589 1423 620 post
1449 583 1622 611 collationem
1646 582 1789 620 Carthagi-

1005 627 1116 655 nensem
1133 620 1202 646 edita
1216 619 1381 655 sunt.l-llutl.
1401 619 1522 655 inquam,
1538 620 1708 647 verissimum
1729 628 1787 655 est;

1005 654 1100 681 t‘alsnm
1119 661 1181 681 vero
1202 659 1243 680 est
1268 654 1393 681 Cirtense
1408 654 1554 681 concilium
1580 662 1684 688 gesmm
1706 654 1788 685 fuisse

1004 689 1170 715 Diocletiano
1189 696 1234 715 vni
1254 693 1280 716 et
1310 689 1473 715 Maximiano
1490 697 1538 716 vn-
1557 697 1627 718 coss.
1651 691 1704 717 Sed
1724 693 1787 725 quid

1003 724 1157 759 responsuri
1183 729 1247 750 sunt
1265 725 1414 751 adversarii
1441 725 1474 750 ad
1500 725 1556 751 hare
1576 732 1637 759 qum
1662 724 1788 755 dicturus

1001 762 1075 786 sum"
1085 759 1199 786 Constat
1213 759 1335 789 Cirtense
1346 759 1491 786 cuncilinm
1504 765 1628 787 coactum
1642 768 1701 788 esse
1715 770 1788 789 anno

1001 799 1061 828 post
1075 799 1156 830 gesta
1172 794 1215 820 illa
1229 798 1391 830 martyrum
1403 794 1603 827 Africanorum,
1626 803 1674 822 seu
1698 799 1787 830 potius

1000 837 1047 855 xui
1063 829 1210 857 mensibus.
1228 829 1292 855 Nam
1308 829 1451 856 concilium
1473 835 1577 864 gestum
1590 836 1631 857 est
1657 839 1684 857 lll
1698 829 1787 860 Nonas

1001 864 1128 896 Martias;
1144 869 1293 898 martyrum
1308 870 1395 899 autem
1423 870 1498 899 gesta
1522 865 1607 897 pridie
1623 866 1684 892 ldus
1704 868 1784 895 Febr.

166 897 303 924 Bruttii:qu
322 898 480 931 collationis,
499 897 550 926 diei
572 908 611 932 iii,
637 901 725 933 capite
748 901 792 932 17,
812 901 856 927 tibi
881 901 948 927 dit'i-
966 906 987 933 ιι
1003 899 1071 933 Ergo
1095 900 1117 926 si
1150 897 1294 926 concilium
1328 897 1454 926 Cit-tense
1488 905 1576 926 actum
1607 907 1648 927 est
1676 902 1784 928 Diocle-

168 938 232 959 tur:
253 943 261 959 t
280 934 345 959 Nam
368 940 442 966 gesta
469 940 617 969 martyrum
634 936 731 969 quibus
754 936 949 963 ostendebatur

167 973 272 1002 tempus
288 970 492 1002 persecutionis,
524 978 593 996 coss.
612 975 684 1002 gesta
703 976 765 997 sunt
787 970 949 998 Diocletiano

166 1010 204 1035 Ix,
228 1009 255 1029 ct.
282 1004 444 1029 Maximiano
465 1012 522 1036 \‘lll,
561 1005 647 1039 pridie
675 1006 735 1032 ldus
758 1006 917 1032 Februarias
940 1016 946 1033 :

166 1044 241 1069 gesta
271 1044 361 1064 autem
390 1039 553 1073 cpiscopalia
587 1040 688 1067 decreti
719 1041 862 1071 Cirtensis,
887 1047 948 1074 post

166 1074 322 1100 cornmtlem
348 1075 516 1101 consulatum
543 1083 570 1101 ιιι
594 1075 684 1101 Nonas
710 1075 840 1106 Martias,
863 1085 871 1101 ι
894 1082 946 1102 etc.

165 1107 234 1145 Quid
255 1109 296 1134 his
310 1113 397 1141 potest
413 1117 472 1136 esse
487 1111 676 1137 manifestius?
693 1110 784 1145 Neque
799 1118 863 1137 vero
879 1111 949 1138 hanc

165 1144 334 1179 Scriptttram
366 1145 497 1179 suspicari
526 1145 668 1179 quisquam
694 1146 726 1171 de
743 1144 820 1172 'falso
849 1150 946 1179 potest.

165 1178 248 1214 Addit
265 1180 338 1205 enim
361 1178 459 1206 ibidem
483 1178 657 1214 Augustinus,
682 1180 808 1207 ollicialcs
828 1178 946 1213 jtissosa

162 1212 254 1246 judice
269 1214 399 1247 inspicere
414 1212 544 1248 quantum
570 1216 697 1248 temporis
716 1212 883 1242 interfuisset
905 1217 947 1242 in-

167 1254 208 1274 ter
220 1249 371 1281 passionem
391 1255 537 1284 martyrum
550 1255 577 1276 ct
593 1251 735 1277 cont-ilium
749 1251 882 1282 Cirtense,
901 1252 947 1277 tle-

164 1290 259 1316 ccptos
279 1283 360 1310 fuisse
382 1292 412 1310 ac
435 1283 482 1317 per
498 1285 706 1319 imprudentiam
733 1285 829 1312 falsum
849 1293 947 1311 renun-

167 1319 260 1355 tiasse.
279 1318 342 1344 Nam
355 1327 414 1345 cum
430 1320 510 1355 Costa
538 1318 684 1355 martyrum
709 1321 836 1354 inseripta
856 1325 947 1348 essent

166 1353 334 1380 Diocletiano
347 1362 373 1380 l.\'
387 1359 411 1380 σοι
426 1354 589 1381 Maximiano
604 1353 662 1385 vni,
675 1357 759 1389 pris/ie
774 1353 838 1381 litus
854 1356 945 1388 ("earn

165 1390 232 1415 Acta
250 1396 314 1415 vero
335 1390 440 1416 concilii
467 1391 597 1416 Cirtensis
611 1397 668 1423 post
686 1391 850 1418 consulalum
888 1392 948 1417 Dio.

163 1424 272 1459 cletiaui
309 1424 394 1451 uarie:
417 1431 442 1451 et
467 1425 624 1451 Maximiani
658 1428 748 1459 octies,
786 1433 817 1453 ιιι
853 1426 946 1453 Nonas

166 1457 296 1496 ᾼΙιιιτὶιιε,
324 1460 448 1487 otliciales
485 1467 542 1494 post
566 1457 745 1488 consulatunr
771 1468 819 1496 pro
849 1469 945 1487 consu-

166 1494 224 1520 latu
247 1500 400 1527 sumentes,
428 1503 546 1522 mensem
574 1497 705 1524 duntaxat
733 1494 802 1523 inter
832 1501 946 1530 utraque

164 1530 246 1555 (ἇς-ειη
281 1530 469 1564 interpositum
498 1538 558 1557 esse
584 1532 797 1565 responderunt.
822 1539 882 1558 cum
906 1537 946 1558 ta-

165 1571 228 1600 nien
261 1572 309 1591 xiii
339 1566 470 1592 mensium
499 1567 612 1600 spatium
636 1574 727 1593 revera
757 1566 943 1600 interpositum

165 1598 277 1631 fuisset,
308 1605 337 1626 ut
370 1598 520 1627 rectissime
557 1602 638 1628 tradit
674 1598 850 1635 Augustinus.
888 1602 942 1628 Eii—

163 1639 239 1661 stant
267 1636 376 1669 quidem
404 1636 460 1669 ipsa
482 1641 629 1671 martyrum
656 1637 735 1664 Gesta
750 1645 809 1671 qua:
823 1637 848 1663 in
862 1638 942 1663 colla-

166 1671 239 1697 tione
255 1670 299 1697 ilta
319 1671 502 1704 designantur.
524 1670 621 1698 Verum
640 1672 667 1698 in
689 1672 722 1699 iis
743 1670 793 1699 nec
808 1672 875 1704 dies,
895 1680 943 1699 nec

163 1705 258 1731 consul
278 1707 431 1739 adscriptas
455 1711 508 1737 est,
533 1712 562 1733 ut
583 1707 675 1733 videre
698 1712 740 1734 est
763 1708 832 1741 apud
859 1708 941 1734 Baro-

164 1741 249 1766 niuin.
258 1741 309 1766 Aut
319 1741 399 1775 igitur
412 1741 482 1768 hunc
493 1742 580 1768 locum
592 1749 622 1768 ex
635 1741 772 1768 Brericulo
781 1743 940 1773 collationis,

163 1776 209 1800 ubi
230 1775 312 1802 Gesta
331 1781 479 1810 martyrum
501 1777 665 1804 Diocletiano
678 1785 705 1804 ix
732 1782 759 1804 et
780 1778 941 1805 Maximiano

163 1816 213 1835 \‘lll
234 1818 303 1837 coss.
325 1812 446 1838 conlecta
470 1817 664 1844 memorantur.
685 1813 843 1839 mendosum
877 1820 937 1840 esse

164 1852 277 1880 necesse
290 1851 349 1878 est;
366 1852 412 1873 aut
428 1847 629 1880 inscriptionem
645 1848 751 1875 concilii
765 1847 896 1874 Cirtensis
913 1848 938 1874 in

161 1879 212 1906 lib.
239 1889 267 1907 ιιι
301 1887 392 1907 contra
417 1879 593 1908 Cresconiuiii.
619 1882 700 1917 Atqui
732 1882 870 1916 inscriptio
895 1883 938 1909 illa

161 1920 302 1952 gestorum
314 1922 462 1952 martyrum
481 1917 547 1943 lalsa
563 1924 623 1944 esse
639 1926 690 1944 non
705 1922 804 1951 potest,
822 1923 851 1943 ut
865 1923 938 1950 patet

159 1958 196 1976 ex
210 1951 242 1976 iis
258 1958 317 1984 qua:
328 1951 464 1985 jaiudixi.
478 1952 524 1978 Est
538 1957 565 1978 et
578 1953 649 1979 aliud
668 1957 868 1987 argumentum,
884 1960 937 1987 quo

160 1987 287 2012 convinci
299 1993 395 2020 potest,
411 1987 533 2013 Cirtense
555 1987 697 2014 Concilium
717 1987 858 2014 consulatu
876 1987 937 2013 Dio-

160 2021 271 2047 cletiani
288 2029 345 2052 vui,
366 2023 506 2048 collectum
533 2030 585 2049 non
611 2022 703 2049 fuisse.
725 2024 790 2049 Cum
819 2022 934 2049 enimid

160 2056 307 2082 concilium
324 2063 447 2083 coactum
458 2057 539 2083 fuerit
553 2058 585 2083 ad
606 2058 784 2084 ordinandum
802 2057 935 2084 Cirtensis

158 2090 289 2118 Ecclesia:
303 2092 471 2126 episcopum.
495 2097 563 2119 teste
582 2094 739 2127 Augustino,
759 2100 850 2126 quaero
872 2093 934 2126 quis

158 2127 303 2159 cpiscopus
317 2128 350 2153 ab
361 2128 493 2161 episcopis
514 2128 565 2154 illis
576 2130 715 2154 ordinatus
732 2128 789 2154 sit?
805 2127 861 2153 Non
883 2128 935 2154 Sil-

158 2168 255 2187 vanus.
278 2161 326 2187 Hic
344 2163 417 2188 enim
436 2162 486 2188 hoc
502 2163 558 2197 ipso
570 2170 640 2190 anno
653 2164 741 2189 adhuc
754 2163 934 2189 subdiacmms

157 2201 219 2232 erat
244 2196 316 2232 l’auli
339 2197 469 2224 Cirtensis
495 2198 622 2231 episcopi,
641 2202 669 2224 ut
686 2203 759 2232 patet.
782 2206 814 2224 ex
842 2197 933 2224 Gestis-

156 2229 270 2257 Munatii
286 2231 392 2258 Felicis.
410 2229 520 2258 I‘auluni
534 2229 613 2267 igitur
626 2229 716 2259 diceiit
729 2240 790 2259 cum
805 2233 929 2265 llaronio,

156 2272 278 2293 creatum
293 2267 326 2294 ab
339 2266 391 2302 illis
406 2266 560 2301 episcopum
585 2268 675 2294 Cirtic.
699 2268 751 2294 Sed
780 2274 867 2302 neque
880 2268 930 2295 hoc

156 2307 233 2328 atare
244 2307 340 2334 potest.
355 2301 460 2329 Etenim
477 2303 527 2328 sub
545 2303 627 2328 Paulo
637 2308 695 2329 orta
711 2307 753 2329 est
768 2301 931 2336 persecutio,

156 2342 187 2363 ut
200 2338 299 2363 docent
312 2338 378 2363 Acta
393 2338 462 2370 apud
474 2336 651 2371 chOpliilum
660 2338 827 2365 consularem
837 2339 932 2364 Numi-

155 2372 218 2401 diae,
233 2379 292 2405 quae
304 2372 457 2399 referuntur
469 2373 494 2398 in
505 2373 573 2398 libro
587 2380 616 2399 ιιι
642 2379 732 2405 contra
747 2374 931 2401 (irascentum:

157 2415 167 2432 ι
187 2404 349 2440 Zenopliilus
368 2407 517 2434 consularis
535 2408 603 2434 dixit
621 2404 704 2436 :Quis
725 2408 932 2435 administrabat

156 2447 220 2468 tunc
236 2442 362 2469 Silvanus
378 2443 402 2468 iii
422 2443 570 2469 elericatu?
585 2442 732 2476 Respondit
748 2452 754 2469 :
772 2443 828 2469 Sub
849 2444 932 2470 Paulo

151 2478 279 2510 episcopo
294 2484 351 2503 orta
364 2483 403 2503 est
416 2479 564 2511 persecutio
576 2484 601 2504 et
613 2478 739 2504 Silvanus
752 2477 932 2505 subdiaconus

152 2513 212 2539 I‘oit.
245 2522 254 2537 ι
280 2513 314 2538 Al
337 2514 358 2539 si
385 2513 410 2538 in
443 2514 557 2539 Cirtensi
591 2512 703 2539 concilio
730 2520 800 2539 coss.
827 2513 931 2539 Diocle-

153 2548 229 2573 tiano
255 2555 302 2574 \'lll
339 2554 364 2574 et
394 2547 556 2574 Maximiano
586 2556 634 2579 vti,
658 2547 758 2574 Paulus
788 2548 930 2582 episcopus

152 2583 239 2617 [acuis
256 2588 309 2614 est,
327 2585 460 2617 quomodo
482 2583 542 2609 illud
567 2591 659 2609 verum
685 2590 744 2609 esse
769 2583 867 2617 poterit
881 2585 930 2610 sub

150 2616 237 2643 Paulo
260 2616 347 2644 ortam
372 2626 432 2644 esse
465 2620 690 2650 persecutionem,
718 2626 779 2645 cum
809 2618 931 2645 Cirteiise

152 2653 308 2685 concilium,
326 2655 352 2679 iii
370 2660 422 2686 quo
440 2658 547 2679 Cicatus
570 2654 669 2679 dicitur
688 2654 840 2688 cpiscopus,
859 2661 931 2679 anno

149 2693 179 2714 ut
206 2688 345 2714 iniiiiiinint
375 2692 479 2719 dicam,
513 2694 572 2722 post
600 2689 705 2715 initium
736 2688 931 2722 persecutionis

149 2727 256 2756 gestum
276 2725 321 2749 sit.
338 2724 390 2750 Sed
407 2731 517 2749 omnino
543 2724 714 2750 verissimum
738 2729 790 2755 est,
816 2723 889 2757 quod
903 2723 929 2749 lll

148 2759 202 2785 illis
215 2759 290 2785 Actis
308 2759 415 2790 dicitur.
439 2759 489 2784 sub
512 2758 595 2785 Paulo
617 2759 780 2785 Cirtensium
803 2760 930 2792 episeopo

147 2798 237 2820 ortam
274 2801 334 2820 esse
362 2793 585 2827 persecutionem,
617 2794 783 2820 Diocletiano
811 2801 856 2819 riii
903 2798 930 2819 et

148 2829 312 2855 Maximiano
335 2837 373 2855 vn
393 2836 463 2855 C035-
484 2830 623 2859 Quoanno
640 2828 774 2855 Munatius
794 2827 869 2854 Felix
883 2836 930 2854 cu-

150 2870 224 2890 rator
254 2864 409 2897 reipubltca:
440 2863 603 2889 Cirtensium
646 2865 786 2898 ingressus
819 2866 928 2890 domum

148 2899 224 2926 Pauli
238 2898 455 2933 cpiscopi,jtissit
467 2904 495 2924 ut
508 2900 626 2925 traderet
640 2899 804 2932 b'ci'tpturas,
819 2905 847 2925 ut
863 2899 929 2933 lvgi-

309 2949 442 2978 Ριιτιιοι..
463 2949 521 2978 Cu.
541 2950 614 2987 XX_

1002 935 1093 973 tiano_
1107 942 1155 960 νιιι
1188 939 1215 973 et
1233 934 1394 961 Maximiano
1412 942 1548 973 vit__co_s_s.,
1573 943 1663 973 p_assno
1680 943 1784 973 marty-

1001 977 1059 1007 rum
1074 969 1230 996 Constantio
1244 977 1269 1007 iv
1284 977 1365 1007 co_ss..
1394 970 1480 1007 pridie
1495 970 1555 997 ldtis
1580 970 1644 999 Feb.
1662 969 1783 1007 conligi--

999 1005 1034 1039 rit
1052 1012 1161 1031 necesse
1176 1010 1227 1031 est.
1246 1005 1325 1037 Atqui
1345 1006 1498 1038 persecutio
1516 1010 1603 1039 empta
1619 1012 1661 1032 est
1687 1005 1781 1035 incuso

999 1038 1107 1071 Martio,
1122 1044 1150 1065 ut
1165 1043 1280 1066 testatur
1298 1039 1440 1067 Eusebius.
1464 1040 1598 1067 Caeterum
1616 1044 1782 1075 persecutio-

1000 1082 1060 1100 nem
1077 1075 1108 1100 iis
1126 1075 1261 1112 quos-dixi
1286 1082 1368 1112 coss._
1379 1079 1465 1101 ortam
1485 1083 1554 1112 csse,
1573 1077 1662 1103 multis
1685 1082 1781 1112 praete-

1000 1117 1044 1135 rea
1075 1110 1235 1136 testimoniis
1261 1109 1369 1144 probari
1402 1115 1499 1143 potest.
1524 1111 1616 1137 I'ritno
1645 1109 1781 1140 ex'Actis

996 1149 1147 1179 martyrum
1164 1146 1280 1178 Agapes,
1303 1145 1423 1171 Cliionize
1447 1150 1474 1171 ct
1489 1145 1589 1177 lrenes,
1613 1154 1673 1180 quae
1695 1153 1782 1180 pasw:

998 1184 1063 1217 sunt
1097 1180 1272 1217 Diocletiano_
1286 1187 1318 1217 ix_
1333 1180 1551 1217 _et7Maxiiniano
1571 1188 1666 1213 vni,ut
1685 1182 1781 1217 lt-g’tnr

998 1214 1024 1240 in
1041 1214 1092 1240 line
1103 1213 1240 1241 Actorum.
1265 1214 1292 1241 In
1314 1214 1354 1241 liis
1370 1216 1443 1242 Actis
1464 1216 1503 1242 sic
1532 1217 1661 1243 scribitur
1679 1226 1685 1243 :
1704 1213 1724 1242 ἶ
1736 1217 1779 1244 lii-

997 1249 1056 1282 quit
1078 1257 1177 1282 przeses
1198 1259 1204 1276 :
1225 1250 1366 1284 superiore
1384 1258 1465 1283 anno,
1488 1259 1548 1277 cum
1578 1252 1694 1278 cdictmn
1714 1253 1778 1283 illud

999 1284 1051 1310 tale
1063 1292 1094 1311 ac
1111 1285 1182 1318 piuiii
1197 1285 1303 1319 jussum
1332 1285 1507 1312 Domitiorum
1540 1286 1621 1320 impp.
1638 1292 1665 1313 et
1690 1288 1779 1315 (Σειδο-

999 1326 1056 1345 rum
1077 1321 1163 1354 primo
1194 1322 1243 1346 luit
1272 1321 1449 1354 divulgatum,
1475 1320 1585 1347 ubinam
1613 1329 1660 1348 vos
1682 1321 1779 1349 latuis-

999 1354 1053 1390 tis?
1074 1364 1084 1380 ι
1108 1360 1160 1382 etc.
1184 1355 1309 1390 intelligit
1326 1357 1442 1382 edictuin
1473 1357 1505 1383 de
1525 1358 1678 1383 cremandis
1704 1357 1778 1385 libris

997 1389 1222 1423 Christianorum.
1240 1389 1310 1423 quod
1323 1391 1461 1421 superiore
1475 1399 1545 1417 anno
1557 1392 1684 1418 emissum
1694 1392 1778 1420 fuisse

997 1425 1044 1451 ait.
1063 1424 1145 1459 Igitur
1157 1422 1321 1453 Diocletiano
1341 1426 1592 1453 vntcos.emissuni
1616 1428 1712 1453 luerat.
1728 1431 1778 1455 be-

997 1460 1084 1486 cundo
1109 1460 1134 1486 in
1149 1461 1224 1487 Actis
1240 1462 1421 1494 Metiopiiatzis
1444 1466 1471 1487 et
1484 1461 1627 1488 Alexandri
1644 1469 1703 1495 qua:
1729 1471 1776 1489 ex-

996 1500 1069 1521 stant
1096 1495 1122 1521 iti
1150 1495 1312 1522 Bibliotheca
1343 1495 1442 1526 Photii,
1472 1495 1646 1523 Constantius
1662 1496 1794 1524 Clilorns'

996 1534 1118 1556 mortuus
1140 1538 1198 1557 esse
1223 1531 1321 1558 dicitur
1343 1538 1415 1557 anno
1437 1531 1514 1565 hujus
1540 1532 1735 1564 persecutionis
1749 1533 1775 1565 5,

995 1565 1067 1598 quod
1082 1566 1194 1592 omnino
1207 1571 1280 1592 stare
1302 1572 1354 1592 non
1370 1570 1467 1601 potest,
1486 1566 1536 1592 nisi
1563 1567 1668 1592 initium
1681 1574 1775 1599 perse—

995 1600 1112 1627 cutionis
1128 1601 1161 1627 ab
1170 1606 1267 1627 octavo
1283 1601 1442 1627 Diocletiani
1462 1600 1603 1627 consulatu
1620 1601 1775 1630 deduxeris.

995 1634 1066 1671 l_dem
1083 1640 1217 1662 testantur
1226 1637 1291 1662 Acta
1303 1636 1439 1669 passionis
1449 1637 1533 1663 sancti
1546 1635 1644 1663 Felicis
1656 1638 1775 1671 episcopi

993 1669 1197 1702 Tubaziccnsis,
1230 1678 1289 1705 qua:
1318 1671 1358 1698 sic
1388 1671 1519 1704 incipiunt
1551 1671 1577 1697 in
1604 1669 1706 1705 optimo
1727 1669 1774 1699 co-

993 1705 1052 1731 dicc
1069 1712 1120 1731 ms.
1140 1714 1149 1730 t
1171 1706 1338 1732 Diocletiano
1352 1706 1438 1732 octies
1452 1711 1479 1732 et
1492 1705 1654 1732 Maximiano
1675 1710 1775 1741 septies

992 1747 1064 1767 coss.
1082 1740 1221 1775 Augustis,
1239 1742 1322 1768 exivit
1336 1741 1452 1768 edictuin
1466 1742 1622 1772 earumdem
1637 1740 1772 1769 Caesarum

992 1775 1033 1801 vel
1049 1776 1251 1808 imperatorum,
1275 1786 1283 1802 I
1299 1782 1350 1803 etc.

1027 1810 1083 1846 (9T)
1099 1811 1231 1844 Δύστρος
1239 1810 1313 1845 μήν.
1329 1811 1394 1838 Cum
1410 1812 1442 1837 tle
1461 1817 1531 1837 anno
1549 1818 1602 1845 quo
1618 1816 1706 1845 empta
1733 1818 1774 1839 cst

991 1847 1143 1879 persecutio
1171 1846 1341 1877 Diocletiani,
1370 1846 1476 1872 aliunde
1496 1853 1576 1880 supra
1592 1847 1767 1880 ‘disputatnm

990 1881 1035 1911 sit,
1051 1888 1120 1907 nunc
1132 1885 1225 1912 restat,
1241 1886 1270 1907 ut
1282 1882 1314 1907 de
1332 1888 1423 1907 mense
1439 1888 1470 1908 ac
1480 1881 1524 1907 die
1536 1889 1623 1915 pauca
1636 1881 1769 1910 dicamus.

990 1915 1121 1953 [Eusebius
1151 1916 1340 1953 quidem_lioc
1372 1916 1432 1953 loco
1466 1916 1504 1941 ait
1542 1923 1660 1942 mensem
1687 1917 1772 1953 fuisse

988 1949 1128 1984 Dystrum,
1157 1958 1236 1984 quem
1265 1950 1379 1977 Romani
1408 1950 1533 1977 Martium
1562 1957 1668 1977 vocant.
1697 1949 1770 1978 litem

989 1985 1083 2011 scribit
1096 1990 1190 2012 auctor
1203 1985 1326 2012 Chronici
1344 1986 1527 2015 Alexandrini,
1546 1987 1621 2018 cujus
1634 1986 1715 2011 verba
1731 1995 1771 2014 sie

986 2019 1099 2056 legenda
1114 2024 1176 2046 stitit
1190 2030 1196 2047 :
1210 2020 1286 2056 Ertio;
1300 2019 1332 2046 ιϐ’
1349 2020 1398 2056 τῆς
1414 2020 1604 2056 Διοκὶλητιανοῦ
1622 2020 1769 2055 βασιλείας,

988 2056 1053 2091 μηνὶ
1071 2054 1177 2090 δύστρῳ
1193 2059 1242 2089 κε’,
1260 2055 1362 2090 λέγοιτο
1376 2053 1399 2081 δ’
1419 2056 1456 2091 ἂνγ
1471 2053 1557 2091 obito;
1567 2053 1680 2091 μάρὲιος
1700 2053 1770 2083 κατὰ

992 2090 1153 2125 Ῥωμαίους.
1169 2092 1222 2118 Sed
1246 2091 1380 2118 Eusebius
1403 2090 1428 2117 iii
1451 2090 1518 2116 libro
1546 2090 1582 2117 De
1610 2093 1767 2125 martyribus

986 2125 1151 2157 I’alwstinw,
1166 2128 1211 2160 qui
1229 2127 1290 2153 huic
1308 2131 1402 2152 octavo
1420 2125 1548 2152 Ilium-ite
1573 2125 1767 2152 Ecclesiasticaz

985 2160 1113 2188 volumini
1141 2162 1296 2195 appendicis
1331 2161 1389 2187 loco
1420 2161 1572 2194 subjicitur,
1603 2160 1766 2188 Xantliicunt

984 2203 1106 2223 mensem
1124 2195 1208 2223 fuisse
1220 2197 1296 2228 dicit,
1311 2203 1389 2230 quem
1407 2195 1521 2222 Romani
1536 2196 1655 2230 Aprilem
1679 2197 1768 2223 nomi-

984 2234 1059 2258 nant.

1019 2266 1074 2300 (98)
1106 2267 1255 2300 Σωτηρίου
1293 2264 1406 2298 mitia-uc
1432 2264 1537 2299 ἑορτῆς
1572 2266 1767 2293 εἰσελαυνού-

983 2308 1051 2334 σης.
1067 2301 1249 2328 Tlicodoritus
1268 2302 1294 2328 in
1311 2302 1357 2328 lib.
1376 2309 1388 2325 v
1407 2300 1532 2327 Historia:
1557 2300 1764 2333 Ecclesiastirw,

983 2345 1042 2370 cap.
1059 2337 1104 2368 ES,
1130 2337 1187 2370 ipso
1213 2335 1360 2363 Deti'tinicae
1385 2337 1518 2369 passionis
1540 2336 1582 2363 die
1599 2337 1716 2362 edictuin
1733 2340 1767 2363 de

982 2372 1160 2399 ecclesiarum
1187 2372 1364 2398 subversione
1387 2371 1551 2404 propositum
1578 2379 1636 2398 eSSC
1657 2371 1764 2397 scribit.

981 2407 1081 2434 Auctor
1107 2405 1232 2434 Chronict’
1260 2406 1434 2433 Alexandrini
1457 2406 1516 2439 ipso
1540 2405 1651 2432 Pascha:
1675 2407 1717 2432 die
1739 2407 1764 2431 id

981 2449 1086 2475 gestum
1104 2441 1204 2474 refert;
1221 2441 1324 2467 Pascha
1342 2446 1431 2468 autem
1448 2441 1612 2467 celebratum
1627 2448 1686 2467 esse
1700 2441 1766 2467 dicit

982 2477 1024 2503 die
1036 2484 1088 2503 xxv
1106 2477 1193 2503 Martii
1211 2485 1217 2503 :
1236 2477 1306 2511 quod
1321 2477 1346 2502 in
1373 2484 1470 2502 anitum
1487 2483 1532 2502 nx
1549 2476 1704 2502 Diocletiani
1720 2485 1766 2501 ca-

981 2512 1045 2538 tlere
1061 2519 1113 2538 non
1136 2510 1248 2543 potest,
1264 2516 1291 2537 ut
1314 2511 1434 2544 Scaliger
1455 2517 1482 2538 et
1508 2510 1635 2537 Petavius
1652 2519 1765 2537 monue-

981 2551 1054 2573 runt.
1070 2547 1098 2573 In
1112 2546 1239 2573 Cltronico
1251 2546 1360 2580 Eusebii
1374 2551 1477 2579 gestum
1496 2546 1547 2572 hoc
1559 2546 1656 2572 dicitur
1674 2553 1765 2572 mense

980 2580 1086 2613 Martio,
1112 2582 1207 2608 diebus
1234 2581 1354 2608 Pasclizc.
1379 2581 1473 2607 Graeca
1507 2582 1588 2607 verba
1613 2581 1691 2614 hujus
1714 2580 1764 2607 loci

981 2621 1084 2643 tantum
1116 2617 1285 2651 signiﬁcant.
1314 2617 1384 2642 diem
1416 2616 1529 2642 Pascha:
1555 2616 1581 2651 in
1614 2616 1765 2649 propinquo

981 2652 1064 2678 fuisse
1075 2657 1139 2678 tunc
1147 2650 1209 2678 cum
1221 2652 1309 2678 edicta
1322 2655 1457 2685 proposita
1469 2656 1540 2677 sunt.
1553 2650 1619 2677 Nam
1635 2659 1684 2677 vox
1711 2652 1766 2678 εἰσ-

981 2686 1145 2721 ελαυνούσης
1155 2687 1179 2713 id
1190 2687 1337 2721 sig'iilicat.
1350 2686 1441 2719 Itaque
1452 2692 1526 2712 recte
1541 2686 1654 2712 ltulinus
1664 2688 1742 2712 vertit
1755 2695 1763 2714 :

983 2730 992 2746 ι
1013 2723 1070 2748 dies
1093 2720 1226 2749 solemnis
1237 2722 1348 2748 Pascha:
1375 2720 1543 2747 imminebat.
1564 2731 1573 2746 ι
1592 2721 1696 2747 Pascha
1715 2730 1765 2747 ati—

981 2762 1033 2784 tein
1055 2765 1126 2783 anno
1143 2757 1243 2784 Christi
1256 2757 1308 2783 505
1339 2756 1513 2790 Dionysiano,
1527 2757 1596 2790 apud
1612 2757 1764 2784 Orientales

980 2792 1093 2827 contigit
1107 2793 1211 2819 decimo
1225 2798 1322 2819 octavo
1335 2791 1379 2817 die
1404 2792 1504 2817 mensis
1520 2791 1630 2824 Aprilis,
1650 2793 1766 2827 utub'ca-

981 2828 1046 2862 liger
1058 2825 1090 2853 ct
1109 2827 1234 2854 Petavius
1263 2827 1408 2853 allii'mant.
1430 2826 1534 2862 rScripti
1560 2827 1667 2854 codices
1683 2825 1765 2853 Mod"

980 2863 1078 2889 Maior.
1095 2868 1122 2889 et
1135 2861 1199 2889 Fuk.
1216 2863 1257 2889 bit:
1271 2864 1369 2890 habent
1379 2861 1587 2896 ἐπιλειπούσης.

1591 2943 1628 2974 Ἅι
