2002 3169
178 170 231 197 755

652 169 824 198 HISTORDE
844 168 1124 198 ECCL‘LSIASTICE
1145 168 1206 196 LIB.
1230 167 1298 195 VIII.

1737 164 1790 189 ’ἰδὲ

175 229 248 258 λεῖτο
272 230 309 257 Οὐ
322 231 430 266 χείρονα
450 231 478 257 δὲ
491 231 537 258 καὶ
552 231 584 257 τὰ
601 232 671 258 κατὰ
690 232 753 263 τοὺς
768 232 876 263 λοιποὺς
888 232 950 258 ὅντα

1014 231 1112 267 tyrium
1127 230 1204 256 unius
1217 237 1248 255 ex
1266 227 1436 262 imperatoris
1448 225 1632 257 cubiculariis,
1649 224 1721 260 digni
1731 232 1790 258 pto-

175 275 253 309 λόγου
276 276 425 310 φειδόμενοι
441 277 608 312 συμμετρίας
618 297 624 308 ,
641 277 852 313 παραλείψομεν,
866 277 960 304 τοσοῦ-

174 329 219 348 τον
236 322 482 357 ἰστορήσαντες,ὡς
497 323 511 348 ὃ
525 331 556 357 γε
571 323 706 358 Δωρόθεος
721 324 766 350 καὶ
778 323 791 348 ὁ
809 323 828 349 Γ
829 323 960 359 οργὸνιος,

175 367 278 400 ἑτέροις
298 368 355 403 ἃμα
377 367 480 394 πλείοσι
496 369 546 403 τῆς
571 369 711 405 βασιλικῆς
731 370 879 401 οἰκετείας,
893 370 960 404 μετὰ

173 414 237 444 τοὺς
251 413 436 448 πολυτρόπους
449 414 557 448 ἀγῶνας
573 415 662 450 βρόχῳ
676 415 724 450 τὴν
742 414 813 450 ζωὴν
829 415 960 450 μεταλλά-

175 456 277 489 ξαντες,
293 458 341 492 τῆς
356 458 447 484 ἐνθέου
467 459 544 494 νίκης
565 460 754 495 ἀπηνέγκαντο
770 460 893 496 βραδεῖα.
916 461 960 486 Ἑν

172 501 259 537 τούτῳ
270 502 319 537 τῆς
331 502 401 529 κατὰ
414 504 597 539 Νικομήδειαν
612 505 773 540 Ἐκκλησίας
786 507 799 531 ὁ
813 505 960 541 τηνικαῦτα

173 547 311 583 προεστὼς
326 548 464 584 Ἀνθιμος,
480 549 523 576 διὰ
538 550 587 585 τὴν
606 551 646 582 εἰς
660 551 776 586 Χριστὸν
798 552 958 587 μαρτυρίαν,

171 593 220 628 τὴν
233 594 352 630 κεφαλὴν
368 595 568 630 ἀποτέμνεται·
586 596 673 632 τούτῳ
690 596 718 623 δὲ
740 597 841 632 πλῆθος
862 597 959 633 ἅθρουν

173 638 318 674 μαρτύρων
333 639 521 675 προστίθεται,
536 641 586 668 οὐκ
606 639 653 667 οἷδ’
672 642 746 673 ὅπως
767 642 795 668 ὲν
815 643 870 673 τοῖς
889 642 959 669 κατὰ

171 684 220 718 τὴν
236 684 416 721 Νικομήδειαν
430 686 581 721 βασιλείοις,
596 688 734 724 πυρκαϊᾶς
750 688 804 724 (1‘2)
820 690 848 715 ὲν
865 690 959 722 αὑταῖς

171 729 203 764 δὴ
219 732 278 761 ταῖς
296 731 413 767 ἡμέραις
433 732 564 769 ἀρθείσης
577 742 584 749 ⁸
605 734 638 769 ἢν
653 734 715 761 καθ’
735 735 860 762 ὑπόνοιαν
874 735 958 770 ψευδῆ

171 775 239 811 πρὸς
253 776 306 802 τῶν
321 778 461 812 ἡμετέρων
473 779 677 814 ὲπιχειρηθῆναι
688 780 766 814 λόγου
777 780 957 813 διαδοθέντος,

170 823 294 858 παγγενῆ
311 824 429 858 σωρηδὸν
444 824 574 860 βασιλικῷ
589 826 702 862 νεύματι
719 827 773 853 τῶν
789 827 852 863 τῇδε
868 828 958 854 θεοσε-

170 867 236 899 ϐὦν,
249 868 274 894 oi.
291 868 339 903 μὲν
356 868 427 903 ξίφει
440 870 666 905 κατεσφάττοντο,
677 873 701 898 ot
715 872 743 898 δὲ
753 872 797 898 διὰ
808 873 894 907 πυρὸς
905 875 961 900 ἐτε-

169 913 298 940 λειοῦντο.
317 915 381 941 Ὅτε
403 915 481 948 λόγος
504 915 575 950 ἔχει,
592 916 730 953 προθυμίᾳ
751 917 811 953 θείᾳ
831 918 886 944 τινὶ
909 913 955 945 καὶ

170 960 290 995 ἀρρήτῳ,
303 960 401 995 ἄνδρας
416 960 473 996 ἅμα
485 960 606 994 γυναιᾷν
620 961 667 988 ἐπὶ
683 961 732 998 τὴν
750 962 839 997 πυρὰν
856 963 956 989 καθάλ-

169 1005 278 1032 λεαθαι⁹
300 1005 429 1041 δήσαντες
448 1006 476 1032 δὲ
497 1006 521 1032 οἱ
544 1006 634 1041 δήμιοι
656 1006 720 1033 ἄλλο
740 1016 766 1033 τι
789 1007 890 1041 πλῆθος
912 1008 957 1034 ἐπὶ

169 1051 298 1086 σκάφαις,
311 1052 367 1083 τοῖς
382 1051 533 1083 θαλαττίοις
548 1053 744 1088 ἐναπέῤῥιπτον
766 1053 864 1087 βυθοῑς.
888 1054 957 1086 Τοὺς

168 1096 197 1123 δέ
207 1106 242 1133 χε
257 1096 412 1131 βασιλικοὺς
424 1098 491 1133 μετὰ
512 1098 624 1125 θάνατον
642 1099 753 1131 παῖδας,
773 1101 808 1134 γῇ
823 1099 893 1126 κατὰ
907 1101 957 1136 τῆς

168 1142 360 1178 προσηκούσης
373 1143 483 1179 κηδείας
497 1144 698 1180 παραδοθέντας
708 1164 715 1175 ,
732 1142 809 1177 αὖθις
826 1146 855 1178 ἐξ
873 1146 958 1181 ὑπαρ-

167 1187 219 1223 χῆς
245 1188 424 1224 ἀνορύξαντες
440 1190 620 1225 ὲναπορῤῖψαι
643 1189 766 1226 θαλάσσῃ
790 1191 837 1217 καὶ⁴
858 1191 956 1223 αὐτοὺς

167 1233 250 1268 ᾤοντο
263 1234 317 1261 δεῖν
339 1235 363 1261 οἱ
385 1236 572 1270 νενομισμένοι
593 1236 739 1268 δεσπόται,
762 1237 799 1268 ὡς
821 1236 853 1263 ἂν
870 1237 906 1272 μὴ
927 1237 956 1264 ἐν

170 1280 306 1314 μνήμασιν
321 1280 517 1316 ἀποκειμένους
529 1281 704 1318 προσκυνοὶέν
718 1290 800 1313 τινες,
818 1281 894 1313 θεοὺς
908 1284 956 1310 αὑ-

167 1326 241 1356 τοὺς,
258 1325 295 1356 ὥς
306 1334 336 1360 γε
353 1326 446 1362 ᾤοντο,
461 1326 639 1362 λογιζόμενοι.
657 1327 710 1353 Καὶ
725 1327 758 1354 τὰ
782 1328 832 1363 μὲν
847 1328 892 1354 ἐπὶ
906 1329 956 1364 τῆς

167 1370 192 1396 Ν
197 1371 306 1406 ικομηδε
312 1371 353 1403 ίας
362 1372 432 1398 κατὰ
447 1371 495 1408 τὴν
505 1372 591 1408 ἀρχὴν
605 1364 818 1400 ἀποτελεσθέντα
829 1373 875 1400 τοῦ
892 1374 954 1400 διω-

167 1416 250 1451 γμοῦ,
265 1418 385 1445 τοιαῦτα.
408 1419 464 1445 Οὐκ
479 1420 519 1451 εἰς
535 1419 639 1454 μακρὸν
659 1419 686 1446 δὲ
705 1420 806 1456 ἑτέρων
827 1420 895 1447 κατὰ
907 1421 956 1457 τὴν

168 1462 314 1498 Μελιτινὴν
325 1463 381 1497 (15)
395 1463 465 1490 οὕτω
477 1463 646 1499 καλουμένην
659 1463 761 1499 χώραν,
773 1464 819 1490 καὶ
831 1462 864 1490 αὖ
875 1465 955 1492 πάλιν

168 1507 255 1534 ἄλλων
270 1509 341 1542 (ipsi
355 1509 403 1545 τὴν
423 1510 522 1545 Συρίαν
539 1510 592 1546 (Η)
615 1510 761 1546 ὲπιφυῆναι
779 1512 812 1546 τῇ
835 1510 956 1548 βασιλείᾳ

168 1554 389 1589 πεπειραμένων,
405 1556 469 1586 τοὺς
486 1556 636 1589 πανταχόσε
651 1555 703 1582 τῶν
718 1556 868 1592 ἐκκλησιῶν
886 1565 954 1592 προ.
967 1574 989 1603 C

169 1599 289 1631 εστῶτας
318 1601 438 1636 εἱρκταῖς
462 1602 508 1627 καὶ
529 1601 638 1636 δεσμοῖς
661 1602 763 1637 ὲνεῖραι
790 1602 953 1637 πρόσταγμα

168 1645 263 1678 ἐφοίτα
279 1645 423 1680 βασιλικόν.
439 1647 492 1673 Καὶ
508 1644 542 1682 ἦν
558 1648 574 1682 ἡ
590 1647 638 1673 θέα
655 1647 708 1674 τῶν
723 1648 770 1673 ἐπὶ
785 1648 889 1679 τούτοις
909 1656 953 1682 γι-

168 1691 289 1724 νομένων
306 1693 395 1719 πᾶσαν
414 1692 537 1728 διήγησιν
554 1693 755 1728 ὑπεραίρουσα,
771 1693 867 1730 μυρίον
885 1693 953 1729 πλή-

169 1736 233 1769 Θους
247 1738 276 1764 ἐν
289 1739 369 1765 παντὶ
382 1739 456 1774 τόπῳ
472 1739 712 1775 καθειργνυμένου,
725 1739 771 1766 καὶ
784 1739 818 1766 τὰ
830 1740 951 1775 πανταχῆ

167 1783 342 1820 δεσμωτήρια
353 1785 522 1821 ἀνδροφόνοις
532 1787 578 1813 καὶ
590 1796 620 1813 τυ
625 1785 777 1822 μΰωρύχοις
789 1786 871 1812 πάλαι
887 1786 953 1822 πρό-

169 1838 248 1865 τερον
266 1831 503 1868 ἐπεσκευασμένα,
524 1833 582 1860 τότε
605 1832 778 1868 πληρούντων
799 1833 952 1860 ἐπισκόπων

206 1920 262 1955 (l2)
280 1921 439 1956 Πυρκατᾶς.
459 1922 497 1949 De
516 1923 567 1950 hoc
592 1923 716 1950 incendio
738 1922 808 1955 quod
828 1920 950 1948 Nicome-

170 1955 222 1992 diae
239 1955 352 1992 contigit
366 1965 438 1984 anno
460 1966 467 1984 ι
482 1959 686 1991 persecutionis,
701 1958 761 1984 vide
779 1957 882 1983 illustre
897 1961 950 1983 tes-

171 1991 498 2019 timoniumConstantini
519 1993 581 2027 imp.
598 1993 623 2019 in
640 1993 769 2019 Oratione
789 1992 822 2019 ad
840 1996 949 2018 sancto-

169 2033 230 2052 rum
246 2032 344 2053 cmtnm
362 2028 449 2060 capite
460 2027 614 2060 penultimo.

206 2061 262 2095 (15)
281 2062 360 2089 Κατὰ
376 2061 433 2096 τὴν
455 2062 626 2095 Μελιτιφνήν.
647 2061 675 2089 Ιιι
698 2061 879 2088 vetustissimo
905 2069 947 2088 co-

169 2095 230 2132 dice
247 2096 312 2124 Μία.
328 2097 453 2124 scribitur
463 2097 609 2132 Μελιτίνην
622 2101 736 2124 accenttt
752 2097 776 2123 in
790 2096 947 2132 penultima.

170 2130 242 2158 Urbs
255 2137 282 2158 ct
298 2132 370 2165 regio
385 2132 423 2159 ita
444 2133 514 2159 dicta
535 2137 577 2159 est
588 2130 626 2159 ἰιι
643 2132 747 2159 minore
761 2130 899 2161 Armenia,
919 2136 949 2158 ut

167 2166 224 2199 jam
249 2168 351 2193 notavi.
369 2167 453 2194 Porro
479 2167 510 2193 de
536 2172 649 2202 tyranno
672 2167 717 2201 qui
735 2167 762 2193 in
782 2174 814 2194 ea
837 2167 949 2201 regione

170 2201 312 2232 itupcrinzn
328 2202 450 2236 arripuit,
471 2201 616 2233 nibilrlegi.

206 2237 261 2272 (It)
281 2235 394 2264 Ἀλλων
407 2237 480 2272 ἀμφὶ
498 2237 555 2271 τὴν
570 2237 690 2272 Συρίαν.
706 2236 854 2271 Eugenium
872 2235 946 2263 intel-

169 2270 238 2304 ligit,
252 2270 296 2305 qui
315 2273 339 2298 in
357 2270 434 2307 Syria
450 2270 523 2299 brevi
538 2270 682 2299 admodum
710 2270 830 2307 tempere
852 2276 948 2307 tyranc

169 2307 259 2332 uident
284 2307 376 2339 gessit.
409 2306 502 2334 Totam
530 2308 669 2334 historiam
698 2311 791 2333 narrat
817 2306 947 2333 Libanius

171 2345 227 2366 tum
243 2341 267 2367 in
285 2343 414 2369 Oratione
427 2343 459 2369 ad
475 2341 655 2368 Theodosium
671 2347 732 2376 post
749 2341 948 2368 reconciliatio-

170 2383 244 2411 nem,
265 2384 326 2411 pag.
344 2377 406 2408 411,
421 2382 475 2403 tum
496 2378 521 2404 in
537 2377 700 2408 Antiochiae,
719 2385 781 2411 pag.
802 2376 865 2403 563.
882 2376 948 2408 Qui-

170 2410 221 2436 bus
231 2410 384 2445 iungendus
399 2419 438 2438 est
450 2412 523 2439 locus
535 2412 654 2445 ejusdem
667 2410 770 2438 Libanii
782 2419 813 2438 ex
826 2414 948 2438 oratione

169 2446 203 2480 ad
224 2445 404 2473 Theodosium
424 2447 456 2473 de
473 2447 604 2473 seditione
618 2447 795 2477 Antiocltena.
807 2454 867 2480 pag.
885 2447 945 2473 599.

169 2479 236 2506 Erat
258 2482 367 2514 quidam
404 2482 528 2508 tribunus
557 2482 698 2513 Seleucia),
728 2479 836 2508 nomine
864 2482 948 2514 Euge-

168 2515 244 2551 nius,
274 2517 319 2551 qui
347 2516 475 2544 militibus
507 2517 660 2551 quingentis
687 2522 747 2543 erat
776 2517 946 2550 praepositus.

168 2548 217 2577 llis
240 2548 306 2584 opus
323 2551 348 2578 id
369 2548 524 2586 injunctunf
539 2548 608 2584 erat,
619 2554 659 2577 ἰιι
674 2559 705 2578 os
721 2548 816 2585 portus
832 2548 947 2577 aditum-

169 2593 221 2619 que
236 2591 407 2613 cxcavarent.
426 2587 525 2613 Milites
537 2594 599 2613 cum
613 2587 657 2613 ditt
675 2591 811 2620 noctuque
831 2586 888 2612 sine
908 2586 948 2612 iu-

171 2621 339 2648 termissione
348 2621 513 2652 laborarent,
522 2629 593 2657 rcgre
607 2622 632 2648 id
643 2622 769 2653 ferentes,
777 2622 947 2657 praepositum

169 2662 248 2681 suum
266 2656 299 2682 ad
323 2657 465 2690 imperium
483 2655 675 2690 capessendum
693 2655 856 2690 compellunt
876 2663 949 2682 tuor-

168 2694 223 2717 tem
241 2691 396 2720 minitantes
421 2693 472 2719 nisi
488 2693 552 2726 ipsis
571 2698 711 2718 assensum
729 2692 870 2725 praeberet.
891 2690 949 2726 Hoc

168 2726 249 2753 modo
268 2732 379 2754 coactus
402 2725 534 2758 tribunus,
556 2733 672 2761 purpura
684 2733 715 2751 ex
733 2726 878 2753 simulacro
900 2725 947 2761 Dei

168 2761 318 2795 cujuspiam
332 2763 453 2796 abrepta,
468 2759 615 2796 imperator
624 2761 773 2793 salutatur;
786 2767 845 2787 mox
857 2759 949 2787 Antio-

168 2797 259 2822 chiam
276 2804 335 2831 quae
357 2802 412 2823 tum
428 2797 551 2831 praesidio
566 2796 779 2831 militumvacua
794 2799 862 2826 erat,
875 2799 948 2831 ratus

168 2831 191 2856 si
219 2830 352 2859 eam’sibi
375 2830 519 2865 adiungere
540 2836 639 2864 posset,
666 2830 810 2865 plurimum
833 2830 948 2863 inceptis

169 2865 351 2898 profuturam,
372 2866 462 2893 sttbito
484 2866 576 2898 tendit,
599 2873 712 2900 eamqtte
734 2867 805 2892 circa
822 2872 946 2892 occasum

171 2901 236 2928 solis
250 2906 373 2937 occupat.
386 2901 420 2928 Λι
437 2900 626 2933 milites,solita
640 2908 686 2935 per
701 2905 787 2929 totum
801 2900 853 2928 iter
864 2900 944 2927 lasci-

1013 276 1083 304 l'eclo
1095 284 1143 303 suo
1158 274 1274 302 nomine.
1289 272 1385 300 Petrus
1396 273 1467 300 enim
1481 272 1524 298 ille
1538 271 1695 298 vocabatur.
1711 269 1786 296 Reli—

1013 330 1125 357 quorum
1147 328 1209 347 vero
1225 319 1352 354 martyria
1369 318 1452 345 nihilo
1467 317 1606 348 inferiora.
1624 321 1712 343 tamen
1724 316 1787 343 bre-

1012 368 1103 396 vitatis
1124 367 1213 395 studio
1238 366 1281 393 hic
1303 366 1468 392 omittemus.
1491 364 1519 391 ld
1541 369 1644 390 tantum
1665 363 1790 390 retulisse

1011 414 1140 447 subiciet,
1159 413 1230 448 quod
1251 413 1401 439 Dorotheus
1419 416 1445 438 et
1467 411 1619 445 Gorgonius
1643 418 1696 437 una
1724 416 1787 437 cum

1011 458 1070 485 aliis
1086 458 1207 492 pluribus
1222 458 1266 492 qui
1283 457 1309 483 in
1322 457 1423 492 palatio
1441 456 1650 488 ministrabant,
1665 460 1725 490 post
1738 462 1788 482 cu-

1009 503 1105 538 jusqtte
1117 503 1188 530 modi
1203 503 1364 534 certamina,
1374 502 1449 529 elisis
1462 501 1556 536 laqueo
1572 501 1703 534 faucibus,
1718 501 1788 527 divi-

1011 558 1051 576 me
1064 550 1180 576 victoria;
1198 549 1335 584 praemium
1349 548 1437 583 adepti
1454 552 1527 575 sunt.
1545 547 1620 574 Tunc
1634 548 1715 574 etiam
1731 547 1788 574 An-

1011 595 1254 625 thimus.Ecclesi-.c
1275 594 1487 622 Nieomediensis
1501 593 1658 628 episcopus,
1674 593 1708 620 ob
1723 601 1788 619 cott-

1009 642 1153 670 fessionem
1169 642 1268 669 Christi
1289 643 1314 669 in
1335 641 1428 668 eadem
1449 641 1515 668 urbe
1537 640 1624 674 capite
1649 644 1788 666 truncatus

1009 692 1059 715 est.
1078 687 1146 715 Huic
1158 687 1283 722 adjuncta
1297 687 1338 714 est
1354 687 1448 720 ingens
1468 691 1619 721 martyrum
1634 685 1788 712 multitudo.

1010 733 1113 767 Quippe
1128 733 1222 760 iisdem
1246 732 1451 763 diebus,nescio
1470 739 1524 765 quo
1541 739 1605 759 casu
1619 751 1626 763 ,
1645 732 1671 758 in
1690 732 1788 766 palatio

1008 779 1155 806 excitatum
1173 782 1232 805 erat
1251 778 1416 806 incendium.
1436 779 1520 813 Cujus
1537 785 1597 805 cum
1616 783 1724 805 nostros
1740 784 1788 804 au-

1008 832 1098 855 ctores
1117 825 1199 853 fuisse
1221 825 1341 860 publicus
1364 834 1457 853 rumor
1479 826 1545 853 falsa
1570 825 1725 860 suspicione
1747 824 1789 858 ja-

1009 878 1128 905 ctasset,
1154 874 1287 908 imperiali
1306 873 1380 907 jussu
1408 877 1539 907 quotquot
1567 872 1621 899 illic
1645 875 1725 898 erant
1742 872 1787 898 Del

1007 920 1140 953 cultores,
1161 919 1308 947 acervatim
1321 927 1382 946 cum
1398 919 1454 946 suis
1471 918 1596 950 familiis,
1618 918 1662 944 alii
1687 917 1787 953 gladio,

1007 965 1121 993 ﬂammis
1142 965 1186 992 alii
1205 964 1357 999 consumpti
1380 964 1496 998 periere.
1518 963 1593 990 Tunc
1608 963 1697 989 divina
1721 970 1788 996 qua-

1007 1011 1068 1038 dam
1089 1010 1232 1037 alacritate
1254 1016 1313 1043 qua:
1338 1009 1428 1036 verbis
1450 1008 1578 1042 explicari
1607 1014 1658 1034 non
1681 1011 1786 1041 potest,

1007 1055 1106 1082 conciti
1121 1055 1170 1081 viri
1185 1053 1264 1082 simul
1277 1061 1310 1081 ac
1332 1054 1469 1087 mulieres,
1488 1053 1515 1081 in
1535 1053 1674 1080 ardentem
1693 1060 1786 1085 rogum

1007 1101 1134 1129 insiliisse
1152 1101 1290 1127 dicuntur.
1313 1100 1396 1135 298
1411 1100 1486 1126 Alios
1503 1107 1610 1134 quoque
1631 1099 1788 1125 innumera-

1005 1147 1073 1174 biles
1085 1147 1190 1174 vinctos
1207 1150 1234 1173 et
1248 1146 1357 1180 scaphis
1371 1145 1521 1178 impositos,
1532 1145 1675 1172 carniﬁces
1688 1144 1714 1170 in
1725 1152 1788 1179 pro-

1006 1190 1116 1218 fundunt
1134 1197 1207 1217 mare
1227 1190 1375 1225 projecere.
1399 1189 1450 1216 Sed
1471 1195 1498 1216 et
1511 1196 1626 1223 corpora
1649 1189 1785 1222 regiorum

1006 1236 1246 1268 cubiculariorum,
1265 1243 1325 1269 qua:
1339 1239 1399 1270 post
1413 1240 1527 1262 mortem
1543 1235 1712 1263 convenicnti
1729 1241 1787 1261 tra-

1005 1281 1061 1308 dita
1076 1280 1183 1307 fuerant
1197 1279 1354 1314 sepulturae,
1377 1278 1426 1313 ipsi
1443 1285 1538 1306 corutn
1556 1277 1669 1313 legitimi
1685 1277 1785 1304 demini

1005 1327 1064 1354 erui
1075 1333 1107 1353 ex
1119 1326 1242 1360 sepulcro
1255 1330 1282 1352 et
1297 1326 1323 1352 in
1339 1333 1412 1353 mare
1423 1325 1517 1360 projici
1533 1329 1657 1359 oportere
1670 1330 1786 1357 censue~

1006 1377 1079 1406 runt,
1095 1381 1129 1399 ne
1141 1373 1200 1407 quis
1216 1372 1276 1400 illos
1295 1371 1427 1406 sepulcris
1447 1371 1586 1404 conditos,
1603 1378 1653 1406 pro
1668 1370 1719 1397 diis
1731 1389 1739 1402 ,
1757 1373 1787 1396 ut

1006 1419 1055 1454 ipsi
1076 1419 1183 1454 quidem
1207 1419 1398 1453 opinabantur,
1422 1423 1570 1452 reputans,
1600 1417 1625 1443 in
1650 1421 1787 1451 posterum

1005 1465 1141 1492 adoraret.
1154 1465 1187 1492 Et
1200 1465 1256 1491 lucc
1265 1464 1373 1499 quidem
1388 1465 1414 1491 in
1431 1464 1490 1499 ipso
1501 1464 1696 1499 persecutionis
1710 1471 1787 1490 exor—

1005 1510 1049 1538 dio
1060 1509 1223 1537 Nicomedire
1235 1514 1309 1544 gesta
1322 1514 1394 1536 sunt.
1411 1509 1544 1537 Cmterum
1560 1509 1638 1544 paulo
1649 1514 1708 1544 post
1724 1517 1786 1536 cum

1005 1558 1050 1584 alii
1065 1558 1090 1584 in
1113 1557 1230 1584 Melitina
1248 1557 1383 1583 Armenia:
1399 1557 1517 1592 regione,
1536 1556 1580 1583 alii
1597 1556 1622 1583 in
1641 1556 1718 1591 Syria
1735 1555 1786 1582 im-

1005 1605 1110 1638 perium
1140 1604 1260 1638 arripere
1281 1603 1372 1630 conati
1393 1607 1503 1635 essent,
1526 1602 1723 1637 promulgatum
1744 1606 1785 1629 est

1004 1649 1177 1684 imperatoris
1197 1649 1325 1680 edictum,
1338 1653 1470 1676 utomnes
1487 1649 1587 1682 ubique
1602 1647 1784 1674 Ecclesiarum

1004 1694 1141 1722 antistites
1160 1694 1241 1721 vincti
1262 1694 1289 1721 in
1315 1701 1454 1721 carcerem
1479 1694 1664 1720 truderentur.
1684 1693 1784 1720 Earum

1003 1747 1068 1768 vero
1091 1747 1181 1767 rerum
1206 1747 1266 1775 quae
1285 1744 1378 1774 postea
1400 1739 1481 1766 factm
1500 1743 1564 1766 sunt
1582 1738 1764 1774 spectaculum
1776 1757 1783 1770 ,

1003 1795 1109 1815 omnem
1127 1794 1239 1821 prorsus
1260 1786 1366 1813 dicendi
1388 1786 1494 1820 copiam
1513 1785 1785 1819 superabat;quippe

1003 1838 1065 1859 (tum
1082 1830 1289 1858 inuutnerabilis
1301 1829 1401 1865 ubique
1419 1829 1558 1858 hominum
1574 1828 1717 1855 multitudo
1733 1836 1782 1856 ett-

1003 1920 1046 1947 via
1058 1921 1109 1953 usi,
1128 1927 1208 1954 agros
1227 1924 1407 1952 vastaverant,
1432 1920 1550 1952 vinoque
1564 1927 1596 1947 ac
1616 1919 1702 1954 epulis
1723 1927 1783 1948 sese

1003 1956 1243 1990 ingurgitaveraut.
1259 1955 1317 1987 Quo
1336 1960 1474 1989 comperto
1490 1955 1696 1986 Antiochenses,
1715 1963 1782 1989 pau-

1002 1990 1110 2016 citatem
1124 1990 1236 2016 militum
1259 1990 1471 2024 ebrietatcmque
1490 1990 1625 2022 despectui
1639 1990 1781 2022 habentes,

1002 2025 1135 2058 lapidibus
1153 2032 1183 2051 ae
1203 2025 1333 2059 cujusque
1355 2025 1425 2051 tnodi
1445 2025 1516 2056 telis,
1539 2024 1606 2057 ipsis
1624 2024 1782 2053 mulieribus

1002 2059 1200 2093 adjuvantibus,
1217 2065 1270 2086 tam
1286 2065 1428 2094 tyrannum
1443 2059 1467 2085 in
1480 2060 1605 2093 palatium
1617 2059 1780 2092 tendentem,

1002 2102 1082 2129 quam
1101 2094 1197 2121 milites
1211 2102 1303 2121 omnes
1319 2094 1529 2121 interfecerunt:
1541 2094 1576 2120 ita
1595 2099 1623 2121 ut
1636 2094 1700 2128 περὶ
1708 2095 1783 2129 πρῶ-

999 2138 1045 2155 τον
1059 2128 1141 2155 ὕπνον
1159 2129 1230 2155 circa
1246 2130 1358 2163 primam
1376 2129 1507 2163 vigiliam,
1518 2136 1597 2156 nemo
1614 2137 1646 2155 ex
1662 2128 1782 2162 ipsis’su-

1001 2168 1130 2198 percsset.
1147 2164 1181 2190 At
1199 2164 1404 2198 impcrator,qni
1421 2164 1532 2190 multam
1555 2165 1669 2197 gratiam
1686 2164 1783 2192 Antio-

1002 2199 1146 2226 chensibus
1163 2199 1262 2226 habere
1276 2199 1422 2231 debuisset,
1438 2200 1463 2225 in
1479 2199 1668 2226 Antiochensis
1689 2203 1716 2226 et
1733 2200 1782 2227 Se-

1001 2233 1134 2269 leucensis
1146 2234 1248 2261 ordinis
1262 2234 1394 2269 principes
1405 2234 1492 2268 gladio
1508 2234 1709 2266 animadvertit,
1719 2241 1781 2261 cum

1002 2276 1050 2296 nec
1063 2268 1089 2295 hi
1106 2276 1155 2295 nec.
1168 2269 1203 2295 illi
1219 2268 1364 2303 quidquam
1382 2269 1615 2296 commeruissent.
1629 2268 1702 2295 luter
1712 2277 1781 2303 quos

998 2308 1025 2330 et
1048 2311 1113 2330 avus
1134 2303 1252 2335 Libanii,
1278 2304 1362 2330 forma
1389 2304 1549 2337 conspicuus
1568 2309 1595 2330 et
1618 2305 1781 2338 proceritate

998 2339 1130 2372 corporis,
1147 2343 1188 2365 est
1205 2340 1391 2372 interemptus.
1405 2338 1466 2365 llzec
1481 2345 1513 2365 ex
1534 2346 1594 2373 pag.
1611 2338 1660 2365 411
1680 2343 1707 2365 et
1717 2339 1781 2365 565.

998 2373 1083 2400 Porro
1095 2373 1224 2400 Ltbauius
1236 2374 1261 2400 iu
1278 2374 1399 2400 oratione
1416 2374 1449 2400 ad
1465 2373 1647 2400 Theodosium
1662 2374 1694 2400 de
1709 2375 1781 2400 sedi-

1000 2409 1083 2441 tione,
1098 2417 1148 2435 nos
1168 2409 1244 2435 docet
1261 2409 1333 2435 hunc
1349 2410 1483 2435 tribunum
1501 2408 1614 2435 utilitati)
1635 2408 1780 2435 Seleucetr

999 2443 1067 2470 siuut
1090 2445 1190 2470 dictum
1212 2451 1272 2470 esse
1295 2443 1462 2477 Eugenium;
1483 2444 1669 2477 imperatorem
1689 2449 1778 2470 autem

999 2485 1058 2504 esse
1081 2478 1288 2509 Diocletianum,
1303 2487 1382 2512 quem
1402 2478 1521 2505 Dioclem
1535 2485 1600 2505 vero
1616 2486 1647 2505 ac
1662 2478 1779 2512 genuino

998 2513 1107 2539 nomine
1121 2513 1171 2542 (sic
1194 2514 1265 2539 enim
1291 2514 1391 2539 dictum
1417 2518 1458 2539 est
1475 2518 1542 2540 teste
1558 2513 1672 2540 Vit-toﬁs
1689 2512 1780 2547 Epita-

998 2549 1048 2608 me!
1062 2555 1094 2574 eo
1120 2549 1178 2574 loco
1202 2548 1242 2574 bis
1260 2548 1385 2581 appellat.
1407 2547 1451 2575 Sic
1467 2549 1537 2574 enim
1557 2549 1596 2575 ait
1611 2557 1617 2575 :
1635 2548 1663 2573 Ὀ
1678 2547 1706 2574 δὲ
1720 2548 1780 2574 Διο-

998 2582 1031 2608 κλ
1046 2591 1064 2608 α
1091 2582 1177 2608 λέγων
1205 2591 1246 2608 σοι
1271 2583 1317 2608 καὶ
1341 2582 1385 2608 τὸν
1415 2583 1621 2608 ἠναγκασμένον
1641 2583 1778 2608 Εὐγένιον.

997 2582 1064 2609 κλέα
1091 2582 1177 2617 λέγων
1205 2591 1246 2608 σοι
1271 2583 1317 2609 καὶ
1341 2582 1385 2608 τὸν
1415 2583 1621 2617 ἠναγκασμένον
1641 2583 1778 2617 Εὐγένιον,

998 2618 1045 2644 καὶ
1063 2617 1112 2652 τὴν
1126 2619 1157 2644 ἐκ
1173 2617 1295 2649 Σικελίας
1316 2617 1395 2653 δεῦρο
1418 2618 1487 2653 μετὰ
1503 2617 1586 2653 μέθης
1608 2618 1711 2652 ἄφιξιν,
1724 2625 1777 2644 etc.

998 2653 1070 2688 Lego
1082 2654 1115 2680 ὲκ
1127 2652 1295 2685 Σελευκείας,
1318 2658 1346 2680 ιιι
1363 2652 1394 2679 ex
1413 2652 1472 2679 aliis
1488 2652 1594 2680 Libanii
1615 2654 1682 2680 locis
1698 2661 1779 2687 supra

998 2689 1154 2724 memoratis
1168 2693 1285 2716 constat.
1304 2688 1394 2715 Habes
1409 2688 1490 2722 igitur
1509 2688 1614 2724 tyranni
1628 2696 1723 2715 nomen
1737 2692 1779 2724 at-

998 2730 1051 2757 que
1062 2723 1212 2756 historiam,
1230 2731 1311 2758 quam
1329 2730 1376 2749 nos
1394 2726 1471 2756 pruni
1492 2731 1526 2750 ex
1550 2723 1653 2750 Libanii
1676 2723 1778 2749 oratio-

998 2757 1077 2793 nibus
1090 2758 1217 2785 eruimus.
1230 2757 1346 2793 Tempus
1366 2765 1430 2784 vero
1441 2766 1494 2792 quo
1506 2758 1641 2792 Eugenius
1660 2758 1777 2792 tyranni-

997 2792 1058 2819 dem
1074 2794 1194 2826 arripere
1209 2792 1320 2821 conatus
1333 2798 1384 2825 cst,
1396 2794 1439 2819 hic
1464 2794 1569 2820 Eusebii
1595 2793 1670 2820 locus
1690 2793 1780 2819 decla—

998 2831 1053 2858 rat,
1070 2828 1236 2857 Diocletiano
1248 2829 1350 2857 scilicet
1362 2829 1448 2856 octies
1460 2833 1487 2856 et
1502 2828 1662 2856 Maximiano
1680 2829 1781 2862 septies

998 2869 1069 2890 COSS.
