2002 3169
180 151 231 179 751

663 151 839 181 ητετοῐιω
861 153 1143 181 Εεϐῐιεδῐιὶδτῐίὶᾶἰ
1164 154 1229 183 LIB.
1250 153 1319 182 Vill.

1765 155 1816 183 758

176 211 349 246 ομένων,καὶ
360 208 394 238 αὖ
409 211 488 238 πάλιν
504 211 543 243 είς
556 211 676 238 τούπίσω
688 212 858 248 χωρούντων.
880 214 912 240 Ὃ
927 213 972 240 καὶ

1028 214 1061 240 tis
1079 215 1202 242 manibus
1219 223 1266 242 eas
1281 215 1307 242 in
1324 215 1484 250 semetipsos
1499 216 1686 251 provocabant
1699 215 1816 252 (idenim

177 259 218 289 εἰς
238 256 343 292 μακρὸν
359 258 517 292 γινόμενον,
542 257 634 293 θαῦμα
653 260 782 294 παρεῖχεν
804 260 835 286 οὑ
857 260 972 295 σμικρὸν

176 306 233 336 τοῖς
249 303 409 338 θεωμένοις,
427 303 497 330 ὥστε
512 304 562 340 ἤδη
577 304 621 331 διὰ
635 305 665 331 τὸ
681 305 821 340 ἄπρακτον
835 305 882 332 τοῦ
899 305 973 341 πρὼ-

176 357 241 378 του,
265 348 391 384 δεύτερον
415 349 462 376 καὶ
486 350 576 385 τρίτον
593 350 793 385 reposuit-2:701:
813 350 854 377 ἑνὶ
871 351 918 378 καὶ
933 351 973 386 τῷ

177 394 251 430 αὐτῷ
266 394 383 430 μάρτυρι
403 395 506 430 θηρίον.
522 396 738 432 Καταπλαγῆναι
760 397 783 423 δ’
809 394 844 433 ἦν
860 397 909 432 τὴν
927 398 973 424 ἐπὶ

176 441 281 473 τούτοις
297 441 431 476 ἁπτόητον
445 441 498 468 τῶν
514 442 594 478 ἱερῶν
610 443 721 470 ἐκείνων
742 444 902 479 καρτερίαν,
925 443 973 470 καὶ

176 489 226 524 τὴν
247 489 275 514 ὲν
295 488 401 522 σώμασι
416 487 485 520 νέοις
500 488 647 525 βεϐηκυῖαν
664 490 711 516 καὶ
727 490 906 526 ἀδιάτρεπτον
931 491 974 517 ἕν-

178 543 283 561 στεισιν.
304 533 408 569 Ἐώρας
422 534 487 568 γοῦν
507 535 615 570 ἡλικίαν
631 535 684 562 οὐδ’
704 535 772 562 ὅλων
789 536 857 562 ἐτῶν
873 536 971 567 εἴκοσι,

176 580 239 615 δίχα
254 580 361 615 δεσμῶν
376 580 492 612 ἑστῶτος
506 581 577 613 νέου,
593 581 640 608 καῖ⁵
657 581 706 614 τὰς
727 582 776 616 μὲν
793 583 887 618 χεῖρας
903 584 973 617 ἐφα-

178 625 308 657 πλοῦντος
323 626 363 657 εἰς
381 625 499 662 σταυροῦ
520 626 622 659 τύπον,
648 626 852 662 ἀκαταπλήκτῳ
876 627 905 654 δὲ
927 628 973 655 καὶ

177 670 294 706 ἀτρεμεῖ
306 670 410 706 διανοίᾳ.
425 672 485 702 ταῖς
500 671 567 706 πρὸς
583 671 612 698 τὸ
624 673 699 698 Θεῐον
716 671 878 706 σχολαίτατα
892 681 973 699 τετα-

180 716 262 752 μένου
277 716 374 748 λιταῖς,
392 716 452 751 μηδ’
475 716 544 749 ὅλως
559 726 589 744 τε
610 717 806 753 μεθισταμένου
829 717 890 753 μηδ’
906 719 974 745 ἀπο-

178 763 314 796 κλίνοντός
329 773 373 790 ποι
387 764 434 790 τοῦ
452 763 514 791 ἔνθα
530 766 651 799 εἱστήκει
673 765 771 797 τόπου,
795 765 904 801 ἄρκτων
927 766 974 792 καὶ

179 811 338 846 παρδάλεων
353 810 438 845 θυμοῦ
453 810 500 837 καὶ
513 810 626 837 θανάτου
644 811 779 837 πνεόντων
790 831 796 843 ,
816 812 863 838 καὶ
879 811 973 846 σχεδον

179 856 264 890 αὐτῆς
277 855 492 891 καθαπτομένων
503 855 585 883 αὐτοῦ
597 855 647 891 τῆς
665 857 776 892 σαρκὸς,
791 857 847 883 ἀλλ’
861 858 911 883 οὐκ
925 855 973 884 οἷδ’

178 903 252 934 ὅπως
270 902 328 938 Θείᾳ
345 903 391 929 καὶ
406 903 554 938 ἀπορρήτῳ
568 902 682 937 δυνάμει
703 904 844 938 μονονουχὶ
857 912 973 938 φραττο-
990 893 1012 921 Β

180 949 270 983 μένων
283 948 312 974 τὸ
330 949 427 984 στόμα,
439 949 486 975 καὶ
499 947 575 981 αὖθις
591 948 844 984 παλινδρομούντων
860 951 900 981 ei;
914 950 976 976 τοὺ-

178 995 260 1021 πίσω.
280 995 335 1022 Καὶ
357 992 435 1027 οὗτος
459 995 508 1030 μὲν
531 993 578 1021 οὖν
593 994 711 1026 τοιοῦτός
725 1004 766 1027 τις
787 993 831 1031 ἦν.
849 995 933 1022 Πάλιν
952 996 974 1022 δ’

177 1040 212 1068 ἂν
236 1041 346 1077 ἑτέρους
367 1038 450 1073 εἶδες,
467 1041 547 1068 πέντε
569 1041 623 1076 γὰρ
646 1042 670 1068 οἱ
692 1042 791 1073 πάντες
816 1041 973 1077 ἐτύγχανον,

177 1088 342 1124 ἠγριωμένῳ
352 1087 446 1124 ταύρῳ
458 1082 694 1123 παραϐλῆθέντας,
702 1088 731 1119 ὃς
742 1089 804 1120 τοὺς
817 1088 865 1124 μὲν
878 1088 974 1120 ἄλλους

176 1134 233 1161 τῶν
247 1134 346 1166 ἔξωθεν
361 1133 544 1169 προσιόντων,
561 1135 618 1165 τοῖς
640 1133 754 1169 κέρασιν
775 1135 816 1166 εἰς
841 1134 886 1161 τὸν
903 1135 975 1170 ἀέρα.

179 1178 283 1213 ῥίπτων
293 1177 499 1214 διεσπάραττεν,
507 1177 659 1214 ἡμιθνῆτας
671 1178 795 1215 αἴρεσθαι
803 1179 972 1212 καταλιπὼν,

177 1224 226 1250 ἐπὶ
243 1224 339 1259 μόνους
363 1223 392 1250 δὲ
413 1224 490 1259 θυμῷ
510 1224 557 1251 καὶ
579 1224 677 1260 ἀπειλῇ
698 1225 761 1255 τοὺς
777 1226 866 1260 ἱεροὺς
881 1226 974 1261 ὁρμῶν

179 1272 333 1307 μάρτυρας,
349 1272 408 1298 οὐδὲ
425 1271 584 1306 πλησιάζειν
599 1273 691 1304 αὐτοῖς
703 1269 760 1304 οἷός
774 1281 802 1298 τε
819 1270 863 1308 ἦν,
881 1273 975 1308 κυρίτο

177 1326 232 1344 των
248 1317 277 1344 δὲ
290 1319 347 1349 τοῖς
363 1318 426 1344 ποσὶ
442 1317 499 1353 (l9)
514 1318 561 1345 καὶ
575 1319 631 1350 τοῖς
652 1319 748 1354 κέρασι
773 1319 837 1354 τῇδε
862 1319 973 1345 κάκεῖσε

177 1364 329 1401 χρώμενος,
346 1366 393 1392 καὶ
414 1365 457 1392 διὰ
481 1366 544 1397 τοὺς
565 1365 619 1393 τῶν
644 1367 789 1402 καυτήρων
813 1366 974 1402 ὲρεθισμοὺς

179 1411 267 1447 Θυμοῦ
284 1413 330 1439 καὶ
344 1412 460 1447 ἀπειλῆς
475 1412 573 1445 πνέων,
589 1414 629 1444 εἰς
644 1413 765 1440 τούπίσω
780 1413 848 1449 πρὸς
862 1414 911 1449 τῆς
934 1413 973 1440 ἱε-

180 1459 230 1494 ρᾶς
245 1457 402 1484 ἁνθείλκετο
416 1458 564 1494 Προνοίας·
581 1458 619 1490 ὡς
635 1458 703 1495 μηδὲ
716 1458 811 1486 τούτου
826 1459 908 1494 μηδὲν
920 1468 973 1494 μη-

179 1502 274 1538 δαμῶς
292 1503 390 1535 αὐτοὺς
405 1503 591 1539 ἀδικήσαντος,
609 1503 692 1540 ἕτερα
711 1503 787 1531 ’ἄττα
812 1504 903 1534 αὐτοῖς
926 1505 976 1531 ὲπ-

179 1549 306 1584 αφίεσθαι
318 1548 350 1584 θη
356 1549 409 1585 ρία.
420 1548 502 1581 Τέλος
513 1549 544 1584 δὴ
553 1547 599 1576 οὖν
613 1550 681 1585 μετὰ
692 1549 741 1582 τὰς
754 1550 843 1582 δεινὰς
855 1550 903 1577 καὶ
917 1559 976 1577 ποι-

180 1595 259 1627 κίλας
275 1595 378 1622 τούτων
392 1594 559 1630 προσϐολὰς,
578 1595 648 1630 ξίφει
674 1596 896 1630 κατασφαγέντες
917 1596 972 1631 ('20)

179 1641 207 1668 οι
220 1641 330 1674 πάντες,
342 1641 403 1668 ἀντὶ
416 1642 468 1678 γῆς
481 1642 528 1669 καὶ
542 1642 636 1677 τάφων
650 1643 706 1674 τοῖς
721 1642 874 1675 θαλαττίοις
886 1651 974 1678 πειρα-

180 1687 297 1714 δίδονται
311 1688 426 1723 κύμασι.

1026 259 1116 286 facere
1128 259 1305 295 jubebantur)
1325 267 1357 287 ne
1372 261 1544 295 contigerunt
1561 261 1683 296 quidem.
1702 261 1760 289 lmo
1781 263 1819 289 in-

1025 306 1131 332 terdum
1159 306 1267 340 quidem
1295 306 1321 332 in
1346 313 1394 333 eos
1418 307 1586 341 irruebant;
1613 308 1661 335 sed
1691 309 1817 342 protinus

1025 352 1102 387 quasi
1128 352 1219 379 divina
1238 353 1357 388 quadam
1374 353 1478 381 virtute
1495 354 1610 388 repulsa:
1623 375 1630 386 ,
1647 359 1721 382 retro
1737 355 1818 382 cede-

1025 398 1103 426 bant.
1118 398 1183 432 Qua:
1201 407 1262 426 cum
1284 399 1388 427 diutius
1406 400 1503 428 ﬁerent
1518 420 1526 433 ,
1543 408 1597 428 non
1620 401 1751 428 mediocri
1768 402 1817 428 ad-

1026 444 1170 473 miratione
1199 445 1280 473 defixi
1304 451 1383 474 erant
1405 452 1576 481 spectatores
1603 456 1611 475 :
1637 447 1706 475 adeo
1729 453 1759 475 ut
1783 448 1818 476 ob

1025 498 1133 519 cassum
1148 496 1176 519 et
1193 491 1300 519 inanem
1316 492 1418 527 prioris
1441 493 1534 521 bestia:
1553 494 1709 526 incursum,
1731 494 1817 521 altera

1025 544 1120 564 rursus
1135 544 1166 564 ac
1190 538 1268 566 tertia
1297 538 1323 565 in
1352 546 1434 566 unum
1460 539 1641 574 eamdemque
1666 544 1818 575 martyrem

1025 581 1205 610 emitteretur.
1233 582 1325 610 Mirari
1350 587 1415 610 tunc
1440 583 1540 611 licebat
1566 584 1728 619 intrepidam
1754 592 1818 620 erga

1024 626 1084 653 haec
1099 632 1255 654 sanctorum
1273 629 1468 661 constantiam,
1486 634 1512 656 et
1526 629 1652 656 stabilem
1669 633 1751 664 atque
1775 630 1819 657 in-

1025 680 1187 701 concussam
1207 675 1232 701 iu
1259 675 1361 702 teneris
1386 675 1549 710 corporibus
1567 675 1652 702 animi
1675 674 1819 703 fortitudi-

1026 727 1098 746 nem.
1116 719 1220 754 Quippe
1241 720 1360 747 vidisses
1375 724 1438 748 tunc
1455 719 1690 748 adolescentulum
1708 720 1818 752 vixdum

1027 765 1186 792 vicesimum
1197 767 1286 793 aetatis
1301 774 1402 793 annum
1422 766 1589 800 ingressum,
1606 766 1711 801 absque
1725 765 1820 794 vincu-

1025 811 1060 839 lis
1082 816 1199 839 stanlem
1217 823 1224 840 :
1239 817 1267 840 et.
1284 813 1410 840 manibus
1424 813 1449 840 in
1464 813 1555 840 crucis
1571 811 1688 840 formam
1714 820 1819 847 expan-

1026 858 1225 894 sis,4ﬁrmoque
1239 863 1266 886 et
1289 859 1425 894 impavido
1443 860 1534 886 animo
1557 859 1740 891 attentissime
1765 860 1820 886 Deo

1027 905 1244 940 supplicantem;
1264 915 1312 934 nec
1330 907 1363 934 ab
1380 915 1413 935 eo
1432 907 1459 934 in
1485 914 1539 942 quo
1556 910 1671 934 steterat
1697 906 1758 934 loco
1774 915 1818 933 re-

1026 949 1166 978 cedentem
1182 956 1229 978 aut
1253 952 1388 980 ullatenus
1404 953 1586 980 declinantem
1603 962 1611 980 :
1628 961 1689 980 cum
1707 952 1818 980 interim

1025 996 1083 1022 ursi
1104 1000 1131 1024 et
1145 998 1222 1032 pardi
1240 998 1359 1027 furorem
1376 1007 1408 1027 ac
1422 1006 1537 1027 mortem
1553 999 1673 1027 anhelitu
1690 999 1749 1033 ipso
1763 999 1819 1032 spi-

1026 1046 1119 1069 rantes
1131 1063 1140 1076 ,
1158 1045 1279 1072 metnbra
1306 1045 1379 1073 illius
1394 1053 1463 1081 pene
1474 1046 1531 1081 jam
1547 1045 1682 1073 morsibus
1706 1045 1818 1072 invade-

1026 1092 1097 1114 rent.
1113 1088 1164 1121 Qui
1183 1091 1384 1123 tamen,nescio
1398 1098 1451 1126 quo
1467 1095 1547 1125 pacto
1561 1111 1570 1124 ,
1593 1090 1753 1118 constrictis
1777 1089 1818 1115 di-

1025 1132 1086 1160 vina
1104 1135 1221 1167 quadam
1235 1141 1262 1163 et
1276 1143 1378 1163 arcana
1402 1136 1502 1163 virtute
1527 1136 1648 1170 ipsorum
1669 1134 1793 1162 faucibus
1807 1154 1817 1168 ,

1025 1189 1098 1212 retro
1113 1183 1238 1218 protinus
1260 1182 1453 1210 abscedebaut.
1477 1182 1510 1209 Et
1529 1182 1574 1209 hic
1587 1182 1696 1217 quidem
1719 1189 1747 1209 se
1760 1188 1819 1216 ges-

1024 1230 1061 1257 sit
1076 1230 1127 1257 islo
1142 1237 1221 1264 quem
1241 1229 1360 1256 diximus
1376 1229 1467 1256 modo.
1485 1228 1589 1256 Rursus
1605 1236 1671 1256 vero
1692 1228 1759 1255 alios
1774 1227 1816 1255 \‘i-

1025 1274 1112 1302 disses
1128 1274 1216 1309 (erant
1235 1275 1307 1301 enim
1322 1281 1417 1302 omnes
1433 1281 1546 1301 numero
1558 1272 1688 1309 quinque)
1705 1273 1818 1302 eﬂ'erato

1025 1321 1145 1354 obiectos
1160 1325 1239 1347 tauro
1253 1339 1261 1352 ,
1280 1320 1327 1355 qui
1344 1321 1409 1348 alios
1424 1320 1533 1355 quidem
1547 1327 1580 1347 ex
1598 1320 1746 1347 inﬁdelium
1767 1328 1817 1347 nu-

1025 1374 1103 1393 mero
1117 1366 1246 1394 cornibus
1261 1367 1287 1393 in
1304 1366 1421 1393 sublime
1441 1366 1560 1401 jactatos
1585 1365 1759 1400 discerpebat
1784 1373 1816 1392 ac

1026 1412 1172 1440 semiviros
1185 1413 1366 1447 asportandos
1382 1411 1554 1447 relinquebat
1566 1422 1573 1440 :
1591 1413 1625 1440 ad
1639 1412 1712 1440 solos
1726 1416 1816 1440 autent

1026 1466 1120 1486 sacros
1129 1463 1273 1494 martyres,
1292 1466 1354 1485 cum
1377 1458 1403 1485 in
1422 1466 1470 1486 eos
1487 1457 1581 1485 furens
1593 1461 1622 1485 et
1636 1458 1818 1486 minabundus

1027 1505 1154 1538 irrueret,
1173 1512 1206 1532 ne
1219 1505 1349 1533 accedere
1368 1505 1476 1540 quidem
1503 1509 1620 1539 poterat.
1634 1503 1687 1531 Sed
1703 1504 1818 1538 pedibus

1028 1555 1127 1578 terram
1141 1551 1278 1586 quatiens,
1295 1555 1323 1578 et
1342 1551 1393 1578 hac
1411 1549 1591 1584 illacjactans
1606 1557 1722 1582 cornua,
1736 1555 1818 1584 atque

1026 1597 1062 1624 ob
1078 1597 1221 1624 candentis
1236 1597 1300 1625 ferri
1315 1596 1439 1624 stimulos
1451 1596 1532 1632 300
1548 1597 1668 1624 furorem
1683 1604 1715 1623 ac
1729 1596 1817 1623 minas

1028 1643 1147 1676 spirans,
1163 1641 1342 1670 nihilominus
1366 1641 1457 1669 divina
1480 1641 1630 1669 obsistente
1647 1641 1817 1676 providentia

1029 1693 1103 1717 retro
1125 1688 1313 1716 avertebatur.
1330 1687 1449 1716 Proinde
1471 1695 1532 1716 cum
1559 1687 1715 1715 nullatenus
1727 1688 1762 1714 ab
1784 1694 1817 1714 eo

181 1733 240 1761 laesi
259 1738 369 1766 essent.
403 1734 462 1762 alia:
491 1743 587 1763 rursus
612 1735 637 1761 in
664 1734 724 1762 illos
747 1734 875 1761 immissa:
897 1739 962 1761 sunt
990 1734 1094 1764 bestiae.
1125 1735 1245 1764 Tandem
1272 1735 1388 1770 denique
1413 1739 1476 1770 post
1504 1733 1668 1770 multiplices
1694 1739 1721 1761 et
1749 1734 1816 1761 hor-

183 1780 283 1808 rendos
307 1780 457 1809 bestiarum
486 1782 613 1809 incursus
647 1782 739 1808 cuncti
773 1782 863 1817 gladio
899 1781 1040 1815 confossi,
1068 1782 1187 1817 sepulcri
1221 1782 1281 1810 loco
1317 1783 1430 1809 marinis
1457 1781 1611 1817 gurgitibus
1635 1780 1817 1808 commendati

182 1830 256 1853 sunt.

451 1876 649 1903 ΚΕΦΑΛΛῘΟΝ
667 1877 707 1904 Η’.

182 1921 253 1955 Περὶ
269 1920 329 1948 τῶν
347 1923 423 1949 κατὰ
437 1921 654 1957 τὴνΑῖγυπτον
673 1922 742 1956 (Nic.
762 1922 797 1950 Η.
821 1922 852 1949 E.
872 1931 919 1955 vn,
937 1923 975 1959 8).

214 1967 271 1994 Καὶ
289 1968 409 2000 τοιοῦτος
433 1968 483 2004 μὲν
505 1970 519 1995 ὁ
542 1968 617 2002 ἀγὼν
639 1968 693 1995 τῶν
717 1969 787 1995 κατὰ
804 1969 891 2004 Τύρον
914 1971 977 2001 τοὺς

183 2014 255 2051 ὕπὲρ
285 2014 425 2050 εὐσεβείας
452 2015 549 2047 ἄθλους
586 2014 782 2050 ἐνδειξαμένων
807 2015 975 2049 Αἰγυπτίων.

182 2059 338 2096 Θαυμάσειε
353 2061 375 2087 δ’
385 2061 418 2088 ἄν
437 2069 479 2092 τις
497 2060 586 2087 αὐτῶν
601 2061 648 2087 καὶ
663 2061 726 2091 τοὺς
742 2060 788 2087 ἐπὶ
808 2061 857 2096 τῆς
872 2061 974 2093 οἰκείας

183 2106 235 2141 γῆς
253 2107 491 2142 μαρτυρήσαντας·
508 2106 572 2133 ἔνθα
586 2106 675 2142 μυρίοι
689 2105 734 2133 τὸν
747 2107 861 2142 ἀριθμὸν
878 2107 973 2143 ἄνδρες

175 2152 241 2186 ἃμα
255 2151 362 2186 γυναιξὶ
376 2152 422 2179 καὶ
434 2153 536 2184 παισὶν,
553 2152 623 2188 ὑπὲρ
637 2152 686 2187 τῆς
699 2151 745 2178 τοῦ
757 2153 881 2188 Σωτῆρος
894 2153 972 2188 ἡμῶν

182 2197 356 2230 διδασκαλίας
377 2198 424 2225 τοῦ
446 2199 612 2234 προσκαίρου
633 2199 682 2234 ζῇν
708 2199 971 2234 καταφρονήσαντες,

182 2243 326 2279 διαφόρους
345 2244 492 2279 ὑπέμειναν
516 2244 657 2276 θανάτους.
679 2245 709 2271 Οἱ
731 2244 779 2279 μὲν
794 2244 882 2270 αὐτῶν
906 2245 973 2280 μετὰ

183 2288 300 2325 ξεσμοὺς
313 2291 359 2324 καὶ,
375 2290 554 2326 στρεϐλώσεις
571 2290 704 2325 μάστιγάς
718 2299 747 2316 τε
768 2290 972 2325 χαλεπωτάτας,

182 2336 230 2362 καὶ
245 2336 344 2371 μυρίας
359 2337 442 2368 ἄλλας
457 2336 580 2368 ποικίλας
595 2337 642 2363 καὶ
659 2337 774 2372 φρικτὰς
789 2337 902 2363 ἀκοῦσαι
923 2337 971 2371 βα-

183 2382 280 2414 σάνους
296 2383 363 2418 πυρὶ
385 2383 591 2419 παραδοθέντες,
610 2383 634 2409 οἱ
651 2383 679 2410 δὲ
703 2383 815 2418 πελάγει
836 2383 972 2420 καταϐρο-

182 2427 348 2462 χθισθέντες,
367 2429 440 2456 ἄλλοι
453 2430 482 2456 δὲ
497 2429 637 2465 εὐθαρσῶς
651 2430 707 2461 τοῖς
720 2430 904 2465 ἀποτέμνουσι
921 2430 971 2462 τὰς

183 2473 286 2500 ἑαυτῶν
298 2475 488 2510 προτείναντες
503 2475 633 2510 κεφαλὰς,
652 2476 675 2502 οἱ
692 2475 720 2501 δὲ
736 2476 783 2502 καὶ
794 2475 972 2504 ἐναποθανόν-

182 2527 228 2549 τες
240 2521 300 2551 ταῖς
317 2520 451 2555 βασάνοις,
465 2521 552 2557 ἕτεροι
567 2521 596 2547 δὲ
612 2520 683 2556 λιμῷ
696 2520 888 2556 διαφθαρέντες
899 2529 906 2536 ο
924 2521 971 2547 καὶ

183 2564 257 2592 ἄλλοι
269 2566 349 2593 πάλιν
360 2567 648 2599 ἀνασκολοπισθέντες,
665 2567 689 2594 οἱ
711 2566 760 2602 μὲν
777 2567 846 2594 κατὰ
866 2566 897 2593 τὸ
909 2566 972 2593 σύν-

181 2610 247 2646 ηθες
262 2613 317 2644 τοῖς
339 2613 511 2649 κακούργοις,
532 2614 557 2640 οἱ
577 2613 606 2640 δὲ
630 2613 677 2640 καί
696 2612 824 2649 χειρόνως
840 2612 973 2640 ἀνάπαλιν

218 2738 274 2773 (19)
286 2739 436 2773 Κυρῐττων
445 2739 479 2766 δὲ
491 2738 553 2772 τοῖς
563 2739 646 2766 ποσί.
655 2738 732 2766 Hunc
741 2738 829 2765 locum
840 2737 972 2772 Nicepho—

181 2781 229 2802 rus
244 2774 415 2809 interpolavit
427 2779 454 2801 et
465 2775 493 2802 in
507 2782 616 2802 sensum
641 2782 752 2810 prorsus
775 2773 892 2800 alienum
905 2781 971 2800 eon-

180 2811 275 2836 vertit.

217 2845 273 2879 (‘20)
289 2844 372 2879 Ξίφει
383 2844 632 2879 κατασφαγέντες.
646 2844 754 2878 Langus
765 2843 845 2871 vertit
865 2851 875 2870 ι
888 2843 968 2878 jugu-

182 2879 239 2912 lati,
259 2891 268 2906 ι
293 2886 375 2914 recte,
390 2886 417 2910 ut
429 2880 552 2914 equidem
570 2880 668 2908 sentio.
685 2880 741 2908 Mos
759 2881 830 2909 enim
849 2885 919 2911 erat,
939 2884 968 2906 ut

1322 1876 1436 1905 CAPUT
1454 1876 1520 1905 Vill.

1173 1923 1210 1950 De
1229 1925 1262 1950 iis
1276 1925 1320 1959 qui
1334 1924 1361 1950 in
1377 1922 1495 1958 [Egpr
1509 1923 1580 1956 passi
1597 1926 1670 1949 sunt.

1063 1968 1222 2003 llnjusmodi
1247 1969 1298 1996 fuit
1321 1973 1459 1995 certamen
1482 1967 1672 2002 Egyptiorum
1687 1987 1694 1998 ,
1719 1966 1765 2000 qui
1790 1966 1818 1994 in

1027 2015 1093 2042 urbe
1107 2015 1180 2050 Tyro
1195 2022 1244 2049 pro
1265 2015 1366 2049 pietate
1383 2014 1501 2049 gloriose
1523 2013 1702 2040 dimicarunt.
1724 2012 1777 2040 Sed
1791 2016 1820 2039 et

1028 2060 1089 2088 illos
1102 2059 1244 2095 Egyptios
1259 2060 1305 2095 qui
1324 2060 1397 2087 domi
1414 2059 1576 2094 martyrium
1600 2058 1721 2093 perpessi
1735 2062 1798 2085 sunt
1810 2077 1817 2090 ,

1029 2107 1128 2134 merito
1141 2107 1204 2141 quis
1219 2106 1379 2134 admiretur.
1397 2105 1456 2133 lllie
1479 2105 1552 2132 enim
1577 2105 1625 2132 viri
1647 2112 1729 2139 prope
1743 2105 1820 2131 inuu-

1029 2153 1172 2181 merabiles
1197 2161 1260 2181 cum
1278 2153 1411 2181 uxoribus
1425 2157 1452 2180 et
1465 2151 1568 2185 liberis,
1592 2159 1640 2187 pro
1661 2150 1818 2178 Servatoris

1028 2199 1114 2226 nostri
1129 2199 1253 2226 doctrina
1273 2198 1448 2233 temporalem
1469 2198 1541 2225 banc
1555 2196 1641 2224 vitam
1665 2196 1817 2230 aspernati.

1028 2247 1101 2274 varia
1117 2246 1212 2274 mortis
1224 2253 1325 2281 genera
1340 2245 1532 2273 sustinuerunt
1550 2253 1557 2271 :
1574 2243 1620 2270 alii
1632 2243 1742 2279 quidem
1757 2248 1818 2277 post

989 2296 1011 2323 Ι)
1027 2291 1143 2327 ungulas
1157 2299 1188 2319 ac
1207 2290 1343 2322 ﬁdiculas,
1357 2294 1420 2325 post
1440 2288 1630 2317 crudelissima
1647 2288 1761 2315 verbera
1790 2292 1819 2314 et

1027 2338 1119 2365 varios
1136 2338 1196 2372 ipso
1216 2337 1298 2364 etiam
1323 2337 1396 2364 dictu
1411 2336 1564 2364 horrendos
1579 2334 1720 2362 cruciatus
1738 2333 1817 2361 llam-

1027 2383 1079 2411 mis
1092 2383 1229 2418 absumpti
1245 2392 1252 2410 :
1270 2382 1316 2410 alil
1335 2389 1401 2410 vero
1416 2382 1444 2409 in
1461 2389 1535 2409 mare
1549 2380 1676 2408 demersi.
1689 2379 1740 2406 Alii
1755 2387 1818 2406 car-

1027 2428 1153 2456 niﬁcibus
1176 2427 1266 2463 capita
1283 2435 1333 2455 sua
1347 2426 1513 2461 amputanda
1537 2424 1623 2452 alacri
1642 2424 1733 2450 animo
1748 2430 1819 2457 pra:—

1026 2477 1155 2503 buerunt.
1172 2473 1299 2501 Nonnulli
1325 2473 1469 2501 tormentis
1486 2471 1553 2506 ipsis
1578 2469 1733 2502 immortui;
1755 2468 1817 2504 qui~

1025 2522 1085 2550 dam
1104 2523 1175 2548 fame
1192 2520 1357 2554 consumpti.
1378 2518 1429 2546 Alii
1444 2519 1564 2552 denique
1575 2517 1602 2543 in
1621 2523 1730 2543 crucem
1744 2514 1817 2547 acti;

1026 2576 1090 2603 pars
1113 2575 1145 2595 eo
1171 2567 1252 2594 modo
1273 2574 1327 2601 quo
1353 2565 1470 2593 maleﬁci
1495 2564 1577 2599 vulgo
1596 2562 1684 2597 sulligi
1703 2561 1814 2589 solent:

1027 2621 1091 2649 pars
1108 2613 1228 2641 atrocius
1241 2632 1248 2644 ,
1264 2612 1354 2647 capite
1371 2613 1497 2639 deorsum
1511 2617 1591 2638 verso
1604 2608 1690 2637 clavis
1704 2607 1816 2638 conﬁxi.

1027 2737 1197 2765 confectores
1224 2736 1447 2767 immitterentur,
1476 2734 1522 2769 qui
1554 2735 1651 2761 noxios
1677 2733 1702 2760 in
1732 2739 1815 2769 arena

1025 2773 1191 2808 iugularem,
1206 2777 1330 2808 litettpra
1344 2768 1491 2808 observari
1507 2769 1552 2796 ubi
1569 2770 1602 2796 de
1622 2770 1747 2808 passione
1763 2768 1816 2808 Po.

1024 2804 1139 2843 lyEarpi.
1157 2807 1229 2835 Cave
1244 2804 1325 2841 igitur
1337 2806 1476 2833 existimes
1491 2809 1625 2839 martyres
1644 2804 1705 2832 illos
1725 2804 1816 2840 capite

1024 2848 1162 2871 truncatos
1174 2843 1266 2871 fuiSse.
