2002 3169
208 149 263 176 759

561 148 697 176 EUSEBII
716 147 958 176 (ΣΑΞΞᾹΜΕΝΞΙΞ
976 147 1052 176 ΟΡΡ.
1074 148 1164 176 PARS
1183 148 1194 175 Ι

1229 162 1258 169 --
1278 148 1474 178 IllSTURECA.
1777 153 1829 182 700

208 215 236 236 et
252 210 303 237 vivi
321 217 353 238 eo
374 217 460 244 usque
486 210 607 242 servati,
623 210 710 244 quoad
733 210 759 237 in
778 210 845 245 ipsis
861 209 990 246 patibulis

1046 210 1189 246 κατωκάρα
1213 210 1448 246 προσηλωθέντες,
1474 210 1636 246 τηρούμενοι
1661 220 1690 238 τε
1717 211 1830 249 ζῶντες,

210 259 280 284 fame
294 257 474 284 interiissent.

505 312 619 340 CAPUT
640 311 686 339 IX.

348 357 386 384 De
399 358 432 384 iis
446 357 491 392 qui
506 359 532 384 in
551 359 678 385 Thebaide
691 359 762 393 passi
779 363 849 385 sunt.

243 403 342 430 Verum
368 410 477 430 omnem
497 404 604 431 dicendi
621 405 725 438 capiatur
742 409 871 439 superant
884 405 991 433 crucia-

206 454 252 476 tus
269 450 306 476 illi
323 457 354 476 ae
370 449 477 477 dolores
493 458 562 485 quos
588 451 658 485 apud
674 451 839 478 Thebaidem
859 457 992 487 martyres

206 495 388 529 pertulerunt,
406 496 497 523 aeutis
514 496 593 524 testis
612 497 673 523 vice
689 497 848 531 ungularum
864 497 991 525 adhibitis

212 545 267 567 toto
283 548 397 575 corpore
421 541 453 568 ad
477 546 590 569 mortem
615 549 703 576 usque
718 542 842 570 lacerati.
866 543 992 572 Mulieres

209 595 274 614 vero
289 587 374 614 altero
389 588 456 622 pede
473 589 593 623 religatae
610 589 739 616 sublimes
764 590 852 623 capite
865 589 990 617 deorsum

206 638 338 668 vergente
352 653 360 666 ,
377 634 511 661 machinis
528 635 687 670 quibusdam
705 636 732 663 in
749 635 833 662 altum
855 636 968 663 sublata:
983 656 991 669 ,

207 679 341 713 nudisque
367 687 398 707 ac
424 687 535 715 prorsus
549 681 657 708 intectis
673 682 834 716 corporibus
846 702 854 714 ,
873 681 992 709 foedissi-

207 731 280 749 mum
308 723 390 751 simul
415 728 496 758 atque
522 725 780 752 inhumanissimum
806 726 991 760 spectaculum

205 769 312 796 cunctis
335 769 503 797 intuentibus
518 771 703 805 praebuerunt.
722 771 776 798 Alii
792 779 886 799 rursus
899 771 931 798 ad
948 779 992 799 ar-

207 813 290 840 bores
307 818 336 841 et
348 821 439 841 ramos
453 815 557 850 alligati
581 816 720 843 interiere.
744 815 812 843 Nam
836 824 896 843 cum
912 817 993 844 robu~

207 860 343 888 stissimos
358 869 450 888 ramos
461 860 573 889 innexos
590 863 816 891 machinamentis
829 865 990 899 quibusdam

207 907 234 933 in
249 914 331 933 unum
348 907 422 934 coire
438 906 565 934 fecissent
577 928 584 939 ,
601 907 679 942 301
699 915 848 945 martyrum
865 911 993 939 cruribus

208 954 336 988 utrinque
357 953 391 980 ad
414 960 461 980 eos
486 953 605 988 religatis
619 974 626 985 ,
652 962 743 982 ramos
758 956 784 982 in
803 957 941 990 proprium
962 964 994 984 ac

209 1001 358 1030 naturali-au
374 1001 456 1029 situm
470 1000 575 1029 reverti
589 1001 735 1033 sinebant,
753 1006 782 1028 ut
804 1003 923 1029 membra
945 1010 993 1030 eo-

209 1055 268 1073 rum
284 1048 415 1076 adversus
432 1056 500 1082 quos
518 1048 575 1076 haec
588 1049 811 1083 excogitaverunt
825 1069 833 1082 ,
847 1057 899 1077 uno
913 1049 993 1076 simul

209 1094 310 1128 impetu
329 1094 560 1129 discerpereutur.
574 1095 663 1130 Atque
676 1095 734 1122 hate
749 1096 841 1122 omnia
856 1103 908 1123 non
925 1103 992 1130 pau-

208 1139 248 1165 cis
269 1138 366 1166 diebus
381 1147 430 1166 nee
443 1140 541 1174 exiguo
557 1141 690 1172 temporis
707 1141 804 1175 spatio.
823 1141 869 1168 sed
888 1141 994 1176 prolixo

208 1182 313 1216 aliquot
323 1191 456 1210 annorum
465 1184 602 1212 curriculo
615 1185 743 1212 continue
751 1190 903 1220 perpetrata
913 1191 992 1213 sunt:

209 1235 271 1255 cum
289 1236 360 1256 nunc
382 1230 455 1262 deni,
479 1229 612 1257 interdum
631 1231 717 1257 viceni
736 1236 763 1258 et
776 1231 907 1266 amplius;
926 1239 992 1258 non-

209 1282 346 1309 nunquam
364 1275 397 1302 ad
417 1276 528 1311 triginta
546 1284 633 1311 usque
655 1281 684 1303 et
699 1277 856 1311 sexaginta;
873 1276 993 1311 quando-

209 1328 263 1354 que
278 1326 304 1348 et
321 1322 428 1349 centeni
445 1323 495 1349 viri
511 1323 590 1349 simul
607 1330 639 1349 ac
655 1323 783 1350 mulieres
796 1330 856 1349 eum
873 1323 992 1358 parvulis

210 1374 266 1393 uno
287 1367 331 1394 die
357 1368 585 1400 interﬁcerentur,
605 1369 687 1396 variis
705 1376 737 1396 ac
753 1376 801 1402 per
822 1369 894 1396 vices
908 1369 991 1396 alter-

209 1413 282 1439 natis
305 1413 446 1448 suppliciis
471 1414 580 1441 addicti.
599 1413 654 1440 Nos
679 1421 787 1449 quoque
809 1422 869 1441 cum
889 1415 914 1441 in
941 1415 994 1442 illis

207 1460 330 1493 partibus
347 1460 518 1494 degeremus,
534 1467 615 1493 quam
631 1459 759 1493 plurimos
773 1460 919 1487 acervatim
940 1468 994 1488 uno

209 1505 254 1532 die
278 1516 284 1532 :
312 1506 380 1532 alios
402 1506 510 1540 quidem
533 1505 621 1539 capite
647 1510 786 1533 truncatas
801 1526 808 1536 .
836 1506 904 1534 alios
933 1515 995 1536 vero

1043 255 1130 281 εἰσότε
1144 255 1191 282 καὶ
1207 256 1251 282 ἐπ’
1264 256 1353 282 αὐτῶν
1369 257 1462 292 ίκρίων
1474 256 1544 292 λιμῷ
1558 256 1740 292 διαφθαρεῖεν.

1312 313 1507 339 ΚΕΦΑΛΑΙΟΝ
1523 313 1562 340 6'.

1100 358 1169 391 Περὶ
1184 357 1243 385 τῶν
1258 358 1332 385 κατὰ
1347 358 1474 390 Θηϐαΐδα
1492 357 1560 394 (Nic.
1578 358 1612 385 Il.
1625 358 1659 386 E.
1675 359 1768 394 vtt,8).

1077 404 1170 431 Πάντα
1184 404 1205 430 δ’
1217 404 1360 440 ὑπεραίρει
1372 403 1459 438 λόγον,
1474 405 1520 431 καὶ
1532 404 1564 436 ἃς
1577 405 1724 440 ὑπέμειναν
1736 406 1829 438 αἰκίας

1042 450 1088 476 καὶ
1103 449 1250 485 ἀλγηδόνας
1267 450 1290 475 οἱ
1305 449 1374 477 κατὰ
1382 449 1503 485 Θηϐαΐδα
1522 451 1667 486 μάρτυρες,
1685 452 1828 488 ὀστράκοις

1042 495 1101 522 ἀντὶ
1117 495 1218 529 ὀνύχων
1231 495 1290 522 ὅλον
1300 495 1330 521 τὺ
1345 496 1423 531 σῶμα
1439 497 1485 523 καὶ
1502 495 1597 531 μέχρις
1612 496 1770 532 ἀπαλλαγῆς
1782 496 1829 523 τοῦ

1043 541 1100 576 βίου
1115 540 1353 576 καταξαινόμενοι,
1371 541 1469 575 γύναιά
1483 550 1513 568 τε
1530 543 1586 568 τοῖν
1606 542 1696 568 ποδοῖν
1719 542 1748 574 ἐξ
1770 542 1831 574 ἐνὸς

1041 586 1281 622 ἀποδεσμούμενα,
1305 587 1429 622 μετέωρά
1447 595 1477 614 τε
1492 587 1539 614 καὶ
1557 587 1661 622 διαέρια
1679 587 1734 622 (2i)
1754 587 1830 614 κάτω

1042 632 1161 668 κεφαλὴν
1176 633 1324 668 μαγγάνοις
1340 633 1409 658 τισὶν
1424 633 1464 664 εἰς
1483 632 1550 668 ὕψος
1572 633 1738 668 ἀνελκόμενα
1749 654 1756 665 ,
1779 641 1829 667 γυ-

1043 680 1119 715 μνοῖς
1141 688 1170 705 τε
1193 679 1331 710 παντελῶς
1350 679 1397 705 καὶ
1416 679 1477 714 μηδ’
1492 679 1755 715 ἑπικεκαλυμμένοις
1772 680 1830 711 τοῖς

1043 724 1166 759 σώμασι,
1182 724 1245 751 θέαν
1259 724 1361 760 ταύτην
1375 725 1516 760 αἰσχίστην
1532 726 1579 752 καὶ
1594 726 1702 752 πάντων
1723 725 1831 760 ὠμοτά-

1041 779 1091 805 την
1113 771 1159 796 καὶ
1192 770 1443 806 ἀπανθρωποτάτην
1461 772 1518 802 τοῖς
1536 771 1634 807 ὁρῶσιν
1657 772 1742 798 ἅπασι
1761 780 1830 807 παρ-

1042 817 1188 852 εσχημένα.
1207 817 1297 843 Ἀλλοι
1314 816 1335 843 δ’
1350 814 1383 843 αὖ
1392 814 1483 843 ’πάλιν
1503 817 1622 853 δένδρεσι
1638 817 1685 843 καί¹
1699 818 1830 853 πρέμνοις

1042 863 1242 899 ἐναπέθνησκον
1254 863 1441 899 δεσμούμενοι.
1463 864 1532 896 Τοὺς
1551 863 1605 900 γὰρ
1621 864 1737 899 μάλιστα
1752 865 1831 899 στερ-

1044 909 1171 945 ροτάτους
1182 909 1236 936 τῶν
1247 909 1349 936 κλάδων
1365 911 1498 945 μηχαναῖς
1513 918 1583 936 τισιν
1597 910 1642 936 ἐπὶ
1658 909 1754 936 ταύτὸν
1768 917 1830 935 συν-

1042 955 1181 987 έλκοντες,
1201 955 1239 986 εἰς
1253 954 1372 991 ἑκάτερά
1386 963 1416 981 τε
1430 954 1531 982 τούτων
1547 955 1581 981 τὰ
1602 954 1658 982 τῶν
1684 955 1830 990 μαρτύρων

1042 1001 1227 1032 ἀποτείνοντες
1251 1001 1351 1037 σκέλη,
1373 1002 1413 1033 είς
1433 1001 1481 1037 τὴν
1503 1001 1605 1028 ἑαυτῶν
1629 1002 1742 1036 ἠφίεσαν
1768 1001 1831 1032 τοὺς

1042 1047 1154 1078 κλάδους
1169 1046 1297 1082 φέρεσθαι
1316 1047 1396 1081 φύσιν
1406 1068 1412 1080 ,
1433 1047 1531 1089 ᾀῦρουν
1545 1047 1598 1074 τῶν
1614 1047 1702 1082 μελῶν
1716 1048 1832 1073 διασπα-

1043 1092 1110 1127 σμὸν
1137 1092 1196 1119 καθ’
1217 1089 1254 1119 ὧν
1278 1093 1354 1120 ταῦτ’
1377 1093 1544 1128 ἐνεχείρουν,
1571 1094 1748 1125 ἐπινοοῦντες.
1775 1093 1832 1120 Καὶ

1042 1137 1129 1164 ταῦτά
1149 1146 1180 1173 γε
1203 1138 1292 1165 πάντα
1311 1140 1453 1174 ἐνηργεῖτο
1467 1139 1516 1166 οὑκ
1530 1139 1573 1165 ἐπ’
1584 1139 1676 1173 ὀλίγας
1694 1139 1800 1175 ἡμέρας
1813 1139 1830 1174 ἢ

1042 1183 1137 1218 χρόνον
1149 1183 1209 1210 τινὰ
1225 1184 1327 1220 βραχὺν
1337 1205 1343 1217 ,
1361 1185 1417 1211 ἀλλ’
1428 1186 1474 1212 ἐπὶ
1492 1185 1595 1220 μακρὸν
1609 1185 1677 1211 ὅλων
1690 1185 1757 1211 ἐτῶν
1770 1185 1831 1212 διά-

1044 1238 1150 1265 στημα,
1168 1231 1214 1257 ὁτὲ
1236 1231 1284 1266 μὲν
1302 1230 1431 1257 πλειόνων
1448 1230 1464 1266 ἢ
1484 1231 1564 1262 δέκα,
1582 1231 1626 1256 ὁτὲ
1642 1231 1669 1257 δὲ
1684 1230 1753 1265 ὑπὲρ
1769 1231 1833 1262 τοὺς

1044 1277 1129 1303 εἴκοσι
1155 1276 1199 1302 τὸν
1224 1276 1338 1313 ἀριθμὸν
1365 1276 1585 1311 ἀναιρουμένων,
1613 1277 1705 1303 ἄλλοτε
1721 1276 1757 1303 ’δὲ
1782 1276 1832 1311 οὐχ

1043 1319 1123 1357 ἦττον
1135 1321 1182 1348 καὶ
1197 1321 1350 1357 τριάκοντα,
1361 1321 1410 1357 ἤδη
1427 1321 1456 1347 δὲ
1470 1321 1552 1356 ἐγγύς
1567 1330 1618 1347 που
1630 1322 1676 1348 καὶ
1690 1321 1832 1356 ἐξήκοντα,
1866 1331 1875 1335 -

1045 1368 1092 1394 καὶ
1118 1368 1198 1394 πάλιν
1219 1367 1312 1394 ἄλλοτε
1330 1367 1425 1394 ἑκατὸν
1445 1369 1473 1394 ἑν
1490 1368 1581 1403 ἡμέρᾳ
1599 1369 1647 1403 μιᾷ
1663 1368 1758 1402 ἄνδρες
1774 1368 1833 1402 ἅμα

1044 1414 1140 1449 κομιδῆ
1155 1413 1260 1449 νηπίοις
1271 1414 1318 1440 καὶ
1332 1414 1451 1448 γυναιξὶν
1465 1414 1623 1446 ἐκτείνοντο,
1639 1414 1773 1445 ποικίλαις
1787 1413 1833 1440 καὶ

1046 1459 1267 1492 ὲναλλαττοὺσαις
1283 1460 1426 1495 τιμωρίαις
1441 1459 1691 1495 καταδικαζόμενοι.
1715 1461 1834 1496 Ἰστορή-

1046 1514 1132 1541 σαμεν
1155 1506 1183 1532 δὲ
1202 1506 1249 1532 καὶ
1271 1506 1347 1533 αὐτοὶ
1361 1506 1416 1541 (2:2)
1435 1507 1480 1532 ἐπὶ
1501 1506 1554 1532 τῶν
1576 1506 1664 1532 τόπων
1682 1506 1833 1540 γενόμενοι,

207 1551 325 1578 ﬂannnis
352 1551 466 1578 traditOs
484 1551 612 1578 vidimus.
630 1551 704 1578 Adeo
727 1556 758 1578 ut
774 1551 856 1586 gladii
872 1553 925 1587 ipsi
948 1553 994 1581 lte-

1046 1551 1154 1584 πλείους
1167 1552 1272 1587 ἀθρόως
1286 1551 1356 1579 κατὰ
1373 1552 1437 1587 μίαν
1454 1551 1569 1587 ἡμέραν,
1584 1553 1645 1579 τοὺς
1660 1552 1708 1587 μὲν
1724 1552 1772 1586 τῆς
1789 1560 1834 1578 κε-

209 1597 381 1628 betart-ntur,
403 1600 429 1623 et
453 1596 557 1623 medere
580 1595 695 1630 amplius
712 1604 765 1624 non
782 1597 901 1625 valentes
917 1598 993 1625 fran-

211 1648 358 1677 gerentur;
390 1642 495 1678 ipsique
518 1642 662 1669 carnifices
686 1642 790 1670 viribus
816 1643 992 1678 fatiscenles,

209 1689 260 1715 sibi
277 1689 391 1715 invicem
409 1688 596 1715 succederent.
610 1688 669 1721 Quo
684 1689 791 1724 quidem
809 1695 930 1726 tempore
944 1692 995 1718 mi-

209 1734 322 1762 rabilem
337 1735 362 1761 in
375 1734 469 1769 primis
487 1735 569 1760 animi
587 1735 709 1762 ardorem
723 1757 731 1769 ,
748 1744 864 1771 vereque
877 1737 994 1765 divinam

209 1781 336 1807 virtutem
361 1785 388 1807 et
412 1780 583 1808 alacritatem
610 1789 705 1808 eorum
733 1782 778 1817 qui
806 1784 831 1810 in
857 1783 994 1812 Christum

210 1827 257 1854 Dei
274 1827 466 1859 crediderant,
492 1827 576 1854 oculis
593 1828 693 1854 nostris
710 1829 911 1863 conspeximus.
934 1831 996 1858 Ete-

210 1873 266 1900 nim
291 1872 398 1899 vixdum
415 1874 547 1899 adversus
565 1873 668 1906 primos
689 1873 743 1900 lata
766 1879 824 1901 erat
839 1877 972 1904 sententia
987 1896 996 1909 ,

210 1927 272 1945 eum
294 1918 339 1945 alii
355 1918 464 1945 aliunde
487 1920 519 1946 ad
537 1919 654 1947 tribunal
683 1919 783 1954 judieis
801 1923 995 1957 prosilierunt,

209 1964 381 1991 Christianos
396 1972 456 1992 sese
471 1965 600 1993 confessi.
623 1965 656 1992 Et
671 1967 788 2000 pericula
805 1968 912 2002 quidem
929 1977 995 1996 euu-

210 2015 309 2044 ctaque
319 2011 524 2038 multiformium
540 2015 736 2039 tormentorum
750 2021 847 2048 genera
860 2014 934 2048 parvi
947 2015 998 2042 du—

211 2056 309 2083 cebant
325 2057 464 2090 :supremi
480 2065 544 2084 vero
563 2059 683 2085 omnium
701 2058 826 2086 Numinis
848 2060 951 2087 cultum
969 2060 998 2087 li-

210 2103 275 2129 bera
290 2109 357 2129 voce
375 2103 477 2137 absque
493 2103 546 2131 ullo
565 2109 636 2131 metu
653 2105 866 2138 proﬁtebantur;
892 2111 918 2133 et
934 2114 996 2133 eum

210 2148 309 2182 gaudio
329 2152 411 2182 atque
426 2148 576 2181 hilaritate,
595 2149 715 2177 ridentes
728 2151 873 2185 capitalem
888 2157 997 2178 senten-

212 2194 278 2220 tiam
303 2193 476 2227 excipiebant
497 2204 504 2222 :
529 2195 595 2222 adeo
619 2200 648 2222 ut
668 2196 695 2222 in
721 2195 826 2224 laudem
850 2197 999 2225 conditoris

1046 1597 1132 1633 φαλῆς
1148 1597 1286 1633 ἀποτομὴν
1301 1598 1514 1632 ὑπομείναντας,
1532 1598 1594 1629 τοὺς
1607 1598 1634 1623 δὲ
1651 1597 1700 1633 τὴν
1721 1597 1764 1624 διὰ
1781 1606 1833 1624 πυ-

1046 1644 1092 1679 ρδς
1115 1644 1247 1679 τιμωρίαν
1258 1653 1264 1658 ·
1289 1644 1326 1675 ὠς
1340 1643 1524 1679 ἀμϐλύνεσθαι
1540 1643 1684 1678 φονεύοντα
1699 1643 1745 1670 τὸν
1759 1643 1833 1678 σίδη-

1046 1699 1092 1726 ρον
1102 1710 1108 1722 ,
1125 1690 1272 1717 ἀτονοῦντά
1284 1698 1313 1716 τε
1327 1689 1485 1716 διαθλᾶσθαι
1496 1710 1502 1722 ,
1519 1689 1616 1721 αὐτούς
1631 1698 1660 1715 τε
1679 1690 1741 1720 τοὺς
1759 1689 1835 1716 ἀναι-

1046 1737 1159 1774 ροῦντας
1181 1737 1404 1772 ἀποκάμνοντας,
1429 1736 1574 1771 ἀμοιϐαδὸν
1595 1735 1724 1770 ἀλλήλους
1747 1734 1835 1762 διαδέ-

1045 1784 1151 1820 χεσθαι.
1169 1784 1232 1811 Ὅτε
1248 1785 1295 1811 καὶ
1310 1783 1539 1819 ϐαυμασιωτάτην
1553 1783 1650 1819 ὁρμὴν,
1663 1783 1737 1809 θείαν
1753 1791 1782 1809 τε
1795 1782 1833 1815 ὡς

1046 1831 1152 1866 ἀληθῶς
1168 1831 1282 1866 δύναμιν
1298 1831 1345 1857 καὶ
1360 1830 1512 1866 προθυμίαν
1531 1829 1584 1854 τῶν
1602 1830 1642 1860 εἰς
1658 1829 1702 1855 τὸν
1718 1828 1834 1863 Χριστὸν

1046 1877 1092 1903 τοῦ
1109 1876 1175 1903 Θεοῦ
1190 1876 1409 1902 πεπιστευκότων
1423 1875 1609 1910 συνεωρῶμεν.
1630 1875 1661 1900 Ἀ
1667 1883 1704 1909 μα
1721 1874 1786 1908 γοῦν
1800 1875 1833 1910 τῇ

1047 1922 1118 1949 κατὰ
1140 1922 1193 1949 τῶν
1216 1922 1354 1957 προτέρων
1378 1921 1530 1956 ἀποφάσει,
1557 1921 1699 1955 ἐπεπήδων
1725 1920 1835 1948 ἄλλοθεν

1047 1968 1120 1996 ἄλλοι
1142 1968 1181 2003 τῷ
1205 1968 1258 2003 πρὸ
1277 1968 1324 1994 τοῦ
1345 1967 1471 1994 δικαστοῦ
1493 1967 1592 2002 βήματι
1609 1967 1681 2000 (9.5),
1704 1967 1834 2002 Χριστια-

1046 2015 1108 2046 νοὺς
1125 2015 1195 2049 σφᾶς
1217 2013 1407 2049 ὁμολογοῦντες
1420 2034 1427 2045 ,
1448 2014 1631 2049 ἀφροντίστως
1648 2013 1696 2048 μὲν
1717 2012 1784 2048 πρὸς
1800 2012 1834 2039 τὰ

1047 2059 1121 2086 δεινὰ
1136 2059 1182 2086 καὶ
1195 2060 1258 2090 τοὺς
1272 2059 1325 2085 τῶν
1343 2058 1486 2084 πολυειδῶν
1503 2058 1624 2092 βασάνων
1645 2057 1760 2093 τρόπους
1775 2057 1834 2083 δια-

1048 2106 1177 2140 κείμενοι,
1192 2105 1409 2139 ἀκαταπλήκτως
1429 2104 1457 2130 δὲ
1478 2103 1725 2139 παρρησιαζόμενοι
1741 2103 1786 2129 ἐπὶ
1799 2103 1833 2138 τῇ

1048 2152 1087 2182 εἰς
1100 2151 1144 2177 τὸν
1160 2150 1214 2177 τῶν
1229 2150 1296 2176 ὅλων
1310 2150 1375 2177 Θεὸν
1387 2149 1525 2185 εὐσεϐείᾳ,
1548 2150 1616 2184 μετά
1634 2158 1662 2176 τε
1683 2150 1771 2184 χαρᾶς
1787 2147 1835 2174 καὶ

1048 2197 1165 2231 γέλωτος
1180 2197 1227 2223 καὶ
1248 2195 1413 2231 εὐφροσύνης
1433 2197 1481 2231 τὴν
1499 2197 1615 2232 ὑστάτην
1630 2196 1766 2230 ἀπόφασιν
1786 2194 1833 2221 τοῦ

210 2240 332 2267 omnium
356 2240 403 2267 Dei
423 2241 538 2275 psalmos
555 2241 724 2277 hymnosque
739 2247 766 2269 et
783 2243 932 2277 gratiarum
951 2252 994 2271 ae-

1050 2243 1164 2270 θανάτου
1188 2243 1414 2278 καταδεχόμενοι,
1433 2242 1503 2269 ὣστε
1524 2242 1650 2277 ψάλλειν,
1670 2242 1716 2269 καὶ
1734 2241 1834 2276 ὕμνους

212 2286 301 2314 tiones
328 2286 360 2313 ad
376 2291 528 2314 extremum
553 2295 640 2321 usque
665 2288 789 2321 spiritum
810 2290 995 2318 concinerent.

211 2332 245 2359 Et
263 2332 288 2359 bi
310 2333 418 2367 quidem
442 2333 621 2361 admiratione
644 2334 766 2368 profecto
786 2334 859 2369 digni
882 2335 995 2362 exstite-

211 2382 284 2404 runt.
304 2377 403 2405 Verum
430 2377 449 2404 ii
467 2378 613 2405 maximam
633 2387 689 2414 prae
707 2380 813 2407 cunctis
834 2379 939 2407 lamlem
955 2386 997 2408 at-

211 2429 265 2457 que
279 2423 484 2452 admirationem
506 2428 655 2458 merentur,
670 2425 715 2460 qui
732 2425 828 2459 opibus
844 2433 877 2452 ae
896 2426 998 2453 nobili-

212 2476 271 2499 tate
295 2471 429 2506 pollentes
441 2491 449 2504 ,
473 2475 500 2498 et
517 2471 552 2499 ob
569 2472 750 2507 eloquentiam
772 2480 804 2500 ae
820 2472 998 2507 philosophia:

249 2566 443 2600 (2|)Ataépm.
466 2565 646 2593 Monstrosam
669 2566 809 2593 lectionem
826 2566 870 2593 hic
888 2566 1000 2593 exhibet

211 2601 396 2635 Nieeplmrus:
411 2610 443 2628 ex
467 2609 520 2635 quo
542 2606 655 2635 apparet
670 2601 744 2635 illum
766 2601 1000 2635 depravatissimis

213 2633 482 2672 l‘luse'biiLeodieibus
507 2633 584 2663 usuin
615 2636 708 2663 fuisse.
725 2633 868 2670 Nam‘pro
880 2636 998 2672 διαέρια,

213 2671 296 2699 liabet
314 2669 359 2698 οἷά
371 2681 431 2698 τινα
445 2673 539 2707 ἱερεῖα,
554 2672 724 2707 quodsensu
738 2669 826 2707 caret;

251 2707 306 2739 (“22)
323 2705 532 2740 Ἰστορήσιὶμεν
547 2706 581 2732 δὲ
593 2706 641 2733 καὶ
657 2706 750 2733 αὐτοί.
765 2706 803 2733 Ex
819 2706 869 2732 hoc
885 2705 945 2732 loco
961 2706 1002 2732 di-

214 2742 326 2772 scimus.
344 2742 486 2769 Eusebium
503 2742 528 2768 iu
541 2741 660 2776 [Egypto
671 2746 806 2768 versatum
826 2741 917 2772 fuisse,
929 2741 1000 2774 quod

215 2777 296 2802 vitam
309 2783 424 2803 testatur
436 2775 749 2803 Thcodorus’Melocltita
764 2777 789 2803 in
806 2775 976 2802 Collectanei:
991 2783 1000 2801 :

215 2819 270 2845 quo
278 2811 335 2837 loco
347 2812 471 2838 observat.
478 2820 572 2838 oumes
582 2819 633 2838 non
644 2812 722 2838 modo
736 2810 878 2846 [Egyplios
887 2831 894 2844 ,
909 2819 1000 2837 verum

216 2847 296 2872 ctiam
313 2854 358 2873 eos
369 2847 413 2881 qui
427 2847 452 2873 in
472 2846 588 2881 [Egva
601 2847 697 2874 versati
710 2851 782 2880 sunt,
798 2846 920 2874 uttricata
933 2853 1000 2880 qua-

1048 2289 1096 2316 καὶ
1111 2289 1283 2325 εὐχαριστίας
1302 2289 1342 2320 είς
1361 2288 1405 2315 τὸν
1426 2287 1479 2314 τῶν
1504 2288 1571 2314 ὅλων
1585 2287 1651 2314 Θεὸν
1675 2287 1769 2322 μέχρις
1784 2286 1834 2312 αὑ-

1048 2334 1098 2369 τῆς
1123 2335 1239 2370 ἐσχάτης
1257 2333 1430 2368 ἀναπέμπειν
1451 2333 1595 2367 ἀναπνοῆς.
1617 2332 1766 2366 (θαυμάσιοι
1786 2331 1835 2366 μὲν

1047 2379 1094 2408 οῦν
1116 2381 1162 2407 καὶ
1179 2378 1264 2407 οὗτοι·
1282 2380 1427 2416 ἐξαιρέτως
1447 2379 1475 2406 δὲ
1489 2380 1586 2405 ἐκεῖνοι
1606 2377 1834 2414 θαυμασιώτεροι,

1048 2429 1072 2454 οι
1090 2427 1197 2461 πλούτῳ
1220 2427 1269 2462 μὲν
1290 2426 1336 2452 καὶ
1352 2426 1474 2460 εὐγενείᾳ
1490 2425 1536 2452 καὶ
1554 2424 1628 2461 δόξῃ,
1646 2424 1717 2459 λόγῳ
1736 2432 1765 2450 τε
1787 2423 1835 2450 καὶ

1050 2473 1192 2509 φιλοσοφίᾳ
1205 2473 1416 2509 διαπρέψαντες,
1437 2471 1526 2498 πάντα
1542 2479 1573 2505 γε
1592 2470 1644 2506 μὴν
1658 2469 1770 2506 δεύτερα
1789 2469 1834 2496 θέ-

1055 2567 1114 2593 dam
1131 2572 1157 2594 et
1179 2568 1293 2595 obscura
1313 2567 1429 2594 dictione
1454 2568 1480 2594 in
1497 2567 1639 2594 scribendo
1663 2573 1727 2593 usos
1741 2566 1835 2593 fuisse.

1054 2601 1126 2629 Inter
1140 2610 1209 2636 quos
1233 2611 1285 2630 non
1313 2607 1450 2637 postremo
1471 2603 1530 2631 loco
1550 2607 1671 2630 recenset
1691 2601 1835 2629 Eusebium

1054 2642 1186 2664 llOSll‘illll.

1090 2672 1146 2706 (ἑὸ)
1168 2673 1208 2705 Τῷ
1217 2672 1273 2706 πρὸ
1288 2671 1340 2698 τοῦ
1354 2671 1625 2706 δικαστοῦβήμιιτι.
1641 2671 1706 2699 Mira
1724 2670 1834 2702 locutio,

1055 2705 1171 2734 trilnuial
1183 2708 1253 2741 quml
1275 2713 1316 2743 est
1327 2713 1389 2743 ante
1407 2708 1535 2743 judicem.
1547 2705 1632 2743 'Bﬁpa.
1646 2715 1710 2741 ergo
1723 2705 1837 2743 sutuitur

1055 2750 1103 2776 pro
1112 2738 1239 2775 gradibus
1249 2738 1477 2769 trilutttalis.llinc
1484 2742 1566 2775 judex
1576 2738 1669 2769 sedere
1678 2738 1775 2768 dicitur
1783 2738 1836 2775 πρὸ

1053 2777 1100 2803 τοῦ
1116 2777 1247 2812 βήματος,
1266 2777 1291 2803 id
1306 2783 1358 2808 est,
1379 2785 1426 2812 pro
1440 2777 1576 2811 tribunali,
1594 2777 1634 2805 vel
1652 2784 1700 2812 pro
1716 2776 1836 2802 tribuna-

1054 2811 1134 2846 libus,
1144 2811 1178 2840 'ut
1193 2812 1237 2840 hic
1247 2811 1366 2847 loquitur
1379 2811 1502 2840 Ruﬁnus.
