2002 3169
169 176 223 204 765

642 176 817 207 ΗΙΞΤΟΒῘᾸΕ
837 178 1117 207 ECCLESIASTICAS
1137 179 1201 208 LIB.
1222 179 1290 206 VIII.

1737 174 1789 203 766

168 235 294 272 φονεῦσιν
312 235 358 262 ἐπὶ
371 235 425 263 τῶν
439 236 562 272 πλευρῶν
581 237 659 272 μόνον
669 257 676 269 ,
696 238 764 265 ἀλλὰ
778 239 824 265 καὶ
839 241 888 275 τῆς
903 247 944 273 γα-

1002 244 1062 276 post
1074 245 1177 275 tergum
1193 240 1321 268 revinctis
1332 260 1339 272 .
1352 241 1385 267 ad
1399 239 1516 274 stipitem
1532 237 1764 273 suspendebantur
1777 245 1785 262 :

169 281 249 317 στρὸς
260 281 307 307 καὶ
319 280 429 316 κνημῶν
445 282 491 308 καὶ
504 281 625 318 παρειῶν
639 285 695 314 τοῖς
707 283 884 319 ἀμυντηρίοις
895 284 956 311 ἑκό-

167 326 247 358 λαζον
256 325 322 361 (52)·
332 325 419 361 ἕτεροι
430 326 458 353 δὲ
473 326 525 353 ἀπὸ
535 327 585 362 τῆς
598 327 677 358 στοᾶς
691 329 754 363 μιᾶς
767 328 857 363 χειρὸς
873 327 955 362 ἐξηρ-

166 372 279 408 τημένοι
293 371 441 408 αίωροῦντο
452 392 458 404 ,
474 373 563 407 πάσης
578 372 721 407 ἀλγηδόνος
739 373 891 408 δεινοτέραν
906 373 955 409 τὴν

166 419 220 453 ἀπὸ
239 419 292 445 τῶν
307 418 413 454 ἄρθρων
431 419 477 445 καὶ
498 418 585 453 μελῶν
601 419 678 445 τάσιν
693 419 799 454 ἔχοντες
810 428 816 434 ·
832 420 905 446 ἄλλοι
925 421 955 448 δὲ

166 466 235 501 πρὸς
252 467 307 496 τοῖς
326 465 412 491 κίοσιν
427 465 627 501 ἀντιπρόσωποι
641 466 760 496 ὲδοῦντο,
777 467 807 493 οὐ
826 466 953 502 βεϐηκόσι

165 513 222 542 τοῖς
237 511 310 543 ποσὶ,
323 511 361 546 τῷ
377 511 405 537 δὲ
421 511 498 547 βάρει
508 512 554 538 τοῦ
567 511 691 547 σώματος
704 512 869 548 βιαζομένων
885 514 953 548 μετὰ

164 557 268 589 τάσεως
287 557 471 591 ἀνελκομένων
487 557 540 584 τῶν
560 558 675 593 δεσμῶν.
697 559 749 585 Καὶ
762 560 835 586 τοῦθ’
848 560 952 595 ὑπέμε-

164 611 220 634 νον,
242 604 291 630 οὐκ
304 604 346 638 ἐφ’
360 605 420 631 ὅσον
436 603 651 640 προσδιελέγετο,
668 605 723 631 οὐδ’
734 606 824 637 αὐτοῖς
840 606 952 641 ἐσχόλα-

165 649 211 681 ζεν
233 649 247 675 ὁ
268 649 389 684 ἡγεμὼν,
406 649 473 676 ἀλλὰ
492 649 631 685 μονονουχὶ
649 650 682 676 δι’
695 650 758 685 ὂλης
772 652 820 687 τῆς
834 652 950 687 ἡμέρας.

165 694 230 720 Ὅτε
251 694 304 730 γὰρ
324 695 370 721 καὶ
384 696 426 729 ἐφ’
440 695 548 730 ἑτέρους
571 695 725 731 μετέϐαινε,
741 697 796 728 τοῖς
810 697 953 732 προτέροις

163 740 362 775 κατελίμπανεν
375 741 526 777 ἐφεδρεύειν
539 743 601 773 τοὺς
613 743 646 777 τῇ
667 740 775 777 ἐξουσίᾳ
795 742 876 768 αὐτοῦ
902 743 952 769 ὑπ-

161 786 360 821 ηρετουμένους
371 787 425 822 (55)
436 807 443 818 ,
458 787 485 813 εἴ
499 796 549 814 που
566 796 607 819 τις
619 787 743 823 ἡττηθεὶς
759 787 815 814 τῶν
829 787 952 823 βασάνων

162 832 290 858 ἐνδιδόναι
304 833 399 864 ἐδόκει,
415 833 531 867 ἀφειδῶς
545 833 572 860 δὲ
588 833 706 860 κελεύων
718 834 764 860 καὶ
776 835 831 865 τοῖς
843 834 952 867 δεσμοῖς

161 878 302 914 προσιέναι
317 878 372 914 (54)
382 901 388 911 ,
406 879 451 905 καὶ
467 880 535 915 μετὰ
549 879 635 907 ταῦτα
649 880 889 916 ψυχορραγοῦντας
902 881 951 907 αὐ-

161 925 224 956 τοὺς
244 925 467 960 κατατιθεμένους
488 927 527 958 είς
549 926 598 961 τὴν
613 928 664 962 γῆν
685 926 825 953 ἕλκεσθαι·
849 927 878 953 οὑ
895 926 948 962 γὰρ

160 967 230 996 εἶναι
249 969 298 996 κᾶν
322 970 403 1006 μέρος
424 971 514 1002 αὐτοῖς
530 966 668 1006 φροντίδος
685 972 749 1007 περὶ
768 971 857 1007 ἡμῶν.
878 972 947 998 Ἀλλ’

159 1015 232 1042 οὕτω
260 1016 367 1042 ἐδόκουν
391 1016 552 1043 διανοεῖσθαι
574 1017 640 1051 (55),
671 1017 717 1044 καὶ
740 1017 887 1053 πράττειν,
910 1017 948 1049 ὼς

161 1062 257 1097 μηκέτ’
270 1062 363 1093 ὄντων,
377 1062 479 1098 ταύτην
490 1063 617 1099 δευτέραν
631 1063 745 1098 βάσανον
759 1064 814 1099 (56)
829 1064 874 1090 ἐπὶ
888 1065 948 1095 ταῖς

159 1109 277 1144 πληγαῖς
298 1109 351 1135 τῶν
374 1109 540 1136 ὑπεναντίων
560 1098 739 1145 ὲφευρόντων.
762 1108 852 1136 ἿῙσαν
873 1109 902 1136 δὲ
922 1110 948 1136 οἳ

159 1156 207 1182 καὶ
221 1155 289 1190 μετὰ
301 1156 364 1187 τοὺς
378 1155 523 1190 αἰκισμοὺς
538 1156 583 1182 ἐπὶ
598 1155 642 1181 τοῦ
661 1155 737 1187 ξύλου
754 1156 876 1191 κείμενοι

158 1200 202 1227 διὰ
219 1201 273 1227 τῶν
286 1201 424 1236 τεσσάρων
438 1200 511 1227 ὀπῶν
524 1201 708 1236 διατεταμένοι
722 1200 805 1236 ἄμφω
819 1201 857 1227 τὼ
872 1201 945 1233 πόδε,

157 1243 198 1278 οἷς
210 1246 256 1272 καὶ
276 1246 334 1273 κατ’
349 1247 470 1282 ἀνάγκην
491 1247 589 1278 αὐτοὺς
607 1247 653 1273 ἐπὶ
675 1246 722 1273 τοῦ
742 1246 820 1278 ξύλου
837 1247 948 1278 ὑπτίους

158 1289 237 1323 εἶναι,
253 1291 289 1327 μὴ
300 1292 464 1327 δυναμένους
477 1291 521 1319 διὰ
536 1292 565 1319 τὸ
578 1292 676 1319 ἔναυλα
689 1293 722 1319 τὰ
736 1292 880 1328 τραύματα
894 1292 947 1319 ἀπὸ

157 1337 211 1363 τῶν
226 1337 336 1373 πληγῶν
360 1337 419 1364 καθ’
435 1338 495 1365 ὅλου
511 1338 557 1364 τοῦ
573 1338 697 1373 σώματος
712 1338 798 1373 ἔχειν·
817 1338 905 1374 ἕτεροι
919 1338 947 1364 δὲ

156 1383 197 1414 είς
210 1383 340 1418 τοῦδαφος
355 1384 476 1419 ῥιφέντες
488 1403 495 1415 ,
511 1383 613 1410 ἔκειντο
625 1384 678 1410 ὑπὸ
694 1386 742 1420 τῆς
755 1383 808 1411 τῶν
823 1383 947 1419 βασάνων

156 1429 256 1464 ἀθρόας
271 1430 432 1465 προσϐολῆς,
445 1430 597 1466 δεινοτέραν
611 1430 659 1466 τὴν
671 1430 732 1464 ὕψιν
742 1431 790 1465 τῆς
805 1429 946 1465 ἐνεργείας

156 1477 214 1507 τοῖς
237 1476 321 1511 ὁρῶσι
344 1476 523 1511 παρέχοντες,
546 1476 669 1508 ποικίλας
691 1476 739 1503 καὶ
757 1475 901 1512 διαφόρους
917 1476 946 1502 ὲν

155 1522 213 1552 τοῖς
236 1521 342 1556 σώμασι
364 1522 492 1558 φέροντες
518 1522 571 1548 τῶν
593 1522 716 1557 βασάνων
739 1521 788 1554 τὰς
812 1522 943 1554 ἐπινοίας.

155 1566 263 1593 Τούτων
280 1566 365 1599 οὕτως
389 1567 517 1602 ἐχόντων,
539 1569 562 1594 οί
590 1568 638 1603 μὲν
661 1568 860 1604 ἐναπέθνησκον
883 1569 943 1601 ταῖς
955 1587 977 1617 C

157 1609 301 1645 βασάνοις,
321 1613 353 1647 τῇ
372 1613 504 1649 καρτερίᾳ
525 1612 753 1648 καταισχύναντες
767 1613 812 1640 τὸν
829 1613 944 1641 ἀντίπα-

155 1656 219 1684 λον·
240 1658 264 1683 οἱ
281 1658 309 1684 δὲ
331 1657 476 1693 ἡμιθνῆτες
492 1659 520 1685 ὲν
540 1658 579 1693 τῷ
600 1658 778 1694 δεσμωτηρίῳ
803 1659 943 1693 συγκλειό-

156 1712 242 1738 μενοι,
262 1704 317 1738 μετ’
329 1704 358 1730 οὐ
374 1703 472 1735 πολλὰς
487 1703 594 1739 ἡμέρας
612 1706 671 1736 ταῖς
688 1704 815 1740 ἀλγηδόσι
836 1705 944 1741 συνεχό-

157 1757 232 1783 μενοι
248 1749 411 1776 ὲτελειοῦντο
425 1769 431 1781 ,
447 1749 471 1776 oi
493 1749 521 1775 δὲ
543 1749 631 1776 λοιποὶ
644 1749 695 1785 τῆς
712 1750 859 1786 θεραπείας
878 1751 944 1777 ἀνα-

154 1793 278 1829 κτήσεως
297 1795 440 1830 τυχόντες,
463 1795 501 1831 τῷ
523 1795 610 1831 χρόνῳ
630 1797 677 1822 καὶ
693 1798 725 1832 τῇ
748 1796 798 1832 τῆς
818 1797 942 1832 φυλακῆς

153 1839 277 1875 διατριϐῇ
292 1840 507 1877 θαρσαλεώτεροι
523 1841 669 1875 ἐγίγνοντο.
689 1841 765 1868 Οὕτω
783 1842 847 1876 γοῦν
861 1842 942 1878 ἡνίκα

153 1885 363 1921 προσετέτακτο,
384 1886 515 1920 αἱρέσεως
528 1887 656 1922 κειμένης
671 1886 687 1922 ἦ
705 1888 879 1923 ἐφαψάμενον
894 1889 943 1924 τῆς

153 1931 268 1964 ἐναγοῦς
297 1931 391 1964 Θυσίας
414 1933 590 1968 ἀνενόχλητον
616 1931 705 1966 εἶναι,
733 1935 782 1969 τῆς
805 1935 941 1970 ὲπαράτου

153 1975 311 2011 ἐλευθερίας
326 1977 380 2012 (58)
403 1979 467 2013 παρ’
484 1978 572 2004 αὐτῶν
592 1978 723 2014 τυχόντα,
745 1979 761 2016 ἢ
781 1979 818 2015 μὴ
834 1979 941 2013 θύοντα,

191 2052 248 2090 (52)
271 2053 469 2090 'Ayvrjmploac
489 2054 641 2086 ἐκόλαζον.
660 2055 829 2090 Nicepliorus
847 2063 941 2084 emen-

155 2089 202 2126 dat
224 2089 401 2126 ἀμυντηρίοις
424 2089 474 2121 τὰς
502 2090 636 2123 κολάσεις.
667 2089 750 2119 [lecte
771 2097 800 2118 ιιι
816 2097 940 2126 apparet.

161 2123 441 2159 Ἀμυντήριαοιιιοηι
463 2130 526 2151 sunt
553 2127 667 2159 ungulae,
690 2131 720 2152 ut
738 2131 811 2154 recte
827 2123 941 2154 Ruﬁnus

153 2159 248 2186 vertit.
264 2159 668 2197 Videntur_t_ameu_dpuvcﬁpta
680 2161 778 2196 aliquid
800 2163 860 2194 plus
878 2170 941 2189 esse

154 2201 236 2232 quam
265 2194 378 2232 ungulae.
398 2194 464 2221 Nam
490 2194 639 2232 Hesychius
658 2194 834 2232 ἀμυντήριον,
864 2197 940 2231 ξίφος

152 2227 493 2266 δίστομονιιιιοτρτοιοιιιτ.
510 2231 535 2256 id
544 2227 599 2266 'est,
608 2227 726 2265 gladium
737 2227 862 2266 nti-inque
870 2227 940 2259 'acu;

155 2268 226 2294 tum;
239 2264 307 2301 etin
318 2264 371 2301 hoc
384 2264 669 2301 crudelitasjudicum
685 2271 802 2295 notatttr.
816 2264 860 2301 qui
883 2275 935 2293 non

153 2299 272 2325 contenti
286 2299 451 2333 simplicibus
467 2300 584 2334 ungulis,
598 2301 737 2328 novaculis
748 2302 780 2328 ad
800 2299 937 2329 eiaranda

153 2339 304 2368 martyrum
326 2334 410 2360 latera
429 2335 585 2361 utebantur.

189 2368 245 2403 (53)
263 2369 386 2407 Tom-Eri
401 2369 809 2407 cfetiamexuperattpérovg.
823 2371 938 2407 Appari-

153 2407 227 2441 θοι-οε
249 2411 296 2441 seu
319 2403 447 2441 oﬂiciales
466 2403 607 2441 intelligit,
627 2407 671 2440 qtti
688 2403 822 2441 'pr:efecto
844 2403 937 2441 Augu—

151 2437 215 2476 slali
232 2438 460 2476 obsequebantur.
479 2440 516 2466 De
535 2437 585 2467 hoc
603 2437 673 2468 enim
695 2437 811 2476 loquitur
829 2437 937 2470 Pliilcas

151 2472 179 2510 in
199 2473 251 2510 hac
266 2474 388 2508 epistola,
407 2479 433 2501 et
448 2475 568 2510 ἡγεμόνα
581 2483 642 2502 cum
655 2472 742 2503 vocat.
758 2477 842 2503 Porro
862 2477 936 2510 ἐξου-

150 2508 197 2546 σία
213 2508 307 2546 [crede
317 2508 464 2546 majoribus
477 2508 613 2543 iudicibus
621 2511 729 2543 dicitur,
741 2512 785 2546 qtti
799 2508 936 2539 habebant

146 2543 193 2581 j_q_s
207 2543 391 2581 gladiipqum
414 2545 510 2572 Latine
521 2551 642 2580 potestas
659 2543 821 2581 appellatur,
847 2552 876 2574 ut
898 2548 936 2574 ait

153 2577 374 2616 yliiiaiitts._Qtize
388 2587 438 2607 vox
454 2588 495 2608 co-
510 2577 590 2608 s'ensu
605 2577 703 2616 saepit-ts
725 2577 844 2609 occurrit
864 2583 934 2616 apud

148 2612 280 2652 ._]_u,auuem
297 2614 528 2652 Chrysoswmum.
547 2612 788 2652 Porropracfectus
805 2612 934 2651 augusta-

150 2647 252 2686 lis,_eo
277 2647 384 2683 quid‘ém
406 2655 527 2686 tempore
550 2657 610 2678 erat
629 2647 777 2683 Hierocles,
805 2647 935 2686 qucum]-

150 2683 260 2710 Inodum
288 2685 384 2712 scribit
410 2683 576 2721 Epiphanius
604 2687 631 2714 in
654 2688 751 2714 hmresi
780 2683 933 2715 Mélitiano-

149 2724 221 2744 ΙἮΙΙΙ.

256 2753 321 2794 Τξοῖς
345 2754 466 2794 δεσμοῖς
490 2756 655 2794 προσιέναι.
678 2756 752 2785 Nova
771 2762 798 2784 ct
813 2757 933 2785 insolens

149 2789 216 2814 mihi
237 2789 344 2816 videtur
361 2791 416 2816 haec
435 2789 547 2818 locutio.

167 2822 486 2863 .(55)‘Qﬁtm__é6dxovr
507 2826 698 2863 διᾳξλοεῒσθιξιι.
715 2827 760 2855 Sic
783 2829 867 2855 nostri
885 2835 932 2855 co-

146 2858 227 2895 dicis
241 2859 320 2890 ΜίΙζ..
339 2859 408 2887 Med.
424 2867 449 2886 et
467 2860 533 2888 Fttk.
549 2861 624 2895 Vulg.
642 2862 713 2889 οὕτω
729 2863 775 2890 καὶ
790 2863 860 2892 διαν.

184 2893 242 2928 (56)
259 2895 376 2930 Ταύτην
399 2895 542 2930 δευτέραν
564 2893 712 2929 βάσανον.
742 2899 929 2933 ltaptationem

498 2944 507 2955 ι

1005 294 1036 313 ac
1049 287 1148 314 deinde
1162 286 1287 313 universa
1304 285 1427 320 corporis
1443 285 1565 312 membra
1582 283 1715 311 machinis
1728 285 1788 318 qui—

1005 333 1116 360 busdam
1130 332 1363 360 distendcbantur.
1380 331 1502 359 Posthazc
1517 335 1633 358 tortores
1654 330 1731 365 jussu
1744 330 1788 364 ju-

1004 380 1071 407 dicis
1088 380 1214 406 universo
1228 379 1334 414 corpori
1349 387 1357 410 ;
1380 385 1465 412 neque
1487 383 1515 404 ut
1539 377 1679 405 homicidis
1694 377 1763 404 solet
1776 395 1784 409 ,

1004 425 1132 452 lateribus
1148 425 1279 452 duntaxat
1296 433 1303 451 :
1319 423 1365 451 sed
1379 423 1460 450 etiam
1480 423 1586 455 ventri,
1601 423 1737 454 cruribus,
1754 429 1785 449 ac

1003 471 1079 506 genis
1092 471 1228 498 crueiattts
1247 470 1344 497 ferreis
1357 469 1463 504 ungulis
1476 469 1650 496 adhibebant.
1669 469 1784 501 Quidam

1004 516 1090 544 altera
1103 524 1183 544 manu
1196 515 1229 543 ad
1247 515 1382 551 porticum
1401 515 1526 550 suspendi
1543 515 1710 549 pendebant;
1726 515 1785 549 qui-

1003 562 1053 590 bus
1068 563 1243 590 articulorum
1259 562 1496 595 membrorumque
1514 561 1634 587 omnittm
1653 561 1784 588 dislensio

1002 608 1098 642 quovis
1111 609 1234 636 cruciattt
1255 611 1314 635 erat
1336 607 1472 634 acerbior.
1490 606 1541 632 Alii
1558 606 1678 633 vultibus
1703 606 1730 633 in
1753 613 1784 633 se

1003 658 1096 680 mutuo
1109 653 1247 681 conversis
1261 652 1294 680 ad
1307 652 1448 679 columnas
1467 651 1659 685 alligabantnr,
1673 650 1784 685 pedibus

1002 697 1088 725 solum
1110 705 1162 725 non
1179 696 1416 731 contingentibus;
1439 695 1506 723 adeo
1522 700 1550 722 ut
1565 695 1672 723 vincula
1694 696 1784 730 gravi-

1002 749 1057 771 tate
1071 751 1212 778 corporum
1227 743 1336 774 adacta.
1352 743 1443 770 aerius
1458 742 1677 769 intenderentur.
1693 742 1783 775 Atque

1001 789 1028 817 id
1050 790 1203 817 tolerabant
1223 797 1275 816 non
1298 791 1385 817 solum
1403 788 1522 824 quandiu
1537 795 1637 823 prmses
1654 795 1701 815 eos
1715 788 1783 818 allo:-

1001 835 1143 869 quebatur,
1167 839 1214 861 aut
1239 835 1383 863 audiendis
1409 835 1475 869 ipsis
1494 835 1628 867 vacabat;
1654 834 1701 860 sed
1726 838 1783 861 toto

1001 880 1193 915 propemodum
1219 881 1274 908 die.
1306 880 1372 908 Nam
1403 881 1448 908 ubi
1478 881 1511 908 ad
1539 880 1606 908 alios
1633 880 1782 908 audiendos

1002 927 1164 958 transierat.
1189 927 1330 954 ministros
1352 925 1431 954 oiIicii
1456 926 1498 953 sui
1521 926 1712 961 relinquebat,
1734 927 1781 961 qui

999 972 1136 1007 prioribus
1152 971 1343 1005 imminerent;
1368 972 1390 1000 si
1416 972 1487 999 forte
1505 972 1565 1007 quis
1585 977 1780 1000 tormentorum

998 1018 1145 1045 acerbitate
1169 1017 1258 1046 victus
1279 1025 1292 1044 a
1308 1018 1448 1053 proposito
1466 1018 1617 1045 desciscere
1631 1018 1779 1046 videretur.

997 1062 1162 1097 .luhebatque
1186 1070 1233 1090 eos
1256 1063 1361 1098 absque
1381 1063 1437 1090 ulla
1459 1063 1636 1091 miseratione
1661 1062 1780 1091 vinculis

998 1108 1115 1142 stringi,
1139 1114 1165 1135 et
1191 1113 1282 1142 postea
1307 1116 1367 1135 cum
1388 1108 1444 1143 jam
1467 1109 1583 1134 animam
1601 1108 1779 1141 exhalarunt,

997 1154 1070 1181 humi
1086 1153 1205 1186 abiectos
1231 1154 1310 1181 trahi.
1327 1153 1419 1188 Neque
1444 1154 1516 1180 enim
1537 1154 1627 1181 aiebat
1640 1153 1682 1181 vel
1699 1153 1779 1180 mini-

997 1207 1067 1226 mam
1093 1199 1177 1226 nostri
1204 1207 1298 1226 curam
1325 1199 1479 1227 habendam
1495 1207 1556 1227 esse
1574 1209 1581 1227 :
1602 1200 1650 1227 sed
1667 1204 1779 1227 cunctos

996 1245 1036 1272 sic
1053 1244 1085 1279 dc
1099 1245 1176 1272 nobis
1200 1246 1303 1272 sentire
1315 1265 1322 1276 ,
1339 1245 1378 1272 sic
1400 1253 1465 1280 erga
1489 1253 1538 1272 nos
1562 1253 1643 1280 agere
1658 1245 1756 1272 debere
1770 1265 1778 1278 ,

996 1290 1074 1322 quasi
1091 1298 1144 1318 non
1162 1290 1277 1325 amplius
1295 1290 1419 1318 homines
1433 1298 1564 1318 essemus.
1582 1290 1659 1317 llunc
1673 1290 1779 1318 scilicet

996 1337 1143 1364 secundum
1169 1337 1320 1364 cruciatum
1349 1341 1410 1372 post
1431 1336 1542 1364 verbera
1568 1336 1670 1364 inimici
1693 1337 1778 1363 nostri

995 1383 1225 1417 excogitaverunt.
1251 1382 1364 1416 Quidam
1391 1383 1472 1410 etiam
1500 1386 1561 1418 post
1588 1387 1720 1410 tormenta
1749 1383 1776 1409 in

995 1435 1079 1456 nervo
1102 1428 1263 1464 jacuerttnt;
1280 1429 1393 1462 pedibus
1409 1430 1441 1455 ad
1456 1432 1573 1463 quatuor
1595 1436 1680 1462 usque
1704 1428 1778 1456 fora-

995 1476 1066 1503 mina
1089 1475 1260 1507 divaricatis;
1287 1475 1325 1502 ita
1350 1479 1379 1502 ut
1407 1474 1496 1509 supini
1520 1482 1580 1502 esse
1604 1479 1775 1509 cogerentur,

994 1529 1055 1549 cum
1084 1521 1119 1549 ob
1145 1527 1271 1548 recentes
1297 1521 1435 1556 plagarum
1465 1520 1609 1548 cicatrices
1634 1528 1700 1555 quas
1719 1525 1776 1548 toto

995 1574 1107 1602 corpore
1124 1567 1273 1601 gerebant,
1292 1572 1365 1593 stare
1387 1566 1499 1594 omnino
1514 1573 1567 1593 non
1582 1570 1706 1600 possent.
1724 1565 1776 1593 Alii

997 1613 1072 1640 hutni
1100 1612 1213 1648 projecti
1235 1613 1363 1648 jacebant
1388 1619 1443 1646 prm
1466 1612 1551 1638 nimia
1578 1616 1776 1639 tormentorum

997 1657 1164 1688 acerbitate;
1182 1661 1209 1685 et
1224 1657 1309 1684 multo
1324 1658 1434 1692 gravius
1445 1664 1524 1691 quam
1541 1657 1602 1684 dttm
1621 1658 1776 1684 cruciaren-

996 1707 1040 1730 tur
1064 1703 1246 1737 spectaculum
1271 1702 1440 1730 intuentibus
1463 1702 1638 1736 pratbebant,
1655 1703 1729 1729 varia
1746 1709 1778 1730 ac

996 1749 1155 1784 multiplicia
1173 1754 1367 1776 tormentorum
1386 1748 1538 1782 excogitata
1557 1755 1655 1783 genera
1679 1755 1778 1782 corpo-

996 1796 1071 1823 ribus
1093 1797 1150 1822 suis
1165 1795 1401 1823 circuutl‘ercntcs.
1420 1795 1485 1827 Qum
1510 1802 1570 1821 cum
1594 1795 1630 1821 ita
1647 1802 1777 1830 gereren-

996 1846 1050 1874 tur,
1066 1842 1110 1869 alii
1134 1842 1159 1868 in
1175 1841 1241 1879 ipsis
1255 1841 1397 1868 tormentis
1410 1840 1585 1874 exspirabant
1598 1861 1605 1872 ,
1622 1841 1776 1868 constantia

995 1894 1044 1914 sua
1059 1887 1186 1921 pudorem
1203 1887 1367 1914 incutientes
1385 1884 1653 1920 adversario.«304
1666 1885 1718 1912 Alii
1732 1893 1776 1913 se-

995 1934 1114 1960 mineces
1129 1934 1155 1960 in
1175 1940 1312 1960 carcerem
1330 1932 1396 1959 trusi
1409 1952 1416 1964 ,
1433 1932 1526 1966 paucis
1542 1937 1603 1966 post
1622 1932 1716 1958 diebus
1729 1932 1777 1959 do-

994 1979 1097 2007 loribus
1110 1979 1229 2014 oppressi
1245 1979 1328 2005 vitam
1344 1978 1481 2005 (inierunt.
1502 1977 1606 2012 Reliqui
1623 1977 1775 2005 curantium

991 2057 1128 2091 intelligit.
1151 2056 1257 2082 Primus
1276 2056 1347 2083 enim
1362 2055 1497 2082 cruciatus
1514 2059 1571 2082 erat
1584 2056 1726 2082 verberum
1741 2064 1775 2083 ac

990 2092 1128 2126 plagarum
1147 2096 1173 2118 ct
1187 2092 1358 2125 tragularum.
1377 2091 1518 2117 Secundus
1533 2096 1561 2117 ιιι
1574 2092 1647 2118 humi
1660 2092 1774 2126 depositi

992 2128 1167 2154 traherentur
1182 2131 1208 2153 et
1224 2131 1395 2160 raptarentur
1412 2127 1436 2152 in
1448 2133 1598 2152 carcerem.

1025 2161 1080 2196 (37)
1099 2162 1160 2187 Ἐπὶ
1183 2161 1235 2188 τοῦ
1260 2160 1351 2194 ξύλου
1372 2161 1512 2194 κείμενοι.
1528 2161 1647 2188 Pessime
1667 2160 1774 2195 Langus

989 2202 1119 2223 cnlastnm
1140 2196 1229 2224 vertit.
1245 2196 1293 2223 Hic
1308 2196 1380 2223 enim
1397 2196 1427 2222 τὸ
1437 2196 1512 2228 ξύλον
1522 2196 1600 2223 aliter
1615 2197 1732 2223 sumitur
1743 2204 1774 2223 ac

989 2239 1081 2265 supra.
1093 2231 1159 2258 Nam
1176 2239 1255 2265 supra
1269 2232 1375 2266 quidem
1385 2233 1493 2266 ponitur
1505 2239 1553 2266 pro
1561 2231 1684 2265 equuleo,
1697 2237 1725 2258 ttt
1741 2240 1773 2259 ex

953 2259 976 2287 Β
990 2259 1087 2294 lltiﬁuo
1111 2259 1342 2306 Illolltlll-llll§.-Il_lc
1357 2259 1419 2306 vero
1435 2259 1720 2306 proiiervo-pouitnr,
1738 2267 1772 2306 _id

988 2306 1040 2333 est,
1052 2302 1227 2335 compedibus
1242 2302 1346 2335 ligneis.
1364 2301 1400 2328 De
1413 2310 1464 2336 qua
1479 2301 1677 2335 signiﬁcatione
1691 2302 1772 2327 multa

985 2337 1042 2371 jam
1059 2337 1114 2363 dixi
1130 2337 1450 2370 insuperioribuslibris.
1466 2336 1553 2362 Latini
1571 2337 1651 2362 etiam
1672 2336 1771 2370 liguriunt

987 2379 1019 2398 eo
1037 2379 1119 2398 sensu
1136 2371 1272 2398 dixerunt.
1287 2372 1322 2398 De
1337 2372 1565 2405 hiscompedibus
1582 2371 1771 2404 intelligendus

987 2411 1029 2433 est
1051 2406 1127 2434 locus
1152 2407 1178 2433 in
1210 2407 1288 2437 Actis
1312 2411 1461 2441 martyrum
1489 2406 1613 2438 Tarachi,
1636 2405 1717 2432 Probi
1746 2411 1773 2432 et

986 2441 1155 2468 Andronici:
1175 2451 1184 2466 ι
1204 2441 1269 2468 Cum
1285 2441 1443 2468 verberatus
1459 2446 1542 2472 esset,
1559 2448 1659 2475 praises
1677 2441 1746 2467 dixit
1763 2448 1771 2468 :

990 2477 1086 2504 Mittite
1102 2476 1141 2503 illi
1154 2477 1256 2503 ferrum
1267 2484 1315 2511 per
1325 2481 1442 2511 quatuor
1456 2476 1513 2502 loca
1529 2484 1685 2507 nervorum,
1696 2481 1723 2502 ct
1734 2476 1773 2502 di-

986 2513 1125 2539 mittentes
1141 2511 1258 2545 aliquant
1272 2519 1365 2537 curaui
1378 2512 1402 2538 ei
1419 2518 1564 2544 apponere.
1578 2520 1587 2536 ι
1608 2511 1639 2537 Et
1654 2511 1679 2537 in
1696 2512 1771 2545 Actis

985 2545 1097 2573 Luciani
1109 2547 1243 2581 martyris.
1255 2545 1386 2581 Synesitts
1395 2546 1550 2572 inoratioue
1561 2547 1596 2572 De
1605 2554 1687 2580 regno
1697 2554 1702 2571 :
1713 2546 1770 2572 ἀλλ’

984 2581 1015 2608 οὗ
1030 2590 1061 2623 γε
1080 2581 1340 2623 μᾶλλ.ον,κινησεται
1353 2581 1419 2623 ’τῶν
1447 2581 1479 2621 ἐν’
1497 2582 1529 2616 τῇ
1549 2581 1771 2623 ¹ττοδοκάκῖιηςτῴ

973 2609 1143 2652 ’φαυλοτάτῳ
1162 2616 1216 2643 τῶν
1235 2609 1329 2649 ξυλων.
1353 2615 1437 2643 Porro
1459 2609 1529 2643 sicui:
1543 2617 1574 2652 VIII
1595 2618 1644 2643 ltac
1668 2609 1769 2643 li'liileat'c

985 2652 1096 2686 cpistola
1109 2652 1186 2685 ξύλον
1202 2652 1280 2678 modo
1294 2659 1342 2684 pro
1354 2652 1468 2685 cquuleo
1479 2651 1605 2684 sumitur,
1622 2652 1700 2678 modo
1721 2659 1769 2686 pro

984 2695 1067 2714 nervo
1081 2697 1088 2713 :
1104 2688 1139 2714 ita
1158 2689 1183 2714 in
1198 2687 1272 2713 Actis
1287 2687 1420 2713 Theodori
1443 2687 1569 2721 martyris
1589 2694 1649 2720 quo:
1665 2687 1769 2713 Italicu-

984 2727 1028 2750 tur
1043 2722 1113 2756 apud
1129 2723 1236 2750 Snriuui
1253 2722 1297 2750 die
1312 2730 1339 2749 ix
1349 2721 1528 2754 Novembris,
1544 2721 1646 2756 lignum
1668 2721 1768 2756 duplici

983 2758 1064 2784 modo
1078 2757 1220 2791 accipitur.

1018 2792 1072 2828 (58)
1090 2793 1147 2827 Τῆς
1160 2792 1309 2827 ἐπαράτων
1322 2791 1502 2826 ἐλευθερίας.
1516 2791 1679 2828 Libertatem
1690 2799 1768 2819 voca-

981 2827 1057 2859 bant,
1079 2836 1138 2854 cum
1155 2829 1216 2862 quis
1231 2828 1345 2855 vinculis
1372 2829 1535 2859 solveretur,
1560 2832 1588 2853 et
1612 2827 1695 2854 libere
1714 2836 1768 2861 quo

982 2863 1062 2890 vellet
1081 2863 1157 2890 abire
1180 2864 1325 2890 sineretur.
1345 2863 1409 2896 Quo:
1427 2870 1477 2888 vox
1501 2870 1552 2889 non
1568 2869 1629 2889 raro
1648 2864 1768 2890 occurrit

982 2899 1051 2933 apud
1069 2898 1221 2932 Eusebium,
1235 2906 1266 2926 ea
1282 2905 1361 2926 sensu
1382 2906 1459 2933 quem
1478 2898 1541 2925 dixi.
1553 2897 1598 2925 Sic
1612 2898 1711 2925 Arator
1740 2899 1765 2924 in
