2002 3169
233 122 284 152 ΠΙ

587 124 722 153 EUSEBII
740 124 979 154 CESARIENSIS
999 124 1075 153 OPP.
1098 124 1188 153 PARS
1208 126 1228 154 Ι.
1250 140 1285 145 -
1304 124 1502 153 HISTORICA.
1805 125 1840 152 77

233 185 316 221 306
329 185 415 213 minas
429 193 463 214 ne
478 185 572 213 auditu
588 186 697 221 quidem
713 187 847 216 sustinere
859 187 909 215 sibi
923 187 973 223 ipsi
987 195 1011 214 at

1071 186 1195 219 ἀκοῧσαι,
1209 187 1292 222 ἑαυτῇ
1303 195 1333 213 τε
1344 186 1392 214 καὶ
1403 187 1462 218 ταῖς
1473 185 1567 221 κόραις
1582 183 1855 221 παρακελευσαμένη,

234 232 338 259 filiabus
361 231 402 259 fas
417 237 498 259 esset.
515 232 555 259 Ad
573 232 630 259 haec
645 233 763 260 animam
781 234 905 261 servituti
926 238 954 261 et
969 233 1018 260 ob-

232 278 327 311 sequio
341 277 493 304 dtemonnm
511 279 677 312 mancipare,
690 279 766 305 omni
782 284 869 306 morte
881 279 1019 314 exitioque

232 324 308 358 pejus
321 331 381 350 esse
400 331 461 351 cum
479 324 605 356 dixisset,
618 324 728 351 unicum
741 325 873 352 adversus
891 325 947 352 lucc
960 333 1017 352 om-

231 369 276 396 nia
296 369 444 396 remedium
460 377 520 397 esse
542 370 697 402 admonuit,
713 370 735 397 si
762 371 794 397 ad
821 378 898 404 opem
915 369 1016 397 Christi

231 415 419 450 confugerent.
437 415 485 443 llis
502 416 593 448 dictis,
612 416 682 443 idem
699 424 793 444 omnes
805 417 947 451 consilium
959 424 1017 443 am-

230 461 331 496 plexm;
348 469 409 488 cum
434 462 467 488 ad
491 462 609 489 tnedium
629 462 736 489 itineris
754 462 949 496 pervenissent,
970 471 1016 490 ve-

231 507 302 534 niam
317 515 331 533 a
345 507 475 534 militibus
491 511 622 542 petuntut
633 507 767 542 tantisper
778 508 810 535 de
822 508 863 534 via
874 508 1017 536 deﬂectere

230 553 280 579 sibi
305 552 408 580 liceret.
427 553 486 586 Quo
508 553 664 587 impetrato,
682 546 840 587 compositis
857 553 966 580 honeste
984 561 1017 580 ac

230 599 357 627 deocnter
376 599 510 630 vestibus,
531 599 556 625 in
573 598 757 633 prmﬂnentem
780 606 809 625 se
827 598 936 625 fluvium
953 606 1016 626 con-

227 645 361 679 jecernnt.
370 645 403 671 Et
412 645 452 671 hac
464 644 574 679 quidem
585 645 744 678 semetipsas
755 644 1014 675 itasnbmerserunt.

229 691 294 718 Diue
310 699 373 718 vero
389 690 450 718 alite
466 691 584 725 virgines
599 691 625 717 in
639 692 734 719 eadem
748 691 814 718 urbe
826 691 924 718 divina:
938 698 1015 725 pror-

228 744 275 764 sus
295 745 326 764 ac
338 744 474 772 germanae
489 744 537 771 per
552 737 642 764 omnia
664 745 782 770 sorores,
800 737 941 771 splendore
956 737 1015 771 qui-

228 781 290 810 dem
305 782 446 814 natalium,
460 782 568 817 opibus,
585 786 664 809 aetate
681 788 708 809 et
720 782 806 810 forma
820 782 956 814 florentes,
970 782 1014 809 sed

228 828 362 863 gravitate
377 835 494 860 morum,
518 828 618 855 mentis
643 828 753 863 pietate,
776 829 920 864 studioque
935 834 962 856 et
976 829 1016 855 in-

228 874 329 902 dustria
342 873 473 901 clariores
491 882 497 901 :
516 874 629 908 perinde
642 882 674 901 ac
685 874 707 901 si
725 878 797 901 terra
813 880 916 902 tantum
932 875 1014 902 decus

227 920 300 948 ferre
312 927 365 948 non
378 925 480 955 posset,
495 928 509 947 a
524 920 674 948 cultoribus
689 921 840 948 dazmonum
854 921 936 955 jussae
951 927 1015 949 sunt

228 966 255 993 in
272 973 345 993 mare
361 966 537 1001 praecipitari.
554 965 616 993 llaec
627 965 789 993 Antiochize.
808 965 860 993 Sed
874 974 934 1001 quae
946 967 1015 1002 apud

227 1011 340 1040 Pontum
356 1017 430 1047 gesta
442 1017 517 1045 sunt,
532 1012 584 1047 vel;
598 1013 656 1047 ipso
672 1013 747 1040 dictu
765 1013 901 1040 incutiunt
918 1013 1014 1039 horro-

228 1066 295 1086 rem.
307 1058 374 1086 Aliis
386 1066 516 1085 manuum
531 1058 607 1093 digiti
622 1066 636 1085 a
649 1058 763 1086 summis
773 1065 860 1093 usque
870 1058 1013 1093 unguibus,

227 1105 314 1132 acutis
336 1104 515 1132 arundinibus
541 1104 784 1139 transfigebantur.
811 1104 880 1132 Aliis
904 1104 1014 1139 plumbo

227 1151 297 1186 ignis
319 1151 344 1178 vi
370 1150 527 1185 liquefacto,
547 1150 678 1178 bulliente
701 1158 733 1178 ac
757 1150 882 1178 fervente
904 1151 1014 1179 metallo

226 1202 302 1232 terga
317 1197 514 1231 adurebantur,
531 1201 559 1225 et
581 1197 703 1232 corporis
720 1201 811 1232 partes
827 1197 948 1225 maxime
966 1205 1014 1225 ne-

226 1243 353 1271 cessaria:
365 1242 550 1272 terrebantur.
563 1243 678 1277 Quidam
697 1243 724 1270 in
741 1243 893 1271 visceribus
914 1251 947 1271 ac
965 1251 1014 1279 pu-

226 1291 321 1318 dendis
335 1291 458 1326 partibus
470 1291 555 1323 foedos
565 1295 648 1326 atque
661 1289 867 1324 inexplicabiles
877 1290 1013 1318 cruciatus

226 1338 329 1372 absque
345 1337 398 1365 ulla
415 1337 591 1365 miseratione
613 1335 795 1371 pertulerunt,
814 1340 895 1371 prout
908 1335 1014 1363 scilicet

225 1384 349 1419 generosi
366 1384 405 1411 illi
420 1388 447 1411 et
461 1383 530 1418 aequi
544 1382 650 1417 judices
668 1382 807 1409 solertiam
829 1389 906 1409 suam
921 1388 1013 1410 osten-

225 1434 325 1462 tantes,
339 1429 417 1464 quasi
434 1429 485 1456 hoc
500 1428 611 1455 virtutis
628 1427 743 1463 alicujus
758 1435 790 1455 ac
809 1428 959 1462 prudentiae
970 1436 1013 1456 es-

224 1480 277 1507 set,
291 1475 461 1502 ambitiosius
480 1474 691 1508 excogitabant;
708 1473 785 1501 novis
803 1473 924 1508 quotidie
947 1483 1012 1510 sup-

224 1521 368 1556 pliciorum
390 1521 521 1552 inventis,
536 1524 665 1554 tanquam
682 1519 709 1546 in
728 1520 876 1547 certamine
893 1521 1008 1555 quodam

225 1567 252 1594 in
267 1575 322 1601 quo
336 1567 474 1602 proposita
492 1571 557 1593 sunt
571 1565 693 1600 praemia,
713 1572 843 1600 superare
854 1573 884 1593 se
898 1566 1012 1594 invicem

224 1613 430 1640 contendentes.
453 1613 588 1639 Caeterum
608 1613 650 1638 hae
674 1610 841 1638 calamitates
859 1619 913 1638 non
939 1612 1013 1647 prius

225 1658 306 1685 finem
321 1663 500 1693 acceperunt,
515 1665 595 1692 quam
610 1656 717 1691 iudices
735 1660 774 1683 tot
790 1658 919 1685 (erumnis
936 1659 1013 1692 quid-

223 1712 305 1739 quam
321 1705 440 1740 adjicere
465 1711 545 1739 posse
561 1704 746 1739 desperantes,
758 1704 871 1739 jamque
895 1704 1013 1732 caedibus

224 1749 302 1782 fessi,
318 1758 378 1778 cum
403 1749 477 1784 ipsos
499 1750 640 1784 sanguinis
655 1751 767 1778 satietas
782 1757 814 1776 ac
835 1749 942 1777 taedium
968 1756 1012 1777 ee-

224 1797 317 1831 pisset,
344 1797 376 1823 ad
400 1796 552 1830 speciosam
575 1796 660 1828 illam,
685 1801 714 1823 ut
734 1796 844 1831 quidem
869 1795 1010 1830 putabant,

222 1842 395 1870 clementiam
411 1847 494 1876 atque
506 1842 704 1869 humanitatem
721 1849 750 1869 se
764 1845 969 1872 converterunt,
983 1845 1011 1867 ut

223 1889 389 1924 inposterum
416 1889 490 1915 nulla
516 1889 660 1916 adversum
683 1895 732 1915 nos
750 1887 789 1914 uti
819 1887 921 1915 saevitia
936 1887 1012 1914 vide-

223 1940 328 1962 rentur.
345 1934 438 1969 Neque
450 1935 523 1961 enim
543 1934 585 1961 fas
601 1941 662 1961 esse
676 1934 795 1965 aiebant,
811 1938 841 1960 ut
856 1933 938 1960 urbes
952 1933 1013 1967 qui-

222 1981 283 2009 dem
300 1981 398 2009 civium
415 1981 548 2016 sanguine
568 1979 835 2013 contaminarentur;
862 1980 1009 2014 imperato-

222 2035 268 2054 res
291 2032 381 2054 autent
411 2027 461 2061 ipsi
485 2033 549 2061 erga
576 2033 672 2053 omnes
694 2025 803 2062 benigni
826 2033 858 2053 ac
874 2025 1010 2052 mansueti

222 2073 389 2101 crudelitatis
406 2077 615 2108 aspergerentur
635 2073 745 2100 infamia
763 2081 769 2099 :
786 2072 832 2099 sed
857 2072 947 2107 potius
965 2072 1011 2098 de-

221 2126 294 2151 cere,
304 2124 333 2146 ut
344 2119 498 2146 humanitas
511 2124 538 2146 et
548 2119 726 2147 beneficentia
737 2118 919 2153 imperatoria:
929 2117 1010 2152 307

221 2165 371 2200 maiestatis
394 2164 420 2191 in
440 2165 583 2192 universos
605 2164 815 2196 diffunderetur,
829 2171 879 2191 nec
895 2164 1010 2198 posthac

221 2212 307 2239 nostri
332 2210 439 2246 capitali
461 2210 594 2245 supplicio
619 2210 812 2245 plecterentur.
832 2208 936 2243 Quippe
959 2209 1008 2235 hu-
1024 2225 1045 2252 Β

218 2258 338 2294 jusmodi
353 2265 433 2293 pwna
448 2264 497 2292 per
514 2257 710 2291 imperatorum
733 2255 927 2290 indulgentiam
942 2254 1008 2281 libe-

220 2295 296 2333 ratos
311 2312 361 2333 nos
387 2311 459 2332 esse.
479 2302 584 2331 Exinde
600 2303 683 2338 igitur
697 2302 791 2331 oculos
813 2302 914 2329 nostris
936 2301 1006 2333 erui,

256 2394 312 2431 (48)
339 2396 401 2423 Ἐπ’
428 2394 523 2429 αὐτῆς
539 2395 636 2430 μέσης
668 2394 823 2429 γενόμεναι
847 2391 900 2426 τῆς
923 2392 1004 2431 ὀδοῦ.

220 2429 324 2466 ΒυρΙοί
345 2432 441 2458 horum
463 2429 607 2458 verborum
631 2437 728 2457 sensus
754 2434 936 2466 essepetest.
955 2429 1009 2466 Aut

220 2463 293 2494 enim
317 2467 470 2501 intelligere
492 2473 635 2500 possumus
661 2465 801 2501 mulieres_
819 2464 881 2501 illas
902 2464 957 2501 jam
974 2463 1007 2490 ad

220 2502 360 2529 dimidium
376 2498 482 2529 itineris
493 2498 668 2536 pervenisse,
685 2499 820 2535 quomodo
839 2498 1009 2536 Nicephorus

221 2537 339 2571 accepit;
367 2544 411 2564 aut
441 2535 516 2564 certe
536 2536 563 2563 in
589 2536 678 2562 medio
698 2537 748 2562 via:
773 2535 889 2571 publicae
911 2540 1008 2568 aggere

219 2569 385 2600 constitisse.
417 2571 504 2599 Porro
540 2572 571 2598 de
606 2570 757 2603 hnjusmodi
790 2569 1007 2597 Christianarum

219 2607 364 2635 mulierum
390 2607 520 2642 martyrio
540 2614 599 2641 qua:
620 2607 724 2640 scipsas
741 2605 850 2642 pudoris
865 2603 943 2631 simul
959 2610 1000 2642 _a_c

219 2643 358 2677 religionis
387 2639 528 2670 servandae
550 2639 644 2668 'causa
663 2639 879 2677 ’przecipitarunt
895 2657 926 2677 ,ἢ
940 2639 1001 2665 Vide

219 2674 396 2711 Aug—nstinum
413 2678 438 2704 in
455 2678 502 2704 lib.
519 2686 526 2704 ι
542 2677 579 2704 De
597 2674 702 2703 civitate
718 2675 778 2707 Dei,
798 2683 823 2702 c.
836 2674 881 2701 26.
892 2674 1001 2711 _Exstat

219 2709 369 2740 eucbmium
385 2714 479 2740 harum
497 2713 640 2739 tnttlierunt
661 2712 688 2738 in
704 2716 775 2738 totno
787 2711 874 2744 primo
889 2709 1000 2744 Joannis

219 2747 415 2783 Chrysostotni,
441 2747 485 2774 ubi
507 2753 593 2774 mater
616 2746 757 2783 Domnina,
784 2743 846 2783 filia;
860 2751 924 2783 vero
939 2743 1001 2783 Ber-

219 2779 317 2810 niceet
330 2779 467 2810 Prosdoce
488 2784 623 2810 dicuntur.
649 2782 747 2808 Earum
773 2781 889 2807 natalem
906 2779 1001 2806 Antio-

219 2819 299 2845 clteni
313 2819 488 2845 celebrabant
501 2817 546 2844 die
562 2825 596 2844 xx
615 2821 676 2851 post
694 2816 791 2844 festum
812 2815 917 2851 Sancta:
932 2814 1000 2841 Cru-

219 2854 268 2887 cis,
283 2861 310 2881 ut
326 2854 352 2881 in
366 2855 424 2888 ipso
448 2853 578 2881 orationis
595 2850 707 2881 eiordio
730 2851 825 2879 scribit
840 2850 1002 2886 Chrysosto—

1069 233 1137 260 ἀλλὰ
1156 233 1203 260 καὶ
1216 233 1246 260 τδ
1262 233 1405 268 προδοῦναι
1421 232 1471 264 τὰς
1489 231 1579 267 ψυχὰς
1593 233 1625 267 τῇ
1647 231 1700 258 τῶν
1722 231 1857 267 δαιμόνων

1069 279 1185 314 δουλείᾳ,
1200 280 1308 306 πάντων
1324 279 1456 314 ὑπάρχειν
1468 278 1589 304 θανάτων
1604 277 1651 304 καὶ
1663 277 1753 313 πάσης
1767 280 1857 313 χεῖρον

1068 325 1205 358 ἀπωλείας
1221 326 1340 361 φήσασα,
1359 325 1423 360 μίαν
1437 324 1538 351 τούτων
1554 323 1681 350 ἁπάντων
1696 321 1764 350 εἶναι
1779 324 1857 351 λύσιν

1069 372 1220 403 ὑπετίθετο,
1238 372 1287 407 τὴν
1304 371 1350 398 ἐπὶ
1363 371 1408 397 τὸν
1428 371 1529 406 Κύριον
1543 370 1721 405 καταφυγήν·
1739 370 1857 397 κᾶπειτα

1068 416 1134 452 ὁμοῦ
1148 418 1180 452 τῇ
1198 417 1294 453 γνώμῃ
1310 416 1480 451 συνθέμεναι,
1494 416 1528 442 τά
1543 424 1572 442 τε
1589 414 1703 450 σώματα
1716 416 1855 451 περιστεί-

1067 462 1146 490 λασαι
1162 463 1281 498 κοσμίως
1300 464 1356 494 τοῖς
1375 462 1586 497 περιϐλήμασιν,
1603 462 1646 487 ἐπ’
1668 461 1752 497 αὐτῆς
1770 462 1857 498 μέσης

1067 508 1210 544 γενόμεναι
1229 508 1277 544 τῆς
1296 507 1356 534 ὁδοῦ
1369 508 1435 543 (48),
1456 507 1541 544 βραχύ
1557 517 1583 534 τι
1599 508 1661 540 τοὺς
1678 508 1801 542 φύλακας
1816 511 1856 542 είς

1068 554 1242 590 ἀναχώρησιν
1268 555 1575 590 ὑποπαραιτησαμεναι,
1600 554 1646 581 ἐπὶ
1665 556 1856 592 παραρρέοντα

1068 600 1189 635 ποταμὸν
1210 599 1308 632 ἑαυτὰς
1333 600 1487 634 ἠκόντισαν.
1512 600 1574 626 Αἵδε
1599 600 1649 635 μὲν
1669 598 1715 627 οὖν
1741 602 1855 633 ἐαυτάς”

1067 643 1149 680 ἄλλην
1163 644 1185 670 δ’
1204 645 1246 670 ἐπ’
1264 644 1348 680 αὐτῆς
1377 644 1540 679 Ἀντιοχείας
1556 644 1689 681 ξυνωρίδα
1714 645 1855 682 παρθένων

1067 691 1100 717 τὰ
1117 691 1203 717 πάντα
1219 691 1377 727 θεοπρεπῶν
1392 691 1439 717 καὶ
1454 691 1562 726 ἀληθῶς
1578 691 1709 727 ἀδελφῶν,
1727 693 1855 726 ἐπιδόξων

1069 737 1119 772 μὲν
1136 737 1165 763 τὸ
1179 737 1266 771 γένος,
1283 737 1416 772 λαμπρῶν
1435 737 1463 763 δὲ
1478 736 1523 764 τὸν
1543 737 1610 772 βίον,
1626 738 1694 764 νέων
1710 739 1772 770 τοὺς
1789 739 1854 774 χρό-

1067 791 1139 814 νους,
1160 783 1267 818 ὡραίων
1283 782 1312 809 τὸ
1333 783 1423 818 σῶμα,
1439 783 1544 818 σεμνῶν
1559 783 1607 819 τὴν
1621 784 1720 820 ψυχὴν,
1735 785 1855 812 εὐσεϐῶν

1068 829 1114 855 τὸν
1131 829 1241 865 τρόπον,
1258 829 1422 864 θαυμαστῶν
1437 830 1486 866 τὴν
1502 830 1620 866 σπουδὴν
1630 850 1638 862 ,
1654 830 1691 863 ὡς
1707 831 1739 857 ἂν
1757 831 1793 867 μὴ
1811 840 1857 866 φε-

1068 875 1166 911 ρούσης
1188 877 1237 910 τῆς
1259 877 1310 911 γῆς
1329 876 1364 902 τὰ
1383 876 1494 903 τοιαῦτα
1509 876 1663 912 βαστάζειν,
1684 877 1801 913 θαλάττῃ
1819 877 1856 914 ῥί-

1066 929 1142 947 πτειν
1163 921 1288 948 ἐκέλευον
1302 922 1326 948 οἱ
1350 922 1404 949 τῶν
1421 922 1553 958 δαιμόνων
1570 922 1743 959 θεραπευταί.
1763 923 1854 950 Ταῦτα

1067 967 1116 1002 μὲν
1130 965 1176 994 οὖν
1195 967 1268 1003 παρὰ
1282 968 1379 995 τοῖσδε.
1396 968 1436 995 Τὰ
1449 968 1552 1003 φρικτὰ
1563 968 1591 995 δὲ
1611 969 1704 1001 ἀκοαῖς
1721 970 1791 996 κατὰ
1806 969 1853 996 τὸν

1066 1014 1165 1040 Πόντον
1190 1014 1308 1050 ἔπασχον
1330 1015 1428 1050 ἕτεροι,
1447 1015 1580 1051 καλάμοις
1599 1015 1671 1048 ὀξέσι
1688 1018 1747 1044 ταῖν
1764 1018 1853 1052 χεροῖν

1065 1059 1093 1093 ἐξ
1111 1061 1201 1096 ἄκρων
1216 1060 1317 1096 ὀνύχων
1340 1062 1403 1093 τοὺς
1421 1062 1567 1094 δακτύλους
1581 1063 1792 1100 διαπειρόμενοι,
1806 1065 1854 1090 καὶ

1064 1106 1138 1133 ἄλλοι
1159 1107 1225 1142 πυρὶ
1239 1107 1363 1142 μολίϐδου
1377 1108 1558 1141 διατακέντος,
1573 1109 1729 1147 βρασσούσῃ
1744 1110 1790 1136 καὶ
1804 1118 1855 1136 περ

1065 1153 1266 1190 πυρακτωμένῃ
1279 1155 1311 1189 τῇ
1326 1153 1375 1190 ὒλῃ
1388 1154 1421 1181 τὰ
1435 1154 1508 1181 νῶτα
1527 1156 1733 1190 καταχεόμενοι,
1758 1157 1804 1182 καὶ
1819 1155 1855 1182 τὰ

1066 1199 1182 1234 μάλιστα
1192 1199 1394 1233 ἀναγκαιότατα
1409 1199 1456 1226 τοῦ
1473 1199 1597 1235 σώματος
1612 1200 1667 1235 (49)
1681 1199 1854 1235 κατοπτὼμε-

1064 1252 1120 1270 νοι”
1148 1244 1192 1270 διά
1214 1253 1244 1270 τε
1268 1244 1321 1270 τῶν
1345 1245 1506 1280 ἁπορῤήτων
1529 1244 1616 1280 ἕτεροι
1642 1245 1729 1280 μελῶν
1755 1254 1784 1271 τε
1806 1245 1856 1272 καὶ

1064 1289 1225 1324 σπλάγχνων
1240 1289 1355 1325 αἰσχρὰς
1378 1290 1426 1316 καὶ
1442 1290 1613 1326 ἀσυμπαθεῖς
1638 1291 1683 1317 καὶ
1701 1290 1760 1317 οὐδὲ
1781 1291 1854 1326 λόγῳ

1064 1335 1149 1372 ῥητὰς
1163 1335 1298 1371 ὑπέμενον
1322 1335 1427 1367 πάθας,
1445 1336 1478 1367 ἃς
1494 1337 1518 1362 οἱ
1534 1337 1653 1370 γενναῖοι
1677 1336 1722 1363 καὶ
1743 1336 1855 1372 νόμιμοι

1062 1379 1188 1407 δικασταὶ
1206 1381 1255 1417 τήν
1271 1389 1344 1414 σφων
1362 1380 1577 1416 ἐπιδεικνύμενοι
1589 1381 1742 1416 δεινότητα,
1759 1381 1854 1418 ὥσπερ

1063 1426 1123 1454 τινὰ
1139 1426 1234 1461 σοφίας
1251 1426 1350 1462 ἀρετὴν
1370 1426 1573 1462 φιλοτιμότερον
1588 1427 1723 1458 ἐπενόουν,
1739 1427 1781 1453 ἀεὶ
1793 1429 1853 1459 ταῖς

1063 1471 1219 1508 καινότερον
1253 1472 1498 1508 ὲφευρισκομέναις
1528 1472 1645 1505 αἰκίαις,
1676 1472 1795 1509 ὡσπερεὶ
1823 1475 1854 1499 ἐν

1064 1517 1168 1552 ἀγῶνος
1192 1517 1338 1553 βραϐείοις,
1360 1518 1490 1554 ἀλλήλους
1510 1518 1687 1554 ὑπερεξάγειν
1709 1518 1854 1554 διαμιλλώ-

1066 1572 1151 1599 μενοι.
1165 1564 1206 1591 Τὰ
1217 1564 1238 1591 δ’
1257 1562 1304 1591 οὖν
1318 1564 1372 1591 τῶν
1388 1564 1535 1600 συμφορῶν
1550 1564 1650 1599 ἔσχατα
1671 1564 1726 1600 (Ξο)
1738 1584 1744 1596 ,
1761 1565 1804 1591 ὅτε
1819 1564 1853 1600 δὴ

1064 1609 1156 1637 λοιπὸν
1170 1610 1349 1646 ἀπειρηκότες
1369 1611 1416 1637 ἐπὶ
1430 1612 1463 1646 τῇ
1477 1610 1531 1638 τῶν
1545 1610 1638 1637 κακῶν
1655 1610 1789 1646 ὑπερϐολῇ
1805 1609 1853 1637 καὶ

1065 1656 1132 1692 πρὸς
1159 1656 1190 1683 τὸ
1208 1656 1323 1683 κτείνειν
1348 1656 1553 1692 ἀποκαμόντες,
1572 1657 1729 1692 πλησμονήν
1755 1665 1784 1683 τε
1804 1657 1852 1683 καὶ

1063 1701 1145 1736 κόρον
1159 1703 1208 1737 τῆς
1222 1701 1275 1728 τῶν
1295 1701 1418 1737 αἱμάτων
1434 1701 1570 1736 ἐκχύσεως
1588 1702 1744 1737 ἐσχηκότες,
1761 1702 1806 1728 ἐπὶ
1821 1701 1852 1728 τὸ

1063 1747 1238 1782 νομιζόμενον
1259 1748 1350 1779 αὐτοῖς
1367 1747 1482 1783 χρηστὸν
1501 1747 1548 1774 καὶ
1566 1747 1753 1784 φιλάνθρωπον
1771 1748 1850 1783 ἐτρὲ-

1063 1801 1154 1824 ποντο,
1177 1793 1214 1824 ὡς
1238 1793 1319 1828 μηδὲν
1345 1794 1394 1828 μὲν
1414 1793 1453 1820 ἔτι
1478 1793 1564 1820 δοκεῖν
1583 1793 1667 1820 δεινὸν
1688 1793 1749 1820 καθ’
1771 1792 1850 1828 ἡμῶν

1063 1839 1308 1874 περιεργάζεσθαι·
1330 1839 1366 1874 μὴ
1386 1839 1440 1875 γὰρ
1458 1840 1590 1876 καθήκειν
1611 1840 1691 1874 φασὶν
1711 1839 1851 1874 ἐμφυλίοις

1062 1887 1158 1922 αἵμασι
1180 1887 1296 1922 μιαίνειν
1316 1887 1365 1918 τὰς
1390 1886 1497 1918 πόλεις,
1522 1886 1582 1922 μηδ’
1607 1886 1650 1912 ἐπ’
1667 1885 1787 1921 ὠμότητι
1801 1885 1850 1920 τὴν

1062 1933 1192 1960 ἀνωτάτω
1214 1933 1269 1968 (51)
1291 1932 1442 1959 διαϐάλλειν
1470 1932 1518 1968 τὴν
1538 1933 1591 1959 τῶν
1613 1931 1784 1968 κρατούντων
1801 1932 1851 1967 ἀρ-

1062 1977 1122 2013 χὴν,
1147 1977 1250 2012 εὐμενῆ
1270 1979 1326 2008 τοῖς
1350 1978 1431 2003 πᾶσιν
1455 1977 1628 2012 ὑπάρχουσαν
1650 1976 1697 2003 καὶ
1721 1977 1848 2012 πραεῖαν,

1061 2023 1115 2050 δεῖν
1149 2023 1177 2049 δὲ
1206 2023 1304 2059 μᾶλλον
1341 2023 1390 2058 τῆς
1418 2022 1607 2058 φιλανθρώπου
1635 2022 1681 2049 καὶ
1707 2021 1848 2058 βασιλικῆς

1062 2068 1185 2100 ἐξουσίας
1212 2069 1251 2100 εἰς
1282 2069 1385 2099 πάντας
1410 2067 1576 2094 ὲκτείνεσθαι
1599 2067 1648 2102 τὴν
1674 2067 1848 2103 εὐεργεσίαν,

1063 2115 1160 2150 μηκέτι
1186 2115 1293 2150 θανάτῳ
1316 2114 1531 2149 κολαζομένους·
1558 2113 1684 2140 λελῦσθαι
1710 2113 1764 2149 γὰρ
1786 2113 1849 2141 καθ’

1061 2162 1138 2198 ἡμῶν
1157 2161 1258 2196 ταύτην
1273 2161 1362 2188 αὐτῶν
1377 2161 1424 2196 τὴν
1439 2160 1583 2196 τιμωρίαν,
1596 2160 1639 2187 διὰ
1654 2160 1701 2196 τὴν
1715 2159 1767 2186 τῶν
1781 2169 1848 2195 κρα-

1060 2207 1176 2235 τούντων
1198 2207 1412 2242 φιλανθρωπίαν.
1435 2206 1590 2242 Τηνικαῦτα
1612 2205 1765 2240 ὀφθαλμοὺς
1788 2205 1848 2238 ἐξο-

1062 2254 1215 2291 ρύττεσθαι,
1245 2254 1291 2280 καὶ
1320 2255 1376 2280 τοῖν
1407 2253 1511 2279 σκελοῖν
1538 2252 1691 2288 πηροῦσθαι
1723 2252 1847 2287 θάτερον,

1061 2301 1258 2337 προσετάττετο
1273 2299 1339 2336 (52).
1358 2299 1450 2326 Ταῦτα
1473 2299 1526 2335 γὰρ
1545 2297 1579 2334 ἦν
1600 2299 1691 2330 αὐτοῖς
1705 2298 1738 2324 τὰ
1753 2298 1847 2332 φιλάν-

1058 2399 1129 2418 mus.
1161 2390 1278 2418 Proinde
1301 2388 1386 2416 Grmci
1418 2389 1536 2416 natalem
1569 2388 1676 2416 illarum
1701 2388 1844 2415 mulierum

1057 2426 1229 2453 contulerunt
1245 2426 1271 2452 in
1301 2425 1375 2451 diem
1403 2432 1430 2452 tv
1446 2425 1581 2457 Octobris,
1599 2430 1627 2451 ut
1650 2424 1743 2451 videre
1756 2429 1798 2451 est
1816 2424 1842 2451 in

1057 2461 1220 2488 Menoloeio.

1238 2495 1458 2532 ἀναγκαιότατα
1479 2493 1534 2532 τοῦ
1556 2493 1707 2532 σώματος..
1729 2493 1844 2532 Rufinus

1057 2529 1195 2566 eleganter
1223 2529 1305 2558 vertit
1322 2540 1327 2558 :
1345 2531 1431 2564 Usque
1456 2531 1490 2557 ad
1504 2531 1573 2566 rlaca
1602 2529 1843 2566 pudendagqruilms

1058 2564 1190 2594 nat—aratis
1206 2567 1301 2601 egestio
1315 2566 1455 2601 procurari
1469 2565 1545 2592 solet.
1561 2566 1634 2592 Sane
1653 2564 1744 2601 Graeci
1755 2565 1842 2598 ἀνάγ-

1052 2611 1104 2637 κην
1121 2599 1228 2629 voeant'
1241 2609 1300 2628 eam
1315 2599 1448 2636 corporis
1464 2605 1580 2635 partem,
1597 2607 1678 2635 quam
1694 2599 1780 2634 pudor
1792 2609 1842 2626 no-

1055 2637 1152 2664 tninari
1169 2641 1253 2664 vetat.

1086 2673 1142 2709 (50)
1168 2673 1205 2699 Τὰ
1227 2669 1328 2709 δ’ᾼᾳῦγξ
1347 2671 1407 2698 τῶν
1433 2670 1596 2709 συμφορῶν
1614 2670 1744 2709 *ἔρχοιτὼ
1765 2669 1842 2697 Hunc

1049 2705 1139 2736 locum
1157 2715 1208 2734 non
1227 2707 1373 2734 infeliciter
1386 2708 1501 2733 vertisse
1517 2706 1581 2732 mihi
1595 2705 1702 2732 videor.

1085 2744 1142 2778 (51)
1163 2742 1222 2777 Τὴν
1239 2741 1387 2778 ἀνωτάτω,
1403 2742 1430 2778 ln
1445 2741 1528 2778 codd.
1558 2740 1713 2778 bled.,Maz.
1731 2745 1758 2778 et
1772 2739 1840 2778 Ettii.

1051 2775 1182 2812 scriptum
1196 2775 1200 2777 Ἴ
1213 2779 1300 2812 reperi
1316 2787 1322 2803 :
1338 2777 1383 2813 ἐπ’
1397 2777 1518 2813 ὠμότητι
1541 2777 1574 2813 τῇ
1588 2776 1718 2803 ἀνωτάτω
1732 2775 1842 2802 διαϐάλ-

1051 2814 1107 2842 λειν
1122 2813 1171 2848 τὴν
1184 2812 1238 2838 τῶν
1255 2812 1426 2848 κρατούντων
1445 2812 1543 2848 ἀρχήν.

1087 2845 1385 2885 (spoponderam.
1403 2845 1518 2876 Rufinus
1532 2846 1651 2875 edictum
1667 2845 1842 2881 imperatoria
