2013 3179
249 147 303 176 775

599 143 732 173 EUSEBll
750 141 988 172 CxESARIENSIS
1005 140 1080 170 OPP.
1101 139 1190 167 PARS
1210 138 1230 166 Ι.
1249 154 1283 159 -—
1302 137 1496 166 HISTORICA.

1812 136 1866 164 ’Πύ

244 192 384 242 martyres
407 208 499 232 autem
522 203 683 236 Palaestinae,
702 202 828 230 Silvanus
849 201 929 230 Gaza:
953 202 1027 229 urbis

1084 199 1225 229 ἐπίσκοπος
1237 197 1290 224 τῶν
1306 197 1376 232 ἀμφὶ
1390 197 1438 233 τὴν
1455 197 1544 228 Γάζαν
1560 196 1722 232 ἐκκλησιῶν,
1743 195 1813 222 κατὰ
1828 195 1864 222 τὰ

243 248 390 291 ξηρίςεορυε
407 251 478 284 apud
494 249 555 276 atris
582 248 690 276 metalla
705 255 765 282 quas
784 253 849 275 sunt
869 248 894 274 in
918 247 1028 278 Phaeno.

249 304 309 324 eum
326 295 386 322 aliis
397 293 647 329 undequadraginta
664 294 750 328 capite
764 297 904 320 truncatus
912 297 963 320 cst.
974 292 1028 319 Sed

248 347 275 370 et
290 342 399 377 quidam
417 339 537 376 Egyptii
555 341 710 367 sacerdotes
725 339 820 367 Peleus
830 347 862 366 ac
874 339 951 366 Nilus
967 346 1028 365 cum

248 388 351 422 aliquot
365 386 427 414 aliis
442 386 498 413 illic
511 385 628 412 ﬂammis
644 386 780 419 absumpti
795 385 910 419 periere.
927 384 1028 412 Horum

248 434 276 461 in
303 440 416 460 numero
435 431 582 459 maximum
605 431 686 458 decus
704 429 880 458 Cmsariensis
904 430 1029 458 Ecclesiae

248 477 405 513 Pamphilus
424 477 577 512 presbyter,
592 483 607 502 a
617 477 696 506 nobis
705 478 914 512 haudquaquam
923 479 1030 510 practer-

248 525 354 552 cundns
391 528 449 556 est;
474 524 517 551 vir
540 523 661 551 omnium
684 527 785 550 nostrae
804 522 893 549 mtatis
913 523 1030 549 maxime

249 569 427 597 admiratione
440 569 547 604 dignus.
564 568 647 604 Cujus
669 568 779 603 quidem
804 568 988 595 fortitudinem
1003 572 1030 594 et

249 616 365 652 gloriosa
385 615 507 642 facinora
531 622 579 642 suo
596 619 716 648 tempore
734 615 924 649 exposuimus.
943 615 980 641 Ex
997 615 1030 642 iis

249 668 331 695 porro
354 661 400 695 qui
424 659 596 687 Alexandriae
618 664 646 687 et
669 668 717 692 per
739 665 821 687 totam
836 660 978 696 [Egyptum
998 667 1031 687 ac

248 701 412 730 Thebaidem
430 703 512 729 nobili
528 702 658 738 martyrio
684 702 817 736 perfuncti
839 707 912 734 sunt,
928 702 1030 737 primus

249 749 368 776 omnium
394 749 574 775 nominandus
600 754 641 776 est
664 749 759 776 Petrus
775 749 963 776 Alexandrinae
978 749 1029 776 Ec-

251 794 341 821 clesia:
357 793 511 828 episcopus,
524 793 687 821 Christianae
704 794 843 829 religionis
861 795 957 822 doctor
970 795 1030 822 eri-

251 840 332 867 mius.
348 839 381 866 Et
395 839 465 866 inter
476 838 535 872 ejus
549 839 720 874 presbyteros
732 839 858 869 Faustus.
871 840 934 867 Dius
946 846 1029 874 atque

1081 245 1109 271 ἐν
1122 243 1214 270 Φαινοῖ
1224 243 1323 278 χαλκοῦ
1341 242 1458 277 μέταλλα
1473 243 1520 269 σὺν
1530 242 1632 277 ἑτέροις
1646 241 1702 273 ὲνὺς
1718 241 1807 267 δέουσι
1817 241 1865 267 τὸν

1079 289 1194 324 ἀριθμὸν
1219 289 1420 324 τεσσαράκοντα
1447 288 1496 322 τὴν
1526 280 1645 322 κεφαλὴν
1671 287 1864 322 ἀποτέμνεται,

1079 335 1222 370 Αἰγύπτιοί
1237 343 1268 361 τε
1290 333 1383 360 αὐτόθι
1407 334 1512 368 Πηλεὺς
1535 334 1581 360 καὶ
1607 334 1701 365 Νεῖλος
1722 334 1866 360 ἐπίσκοποι

1081 381 1140 416 μεθ’
1155 381 1256 417 ἑτέρων
1276 380 1325 416 τὴν
1341 379 1385 406 διὰ
1397 379 1482 415 πυρὸς
1497 380 1644 415 ὑπέμειναν
1657 379 1793 414 τελευτήν.
1810 379 1866 406 Καὶ

1079 427 1110 453 τὸ
1127 427 1198 462 μέγα
1216 427 1244 453 δὲ
1263 426 1338 457 κλέος
1355 427 1404 461 τῆς
1417 426 1578 461 Καισαρέων
1596 425 1739 461 παροικίας
1754 426 1782 452 ἐν
1802 424 1866 451 τού-

1078 482 1135 505 τοις
1148 475 1213 509 ἡμῖν
1228 473 1436 508 μνημονευέσθω
1449 472 1588 507 Πάμφιλος
1601 471 1795 507 πρεσὸύτερος,
1807 471 1863 498 τῶν

1079 519 1140 546 καθ’
1157 520 1230 554 ἡμᾶς
1247 518 1478 554 θαυμασιώτατος,
1494 515 1525 544 οὗ
1542 517 1597 544 τῶν
1614 517 1866 553 ἀνδραγαθημάτων

1078 565 1127 600 τὴν
1140 565 1238 601 ἀρετὴν
1250 565 1320 591 κατὰ
1330 564 1374 591 τὸν
1384 564 1477 590 δέοντα
1488 563 1584 598 καιρὸν
1596 562 1788 599 ἀνεγράψαμεν
1797 562 1865 598 (57).

1079 610 1139 636 Τῶν
1152 610 1175 636 δ’
1189 610 1233 637 ἐπ’
1256 609 1457 645 Ἀλεξανδρείας
1472 609 1531 636 καθ’
1545 609 1608 644 ὅλης
1622 617 1651 634 τε
1667 608 1803 642 Αἰγύπτου
1818 607 1866 634 καὶ

1080 656 1209 690 θηϐαἲδος
1229 655 1384 690 διαπρεπῶς
1407 655 1615 685 τελειωθέντων.
1633 654 1740 690 πρῶτος
1763 654 1867 690 Πέτρος

1079 702 1164 737 αὐτῆς
1183 702 1384 738 ’Λλεξανδρείας
1400 701 1558 732 ἐπίσκοπος,
1576 700 1646 726 θεῖόν
1668 709 1695 726 τι
1713 700 1807 735 χρῆμα
1827 700 1867 726 δι-

1079 746 1219 774 δασκάλων
1233 748 1282 782 τῆς
1298 748 1325 772 ὲν
1342 745 1451 782 Χριστῷ
1469 745 1632 777 θεοσεϐείας,
1649 744 1866 780 ἀναγεγράφθω·

1079 792 1126 818 καὶ
1154 791 1208 818 τῶν
1244 791 1292 817 σὺν
1324 791 1398 825 αὐτῷ
1428 789 1638 826 πρεσϐυτέρων,
1667 789 1787 820 Φαῦστος
1819 789 1867 816 καὶ

1079 836 1141 869 Δῖος
1157 837 1213 873 (58)
1227 837 1274 864 καὶ
1292 836 1455 872 Ἀμμώνιος,
1471 836 1568 863 τέλειοι
1584 836 1701 872 Χριστοῦ
1719 835 1865 871 μάρτυρες·

250 884 408 912 Ammonius
419 884 531 918 perfecti
549 871 681 919 martyres
691 884 805 912 Christi.
818 885 954 913 Praeterea
964 871 1030 912 Plii-

1084 871 1177 915 Φιλέας
1192 892 1222 910 τε
1236 884 1284 910 καὶ
1300 871 1426 918 Ἱίουχιος
1440 884 1487 909 καὶ
1505 871 1645 917 Παχύμιες
1660 882 1706 908 καὶ
1719 880 1867 915 Θεόδωρος,

250 930 306 958 leas
323 934 350 957 et
363 929 523 964 Hesychius,
537 929 701 957 Pachumius
721 937 752 956 ac
764 929 1030 966 Theodorus,diver-

250 984 341 1003 sarum
361 976 387 1003 in
402 975 521 1011 Egypto
542 975 723 1002 Ecclesiarum
745 976 876 1011 episcopi.
903 977 1030 1004 Sexcenti

249 1022 366 1056 denique
387 1021 431 1048 alii
455 1021 565 1048 minime
584 1021 704 1054 obscuri,
717 1022 762 1055 qui
780 1029 827 1057 per
846 1021 981 1050 Ecclesias
1004 1023 1030 1049 in

251 1068 303 1095 illis
322 1067 389 1095 locis
402 1074 433 1094 ac
446 1067 600 1101 regionibus
614 1067 787 1101 constitutas,
804 1068 896 1095 multis
908 1067 1030 1096 laudibus

251 1113 435 1141 celebrantur.
453 1113 573 1145 Quorum
589 1112 710 1139 omnium
736 1120 785 1146 pro
808 1120 873 1141 vero
891 1113 938 1140 Dei
958 1114 1031 1141 cultu

251 1164 308 1186 toto
323 1160 389 1186 orbe
401 1159 523 1186 confecta
537 1158 698 1191 certamina,
708 1163 735 1185 et
749 1165 808 1193 quae
816 1159 929 1194 singulis
939 1166 1031 1186 eorum

252 1203 420 1236 acciderunt,
432 1203 523 1230 omnia
537 1207 665 1230 accurate
682 1210 907 1234 commemorare,
927 1211 979 1230 non
991 1209 1034 1231 εει

251 1249 329 1276 oliicii
342 1249 443 1282 nostri;
460 1249 507 1276 sed
520 1255 613 1276 eorum
625 1248 716 1283 potius
731 1249 776 1283 qui
791 1256 834 1277 res
846 1254 936 1284 gestas
947 1250 1033 1277 oculis

252 1294 308 1322 luis
321 1293 493 1329 contemplati
506 1298 580 1322 sunt.
592 1293 646 1321 Nos
657 1301 722 1322 vero
736 1301 766 1321 ea
778 1293 875 1329 quibus
888 1295 936 1330 ipsi
951 1295 1034 1322 inter-

251 1339 361 1371 fuimus,
377 1339 429 1366 alio
445 1339 472 1366 in
485 1346 566 1374 opere
586 1344 758 1374 posterorum
779 1339 880 1367 notitia:
894 1347 1033 1368 commen-

251 1386 385 1414 dabimus.
397 1386 425 1413 in
437 1386 562 1420 praesenti
577 1391 666 1414 autem
681 1386 751 1414 libro
761 1387 927 1422 palinodiam
940 1395 1033 1415 eorum

252 1438 312 1466 qua:
330 1437 426 1458 contra
442 1438 491 1458 nos
505 1435 579 1466 gesta
598 1435 671 1463 sunt.
684 1436 711 1458 et
727 1438 758 1458 ea
775 1439 833 1465 quae
854 1432 880 1458 in
897 1432 955 1466 ipso
975 1439 1035 1465 per-

252 1476 397 1504 secutionis
409 1476 520 1504 exordio
535 1475 727 1510 contigerunt,
750 1475 914 1510 supradictis
937 1475 1034 1511 adjun-

253 1529 330 1556 gam:
348 1521 446 1556 quippe
457 1528 516 1555 quas
529 1521 675 1548 maximam
689 1521 835 1548 utilitatem
853 1521 968 1549 allatura
981 1522 1034 1549 sint

253 1567 408 1594 lectoribus.
425 1566 510 1601 Igitur
529 1573 674 1602 antequam
692 1567 791 1595 bellum
806 1567 884 1596 nobis
901 1568 1032 1596 indictum

253 1617 336 1645 esset,
362 1612 480 1646 quandiu
519 1613 696 1647 imperatores
720 1612 824 1647 placido
847 1621 878 1640 ac
903 1613 1033 1641 benevolo

254 1665 318 1691 erga
341 1665 390 1684 nos
416 1658 506 1684 animo
529 1657 647 1691 fuerunt,
673 1662 775 1692 quanta
801 1658 877 1692 copia
912 1658 1033 1686 omnium

254 1703 386 1730 bonorum
407 1707 564 1738 quantaque
594 1702 725 1730 felicitate
745 1703 923 1732 abundaverit
949 1704 1035 1739 impe-

255 1799 375 1822 extrema
389 1797 471 1822 verba
485 1795 639 1822 referuntur
658 1794 684 1821 in
701 1795 832 1823 Chronico
855 1795 1035 1823 Alexandrino

256 1831 289 1855 ad
303 1838 402 1866 annum
420 1832 535 1866 primum
560 1831 774 1866 persecutionis:
789 1829 949 1863 Ἀσπάζεται
963 1831 1036 1866 ὑμᾶς

255 1864 334 1901 χορὸς
350 1864 499 1901 διπαςόμοῦ
514 1864 657 1901 μαρτύρων
667 1873 682 1901 ζ
693 1865 899 1901 εὐαγγελίζομαι
913 1867 941 1892 δὲ
953 1864 1034 1901 ὑμᾶς,

255 1900 293 1961 ab;
306 1900 436 1961 I'oAvetpo;
448 1902 462 1927 ὁ
478 1901 570 1932 πάπας
586 1901 624 1936 τῲ
637 1900 683 1926 τοῦ
704 1901 852 1937 μαρτυρίου
868 1901 959 1937 δρόμῳ
978 1902 1036 1927 ἐτε-

272 1943 318 1960 ειω
337 1944 364 1961 η.

272 1943 364 1962 ειωυη.

293 1944 454 2006 Κατὰ
480 1970 534 2006 τὸν
556 1969 663 1997 δέοντα
686 1970 788 2006 καιρὸν·
815 1970 1034 2006 ἀνεψάψαμεν.

257 2004 284 2032 In
300 2005 367 2032 libro
386 2006 487 2037 scilicet
507 2005 543 2032 De
554 2005 713 2040 martyribus
730 2004 893 2038 Pula'stimi',
909 2007 954 2039 qui
967 2004 1036 2034 huic

257 2040 439 2077 octavorlib‘ro
456 2040 665 2077 subjectusuest.
678 2040 718 2077 _ln
736 2048 768 2067 eo
787 2041 858 2077 enim
876 2042 1036 2077 martyrium

258 2075 389 2108 Pamphili
406 2074 464 2103 fuse
478 2080 573 2102 narrat
589 2075 729 2107 Eusebius,
757 2080 786 2102 ut
801 2075 855 2102 illic
881 2074 972 2102 videre
985 2081 1036 2102 est.

258 2108 391 2145 Porroiex
407 2110 457 2137 hoc
472 2110 529 2138 loco
544 2113 664 2145 apparet,
684 2111 782 2136 librum
800 2110 872 2136 illum
889 2111 921 2137 de
937 2116 1038 2145 marty-

258 2145 334 2171 ribus
349 2144 496 2172 Pala‘sﬁnaa
519 2150 579 2178 post
606 2144 753 2171 Historiam
772 2145 993 2176 Ecclesiaxticam,
1009 2144 1039 2172 et

257 2183 319 2214 post.
340 2179 423 2206 lihros
440 2180 476 2206 De
496 2179 555 2206 Vita
570 2179 705 2214 Pamphili
722 2181 848 2214 martyris
872 2180 906 2206 ab
919 2180 1036 2207 Eusebio

1079 929 1134 955 τῶν
1148 929 1218 964 diu?!
1238 929 1288 964 τὴν
1310 929 1446 963 Αἴγυπτον
1471 928 1624 964 ἐκκλησιῶν
1643 928 1801 960 ἐπίσκοποι,
1818 936 1869 962 μυ·-

1082 975 1133 1010 ρίοι
1147 983 1177 1001 τε
1191 974 1237 1001 ἐπὶ
1251 975 1355 1006 τούτοις
1368 975 1441 1002 ἄλλοι
1454 975 1602 1008 διαφανεῖς,
1613 973 1637 1000 οἳ
1651 973 1719 1010 πρὸς
1732 973 1785 999 τῶν
1796 973 1868 1000 κατὰ

1085 1020 1176 1056 χώραν
1193 1021 1240 1047 χαὶ
1255 1020 1336 1047 τόπον
1351 1020 1500 1056 περοικιῶν
1520 1022 1748 1057 μνημονεύονται·
1763 1015 1802 1046 ὧν
1815 1018 1869 1046 ἀνὰ

1080 1068 1129 1103 τὴν
1148 1068 1238 1094 πᾶσαν
1253 1067 1416 1103 οἰκουμένην
1436 1067 1506 1102 ὑπὲρ
1523 1067 1573 1101 τῆς
1588 1067 1628 1098 εἰς
1646 1066 1677 1093 τὸ
1693 1065 1770 1093 Θεῖον
1788 1065 1868 1092 εὐσε-

1081 1111 1156 1143 ϐείας
1169 1112 1362 1147 ἠγωνισμένων
1378 1112 1470 1147 γραφῇ
1488 1110 1664 1146 παραδιδόναι
1683 1110 1747 1142 τοὺς
1758 1109 1866 1142 ἄθλους,

1081 1159 1124 1185 ἐπ’
1139 1158 1251 1193 ἀκριϐές
1268 1166 1298 1183 τε
1319 1158 1423 1184 "exarat:
1443 1157 1498 1183 τῶν
1522 1156 1587 1193 περὶ
1607 1155 1705 1188 αὐτοὺς
1727 1155 1868 1190 συμϐεϐη-

1082 1204 1168 1231 κότων
1188 1205 1314 1239 ἱστορεῖν,
1329 1203 1378 1238 οὐχ
1395 1204 1538 1239 ἡμέτερον,
1550 1202 1604 1229 τῶν
1621 1202 1643 1228 δ’
1661 1201 1720 1236 ὄψει
1741 1201 1775 1228 τὰ
1797 1201 1869 1236 πρά-

1082 1258 1175 1285 γματα
1194 1249 1400 1285 παρειληφότων
1421 1249 1485 1275 [διον
1503 1247 1535 1275 ἂν
1557 1247 1672 1282 γένοιτο.
1692 1245 1738 1279 Οἷς
1761 1255 1792 1281 γε
1814 1247 1868 1283 μὴν

1082 1294 1163 1326 αὺτδς
1191 1294 1401 1331 παρεγενόμην,
1428 1294 1539 1325 τούτους
1565 1293 1612 1320 καί
1639 1294 1695 1325 τοῖς
1717 1291 1776 1328 μεθ’
1795 1293 1868 1328 ἡμᾶς

1083 1339 1237 1376 γνωρίμους
1257 1339 1290 1367 δι’
1311 1340 1406 1374 ἑτέρας
1421 1339 1568 1375 ποιήσομαι
1581 1339 1688 1374 γραφῆς
1705 1338 1770 1374 (59).
1789 1338 1869 1365 Κατά

1083 1394 1115 1421 γε
1132 1386 1186 1422 μὴν
1201 1386 1247 1413 τὸν
1262 1386 1384 1422 παρόντα
1398 1385 1476 1420 λόγον
1493 1386 1542 1421 τὴν
1557 1385 1719 1420 παλινῳδίαν
1734 1384 1788 1411 τῶν
1804 1385 1869 1420 περὶ

1083 1433 1157 1469 ἡμᾶς
1172 1433 1362 1469 εἰργασμένων
1374 1434 1430 1464 τοῖς
1439 1433 1595 1468 εἰρημένοις
1609 1432 1777 1467 ἐπισυνάψω,
1792 1432 1827 1459 τά
1838 1440 1870 1459 τε

1084 1478 1114 1512 ἐξ
1135 1479 1222 1514 ἀρχῆς
1242 1478 1289 1505 τοῦ
1312 1478 1432 1514 διωγμοῦ
1451 1479 1650 1513 συμϐὧηκότα,
1672 1478 1870 1514 χρησιμώτατα

1083 1525 1249 1560 τυγχάνοντα
1270 1526 1326 1556 τοῖς
1343 1524 1553 1560 ἐντευξομένοις.
1569 1524 1609 1551 Τὰ
1625 1523 1734 1560 its-1.05m
1753 1525 1806 1562 πρὸ
1821 1525 1869 1552 τοῦ

1084 1569 1144 1596 καθ’
1163 1569 1240 1605 ἡμῶν
1261 1569 1378 1605 πολέμου
1405 1570 1453 1606 τῆς
1482 1569 1624 1605 Ῥωμαίων
1653 1570 1814 1606 ἡγεμονίας,
1839 1571 1869 1597 ὲν

1084 1616 1156 1647 ὅσοις
1169 1615 1200 1651 δὴ
1215 1615 1322 1652 χρόνοις
1337 1616 1371 1643 τὰ
1382 1616 1436 1643 τῶν
1454 1616 1591 1651 ἀρχόντων
1614 1616 1690 1650 φίλιά
1708 1625 1738 1642 τε
1755 1617 1820 1651 ἡμῖν
1835 1613 1870 1652 ἧν

1085 1661 1132 1688 καὶ
1145 1662 1280 1697 εἰρηναῖα,
1302 1662 1403 1697 ὁπόσης
1426 1662 1536 1696 ἀγαθῶν
1560 1663 1690 1698 εὐπορίας
1711 1663 1758 1689 καὶ
1774 1662 1869 1698 εὐετη-

1087 1706 1147 1743 ρίας
1172 1706 1226 1742 (60)
1247 1707 1356 1742 ἠξίωτο,
1380 1706 1422 1739 τις
1443 1706 1476 1734 ἃν
1500 1707 1654 1743 ἐξαρκέσειε
1673 1707 1749 1742 λόγος
1773 1707 1866 1744 διηγή-

1090 1796 1207 1824 resecuit
1221 1801 1302 1830 atque
1323 1796 1434 1824 intrusit
1448 1801 1542 1824 contra
1561 1797 1639 1824 iidem
1656 1798 1774 1824 omnium
1792 1798 1868 1825 codi-

1088 1839 1162 1858 cum.
1180 1831 1252 1858 Vidit
1272 1833 1322 1859 hoc
1344 1836 1406 1858 ante
1425 1839 1474 1859 nos
1491 1832 1642 1863 Turnebus,
1657 1833 1700 1866 qui
1715 1832 1740 1858 in
1758 1840 1806 1858 suo
1819 1841 1867 1859 co-

1088 1866 1148 1893 dice
1161 1866 1192 1892 ad
1206 1866 1262 1893 hate
1277 1867 1356 1894 verba
1369 1865 1492 1893 Grmcum
1510 1875 1558 1893 nos
1573 1865 1704 1894 scholinm
1718 1868 1868 1899 adscripse-

1088 1905 1130 1927 rat
1145 1909 1152 1940 ς
1168 1901 1318 1940 σημείωᾳον
1332 1902 1375 1940 δτι
1388 1900 1489 1936 ταύτην
1506 1901 1577 1937 ἔχεις
1593 1902 1642 1938 τὴν
1665 1902 1772 1937 γραφὴν
1787 1902 1868 1934 εὐθὺς

1090 1936 1164 1972 μετὰν
1171 1936 1249 1972 τοῦτο
1258 1936 1288 1962 τὺ
1300 1936 1410 1972 βιϐλίον.

1125 1971 1180 2005 (60)
1202 1970 1332 2005 Ὀπόσὴς
1344 1970 1461 2006 ἀγαθῶν
1483 1971 1623 2005 εὐπορίας
1635 1971 1683 1998 καὶ
1704 1972 1866 2005 εὐετηρίας.

1088 2006 1193 2039 Quanta
1215 2005 1296 2033 fuerit
1317 2005 1431 2033 feliCitas
1445 2006 1471 2032 in
1482 2006 1547 2033 orbe
1561 2007 1682 2033 liomano
1699 2007 1867 2033 Diocletiano

1085 2047 1112 2067 et
1129 2040 1292 2068 Maximiano
1309 2041 1502 2074 regnantibus,
1516 2045 1633 2074 testatur
1650 2041 1823 2069 Mamertinus
1839 2042 1865 2068 in

1086 2074 1251 2102 Genet/iliaca
1268 2076 1318 2103 sub
1341 2077 1433 2106 linem,
1457 2076 1500 2103 ubi
1514 2073 1706 2102 Maximianum
1720 2076 1866 2110 alloquitur

1086 2110 1128 2137 his
1153 2111 1241 2137 verbis
1264 2118 1272 2138 :
1299 2119 1309 2135 ι
1340 2110 1642 2144 Revera,sacratissime
1676 2111 1729 2144 imp
1747 2113 1866 2145 ,scimus

1087 2152 1192 2176 omnes,
1206 2150 1350 2178 antequam
1375 2152 1422 2171 vos
1438 2145 1551 2171 salutem
1568 2145 1719 2178 rcipuhliczc
1737 2147 1863 2172 reddere--

1089 2181 1132 2210 tis,
1153 2184 1253 2214 quanta
1279 2181 1384 2214 frugum
1400 2179 1499 2212 inopia.
1517 2184 1615 2214 quanta
1636 2180 1770 2214 funerum
1789 2182 1865 2213 capia

259 2213 388 2247 Scriptum
401 2214 495 2242 fuisse.
516 2215 549 2241 At
561 2213 824 2249 Christophorsonus
843 2215 889 2249 qui
907 2219 968 2242 ante
985 2216 1035 2243 hoc
1049 2214 1074 2244 D
1089 2215 1236 2247 fuit,.fame
1249 2213 1349 2247 passim
1367 2213 1520 2248 morbisque
1535 2215 1729 2248 grassantibus.
1751 2213 1783 2241 Ut
1802 2223 1866 2241 νμτο

258 2253 338 2283 caput
354 2253 436 2276 totam
455 2250 629 2284 appendicem
641 2249 697 2284 jam
719 2249 908 2283 descripserat.
925 2255 1035 2276 coactus

258 2289 299 2310 est
316 2284 371 2310 huic
401 2284 507 2311 Eusebii
523 2284 602 2310 verba
619 2291 753 2314 resecare,
779 2291 812 2310 ne
837 2284 968 2311 Eusebius
994 2285 1034 2311 sui

258 2318 342 2352 ipsius
359 2319 457 2346 oblitus
472 2320 616 2346 videretur.
629 2317 687 2346 Non
703 2318 876 2352 dissimulabo
895 2325 995 2350 tamen,
1009 2320 1035 2345 in

259 2351 366 2387 scriptis
386 2354 523 2381 codicibus
538 2353 618 2385 Man,
633 2353 714 2384 Med..
731 2351 798 2380 Fuk'.
816 2359 843 2380 et
860 2354 963 2384 Savilii.
986 2354 1036 2388 legi

258 2388 461 2424 ἀνεγράψαμεν.
479 2389 543 2422 Quae
557 2388 578 2414 si
593 2396 655 2424 vera
676 2393 717 2424 est
733 2390 820 2420 lectio,
845 2389 970 2423 intelligit
982 2389 1036 2415 Ευ-

259 2422 350 2450 sebius
365 2422 448 2451 libros
469 2423 507 2450 De
530 2424 581 2450 vita
597 2422 728 2458 Pamphili
743 2423 876 2458 martyris.
897 2422 951 2450 llos
964 2425 1036 2450 enim

260 2457 343 2485 libros
355 2459 501 2492 scripserat
516 2464 578 2485 ante
605 2457 751 2486 Historiam
767 2457 993 2490 Ecclesiaaticam,
1008 2463 1037 2485 ut

257 2493 311 2527 jam
327 2499 402 2520 antea
418 2494 629 2520 observavimus.

295 2526 351 2563 (58)
365 2529 418 2555 Kal
443 2528 518 2562 Δῖος.
536 2529 583 2555 Sic
595 2528 673 2555 codd.
703 2527 769 2554 Maz.
797 2533 823 2555 et
839 2527 907 2555 Med.
924 2526 1037 2555 Ruﬁnus

259 2569 365 2597 quoque
378 2564 454 2590 Dium
472 2569 564 2595 vocat;
582 2564 666 2598 νοις..
681 2563 774 2594 Δίδιος.

294 2597 350 2633 (59)
363 2599 402 2625 Δι’
415 2597 681 2633 ἑτέραςποιήσολιιιι
695 2597 819 2632 γραφῆς.
833 2597 958 2633 intelligit
973 2604 1036 2631 pro-

261 2632 304 2660 cul
322 2633 402 2660 dubio
414 2634 510 2661 librum
533 2634 570 2660 De
587 2632 743 2668 martyribus
757 2633 919 2660 Pulmtinm.
946 2632 1037 2665 Neque

260 2668 332 2694 enim
355 2668 436 2695 alium
460 2669 556 2695 librum
581 2669 701 2695 invenire
726 2669 786 2702 quis
814 2668 908 2701 possit,
931 2668 957 2693 in
982 2673 1037 2701 quo

261 2702 393 2731 Eusebius
408 2709 555 2739 martyrum
576 2710 675 2737 agones
687 2702 722 2729 ab
740 2710 769 2739 se
782 2703 853 2739 visos
871 2710 1038 2739 commemo-

261 2739 372 2774 raverit,
396 2737 485 2774 quam:
501 2739 573 2765 hunc
596 2746 675 2772 quem
700 2738 766 2765 dixi.
790 2737 829 2764 Ex
855 2745 909 2772 quo
929 2738 1038 2774 insuper

263 2771 659 2807 refellitur'Christopborsoni
684 2773 834 2804 sententia,
865 2771 913 2805 ’qui
940 2772 1037 2798 librum

263 2807 336 2843 illum
350 2809 383 2834 de
397 2808 560 2843 martyribus
575 2807 723 2835 Palasstinas
747 2809 851 2842 putavit
862 2812 963 2843 partem
977 2813 1039 2843 esse

255 2841 438 2881 ‘lihrioetavi;
453 2841 479 2870 et
492 2842 537 2877 qui
548 2847 609 2877 post
623 2843 679 2871 haec
691 2841 770 2870 verba
784 2850 842 2877 qua:
855 2842 941 2877 posui,
954 2842 1038 2869 multa

1088 2249 1173 2276 lucem
1187 2250 1311 2282 gentibus
1324 2249 1471 2280 extulistis,
1494 2249 1595 2275 eximie
1609 2249 1740 2276 salutares
1754 2249 1866 2282 spiritus

1083 2284 1183 2318 jngiter
1198 2289 1309 2310 manant
1325 2293 1331 2310 :
1346 2283 1434 2310 nullus
1451 2290 1514 2316 ager
1528 2283 1596 2310 fallit
1609 2284 1766 2318 agricolam,
1785 2292 1794 2308 ι
1811 2289 1864 2310 etc.

1085 2319 1143 2345 Jam
1161 2326 1224 2345 vero
1240 2319 1310 2352 quod
1324 2318 1357 2345 ad
1380 2319 1449 2345 bella
1470 2323 1584 2352 spectat,
1596 2326 1732 2352 nunquam
1761 2319 1866 2346 [eiii-ius

1086 2354 1215 2379 adversus
1230 2353 1362 2380 Barbaros
1378 2352 1490 2379 Romani
1509 2358 1671 2387 pugnarunt.
1686 2353 1754 2380 (λιτςὶ
1769 2353 1867 2387 ubique

1087 2387 1210 2420 Barbari,
1231 2393 1257 2414 et
1280 2388 1383 2422 imperii
1401 2388 1513 2415 Romani
1528 2388 1628 2415 limites
1641 2388 1764 2421 promoti.
1782 2387 1866 2422 Lega-

1087 2430 1146 2449 llllIS
1173 2430 1266 2450 eorum
1285 2428 1435 2457 temporum
1457 2422 1593 2449 historias.
1618 2422 1785 2448 Inveniemus
1805 2431 1866 2454 pro-

1086 2457 1157 2484 fecto
1172 2458 1197 2483 id
1211 2459 1283 2491 quod
1298 2458 1365 2488 dixi.
1379 2465 1515 2491 nunquam
1530 2458 1556 2484 in
1572 2457 1684 2484 meliore
1698 2462 1769 2483 statu
1784 2457 1867 2484 fuisse

1088 2500 1143 2519 rem
1157 2492 1319 2525 Romanam;
1334 2500 1395 2519 cum
1406 2498 1522 2526 quatuor
1536 2492 1681 2526 principes,
1695 2493 1747 2518 duo
1761 2492 1867 2518 scilicet

1087 2528 1197 2561 Augusti
1215 2535 1246 2554 ac
1262 2528 1373 2553 totidem
1388 2527 1518 2557 Caesares,
1545 2534 1665 2553 seorsum
1688 2526 1783 2560 singuli
1801 2527 1866 2552 itar-

1087 2563 1167 2588 baros
1183 2562 1528 2597 propulsarent.__Adeout
1553 2562 1720 2597 verissimum
1744 2561 1780 2587 sit
1794 2562 1865 2595 quod

1087 2597 1125 2623 ait
1139 2595 1316 2624 Mamertinus
1329 2597 1355 2623 in
1380 2595 1546 2622 Genet/iliaca
1562 2604 1571 2622 :
1592 2605 1602 2622 ι
1620 2596 1697 2623 Mitto
1713 2596 1793 2622 etiam
1809 2597 1867 2622 dics

1087 2630 1171 2659 festos
1184 2632 1305 2658 victoriis
1327 2632 1523 2665 triumphisque
1544 2631 1704 2658 celebratos.
1734 2639 1743 2656 I
1766 2632 1867 2658 Auctor

1087 2668 1242 2701 panegyrici
1257 2667 1320 2693 dicti
1336 2666 1496 2693 Maximiano
1524 2671 1551 2692 et
1567 2667 1741 2693 Constantino
1755 2672 1762 2691 :
1782 2676 1791 2691 ι
1813 2666 1865 2692 Sed

1088 2701 1209 2735 profecto
1222 2702 1311 2736 exegit
1330 2702 1380 2727 hoc
1406 2701 1461 2734 ipsa
1486 2701 1602 2728 Varietas
1615 2705 1643 2727 et
1659 2706 1756 2727 natura
1781 2702 1867 2727 fortu-

1088 2743 1139 2768 nae,
1155 2737 1197 2763 cui
1215 2737 1280 2762 nihil
1300 2735 1532 2771 imitarerlicuerat
1549 2736 1610 2762 dum
1630 2736 1770 2768 imperium
1794 2740 1867 2761 tene-

1089 2773 1172 2802 retis;
1195 2776 1222 2797 ut
1248 2771 1292 2797 illa
1317 2770 1412 2804 viginti
1435 2777 1567 2797 annorum
1594 2771 1723 2797 continua
1751 2770 1868 2796 felicitas

1090 2805 1231 2832 intervallo
1255 2806 1344 2839 aliquo
1367 2805 1590 2838 distingueretur.
1609 2814 1618 2830 ι
1646 2805 1731 2831 Porro
1759 2805 1866 2831 tametsi

1090 2840 1271 2868 Diocletianus
1284 2846 1310 2868 et
1326 2840 1505 2868 Maximianus
1524 2845 1564 2868 tot
1584 2840 1713 2867 victorias
1728 2840 1759 2867 de
1771 2840 1870 2866 Barba-
