2013 3179
208 153 259 182 785

558 148 957 178 EUSEBII‘C/ESARIENSIS
975 148 1052 177 OPP.
1074 148 1166 176 PARS
1186 149 1206 176 1.
1228 165 1262 170 -
1281 147 1479 176 HiSTORICA.

1789 149 1843 176 784

207 220 304 242 ntones
315 211 476 241 evocandos.
488 214 515 237 et
531 210 564 237 ad
583 209 682 237 bellum
698 211 770 245 quod
792 210 848 244 jam
875 211 992 239 immitte

1050 210 1227 245 καταστῆναι,
1254 210 1319 243 ὅσην
1341 210 1387 236 ἐπὶ
1418 209 1528 245 Ῥώμης
1545 209 1598 235 οὐδ’
1617 209 1710 236 ἄλλοτε
1734 210 1758 236 o!
1781 209 1843 236 καθ’

207 259 253 288 hat
274 257 471 292 depellendum.
501 256 547 283 His
573 257 646 284 enim
669 257 776 284 artibus
797 257 940 284 victoriam
968 265 997 284 sc

207 305 367 338 adepturum
386 303 457 330 haud
472 302 553 330 dubia
570 309 618 337 spe
635 306 857 337 praesumpserat.
881 302 929 329 llic
947 303 996 336 igi-

207 354 252 377 tttr
265 350 327 377 dum
340 349 432 376 Boium
447 349 619 384 tyrannident
637 353 758 380 exercet,
773 348 816 374 vix
839 348 891 375 dici
908 352 998 383 potest

205 402 272 431 quot
287 397 451 430 quantisque
467 395 545 422 ntalis
562 395 687 422 subditos
711 396 890 430 oppresserit,
917 400 998 429 atque

207 442 232 468 in
265 441 424 468 servitutem
451 440 607 474 redegerit;
638 440 704 467 adeo
731 445 761 467 ιιι
787 440 821 467 ad
844 445 997 467 extremam

206 487 275 514 trusi
297 486 353 513 sint
377 486 570 513 alimentorum
603 486 757 520 penuriam,
786 485 894 520 qualem
918 490 997 511 antea

205 533 297 560 ﬂomze
313 539 359 560 aut
375 533 438 559 alibi
454 539 573 566 unquam
589 531 672 558 fuisse
690 531 763 558 nulla
785 532 924 558 hominum
941 539 999 558 me.

205 579 290 606 moria
307 578 444 606 recordari
460 582 560 612 potest.
582 578 617 604 At
636 578 661 604 in
679 577 799 605 Orientis
815 577 942 612 partibus
957 583 998 612 ty-

206 631 308 652 rannus
324 624 498 658 Maximinus,
514 624 581 650 inito
602 624 671 651 clam
687 623 791 650 ftedere
803 631 865 650 cum
886 624 996 651 Maxen-

206 671 243 698 tio
266 670 395 698 Bomaua:
421 671 499 698 urbis
516 676 643 706 tyranno,
661 675 753 705 utpote
776 670 910 697 scelerum
938 678 997 705 ger-

206 718 336 744 manitate
349 717 399 744 sibi
412 717 593 751 junctissimo,
608 718 652 744 ditt
667 717 775 752 quidem
789 717 873 745 latere
885 717 996 744 studuit.

205 764 325 792 Tandem
342 771 406 791 vero
420 764 605 798 deprehensus
629 772 724 798 ptenas
739 764 844 791 debitas
856 763 996 799 persolvit.

207 811 301 839 Mirum
319 814 361 837 est
376 811 446 837 cnitn
463 816 562 845 quanta
591 811 635 838 hic
659 810 786 845 nequitia!
811 810 942 838 aﬁinitate
970 816 997 838 ct

204 857 392 888 similitudine,
411 855 540 884 Romanis
557 857 633 884 urbis
658 862 802 892 tyrannum
817 856 993 891 expresserit,

205 910 249 930 scit
268 902 358 936 potius
380 901 460 936 longo
488 901 630 928 intervallo
645 902 791 935 superarit.
813 900 918 936 Quippe
944 902 995 927 im-

204 952 344 982 postorum
374 953 399 974 et
425 955 563 981 magorum
593 947 729 982 principes
754 947 852 974 sumnti
883 947 995 974 honoris

203 993 306 1027 apicem
323 993 394 1028 apud
407 1000 468 1021 eum
484 993 645 1020 obtinebant
660 1000 667 1019 :
680 1000 741 1020 cutn
761 993 818 1027 ipse
833 999 915 1028 supra
935 1000 995 1020 mo-

203 1041 265 1068 dum
286 1039 464 1067 tneticulosus
480 1045 554 1067 esset
568 1046 600 1067 ac
625 1039 840 1073 superstitiosus,
860 1043 887 1066 et
910 1039 995 1066 sintu-

206 1086 338 1112 lacrorum
354 1093 385 1112 ac
401 1085 554 1112 daemonum
584 1085 696 1112 vanitati
715 1085 850 1119 imprimis
876 1085 993 1112 deditus.

205 1130 275 1158 Nihil
288 1135 364 1159 certe
381 1131 500 1166 aggredi,
515 1130 583 1158 nihil
603 1138 721 1163 summo,
738 1131 809 1166 quod
825 1131 913 1164 aiunt,
928 1131 995 1166 digi-

206 1183 234 1206 to
246 1184 420 1204 commovere
433 1176 536 1211 absque
548 1177 684 1204 vaticiniis
694 1182 722 1204 et
733 1177 851 1206 oraculis
867 1178 993 1205 audebat.

203 1223 288 1257 Quam
296 1222 330 1250 ob
339 1230 447 1249 causam
455 1223 578 1250 acerbius
587 1230 619 1249 ac
626 1223 814 1250 vehementius
824 1231 903 1258 quam
916 1231 995 1258 supe-

205 1268 290 1295 riores
306 1267 443 1303 principes
457 1268 583 1303 persequi
605 1272 715 1296 nostros
732 1269 868 1301 instituit;
882 1269 992 1296 deorum

205 1313 301 1349 templa
318 1314 344 1341 in
360 1314 477 1349 singulis
495 1314 609 1341 urbibus
631 1314 698 1349 erigi
726 1315 897 1349 praecipiens,
919 1320 947 1342 et
971 1314 993 1342 si

203 1367 261 1394 qua:
272 1364 361 1387 essent
379 1360 510 1395 temporis
538 1365 674 1388 vetustate
695 1361 826 1395 collapsa,
859 1362 991 1396 reparari.

203 1405 240 1432 Ad
260 1405 317 1433 haec
347 1404 471 1432 ﬂamines
499 1405 526 1433 in
553 1406 666 1440 singulis
690 1406 758 1434 locis
776 1411 856 1441 atque
883 1407 994 1433 urbibus

203 1450 356 1482 constituit,
382 1450 533 1484 iisdemque
548 1451 717 1478 sacerdotem
735 1450 866 1485 cujusque
884 1452 993 1485 provin-

202 1495 250 1523 ciae
265 1496 397 1531 praefecit,
416 1502 477 1522 eum
495 1497 540 1530 qui
556 1496 663 1524 cunctis
687 1496 713 1523 in
737 1496 811 1523 curia
837 1497 994 1525 muneribus

202 1541 310 1576 egregie
325 1540 483 1576 perfunctus
493 1546 578 1573 esset,
602 1541 696 1569 addito
717 1543 740 1569 ei
755 1543 864 1570 militari
886 1544 991 1572 satelli-
1006 1555 1027 1583 ε

204 1584 251 1614 tio.
273 1587 393 1622 Denique
407 1587 520 1615 hariolis
533 1587 671 1620 omnibus,
689 1588 761 1616 velut
780 1589 914 1624 religiosis
927 1591 993 1618 viris

204 1641 235 1660 ac
245 1633 336 1660 divino
350 1633 462 1660 numine
484 1634 692 1668 acceptissimis,
721 1635 924 1670 provinciarum
941 1638 994 1664 ad-

203 1677 417 1704 tttinislralioues
428 1683 454 1704 et
468 1677 549 1713 312
565 1679 682 1706 maxima
714 1680 854 1716 privilegia
881 1689 993 1710 conces-

202 1723 249 1749 sit.
261 1721 326 1749 Post
343 1723 400 1749 haec
415 1730 468 1749 non
485 1731 566 1750 ttttant
581 1724 716 1752 duntaxat
731 1726 825 1754 urbem
842 1731 891 1754 aut
905 1728 993 1764 regio-

202 1776 274 1802 uent,
301 1769 348 1796 sed
367 1770 511 1798 universas
536 1771 692 1803 provincias
720 1773 833 1807 itnpcrio
857 1781 909 1802 suo
926 1775 992 1802 sub-

202 1814 297 1850 iectas,
314 1816 372 1843 altri
392 1817 564 1852 argentique,
591 1823 618 1845 et
635 1819 812 1853 pecuniarum
842 1822 993 1849 exactioni-

202 1861 262 1894 bus,
276 1866 304 1889 et
321 1862 517 1891 iudictionibus
536 1864 716 1898 gravissimis,
743 1867 882 1902 variisque
897 1868 991 1896 subin-

201 1908 235 1936 de
251 1909 524 1937 condemnatiouibus
539 1910 648 1938 vexavit
673 1916 755 1946 atque
777 1914 923 1948 oppressit.
939 1914 991 1942 Sed

201 1960 228 1982 et
264 1954 506 1989 locupletissimum
531 1963 665 1991 quemque
702 1959 824 1992 paternis
857 1960 992 1994 avitisque

172 1995 176 1999 ’
201 2000 322 2033 spolians
337 2001 425 2033 bouis,
443 2001 565 2036 ingentes
574 2009 639 2036 opes
649 2010 681 2030 ac
692 2011 863 2032 nuutmorum
881 2013 992 2034 acervos

202 2046 420 2074 assentatoribus
431 2048 489 2074 suis
502 2048 632 2076 donabat.
658 2048 716 2076 Jam
734 2058 800 2078 vero
825 2053 992 2080 temulentiac

200 2095 227 2117 et
240 2091 357 2125 crapula:
369 2099 401 2118 eo
423 2099 510 2126 usque
522 2093 656 2121 obnoxius
681 2094 742 2127 fuit,
764 2100 792 2123 ut
805 2095 832 2122 itt
849 2102 990 2131 compota-

203 2136 323 2163 tiouibus
353 2137 489 2165 insaniret
515 2145 547 2165 ac
571 2138 695 2172 fureret;
727 2145 754 2167 et
780 2149 811 2168 ea
844 2142 991 2177 imperaret

200 2181 304 2214 ebrius,
317 2189 432 2217 quoruut
449 2183 580 2217 postridie
599 2185 721 2212 sobrium
736 2187 896 2220 paenitebat.
912 2187 988 2222 Quod

1049 257 1122 291 ἡμᾶς
1143 255 1270 290 γενέσθαι
1297 255 1519 291 μνημονεύουσιν.
1546 255 1574 281 'U
1597 255 1619 281 δ’
1634 255 1677 281 ἐπ’
1700 255 1844 291 Ἀνατολῆς

1048 302 1178 337 τύραννος
1195 301 1357 335 Μαξιμῖνος,
1367 301 1404 333 ὡς
1423 300 1455 328 ἂν
1469 301 1536 337 πρὸς
1551 300 1664 335 ἀδελφὸν
1677 300 1726 337 τὴν
1743 301 1844 328 κακίαν

1049 349 1116 384 πρὸς
1131 348 1177 375 τὸν
1200 349 1246 374 ἐπὶ
1272 348 1381 383 Ῥώμης
1398 347 1490 382 φιλίαν
1507 347 1626 383 κρύὸδην
1652 347 1844 382 σπενδόμενος,

1049 397 1094 423 ἐπὶ
1111 395 1234 422 πλεῖστον
1255 403 1351 431 χρονον
1368 394 1510 421 λανθάνειν
1530 395 1680 429 ἐφρόντιζε,
1705 393 1844 430 φωραθείς

1048 441 1079 476 γέ
1102 450 1142 469 τοι
1170 441 1300 477 ὕστερον,
1326 441 1403 477 δίκην
1425 441 1528 468 τίννυσι
1557 441 1607 477 τὴν
1631 440 1717 473 ἀξίαν.
1741 438 1795 467 Ἦν
1813 440 1844 467 δι

1049 487 1203 522 θαυμάσαι,
1222 487 1296 519 ὅπως
1319 487 1366 514 καὶ
1387 483 1464 517 οὗτος
1479 487 1514 513 τὰ
1535 486 1652 521 συγγενῆ
1668 486 1715 513 καὶ
1729 486 1842 520 ἀδελφὰ,

1050 528 1152 568 μᾶλλον
1163 533 1191 559 δὲ
1206 533 1305 564 κακίας
1317 533 1351 560 τὰ
1365 533 1461 569 πρῶτα
1471 533 1518 559 καὶ
1528 533 1561 559 τὰ
1573 533 1720 567 νικητήρια
1734 532 1783 567 τῆς
1795 531 1844 558 τοῦ

1049 579 1120 606 κατὰ
1143 578 1251 614 Ῥώμην
1265 579 1397 615 τυράννου
1414 579 1598 615 κακοτροπίας
1612 578 1842 614 ἀπενηνεγμένος.

1050 625 1157 660 Γοήτων
1171 634 1201 651 τε
1223 625 1277 659 γὰρ
1293 625 1339 652 καὶ
1358 625 1453 660 μάγων
1473 626 1499 651 οἱ
1521 625 1625 660 πρῶτος
1647 624 1696 659 τῆς
1712 625 1844 652 ἀνωτάτω

1049 672 1114 706 παρ’
1130 671 1203 706 αὐτῷ
1217 672 1299 706 τιμῆς
1314 671 1370 706 (75)
1388 671 1512 706 ἡξίωντο,
1535 670 1681 706 ψοφοδεοῦς
1698 672 1727 703 ἐς
1743 670 1777 697 τά
1792 671 1844 705 μά-

1049 716 1127 743 λιστα
1152 717 1199 743 καὶ
1223 716 1506 751 δεισιδαιμονεστὰτου
1529 716 1709 748 καθεστῶτος,
1735 717 1786 751 τήν
1813 725 1843 742 τε

1050 762 1113 796 περὶ
1127 761 1161 788 τὰ
1175 761 1271 788 εἱδωλα
1289 762 1336 788 καὶ
1352 762 1416 792 τοὺς
1433 762 1561 796 δαίμονας
1576 762 1640 798 περί
1656 761 1753 788 πολλοῦ
1768 761 1842 788 τιθε-

1051 808 1132 843 μένου
1156 807 1270 842 πλάνην.
1295 807 1437 834 Μαντειῶν
1460 807 1526 841 γοῦν
1550 807 1611 843 δίχα
1640 808 1687 834 καὶ
1710 807 1843 843 χρησμῶν

1048 853 1109 879 οὐδὲ
1127 853 1224 888 μέχρις
1239 853 1344 888 ὄνυχος,
1361 853 1399 884 ὡς
1414 854 1511 884 εἰπεῖν,
1523 853 1624 888 τολμᾷν
1645 862 1669 880 τι
1685 855 1769 880 κινιῖν
1787 851 1844 885 οἷός

1047 907 1075 924 τε
1092 896 1136 933 ἦν.
1153 896 1190 925 Οὖ
1205 899 1286 935 χάριν
1301 899 1348 925 καὶ
1362 899 1401 935 τῷ
1424 899 1484 925 καθ’
1498 899 1578 934 ἡμῶν
1593 899 1768 936 σφοδρότερον
1784 900 1800 935 ἢ
1817 899 1842 926 oi

1047 944 1165 980 πρόσθεν
1187 946 1234 971 καὶ
1259 945 1425 981 πυκνότερον
1450 945 1589 972 ἐπετίθετο
1613 944 1746 981 διωγμῷ,
1774 945 1842 978 νεώς

1047 1000 1075 1017 τε
1098 990 1169 1018 κατὰ
1192 991 1282 1018 πᾶσαν
1298 991 1376 1018 πόλιν
1393 992 1521 1027 ἐγείρειν,
1538 993 1584 1019 καὶ
1599 993 1632 1019 τὰ
1647 993 1742 1029 χρόνου
1761 994 1842 1029 μήκει

1048 1038 1155 1074 καθῃρη
1161 1038 1229 1073 μένα
1244 1038 1355 1073 τεμένη,
1370 1037 1413 1064 διὰ
1426 1038 1543 1073 σπουδῆς
1564 1039 1740 1066 ἀνανεοῦσθαι
1757 1048 1843 1075 προσ-

1046 1086 1159 1116 τάττων,
1177 1084 1266 1120 ίερὲας
1287 1093 1317 1110 τε
1340 1084 1456 1110 εἰδώλων
1481 1085 1551 1111 κατὰ
1575 1085 1664 1111 πάντα
1685 1085 1768 1112 τόπον
1791 1087 1842 1113 καὶ

1047 1131 1139 1159 πόλιν·
1168 1131 1215 1156 xui.
1245 1131 1291 1156 ἐπὶ
1320 1130 1420 1156 τούτων
1447 1129 1565 1166 ἑκάστης
1588 1131 1721 1166 ἐπαρχίας
1747 1131 1841 1168 ἀρχιε-

1047 1178 1096 1212 ρέα
1111 1176 1178 1212 (74),
1195 1176 1247 1203 τῶν
1262 1177 1290 1202 ἐν
1302 1177 1449 1208 πολιτείαις
1464 1176 1512 1203 ἕνα
1522 1177 1554 1211 γέ
1575 1185 1635 1204 τινα
1652 1177 1696 1204 τὸν
1724 1178 1843 1212 μάλιστα

1045 1222 1175 1257 ἐμφανῶς
1191 1221 1234 1248 διὰ
1251 1221 1341 1256 πάσης
1366 1221 1545 1257 ἐμπρέψαντα
1574 1221 1753 1258 λειτουργίας,
1771 1225 1842 1258 μετά

1046 1267 1241 1303 στρατιωτικοῦ
1255 1269 1365 1302 στίφους
1374 1269 1419 1294 καὶ
1431 1268 1592 1304 δορυφορίας
1599 1269 1751 1301 ἐκτάσσων,
1760 1269 1843 1296 ἀναίο

1039 1313 1092 1348 ,δην
1108 1322 1136 1339 τε
1149 1314 1215 1340 πᾶσι
1225 1314 1331 1348 γόησιν,
1346 1314 1384 1345 ὡς
1399 1314 1432 1340 ἂν
1442 1314 1566 1340 εὐσεϐέσι
1580 1315 1626 1341 καὶ
1639 1314 1706 1341 θεῶν
1721 1323 1841 1351 προσφι-

1045 1360 1129 1391 λὲσιν,
1147 1361 1296 1395 ἡγεμονίας
1325 1359 1372 1386 καὶ
1400 1360 1449 1391 τὰς
1472 1360 1602 1395 μεγίστας
1624 1361 1775 1396 προνομίας
1789 1361 1842 1388 δω-

1046 1405 1186 1441 ρούμενος.
1211 1407 1258 1432 Ἐκ
1274 1406 1306 1441 δὴ
1331 1406 1432 1432 τούτοιν
1448 1405 1618 1441 ὁρμώμενος,
1641 1406 1717 1432 πόλιν
1739 1407 1788 1441 μὲν
1809 1407 1841 1433 οὑ

1046 1451 1110 1486 μίαν
1123 1452 1181 1478 οὐδὲ
1198 1451 1300 1488 χώραν,
1313 1452 1376 1483 ὅλας
1390 1451 1418 1478 δὲ
1433 1451 1516 1488 ἄρδην
1532 1452 1580 1483 τὰς
1598 1452 1642 1478 ὑπ’
1658 1451 1740 1478 αὐτον
1752 1453 1843 1487 ἐπαρ-

1044 1497 1116 1532 χίας,
1137 1497 1238 1532 χρυσοῦ
1257 1498 1304 1524 καὶ
1321 1497 1444 1532 ἀργύρου
1464 1497 1511 1524 καὶ
1527 1498 1677 1533 χρημάτων
1692 1497 1842 1533 ἀμυθήτων

1044 1541 1228 1577 εἰσπράξεσιν,
1235 1541 1398 1577 ἐπισκήψεσί
1406 1542 1460 1577 (75)
1470 1550 1498 1568 τε
1507 1542 1679 1577 βαρυτάταις,
1689 1543 1736 1569 καὶ
1747 1543 1841 1570 ἄλλοτε

1045 1587 1138 1618 ἄλλαις
1155 1588 1313 1619 καταδίκαις
1337 1587 1398 1622 ἡνία
1422 1588 1467 1614 καὶ
1491 1587 1646 1619 κατεπίεξε.
1663 1588 1724 1615 Τῶν
1739 1597 1770 1623 γε
1787 1589 1841 1624 μὴν

1045 1633 1168 1669 εὐπόρων
1192 1633 1241 1665 τὰς
1269 1634 1301 1660 ἐκ
1325 1633 1465 1669 προγόνων
1493 1634 1718 1670 περιποιηθείσας
1745 1635 1840 1667 οὐςίας

1045 1679 1256 1715 ἀφαιρούμενος,
1273 1680 1405 1712 πλούτους
1426 1680 1533 1716 ἁθρόως
1546 1681 1592 1708 καὶ
1610 1682 1715 1717 σωροὺς
1729 1682 1839 1717 χρημά-

1043 1732 1098 1750 των
1107 1725 1163 1756 cui;
1182 1724 1250 1760 ἀμφ’
1261 1719 1348 1750 ἀὑτὸν
1363 1723 1471 1757 κόλαξιν
1490 1725 1626 1761 ἐδωρεῖτο.
1645 1725 1792 1761 Παροινίας
1806 1735 1840 1761 γε

1045 1769 1099 1804 μὴν
1116 1770 1163 1796 καὶ
1188 1770 1274 1805 μέθης
1298 1771 1327 1801 ἐς
1350 1770 1484 1805 τοσαύτην
1509 1771 1608 1807 ἠνέχθη
1627 1771 1725 1807 φορὰν,
1751 1770 1789 1803 ὡς
1809 1774 1839 1799 ἐν

1043 1815 1099 1845 τοῖς
1122 1814 1213 1846 πότοις
1238 1814 1427 1850 παρακόπτειν
1458 1816 1505 1842 καὶ
1534 1815 1588 1842 τῶν
1611 1817 1717 1851 φρενῶν
1735 1817 1839 1852 παρεξ-

1046 1860 1179 1892 ίστασθαι,
1189 1861 1303 1887 τοιαῦτά
1317 1870 1346 1887 τε
1366 1861 1500 1896 μεθύοντα
1513 1862 1702 1897 προστάττειν,
1714 1861 1757 1890 οἷα
1773 1865 1838 1890 ανα-

1044 1906 1166 1941 νήψαντα
1193 1907 1274 1933 αὑτὸν
1292 1909 1324 1943 τῇ
1353 1909 1482 1944 ὑστεραία
1505 1909 1545 1940 εἰς
1571 1909 1722 1945 μετάμελον
1743 1910 1836 1945 ἄγειν·

1043 1952 1199 1987 κραιπάλης
1221 1952 1249 1979 δὲ
1270 1953 1317 1979 καὶ
1333 1954 1453 1985 ἀσωτίας
1472 1954 1565 1989 μηδενὶ
1581 1955 1740 1982 καταλιπὼν
1754 1957 1839 1992 ὑπερ-

1043 1997 1134 2032 ϐολὴν,
1150 1998 1249 2030 κακίας
1259 1998 1418 2026 διδάσκαλον
1431 2001 1487 2031 τοῖς
1501 2001 1569 2035 ἀμφ’
1584 2001 1665 2028 αὑτὸν
1682 2002 1795 2037 ἄρχουσί
1807 2012 1836 2029 τε

1043 2043 1090 2070 καὶ
1110 2044 1270 2079 ἀρχομένοις
1295 2045 1391 2071 ἑαυτὸν
1415 2046 1543 2080 καθίστη,
1559 2046 1725 2081 θρύπτεσθαι
1743 2048 1792 2083 μὲν
1807 2047 1838 2074 τό

1043 2089 1239 2124 στρατιωτικὸν
1267 2090 1311 2116 διὰ
1336 2091 1426 2125 πάσης
1448 2092 1553 2126 τρυφῆς
1573 2100 1602 2118 τε
1624 2093 1670 2118 καὶ
1690 2093 1838 2126 ἀκολασίας

1043 2135 1158 2169 ἐνάγων,
1181 2135 1318 2170 ἡγεμόνας
1333 2135 1360 2162 δὲ
1381 2137 1428 2162 καὶ
1445 2137 1684 2172 στρατοπεδάρχας
1700 2138 1732 2164 δι’
1747 2139 1838 2174 ἁρπα-

1043 2180 1098 2213 γῶν
1113 2181 1159 2207 καὶ
1173 2180 1438 2217 πλεονεξίαςχωρεῖν
1447 2183 1517 2209 κατά
1529 2183 1582 2209 τῶν
1589 2183 1728 2218 ὑπηκόων,
1741 2193 1835 2220 μονον-

201 2231 292 2254 antem
307 2228 340 2254 ad
357 2227 450 2255 luxum
468 2236 499 2256 ac
520 2229 632 2257 delicias
643 2231 749 2264 attinet,
770 2232 796 2258 itt
818 2239 851 2260 eo
866 2233 931 2260 nulli
947 2241 989 2260 se-

1045 2226 1101 2260 ουχὶ
1119 2227 1369 2262 συντυραννοῦντας
1397 2227 1471 2263 αὺτῷ
1493 2229 1724 2264 προκαλούμενος.
1742 2230 1775 2256 Τί
1796 2230 1838 2257 δεῖ

201 2273 315 2307 cundus;
331 2274 460 2308 nequitia:
478 2275 566 2303 omnis
582 2277 740 2310 mag'strum
753 2284 782 2304 se
799 2267 988 2307 tum'rectori-

236 2363 292 2399 (75)
303 2363 582 2401 Hap'gt‘gtq'rrwﬁq.
597 2365 779 2394 Scribendum
795 2372 836 2395 est.
851 2369 945 2401 αὐτοῦ,
958 2376 988 2398 ιιι

201 2398 234 2425 ad
250 2398 326 2425 oram
340 2399 443 2426 codicis
459 2398 577 2427 'l‘ur’ne‘bi
593 2408 626 2427 ac
642 2401 732 2429 Morati
747 2404 918 2432 emendatur.
938 2398 988 2433 Se—

200 2433 294 2469 quitur
307 2434 379 2461 enim
392 2433 549 2469 ψοφοδεοῦς,
564 2442 616 2463 etc.

236 2468 292 2506 (Ἱᾷ)
310 2468 456 2503 Έκάστης
479 2470 624 2506 ἐπαρχίας
650 2471 798 2506 ἀρχιερέα.
827 2472 988 2502 Sacerdotes

201 2503 370 2542 vocabantur
395 2512 410 2531 a
429 2503 585 2542 gentilibus,
597 2506 643 2540 qui
662 2503 745 2534 to't'tu's
761 2509 908 2542 provinciae
921 2515 989 2536 teut-

200 2538 244 2574 pla
255 2545 288 2565 ac
302 2538 412 2566 delubra
430 2540 480 2566 sub
493 2538 673 2574 dispositione
689 2549 738 2568 sua
757 2538 894 2571 habebant
915 2553 922 2571 :
939 2543 988 2572 ﬂa-

201 2573 290 2614 mines
302 2580 378 2605 vero,
393 2574 439 2608 qui
462 2575 487 2601 in
511 2573 627 2614 singulis
647 2577 755 2614 oppidis
772 2585 804 2604 ac
819 2579 987 2614 municipiis

200 2607 312 2647 deorum
336 2607 426 2647 sacra
441 2607 635 2647 procurabant,
654 2607 690 2638 u‘t'
705 2611 868 2647 jampridem
894 2607 986 2642 noiavi

200 2642 234 2669 ad
251 2642 400 2682 lib_._xx_vtt_t
413 2642 684 2682 Amm._Marcellini.
703 2642 774 2675 Cave
791 2655 873 2682 porro
892 2650 987 2676 existi-

201 2683 273 2717 tues,_
287 2677 462 2717 Maxirpinum
478 2679 600 2717 primum
610 2682 768 2717 sacerdotes
785 2677 932 2717 pratiucia:
946 2685 986 2711 itt-

201 2712 330 2738 stituisse.
347 2714 395 2740 Diu
410 2712 485 2740 enim
495 2719 558 2741 ante
574 2715 648 2742 illum
662 2712 845 2745 fuerunt.'Sed
862 2718 985 2746 Maximi-

201 2752 254 2787 nus
265 2753 360 2787 eorum
377 2749 510 2776 honorent
525 2750 617 2787 auxit,
627 2751 721 2787 addito
734 2751 787 2779 illis
802 2753 940 2787 satellitio,
957 2754 982 2781 id

200 2784 244 2806 est
265 2780 403 2817 lictoribus
423 2787 450 2810 et
470 2780 682 2817 apparitoribus.
703 2786 874 2814 Creabantur
891 2780 981 2815 autem

202 2815 359 2856 sacerdotes
373 2815 542 2856 ex_cor_pore
561 2819 721 2853 Curialium,
739 2821 754 2847 ii
783 2823 830 2856 qui
854 2824 981 2850 omnibus

203 2850 359 2878 muneribus
375 2850 490 2886 publicis
502 2861 563 2880 eum
577 2862 684 2887 summa
696 2850 774 2884 laude
789 2850 852 2884 ante
871 2858 982 2892 pertun—

1042 2272 1091 2303 τὰς
1105 2272 1239 2306 ἐμπαθεῖς
1255 2272 1301 2299 τοῦ
1318 2273 1414 2309 ἀνδρὸς
1431 2275 1625 2310 αἰσχρουργίας
1638 2277 1835 2311 μνημονεύεινς

1043 2373 1078 2411 eti
1094 2378 1197 2411 essent,
1223 2373 1368 2409 Tantaque
1393 2375 1450 2403 hare
1471 2375 1592 2411 dignitas
1617 2376 1780 2409 ltabehatur,
1805 2382 1835 2405 tit.

1043 2407 1116 2440 ipsos
1129 2410 1303 2446 magistratus
1315 2407 1362 2436 seu
1378 2407 1537 2437 duumviros
1550 2411 1575 2437 itt
1590 2412 1675 2446 gradu
1691 2407 1835 2446 antecede-

1046 2447 1117 2480 rent.
1135 2443 1216 2470 Certe
1232 2444 1258 2470 itt
1277 2445 1362 2478 gestis
1387 2446 1556 2480 purgationis
1579 2443 1729 2477 Caeciliani.
1744 2443 1775 2474 ea
1793 2448 1836 2474 di-

1042 2477 1133 2511 guitas
1146 2483 1209 2505 ante
1223 2477 1424 2506 duuinviratutu
1441 2477 1608 2508 nominatur.
1633 2481 1677 2508 Sic
1701 2483 1773 2508 enim
1795 2482 1832 2508 le-

1042 2512 1116 2544 gitur
1131 2520 1139 2540 :
1157 2522 1166 2538 I
1188 2513 1224 2551 In,
1238 2514 1298 2546 jurc
1314 2516 1384 2551 apud
1404 2515 1543 2542 Aurelium
1563 2515 1706 2551 Didymum
1736 2516 1835 2551 Sperc-

1041 2551 1114 2584 clum
1130 2549 1301 2584 sacerdotem
1319 2548 1393 2576 10vis
1411 2550 1507 2584 optitui
1523 2548 1643 2583 maximi,
1659 2548 1831 2578 duumvirum

1040 2581 1194 2620 splettdidgc
1208 2584 1320 2610 colonia.-
1335 2581 1589 2619 Cathagiuensium.
1608 2594 1616 2610 ι
1636 2581 1705 2612 ’νίιίο
1722 2594 1781 2620 cap.
1802 2587 1830 2617 6,

1105 2624 1142 2656 tit.
1165 2618 1195 2644 lli
1216 2619 1375 2656 sacerdotes
1385 2619 1411 2646 in
1424 2615 1581 2656 isecretaria
1598 2621 1718 2654 judicum
1740 2615 1831 2656 ingreQ

1040 2651 1311 2691 diendi_et_eutn_iis
1328 2654 1440 2691 sedendi
1461 2654 1506 2691 jus
1525 2651 1670 2691 habebant,
1698 2662 1728 2684 ut
1755 2651 1831 2691 patet

1041 2692 1074 2713 ex
1086 2686 1163 2724 ﬁctis
1175 2688 1311 2724 Theodori
1324 2689 1452 2724 martyris
1462 2686 1509 2716 die
1522 2698 1536 2716 ιι
1555 2686 1722 2719 Novembris.

1075 2721 1133 2759 (75)
1170 2721 1554 2759 V‘EmamitysmfMusculus
1589 2726 1668 2751 vertit
1704 2727 1830 2759 statutis;

1038 2755 1447 2793 Christophorsonus'maridetis
1464 2761 1637 2793 gravissimis.
1650 2760 1750 2788 Eadrm
1762 2755 1830 2787 voce

1038 2791 1127 2818 utitur
1149 2792 1283 2819 Eusebius
1304 2793 1329 2819 itt
1350 2792 1396 2819 lib.
1424 2802 1438 2820 ιι
1463 2791 1591 2821 Ilium-iw
1619 2794 1827 2825 Ecclesiaslicw.

1036 2833 1099 2866 ειη)ἶ
1116 2827 1313 2866 8,_de_Licinio
1333 2827 1446 2866 loquens
1460 2839 1469 2866 :A
1482 2828 1663 2866 ,Ἐπιεκήψεις
1680 2838 1709 2856 τε
1727 2830 1827 2866 μυρίας

1036 2861 1106 2888 κατὰ
1122 2861 1174 2889 τῶν
1190 2862 1351 2899 ὑποχηρίων
1367 2862 1451 2891 ὲθνῶν
1462 2864 1577 2891 ἐπενόει.
