2013 3179
182 166 236 194 789

675 165 853 195 HISTORUE
873 162 1155 192 ECCLESIASTICE
1174 160 1239 190 LIB.
1259 160 1325 188 \‘lll.

1760 156 1811 184 790

183 224 221 255 ὧν
235 228 318 255 πάλαι
335 228 368 255 τὰ
381 228 434 255 τῶν
451 227 510 254 καθ’
524 228 598 263 ἡμᾶς
614 228 753 264 ἐνηργεῖτο
765 227 901 262 πολέμων,
918 234 966 252 πα-

1024 227 1173 254 morerant,
1200 225 1310 255 repente
1335 223 1434 255 praeter
1458 217 1580 245 omnium
1608 223 1681 250 spem
1709 220 1809 243 mutata

184 274 346 311 ραδοξότατα
372 274 549 309 μεταθέμενοι
576 275 627 310 τὴν
651 274 780 309 γνώμην,
808 273 971 308 παλινῳδίαν

182 318 255 357 ᾖδον,
271 321 397 356 χρηστοῖς
413 321 475 355 περὶ
491 319 568 355 ἡμῶν
594 320 790 356 προγράμμασι
817 320 864 346 καὶ
881 318 972 345 διατά-

183 374 201 400 γ
206 374 288 400 μασιν
301 365 488 402 ἡμερωτάτοις
501 365 550 400 τὴν
563 365 609 391 ἐπὶ
626 365 696 400 μέγα
707 363 837 398 ἅφθεῖσαν
851 362 897 389 τοῦ
911 362 973 388 διω-

181 411 254 447 γμοῦ
267 410 403 446 πυρκαϊὰν
419 411 584 442 σῦεννύντες.
594 411 650 437 Οὐκ
660 409 828 446 ἀνθρώπινον
838 409 866 435 δέ
875 417 901 435 τι
913 408 973 435 τού-

182 464 229 482 του
245 455 363 491 κατέστη
381 455 476 487 αἴτιον,
503 455 556 482 οὐδ’
571 453 669 487 οἶκτος,
687 455 725 485 ὡς
748 454 781 481 ἂν
801 454 866 488 φαίη
887 462 938 485 τις,
955 452 971 488 ἢ

182 500 372 536 φιλανθρωπία
391 500 445 527 τῶν
466 500 614 536 ἀρχόντων,
631 499 728 526 πολλοῦ
744 499 798 525 δεῖ·
820 498 903 525 πλείω
917 497 972 533 γὰρ

180 546 316 582 ὁσημέραι
340 546 386 573 καὶ
406 545 584 581 χαλεπώτερα
604 545 724 581 ἀρχῆθεν
748 546 787 576 είς
809 545 896 571 ἐκεῖνο
924 542 972 570 τοῦ

180 592 278 628 καιροῦ
299 592 333 619 τὰ
352 591 411 618 καθ’
435 591 513 627 ἡμῶν
535 592 627 623 αὐτοῖς
644 592 792 622 ἐπενοεῖτο,
813 589 973 616 ποικιλωτέ-

182 645 245 673 ραις
267 638 400 672 μηχαναῖς
419 636 512 663 ἄλλοτε
530 635 618 666 ἄλλως
632 636 682 667 τὰς
705 635 766 662 καθ’
780 634 860 670 ἡμῶν
882 634 972 665 αἰκίας

180 682 475 719 ὲπικαινουργούντων·
500 682 556 708 ἀλλ’
581 682 666 717 αὐτῆς
690 689 722 715 γε
741 680 791 715 τῆς
810 679 885 711 Θείας
903 681 974 715 Προ-

179 730 254 761 νοίας
269 728 395 764 ἐμφανὴς
407 727 560 762 ἐπίσκεψις,
577 727 617 762 τῷ
632 727 681 762 μὲν
697 727 781 762 αὐτῆς
795 725 973 752 καταλλαττο-

181 775 267 811 μένης
285 774 352 810 λαῷ,
375 774 414 809 τῷ
438 774 459 800 δ’
483 773 600 809 αὐθέντῃ
621 772 676 799 τῶν
698 771 791 798 κακῶν
811 770 972 804 ὲπεξιούσης

149 830 152 838 '
179 822 227 849 καὶ
242 820 420 858 πρωτοστάτῃ
435 820 487 854 τῆς
498 819 544 846 τοῦ
560 819 660 850 παντὸς
674 817 794 853 διωγμοῦ
806 816 970 852 κακίας

179 867 418 904 ἐπισχολουμὲνης.
431 867 485 893 Καὶ
496 865 551 902 γὰρ
562 866 587 893 εί
595 875 620 892 τι
631 865 706 891 ταῦτ’
717 865 800 900 ὲχρῆν
814 863 884 890 κατὰ
897 863 971 890 θείαν

1024 268 1159 296 sententia
1186 265 1350 301 palinodiam
1369 264 1512 295 cecinere;
1529 261 1655 289 ltnutauis
1677 268 1741 294 erga
1760 268 1810 288 nos

1023 313 1120 341 edictis
1138 317 1166 339 et
1186 310 1337 340 mitissimis
1359 307 1619 338 constitutionibus.
1648 305 1809 334 ardentissi-

1023 367 1095 386 mum
1108 356 1305 393 persecutionis
1319 355 1475 382 incendium
1495 353 1704 388 restiuguentes.
1718 351 1810 386 Neque

1024 411 1086 430 vero
1098 403 1245 430 humanum
1256 401 1412 436 quidquam,
1422 406 1509 433 nequc
1519 399 1714 432 imperatorum
1727 397 1809 431 (quod

1023 449 1123 484 aliquis
1139 448 1209 476 forte
1224 447 1356 482 suspicari
1379 445 1478 479 posset)
1494 444 1638 471 clementia
1653 449 1679 471 et
1695 444 1810 471 commi-

1024 495 1136 527 seratio,
1151 495 1262 526 huiusce
1285 492 1322 519 rei
1341 498 1423 518 causa
1440 489 1555 517 exstitit.
1572 489 1676 524 Quippe
1692 497 1753 516 cum
1771 488 1808 515 illi

1023 539 1057 566 ab
1073 539 1130 574 ipso
1148 537 1345 572 persecutionis
1361 535 1473 562 exordio
1485 536 1517 562 ad
1531 534 1556 561 id
1572 541 1656 568 usque
1668 533 1809 569 temporis,

1023 585 1100 620 plura
1121 585 1148 611 in
1163 584 1221 611 dies
1241 588 1267 609 et
1280 582 1421 609 acerbiora
1437 581 1462 608 in
1480 588 1527 607 nos
1542 581 1746 613 excogitarent;
1763 587 1810 606 va-

1025 631 1063 658 ria
1085 630 1200 657 subinde
1220 628 1413 664 suppliciorum
1435 627 1564 654 adversus
1581 631 1690 653 nostros
1711 633 1809 660 genera

1022 682 1049 704 et
1067 676 1288 702 machinamenta
1301 673 1461 701 cetuntenti.
1473 672 1572 699 Verum
1591 670 1733 697 tnanifcsta
1743 678 1811 704 prte-

1022 721 1109 750 sentia
1123 721 1206 749 divini
1223 719 1439 753 Nutninis,quod
1450 725 1512 745 cum
1528 717 1626 752 popqu
1640 716 1748 750 quidem
1762 723 1811 742 suo

1020 767 1077 802 jam
1091 767 1211 794 redierat
1227 766 1252 793 in
1265 765 1401 801 gratiam;
1418 764 1507 798 ipsum
1524 770 1589 790 vero
1600 767 1739 789 auctorem
1756 769 1811 788 ma-

1023 813 1110 841 lorum
1124 817 1150 840 et
1164 812 1245 839 totius
1257 809 1457 846 persecutionis
1472 813 1555 843 atque
1570 807 1752 841 improbitatis
1763 814 1810 833 an-

1023 858 1193 892 tesignanum
1211 856 1345 883 infensius
1360 854 1585 890 persequebatur,
1602 853 1626 879 id
1646 852 1754 879 tandem
1770 851 1810 878 ef-

178 898 304 949 γενὲσθαι
326 898 428 949 κρίσιν,
447 898 523 944 ἀλλα,
537 898 556 937 ἰ
572 911 649 942 Οὐαὶ,
673 898 753 945 φησίν
779 898 797 936 Ἲὸ
817 910 912 944 λόγος,
937 909 966 935 δι’

1023 904 1096 930 fecit.
1113 903 1170 930 Etsi
1183 902 1254 928 enim
1272 901 1329 928 haec
1345 900 1380 927 ita
1394 899 1451 926 (ivri
1468 898 1698 933 oportebatjuxta
1713 898 1812 924 diviuaa

177 957 209 987 οὗ
223 959 253 986 τὺ
266 959 411 985 σκάνδαλον
428 958 562 994 ἔρχεται.»
575 957 686 984 Μέτεισι
702 955 767 989 γοῦν
777 955 857 982 αὑτὸν
874 953 971 990 θεήλα-

177 1014 224 1036 τος
240 1005 359 1036 κόλασις,
379 1004 408 1037 ἐξ
429 1005 513 1039 αὐτῆς
536 1003 616 1031 αὑτοῦ
640 1001 833 1037 καταρξαμένη
857 1000 967 1035 σαρκὸς,

177 1051 225 1077 καὶ
249 1051 329 1086 μέχρι
348 1051 397 1086 τῆς
418 1050 507 1085 ψυχῆς
531 1048 709 1085 προελθοῦσα.
732 1048 828 1083 Ἀθρόα
845 1047 894 1082 μὲν
915 1046 969 1083 γὰρ

177 1097 243 1132 περὶ
267 1097 300 1123 τὰ
326 1097 395 1132 μέσα
425 1096 479 1122 τῶν
508 1096 673 1131 ἀπορρήτων
689 1095 745 1129 (84)
772 1094 818 1120 τοῦ
845 1094 969 1129 σώματος

177 1142 326 1174 ἀπόστασις
338 1142 459 1176 γίγνεται
477 1141 562 1176 αὐτῷ.
580 1139 635 1167 Εἶθ’
649 1140 727 1172 ’ἑλκος
741 1141 770 1166 ὲν
786 1139 862 1174 βάθει
877 1148 970 1174 συριγ-

177 1188 273 1222 γῶδες,
289 1188 336 1214 καὶ
353 1187 455 1214 τούτων
469 1187 578 1218 ἀνίατος
595 1186 664 1221 νομὴ
677 1186 733 1219 (85)
750 1186 820 1212 κατὰ
830 1185 883 1211 τῶν
896 1185 969 1211 ὲνδο-

177 1233 251 1259 τάτω
264 1233 442 1267 σπλάγχνων·
461 1234 507 1267 ἀφ’
524 1229 562 1259 ὧν
579 1232 691 1259 ἅλεκτόν
705 1240 730 1258 τι
745 1231 847 1266 πλῆθος
864 1229 970 1265 σκωλή-

177 1287 233 1304 κων
245 1278 350 1314 βρύειν,
366 1278 504 1313 θανατώδη
521 1286 552 1304 τε
563 1276 647 1313 ὀδμὴν
668 1276 824 1307 ἀποπνέειν,
836 1276 882 1302 τοῦ
897 1284 968 1302 παν-

182 1322 221 1355 ah;
237 1323 318 1357 ὄγκου
340 1322 394 1349 τῶν
418 1323 550 1358 σωμάτων
575 1322 608 1349 ὲκ
629 1321 813 1358 πολυτροφίας
831 1321 904 1356 αὐτῷ
921 1321 968 1348 καὶ

176 1369 230 1402 πρὸ
241 1369 290 1404 τῆς
303 1369 379 1396 νόσου
394 1370 433 1400 είς
448 1368 600 1404 ὑπερσολὴν
618 1367 738 1404 πλήθους
751 1367 868 1403 πιμελῆς
885 1376 969 1402 μετα-

177 1414 353 1450 ϐεϐληκότοςο
376 1415 409 1450 ἢν
431 1415 492 1441 τότε
516 1416 731 1445 κατασαπεῖσαν,
756 1414 890 1449 ἀφόρητον
920 1413 968 1439 καὶ

177 1461 359 1496 φρικτοτάτην
379 1463 435 1492 τοῖς
458 1461 636 1496 πλησιάζουσι
662 1460 791 1495 παρέχειν
816 1459 865 1494 τὴν
891 1459 965 1485 θέαν.

183 1506 293 1542 ’ἰατρῶν
313 1506 336 1533 δ’
350 1504 395 1533 οὖν
410 1507 434 1532 οί
454 1506 513 1541 μὲν,
530 1506 584 1532 οὐδ’
603 1505 670 1537 ὅλως
695 1505 838 1540 ὑπομεῖναι
856 1505 905 1540 τὴν
919 1504 965 1531 τοῦ

175 1552 309 1584 δυσώδους
325 1552 546 1588 ὑπερϐάλλουσαν
561 1552 674 1578 ἀτοπίαν
689 1549 739 1578 οἶοί
752 1560 793 1583 τε,
814 1550 967 1584 κατεσφάτ-

175 1606 262 1631 τοντο,
274 1599 298 1625 oi
310 1599 338 1625 δὲ
349 1599 509 1634 διῳδηκότος
522 1598 568 1624 τοῦ
583 1598 683 1629 παντὸς
693 1597 775 1631 ὄγκου
787 1597 834 1623 καὶ
842 1597 880 1628 εἰς
890 1597 966 1623 ἀνέλ-

175 1653 271 1672 πιστον
294 1645 430 1681 σωτηρίας
454 1644 684 1676 ἀποπεπτωκότος
710 1643 792 1678 μηδὲν
810 1644 965 1679 ἐπικουρεῖν

175 1690 329 1725 δυνάμενοι,
349 1689 469 1725 ἀνηλεῶς
486 1689 646 1718 ἐκτείνοντο.

1020 948 1169 976 voluntatis
1179 948 1320 975 arbitrium
1327 968 1333 979 ,
1344 953 1432 974 tamen
1439 967 1445 979 ,
1454 951 1483 973 ut
1496 946 1534 973 ait
1547 945 1688 979 Scriptura
1698 944 1810 979 (.llattlt.

1021 1004 1098 1028 xvut.
1117 995 1143 1031 7)
1162 1005 1169 1023 :
1186 1005 1194 1021 ι
1209 995 1255 1022 Va:
1272 995 1308 1021 illi
1331 1002 1378 1029 per
1396 1001 1474 1028 quem
1493 993 1650 1020 scandalum
1679 992 1780 1019 evenit.
1798 1001 1807 1018 I

1021 1042 1097 1068 Illum
1115 1042 1197 1076 igitur
1214 1048 1292 1075 poma
1302 1040 1410 1067 ccelitus
1427 1039 1530 1066 inflicta
1541 1038 1683 1072 corripuit.
1696 1037 1729 1064 ab
1744 1037 1811 1071 ipsis

1019 1097 1116 1116 exorsa
1140 1088 1279 1119 carnibus,
1301 1092 1325 1114 et
1352 1089 1385 1113 ad
1410 1087 1529 1112 animam
1551 1092 1636 1119 usque
1652 1091 1808 1119 progressa.

1021 1136 1142 1170 [tepente
1155 1135 1228 1161 enim
1247 1134 1321 1160 circa
1341 1133 1430 1160 media
1447 1131 1627 1159 occultiorum
1645 1131 1726 1166 315
1748 1137 1812 1158 cor-

1019 1180 1092 1215 poris
1112 1180 1230 1214 partinm
1257 1178 1316 1205 loca
1342 1178 1487 1204 abscessus
1511 1176 1535 1203 ei
1562 1176 1704 1203 nascitur:
1732 1176 1810 1203 ulcus

1019 1226 1116 1253 deinde
1146 1225 1172 1252 in
1203 1225 1257 1252 ituo
1282 1223 1445 1261 fistulosum.
1474 1223 1622 1257 Utriuque
1649 1221 1810 1249 insanabilis

1019 1279 1128 1299 morSus
1142 1271 1237 1298 intima
1256 1271 1360 1298 viscera
1378 1269 1588 1303 deposcebatur.
1608 1268 1645 1294 Ex
1664 1268 1705 1295 his
1717 1268 1808 1295 incre.

1018 1318 1108 1346 dibilis
1120 1318 1250 1344 vermium
1263 1315 1577 1346 mnltitudoscaturiens,
1587 1314 1713 1342 letltalem
1726 1315 1809 1342 exha-

1018 1365 1091 1392 labat
1109 1364 1236 1391 fetorem.
1248 1363 1354 1397 Quippe
1370 1361 1408 1389 illi
1421 1361 1503 1389 etiam
1517 1366 1579 1389 ante
1590 1362 1663 1388 ltunc
1673 1362 1808 1395 morbum,

1020 1416 1074 1438 tota
1089 1410 1211 1445 corporis
1226 1409 1312 1436 moles
1333 1409 1368 1436 ob
1384 1409 1496 1436 nimiam
1515 1408 1636 1436 alimenti
1659 1409 1765 1442 copiam
1782 1407 1808 1434 in

1019 1458 1180 1485 immensam
1207 1457 1353 1492 quamdam
1392 1455 1584 1491 pinguedinem
1610 1459 1776 1482 excreverat
1800 1461 1807 1481 :

1017 1513 1078 1540 qua:
1093 1509 1157 1532 tunc
1172 1505 1303 1539 temporis
1326 1505 1352 1532 in
1372 1506 1460 1532 tabem
1481 1503 1579 1535 soluta,
1596 1501 1760 1529 horrendum
1780 1506 1809 1527 et

1021 1550 1191 1578 intolerabile
1218 1551 1401 1586 spectaculum
1427 1550 1579 1577 astantibus
1603 1547 1752 1583 prmbebat.
1770 1547 1806 1574 Ex

1021 1596 1135 1623 medicis
1151 1603 1227 1627 vero,
1255 1596 1299 1622 alii
1325 1597 1434 1631 quidem
1451 1603 1513 1622 cum
1533 1601 1583 1621 nec
1609 1594 1694 1628 ipsatn
1717 1593 1808 1620 odoris

1019 1641 1181 1676 gravitatem
1199 1642 1334 1669 sustinere
1353 1646 1474 1676 possent.
1491 1641 1748 1669 interﬁciebantur:
1763 1639 1808 1667 alii

1019 1695 1081 1714 cutn
1096 1687 1197 1714 nullum
1213 1687 1362 1715 remedium
1378 1687 1476 1714 afferre
1489 1691 1616 1721 possent,
1643 1690 1738 1721 utpote
1755 1690 1808 1714 tota

175 1736 299 1770 corporis
320 1736 390 1764 mole
406 1736 563 1768 tumefacta,
580 1743 630 1764 nec
653 1736 704 1763 ttlla
728 1735 784 1771 jam
801 1742 850 1770 spe
863 1734 959 1762 salutis
981 1734 1086 1766 relicta.
1103 1735 1139 1761 ob
1154 1735 1269 1770 idipsum
1285 1735 1432 1761 crudeliter
1445 1734 1624 1761 necabantur.

439 1783 638 1810 ΚΕΦΔΛΑΙΟΝ
652 1784 701 1810 lZ'.

236 1826 308 1861 Περὶ
328 1827 383 1862 τῆς
407 1826 467 1854 τῶν
488 1828 678 1862 κρατούντων
701 1827 884 1861 παλινῳδίας

386 1862 458 1898 (Nic.
474 1862 510 1889 Η.
521 1862 554 1889 Ε.
570 1870 617 1896 vn,
630 1863 674 1894 (ὶῖ,
691 1863 749 1897 25).

211 1906 266 1934 κατι
288 1907 321 1944 δὴ
344 1907 483 1939 τοσούτοις
508 1907 631 1934 παλαίων
657 1909 763 1940 κακοῖς,
788 1908 964 1944 συναίσθησιν

174 1952 230 1978 τῶν
250 1953 320 1979 κατὰ
340 1952 395 1979 τῶν
411 1953 545 1980 θεοσεϐῶν
571 1952 645 1989 αὐτῷ
660 1953 868 1989 τετολμημένων
883 1955 962 1990 ἴσχει.

175 1997 339 2032 Συναγαγὼν
361 1999 383 2025 δ’
405 1997 451 2025 οὖν
477 2000 516 2030 είς
532 1999 626 2025 ἑαυτὸν
649 2000 698 2034 τὴν
716 1999 845 2031 διάνοιαν,
868 2000 964 2036 πρῶτα

176 2043 225 2077 μὲν
238 2043 451 2078 ἀνθωμολογεῖτο
461 2043 499 2079 τῷ
513 2043 566 2070 τῶν
580 2043 648 2070 ὅλων
664 2043 732 2079 Θεῷ,
746 2041 804 2070 εἶτα
820 2045 884 2076 τοὺς
896 2045 964 2079 ἀμφ’

173 2088 255 2115 αὐτὸν
268 2088 322 2124 (86)
337 2089 520 2128 ἀνακαλέσας,
534 2090 617 2125 μηδὲν
629 2089 829 2124 ὑπερθεμένους
840 2089 884 2115 τὸν
896 2089 966 2116 κατὰ

173 2134 228 2161 τῶν
244 2135 413 2170 Χριστιανῶν
434 2135 592 2162 ἀποπαῦσαι
619 2136 746 2171 διωγμὸν,
765 2135 840 2171 νόμῳ
865 2144 894 2162 τε
918 2136 965 2162 καὶ

172 2180 288 2216 δόγματι
311 2181 442 2217 βασιλικῷ
460 2181 510 2213 τὰς
534 2182 682 2218 ἐκκλησίας
700 2181 790 2209 αὐτῶν
813 2182 964 2217 οἰκοδομεῖν

172 2225 413 2262 ὶπισπέρχειν(87)
434 2235 465 2255 τε
487 2227 535 2255 καὶ
559 2226 594 2254 τὰ
616 2227 718 2263 συνήθη
739 2227 963 2265 διαπράττεσθαι,

1310 1782 1425 1810 CAPUT
1445 1782 1527 1810 XVII.

1217 1828 1252 1855 De
1268 1827 1455 1863 imperatorum
1472 1827 1618 1861 palinodia.

1055 1905 1175 1932 Tandem
1193 1912 1258 1932 vero
1284 1904 1415 1931 adversus
1437 1907 1477 1931 tot
1489 1911 1624 1932 aerumnas
1637 1904 1807 1938 conflictans.

1019 1951 1169 1985 intelligere
1186 1951 1269 1985 coepit
1281 1957 1341 1985 qua:
1357 1950 1381 1976 in
1398 1949 1517 1977 cultores
1530 1950 1575 1977 Dei
1593 1951 1802 1979 admiseratsce-

1019 1997 1085 2024 lera.
1102 1995 1224 2029 Totaque
1242 1996 1338 2023 mentis
1358 1996 1416 2022 acie
1431 1996 1456 2022 in
1474 1997 1649 2031 semetipsum
1665 2004 1807 2030 conversaI

1019 2042 1135 2078 primum
1161 2041 1271 2076 quidem
1298 2041 1431 2068 conditori
1458 2042 1579 2068 omnium
1611 2042 1664 2069 Deo
1687 2050 1807 2070 errorem

1019 2096 1097 2116 suttm
1117 2087 1259 2115 confessus
1277 2092 1328 2114 est.
1345 2087 1510 2114 Convocatis
1528 2087 1626 2114 deinde
1648 2087 1742 2122 palatii
1767 2089 1808 2115 sui

1020 2134 1188 2170 proceribus,
1216 2134 1321 2169 absque
1353 2133 1406 2160 ulla
1436 2133 1565 2160 dilatione
1586 2135 1807 2169 persecutionem

1017 2180 1235 2208 Christianorum
1250 2179 1378 2207 coltibere
1393 2187 1440 2207 eos
1457 2179 1545 2214 jubet.
1561 2185 1588 2207 et
1602 2180 1734 2207 ecclesias
1749 2180 1808 2207 illo-

1018 2235 1078 2255 rum
1094 2227 1258 2262 quantocius
1278 2231 1421 2255 exstt'uere
1438 2226 1572 2261 imperiali
1591 2226 1725 2261 rescripto
1738 2233 1806 2261 pras-

209 2346 265 2382 (85)
279 2347 479 2383 Πρωτοστάτῃ
493 2347 548 2381 τῆς
561 2348 614 2375 τοῦ
631 2347 744 2381 παντὸς
761 2348 889 2383 (itan-poi;
913 2357 965 2375 κα-

1019 2347 1043 2374 in
1065 2349 1134 2375 libro
1149 2357 1157 2375 ι
1171 2348 1208 2375 De
1228 2349 1278 2374 rita
1295 2348 1471 2379 Constantini.
1488 2348 1538 2375 snh
1551 2348 1643 2376 finem.
1660 2347 1752 2376 Nostri
1767 2353 1807 2376 ta-

172 2382 252 2416 κιας.
269 2382 635 2418 Μίεκίηιὶθηιιιηηϐοιοτὶιιιη
655 2383 792 2418 intelligit,
808 2382 837 2410 ut.
861 2391 895 2411 ex
920 2392 959 2410 se-

173 2417 317 2449 quentibus
331 2421 451 2452 apparet.
470 2417 518 2444 llic
534 2417 606 2444 enim
622 2423 717 2445 auctor
732 2417 757 2444 et
768 2419 960 2453 antesignanus

175 2453 262 2478 fuerat
277 2452 476 2486 persecutionis
493 2452 722 2480 Christianormu.
736 2452 886 2481 Rutinusin
898 2461 958 2487 cap.

174 2486 208 2513 15
220 2487 299 2521 hujus
317 2487 379 2514 libri
396 2487 428 2513 de
452 2487 562 2514 Galerio
575 2487 687 2522 loquens
703 2495 711 2514 :
729 2497 738 2513 ‹
765 2488 809 2515 Ille
825 2496 900 2521 vero,
919 2486 960 2515 in-

172 2522 242 2554 quit,
258 2523 355 2556 quiest
365 2522 499 2549 secundus
516 2523 541 2549 in
561 2523 675 2554 lmnore,
692 2524 860 2557 postmodum
876 2523 958 2552 etiam

174 2557 200 2582 in
220 2557 313 2590 primis
327 2564 470 2584 successor
487 2557 546 2589 fuit,
559 2558 646 2592 quiet
661 2559 785 2584 incentor
799 2566 831 2585 ac
844 2558 958 2592 signifer

174 2597 273 2618 nostra:
289 2593 486 2626 persecutionis
500 2593 654 2626 exstiterat,
676 2602 686 2619 ι
704 2597 756 2620 etc.
774 2593 846 2621 [dem
862 2594 958 2621 scribit

173 2627 254 2652 etiam
269 2626 416 2654 Cedrenus.

209 2660 265 2697 (84)
274 2662 344 2698 ῌερὶ
350 2661 469 2696 τὰμέσα
477 2662 536 2688 τῶν
543 2662 727 2698 ἀπορῤήτων.
737 2663 852 2690 Rufinus
859 2665 955 2691 vertit:

173 2696 209 2723 In
231 2696 446 2730 profundiort'bus
461 2698 554 2724 dehinc
570 2699 681 2730 pectori:
701 2699 820 2732 partibus
839 2699 962 2725 obortum

173 2731 267 2758 vulnus
284 2736 352 2758 tota:
372 2731 528 2758 intrinserus
545 2734 673 2759 viscerum
693 2741 809 2761 secessus
830 2733 890 2760 tabo
907 2741 961 2760 ser-

172 2772 249 2802 pente
275 2767 434 2802 depascitur.
461 2767 543 2801 Magis
572 2773 660 2794 tamen
694 2768 780 2802 probo
807 2768 958 2795 versionem

172 2800 514 2837 (llirislophnt-soni,“qui
532 2802 659 2837 genitalia
689 2800 896 2836 interpretatur.
931 2802 958 2830 Id

171 2835 245 2872 enim
262 2836 408 2872 confirmat
430 2835 543 2864 Victoris
570 2838 703 2872 Epilome.
728 2847 738 2864 ι
756 2835 890 2869 Galerius.
917 2838 959 2866 in-

174 2871 244 2905 quit.
262 2870 439 2897 Maximianus
452 2870 627 2906 consumptus
638 2873 801 2906 genitalibus
817 2873 926 2901 defecit.
946 2883 955 2899 ι

211 2905 265 2939 (85)
281 2905 334 2932 Καὶ
351 2906 462 2932 τούτων
476 2905 598 2940 ἀνίατος
610 2906 697 2942 νομὴ,
713 2907 748 2934 lta
766 2908 848 2936 etiam
862 2909 958 2943 legitur

1018 2391 1077 2418 men
1093 2384 1200 2410 codices
1213 2383 1294 2413 lilaz..
1304 2383 1372 2411 Med.
1384 2389 1409 2411 et
1420 2383 1488 2410 Fuit.
1504 2384 1635 2418 scriptum
1650 2383 1807 2412 ltabentxat

1013 2417 1100 2453 τούτῳ
1115 2418 1219 2453 (supple
1235 2418 1273 2453 τῷ
1288 2418 1381 2449 ἕλκει).

1051 2444 1191 2488 (8θ)Ἰόὖξ·
1208 2444 1280 2488 dm?
1297 2444 1401 2481 αὺτξίικ
1412 2454 1494 2481 flecte
1511 2453 1628 2481 Rufinus
1648 2454 1707 2481 lucc
1723 2455 1805 2483 vetba

1015 2488 1211 2523 interpretatus
1225 2493 1271 2524 est
1284 2496 1290 2514 :
1319 2488 1475 2516 Convocatis
1491 2489 1531 2515 his
1545 2490 1590 2522 qui
1609 2489 1638 2516 in
1660 2490 1745 2524 officio
1758 2499 1807 2523 pu-

1014 2524 1082 2550 blica
1097 2524 1236 2557 parebant.
1262 2523 1307 2550 Sic
1334 2524 1467 2550 Eusebius
1493 2531 1592 2551 vocare
1616 2523 1687 2552 solet
1713 2525 1804 2559 palatii

1014 2566 1152 2593 proceres,
1169 2566 1238 2592 quos
1250 2558 1340 2587 Atnm.
1361 2559 1537 2586 Marcellinus
1549 2567 1648 2586 vocare
1662 2558 1806 2587 consuevit

1012 2593 1081 2620 aula;
1095 2600 1236 2621 summates
1250 2599 1277 2620 ct
1291 2594 1456 2627 imperatoris
1471 2595 1616 2627 proximos.
1630 2599 1658 2621 ιη
1673 2595 1704 2621 ad
1716 2595 1804 2622 Amm.

1012 2628 1200 2665 Marcellinum
1218 2628 1373 2665 ttotavi1lta
1389 2629 1414 2655 in
1437 2629 1508 2661 libro
1524 2628 1561 2656 De
1576 2630 1738 2665 martyribus
1754 2630 1806 2657 Pu-

1012 2663 1130 2692 sttium.
1150 2671 1209 2698 cap.
1227 2663 1253 2695 7,
1274 2664 1299 2689 in
1313 2663 1375 2690 fine.

1050 2697 1293 2734 (87)οὶ)ιοδομεῒν
1311 2698 1515 2733 ἐπισπέρχειν.
1547 2699 1631 2726 Recte
1661 2699 1689 2727 in
1723 2700 1802 2727 codd.

1015 2733 1084 2761 Mal.
1094 2733 1121 2760 et
1136 2734 1264 2760 Medictco
1281 2734 1356 2760 deest
1369 2734 1485 2768 virgula,
1500 2743 1562 2768 qua:
1575 2734 1805 2768 Cltristoplmrso-

1014 2778 1078 2796 num
1097 2769 1202 2796 fefellit.
1213 2769 1297 2796 Paulo
1311 2769 1390 2796 aliter
1406 2771 1461 2796 lucc
1470 2771 1552 2796 Verba
1572 2769 1696 2804 leguntur
1713 2770 1742 2804 in
1756 2770 1800 2796 lib.

1014 2813 1020 2831 ι
1041 2804 1078 2831 De
1092 2805 1144 2831 vita
1159 2804 1336 2836 Constantini,
1353 2811 1414 2838 cap.
1432 2805 1475 2832 50.
1492 2804 1544 2831 Sed
1556 2810 1582 2831 ct
1598 2803 1681 2831 codex
1696 2803 1801 2835 Fnkctli

1014 2839 1134 2876 nonnihil
1149 2840 1302 2876 variat.Sic
1317 2839 1390 2876 enim
1405 2841 1488 2866 habet
1501 2847 1508 2865 :
1524 2839 1581 2876 Τὰς
1595 2839 1743 2876 ἐκκλησίας
1764 2842 1804 2868 οι·

1013 2874 1135 2909 κοδομεῖν
1152 2874 1241 2900 αὐτῶν
1255 2874 1440 2910 ἐπισπέρχειν,
1457 2876 1503 2902 καὶ
1521 2875 1566 2909 τὰ,
1581 2879 1633 2902 etc.
