2013 3179
253 139 304 167 795

249 197 350 232 ubique
370 195 538 224 Christianos
550 195 751 229 persequendos
771 194 917 229 impulerit.
935 194 988 222 Sed
1001 199 1029 221 et
1043 196 1065 224 A

249 241 401 276 cujusmodi
420 241 482 268 vitae
497 241 586 268 exitus
603 240 665 267 istis
688 240 845 275 contigerit,
862 239 938 266 nefas
957 240 1032 267 arbi—

252 294 310 315 tror
325 286 476 321 praeterire.
501 285 567 313 Cum
586 292 651 319 ergo
663 289 780 319 quatuor
795 285 932 318 principes
947 285 1034 319 impe-

252 333 321 359 rium
337 331 488 358 Romanum
506 331 578 358 inter
600 337 629 357 se
650 330 742 364 partiti
765 333 859 356 essent
875 338 882 355 :
900 329 952 356 duo
973 328 1033 363 qui-

252 378 312 404 dem
335 385 367 404 ex
394 377 448 404 illis
474 381 529 403 tum
545 380 626 403 aetate
643 381 699 402 tum
720 375 832 402 honoris
856 375 1033 409 praerogativa

248 423 389 458 potiores,
413 422 530 449 nondum
550 421 685 456 completo
710 420 818 448 biennio
842 424 903 454 post
924 420 1035 447 inchoa-

249 472 303 495 tam
327 467 545 503 persecutionem
560 488 566 498 ,
585 466 700 501 imperio
724 469 886 497 cesserunt,
905 465 1035 499 quemad-

250 515 358 540 modum
376 521 390 540 a
408 513 487 540 nobis
509 512 634 546 superius
651 511 817 538 declaratum
842 515 893 538 est.
913 511 1035 545 Cumque

251 559 382 593 reliqutnu
407 558 471 585 vitae
495 562 602 590 tempus
625 557 730 591 privato
757 564 790 583 ac
812 556 917 590 plebeio
940 556 1034 583 ltabitu

250 604 457 639 transcgisscnt,
477 603 630 637 huiusmodi
654 603 756 629 exitum
771 602 859 629 sortiti
875 607 945 628 sunt.
960 602 1035 629 Alter

249 650 370 684 quidem,
385 649 431 683 qui
448 653 474 676 et
487 648 575 676 aetatis
588 653 616 675 et
628 648 740 675 honoris
755 648 896 681 privilegio
917 648 1034 683 reliquos

249 702 344 722 omnes
359 699 553 727 antecesserat,
572 694 699 721 diuturno
711 701 741 721 ac
760 694 952 720 molestissimo
963 701 1036 720 mor-

249 739 284 767 bo
301 739 450 767 confectus.
469 739 555 772 Alter,
570 739 615 773 qui
633 739 765 766 secundus
778 740 812 766 ab
827 746 859 766 eo
878 739 963 767 fuerat
975 759 983 771 ,
997 739 1035 766 la-

250 793 319 819 queo
335 785 415 812 vitam
431 785 540 818 abrupit
555 794 562 811 :
577 784 653 818 juxta
668 785 802 819 quoddam
820 785 972 812 daemonum
988 793 1035 812 va-

252 830 373 857 ticinium
386 849 394 861 ,
415 830 566 864 hujnsmodi
587 830 719 864 supplicio
746 830 844 857 merito
868 830 980 858 affectus
999 831 1034 858 ob

250 875 450 909 quamplurima
473 882 532 909 qua
558 875 704 902 admiserat
728 875 840 903 scelera.
862 876 902 903 Ex
928 876 1033 904 duobus

250 926 340 947 autem
368 919 498 953 reliquis,
525 924 678 954 postremus
705 920 813 955 quidem
841 928 921 955 quem
948 922 1033 949 totius

251 964 448 998 persecutionis
465 964 560 991 ducem
577 968 658 999 atque
682 969 818 992 auctorem
835 965 918 993 fuisse
939 966 1033 994 retuli-

252 1017 321 1042 mus,
336 1010 468 1044 ejusmodi
487 1010 595 1037 dolores
613 1010 723 1045 pertulit
736 1019 804 1046 qnos
821 1019 902 1046 supra
915 1020 1032 1041 eamme-

251 1057 365 1083 moravi.
379 1056 423 1083 Ille
437 1064 500 1083 vero
515 1057 561 1090 qui
575 1056 660 1088 gradu
676 1063 737 1084 eum
755 1058 936 1092 praecedebat,
955 1059 1031 1085 beni-

250 1102 395 1136 gnissimus
417 1108 444 1129 et
468 1102 696 1129 clementissimus
727 1102 875 1136 imperator
898 1103 1032 1131 Conslan-

251 1148 318 1182 tius;
338 1148 381 1183 qui
397 1152 453 1175 toto
477 1148 583 1182 imperii
607 1147 648 1174 sui
669 1148 836 1182 tentporeita
855 1156 884 1176 se
901 1142 1031 1184 gesserat,

251 1198 332 1227 prout
348 1193 539 1228 imperatorem
558 1194 691 1226 decebat;
710 1199 736 1220 et
752 1194 797 1228 qui
814 1198 869 1221 tum
891 1201 955 1229 erga
971 1195 1032 1222 reli-

251 1247 318 1273 quos
337 1246 432 1266 omnes
458 1238 683 1266 humanissimum
711 1246 740 1265 sc
762 1246 794 1266 ac
817 1238 1033 1267 beneﬁcentissi—

251 1291 321 1311 Inum
336 1283 516 1319 praestiterat,
544 1289 599 1310 tum
615 1284 811 1318 persecutionis
828 1284 958 1311 adversus
982 1291 1031 1312 nos

249 1329 391 1357 concitatae
402 1337 499 1364 expers
512 1330 623 1358 omnino
640 1329 736 1361 fuerat,
748 1334 775 1355 et
791 1329 911 1356 cultores
926 1329 971 1356 Dei
983 1330 1033 1357 sub

251 1375 334 1409 ipsius
354 1374 468 1409 imperio
485 1375 612 1409 degentes
633 1374 666 1400 ab
690 1374 763 1402 omni
785 1381 854 1400 noxa
880 1377 908 1401 et
933 1374 1032 1408 injuria

251 1420 384 1446 immunes
398 1425 570 1451 servaverat;
596 1427 627 1445 ac
645 1427 732 1453 neque
758 1419 933 1446 ecrlesiarum
949 1419 1033 1447 mdiii-

250 1466 290 1492 cia
307 1466 478 1492 subverterat
492 1484 500 1497 ,
514 1472 563 1491 nec
580 1465 640 1492 novi
662 1465 807 1499 quidquant
833 1465 963 1492 adversus
985 1473 1033 1493 nos

249 1515 398 1542 statuerat;
415 1510 520 1537 felicem
537 1513 564 1538 et
582 1517 675 1536 revera
698 1510 884 1537 beatissimum
897 1511 980 1546 318
994 1511 1033 1538 vi-
1046 1527 1067 1557 ο

252 1559 285 1582 tte
301 1555 401 1581 exitum
415 1554 577 1589 promeruit.
595 1555 697 1588 Quippe
715 1554 761 1589 qui
784 1555 859 1582 solus
870 1557 991 1582 omnium
1006 1556 1032 1582 in

252 1599 364 1634 imperio
386 1607 435 1626 suo
460 1606 564 1625 summa
590 1606 651 1626 cum
670 1599 868 1633 tranquillitate
892 1604 920 1626 et
948 1600 1033 1633 gloria

251 1653 435 1673 successorem
455 1644 611 1678 relinquens
626 1644 763 1679 proprium
778 1644 872 1677 tilium,
889 1645 1033 1672 modestis-

214 1686 216 1688 ⁷
252 1692 350 1719 simum
372 1696 400 1718 et
415 1691 647 1726 religiosissimum
672 1691 833 1726 principem,
850 1699 882 1718 ex
900 1691 951 1718 hac
975 1691 1035 1719 lttce

252 1737 390 1772 migravit.
412 1736 497 1772 Hujus
521 1741 612 1764 atttetn
628 1736 699 1764 ﬁlius
721 1736 915 1764 Constantinus
928 1739 962 1764 ab
977 1738 1035 1772 ipso

251 1783 341 1810 statim
355 1783 467 1810 exordio
486 1789 627 1815 supremus
652 1782 797 1817 imperator
811 1787 838 1810 et
861 1783 997 1818 Augustus
1020 1790 1035 1810 a

253 1828 383 1856 militibus
400 1827 570 1855 renuntiatus
583 1847 590 1860 ,
605 1833 724 1862 paternae
741 1835 805 1862 erga
815 1829 898 1870 ‘iidetu
914 1833 1034 1856 nostram

252 1874 359 1910 pietatis
384 1875 567 1901 aunulatoretn
593 1881 622 1901 se
640 1873 776 1908 praestitit.
792 1873 952 1907 Huiusmodi
976 1874 1035 1901 exi-

252 1925 308 1947 tutn
325 1920 387 1947 vitae
400 1925 518 1954 quatuor
543 1919 691 1954 supradicti
718 1920 896 1954 imperatores
920 1919 1035 1947 diversis

603 136 738 164 EUSEBH
757 135 993 164 CESARIENSIS
1012 135 1087 163 OPP.
1106 134 1196 163 PARS
1215 135 1236 162 1.
1256 148 1291 155 -
1309 134 1503 163 HISTORICA.

1819 136 1872 164 796

1080 193 1150 220 κατὰ
1156 193 1261 220 πάντων
1269 193 1414 229 ἀνακεκινη
1418 194 1481 220 κότα
1488 193 1605 228 διωγμόν
1614 189 1718 229 (97)·ὧν
1727 193 1773 220 καὶ
1780 194 1873 221 αὐτῶν

1083 240 1133 265 οὐκ
1146 239 1220 272 ἄξιον
1232 239 1262 265 τὸ
1277 239 1323 265 τοῦ
1342 231 1399 274 βίον
1416 239 1492 271 τέλος
1511 239 1676 274 παραδοῦναι
1690 241 1789 276 σιωπῇ.
1803 241 1872 267 Τετ-

1082 285 1173 320 τάρων
1191 283 1238 311 οὖν
1260 285 1310 320 τὴν
1328 285 1398 312 κατὰ
1413 285 1520 312 πάντων
1537 285 1708 321 διειληχότων
1724 285 1826 322 ἀρχὴν,
1846 287 1872 312 οἱ

1085 330 1134 364 μὲν
1153 329 1240 365 χρόνῳ
1258 330 1305 356 καὶ
1320 331 1386 365 τιμῇ
1410 331 1620 366 προηγούμενοι,
1637 331 1691 357 οὐδ’
1703 330 1775 363 ὅλοις
1797 332 1872 358 δυοῖν

1084 373 1172 400 ἔτεσιν
1191 374 1379 409 ἐπιγενόμενοι
1404 375 1442 409 τῷ
1465 375 1589 410 διωγμῷ,
1618 375 1793 410 μεθίστανται
1821 376 1871 411 τῆς

1086 419 1238 454 βασιλείας,
1295 420 1342 446 καὶ
1364 419 1482 455 πρόσθεν
1510 421 1574 456 ἡμῖν
1596 421 1750 456 δεδήλωται,
1771 421 1818 448 καὶ
1839 421 1873 457 δὴ

1084 463 1129 490 τὸν
1147 463 1285 491 ἐπίλοιπον
1296 463 1342 491 τοῦ
1361 463 1418 498 βίου
1433 464 1528 499 χρόνον
1544 464 1661 500 δημώδει
1680 466 1726 491 καὶ
1744 465 1874 501 ἰδιωτικῴ

1084 508 1177 544 τρόπῳ
1194 507 1390 543 διαγενόμενοι,
1402 509 1479 540 τέλος
1498 510 1598 536 τοιόνδε
1611 510 1659 545 τῆς
1675 509 1746 545 ζωῆς
1762 510 1874 546 εἰλήχαμ

1085 561 1137 580 σιν·
1155 554 1169 579 6
1183 553 1232 588 μὲν
1244 555 1310 588 τιμῇ
1325 562 1355 580 τε
1371 554 1419 580 καὶ
1435 555 1521 590 χρόνῳ
1534 555 1587 581 τῶν
1602 556 1742 591 πρωτείων
1752 555 1873 591 ἠξιωμέ-

1084 607 1138 630 νος,
1157 599 1250 634 μακρᾷ
1269 599 1315 625 καὶ
1332 599 1515 636 ἐπιλυποτάτῃ
1532 601 1564 635 τῇ
1583 600 1628 626 τοῦ
1651 600 1774 635 σώματος
1790 601 1873 627 ἀσθε-

1085 644 1145 680 νείᾳ
1167 644 1354 679 διεργασθεὶς,
1379 645 1393 671 6
1414 645 1442 671 δὲ
1466 645 1500 671 τὰ
1520 645 1632 681 δεύτερα
1657 646 1738 673 αὐτοῦ
1763 646 1872 681 φέρων,

1085 689 1187 725 ἀγχόνῃ
1201 689 1249 724 τὴν
1273 689 1346 724 ζωὴν
1369 690 1541 726 ἀπορρήξας,
1560 691 1630 718 κατὰ
1651 700 1713 719 τινα
1733 691 1874 727 δαιμονίαν

1085 735 1288 770 προσημείωσιν
1310 735 1389 761 τοῦτο
1405 735 1509 768 παθὼν,
1536 736 1579 763 διὰ
1601 737 1728 768 πλείστας
1743 737 1816 772 αὺτῷ
1827 746 1873 764 τιε-

1085 779 1258 815 τολμημένας
1275 780 1458 816 ῥᾳδιουργίας.
1472 781 1531 808 Τῶν
1548 782 1576 808 δὲ
1592 783 1660 817 μετά
1676 783 1785 816 τούτους
1796 785 1810 811 6
1825 785 1874 819 μὲν

1086 825 1210 857 ὕστατος,
1228 825 1257 851 ὃν
1268 826 1315 852 καὶ
1331 826 1451 861 ἀρχηγὸν
1466 827 1513 853 τοῦ
1529 828 1628 860 παντὸς
1645 828 1748 864 ἔφαμεν
1765 829 1876 864 γεγονέ-

1051 860 1071 888 B
1086 879 1128 897 ναι
1143 870 1274 906 διωγμοῦ.
1295 871 1406 898 τοιαῦτα
1420 869 1464 898 οἷα
1483 873 1530 899 καὶ
1550 860 1809 910 προδεδηλιὶίκαμενξ
1823 875 1874 903 πέ-

1084 916 1192 948 πονθεν,
1209 917 1223 942 ὁ
1239 916 1267 942 δὲ
1284 916 1378 944 τοῦτον
1393 918 1520 953 προάγων
1532 920 1713 954 χρηστότατος
1729 920 1775 947 καὶ
1786 920 1875 955 ἠπιώ-

1082 970 1161 993 τατος
1172 961 1298 996 βασιλεὺς
1315 963 1513 996 Κωνστάντιος,
1526 964 1646 997 ἐπαξίως
1660 965 1710 1000 τῆς
1724 966 1874 1001 ἡγεμονίας

1081 1007 1127 1034 τὸν
1141 1008 1247 1035 ἅπαντα
1262 1008 1310 1044 τῆς
1325 1008 1413 1044 ἀρχῆς
1433 1010 1589 1042 διατελέσας
1609 1012 1714 1046 χρόνον.
1733 1012 1813 1040 Ἀλλὰ
1825 1005 1873 1039 ἰαὶ

1082 1054 1165 1081 τᾶλλα
1182 1055 1239 1086 τοῖς
1251 1056 1316 1081 πᾶσι
1329 1054 1489 1088 δεξιώτατον
1501 1057 1548 1084 καὶ
1562 1058 1807 1094 εὐεργετικώτατον
1818 1069 1871 1086 πα-

1083 1099 1191 1135 ρασχὼν
1199 1100 1377 1136 ἐαυτδν,ἁτὰρ
1383 1102 1483 1128 καὶτοῦ
1492 1103 1551 1129 καθ’
1560 1104 1575 1137 ἡ
1580 1103 1637 1138 μῶν
1648 1104 1764 1140 πολέμου
1772 1105 1824 1139 ἔξω
1833 1114 1876 1140 γε-

1083 1145 1110 1171 νό
1114 1154 1202 1180 μενος,
1211 1146 1257 1172 καὶ
1264 1146 1325 1176 τοὺς
1335 1147 1379 1172 ὑπ’
1389 1147 1468 1175 αὑτὸν
1477 1147 1621 1182 θεοσεϐεῖς,
1630 1150 1757 1183 όιῦλαὸεῖς
1773 1152 1820 1178 καὶ
1830 1153 1876 1180 ἀν-

1082 1190 1267 1225 επηρεάστους
1274 1190 1448 1225 διαφυλάξας,
1457 1192 1504 1218 καὶ
1512 1193 1578 1228 μήτε
1587 1194 1649 1225 τοὺς
1658 1193 1748 1226 οἴκους
1754 1195 1808 1222 τῶν
1817 1196 1876 1222 Ἐκ-

1083 1235 1201 1270 κλησιῶν
1212 1235 1343 1267 καθελὼν,
1354 1236 1416 1273 μηθ’
1426 1237 1519 1272 ἕτερόν
1532 1247 1557 1265 τι
1569 1239 1630 1275 μηδ’
1640 1240 1707 1271 ὅλως
1717 1240 1778 1267 καθ’
1794 1241 1874 1276 ἡμῶν

1083 1283 1221 1309 ὲπικαινου
1227 1284 1276 1318 ργή
1281 1292 1339 1316 σας,
1347 1284 1421 1315 τέλος
1428 1285 1552 1320 εὔδαιμον
1560 1285 1613 1320 (98)
1621 1286 1668 1312 καὶ
1675 1284 1875 1323 τρισμακᾶριον

1082 1327 1164 1359 ὅντως
1174 1329 1319 1364 κατείληφε
1325 1329 1371 1355 τοῦ
1379 1329 1530 1365 βίου,μόνος
1538 1331 1582 1356 ἐπὶ
1591 1331 1639 1367 τῆς
1646 1331 1726 1358 αὐτοῦ
1737 1332 1874 1367 βασιλείας

1082 1373 1203 1408 εὐμενῶς
1229 1374 1275 1400 καὶ
1291 1375 1436 1407 ἐπιδόξως,
1458 1376 1504 1401 ἐπὶ
1526 1376 1639 1412 διαδόχῳ
1662 1377 1712 1412 τῆς
1736 1377 1875 1412 βασιλείας

1082 1420 1186 1455 γνησίῳ
1210 1421 1285 1446 παιδὶ
1312 1421 1347 1447 τὰ
1374 1421 1461 1448 πάντα
1480 1423 1695 1458 σωφρονεστάτῳ
1719 1424 1770 1455 ,καὶ
1794 1424 1874 1450 εὐσε-

1084 1466 1208 1502 ϐεστάτῳ
1222 1467 1387 1503 τελευτήσας
1398 1477 1404 1482 ·
1419 1468 1448 1500 ὃς
1469 1469 1551 1500 εὐθὺς
1574 1469 1723 1505 ἀρχόμενος
1748 1471 1875 1506 βασιλεὺς

1083 1512 1245 1544 τελεώτατος
1268 1514 1314 1540 καὶ
1345 1513 1478 1546 Σεϐαστὸς
1510 1515 1577 1550 πρὸς
1605 1515 1658 1542 τῶν
1686 1517 1875 1552 στρατοπέδων

1087 1558 1295 1594 ἀναγορευθεὶς,
1320 1559 1443 1596 ζηλωτὴς
1466 1561 1560 1588 ἑαυτὸν
1585 1561 1636 1596 τῆς
1658 1562 1795 1597 πατρικῆς
1809 1563 1876 1598 περὶ

1087 1604 1132 1631 τὸν
1144 1604 1278 1640 ἡμέτερον
1298 1605 1376 1639 λόγον
1394 1606 1535 1638 εὐσεϐείας
1550 1607 1743 1644 κατεστήσατο.
1756 1608 1874 1644 Τοιαύτη

1086 1648 1140 1675 τῶν
1158 1651 1466 1686 προαναγεγραμμένων
1483 1643 1651 1688 τεσσάρων
1663 1653 1708 1679 τοῦ
1725 1652 1782 1688 βίου
1793 1643 1876 1680 ἕκΰαέ

1088 1703 1146 1726 σις,
1173 1695 1243 1722 κατὰ
1273 1696 1514 1732 παρηλλαγμένως
1544 1698 1656 1734 χρόνους
1691 1699 1874 1736 γεγενημένη.

1087 1739 1195 1766 Τούτων
1212 1741 1244 1777 δὴ
1262 1742 1340 1776 μόνος
1362 1742 1401 1768 ἔτι
1422 1742 1508 1769 λιπὼν
1530 1743 1544 1769 6
1569 1743 1659 1779 μικρῷ
1675 1744 1791 1780 πρόσθεν
1808 1746 1875 1780 ἡμῖν

1087 1786 1248 1822 εἰρημένος,
1280 1788 1327 1814 σὺν
1351 1789 1408 1819 τοῖς
1437 1788 1506 1823 μετὰ
1531 1789 1616 1816 ταῦτα
1646 1791 1685 1822 εἰς
1710 1790 1759 1826 τὴν
1787 1791 1875 1827 ἀρχὴν

1087 1832 1275 1868 εἰσποιηθεῖσι,
1290 1833 1338 1869 τὴν
1354 1834 1595 1870 προδεδηλωμένην
1609 1835 1814 1871 ἐξομολόγησιν,
1829 1837 1875 1864 διὰ

1087 1877 1132 1903 τοῦ
1147 1879 1354 1913 προεκτεθέντος
1367 1880 1505 1916 ἐγγράφου
1519 1880 1595 1915 λόγου
1605 1883 1661 1913 τοῖς
1671 1883 1737 1908 πᾶσι
1754 1882 1875 1918 φανερὰν

1088 1925 1272 1960 κατεστήσατο
1283 1925 1347 1961 (99).

253 1965 417 1999 temporibus
431 1965 521 1992 sortiti
537 1969 608 1993 sunt.
629 1964 667 1991 Ex
690 1965 788 1999 quibus
804 1965 880 1992 solus
894 1965 940 1992 ille
955 1973 1034 1998 quem
1051 1973 1132 2002 supra
1158 1971 1369 1997 memoravimus
1381 1991 1389 2002 ,
1407 1978 1460 1998 una
1490 1979 1551 1998 cum
1577 1971 1638 1999 aliis
1666 1973 1711 2007 qni
1743 1980 1828 2008 nuper
1847 1973 1874 2000 in

250 2011 415 2039 consortium
437 2012 541 2046 imperii
565 2012 643 2040 asciti
658 2011 776 2044 fuerant.
790 2012 990 2040 confessionem
1020 2014 1093 2051 illaut
1117 2024 1200 2051 quam
1235 2025 1316 2053 supra
1350 2018 1502 2052 retulimus,
1523 2019 1611 2047 edicto
1625 2019 1710 2054 palam
1736 2020 1875 2055 proposito

249 2057 375 2085 omnibus
387 2058 544 2093 publicavit.

447 2107 519 2146 (Hic
535 2107 566 2138 in
583 2107 724 2139 editione
741 2107 862 2138 Valesii
879 2108 1084 2150 interseritur
1098 2109 1181 2150 liber
1199 2110 1245 2150 De
1262 2111 1456 2150 martyribus
1471 2111 1654 2150 Palaestino,

807 2156 903 2187 quem
926 2147 1009 2178 infra
1026 2149 1160 2180 seorsiui
1181 2149 1335 2189 edimus.)

286 2225 342 2261 (97)
371 2225 619 2262 Ἀκακεκινηκότα
649 2227 787 2262 διωγμόν.
815 2227 842 2255 In
866 2228 946 2256 codd.
976 2227 1034 2255 Ma-

251 2262 345 2299 _z_ar_iuo_
359 2266 386 2288 et
400 2261 528 2299 Medich
541 2262 672 2299 scriptum
698 2261 786 2299 inveni
809 2263 966 2299 διωγμένων
981 2272 987 2289 :
1006 2264 1032 2290 itt

252 2295 401 2332 i‘uketiatio
413 2303 475 2322 vero
487 2295 681 2331 δεδιωγμένων.
695 2297 759 2330 Qua:
770 2295 1033 2332 tatnets'i‘depravata

251 2330 427 2366 lectioLviant
447 2331 513 2358 mihi
529 2332 563 2358 ad
581 2330 660 2365 hujus
678 2332 727 2358 loci
744 2330 958 2359 emendationem
975 2341 1035 2366 ape-

253 2366 320 2402 ruit,
336 2365 421 2402 Totus
440 2366 521 2399 igitur
537 2367 611 2402 locus
637 2367 673 2402 ita
698 2366 826 2400 lugendus
841 2373 893 2399 est,
906 2367 968 2398 τοὺς
983 2365 1033 2402 τῆς

251 2399 387 2434 βασιλείας
404 2401 546 2434 κοινωνορς
561 2401 606 2427 ἐπὶ
626 2401 671 2428 τὸν
690 2399 759 2428 κατὰ
780 2402 888 2428 πάντων
906 2399 1034 2428 ἀνακεκὶ-

250 2432 350 2470 νηκότα
358 2435 496 2470 ’διωγμόν-
510 2432 547 2463 ὧν
562 2436 608 2462 καὶ
624 2436 711 2462 αὐτῶν
726 2437 775 2462 οὐκ
787 2437 859 2469 ἄξιον
872 2437 902 2463 τὸ
916 2436 962 2462 τοῦ
977 2436 1035 2470 βίου

250 2470 324 2501 τέλος
339 2470 504 2506 παραδοῦναι
520 2472 618 2506 σιωπῇ.
637 2472 715 2498 Vides
729 2477 854 2505 quantam
869 2472 968 2498 haheat
982 2471 1036 2498 ele-

251 2506 369 2542 gantiam
381 2502 443 2542 'vox_-
456 2502 504 2542 ὧν,
519 2502 665 2540 quantulus
678 2514 710 2534 ex
733 2502 853 2542 vestigiis
874 2506 984 2540 scripta:
997 2505 1036 2533 le-

250 2539 348 2568 ctionis
362 2540 553 2575 supplevimus.

1123 2229 1179 2270 (98)
1199 2231 1454 2270 Téloc_s_ﬁ§qur.
1473 2231 1535 2259 Haec
1551 2233 1585 2260 ad
1608 2232 1718 2261 verbum
1736 2233 1873 2270 descripta

1087 2269 1197 2300 suntex
1213 2273 1272 2300 cap.
1292 2267 1324 2293 Η
1339 2267 1385 2293 lib.
1403 2273 1463 2293 vnt.

1124 2299 1178 2334 (99)
1201 2301 1336 2335 Φανερὰν
1354 2300 1570 2334 κατεστήσατο.
1588 2301 1650 2330 Post
1675 2303 1722 2330 has
1746 2311 1826 2330 voces
1845 2304 1871 2330 in

1089 2334 1210 2374 editione
1223 2334 1374 2374 Gettevensi
1388 2337 1595 2374 addunturbmc
1613 2338 1693 2374 verba
1706 2338 1763 2374 :ATi
1778 2339 1810 2374 δὴ
1825 2336 1872 2365 οὖν

1088 2369 1134 2395 ἐπὶ
1147 2369 1251 2408 τούτοις
1266 2370 1380 2408 γίνεται,
1397 2371 1579 2408 ἐπιθεωρῆσαι
1588 2372 1690 2408 καιρός.
1712 2372 1777 2405 Quae
1789 2369 1871 2408 verba

1089 2411 1138 2440 nec
1154 2405 1179 2440 in
1198 2407 1389 2440 tnanuscriptis
1405 2405 1554 2439 codicibus,
1570 2415 1619 2434 ttec
1636 2405 1662 2434 in
1678 2407 1796 2434 editione
1808 2407 1872 2435 Ste-

1089 2438 1170 2476 pltani
1198 2438 1343 2476 leguntur,
1371 2445 1398 2468 et
1424 2447 1457 2467 ex
1483 2443 1608 2468 versione
1631 2441 1870 2476 Cbristopliorsoni

1090 2473 1135 2534 {tif
1147 2475 1270 2535 aqplusita
1286 2482 1361 2509 sunt,
1389 2482 1450 2503 cum
1470 2479 1558 2504 tatnen
1575 2477 1683 2504 locanda
1699 2473 1755 2505 sint
1776 2478 1803 2505 in
1817 2477 1872 2506 ﬂne

1101 2516 1108 2534 ι
1131 2515 1168 2534 .v
1206 2529 1213 2535 .

1101 2515 1137 2534 ιο.
1155 2515 1213 2536 VIII.
