2013 3179
137 162 185 189 8η

656 160 830 189 HISTORIA}
850 160 1132 193 ECCLESIASTICAE
1154 162 1217 190 LIB.
1238 163 1285 191 IX.

1724 171 1778 200 8(ὶί

135 221 211 251 ὅπως
231 220 286 247 ἀπὺ
310 220 364 247 τῶν
384 219 510 248 τοιούτων
530 221 682 248 ὲνστάσεων
709 222 926 257 ἀναχωρήσαιεν.

981 229 1093 250 causam
1108 223 1162 250 nlla
1179 231 1259 259 poena
1274 225 1445 254 alliciendum
1461 233 1586 256 censeas.
1597 228 1701 264 Quippe
1712 238 1775 258 eum

142 265 294 301 Ἑτγράψαι
317 266 461 302 τοιγαροῦν
482 267 551 301 πρὸς
573 267 635 298 τοὺς
654 267 783 301 λογιστὰς
804 267 850 294 καὶ
866 269 929 300 τοὺς

135 312 317 347 στρατηγοὺς,
329 313 375 338 καὶ
385 313 447 344 τοὺς
456 312 651 348 πραιποσίτους
657 312 704 339 τοῦ
716 312 803 346 πάγου
811 312 929 348 ἑκάστης

135 357 240 390 πόλεως
255 359 271 394 ἡ
289 357 323 393 σὴ
340 358 519 394 ὲπιστρέφεια
535 359 653 394 ὀφείλει,
673 359 716 385 ἵνα
730 359 816 394 γνῴεν
831 368 928 394 περαι-

133 404 209 439 τέρω
234 404 326 436 αὐτοῖς
353 404 446 431 τούτου
474 405 521 431 τοῦ
547 405 708 440 πράγματος
793 405 921 441 φροντίδα

135 450 271 476 ποιεῖσθαι
288 450 325 485 μὴ
338 451 517 486 προσήκειν.»
535 451 595 477 Ἐπὶ
614 451 719 482 τούτοις
733 452 757 477 οὶ
768 451 828 477 κατ’
845 451 929 486 ἐπαρ-

133 495 207 530 χίαν,
215 495 264 531 τὴν
272 495 325 521 τῶν
337 496 496 531 γραφέντων
505 497 597 528 αὐτοῖς
606 496 786 532 ἐπαληθεύειν
798 497 929 532 προαίρε-

135 550 178 568 σιν
196 542 382 577 νενομικότες,
399 542 536 577 λογισταῖς
551 543 597 569 καὶ
614 544 776 578 στρατηγοῖς
795 543 842 569 καὶ
872 544 927 574 τοῖς

133 589 194 615 κατ’
206 589 308 623 ἀγροὺς
323 589 558 625 ἐπιτεταγμέναις,
567 590 617 625 τὴν
627 589 767 625 βασιλικὴν
781 589 824 616 διὰ
837 597 928 625 γραμ-

135 634 228 669 μάτων
245 634 352 669 ὲμιρανῆ
365 634 514 661 meme
527 635 650 671 γνώμην,
662 636 694 662 οὐ
709 635 788 670 μόνον
800 635 821 662 δ’
836 636 927 667 αὐτοῖς

132 679 177 706 διὰ
200 681 309 716 γραφῆς
326 680 412 707 ταῦτα
436 681 603 716 προύχώρει,
625 682 672 708 καὶ
694 681 785 717 ἔργοις
807 681 834 708 δὲ
859 681 926 708 πολὺ

133 726 276 761 πρότερον,
292 727 329 759 ὡς
346 726 378 754 ἂν
395 726 483 762 νεῦμα
499 727 637 762 βασιλικὸν
652 729 691 759 εἰς
703 728 789 763 πέρας
803 729 926 761 ἄγοντες,

132 770 180 802 οὓς
195 769 267 806 εἶχον
284 773 312 798 ὲν
329 771 531 807 δεσμωτηρίοις·
539 771 754 807 καθειργμένους
768 771 811 798 διὰ
823 771 872 807 τὴν
887 772 927 803 εἰς

131 816 164 843 τὸ
177 817 255 844 Θεῖον
270 817 425 852 ὁμολογίαν,
442 818 481 849 εἰς
499 817 615 853 φανερὸν
632 817 798 853 προάγοντες
814 817 926 851 ἠλευθέ-

134 873 208 899 ρουν,
227 863 345 895 ἀνιέντες
366 863 468 890 τούτων
487 864 519 899 δὴ
541 863 631 898 αὐτῶν
646 865 709 894 τοὺς
733 865 762 890 ὲν
785 863 927 898 μετάλλοις

132 910 180 936 ἐπὶ
191 910 309 945 τιμωρίᾳ
320 909 477 945 δεδομένους
487 918 493 924 ·
514 909 593 936 τοῦτο
610 909 664 945 γὰρ
679 910 723 936 ἐπ’
736 908 864 944 ἀληθείας
879 909 927 944 βα-

133 957 204 983 σιλεῖ
218 956 303 982 δοκεῖν
316 956 496 991 ὑπειλήφασιν
511 956 691 990 ἠπατημένοι.
708 956 762 982 Καὶ
778 956 810 991 δὴ
825 955 927 983 τούτων

133 1002 220 1034 οὕτως
236 1002 472 1035 ἐπιτελεσθέντων,
491 1002 597 1037 ἀθρόως
613 999 668 1028 οἷόν
681 1010 707 1027 τι
724 1001 781 1036 φῶς
799 1002 832 1028 ὲκ
849 1002 929 1036 ζοφε-

137 1049 185 1082 ρὶς
203 1047 297 1078 νυκτὸς
315 1046 467 1082 exlegem,
479 1046 549 1073 κατὰ
565 1047 656 1072 πᾶσαν
670 1046 746 1072 πόλιν
762 1054 928 1081 συγκροτου-

134 1095 218 1130 μένας
237 1094 328 1130 παρῆν
343 1094 408 1129 όρᾷν
428 1092 586 1128 ἐκκλησίας,
605 1092 729 1124 συνόδους
750 1100 779 1118 τε
797 1092 928 1127 παμπλη-

124 1140 200 1171 -θείς,
225 1139 272 1165 καὶ
297 1139 347 1170 τὰς
367 1138 415 1165 ἐπὶ
437 1138 540 1164 τούτων
565 1137 594 1170 ἐξ
613 1136 693 1168 ἔθους
715 1136 928 1171 ἐπιτελουμένας

133 1185 295 1220 συναγωγὰς
312 1185 358 1219 (6),
377 1184 589 1219 καταπέπληκτο
602 1183 623 1209 δ’
642 1183 688 1209 ἐπὶ
704 1183 809 1215 τούτοις
819 1184 850 1209 οὑ
867 1191 928 1218 σμι-

132 1231 283 1267 κρῶς’πᾶς
308 1239 349 1262 τις
371 1230 425 1256 τῶν
448 1229 572 1256 ἀπίστων
596 1228 698 1260 ἐθνῶν,
715 1229 766 1264 τῆς
790 1229 927 1264 τοσαύτης

133 1277 285 1313 μεταϐολῆς
300 1277 330 1304 τὸ
342 1276 492 1312 παράδοξον
506 1275 720 1311 ἀποθαυμάζων,
737 1275 823 1310 μέγαν
837 1284 866 1301 τε
880 1275 927 1301 καὶ

133 1324 214 1359 μόνον
226 1323 312 1360 ἀληθῆ
329 1324 374 1350 τὸν
389 1322 560 1359 Χριστιανῶν
575 1316 641 1349 Θεδν
655 1321 850 1356 ἐπιϐοώμενος.
867 1321 928 1347 Τῶν

130 1371 152 1397 δ’
167 1371 308 1406 ἡμετέρων
323 1370 348 1396 οἱ
365 1371 412 1405 μὲν
429 1370 473 1396 τὸν
486 1369 540 1395 τῶν
554 1367 682 1404 διωγμῶν
706 1368 799 1402 ἀγῶνα
823 1367 927 1399 πιστῶς

132 1418 178 1443 καὶ
195 1416 325 1452 ἀνδρείως
341 1415 531 1451 διηθληκότες,
550 1415 599 1450 τὴν
623 1414 691 1449 πρὸς
706 1414 829 1445 ἅπαντας
849 1412 928 1445 αὖθις

130 1463 324 1497 ἀπελάμϐανον
337 1461 504 1498 παρρησίαν,
519 1462 576 1487 ὅσοι
593 1461 622 1487 δὲ
637 1460 670 1486 τὰ.
686 1461 735 1495 τῆς
751 1460 868 1492 πίστεως
884 1468 928 1486 νε-

130 1509 287 1545 νοσηκότες.
303 1508 352 1540 τὰς
367 1507 456 1543 ψυχὰς
479 1507 627 1542 ἐτύγχανον
642 1507 854 1542 κεχειμασμένοι
877 1505 925 1541 (7),

131 1556 258 1591 ἀσμένως
280 1555 344 1590 περὶ
365 1554 414 1589 τὴν
435 1554 509 1588 σφῶν
531 1553 680 1588 θεραπείαν
696 1552 835 1584 ἔσπευδον,
854 1553 928 1579 ἀντι-

986 273 1041 295 tam
1058 268 1138 304 longo
1152 270 1207 304 jam
1230 273 1361 305 temporis
1378 277 1465 300 tractu
1487 279 1653 308 compertum
1671 275 1753 303 fuerit
1765 297 1773 308 ,

983 321 1031 342 eos
1058 315 1128 342 nulla
1158 316 1264 343 ratione
1289 317 1384 344 adduci
1413 326 1492 352 posse
1515 325 1545 346 ιιι
1561 320 1595 347 ab
1619 321 1774 354 huiusmodi

984 361 1134 395 pertinacia
1163 361 1323 389 abscedam.
1346 363 1472 397 Scribere
1488 366 1572 400 igitur
1585 366 1617 392 ad
1632 372 1774 395 curatores

983 410 1010 433 et
1029 407 1204 441 magistratus
1216 429 1223 441 ,
1237 407 1322 444 348
1336 414 1363 435 et
1378 410 1411 437 ad
1434 412 1594 445 prmpositos
1610 413 1669 447 pagi
1683 414 1774 448 singu-

983 452 1068 479 larutn
1082 454 1225 481 civitatum
1240 459 1285 482 tua
1303 455 1385 482 debet
1399 456 1533 484 industria
1546 477 1554 490 ,
1570 463 1598 485 ut
1619 459 1707 486 sciant
1721 460 1772 487 sibi

984 497 1010 524 in
1034 503 1172 532 posterum
1200 500 1279 534 hujus
1307 502 1408 536 negotii
1436 503 1552 537 amplius
1577 510 1670 532 curam
1692 513 1775 541 agere

982 551 1035 570 non
1063 544 1158 572 licere.
1189 554 1198 571 ι
1227 545 1350 573 Posthaec
1375 547 1545 582 singularum
1568 550 1772 583 provinciarum

981 590 1125 624 praesides,
1142 591 1191 617 rati
1213 591 1284 618 hanc
1300 599 1395 619 revera
1413 600 1475 620 esse
1491 593 1623 629 principis
1641 601 1771 628 mentem,

983 643 1043 670 quae
1069 636 1167 663 litteris
1188 637 1282 664 Sabini
1305 644 1525 672 expromerctnr,
1545 641 1679 668 continuo
1693 650 1774 670 cura-

983 687 1055 709 tores
1072 687 1099 710 et
1114 683 1290 716 magistratus
1305 688 1330 710 et
1349 691 1478 718 pagorum
1492 687 1654 720 prmpositos
1671 695 1718 721 per
1729 687 1773 714 Iit-

981 732 1053 755 teras
1078 729 1111 756 de
1140 730 1315 763 imperatoris
1339 730 1478 758 voluntate
1503 733 1636 759 certiores
1656 733 1770 760 faciunt.

982 773 1036 801 Nec
1061 781 1125 801 vero
1153 775 1263 808 scriptis
1288 775 1449 809 duntaxat,_
1469 785 1562 804 verum
1587 778 1669 805 etiam
1695 779 1773 806 factis

981 819 1067 847 multo
1083 821 1169 855 magis
1183 821 1320 849 instabant
1335 841 1343 854 ,
1364 827 1455 856 utpote
1472 823 1518 857 qui
1540 825 1673 858 principis
1696 825 1771 859 jussa

980 867 1152 893 exsecutioni
1169 868 1337 894 mandarent.
1355 867 1495 902 Quolquol.
1515 869 1598 903 igitur
1617 870 1652 897 ob
1666 870 1774 898 caules-

944 910 1082 942 Bsiunem
1111 912 1194 938 divini
1219 911 1345 939 Numinis
1361 913 1466 940 vinctos
1490 914 1516 940 in
1541 915 1662 941 custodia
1689 916 1773 944 habe-

980 956 1044 984 bant
1056 978 1063 990 ,
1080 957 1228 992 produclos
1244 958 1269 984 in
1290 959 1407 985 meditttn
1432 960 1596 988 dimiserunt
1609 982 1616 992 ,
1638 961 1671 988 iis
1688 962 1771 988 etiam

979 1003 1024 1037 qui
1039 1004 1070 1030 ad
1087 1004 1195 1031 metalla
1212 1004 1333 1032 damnati
1353 1006 1472 1038 fuerant,
1492 1007 1550 1040 pari
1566 1007 1690 1034 libertate
1703 1015 1771 1034 con-

979 1056 1066 1076 cessa.
1084 1049 1111 1076 ld
1128 1050 1199 1076 enim
1217 1057 1311 1076 revera
1326 1051 1437 1085 placere
1453 1052 1569 1086 principi
1595 1052 1769 1080 arbitraban-

980 1099 1035 1127 tur,
1052 1102 1113 1122 cum
1130 1100 1220 1122 tamen
1236 1096 1317 1123 aliter
1334 1104 1364 1123 se
1379 1104 1423 1123 res
1438 1097 1560 1124 haberet.
1577 1098 1770 1126 Ca-terum'his

981 1141 1015 1167 ad
1030 1141 1100 1168 hunc
1124 1142 1234 1168 modum
1249 1142 1384 1169 confectis
1397 1163 1404 1174 ,
1420 1147 1534 1177 repente
1550 1144 1636 1171 instar
1650 1145 1771 1172 coelestia

979 1187 1118 1221 cujusdam
1134 1186 1212 1218 lucis.
1230 1195 1290 1220 qua:
1312 1193 1372 1221 post
1390 1189 1568 1216 densissimas
1587 1191 1674 1217 noctis
1693 1195 1768 1218 tene-

980 1234 1042 1260 bras
1056 1234 1189 1264 exoritur.
1211 1233 1346 1261 Ecclesias
1361 1235 1386 1260 in
1401 1235 1513 1269 singulis
1529 1235 1685 1262 civitatibus
1703 1243 1784 1263 σου-ν

979 1283 1116 1314 gregatas,
1132 1284 1158 1305 et
1173 1279 1409 1313 frequentissimos
1426 1280 1643 1308 Christianorum
1659 1289 1771 1308 concur-

978 1332 1041 1356 sus,
1059 1330 1086 1351 et
1105 1324 1237 1352 collectas
1253 1325 1352 1352 ibidem
1369 1333 1402 1352 ex
1419 1333 1494 1352 tnore
1512 1327 1569 1353 ﬁeri
1591 1326 1685 1354 solitas
1708 1334 1769 1354 eer-

980 1378 1043 1398 nere
1059 1371 1167 1397 licebat.
1185 1371 1221 1398 Ex
1239 1379 1292 1406 quo
1307 1372 1455 1398 inﬁdelitnn
1472 1372 1586 1407 populos
1600 1373 1696 1407 ingens
1709 1379 1770 1407 per-

978 1420 1087 1443 vaserat
1107 1422 1202 1451 stupor
1216 1425 1277 1444 etim
1294 1422 1399 1444 tantam
1417 1423 1527 1451 tamque
1541 1420 1706 1452 insperatam
1724 1425 1769 1445 re-

979 1469 1037 1488 rum
1059 1462 1266 1490 conversimtetn
1288 1462 1504 1490 admirarentur.
1518 1463 1771 1498 Exclamabantqne

977 1507 1066 1535 solmu
1088 1515 1215 1542 magnum
1232 1513 1259 1535 et
1272 1515 1337 1535 vere
1356 1509 1440 1535 Deum
1461 1516 1522 1536 esse
1539 1509 1586 1544 qui
1603 1517 1617 1536 a
1633 1509 1769 1536 Christia-

979 1555 1022 1582 nis
1037 1555 1182 1582 eoleretur.
1201 1555 1241 1582 Ex
1271 1555 1373 1582 nostris
1390 1563 1456 1582 vero
1474 1560 1608 1590 quotquot
1625 1556 1651 1582 in
1677 1563 1769 1590 persc-

131 1601 274 1633 εολοῦντες
292 1601 339 1627 καὶ
355 1599 492 1635 σωτηρίας
508 1597 597 1631 δεξιὰν
612 1598 676 1629 τοὺς
693 1597 867 1634 ἐρρωμένους
884 1599 926 1625 αἰ-

979 1601 1098 1628 cutionis
1123 1601 1280 1628 discrimine
1301 1601 1418 1628 ﬁdeliter
1440 1609 1471 1628 ac
1487 1600 1594 1628 fortiter
1610 1602 1769 1629 decertave-

129 1647 268 1683 τούμενοι,
282 1647 328 1673 τόν
343 1655 373 1673 τε
388 1646 453 1672 Θεὸν
470 1645 548 1672 ἵλεων
564 1645 656 1676 αὐτοῖς
671 1643 796 1677 γενέσθαι
813 1644 925 1670 καθικεά

129 1691 266 1723 τεύοντες.
290 1689 357 1717 Εἶτα
381 1690 408 1717 δὲ
435 1689 481 1716 καὶ
507 1690 530 1715 οἱ
556 1690 673 1722 γενναῖοι
697 1688 747 1723 τῆς
772 1688 926 1721 Θεοσεϐείας

129 1738 246 1772 ἀθληταὶ
257 1737 309 1772 τῆς
323 1737 362 1768 εὶς
377 1737 410 1763 τὰ
428 1735 546 1771 μέταλλα
564 1734 750 1766 κακοπαθείας
769 1734 926 1769 ἐλευθερού-

133 1791 219 1818 μενοι,
238 1784 283 1809 ἐπὶ
307 1782 356 1814 τὰς
378 1781 481 1808 ἑαυτῶν
497 1780 668 1812 ἐστέλλοντο,
685 1780 782 1815 γαῦροι
800 1780 845 1806 καὶ
862 1789 924 1814 φαι-

129 1829 189 1865 δροὶ
202 1829 247 1856 διὰ
258 1829 348 1864 πάσης
363 1828 446 1859 ἰόντες
455 1827 568 1859 πόλεως,
579 1826 749 1862 εὐφροσύνης
760 1835 788 1853 τε
799 1826 924 1858 ἀλέκτου,

131 1875 177 1901 καὶ
195 1875 229 1908 ἣν
244 1874 303 1900 οὐδὲ
316 1873 388 1909 λόγῳ
402 1873 511 1899 δυνατὸν
526 1872 691 1909 ἑρμηνεῦσαι
707 1871 864 1907 παρρησίας
878 1871 925 1906 ἔμ-

131 1921 219 1946 πλεοι.
240 1919 325 1954 Στίφη
346 1917 391 1945 οὖν
417 1917 616 1953 πολυάνθρωπα
636 1917 706 1943 κατὰ
725 1917 810 1952 μέσας
825 1916 926 1949 λεωφόι

132 1976 197 2003 ρους
213 1967 259 1993 καὶ
274 1965 391 2001 ἀγορὰς,
415 1965 498 2000 ᾠδαῖς
514 1965 560 1991 καὶ
581 1964 698 2000 ψαλμοῖς
724 1964 769 1990 τὸν
790 1964 857 1990 Θεὸν
880 1965 926 1990 ἀν-

132 2013 268 2049 υμνοῦντα
281 2013 315 2040 τὰ
330 2013 380 2048 τῆς
396 2012 508 2048 πορείας
522 2012 597 2046 ἤνυε.
615 2012 669 2037 Καὶ
681 2011 744 2042 τοὺς
762 2010 829 2046 μετὰ
844 2019 926 2045 τιμω-

132 2059 194 2095 ρίας
207 2058 398 2095 ἀπηνεστάτης
419 2057 509 2093 μικρῷ
526 2055 642 2092 πρόσθεν
655 2056 781 2090 δεσμίους
802 2055 856 2082 τῶν
871 2065 924 2082 πα-

130 2104 230 2141 τρίδων
243 2103 476 2139 ἀπεληλαμένους,
491 2101 560 2134 εἶδες
574 2102 606 2128 ἂν
620 2102 721 2137 ἱλαροῖς
737 2102 783 2128 καὶ
796 2101 925 2137 γεγηθότι

131 2150 288 2187 προσώποις
312 2149 361 2181 τὰς
387 2148 477 2176 αὐτῶν
498 2147 741 2183 ἀπολαμϐάνοντας
763 2147 870 2179 ἑστίας,
887 2147 924 2179 ὡς

130 2197 180 2222 καὶ
200 2196 263 2227 τοὺς
285 2195 416 2230 πρότερον
438 2193 498 2220 καθ’
521 2195 536 2229 ἡ
542 2193 599 2228 μῶν
615 2193 770 2228 φονῶντας,
785 2193 815 2219 τὸ
832 2193 881 2219 Qui
887 2202 924 2228 μα

131 2241 209 2276 παρὰ
227 2240 318 2267 πᾶσαν
334 2239 453 2276 ὁρῶντας
468 2238 573 2271 ἐλπίδα,
595 2239 752 2274 συγχαίρειν
771 2240 827 2270 τοῖς
844 2246 923 2273 γεγε-

130 2286 268 2323 νημένοις.

981 1650 1061 1678 rant,
1080 1654 1176 1680 magna
1202 1646 1273 1681 apud
1299 1654 1394 1674 omnes
1412 1645 1509 1674 ﬁducia
1532 1651 1559 1674 et
1578 1646 1704 1674 libertate
1720 1655 1768 1682 po-

981 1691 1129 1718 tiebantur.
1147 1691 1199 1718 Sed
1211 1699 1325 1726 quorum
1339 1692 1514 1720 vacillaverat
1530 1693 1608 1724 ﬁdes,
1618 1693 1770 1728 animaeque

980 1736 1151 1771 naufragium
1166 1737 1289 1764 fecerant
1300 1757 1308 1770 ,
1326 1737 1343 1764 ii
1360 1738 1393 1764 ad
1408 1738 1557 1764 remedium
1578 1738 1655 1765 avide
1668 1745 1768 1773 prope-

980 1783 1075 1809 rabant
1090 1803 1097 1816 ,
1122 1783 1306 1817 supplicantes
1323 1787 1350 1810 et
1375 1782 1530 1817 ﬂagitantes
1556 1790 1570 1810 a
1588 1783 1768 1811 validioribus

980 1833 1008 1856 ιιι
1032 1828 1178 1855 salutarem
1201 1829 1251 1855 sibi
1270 1829 1393 1855 dextram
1420 1829 1590 1863 porrigerent
1606 1837 1613 1856 :
1632 1829 1768 1864 Deumque

978 1880 1090 1902 orantes
1105 1880 1133 1901 ut
1148 1875 1282 1909 pl‘Opilius
1297 1875 1348 1901 sibi
1364 1882 1424 1901 esse
1444 1874 1534 1901 Vellet.
1553 1874 1675 1902 Posllnec
1685 1875 1768 1902 etiam

980 1920 1104 1955 generosi
1131 1920 1168 1946 illi
1193 1927 1278 1946 sat-ra:
1295 1920 1436 1954 religionis
1452 1920 1555 1954 pugiles
1569 1940 1577 1952 ,
1596 1920 1767 1947 metallorum

978 1966 1107 1992 aerumnis
1123 1965 1240 1997 liberati,
1266 1965 1292 1992 in
1318 1974 1395 1992 suam
1419 1966 1516 2001 singuli
1537 1966 1652 2000 patriam
1670 1966 1768 1993 reverti

978 2016 1120 2045 ceperunt
1139 2020 1145 2038 :
1164 2019 1265 2046 perque
1278 2012 1359 2038 urbes
1376 2012 1484 2045 pervias
1495 2011 1547 2038 heti
1564 2017 1645 2046 atque
1666 2011 1768 2038 alacres

979 2056 1142 2083 incedebant
1155 2077 1162 2087 ,
1181 2056 1336 2082 incredibili
1354 2056 1472 2089 quodam
1498 2055 1598 2090 gaudio
1612 2061 1638 2082 et
1653 2055 1767 2089 inexpli-

979 2101 1057 2128 cabili
1081 2101 1176 2128 ﬁducia
1205 2101 1308 2135 lepleii.
1328 2101 1374 2127 Sic
1396 2101 1478 2134 igitur
1494 2108 1638 2128 numerosa
1660 2105 1768 2127 nostro-

979 2156 1039 2174 rum
1067 2148 1175 2182 agmina
1190 2169 1197 2180 ,
1215 2155 1262 2182 per
1279 2149 1335 2173 vias
1352 2148 1475 2181 publicas
1490 2152 1516 2174 et
1532 2155 1580 2182 per
1595 2146 1655 2174 fora
1682 2147 1766 2174 Deum

979 2193 1088 2229 hymnis
1103 2199 1130 2219 et
1153 2193 1269 2220 canticis
1283 2193 1445 2220 celebrando
1457 2213 1465 2224 ,
1481 2193 1533 2220 iter
1558 2200 1637 2219 suum
1655 2199 1767 2227 perege-

979 2244 1054 2266 runt.
1073 2239 1106 2266 Et
1132 2240 1177 2274 qui
1202 2239 1283 2275 paulo
1300 2245 1380 2267 antea
1399 2247 1461 2266 ιυιιι
1485 2247 1592 2267 summa
1618 2239 1767 2267 acerbitate

939 2279 963 2307 Ι)
979 2286 1060 2312 vincti
1077 2291 1102 2312 et
1115 2293 1149 2313 ex
1177 2286 1264 2321 patria
1290 2286 1399 2313 fuerant
1415 2286 1519 2322 expulsi
1535 2306 1541 2318 ,
1562 2294 1610 2313 eos
1627 2291 1690 2313 tunc
1704 2285 1766 2312 laeto

130 2339 213 2367 atque
242 2332 321 2359 hilari
357 2331 504 2358 vultu.sua
526 2330 663 2357 domirilia
688 2330 867 2364 postliminio
887 2338 1081 2366 recuperatttes
1114 2333 1239 2360 vidisses.
1263 2332 1338 2360 Adeo
1361 2337 1391 2360 ut
1415 2333 1452 2359 illi
1473 2332 1523 2367 ipsi
1552 2331 1597 2367 qui
1615 2332 1690 2366 prius
1713 2338 1766 2357 eac-

131 2380 193 2408 dem
218 2378 294 2406 nobis
321 2383 404 2412 atque
427 2377 564 2404 excidium
589 2377 773 2409 minabantur,
799 2381 852 2403 tam
877 2377 1020 2412 insperata
1046 2378 1083 2406 rei
1109 2378 1239 2405 miraculo
1261 2379 1383 2411 attoniti,
1399 2378 1481 2414 35.9
1496 2377 1574 2404 nobis
1596 2376 1767 2412 gratularen-

131 2430 186 2452 ωτ-
399 2469 596 2496 ΚΕΦΛΛΛΙΟΝ
614 2469 651 2495 B'.

269 2516 337 2549 Περὶ
351 2515 406 2549 τῆς
419 2515 577 2550 μετέπειτα
592 2514 778 2549 διαστροφῆς

365 2549 434 2586 (Nic.
456 2551 490 2577 ll.
507 2550 539 2577 E.
556 2559 602 2583 vn,
618 2549 676 2585 '25).

166 2595 260 2624 Ταῦτα
271 2596 291 2623 δ’
306 2597 397 2623 οὐκέτι
410 2593 465 2628 οἷός
480 2605 509 2622 τε
526 2596 564 2622 ὢν
576 2596 669 2631 φέρειν
682 2597 696 2622 ὁ
717 2595 858 2631 τύραννος,
880 2605 925 2631 μι-

169 2676 214 2714 (5)
223 2677 302 2712 Vulg.
319 2678 477 2713 περαιτέρω
489 2679 591 2712 αὐτοῖς
605 2678 713 2706 τούτου
723 2679 776 2705 τοῦ
788 2678 920 2714 γράμμα-

127 2719 190 2746 τος.
207 2713 265 2750 Non
291 2714 383 2741 dubito
395 2716 458 2748 quin
476 2715 650 2750 scribendum
661 2714 767 2750 situ-:05
791 2714 922 2750 πράγμα-

128 2756 186 2781 τος.
206 2749 292 2782 Quam
305 2750 521 2776 emendationem
536 2748 678 2775 conﬁrmat
702 2748 872 2782 Nicephorius
896 2751 921 2774 in

130 2791 193 2818 (ap.
218 2785 254 2810 ’24
277 2784 295 2810 l.
311 2791 359 2814 vti.
372 2784 417 2817 qui
441 2784 618 2819 huncrloctuu
635 2785 674 2810 sic
702 2785 837 2816 expressit
855 2793 860 2810 :
877 2784 924 2819 Μὴ

129 2819 268 2859 προσῆκον
268 2819 395 2880 indvat;
411 2818 565 2854 περαιτέρω
579 2819 705 2854 φροντίδα
723 2820 785 2855 περὶ
796 2819 927 2854 Χριστια-

129 2862 182 2880 νων
194 2862 264 2880 ποιει
301 2863 338 2880 αι.

129 2862 182 2881 νων
194 2862 338 2880 ποιεισυαι.

166 2889 205 2926 (ϐ)
227 2888 476 2923 Ἐπιτελουμέιπς
498 2888 684 2923 συναγωγάς.
709 2889 769 2924 lloc
794 2890 852 2917 loco
868 2898 928 2915 συν-

1285 2466 1400 2494 CAI‘U'I‘
1423 2466 1455 2494 ll.

1103 2515 1140 2541 De
1157 2515 1286 2550 pravitate
1300 2521 1358 2548 quo:
1375 2520 1436 2539 mea:
1451 2513 1590 2539 subsecuta
1603 2518 1652 2539 ut.

1017 2594 1117 2622 Verum
1146 2593 1190 2620 ille
1211 2593 1363 2620 honestatis
1379 2597 1405 2619 cl
1424 2591 1556 2619 bon0rum
1575 2591 1697 2619 omnium
1715 2590 1767 2617 ini-

970 2677 1082 2712 αγωγὰς
1095 2675 1183 2710 posuit
1199 2683 1247 2710 pro
1260 2673 1393 2706 συνάξεις.
1409 2674 1466 2706 Quo
1478 2681 1558 2701 sensu
1573 2673 1652 2700 etiam
1667 2672 1768 2707 Diony-

972 2714 1028 2739 sius
1040 2712 1238 2738 Alexandriuus
1254 2718 1314 2737 eam
1330 2717 1423 2736 vocem
1444 2713 1564 2742 usurpat,
1579 2714 1605 2733 nl
1621 2715 1702 2741 supra
1718 2716 1767 2733 tw-

974 2747 1028 2774 tavi
1048 2747 1076 2773 in
1093 2747 1138 2773 lib.
1153 2754 1198 2773 vn.
1220 2746 1322 2779 Duplex
1337 2750 1426 2770 autem
1442 2748 1502 2770 erat
1525 2744 1634 2775 σύναξις
1652 2751 1657 2768 :
1678 2743 1764 2769 altera

974 2790 1095 2816 precum;
1114 2782 1197 2808 altera
1214 2778 1457 2816 sacramentorum.
1479 2780 1515 2816 De
1541 2778 1767 2816 prioreloquitnr

975 2812 1142 2843 Mltanasius
1156 2817 1182 2842 in
1193 2816 1320 2849 Apologia
1330 2816 1362 2841 ad
1374 2812 1559 2841 Constantium
1570 2822 1577 2840 :
1588 2812 1642 2840 Καὶ
1656 2813 1767 2847 γέγονεν

975 2853 1024 2878 οὐκ
1036 2850 1168 2884 ὲγκαίνια,
1185 2849 1252 2876 ἀλλᾶ
1268 2849 1375 2882 stivath
1386 2849 1434 2884 τῆς
1445 2849 1538 2884 εὐχῆς.

1014 2883 1308 2922 (ᾙΚεχειμιισμένοι.
1324 2883 1425 2919 Lapsus
1449 2883 1581 2919 tntelligil,
1617 2890 1685 2918 quos
1700 2891 1769 2910 nau-
