2013 3179
140 173 192 200 815

632 168 807 196 HISTORUE
825 165 1106 195 ECCLESIASTICIE
1127 164 1191 194 LIB.
1213 165 1258 194 IX.

1708 159 1759 193 ait

140 233 258 268 λαγόνων
271 232 370 268 ἑαυτῆς
382 232 411 258 ὲν
421 230 528 266 φοόερῷ
539 229 631 267 τρόμῳ
641 229 842 264 καταδυομένην
858 228 922 264 (54),

979 226 1052 258 Quas
1063 226 1171 260 quidem
1185 232 1279 253 omnes
1296 224 1468 252 calamitates
1484 223 1570 259 iisque
1582 225 1668 253 adhuc
1683 233 1760 253 arer-

141 279 209 315 μηδέ
221 287 252 313 γε
261 279 296 305 τὰ
309 277 470 313 ἐπικείμενα
485 277 536 312 ὅρη
551 275 698 311 χασμάτων
715 275 863 309 γινομένων
878 282 926 301 κα-

106 343 114 351 .
139 323 299 357 ταδὺεσθαι,
315 324 387 359 ειπερ
406 323 493 350 πάντα
507 322 667 349 καὶτούτων
690 321 729 347 ἔτι
751 319 926 356 χαλεπώτερα

139 370 212 398 κακὲ
230 370 281 404 πρὸ
297 369 390 396 τούτου
412 369 540 400 πολλάκις
559 368 708 402 γεγονέναι,
724 367 810 398 οὐδεὶς
824 367 924 401 ἀγνοεῖ.

139 416 195 443 Ka‘.
214 415 300 442 ταῦτα
318 417 461 450 σύμπαντα
473 414 517 440 διὰ
539 414 587 449 τὴν
611 413 730 448 ὀλέθριον
752 412 854 447 πλάνην
876 411 926 446 τῆς

140 463 269 489 ὐποκένου
289 463 466 498 ματαιότητος
481 460 534 487 τῶν
545 460 680 496 ἀθεμίτων
697 459 845 495 ἀνθρώπων
857 458 926 485 ὲκεί-

139 518 191 536 νων
205 509 325 544 ἐγίνετο,
349 509 430 544 ἡνίκα
446 507 516 534 κατά
537 507 587 539 τὰς
606 506 694 542 ψυχὰς
718 506 806 533 αὐτῶν
827 505 926 532 ἐπεπό-

139 555 219 587 λαζε,
235 556 296 587 καὶ,
313 555 404 589 σχεδὸν
420 555 506 580 εἰπεῖν
517 573 523 584 ,
539 553 573 580 τὰ
587 554 722 588 πανταχοῦ
739 554 789 588 τῆς
801 553 926 588 οἰκουμέ-

138 608 187 635 νης
201 600 340 635 αἰσχύναις
357 599 473 632 ἐπίεζε.)
494 599 604 631 Τούτοις
624 599 681 634 μεθ’
695 599 776 635 ἕτερα
788 599 923 633 ἐπιλέγει·

142 655 152 670 ι
163 645 352 681 Ἐφοράτωσαν
364 647 392 672 ἐν
409 647 463 676 τοῖς
474 645 601 672 πλατέσιν
616 645 665 680 ἤδη
681 645 780 677 πεδίοις
794 645 925 672 ἀνθοῦντα

138 692 173 719 τὰ
187 692 259 727 λήῐα,
276 691 323 717 καὶ
337 693 391 723 τοῖς
408 691 555 726 ἀστάχυσιν
568 691 787 726 ἐπιχυμαίνοντα,
801 692 848 717 καὶ
862 691 925 723 τοὺς

137 738 273 773 λειμῶνας
295 738 327 764 δι’
345 737 492 773 εὑομϐρίαν
504 758 511 770 ,
533 739 624 773 φυτοῖς
641 738 689 764 καὶ
712 737 803 764 ἄνθεσι
821 738 924 773 λαμπο-

140 783 247 819 μένους,
261 783 308 810 καὶ⁸
325 783 374 818 τὴν
393 783 439 809 τοῦ
455 783 535 818 ἀέρος
553 782 716 810 κατάστασιν
733 782 864 819 εὔκρατον
878 783 925 810 καὶ

139 830 295 866 πραοτάτην
309 829 484 856 ἀποδοθεῖσαν
494 837 501 844 ·
518 829 685 864 χαιρέτωσαν
702 828 792 855 λοιπὸν
806 828 924 860 ἅπαντες

137 875 183 902 διὰ
205 876 255 910 τῆς
276 875 410 910 ὑμετέρας
430 874 584 907 εὐσεϐείας,
603 874 756 910 ἱερουργίας
771 882 799 900 τε
819 875 865 901 καὶ
881 883 923 900 τι-

977 274 1066 302 biores
1080 275 1146 300 alias
1157 293 1165 306 ,
1180 273 1297 300 antehac
1312 272 1412 308 saepius
1436 273 1591 307 contigisse,
1623 280 1704 300 nemo
1718 277 1761 300 cst

977 320 1022 355 qui
1037 321 1152 355 ignoret.
1169 318 1232 346 Hme
1247 326 1328 353 porro
1346 318 1435 345 omnia
1450 318 1484 345 ob
1504 319 1662 353 pestiferum
1683 324 1759 347 erro-

977 374 1033 394 rem
1047 367 1212 394 inanissimre
1223 365 1351 392 vanitatis
1366 364 1559 392 sceleratorum
1578 365 1686 392 illorum
1706 365 1758 391 bo-

978 415 1080 441 minum
1095 417 1258 445 evenerunt,
1271 419 1324 446 quo
1339 417 1460 446 tempore
1475 419 1551 439 error
1564 411 1607 439 illc
1619 412 1645 438 in
1660 412 1759 439 animis

977 467 1069 488 eorum
1095 459 1247 494 pullulavit,
1273 463 1300 485 et
1321 458 1476 484 universum
1492 457 1684 492 propemodum
1704 463 1759 485 ter-

978 514 1070 534 rarum
1084 507 1176 533 orbem
1189 505 1288 540 probro
1299 512 1332 531 ac
1346 504 1476 531 dedecore
1490 503 1617 538 opplevit.
1631 514 1639 529 ι
1659 503 1759 531 Deinde

977 552 1071 588 paucis
1103 552 1333 587 interjectis,litec
1355 550 1515 585 subiungit:
1537 560 1545 576 ι
1561 550 1703 585 Aspieiant
1731 551 1757 578 in

976 605 1067 635 aperta
1084 607 1239 634 camporum
1258 597 1369 633 planitie
1383 597 1510 625 ﬂorentes
1521 603 1624 633 segetes
1635 604 1663 626 et
1676 599 1758 633 spicis

976 646 1174 681 quodammodo
1191 645 1368 676 ﬁuctuantes,
1383 649 1457 678 prata
1475 645 1647 672 considerent
1660 646 1758 679 plantis

976 697 1004 720 et
1015 693 1127 720 ﬁoribus
1140 692 1299 719 collucentia
1314 697 1424 727 propter
1436 696 1613 725 opportunam
1631 692 1757 719 imbrium

975 737 1182 772 irrigationem;
1200 737 1260 764 cmli
1275 741 1375 764 statum
1389 737 1547 764 intueantur
1565 736 1590 763 in
1606 736 1759 772 placidissié

976 791 1047 809 mam
1061 783 1217 818 temperiem
1242 783 1324 819 354
1356 783 1523 811 restitutum.
1556 782 1693 810 Ltclentur
1731 784 1758 811 in

975 834 1112 864 posterum
1138 830 1239 859 cuncti.
1267 830 1338 864 quod
1366 837 1415 864 per
1434 835 1551 857 vestram
1579 830 1708 863 pietatem
1732 835 1760 857 et

975 874 1110 902 sacriﬁcia
1126 879 1152 902 ct
1173 875 1274 902 cultum
1289 875 1412 907 deorum,
1439 883 1538 902 numen
1568 874 1709 903 fortissimi
1731 881 1760 902 et

140 921 211 957 μῆς,
226 921 275 956 τῆς
295 920 341 947 τοῦ
364 920 550 947 δυνατωτάτου
571 920 616 947 καὶ
637 920 814 956 στερῤοτάτου
830 921 922 955 ’Ἄρεος

977 921 1156 956 potentissimi
1181 921 1275 949 Martis
1302 921 1435 956 placatum
1468 924 1510 950 e'st
1529 931 1535 948 :
1552 927 1634 956 atque
1659 922 1759 950 idcirco

138 966 278 1000 δυνάμεως
297 965 541 1001 ἐξευμενισθείσης,
564 965 610 991 καὶ
632 965 676 992 διὰ
693 965 771 991 τοῦτο
787 966 836 1000 τῆς
855 965 924 991 εὐδι-

138 1011 261 1047 νωτάτης
272 1011 381 1046 εἰρήνης
401 1010 514 1046 βεϐαίως
533 1011 592 1046 μεθ’
606 1011 719 1046 ἡσυχίας
733 1011 922 1043 ἀπολαύοντες,

138 1057 341 1092 ἡδυνὲσθωσαν”
358 1056 405 1083 καὶ
419 1057 475 1083 ὅσοι
497 1058 547 1092 τῆς
570 1056 672 1091 τυφλῆς
692 1057 798 1092 ἐκείνης
822 1057 924 1092 πλάνης

138 1102 186 1129 καὶ
202 1102 324 1138 περιόδου
340 1102 510 1129 παντάπασιν
524 1102 688 1134 ἀποστάντες
698 1123 705 1135 ,
721 1103 760 1134 εἰς
781 1102 862 1138 ὀρθὴν
879 1103 924 1128 καὶ

138 1148 286 1183 καλλίστην
309 1148 427 1175 διάνοιαν
459 1146 618 1184 ἐπανῆλθον,
647 1148 775 1183 μειζόνως
806 1151 854 1183 μὲν
877 1146 924 1174 οὖν

138 1194 323 1230 χαιρέτωσαν,
350 1194 386 1226 ὡς
413 1194 445 1221 ἂν
469 1195 501 1221 ἐκ
524 1194 655 1230 χειμῶνος
678 1195 879 1230 ἀπροσδοκήτου
906 1194 922 1230 ἢ

137 1241 214 1268 νόσου
232 1241 342 1277 βαρείας
355 1240 583 1273 ἀποσπασθέντες,
600 1241 646 1267 καὶ
658 1241 748 1277 ἡδεῖαν
763 1243 802 1273 εἰς
815 1241 923 1268 τούπιὸν

137 1287 212 1323 ζωῆς
228 1287 375 1314 ἀπόλαυσιν
390 1287 612 1322 καρπωσάμενοι.
634 1286 666 1313 Ei
688 1287 716 1314 δὲ
736 1288 769 1322 τῇ
794 1287 924 1323 ἐπαράτῳ

138 1333 226 1360 αὐτῶν
238 1333 395 1368 ματαιότητι
406 1333 568 1368 ὲπιμένοιεν,
581 1333 608 1358 ὲν
621 1332 710 1368 πολλῷ
723 1333 863 1369 πόρρωθεν
875 1333 924 1368 τῆς

139 1379 272 1415 ὑμετέρας
289 1379 392 1410 πόλεως
413 1379 460 1405 καὶ
482 1378 652 1414 περιχώρου,
673 1378 763 1410 καθὼς
778 1378 922 1414 ἠξιώσατε,

138 1425 372 1461 ἀποχωρισθέντες
392 1425 612 1461 ἐξελαθήτωσαν,
630 1425 661 1451 ἵν’
679 1424 765 1456 οὕτως
784 1425 843 1452 κατ’
865 1426 924 1451 ἁκο-

138 1471 247 1499 λουθίαν
263 1473 313 1508 τῆς
336 1471 491 1504 ἀξιεπαίνου
515 1471 591 1507 ὑμῶν
613 1472 675 1508 περὶ
696 1472 774 1498 τοῦτο
796 1472 922 1507 σπονδῆς,

138 1519 237 1550 παντὸς
264 1518 415 1554 μιάσματος
440 1519 486 1545 καὶ
513 1519 638 1550 ἀσεϐείας
664 1519 881 1554 ἀποχωρισθεῐσα
905 1519 922 1555 ἡ

138 1563 258 1598 ὑμετέρα
281 1563 367 1594 πόλις,
392 1563 460 1590 κατὰ
487 1563 536 1598 τὴν
561 1564 678 1599 ἔμφυτον
705 1565 772 1599 αὐτῇ
796 1564 924 1599 πρόθεσιν

138 1609 194 1644 (35)
221 1609 290 1644 μετὰ
312 1609 358 1636 τοῦ
382 1610 555 1645 ὀφειλομένου
582 1610 760 1645 σεὸἀσματος,
785 1611 845 1642 ταῖς
869 1609 923 1636 τῶν

138 1655 279 1682 ἀθανάτων
294 1654 363 1682 θεῶν
383 1655 546 1691 ἱερουργίαις
562 1656 695 1692 ὑπακούῃ.
716 1657 773 1682 ¹’ἱνα
790 1656 819 1682 δὲ
837 1656 923 1691 εἰδῆτε

138 1702 193 1736 ὅσῳ
209 1701 359 1737 προσφιλὴς
374 1703 440 1737 ἡμῖν
454 1702 564 1736 γέγονεν
581 1703 598 1737 ἡ
619 1703 682 1737 περὶ
700 1702 793 1729 τούτου
815 1702 924 1735 ἀξίωσις

138 1748 225 1783 ὑμῶν,
244 1749 290 1774 καὶ
302 1749 384 1783 χωρὶς
398 1747 580 1783 ψηφισμάτων
594 1748 639 1774 καὶ
651 1748 734 1783 χωρὶς
746 1748 863 1783 δεήσεως
877 1748 925 1774 αὑ-

138 1793 255 1829 θαιρέτῳ
278 1793 402 1829 βουλήσει
418 1794 434 1829 ἡ
453 1794 574 1829 ἡμετέρα
596 1793 786 1829 προθυμοτάτη
809 1794 924 1828 φιλαγα-

138 1840 210 1872 θίαις
229 1840 319 1875 ψυχὴ,
342 1840 524 1875 ἐπιτρέπομεν
547 1842 579 1876 τῇ
607 1841 725 1876 ὑμετέρᾳ
752 1840 922 1873 καθοσιώσει,

137 1887 233 1915 ὁποίαν
251 1887 273 1913 δ’
287 1887 319 1914 ἂν
339 1887 487 1922 βουληθῆτε
505 1886 726 1922 μεγαλώωρεάν,
748 1887 807 1913 ἀντὶ
822 1886 924 1922 ταύτης

137 1933 216 1968 ὑμῶν
229 1935 278 1967 τῆς
295 1933 418 1967 φιλοθέου
434 1933 588 1968 προθέσεως
604 1933 723 1968 αἰτῆσαι.
739 1933 793 1959 Καὶ
807 1933 856 1968 ἤδη
876 1933 924 1968 μὲν

136 1979 217 2006 τοῦτο
232 1982 319 2006 ποιεῖν
334 1981 380 2007 καὶ
394 1980 485 2006 λαϐεῖν
501 1979 649 2013 ἀξιώσατε·
670 1979 795 2011 τεύξεσθε
809 1979 863 2014 γὰρ
878 1980 925 2005 αὺ-

136 2026 187 2062 τῆς
205 2026 289 2062 χωρίς
305 2035 376 2058 τινος
393 2026 563 2061 ὑπερθέσεως
576 2033 583 2040 ·
600 2026 659 2061 ἣτις
672 2025 873 2062 παρασχεθεῖσα
891 2026 939 2060 τῇ¹

137 2071 259 2107 ὑμετέρᾳ
273 2072 366 2104 πόλει,
381 2073 420 2104 είς
436 2072 542 2098 ἅπαντα
560 2072 606 2098 τὸν
625 2071 710 2098 αἰῶνα
727 2073 775 2107 τῆς
787 2071 850 2107 περὶ
863 2072 924 2103 τοὺς

137 2117 288 2150 ἀθανάτους
304 2118 381 2150 θεοὺς
401 2118 523 2152 φιλοθέου
539 2117 678 2149 εὐσεϐείας
693 2118 806 2153 παρέξει
826 2126 926 2152 μαρτυ-

137 2164 216 2202 ρίαν,
235 2164 282 2190 τοῦ
302 2164 330 2191 δὲ
352 2165 423 2199 ὑμᾶς
443 2164 497 2200 (56)
515 2163 596 2196 ἀξίων
613 2164 736 2191 ἐπάθλων
750 2164 924 2200 τετυχηκέναι

136 2209 214 2244 παρὰ
226 2209 276 2244 τῆς
293 2210 428 2245 ἡμετέρας
442 2210 615 2245 φιλαγαθίας,
632 2211 732 2245 ταύτης
744 2210 819 2246 ὑμῶν
833 2210 924 2236 ἕνεκεν

135 2254 188 2290 τῆς
201 2255 247 2282 τοῦ
265 2255 321 2290 βίου
333 2257 527 2292 προαιρέσεως,
542 2258 608 2289 υἱοῖς
621 2266 651 2284 τε
665 2258 712 2284 καὶ
726 2258 846 2291 ἐκγόνοις
863 2257 924 2291 ὑμε-

977 968 1198 1003 tranquillissima
1228 976 1294 1003 pace
1320 969 1440 1003 quietius
1474 969 1669 1003 pet-fruentes,
1699 978 1759 997 sese

975 1014 1119 1041 oblectent.
1134 1015 1186 1042 Sed
1198 1020 1223 1042 et
1243 1015 1395 1051 quicunque
1408 1024 1478 1044 caeco
1489 1017 1535 1044 illo
1547 1024 1644 1044 errore
1659 1021 1686 1044 et
1701 1023 1759 1043 am:

977 1059 1043 1093 bage
1052 1059 1158 1087 liberati
1172 1061 1205 1088 ad
1223 1067 1325 1088 rectam
1341 1070 1488 1097 sanamque
1497 1063 1658 1090 sententiam
1676 1063 1759 1090 redieé

975 1111 1048 1139 runt,
1066 1114 1098 1133 eo
1121 1107 1209 1142 magis
1234 1108 1389 1141 gaudeant;
1414 1113 1540 1143 tanquam
1566 1117 1598 1137 ex
1619 1110 1758 1144 inopinata

976 1155 1134 1186 tempestate
1159 1158 1206 1180 aut
1234 1162 1268 1180 ex
1298 1155 1458 1188 gravissimo
1479 1156 1573 1182 morbo
1600 1157 1713 1188 servati.
1731 1161 1759 1183 et

973 1197 1169 1232 jucundissima
1184 1198 1210 1225 in
1223 1204 1360 1233 posterum
1379 1200 1433 1226 vita
1453 1201 1572 1228 lruituri.
1585 1200 1660 1234 Quod
1677 1201 1700 1228 si
1713 1201 1757 1236 qui

975 1243 1002 1269 in
1017 1244 1174 1270 detestando
1188 1252 1241 1271 sua:
1261 1244 1390 1272 vanitatis
1410 1253 1503 1273 errore
1519 1246 1607 1274 adhuc
1625 1251 1756 1281 perstant,

975 1288 993 1315 ii
1022 1295 1103 1322 quam
1128 1288 1284 1324 longissime
1311 1297 1325 1316 a
1353 1296 1443 1318 vestra
1474 1292 1540 1319 urbe
1566 1297 1593 1320 et
1617 1293 1758 1320 territorio

975 1334 1085 1366 seclusi,
1110 1335 1180 1362 sicut
1203 1335 1330 1370 petiistis,
1362 1337 1518 1372 alligantur;
1546 1342 1575 1364 ut
1604 1339 1655 1366 hoc
1679 1344 1758 1373 pacto

975 1379 1071 1406 civitas
1084 1385 1172 1407 vestra
1196 1379 1272 1414 juxta
1300 1381 1435 1409 laudabile
1450 1383 1568 1409 stadium
1592 1388 1710 1411 vestrum
1726 1392 1758 1412 ac

976 1426 1151 1458 desiderium,
1181 1428 1254 1454 omni
1268 1427 1374 1462 piaculo
1390 1436 1422 1456 ac
1436 1429 1538 1457 scelere
1558 1429 1680 1462 liberata,
1706 1438 1757 1465 pro

975 1472 1056 1499 insito
1078 1473 1129 1500 sibi
1153 1471 1250 1500 achclu
1269 1481 1329 1500 cum
1352 1474 1439 1501 debita
1458 1475 1631 1503 veneratione
1645 1476 1757 1503 deorum

976 1519 1166 1546 immortalium
1183 1521 1323 1548 sacriﬁciis
1337 1520 1473 1549 inserviat.
1487 1521 1572 1549 Porro
1585 1527 1615 1549 ut
1629 1522 1759 1558 intelligas

977 1565 1011 1592 tis
1026 1572 1106 1599 quam
1120 1570 1196 1600 grata
1219 1566 1296 1593 nobis
1311 1566 1392 1594 fuerit
1417 1572 1509 1594 vestra
1529 1568 1585 1595 hrcc
1599 1568 1756 1602 postulatio.

975 1615 1003 1636 et
1014 1609 1131 1645 qualiter
1148 1611 1255 1638 animus
1285 1617 1377 1639 noster
1404 1613 1484 1640 etiam
1515 1613 1618 1648 absque
1639 1614 1757 1641 decretis

974 1655 1037 1682 ullis
1055 1663 1087 1682 ac
1105 1656 1284 1690 petitionibus
1298 1658 1369 1685 ultro
1389 1665 1435 1685 Sua
1461 1663 1558 1693 sponte
1575 1659 1608 1686 ad
1625 1658 1758 1687 beneﬁcia

974 1703 1041 1729 viris
1053 1702 1131 1730 bonis
1147 1703 1285 1738 largienda
1305 1705 1523 1739 promptissimus
1539 1710 1598 1737 est;
1622 1705 1757 1733 devotioni

974 1752 1072 1775 vestra:
1085 1749 1273 1781 concedimus,
1291 1754 1320 1776 ut
1336 1751 1515 1784 quodcunque
1527 1755 1554 1778 et
1569 1758 1650 1785 quam
1670 1752 1758 1778 maxi-

974 1801 1048 1821 mum
1073 1794 1215 1822 volueritis
1230 1795 1388 1822 beneﬁcium
1405 1803 1453 1830 pro
1466 1797 1517 1823 hoc
1531 1797 1575 1830 pio
1587 1804 1619 1823 ac
1632 1796 1758 1831 religioso

974 1845 1067 1866 vestro
1084 1841 1224 1874 proposito
1238 1841 1390 1875 postuletis.
1406 1841 1464 1868 1am
1480 1849 1543 1876 ergo
1563 1846 1592 1868 ut
1611 1842 1637 1868 id
1652 1842 1758 1869 faciatis

974 1891 1057 1920 utque
1067 1886 1210 1920 accipiatis
1224 1895 1333 1921 operam
1359 1887 1432 1915 date;
1446 1887 1552 1914 Etenim
1569 1887 1634 1915 illud
1657 1889 1758 1923 absque

974 1932 1027 1958 ulla
1048 1940 1124 1960 mora
1137 1933 1310 1960 consecuturi
1326 1933 1403 1959 estis.
1431 1932 1506 1966 Quod
1532 1934 1640 1966 quidem
1662 1939 1758 1960 vestra:

975 1978 1077 2005 civitati
1101 1979 1251 2013 prtestitum
1274 1979 1451 2011 beneﬁcium,
1468 1987 1529 2006 cum
1548 1979 1758 2014 religiosissima:

975 2029 1073 2051 vestrae
1097 2032 1161 2059 erga
1190 2025 1254 2052 deos
1285 2024 1452 2052 immortales
1472 2024 1580 2059 pietatis
1599 2031 1757 2060 perpetuum

975 2071 1103 2104 deinceps
1120 2071 1173 2098 erit
1190 2071 1376 2098 testimonium
1390 2079 1397 2103 ;
1428 2076 1484 2098 tum
1506 2071 1604 2098 vestris
1619 2071 1758 2099 liberisrac

975 2115 1116 2149 nepotibus
1138 2116 1308 2148 declarabit,
1331 2124 1378 2143 vos
1404 2124 1453 2151 pro
1477 2117 1628 2151 lmjusmedi
1652 2117 1757 2145 vivendi

975 2163 1080 2190 ratione
1097 2168 1178 2198 atque
1194 2163 1319 2191 instituto
1333 2163 1412 2198 digna
1435 2164 1542 2198 praemia
1562 2171 1576 2190 a
1592 2163 1757 2197 benignitate

975 2214 1069 2236 nostra
1083 2210 1239 2237 retulissea
1257 2208 1417 2243 Hnjnsmodi
1431 2210 1511 2244 igitur
1521 2209 1618 2236 littera:
1631 2209 1659 2237 in
1670 2211 1756 2236 omni-

976 2254 1025 2281 bus
1051 2255 1199 2288 provinciis
1230 2255 1374 2283 adversum
1403 2263 1453 2282 nos
1474 2255 1580 2290 publice
1603 2255 1756 2290 propositae.

135 2301 226 2337 ⁵ἰτι-Ξροις
251 2302 492 2338 ἐπιδειχθήσεται.ι
517 2302 609 2330 Ταῦτα
631 2303 662 2338 δὴ
683 2302 742 2330 καθ’
759 2303 835 2337 ἡμῶν
854 2301 922 2328 κατὰ

976 2308 1083 2330 omnem
1108 2303 1186 2330 nobis
1209 2308 1338 2337 quantum
1363 2303 1470 2337 quidem
1494 2302 1521 2328 in
1541 2301 1680 2329 hominum
1708 2310 1756 2337 po—

136 2346 229 2376 πᾶσάν
243 2350 375 2385 ἐπαρχίαν
394 2349 615 2385 ἀνεστηλίτευτο,
638 2351 727 2385 πάσης
747 2349 868 2380 ἐλπίδος,
892 2349 922 2374 τὸ

135 2395 203 2430 γοῦν
219 2396 262 2422 ἐπ’
276 2396 438 2431 ἀνθρώποις,
456 2396 561 2432 ἀγαθῆς
575 2396 608 2422 τὰ
628 2396 688 2423 καθ’
703 2396 775 2431 ἡμᾶς
796 2395 921 2422 ἀποκλεί-

134 2449 216 2468 οντα·
229 2441 276 2473 ὡς.
295 2443 355 2468 κατ’
371 2442 436 2469 αὐτὸ
450 2442 481 2477 δὴ
494 2442 524 2468 τὸ
539 2442 608 2468 θεῖον
620 2443 707 2468 ἐκεῖνο
722 2441 819 2476 λόγιον,
835 2442 858 2467 εἰ
875 2441 920 2466 δυ-

135 2486 225 2519 νατὸν,
241 2488 286 2513 ἐπὶ
302 2487 406 2519 τούτοις
425 2488 470 2515 καὶ
485 2489 547 2520 τοὺς
563 2488 706 2519 ἐκλεκτοὺς
725 2487 822 2519 αὐτοὺς
839 2495 920 2513 σκαν-

133 2532 297 2564 δαλίζεσθαι.
321 2533 389 2568 Ἤδη
404 2534 436 2568 τέ
446 2542 485 2560 τοι
510 2533 600 2568 σχεδὸν
618 2535 667 2569 τῆς
681 2533 756 2568 παρά
768 2534 823 2563 τοῖς
843 2532 918 2558 πλεί-

136 2587 211 2610 στοις
226 2578 417 2615 ἀποψυχούσης
430 2579 602 2615 προσδοκίας,
615 2579 719 2615 ἁθρόως
733 2579 793 2605 καθ’
805 2579 863 2605 ὁδὸν
880 2578 918 2604 ἔτι

135 2623 229 2658 σχεδὸν
247 2623 296 2658 τὴν
317 2625 428 2660 πορείαν
451 2624 479 2651 ἓν
498 2632 552 2650 τισι
569 2624 671 2661 χώραις
692 2624 851 2651 διανυόντων
867 2623 919 2649 τῶν

171 2704 227 2738 (54)
247 2704 299 2731 Ἔν
309 2703 422 2739 φοϐερῷ
436 2705 532 2740 τρόμῳ
541 2704 773 2740 καταδυομένην.
791 2703 919 2731 Scrihen-

135 2740 199 2765 dum
216 2740 322 2766 videtur
348 2739 567 2773 ἀναδυομέυνην.
585 2741 640 2766 Duo
666 2741 737 2766 enim
767 2744 846 2766 terra:
863 2747 920 2765 Ino—

135 2779 210 2800 tuuin
227 2782 325 2809 genera
341 2775 390 2801 sibi
406 2775 519 2801 invicem
537 2776 670 2808 opposita,
685 2775 727 2802 hic
743 2782 756 2800 a
771 2774 916 2800 Maximino

134 2809 310 2845 rell-runtur;
331 2809 496 2845 βρασματίαι
518 2810 621 2836 scilicet
648 2815 674 2836 et
700 2810 857 2845 χασματίαι.
881 2810 916 2835 De

133 2846 233 2879 quit‘uts
248 2844 308 2872 vide
325 2848 414 2870 Amm.
429 2844 624 2876 Marcellinum,
637 2850 664 2871 et
677 2853 736 2879 quae
752 2845 786 2871 ibi
811 2845 913 2871 notari.

133 2876 225 2905 lnnuit
240 2884 330 2906 autem
356 2878 514 2905 Maximinus
542 2884 620 2905 terra:
655 2876 755 2906 motum
772 2880 913 2913 illum,qui

135 2918 231 2942 urbem
246 2913 346 2948 Tyrum
364 2913 506 2949 amtxerat,
521 2922 591 2941 anno
612 2920 676 2942 ante
698 2916 915 2949 persecutionem

979 2352 1075 2375 testate
1099 2347 1182 2375 situm
1204 2353 1272 2378 erat.
1301 2356 1375 2382 spem
1409 2348 1548 2375 felicitatis
1573 2349 1755 2376 ademerant:

974 2395 1043 2420 adeo
1059 2398 1098 2426 ut,
1112 2395 1188 2428 juxta
1202 2395 1323 2422 divinum
1336 2395 1399 2421 illud
1408 2394 1559 2426 oraculum,
1571 2395 1652 2422 etiam
1665 2394 1755 2426 electi,

974 2440 996 2466 si
1013 2440 1064 2467 hoe
1078 2439 1135 2466 ﬁeri
1150 2445 1256 2474 posset,
1273 2441 1307 2468 ob
1332 2441 1389 2468 haec
1409 2441 1564 2468 scandalum
1582 2446 1750 2475 paterentur;

981 2486 1104 2520 Cumque
1127 2485 1246 2514 ccelestis
1263 2488 1355 2514 airxilii
1372 2487 1604 2522 exspectatiojam
1623 2488 1650 2513 in
1669 2487 1755 2522 pluri-

973 2531 1026 2558 mis
1042 2536 1196 2558 nostrorum
1212 2532 1411 2567 refrigesceret,
1428 2537 1536 2567 repente
1547 2531 1679 2559 ministris
1691 2533 1756 2568 ipsis

974 2578 1019 2612 qui
1034 2577 1207 2611 supradictas
1224 2579 1329 2606 litteras
1351 2579 1581 2607 circumferebant
1613 2578 1702 2606 adhuc
1729 2579 1755 2606 in

975 2623 1138 2658 quibusdam
1169 2624 1316 2658 provinciis
1346 2625 1398 2652 iter
1428 2633 1505 2652 suum
1541 2626 1753 2659 peragentibus,

975 2702 1148 2734 Diocletiani,
1167 2708 1196 2729 ut
1213 2702 1297 2729 refert
1314 2703 1444 2730 Eusebius
1459 2704 1484 2730 in
1500 2703 1640 2731 Chronico.

1007 2739 1062 2774 (55)
1081 2737 1138 2771 Τὴν
1151 2738 1284 2774 ἔμφυτον
1297 2737 1373 2772 αὐτῇ
1398 2739 1550 2774 πρόθεσιν.
1574 2738 1752 2766 Seribendum

975 2774 1080 2800 videtur
1095 2774 1169 2800 κατὰ
1185 2773 1242 2806 τὴν
1254 2773 1396 2807 ἔμφυτον,
1422 2778 1450 2799 ιιι
1470 2773 1605 2801 Muscultts
1628 2780 1656 2801 ct
1670 2774 1751 2801 Chriv

969 2811 1164 2845 stopliorsonus
1179 2808 1311 2845 legerunt.
1332 2807 1414 2834 Paulo
1425 2813 1489 2845 post
1505 2817 1553 2842 pro
1566 2809 1621 2845 ὅσῳ
1638 2817 1752 2844 προσφι-

967 2843 1015 2879 λὴς
1031 2844 1121 2879 nialnu
1138 2844 1256 2879 scribere
1270 2843 1308 2879 di;
1324 2843 1484 2879 προσῳιλής.

1002 2879 1057 2911 (ὖϋ)
1075 2877 1169 2905 Τοῦδὲ
1180 2877 1267 2912 ὑμᾶς.
1285 2877 1463 2906 Scribendum
1476 2883 1540 2912 puto
1552 2878 1604 2906 τοῦ
1619 2887 1652 2906 τε
1661 2878 1751 2914 ἡμᾶς,

969 2915 1116 2948 supplendo
1137 2913 1299 2949 μαρτυρίαν.
