2013 3179
268 150 322 178 815

617 148 751 178 Ευεειῑιι
769 147 1008 177 (ΖΕΞΔΒΙΕΝΞΙΞ
1028 147 1047 177 0

1098 168 1103 176 ,
1124 146 1213 176 PARS
1233 147 1254 175 I.
1274 163 1306 168 —
1326 146 1525 176 HISTORICA.

1824 152 1879 180 8l6

270 208 536 245 Deus,quiEcclesiaa
552 216 608 236 sua:
627 216 735 244 semper
753 209 911 243 auxiliatur,
929 209 1045 236 insolen-

1098 207 1144 243 τὴν
1159 207 1339 244 προκειμένην
1358 208 1464 243 γραφὴν
1481 206 1541 234 καθ’
1555 206 1632 242 ήμῶν
1653 207 1877 243 διακονουμένων.

270 261 323 284 tem
359 255 488 283 adversus
515 263 563 282 nos
599 256 708 291 tyranni
737 256 889 290 superbiam
921 261 1047 289 tanquam

269 302 370 337 injecto
396 301 423 329 in
450 309 481 329 os
508 301 584 328 freno
607 301 799 336 comprimens,
823 300 904 336 355
930 301 1049 329 caelestis

269 356 325 376 sua:
340 347 469 384 potentiae
489 347 567 375 nobis
581 347 738 382 opitulantis
763 348 934 382 praesentiam
956 347 1048 375 decla-

269 394 324 421 ravi
329 398 347 421 ι.

555 438 669 467 CAPUT
691 439 754 467 VIII.

268 484 307 513 De
333 485 373 512 Itis
396 492 456 520 qua!
481 490 568 518 postea
590 485 742 512 arcidemnt
760 489 814 511 tum
833 485 861 512 in
883 484 966 519 bello,
993 490 1048 512 tum

478 520 557 555 [antis
575 529 606 547 ac
619 521 697 555 pestis
713 526 837 554 tempore.

304 577 371 605 Nam
387 577 488 605 imbres
502 578 610 612 quidem
627 586 659 605 ac
678 579 773 612 pluvia:
795 578 910 606 hiberno
928 584 1048 615 tempore

270 623 452 652 abundantius
471 625 567 651 cadere
589 630 688 658 praeter
713 625 822 652 solitum
837 626 985 653 desierunt.
1014 626 1047 654 Et

270 669 407 705 insperata
420 670 533 705 contigit
547 669 645 701 fames;
661 677 740 705 quam
753 671 849 698 deinde
861 672 944 706 pestis
954 672 1048 699 subse-

268 721 329 743 cuta
354 721 404 744 εει.
430 716 531 744 Praeter
547 716 605 744 haec
621 716 732 744 alterius
750 717 890 750 cujusdam
905 718 990 745 morbi
1009 718 1049 746 vis

268 763 370 795 saeviit;
400 762 476 790 ulcus
499 762 624 790 videlicet
651 763 722 798 quod
749 763 784 790 ob
809 763 1047 791 inﬂammationem

268 809 453 836 carbunculus
474 814 597 836 vocatur.
627 808 675 836 Hic
696 809 816 842 morbus,
827 817 876 844 per
892 810 1046 837 universum

268 862 367 889 corpus
382 854 512 890 paulatim
529 862 656 889 serpens,
678 855 770 888 gravia
796 855 876 891 aegris
890 855 1046 883 discrimina

268 901 407 928 afferebat.
425 901 477 928 Sed
499 901 632 936 praecipue
646 901 718 929 circa
736 901 828 928 oculos
842 901 947 929 [uerens
962 907 989 929 et
1005 902 1044 929 in-

268 947 360 975 sitiens
372 947 485 978 diutius.
495 947 650 976 innumeros
661 948 822 982 promiscum
832 948 920 975 aetatis
932 953 957 975 et
969 956 1048 976 sexus

268 993 416 1021 luminibus
429 994 545 1020 orbavit.
563 993 664 1021 Bellum
682 995 792 1029 insuper
807 1003 821 1021 a
842 1000 958 1030 tyranno
972 1002 1048 1022 com-

268 1043 370 1066 motum
387 1043 427 1066 est
440 1038 572 1067 adversus
594 1039 748 1071 Armenios,
770 1039 825 1073 jam
841 1039 905 1067 inde
918 1047 932 1067 ε
950 1040 1048 1075 priscis

269 1084 436 1120 temporibus
456 1085 559 1112 amicos
573 1092 605 1113 ac
629 1085 718 1113 socios
739 1085 829 1120 populi
852 1085 976 1113 Romani.
997 1085 1048 1119 Qui

267 1138 330 1158 cum
345 1131 492 1158 Christiani
508 1131 556 1166 ipsi
574 1138 680 1167 qumque
708 1136 800 1160 essent
823 1138 850 1160 et
866 1132 964 1160 divinae
983 1132 1048 1160 reli-

268 1176 358 1212 ginnis
371 1177 573 1210 studiosissimi,
604 1178 659 1206 Deo
682 1178 784 1206 invisus
805 1184 935 1214 tyrannus
951 1186 999 1206 eos
1015 1178 1048 1206 ad

268 1222 476 1250 simulacrorum
497 1230 529 1251 ac
548 1223 699 1251 daemonum
717 1223 820 1251 cultum
839 1223 981 1250 traducere
1002 1230 1050 1257 per

267 1269 322 1296 vim
335 1274 461 1303 conatus,
480 1277 528 1305 pro
546 1269 640 1297 amicis
654 1269 789 1301 inimicos,
801 1269 893 1297 hostes
906 1277 954 1304 pro
968 1268 1050 1297 sociis

267 1314 368 1344 cilecit.
386 1316 449 1344 Ilaec
471 1315 553 1352 igitur
574 1316 663 1343 omnia
684 1323 737 1343 uno
757 1316 906 1351 eodemque
928 1321 1049 1350 tempore

267 1369 330 1391 cum
345 1363 434 1390 Subito
447 1361 641 1390 conﬂuxissent
654 1382 661 1394 ,
687 1367 857 1397 arrogantem
872 1363 1048 1391 confidentis-

268 1409 329 1436 simi
343 1408 448 1444 tyranni
463 1408 620 1442 iactantiam
636 1408 820 1440 confutarunt,
831 1408 875 1443 qui
887 1409 921 1435 ob
932 1409 1048 1436 studium

268 1456 296 1484 in
323 1456 444 1484 colendis
458 1455 621 1488 simulacris,
647 1461 675 1483 et
702 1461 812 1491 propter
835 1458 1048 1491 persecutionem

269 1506 434 1533 nostrorum,
453 1508 504 1527 nec
519 1499 616 1527 famem
629 1521 636 1530 .
653 1507 701 1527 nec
717 1500 977 1535 pestilentiam,vnec
992 1503 1049 1529 bel-

1097 255 1112 281 ό
1129 255 1177 290 τῆς
1198 254 1264 285 ἰδίας
1283 254 1440 289 Ἐκκλησίας
1458 253 1617 290 ὑπέρμαχος
1635 253 1717 286 Θεὸς,
1739 256 1879 290 μονονουχὶ

1097 300 1146 335 τὴν
1160 299 1204 326 τοῦ
1217 300 1347 334 τυράννου
1369 300 1429 326 καθ’
1444 299 1522 335 ἡμῶν
1537 300 1720 335 ἐπιστομίζων
1739 301 1878 336 μεγαλαυ-

1098 346 1168 381 χίαν,
1193 346 1242 382 τὴν
1264 346 1335 381 ὑπὲρ
1361 345 1439 381 ἡμῶν
1466 345 1589 382 οὐράνιον
1611 345 1693 373 αὑτοῦ
1720 347 1879 383 συμμαχίαν

1097 392 1277 420 ἐπεδείκνυτο.

1361 438 1556 465 ΚΕΦΛΛΑΙΟΝ
1575 439 1615 466 H’.

1097 484 1166 519 Περὶ
1181 483 1241 511 τῶν
1256 484 1330 511 κατὰ
1344 484 1434 521 ταῦςα
1448 486 1675 521 συμϐεϐηκότων
1689 485 1724 512 ἐν
1737 485 1812 521 ,λιμῷ
1828 485 1878 513 καί

1316 519 1410 555 ,ποιμῷ
1428 520 1476 546 καί
1496 520 1648 555 πολέμοις.

1132 576 1163 602 υἱ
1178 575 1227 611 μὲν
1239 574 1285 603 οὗν
1301 576 1330 610 ἐξ
1342 576 1419 609 ἔθους
1434 577 1489 613 (57)
1504 578 1600 614 ὄμϐροι
1613 586 1642 606 τε
1658 579 1705 605 καὶ
1714 578 1786 605 ὑετοὶ
1796 599 1804 609 ,
1819 587 1877 613 χει-

1099 621 1193 657 μαδίου
1209 624 1258 658 τῆς
1276 622 1348 658 ὥρας
1367 623 1540 659 ὑπαρχούσης
1550 644 1556 656 ,
1579 624 1628 660 τὴν
1643 624 1689 651 ἐπὶ
1705 624 1756 659 γῆς
1773 625 1878 660 ἀνεῖχον

1098 668 1198 704 συνήθη
1223 668 1324 704 φορὰν.
1349 669 1428 704 λιμὸς
1447 670 1470 696 δ’
1488 669 1617 705 ἀδόκητος
1637 671 1815 706 ἐπισκήπτει,
1832 671 1879 698 καὶ

1096 713 1188 749 λοιμὸς
1204 715 1250 741 ἐπὶ
1261 715 1356 750 τούτῳ,
1375 715 1421 742 καί
1433 724 1503 747 τινος
1516 716 1609 751 ἑτέρου
1623 717 1785 751 νοσήματος,
1802 717 1881 750 ἕλκος

1096 759 1124 786 δὲ
1139 757 1172 795 ἦν
1188 760 1355 795 φερωνύμως
1365 759 1412 786 τοῦ
1420 760 1559 795 πυρώδους
1573 762 1674 792 ἕνεκεν,
1685 761 1787 798 ἄνθραξ
1798 771 1880 798 προσ-

1097 805 1293 840 αγορευόμενον
1302 824 1310 836 .
1332 806 1451 841 ἐπιφορά
1460 815 1466 820 ·
1483 803 1497 832 ὅ
1511 806 1571 833 καθ’
1580 806 1647 833 ὅλων
1661 808 1708 842 μὲν
1718 808 1800 842 ἕρπον
1813 807 1880 842 (57‘)

1098 851 1151 878 τῶν
1177 851 1327 886 σωμάτων,
1354 852 1503 887 σφαλεροὺς
1526 853 1641 879 ἐνεποίει
1662 855 1715 885 τοῖς
1734 853 1879 881 πεπονθόσι

1063 884 1084 912 Β
1098 884 1250 929 κινδύνους,
1274 897 1305 924 οὐ
1330 884 1383 932 μὴν
1409 884 1476 924 ἀλλὰ
1498 897 1545 925 καὶ
1567 898 1637 925 κατὰ
1661 884 1713 926 τῶν
1734 899 1880 934 ὀφθαλμῶν

1097 945 1277 982 διαφερόντως
1293 946 1338 972 ἐπὶ
1359 946 1483 973 πλεῖστον
1503 945 1659 982 γινόμενον,
1676 945 1787 981 μυρίους
1802 946 1882 978 ὅσους

1097 991 1196 1027 ἄνδρας
1216 991 1274 1027 ἃμα
1289 992 1384 1026 γυναιξὶ
1401 993 1448 1019 καὶ
1463 992 1540 1019 παισὶ
1563 992 1668 1028 πηροὺς
1687 991 1879 1027 ἀπειργάζετο.

1098 1035 1209 1068 Τούτοις
1223 1037 1472 1073 προσεπανίσταται
1485 1036 1524 1072 τῷ
1535 1037 1658 1072 τυράννῳ
1670 1037 1684 1063 ὀ
1696 1034 1765 1073 πρὸς
1781 1037 1880 1073 Ἀρμεο

1097 1082 1170 1114 νίους
1185 1082 1312 1118 πόλεμος,
1328 1083 1426 1120 ἄνδρας
1438 1083 1468 1116 ἐξ
1483 1083 1596 1119 ἀρχαίου
1609 1083 1699 1118 φίλους
1711 1091 1740 1110 τε
1754 1082 1801 1110 κατ⁵
1813 1091 1882 1119 συμα

1100 1127 1202 1164 μάχους
1224 1128 1367 1164 Ῥωμαίων
1380 1138 1387 1145 ’
1410 1129 1456 1161 οὓς
1470 1129 1516 1156 καὶ
1533 1129 1630 1161 αὐτοὺς
1646 1129 1823 1165 Χριστιανοὺς
1835 1129 1880 1157 ὅν-

1097 1182 1157 1206 τας,
1172 1175 1219 1201 καὶ
1233 1175 1281 1210 τὴν
1295 1175 1335 1207 είς
1350 1174 1381 1202 τὺ
1393 1176 1469 1203 Θεῑον
1484 1175 1623 1203 εὐσέϐειαν
1638 1175 1681 1203 διὰ
1697 1177 1814 1212 σπουδῆς
1826 1185 1881 1204 ποι-

1098 1220 1243 1256 ουμένους,
1265 1222 1280 1248 ὁ
1303 1221 1433 1258 θεομισὴς
1452 1222 1571 1254 εἰδώλοις
1592 1222 1665 1249 θύειν
1688 1223 1735 1249 καὶ
1757 1223 1881 1257 δαίμοσιν

1097 1266 1286 1301 έπαναγκάσαι
1305 1268 1520 1304 πεπειραμένος,
1537 1268 1649 1305 ἐχθροὺς
1664 1269 1724 1296 ἀντὶ
1739 1269 1820 1304 φίλων
1835 1269 1882 1296 καὶ

1099 1312 1242 1348 πολεμίους
1260 1314 1321 1341 ἀντὶ
1337 1314 1488 1349 συμμάχων
1502 1315 1695 1350 κατεστήσατο.
1719 1315 1835 1351 ’Δθρόως
1849 1315 1881 1352 δὴ

1098 1356 1184 1384 ταῦτα
1207 1357 1295 1385 πάντα
1320 1358 1364 1393 ὑφ’
1384 1359 1432 1385 ἕνα
1455 1358 1502 1385 καὶ
1524 1359 1568 1386 τὸν
1594 1359 1673 1387 αὑτὸν
1697 1360 1883 1396 συρρεὑσαντα

1098 1406 1193 1441 καιρὸν
1204 1426 1212 1438 ,
1227 1408 1283 1441 *τῆς
1297 1406 1343 1433 τοῦ
1366 1406 1496 1442 τυράννου
1511 1407 1676 1443 θρασύτητος
1689 1408 1737 1443 τὴν
1751 1408 1820 1435 κατὰ
1833 1406 1882 1434 τοῦ

1099 1451 1170 1478 θείου
1201 1452 1384 1487 μεγαλαυχίαν
1405 1452 1556 1488 διήλεγξεν,
1577 1453 1619 1480 ὅτι
1639 1453 1670 1489 δὴ
1692 1453 1742 1489 τῆς
1764 1454 1828 1489 περὶ
1847 1453 1883 1480 τὰ

1095 1497 1195 1531 ,εἴδωλα
1213 1498 1268 1534 (ἷ8)
1284 1498 1365 1524 αὑτοῦ
1380 1499 1497 1533 σπουδῆς
1508 1499 1554 1525 καὶ
1569 1499 1618 1534 τῆς
1632 1499 1692 1525 καθ’
1709 1499 1787 1535 ἡμῶν
1801 1500 1883 1528 ἕνεκα

269 1547 324 1574 lum
341 1546 458 1580 denique
481 1545 564 1572 ullum
585 1545 640 1572 suis
667 1546 832 1581 temporibus
849 1547 980 1575 accidisse
999 1555 1047 1574 au-

1102 1543 1268 1579 πολιορκίας,
1287 1544 1324 1580 μὴ
1340 1544 1426 1579 λιμὸν,
1445 1544 1511 1580 μηδὲ
1528 1544 1630 1580 λοιμὸν,
1649 1544 1714 1581 μηδὲ
1738 1545 1791 1581 μὴν
1804 1545 1883 1572 πόλε-

269 1592 364 1620 dacter
386 1591 562 1627 gloriabatur.
578 1591 666 1626 Atque
684 1591 742 1619 haec
758 1592 849 1620 omnia
864 1593 958 1620 eodem
982 1599 1050 1620 tem-

268 1639 344 1673 poris
367 1642 502 1665 momento
529 1637 608 1663 simul
639 1637 804 1672 ingruentia,
835 1639 956 1673 quaedam
972 1639 1048 1674 quasi

270 1682 401 1718 prooemia
432 1682 596 1709 imminentis
621 1686 737 1716 tyranno
760 1682 834 1709 exitii
866 1684 1049 1711 ostentabant.

270 1726 304 1754 Et
322 1726 380 1760 ipse
395 1726 503 1761 quidem
525 1727 551 1753 in
579 1726 649 1754 bello
675 1726 807 1756 adversus
826 1727 970 1756 Armenios
997 1736 1049 1756 una

269 1780 331 1800 eum
355 1772 476 1800 exercitu
503 1779 552 1799 suo
576 1772 666 1800 varias
697 1773 791 1801 clades
810 1778 892 1809 atque
916 1782 1049 1802 aerumnas

270 1817 388 1852 pertulit.
412 1818 518 1853 Reliqui
540 1826 604 1845 vero
623 1818 669 1854 qui
685 1820 765 1847 urbes
783 1811 839 1854 ejus
857 1820 973 1855 imperio
987 1822 1050 1848 sub-

269 1864 340 1891 ditas
356 1865 520 1896 inmolabant,
534 1865 605 1892 fame
620 1866 699 1893 simul
714 1874 745 1893 ac
759 1866 914 1901 pestilentia
931 1868 1050 1902 graviter

268 1911 359 1938 vexati
374 1915 456 1938 sunt:
473 1910 540 1939 adeo
556 1915 586 1938 ut
600 1919 669 1939 nntts
684 1911 813 1939 frumenti
835 1913 987 1940 medimnus
1009 1913 1050 1941 bis

269 1956 345 1984 mille
360 1962 385 1984 et
398 1957 552 1992 quingentis
564 1958 662 1986 Atticis
677 1958 815 1985 dracltmls
835 1960 1047 1986 venundaretur.

271 2003 304 2030 Et
326 2003 459 2030 innumeri
485 2003 594 2038 quidem
615 2004 640 2031 itt
663 2003 784 2036 urbibus,
814 2003 904 2038 plut-cs
933 2012 999 2032 vero
1021 2005 1048 2032 in

270 2050 343 2086 agris
358 2056 385 2078 et
402 2051 469 2078 vicis
481 2050 580 2085 passim
593 2051 742 2078 interibant
756 2059 764 2077 :
781 2051 807 2077 in
824 2056 928 2078 tantum
945 2057 974 2078 ut
985 2059 1050 2078 cen-

269 2098 359 2125 suales
387 2096 483 2124 tabula:
514 2097 578 2123 olim
603 2097 705 2130 ingenti
741 2096 903 2124 rusticorum
936 2104 1048 2124 numero

270 2143 390 2178 repletae,
405 2150 459 2169 una
473 2149 556 2177 prope
571 2142 651 2169 litura
671 2142 767 2170 deletae
782 2142 900 2174 fuerint;
924 2143 1049 2169 omnibus

270 2188 326 2215 fere
339 2193 386 2214 aut
400 2187 486 2215 rictus
511 2186 612 2221 inopia,
635 2191 681 2214 ant
696 2187 831 2222 pestilenti
854 2188 951 2214 morbo
969 2187 1047 2215 simul

1102 1598 1151 1624 μον
1175 1589 1221 1616 ἐπὶ
1245 1589 1300 1616 τῶν
1328 1590 1408 1617 αὑτοῦ
1435 1590 1569 1626 συμϐῆναι
1585 1591 1687 1627 καιρῶν
1710 1591 1881 1628 ἐθρασύνετο.

1099 1635 1191 1662 Ταῦτα
1207 1636 1228 1663 δ’
1242 1634 1287 1663 οὖν
1303 1636 1370 1671 ὁμοῦ
1384 1637 1432 1664 καὶ
1447 1636 1516 1663 κατὰ
1532 1636 1562 1663 τὸ
1576 1636 1641 1663 αὐτὸ
1654 1637 1799 1664 ἐπελθόντα
1811 1658 1818 1668 ,
1836 1637 1883 1664 καὶ

1098 1683 1147 1717 τῆς
1171 1682 1252 1708 αὑτοῦ
1280 1683 1470 1718 καταστροφῆς
1494 1683 1661 1719 περιειλήφει
1683 1683 1718 1710 τὰ
1740 1683 1882 1719 προοίμια.

1099 1727 1183 1759 Αὐτὸς
1208 1728 1258 1763 μὲν
1278 1726 1324 1755 οὖν
1348 1729 1410 1765 περὶ
1430 1729 1476 1756 τὸν
1500 1729 1567 1765 πρὸς
1589 1729 1746 1765 ’Δρμενίους
1766 1729 1884 1765 πόλεμον

1099 1773 1157 1808 ἅμα
1177 1775 1232 1806 τοῖς
1253 1773 1334 1801 αὐτοῦ
1358 1774 1546 1810 στρατοπέδοις
1566 1777 1754 1808 κατεπονεῖτο,
1772 1776 1833 1808 τοὺς
1854 1776 1883 1803 δὲ

1098 1819 1206 1852 λοιποὺς
1219 1819 1272 1846 τῶν
1287 1821 1336 1852 τὰς
1353 1821 1398 1847 ὑπ’
1412 1821 1491 1848 αὑτὸν
1511 1821 1602 1850 πόλεις
1617 1822 1771 1851 οἰκούντων,
1788 1821 1883 1853 δεινῶς

1098 1865 1112 1891 ὁ
1135 1865 1213 1902 λιμός
1231 1875 1260 1893 τε
1278 1867 1335 1902 ἅμα
1356 1867 1404 1894 καὶ
1419 1867 1512 1902 λοιμὸς
1528 1868 1728 1903 κατετρυχέτην
1747 1868 1819 1902 (59).
1844 1868 1886 1900 ὡς

1099 1911 1156 1943 ἐνὸς
1173 1912 1272 1949 μέτρου
1294 1912 1398 1948 πυρῶν,
1417 1912 1548 1948 δισχιλίας
1561 1913 1607 1939 καὶ
1624 1914 1804 1945 πεντακοσίας
1820 1914 1881 1940 Ἀτ-

1098 1960 1177 1990 τικὰς
1191 1959 1490 1987 ἀντικαταλλάττεσθαι.
1506 1959 1604 1996 Μυρίοι
1617 1960 1666 1995 μὲν
1677 1958 1723 1986 οὖν
1735 1959 1884 1995 ἐτύγχανον

1098 2007 1121 2032 oi
1140 2005 1210 2032 κατὰ.
1221 2005 1311 2037 πόλεις
1326 2005 1496 2041 θνήσκοντες,
1509 2006 1617 2038 ¹πλείους
1629 2006 1658 2032 δὲ
1670 2006 1770 2032 τούτων
1782 2006 1806 2032 οἱ
1821 2007 1881 2032 κατ’

1098 2051 1200 2087 ἀγρούς
1215 2060 1244 2078 τε
1260 2052 1307 2078 καὶ
1322 2051 1432 2087 κώμας,
1456 2052 1493 2083 ὡς
1517 2051 1566 2087 ἤδη
1591 2052 1638 2078 καὶ
1659 2051 1708 2083 τὰς
1730 2051 1811 2078 πάλαι
1827 2051 1882 2078 τῶν

1098 2098 1233 2133 ἀγροίκων
1248 2097 1427 2132 πολυάνδρους
1442 2097 1613 2133 ἀπογραφὰς,
1631 2098 1728 2134 μικροῦ
1746 2098 1799 2124 δεῖν
1814 2107 1881 2125 παν-

1097 2143 1160 2179 τελῆ
1176 2143 1272 2170 παθεῖν
1295 2143 1439 2177 ὲξάλειψιν,
1460 2143 1564 2179 ἀθρόως
1583 2144 1674 2179 σχεδὸν
1690 2144 1816 2170 ἁπάντων
1836 2144 1881 2171 ὲν-

1097 2188 1156 2224 δείᾳ
1167 2188 1271 2224 τροφῆς
1285 2189 1331 2214 καὶ
1347 2187 1472 2223 λοιμώδει
1485 2188 1554 2224 νόσῳ
1575 2188 1787 2224 διεφθαρμένων.
1803 2189 1882 2221 Τινὲς

269 2233 430 2268 absumptis.
450 2232 564 2265 Quidam
581 2239 629 2266 pro
642 2232 738 2266 exiguo
750 2232 893 2259 admodum
912 2233 973 2259 cibo
985 2233 1047 2260 cha-

1099 2234 1148 2270 μὲν
1163 2231 1208 2260 οὖν
1225 2234 1257 2260 τὰ
1277 2234 1380 2260 ἑαυτῶν
1398 2234 1511 2268 φίλτατα
1529 2234 1698 2270 βραχυτάτης
1712 2236 1813 2270 τροφῆς
1825 2236 1882 2267 τοῖς

269 2279 376 2306 rissima
394 2278 505 2313 pignora
522 2277 605 2312 356
620 2277 842 2312 locupletioribus
864 2279 979 2305 vendere
994 2286 1046 2306 non

270 2325 441 2351 dubitabant.
467 2320 684 2355 Alii,distrzictis
712 2323 842 2357 paulatim
876 2325 984 2358 prmdiis
1017 2332 1048 2352 ac

270 2369 444 2396 facultatibus
477 2368 543 2399 suis,
572 2367 606 2394 ad
625 2373 774 2395 extremam
803 2368 919 2403 inopiam
946 2369 1046 2396 redacti

269 2419 343 2443 sunt.
357 2414 412 2441 Nec
425 2413 536 2442 defuere
549 2413 595 2447 qui
611 2414 715 2441 modica
735 2414 789 2441 feni
804 2420 939 2449 segmenta
955 2415 1046 2442 avulsa

271 2462 439 2492 Inandentes,
451 2465 479 2488 et.
492 2460 579 2488 noxiis
596 2461 755 2496 quibusdam
771 2460 872 2495 absque
882 2461 936 2488 ullo
951 2461 1049 2488 discri-

270 2510 344 2535 tnine
373 2507 441 2542 pasti
469 2507 636 2542 graminibus
659 2506 756 2542 quibus
781 2507 906 2535 valetudo
926 2508 1048 2542 corporis

270 2553 507 2587 corrumpebatur,
532 2552 602 2580 foede
618 2553 771 2580 interirent.
793 2552 846 2580 Sed
870 2559 897 2580 et
921 2554 1047 2580 mulieres

269 2599 392 2634 quaidatn
416 2599 487 2625 inter
512 2605 576 2626 suos
607 2605 658 2625 non
682 2597 823 2632 ignobiles,
852 2605 908 2632 prae
941 2605 1046 2624 summa

269 2648 391 2678 egestate
406 2644 439 2670 ad
457 2643 665 2670 inverecundam
679 2642 826 2678 compulsa:
847 2642 1046 2675 necessitatem,

304 2724 360 2759 (37)
375 2726 407 2751 Ol
417 2724 475 2758 μὲν
483 2721 538 2751 οὖν
549 2724 583 2756 ἐξ
598 2724 694 2757 ἔθους.
715 2725 755 2750 Ab
768 2724 809 2751 his
827 2724 916 2751 verbis
932 2724 1044 2751 inclma-

269 2763 314 2786 tur
335 2767 360 2786 c.
375 2759 391 2786 8
402 2780 410 2791 ,
427 2761 452 2785 in
465 2760 646 2786 Vtiluslis‘sillm
659 2759 793 2786 Mazariuo
806 2759 907 2792 codice,
921 2760 964 2786 cui
977 2767 1044 2786 cou-

270 2795 351 2820 sentit.
363 2794 495 2820 cod.Fuk.
509 2803 539 2821 ac
554 2795 713 2824 Rulinns,et
721 2794 788 2820 ratio
798 2795 853 2828 ipsa
869 2795 903 2820 ita
916 2794 1042 2828 postulat.

306 2829 373 2863 (57‘)
394 2830 516 2862 Ἕρπυν.
537 2829 582 2856 Sic
597 2830 765 2856 correximus
781 2830 853 2864 quod
869 2829 894 2856 in
913 2830 990 2863 impr.
1005 2830 1042 2856 le-

271 2863 341 2898 gitur
354 2864 455 2900 ἓρπων,
468 2865 523 2891 sive
536 2871 630 2892 errore
647 2869 764 2900 typogr.,
781 2863 837 2892 sive
849 2864 1041 2899 manuscriptis

1099 2279 1295 2315 εὐπορωτέροις
1311 2279 1475 2315 ἀπεμπολεῐν
1496 2280 1603 2315 ἠξίουν,
1623 2281 1696 2308 ἄλλοι
1710 2281 1738 2307 δὲ
1751 2281 1800 2312 τὰς
1816 2282 1884 2316 κτή-

1101 2332 1157 2357 σεις
1171 2325 1241 2352 κατὰ
1261 2324 1346 2360 βραχὺ
1369 2325 1623 2361 διαπιπράσκοντες,
1648 2328 1687 2357 εἰς
1708 2318 1823 2361 ἐσχάτην
1839 2328 1883 2352 ἐν·

1099 2371 1173 2403 δείας
1190 2371 1304 2406 ἀπορίαν
1325 2371 1452 2406 ἤλαυνον·
1473 2372 1522 2407 ἤδη
1539 2371 1566 2398 δέ
1583 2380 1654 2403 τινες
1669 2372 1772 2407 σμικρὰ
1786 2372 1882 2408 χόρτου

1100 2415 1317 2451 διαμασσώμενοι
1333 2416 1525 2452 σπαράγματα,
1546 2416 1591 2442 καί
1605 2425 1678 2448 τινας
1691 2417 1802 2451 ὰναίδην
1816 2417 1882 2451 φθο-

1102 2461 1226 2496 ροποιοῦς
1242 2460 1374 2492 ἐσθίοντες
1387 2462 1454 2493 πόας
1463 2481 1470 2492 ,
1485 2462 1533 2496 τὴν
1546 2461 1599 2488 τῶν
1620 2462 1750 2496 σωμάτιον
1763 2462 1819 2494 ἕξιν
1834 2462 1882 2489 λυ-

1101 2507 1249 2542 μαινόμενα
1270 2507 1424 2534 διώλλυντο,
1440 2508 1494 2534 Καὶ
1507 2507 1624 2541 γυναίων
1638 2508 1666 2534 δὲ
1679 2507 1732 2534 τῶν
1749 2507 1818 2534 κατὰ
1834 2508 1883 2534 πό-

1099 2552 1155 2585 λεις
1178 2553 1320 2586 εὐγενίδων
1336 2553 1406 2585 τινὲς
1415 2573 1423 2584 ,
1436 2555 1476 2585 είς
1488 2553 1663 2588 ἀναίσχυντον
1677 2554 1798 2588 ἀνάγκην
1814 2554 1882 2589 πρὸς

1099 2600 1148 2635 τῆς
1164 2600 1279 2636 ἀπορίας
1296 2599 1458 2632 ἐλασθεῖσαι,
1481 2602 1615 2635 μεταιτεῖν
1637 2601 1682 2627 ἐπὶ
1702 2601 1756 2627 τῶν
1774 2601 1884 2635 ἀγορῶν

1099 2646 1314 2681 προεληλύθεσαν
1326 2665 1333 2678 ,
1353 2646 1403 2681 τῆς
1425 2646 1509 2672 πάλαι
1528 2646 1679 2682 ἐλευθερίου
1700 2647 1802 2682 τροφῆς
1816 2647 1882 2673 ὑπό-

1093 2725 1129 2752 ita
1146 2725 1342 2752 exbibentihns.
1366 2725 1446 2752 Eutr.

1128 2761 1184 2792 (58)
1202 2761 1265 2786 Ὅτι
1277 2759 1315 2793 δὴ
1332 2759 1386 2794 τῆς
1400 2759 1466 2793 περὶ
1480 2758 1516 2785 τὰ
1529 2758 1647 2786 εἴδωλα.
1659 2759 1747 2786 Malim
1760 2759 1884 2786 scribere

1092 2795 1110 2822 ὃ
1123 2795 1439 2890 ῖὲξῧήὶςαζετρυξέτην.
1455 2829 1501 2856 Sic
1533 2829 1558 2871 in
1575 2829 1652 2856 codd.
1671 2828 1752 2862 Man,
1770 2828 1838 2856 Med.
1855 2833 1883 2856 et

1095 2865 1164 2890 Fnk.
1183 2865 1321 2890 scrtbttur.
1351 2865 1414 2890 ιυΙιί.
1428 2872 1619 2890 κατετουνετο.

1095 2865 1164 2892 Fttk.
1183 2865 1321 2892 scribitur.
1339 2865 1414 2900 ναις.
1428 2865 1619 2900 κατετρὺχετο.
