2013 3179
172 164 225 192 817

171 225 280 262 δειγμα,
296 226 340 254 διὰ
359 229 409 264 τῆς
427 231 491 266 περὶ
505 231 537 258 τὸ
556 232 698 269 πρόσωπον
717 234 824 266 αἰδοῦς,
843 235 953 271 καὶτῆς

171 272 243 307 ἀμφὶ
259 273 308 308 τὴν
329 275 473 311 περιϐολὴν
487 278 663 314 κοσμιότητος
677 279 870 314 ὑποφαίνουσαι
880 289 886 296 ·
903 281 951 307 καὶ

171 319 195 344 οί
219 318 268 354 μὲν
287 319 487 357 ἀπεσκληκότες
504 323 597 361 ὥσπερ
620 325 715 353 εἴδωλα
732 326 815 363 νεκρὰ
833 324 883 354 ὦδε
900 329 949 356 κά-

171 365 243 410 κεῖσε
267 364 516 402 ψυχορραγοῦντες,
535 370 697 406 ἐνσειόμενοι
713 380 742 398 τε
762 372 809 399 καὶ
831 374 950 410 περιολι-

171 409 323 442 σθαίνοντες
349 412 394 439 ὑπ’
409 413 558 449 ἀδυναμίας
577 416 624 444 τοῦ
649 417 760 452 στῆναι,
786 419 950 447 κατέπιπτον

169 455 199 502 ἒν
216 454 312 490 μέσαις
326 457 385 488 ταῖς
393 458 543 494 πλατείαις,
555 463 666 497 πρηνεῖς
681 462 703 488 δ’
717 463 879 499 ἡπλωμένοι,
893 465 950 502 ὀρέ-

169 499 212 532 ξαι
228 502 302 536 σφίσι
323 504 419 539 μικρὸν
437 506 538 541 τρύφος
556 507 637 544 ἄρτου
661 511 866 545 κατηντιϐόλουν
877 531 883 543 ,
902 499 949 539 καὶ

167 547 320 596 τὴν-ψυχὴν
339 551 406 586 πρὸς
417 552 545 587 ἐσχάταις
562 555 667 590 ἔχοντες
684 557 838 591 ἀναπνοαῖς,
854 561 948 596 πεινῇν

166 593 297 640 ἐπεϐόων.
312 596 380 631 πρὸς
401 598 484 634 μόνην
498 600 598 636 ταύτην
617 602 666 637 τὴν
680 603 873 640 ὀδυνηροτάτην
892 593 948 640 φω-

166 637 215 673 νὴν
234 639 368 673 εὐσθενεῖς
384 642 575 680 καθιστάμενοι
589 654 596 662 ·
621 647 645 673 οἱ
667 647 695 673 δὲ
714 637 766 683 τὴν
778 637 879 684 πληθὺν
893 637 947 677 τῶν

166 683 313 730 αἰτούντων
327 688 589 724 καταπληττόμενοι,
610 692 666 718 ὅσοι
684 692 737 719 τῶν
753 683 946 730 εὐπορωτέρων

165 728 273 776 ἐδόκουν
288 727 367 764 εἶναι,
393 733 461 768 μετὰ
474 734 504 761 τὸ
520 735 602 771 μυρία
620 739 778 772 παρασχεῖν,
797 727 836 770 είς
855 727 945 776 ἀπηνῆ

163 773 256 802 λοιπὸν
272 776 319 803 καὶ
333 777 463 812 ἄτεγκτον
479 780 596 816 ἐχώρουν
609 781 743 815 διάθεσιν,
759 783 792 811 τὰ
805 785 874 812 αὐτὰ
889 773 945 818 τοῖς

163 820 282 848 αἰτοῦσιν
297 822 357 849 ὅσον
370 823 446 851 οὔπω
462 826 508 852 καὶ
526 827 603 854 αὐτοὶ
619 828 758 856 πείσεσθαι
774 831 943 866 προσδοκῶν-

163 873 224 897 ¹ιες,
243 866 307 893 ὥστ’
323 868 372 904 ἤδη
398 871 469 897 κατὰ
491 872 576 907 μέσας
599 874 700 910 ἀγορὰς
718 878 764 903 καὶ
791 878 942 910 στενωποὺς

162 913 246 950 νεκρὰ
258 914 303 941 καὶ
317 916 404 951 γυμνὰ
418 917 528 953 σώματα
541 920 582 954 ἐφ’
595 920 710 956 ἡμέραις
722 921 840 949 πλείοσιν
851 923 942 958 ἄταφα

161 958 356 1005 διερριμμένα,
375 962 437 989 Θέαν
451 965 506 996 τοῖς
517 965 615 1000 ὁρῶσιν
633 967 808 1004 οἰκτροτάτην
825 969 942 1005 παρέχε-

163 1003 234 1031 σθαι.
254 1006 321 1042 Ἤδη
334 1006 365 1041 γέ
380 1016 421 1034 τοι
433 1009 480 1036 καὶ
498 1010 585 1036 κυνῶν
598 1019 669 1044 τινες
685 1003 802 1047 ἐγίνοντο
816 1003 940 1049 βοριὶηγδι1

160 1050 194 1086 ἣν
217 1051 331 1086 μάλιστα
355 1055 444 1082 αἰτίαν
466 1056 491 1082 οῐ
511 1056 612 1089 ζῶντες
629 1058 675 1085 ἐπὶ
698 1059 747 1094 τὴν
768 1061 940 1088 κυνοκτονίαν

159 1095 316 1130 ἐτράποντο,
332 1097 384 1125 δέει
400 1099 446 1125 τοῦ
464 1099 500 1135 μὴ
512 1100 699 1138 λυσσήσαντας
714 1103 940 1139 ἀνθρωποφαγίαν

159 1141 336 1176 ἐργάσασθαι.
367 1145 421 1179 Οὐχ
443 1145 543 1180 ἥκιστα
561 1147 590 1173 δὲ
612 1148 660 1175 καὶ
686 1149 700 1175 ὁ
722 1149 813 1184 λοιμὸς
836 1150 939 1184 πάντας

158 1185 250 1232 οἴκους
261 1188 306 1214 καὶ
318 1189 413 1223 γενεὰς
429 1190 600 1224 ἐπεϐόσκετο,
616 1193 731 1228 μάλιστα
747 1195 768 1221 δ’
779 1195 825 1227 οὓς
836 1197 849 1222 ὸ
861 1196 939 1232 λιμὸς

158 1231 202 1258 διὰ
218 1233 248 1259 τὸ
267 1234 391 1271 εὐπορεῖν
407 1237 515 1272 τροφῶν
531 1239 578 1274 οὐχ
598 1237 652 1271 οἷός
666 1248 695 1266 τε
708 1238 741 1276 ἦν
755 1231 895 1277 ὲκτρίψαιξ
907 1244 938 1271 0i

157 1278 184 1311 γ’
197 1276 243 1306 οὖν
264 1280 292 1306 ὲν
317 1283 499 1317 περιουσίαις,
523 1283 651 1320 ἄρχοντες
671 1286 718 1313 καὶ
740 1276 870 1322 ἡγεμόνες
891 1288 937 1315 καὶ

159 1325 250 1361 μυρίοι
271 1326 325 1353 τῶν
346 1327 375 1353 ὲν
393 1328 475 1360 τέλει,
496 1329 589 1366 ὥσπερ
610 1331 734 1367 ἐπίτηδες
758 1334 790 1368 τῇ
814 1332 937 1368 λοιμώδει

155 1369 226 1406 νόσῳ
251 1373 317 1408 πρὸς
337 1373 384 1400 τοῦ
404 1374 483 1410 λιμοῦ
509 1376 758 1412 καταλελειμμένοι,
781 1379 868 1412 ὀξεῖαν
890 1380 936 1407 mi.

155 1416 297 1454 ὠκυτάτην
311 1419 443 1455 ὑπέμενον
458 1422 585 1456 τελευτήν
594 1431 600 1439 ·
617 1423 704 1451 πάντα
719 1423 740 1451 δ’
752 1421 797 1451 οὖν
810 1425 935 1461 οἰμωγῶν

153 1460 189 1499 ἦν
204 1464 324 1492 ἀνάπλεα
335 1485 342 1498 ,
361 1467 431 1494 κατὰ
451 1468 554 1500 πάντας
567 1477 597 1495 τε
613 1472 774 1503 στενωποὺς,
792 1460 892 1507 ἀγοράς
904 1481 935 1501 τε

155 1511 201 1538 καὶ
226 1512 363 1545 πλατείας,
385 1514 439 1540 οὐδ’
453 1513 487 1550 ἦν
511 1515 574 1543 ἄλλο
594 1525 620 1543 τι
641 1517 762 1553 θεωρεῖν,
784 1518 800 1553 ἢ
821 1518 935 1554 θρήνους

157 1557 225 1592 μετὰ
237 1557 290 1585 τῶν
302 1559 421 1595 συνήθων
434 1562 524 1593 αὐτοῖς
540 1562 627 1589 αὐλῶν
640 1563 694 1598 (40)
708 1572 737 1590 τε
751 1565 796 1591 καὶ
812 1565 930 1592 κτύπων.

155 1603 254 1630 Τοῦτον
274 1604 305 1640 δὴ
324 1605 369 1632 τὸν
388 1607 487 1642 τρόπον
506 1608 580 1635 δυσὶν
594 1609 684 1640 ὅπλοις
700 1611 754 1642 τοῖς
766 1611 932 1648 προδεδηλω-

155 1648 245 1684 μένοις
264 1650 355 1686 λοιμοῦ
371 1661 400 1679 τε
415 1653 482 1688 ὁμοῦ
505 1654 550 1681 καὶ
572 1654 650 1690 λιμοῦ
667 1655 722 1691 (41)
738 1657 903 1693 στρατεύσας
918 1659 933 1685 ὁ

153 1694 276 1740 θᾴνατος,
299 1697 362 1730 ὅλας
380 1700 407 1726 ὲν
427 1699 509 1735 ὀλίγῳ
530 1701 625 1735 γενεὰς
647 1702 781 1738 ὲνεμήθη,
803 1703 841 1735 ὡς
866 1704 932 1740 όρᾷν

151 1739 202 1775 ἢδη
216 1740 287 1768 δυεῖν
299 1744 345 1770 καὶ
360 1743 442 1779 τριῶν
456 1744 568 1780 σώματα
582 1746 695 1782 νεκρῶν,
705 1748 757 1774 ὑπὸ
772 1748 836 1783 μίαν
851 1749 931 1784 ἐκφο-

152 1784 203 1821 ρὰν
227 1783 445 1824 προκομιζόμενα
472 1789 537 1825 (42).
567 1791 685 1819 Τοιαῦτα
709 1794 757 1828 τῇς
780 1783 930 1828 Μαξιμίνου

153 1832 352 1868 μεγαλαυχίας,
375 1836 421 1862 καὶ
435 1836 489 1864 τῶν
512 1837 582 1864 κατὰ
601 1837 691 1870 πόλεις
710 1839 772 1866 καθ’
785 1839 861 1875 ήμῶν
879 1839 931 1876 ψη-

150 1877 292 1912 φισμάτων
310 1880 455 1916 τάπίχειρα
478 1879 511 1917 ἦν
524 1890 530 1897 ·
556 1882 600 1908 ὅτε
623 1883 669 1910 καὶ
690 1885 740 1920 τῆς
762 1884 930 1920 Χριστιανῶν

149 1923 216 1958 περὶ
232 1924 321 1952 πάντα
337 1927 452 1962 σπουδῆς
468 1936 497 1954 τε
514 1928 560 1954 καὶ
576 1928 714 1961 εὐσεϐείας
728 1930 810 1957 πᾶσιν
827 1930 929 1958 ἔθνεσιν

149 1968 260 2004 διάδηλα
280 1971 395 2008 κατέστη
415 1972 449 1999 τὰ
470 1973 615 2010 τεκμήρια.
632 1974 714 2002 Μόνοι
729 1974 793 2009 γοῦν
811 1976 839 2002 ἐν
855 1976 930 2011 τηλι-

147 2015 237 2052 καύτῃ
251 2017 342 2043 κακῶν
357 2018 514 2054 περιστάσει
526 2019 556 2046 τὸ
568 2020 707 2055 συμπαθὲς
721 2021 767 2047 καὶ
781 2021 928 2057 φιλάνθρω-

149 2068 199 2087 πον
211 2061 301 2096 ἔργοις
316 2063 405 2096 αὐτοῖς
417 2065 639 2100 ἐπιδεικνύμενοι,
654 2066 698 2093 διὰ
713 2066 801 2102 πάσης
812 2067 926 2104 ἡμέρας,

146 2106 171 2132 οι
198 2107 247 2142 μὲν
270 2109 303 2144 τῇ
327 2109 380 2136 τῶν
396 2110 563 2145 θνησκόντων
585 2112 725 2148 (μυριάδες
747 2113 768 2139 δ’
785 2111 870 2148 ἦσαν,
886 2111 927 2146 οἷς

146 2150 221 2184 οὔτις
232 2151 265 2188 ἦν
276 2155 290 2180 ό
306 2155 543 2191 ἐπιμελησόμενος)
558 2157 651 2194 κηδείᾳ
662 2166 691 2184 τε
705 2158 752 2185 καὶ
763 2160 834 2195 ταφῇ
848 2168 928 2195 προσ-

145 2200 326 2236 εκαρτέρουν,
349 2203 372 2229 of
390 2202 417 2229 δὲ
436 2203 490 2230 τῶν
511 2204 563 2231 ἀνὰ
585 2205 674 2232 πᾶσαν
694 2205 743 2241 τὴν
762 2206 839 2232 πόλιν
857 2205 927 2242 πρὸς

145 2244 192 2271 τοῦ
213 2245 291 2281 λιμοῦ
309 2249 568 2284 κατατρυχομὲνων,
588 2252 638 2286 τὴν
661 2251 764 2287 πληθὺν
788 2251 839 2278 ὑπὸ
862 2251 927 2287 μίαν

146 2289 256 2329 σύνᾳίιιν
269 2292 446 2329 ἀθροίζοντες,
462 2295 560 2331 ἄρτους
577 2296 696 2332 διένεμον
709 2298 764 2329 τοῖς
779 2299 869 2330 πᾶσιν,
885 2298 923 2330 ὡς

145 2337 305 2374 περιϐόητον
328 2340 370 2371 εἰς
394 2341 497 2373 πάντας
520 2341 678 2378 ἀνθρώπους
705 2343 870 2378 καταστῆναι
892 2343 922 2370 τὸ

156 2459 162 2465 _
180 2424 237 2460 (40)
255 2424 335 2465 Μετὰ
349 2425 407 2453 τῶν
417 2426 557 2465 avg-150w
578 2429 811 2465 autoi'qrabslér.
829 2428 922 2465 Genti-

143 2459 210 2486 lium
225 2461 356 2488 cadavera
371 2469 431 2488 cum
446 2459 571 2490 tibiarum
585 2469 613 2490 et
626 2459 771 2491 umitiarnnt
789 2469 868 2490 cantu
880 2464 922 2491 ef-

144 2495 311 2540 ferebatrtur.
325 2496 410 2540 Qpam
423 2497 450 2523 in
463 2505 521 2540 rem
536 2498 656 2540 praebeas
672 2499 922 2540 habebanhetsiti-

143 2530 230 2561 ciues,
245 2530 278 2557 de
302 2532 401 2564 quibus
426 2534 516 2559 notavi
535 2530 568 2559 ad
593 2533 681 2560 Amm.
708 2533 856 2560 Marcellini
886 2533 920 2560 li-

143 2563 222 2591 brum
248 2572 302 2602 sui.
323 2566 435 2593 Fallitur
454 2569 545 2601 itaque
570 2568 849 2602 Cbristopltorsonus,
872 2569 919 2602 qui

143 2600 274 2634 ρτομετά
285 2600 338 2627 hoc
351 2601 410 2629 loco
429 2600 566 2630 substituit
577 2603 646 2630 ἀντι.
665 2600 710 2630 Sic
727 2604 797 2630 enim
812 2600 893 2631 vertit
910 2613 917 2630 :

145 2643 156 2659 ι
173 2633 359 2674 _Neqt_te_alit_td
383 2636 527 2670 quidquam
548 2644 674 2674 spectare
697 2638 794 2665 licebat
808 2657 816 2669 ,
837 2646 918 2673 quant

143 2670 314 2709 miserabiles
326 2670 413 2703 fletus,
428 2678 496 2709 quos
509 2670 700 2709 pro’tibiarum
715 2678 795 2709 cantu
809 2677 836 2700 et
846 2670 919 2700 stre-

163 2704 203 2744 itn_
213 2703 278 2738 ipsis
292 2705 318 2732 in
334 2714 409 2733 more
422 2703 670 2744 posito-ediderunt.
686 2717 696 2734 ι
712 2707 766 2744 Sed
781 2709 916 2744 vulgatam

141 2710 203 2764 gnem
213 2712 278 2738 lpSlS
292 2710 318 2732 in
334 2714 409 2733 more
422 2710 509 2747 posito
521 2710 670 2749 ediderant.
686 2717 696 2734 ι
711 2710 766 2749 §ed
781 2710 916 2744 vulgatam

168 2743 313 2777 ‘rtpturam
333 2747 427 2768 omnes
456 2747 550 2776 SCI‘lpl-l
575 2743 693 2776 codices,
711 2750 820 2778 Ipseque
849 2743 917 2771 adeo

142 2772 309 2801 Ntceoltorus
329 2778 446 2801 tuentur.

176 2781 309 2806 cepnorus
329 2781 446 2802 tuentur.

177 2808 363 2851 (ξηέὶοιμρῦ
377 2810 495 2851 τεςόμοιξ
514 2811 570 2851 καὶ.
581 2813 680 2851 λιέιοῦτ
694 2813 730 2851 _In
747 2813 825 2851 codd.
846 2811 916 2851 ff‘uk.

141 2847 176 2885 et
186 2843 271 2885 Savil:
282 2843 400 2885 “legitur:
414 2843 499 2882 λοιμῷ
515 2855 544 2873 τε
559 2843 625 2882 ὀμοῧ
640 2849 686 2875 καὶ
694 2848 775 2884 λιμῷ,
787 2849 857 2884 quod
876 2855 916 2875 τε·

141 2879 212 2906 ctius
223 2879 289 2907 mihi
305 2879 420 2907 videtur.

661 172 837 202 HISTORIA:
860 174 1139 203 ECCLESIASTICIE
1157 175 1222 204 LIB.
1242 176 1288 205 IX.

1725 179 1776 206 8H!

967 238 987 266 Α
1003 235 1174 263 mendicandi
1195 243 1276 264 causa
1300 235 1327 263 in
1355 235 1443 264 forum
1461 237 1622 265 ventilabam
1638 244 1647 264 ε
1661 244 1775 271 quarum

1000 281 1159 308 verecundia
1176 282 1201 308 in
1217 282 1292 309 vultu
1303 302 1310 315 ,
1327 287 1353 310 et
1369 283 1394 309 in
1417 283 1516 310 amictu
1534 282 1663 309 modestia
1674 303 1681 315 ,
1711 283 1774 309 olim

999 325 1072 361 ipsas
1085 326 1235 354 liberaliter
1250 327 1379 355 educatas
1393 327 1476 355 fuisse
1493 327 1559 356 satis
1582 328 1727 355 indicabat.
1744 329 1774 356 Et
1828 335 1831 342 ί

999 372 1119 399 nonnulli
1133 372 1240 407 quidem
1257 373 1325 400 aridi
1342 377 1371 400 ut
1388 373 1498 400 umbras
1517 378 1681 401 mortuorum
1700 374 1773 401 dice-

998 426 1052 453 res,
1079 416 1267 447 deficientibus
1289 419 1392 446 viribus
1418 419 1469 446 lntc
1493 419 1555 448 illuc
1576 419 1725 447 nutabundi
1741 426 1773 446 ac

998 464 1181 499 ce<pitantes;
1199 472 1260 492 cum
1281 472 1336 499 prae
1353 464 1536 492 imbecillitate
1553 465 1702 492 consistere
1719 472 1772 491 non

998 515 1116 545 possent,
1144 511 1170 537 in
1193 510 1291 537 mediis
1314 509 1409 544 plateis
1433 510 1617 543 corruebant;
1641 510 1771 544 pronique

997 556 1071 583 ltutni
1099 555 1220 590 jacentes
1245 560 1301 582 toto
1327 562 1440 591 corpore
1471 563 1605 590 expanso,
1638 557 1771 583 modicum

996 602 1074 636 panis
1101 601 1216 629 frustum
1241 602 1291 629 sibi
1325 601 1426 637 porrigi
1455 601 1620 637 flagitabant.
1651 601 1771 636 Cumque

996 650 1149 675 extremum‘
1171 654 1239 682 pene
1269 648 1393 683 spiritum
1425 647 1568 681 ducerent,
1596 647 1720 674 laborare
1743 653 1771 674 se

996 692 1088 721 incdia-
1098 692 1322 727 vociferabantur,
1339 694 1372 721 ad
1388 694 1456 720 banc
1469 693 1554 720 solum
1567 692 1771 719 acerbissimam

996 745 1088 764 vocem
1113 738 1301 773 proferendam
1334 739 1399 766 satis
1425 738 1518 777 validi.
1547 737 1684 771 Quotquot
1706 744 1771 764 Vero

994 782 1183 817 locupletiores
1197 791 1257 811 esse
1270 784 1438 817 videbantur,
1460 784 1670 811 mendicantium
1683 783 1770 809 multi-

994 829 1087 855 tudine
1110 829 1307 864 obstupel‘acti,
1324 833 1465 864 postquam
1486 829 1629 864 egentibus
1654 829 1769 863 plurima

994 873 1190 909 intpertierant:
1207 875 1301 902 durum
1321 875 1448 908 deinceps
1471 880 1498 902 et
1514 875 1603 902 omnis
1618 874 1769 902 miseratio-

957 915 977 943 Β
992 919 1033 947 nis
1046 920 1304 955 expertemanimutn
1314 919 1473 954 induebant;
1485 921 1605 948 eamdem
1616 928 1675 946 cum
1691 927 1768 947 men-

991 965 1144 993 dicantibus
1157 966 1336 993 calamitatem
1355 966 1405 1001 ipsi
1424 974 1531 1001 quoque
1544 966 1618 994 brevi
1631 973 1659 993 se
1671 973 1767 1001 passu-

991 1019 1035 1039 ros
1053 1019 1113 1039 esse
1128 1013 1315 1047 prazvidentes.
1329 1012 1423 1048 Itaque
1438 1012 1464 1039 in
1489 1012 1576 1039 medio
1593 1013 1650 1039 foro
1673 1016 1701 1039 et
1720 1020 1768 1047 per

990 1059 1064 1085 vicos
1075 1062 1102 1086 et
1112 1059 1280 1093 angiportus,
1295 1058 1366 1085 nuda
1381 1062 1461 1093 atque
1478 1057 1610 1092 insepulta
1634 1059 1766 1085 cadavera

990 1104 1109 1139 pluribus
1125 1105 1220 1132 diebus
1230 1104 1355 1138 iacentia,
1368 1112 1478 1139 prorsus
1491 1103 1644 1131 miserabile
1659 1108 1766 1138 specta-

988 1150 1077 1178 cttlttm
1097 1150 1434 1185 intuentibusprwbebant.
1445 1149 1570 1182 Quaedam
1585 1149 1665 1177 etiant
1687 1157 1702 1176 a
1720 1156 1766 1176 ca—

987 1196 1066 1223 nibus
1077 1196 1205 1223 dilaniata
1225 1202 1300 1224 sunt.
1321 1196 1379 1230 Qua
1393 1196 1425 1223 de
1441 1203 1521 1223 causa
1545 1195 1574 1222 hi
1595 1195 1692 1229 quibus
1709 1195 1764 1222 vita

986 1241 1075 1269 adhuc
1086 1242 1259 1277 suppetebat,
1271 1243 1371 1276 passim
1392 1249 1474 1269 canes
1486 1241 1655 1272 finterimere
1672 1249 1763 1277 cmpe-

986 1291 1048 1313 runt
1064 1295 1070 1320 ;
1087 1295 1121 1314 ne
1135 1287 1204 1314 forte
1218 1287 1243 1314 in
1259 1288 1360 1314 rabiem
1375 1286 1444 1314 versi
1457 1286 1533 1315 vivos
1547 1287 1665 1321 posthaec
1676 1286 1764 1314 limiti-

986 1338 1033 1359 nes
1046 1331 1218 1359 devorarent.
1232 1331 1339 1359 lnterint
1354 1330 1504 1366 pestilentia
1528 1335 1598 1359 totas
1615 1332 1710 1358 domos
1732 1339 1763 1359 ac

986 1377 1102 1404 familias
1115 1377 1199 1405 nihilo
1212 1379 1320 1413 segnius
1339 1377 1534 1412 deposcebatur
1547 1384 1555 1404 :
1570 1377 1703 1412 praecipue
1715 1385 1762 1404 eos

986 1423 1126 1456 invadens,
1145 1429 1222 1458 quos,
1237 1426 1329 1457 utpote
1343 1422 1447 1450 cunctis
1461 1422 1494 1449 ad
1511 1422 1609 1450 victum
1636 1430 1762 1450 necessa-

984 1469 1033 1497 riis
1065 1468 1221 1502 afﬂuentes,
1253 1468 1338 1497 fames
1370 1468 1502 1496 conficere
1537 1476 1589 1495 non
1624 1473 1759 1504 potuerat.

983 1514 1067 1551 Igitur
1094 1515 1286 1551 opulentissimi
1316 1513 1415 1550 quique
1444 1514 1645 1551 provinciarum
1670 1518 1759 1543 recto-

984 1568 1028 1588 res
1069 1568 1101 1588 ac
1134 1561 1282 1596 praesides.
1305 1565 1332 1588 et
1358 1568 1390 1589 ex
1421 1554 1586 1596 primoribus
1620 1561 1758 1588 civitatum

983 1605 1184 1641 quamplurimi,
1212 1605 1321 1640 perinde
1337 1613 1370 1634 ac
1383 1605 1405 1633 si
1425 1605 1508 1635 fames
1521 1613 1569 1635 eos
1584 1606 1616 1635 de
1626 1607 1760 1634 industria

983 1653 1155 1681 transmissos
1169 1653 1327 1689 pestilentias
1347 1658 1531 1689 reservasset,
1549 1654 1707 1682 acutissimo
1727 1661 1759 1682 ac

983 1699 1152 1726 velocissimo
1168 1699 1262 1727 mortis
1282 1705 1380 1735 genere
1399 1699 1556 1728 interibant.
1580 1698 1682 1728 Cuncta
1698 1707 1760 1735 pas-

981 1744 1031 1772 sim
1051 1744 1121 1776 loca.
1143 1744 1309 1779 augiportus.
1333 1744 1402 1777 fora,
1429 1743 1534 1779 plateze,
1560 1744 1684 1772 lamentis
1715 1753 1759 1773 re-

981 1791 1145 1818 dundabant.
1158 1790 1249 1825 Neque
1264 1790 1334 1817 aliud
1350 1796 1462 1818 cernere
1476 1789 1574 1818 licebat
1584 1798 1663 1825 quam
1680 1791 1757 1826 lngu-

979 1835 1041 1863 bres
1055 1834 1154 1863 naenias
1172 1843 1234 1862 cum
1259 1836 1358 1863 usitato
1378 1836 1446 1871 apud
1467 1844 1513 1864 eos
1534 1836 1659 1863 tibiarum
1676 1841 1756 1863 cantu

980 1885 1060 1915 atque
1077 1880 1195 1914 planctu.
1209 1880 1250 1908 Ad
1264 1880 1337 1908 hunc
1352 1881 1460 1908 modum
1474 1881 1578 1908 duobus
1592 1881 1666 1908 ltisce
1677 1882 1755 1916 quasi

979 1925 1039 1953 telis
1052 1925 1131 1960 357
1151 1929 1253 1952 armata
1269 1932 1352 1958 mors,
1378 1925 1449 1953 fame
1464 1926 1588 1953 videlicet
1609 1933 1640 1953 ac
1653 1930 1730 1959 peste
1745 1946 1753 1957 ,

978 1973 1098 2007 integras
1114 1971 1230 1999 familias
1248 1971 1321 1999 brevi
1344 1977 1464 2007 tempore
1487 1972 1604 1999 vastavit
1621 1980 1628 1999 :
1644 1973 1710 2000 adeo
1726 1977 1754 2000 ut

978 2026 1011 2047 ex
1028 2026 1078 2045 una
1098 2018 1245 2052 eademque
1267 2018 1346 2045 domo
1367 2018 1420 2045 duo
1449 2017 1528 2045 simul
1550 2025 1583 2045 ac
1601 2018 1652 2045 tria
1673 2018 1755 2046 cada-

976 2072 1041 2093 vera
1061 2063 1150 2091 efl'erri
1173 2064 1205 2091 ad
1224 2063 1389 2098 sepulturam
1413 2063 1573 2090 videremus.
1596 2062 1753 2098 Huiusmodi

976 2111 1116 2146 praemium
1132 2109 1182 2137 fuit
1195 2109 1393 2145 superbissimae
1409 2109 1481 2137 illius
1496 2109 1632 2136 Maximini
1647 2109 1754 2144 jactan-

977 2157 1029 2189 tiae,
1045 2161 1073 2184 et
1092 2156 1261 2183 decretorum
1277 2163 1337 2191 quae
1361 2155 1484 2183 civitates
1508 2155 1636 2182 adversus
1649 2160 1754 2183 nostros

976 2204 1127 2232 ediderant.
1139 2203 1197 2236 Quo
1209 2202 1316 2237 quidem
1327 2205 1447 2237 tempore
1460 2201 1676 2229 Christianorum
1688 2208 1752 2235 erga

941 2257 963 2284 Ῑ)
978 2256 1073 2276 omnes
1092 2248 1220 2276 sedulitas
1246 2255 1278 2275 ac
1307 2247 1393 2282 pietas
1415 2247 1634 2275 manifestissimo
1653 2247 1752 2274 indicio

976 2294 1107 2323 universis
1119 2293 1262 2335 gentilibus
1282 2293 1516 2328 innotuiLQuippe
1528 2293 1554 2320 hi
1569 2293 1621 2335 soli
1631 2294 1656 2321 in
1671 2298 1751 2321 totae

976 2342 1057 2370 tantis
1070 2328 1268 2369 calamitatibus
1278 2339 1468 2368 misericordia
1480 2343 1560 2374 atque
1574 2328 1751 2367 humanitatis

1008 2426 1177 2463 (ηλξγπὸ,
1184 2427 1260 2463 μίαν
1285 2425 1420 2463 ῥιφορέινζ
1436 2426 1677 2463 προκομιζόμενα,
1705 2427 1751 2454 Sic

973 2460 1059 2491 codd.’
1073 2462 1155 2492 Maz..
1167 2460 1237 2498 Med.
1253 2467 1279 2498 et
1293 2460 1359 2498 Fuk.
1373 2460 1447 2496 Vulg.
1456 2460 1637 2498 νομιζόμενα.
1667 2462 1750 2489 l’aulo

972 2503 1031 2530 post
1044 2498 1101 2532 lego
1118 2505 1177 2524 cum
1202 2496 1448 2533 Christnpltorsono
1464 2496 1528 2533 περὶ
1545 2496 1647 2527 πάντας
1664 2504 1749 2523 σπου.

971 2533 1029 2569 δῆς.
1042 2531 1173 2569 ειὲιειιιιιη
1189 2531 1258 2569 quod
1275 2532 1318 2558 hic
1330 2532 1362 2558 de
1375 2531 1511 2569 sepnltura
1531 2534 1692 2569 cadaverum
1707 2539 1748 2569 re—

971 2566 1068 2599 fertur.
1084 2567 1150 2594 satis
1165 2566 1264 2594 iudicat
1285 2573 1384 2592 morem
1401 2567 1474 2593 illum
1502 2567 1639 2594 cremandi
1665 2568 1748 2593 catt“-

969 2610 1032 2630 vera
1048 2609 1081 2630 eo
1096 2607 1214 2634 tempore
1240 2601 1346 2636 penitus
1372 2601 1537 2628 obliteratum
1568 2602 1652 2629 fuisse
1675 2601 1745 2634 apud

969 2637 1115 2664 Romanos.
1128 2636 1204 2670 Quod
1215 2636 1321 2670 quando
1337 2636 1452 2670 primum
1469 2637 1594 2670 coeperit,
1623 2636 1747 2663 difficilli-

969 2680 1040 2699 mum
1056 2677 1097 2699 est
1111 2672 1211 2698 dicere.
1230 2670 1361 2698 Videntur
1375 2675 1464 2697 tamen
1487 2679 1501 2697 a
1516 2670 1615 2699 Iudaeis
1630 2677 1657 2697 et
1672 2671 1748 2698 Chri-

969 2707 1063 2734 Slianis
1079 2707 1150 2733 bunc
1163 2713 1264 2733 morem
1281 2705 1410 2740 paulatim
1428 2706 1550 2733 hausisse
1562 2705 1676 2732 Romani
1688 2726 1696 2738 ,
1713 2707 1746 2732 de

967 2749 1021 2775 quo
1033 2742 1146 2775 insignis
1160 2746 1201 2768 est
1225 2741 1298 2767 locus
1314 2740 1440 2767 Mat-robii
1456 2741 1481 2767 iu
1494 2741 1542 2767 lib.
1556 2748 1594 2768 vlt
1614 2740 1746 2768 Saturna-

967 2777 1042 2809 lium,
1056 2784 1117 2810 cap.
1133 2777 1148 2802 7
1164 2784 1171 2803 :
1187 2785 1195 2801 ι
1215 2776 1314 2803 Deinde
1339 2775 1401 2802 licet
1418 2777 1510 2803 ttrendi
1523 2783 1634 2810 corpora
1650 2775 1745 2802 defun-

965 2817 1071 2839 Clorntn
1086 2818 1150 2838 usus
1167 2815 1259 2837 nostro
1275 2810 1372 2837 saeculo
1385 2810 1473 2837 nullus
1489 2811 1535 2842 sit,
1559 2811 1638 2838 lectio
1656 2814 1744 2837 tatnen

965 2848 1054 2878 docet,
1071 2853 1103 2873 eo
1118 2850 1237 2880 tempore
1247 2853 1300 2880 quo
1317 2845 1370 2880 igni
1392 2845 1449 2872 dari
1467 2846 1551 2874 houos
1567 2845 1680 2873 mortuis
1695 2846 1746 2873 ha-

965 2880 1090 2914 bebatur,
1104 2890 1113 2907 »
1131 2885 1185 2908 etc.
