2013 3179
257 170 309 200 819

611 169 748 197 EUSEBI]
769 169 1008 197 CESARIENSIS
1026 169 1100 197 OPP.
1121 168 1207 196 PARS
1228 168 1248 196 Ι.
1267 184 1299 190 ——
1321 166 1515 196 HISTORiCA.

1824 168 1876 196 820

256 229 344 257 oliiizia
363 229 442 256 rebus
456 227 522 262 ipsis
541 227 714 260 exhibentes,
734 227 856 262 quotidie
881 228 979 262 partim
994 235 1025 255 cu

1090 230 1214 263 πρᾶγμα,
1230 227 1294 254 Θεόν
1310 236 1339 253 τε
1354 227 1408 253 τῶν
1422 225 1590 262 Χριστιανῶν
1605 226 1734 259 δοξάζειν,
1755 226 1875 258 εὐσεϐεῖς

256 275 348 305 randis
364 281 395 301 ac
409 274 571 308 sepeliendis
584 279 752 300 mortuorum
766 274 942 301 cadaveribus
957 281 1038 300 vaca-

256 319 330 346 bant.
343 318 526 345 Moriebantur
539 322 629 344 autem
648 318 673 345 in
691 319 747 346 dies
762 319 907 351 innumeri,
921 327 1036 354 quorum

256 371 334 390 nettto
350 371 442 391 curam
472 364 595 397 gerebat.
622 363 723 391 Partim
741 364 868 391 omnibus
890 369 946 391 tota
970 365 1037 392 urbe

254 411 346 446 egenis
363 411 407 446 qui
419 413 490 438 tame
504 410 725 445 opprimebantur
737 411 763 438 in
775 419 858 438 unum
872 412 1036 445 convocatis,

253 465 339 493 panes
353 458 467 492 singulis
492 457 647 484 dividebant
665 466 671 484 :
687 458 754 484 adeo
779 462 808 485 ut
832 465 892 485 cum
907 458 986 492 hujus
999 459 1036 486 rei

254 503 325 536 fama
348 504 454 534 crebris
477 504 617 531 hominum
644 504 816 531 sermonibus
842 504 1035 538 divulgaretur,

253 549 344 576 cuncti
367 549 587 578 Christianorum
612 550 695 576 Deum
716 549 829 576 summis
847 549 970 576 laudibus
985 557 1036 577 ex-

254 595 389 630 tollerentl
412 602 512 629 eosque
530 596 602 623 solos
628 596 686 630 pios
716 595 762 622 Dei
784 595 904 623 cultores
925 604 954 623 re
978 596 1035 630 ipsa

252 647 279 669 et
306 641 385 669 factis
406 642 596 676 comprobatos
622 649 683 669 esse
708 642 867 669 faterentur.
890 631 957 676 Quae
972 642 1035 669 dum

253 688 289 715 lta
313 693 458 723 geruntur,
483 696 599 724 magnus
627 688 670 717 ille
698 696 731 715 ac
758 688 876 715 caelestis
902 688 1036 715 Christia~

252 741 347 760 norum
367 725 549 768 propugnator
563 733 643 766 Deus,
653 734 697 768 qui
712 740 760 767 per
779 740 860 768 supra
874 738 1035 760 metnoratas

251 779 419 808 calamitates
431 779 498 807 iram
509 780 807 814 atqueindignationcm
817 787 892 807 suam
905 780 1034 807 adversus

250 830 364 853 cunctos
379 826 506 853 mortales
518 827 552 853 ob
564 834 594 853 ea
607 833 667 860 qua:
680 831 773 853 contra
793 834 841 854 nos
858 826 960 853 nefarie
975 834 1034 861 ges-

250 872 358 906 sissent,
381 873 448 900 satis
465 880 601 907 superque
623 872 822 905 deelaraverat,
840 872 963 907 benigna:
978 879 1033 899 sum

1089 283 1118 300 τε
1131 275 1178 300 καὶ
1194 274 1289 309 μόνους
1303 273 1437 304 θεοσεϐεῖς
1449 274 1560 304 τούτους
1571 272 1687 307 ἀληθῶς,
1703 271 1771 307 πρὸς
1785 271 1874 298 αὐτῶν

1089 320 1265 354 ἐλεγχθέντας
1272 320 1325 346 τῶν
1343 320 1510 355 πραγμάτων
1518 319 1665 354 ὁμολογεῖν.
1687 318 1744 353 Ἐφ’
1756 315 1797 349 οἷς
1811 317 1873 344 τοῦ-

1088 373 1132 391 τον
1150 365 1366 400 ἐπιτελουμένοις
1378 365 1423 390 τὸν
1437 364 1545 399 τρόπον,
1559 365 1573 390 ὁ
1591 363 1674 399 μέγας
1689 363 1735 390 καὶ
1750 363 1874 399 οὐράνιος

1087 411 1255 447 Χριστιανῶν
1275 411 1432 446 ὑπέρμαχος
1444 410 1508 442 Θεὸς
1520 431 1527 441 ,
1549 410 1598 445 τὴν
1613 409 1682 436 κατὰ
1701 410 1808 437 πάντων
1825 410 1873 436 ἀν-

1088 457 1203 492 θρώπων
1216 457 1259 484 διὰ
1275 457 1328 484 τῶν
1342 457 1533 492 δεδηλωμένων
1547 456 1747 491 ἐπιδειξάμενος
1759 456 1872 492 ἀπειλὴν

1087 505 1134 530 καὶ
1152 505 1350 539 ἀγανάκτησιν,
1368 503 1424 530 ἀνθ’
1439 500 1476 530 ὧν
1495 504 1534 534 είς
1555 503 1630 538 ἡμᾶς
1653 502 1872 538 ὑπερϐαλλόντως

1087 550 1260 583 ἐνεδείξαντο,
1280 551 1330 586 τὴν
1346 550 1445 586 εὐμενῆ
1461 550 1508 576 καὶ
1523 549 1637 584 φαιδρὰν
1650 549 1698 584 τῆς
1712 548 1792 575 αὐτοῦ
1808 548 1872 584 περὶ

1087 596 1159 630 ἡμᾶς
1178 595 1305 630 προνοίας
1329 593 1405 627 αὖθις
1432 596 1496 630 ἡμῖν
1524 595 1610 630 αὐγὴν
1631 594 1765 626 ἀπεδίδου,
1785 594 1823 626 ὼς
1840 595 1870 622 ἐν

1087 640 1163 676 βαθεῖ
1179 641 1265 676 σκότῳ
1287 641 1488 676 παραδοξότατα
1514 640 1571 675 φῶς
1594 641 1659 675 ἡμῖν
1677 640 1705 673 ἐξ
1721 640 1801 668 αὐτοῦ
1819 648 1869 666 κα-

1085 686 1233 721 ταλάμπων
1254 688 1374 722 είρήνης,
1393 687 1510 721 ἐκφανὲς
1523 695 1553 713 τε
1573 688 1629 718 τοῖς
1645 687 1710 712 πᾶσι
1727 685 1868 718 καθιστὰς,

1085 732 1150 759 Θεὸν
1174 733 1255 759 αὐτὸν
1280 733 1333 759 τῶν
1357 732 1417 759 καθ’
1438 734 1511 768 ἡμᾶς
1532 733 1678 759 ἐπίσκοπον
1704 732 1747 759 διὰ
1770 732 1870 764 παντὸς

1085 778 1222 811 γεγονέναι
1241 778 1420 813 πραγμάτων,
1443 778 1605 813 μαστίζοντα
1624 778 1673 813 μὲν
1689 778 1734 804 καὶ
1755 778 1798 804 διὰ
1815 777 1869 804 τῶν

1084 825 1269 859 περιστάσεων
1290 824 1359 850 κατὰ
1384 824 1478 859 καιρὸν
1503 824 1699 859 ἐπιστρέφοντα
1720 825 1765 850 τὸν
1786 823 1868 850 αὐτοῦ

1084 869 1156 901 λαὸν,
1171 870 1250 897 πάλιν
1265 871 1288 896 τ’
1302 868 1335 896 αὖ
1353 870 1422 906 μετὰ
1435 870 1483 906 τὴν
1500 871 1622 906 αὐτάρκη
1641 870 1772 902 παιδείαν,
1790 869 1869 896 ἵλεων

249 923 313 950 erga
334 923 382 943 nos
402 916 580 951 providentia:
607 917 810 944 serenissimam
839 917 926 944 lucem
958 917 1026 944 nobis

1083 917 1130 943 καὶ
1146 916 1246 952 εὐμενῆ
1263 917 1318 948 τοῖς
1335 917 1374 948 είς
1392 917 1473 943 αὐτὸν
1493 916 1542 949 τὰς
1561 916 1670 948 ἐλπίδας
1683 916 1789 952 ἔχουσιν
1803 917 1869 944 ἀνα-

248 962 384 994 restituit,
422 962 495 989 velut
530 963 555 990 in
585 963 754 991 densissimis
787 962 906 990 tenebris
936 967 1032 997 praeter

247 1011 367 1038 omnium
382 1011 612 1045 exspectationem
626 1012 699 1046 pacis
709 1019 764 1039 sua:
776 1011 942 1045 splendidum
955 1010 1035 1045 jubar
1063 1011 1140 1038 nobis
1163 1011 1310 1038 ostendens
1339 1019 1346 1038 :

1085 962 1254 997 φαινόμενον.

1375 1015 1402 1038 et
1418 1010 1541 1038 omnibus
1563 1010 1732 1045 apertissime
1756 1011 1867 1038 demon-

247 1061 347 1088 strans,
364 1055 449 1083 Deum
470 1057 555 1092 ipsum
572 1065 660 1085 rerum
691 1063 848 1086 nostrarum
877 1059 1054 1093 inspectorem
1086 1061 1114 1084 et
1129 1058 1335 1092 gubernatorem
1354 1062 1482 1092 perpetuo
1496 1058 1641 1090 exstitisse,
1661 1057 1706 1092 qui
1738 1057 1866 1092 populum

246 1110 322 1134 stuim
353 1103 488 1132 interdum
512 1106 621 1139 quidem
651 1107 775 1141 castiget,
798 1111 825 1133 et
842 1106 925 1133 variis
952 1106 1072 1134 cladibus
1091 1106 1221 1140 corripiat
1239 1115 1246 1133 :
1261 1114 1353 1133 rursus
1381 1114 1445 1133 vero
1469 1111 1530 1140 post
1548 1105 1721 1134 suﬂicientem
1746 1106 1868 1133 animad-

246 1151 400 1179 versionem
417 1152 562 1187 propitium
578 1160 607 1180 se
625 1161 656 1180 ac
670 1153 813 1188 benignum
828 1161 889 1188 erga
902 1161 948 1181 eos
961 1153 1078 1188 prmbcat
1106 1153 1151 1188 qui
1169 1160 1244 1188 spem
1261 1153 1286 1180 iu
1302 1152 1360 1188 ipso
1372 1153 1585 1180 collocaverunt.

552 1209 665 1238 CAPUT
686 1210 730 1238 IX.

245 1255 285 1289 De
316 1256 422 1290 interitu
445 1260 615 1291 tyrannorum
642 1265 651 1283 :
675 1262 697 1283 et
722 1257 817 1292 quibus
840 1258 922 1285 verbis
948 1257 1028 1292 paulo

473 1296 533 1325 ante
547 1297 654 1319 mortem
666 1298 727 1319 sunt
745 1293 796 1321 usi.

279 1372 346 1399 Cum
364 1373 447 1407 igitur
470 1373 673 1407 Constantinus,
687 1381 766 1409 quem
790 1375 979 1408 imperatorem
992 1383 1025 1402 ex

244 1417 417 1453 Imperatore,
432 1419 503 1454 pium
517 1427 549 1447 ex
563 1419 684 1454 piissimo
707 1427 738 1446 ac
763 1420 962 1448 modestissimo
979 1429 1026 1456 pa-

244 1469 321 1491 rcutc
342 1470 500 1499 pr0gnatum
530 1472 590 1492 esse
616 1467 672 1501 jam
710 1466 838 1499 diximus,
857 1472 883 1493 et
914 1468 1024 1495 secundi

245 1514 305 1544 post
318 1517 377 1536 eum
399 1510 449 1537 loci
471 1510 601 1544 Licinitts,
630 1512 771 1545 prudentia
790 1513 869 1540 sitnul
884 1521 914 1540 ac
927 1514 1025 1547 pietate

243 1555 393 1590 conspicui,
415 1557 449 1584 ab
469 1557 588 1584 omnimn
610 1565 672 1592 rege
693 1566 724 1584 ac
747 1564 884 1586 servatore
904 1560 958 1587 Deo
974 1561 1026 1588 duo

243 1601 439 1636 reiigiosissimi
455 1603 584 1631 adversus
601 1604 684 1639 358
701 1605 766 1632 duos
788 1605 964 1640 impiissimos
984 1611 1025 1642 ty-

1341 1211 1539 1238 ΚΕΦΑΛΑΙΟΝ
1561 1211 1598 1238 Θ’.

1081 1257 1151 1291 Περὶ
1169 1257 1225 1290 τῆς
1239 1257 1298 1284 τῶν
1313 1257 1466 1290 τψιὶννων
1481 1257 1691 1292 καταστροφῆς
1710 1251 1762 1285 τοῦ
1778 1259 1864 1293 βίου,

1115 1293 1163 1329 καί
1189 1293 1453 1329 ΟἵαΙςῗέχρήρτωῖζο
1480 1293 1537 1329 πρὸ
1560 1293 1614 1326 τῆς
1637 1293 1778 1328 τελευτῆς
1803 1303 1863 1329 φωι

1113 1328 1179 1360 ναῖς
1197 1328 1251 1363 (45)
1265 1328 1333 1363 (Nte.
1355 1328 1388 1354 Η.
1407 1327 1440 1354 Ε.
1453 1336 1498 1361 vn,
1511 1328 1616 1363 :‘9-31).

1114 1373 1192 1400 υῦτω
1214 1373 1245 1409 δὴ
1260 1374 1477 1405 Κωνσταντίνου,
1495 1374 1523 1400 ὃν
1539 1374 1651 1408 βασιλέα
1666 1376 1697 1401 ἐκ
1721 1375 1862 1410 βασιλέως,

1079 1419 1177 1455 εὐσεϐῆ
1191 1429 1220 1446 τε
1236 1420 1264 1452 ἐξ
1276 1419 1468 1446 εὐσεϐεστάτου
1480 1421 1526 1446 καὶ
1541 1421 1628 1447 πάντα
1643 1421 1862 1456 σωφρονεστάτου

1079 1467 1218 1500 γεγονέναι
1238 1467 1440 1502 προειρήκαμεν
1461 1466 1526 1502 (44),
1545 1467 1679 1493 Λικιννίου
1695 1475 1724 1493 τε
1738 1467 1786 1493 τοῦ
1803 1468 1861 1502 μετ’

1079 1512 1160 1539 αὐτὸν
1183 1513 1286 1538 συνέσει
1312 1513 1357 1538 καὶ
1376 1513 1500 1548 εὐσεϐείᾳ
1522 1513 1708 1548 τετιμημένων
1731 1514 1797 1549 πρὸς
1815 1513 1861 1540 τοῦ

1080 1558 1272 1593 παμϐασιλείας
1296 1558 1362 1585 Θεοῦ
1384 1567 1413 1584 τε
1430 1558 1483 1584 τῶν
1505 1558 1573 1585 ὅλων
1591 1560 1637 1585 καὶ
1657 1559 1791 1595 Σωτῆρος,
1815 1559 1861 1585 δύο

1080 1603 1209 1637 θεοφιλῶν
1230 1604 1300 1630 κατὰ
1327 1604 1380 1630 τῶν
1409 1604 1455 1631 δύο
1484 1604 1698 1630 δυσσεϐεστάτων
1723 1604 1861 1640 τυράννων

243 1661 344 1686 rannos
361 1656 471 1683 excitati
496 1656 625 1690 fuissent;
647 1657 740 1692 prmlio
760 1659 910 1694 congressi,
927 1659 1026 1686 auxilio

1077 1650 1312 1685 ἀνεγηγερμένων,
1331 1651 1448 1685 πολέμου
1469 1659 1498 1677 τε
1519 1651 1592 1685 νόμῳ
1616 1650 1859 1686 παραταξαμένων,

244 1707 327 1733 diviui
348 1708 465 1735 numinis
479 1708 672 1737 Constantinus
685 1710 791 1744 quidem
817 1710 982 1738 Maxentium
999 1713 1024 1739 in

243 1753 311 1780 urbe
334 1753 415 1780 Roma
436 1760 534 1788 praeter
549 1756 670 1783 omnium
687 1757 840 1791 opinionem
867 1764 1024 1792 superatum

242 1799 353 1827 occidit.
368 1800 530 1828 Maximinus
552 1810 617 1830 vero
636 1802 754 1830 Orientis
766 1804 897 1838 tyrannis.
912 1813 964 1830 non
980 1805 1024 1831 diu

241 1851 303 1880 post
329 1845 457 1874 Maxentii
488 1848 588 1875 czedem
609 1856 624 1876 a
647 1848 753 1876 Licinio
781 1850 826 1884 qui
852 1850 969 1877 nondum
997 1851 1023 1877 in

242 1896 364 1926 apertam
389 1893 525 1920 vesaniam
551 1901 678 1929 eruperat
707 1895 840 1928 devictus,
869 1897 1023 1931 turpissimo

242 1938 336 1965 tuortis
353 1946 451 1972 genere
467 1940 602 1967 oecuhuit.
618 1940 717 1969 Verum
733 1943 807 1976 prior
820 1942 1023 1974 Constantinus,

241 1985 286 2019 qui
301 1985 382 2012 etiam
398 1985 509 2014 honoris
523 1989 702 2023 praerogativa
713 1993 741 2016 et
752 1989 856 2024 imperii
870 1990 953 2024 gradu
966 1990 1022 2023 pri-

240 2037 314 2056 mum
329 2031 417 2058 locum
433 2032 581 2065 obtinebat,
597 2033 780 2064 Romanorum
796 2035 840 2068 qui
861 2034 1021 2068 gravissima

241 2075 383 2110 tyrannide
397 2083 583 2111 premerentur
610 2079 697 2106 vicem
715 2079 861 2107 miseratus
873 2101 881 2113 ,
904 2080 1023 2108 cmlestis

239 2122 288 2149 Dei
302 2123 422 2156 numine,
452 2124 563 2159 ejusque
583 2125 652 2153 Filio
665 2133 696 2152 ac
718 2126 806 2154 Verbo
820 2127 939 2154 omnium
954 2127 1020 2154 Ser-

239 2171 334 2195 vatore
357 2168 419 2196 .lesu
440 2169 551 2198 Christo
575 2172 602 2197 in
619 2171 748 2198 auxilium
773 2172 930 2207 suppliciter
944 2173 1020 2200 invo-

239 2219 311 2247 cato,
321 2222 381 2241 cum
398 2216 524 2244 universo
543 2218 664 2244 exercitu
681 2226 839 2251 progressus
851 2223 943 2250 est.eo
955 2227 1020 2246 eon-

239 2262 300 2290 silio
318 2268 346 2289 ut
364 2263 493 2291 Romanis
510 2265 661 2292 libertatem
678 2274 760 2300 quam
776 2276 790 2293 ιι
812 2267 958 2300 majoribus
973 2276 1020 2294 ac-

239 2309 377 2343 ceperant,
402 2309 554 2338 interventu
584 2318 634 2339 suo
660 2313 824 2341 restitueret.
853 2313 937 2340 Porro
958 2322 1019 2341 cum
1036 2313 1058 2340 Ι)

238 2354 402 2387 Maxentius,
425 2357 589 2391 magicarum
625 2359 723 2385 artium
760 2360 900 2394 praestigiis
937 2361 1021 2395 magis

237 2417 317 2450 quam
336 2410 503 2437 subditorum
523 2411 707 2438 benevolentia
721 2412 848 2445 confisus,
863 2421 895 2440 ne
909 2413 1018 2449 quidem

236 2467 313 2489 extra
336 2463 410 2491 urbis
434 2469 524 2498 portas
543 2465 666 2500 progredi
695 2465 827 2492 auderet:
844 2471 940 2493 cuncta
955 2473 1018 2494 vero

237 2516 263 2545 in
278 2517 391 2544 circuitu
415 2519 491 2545 urbis
507 2518 599 2547 Roma:
615 2527 646 2547 ac
660 2519 741 2547 totius
763 2520 842 2547 ltalim
859 2521 929 2553 loca,
942 2520 1019 2555 oppi-

271 2602 327 2635 (ιδ)
342 2602 369 2629 In
386 2603 512 2629 omnibus
524 2603 662 2630 codicibus
679 2603 838 2636 transpositi
853 2608 930 2631 erant
946 2603 1015 2631 tituli

234 2637 364 2672 capitum,
377 2643 402 2664 et
415 2639 494 2671 capiti
508 2638 524 2665 9
539 2638 658 2671 adjectus
669 2644 729 2665 erat
747 2639 840 2665 titulus
862 2639 906 2672 qui
920 2639 1017 2672 capitis

235 2671 344 2708 messe
359 2673 508 2704 delituerat;
526 2679 619 2702 contra
636 2674 719 2708 capiti
741 2673 774 2700 10
800 2671 967 2700 tribuebatur
993 2674 1016 2704 is

234 2707 282 2740 qui
298 2707 423 2742 proprius
442 2714 501 2734 erat
515 2709 611 2742 capitis
627 2709 655 2736 9.
673 2707 761 2737 Vllunc
774 2715 895 2735 errorem
912 2709 937 2735 in
953 2717 1016 2736 vcr-

234 2742 313 2768 sione
328 2747 419 2768 nostra
445 2744 698 2771 emendaveramus.

270 2775 331 2813 (ΑΜ)⁸
346 2778 504 2811 Γεγονέναι
519 2779 745 2813 προειρήκαμεν.
759 2780 823 2806 Post
837 2779 886 2806 has
898 2786 977 2805 \‘0095
993 2779 1018 2805 in

233 2811 409 2847 vetustissim.
437 2814 515 2840 codd.
538 2811 606 2840 Maz:
632 2819 659 2841 et
680 2811 754 2842 Med.
781 2816 838 2841 luet:
869 2819 1018 2847 sequuntur

235 2845 313 2883 verba
328 2855 334 2872 :
346 2846 481 2883 Λικιννίου
496 2856 527 2874 τε
537 2849 583 2874 τοῦ
601 2850 659 2883 μετ’
672 2850 752 2876 αὐτὸν
766 2850 872 2879 συνέσει
886 2845 933 2876 καὶ
945 2848 1019 2874 εὐσε-

235 2879 294 2923 Eafa
313 2881 510 2924 τετιμημένων,
533 2879 663 2918 πρὸξ-τοῦ
687 2884 880 2920 παμϐασιλέως
896 2883 963 2911 Θεοῦ
987 2892 1017 2909 τε

1076 1696 1143 1722 Θεοῦ
1177 1697 1381 1732 συμμαχοῦντος
1408 1697 1508 1728 αὐτοῖς,
1537 1697 1739 1732 παραδοξότατα
1766 1697 1861 1723 πίπτει

1078 1742 1127 1777 μὲν
1146 1743 1191 1769 ἐπὶ
1218 1742 1324 1778 Ῥώμης
1338 1742 1390 1769 ὐπὸ
1407 1743 1610 1769 Κωνσταντίνου
1634 1742 1790 1775 Μαξὲντιος,
1808 1743 1822 1768 ὀ
1836 1742 1859 1768 δ’

1076 1789 1118 1814 ἐπ’
1150 1789 1292 1823 ’Λνατολῆς
1318 1790 1347 1815 οὐ
1371 1789 1453 1815 πολὺν
1482 1788 1613 1823 ἐπιζήσας
1629 1789 1724 1822 ἐκείνῳ
1752 1788 1858 1824 χρόνον,

1076 1836 1206 1870 αἰσχίστῳ
1227 1836 1273 1861 καὶ
1289 1835 1369 1866 αὐτὸς
1389 1835 1441 1861 ὑπὸ
1458 1835 1604 1867 Λικιννίου,
1631 1834 1704 1861 οὔπω
1729 1835 1860 1870 μανέντος

1074 1881 1134 1908 τότε
1145 1902 1152 1913 ,
1168 1881 1347 1916 καταστρέφει
1369 1880 1484 1916 θανάτῳ.
1503 1881 1637 1916 Πρότερός
1653 1889 1684 1915 γε
1707 1881 1758 1916 μὴν
1774 1880 1788 1906 ὁ
1811 1880 1858 1907 καὶ

1073 1928 1138 1962 τιμῇ
1155 1927 1200 1954 καὶ
1213 1927 1287 1958 τάξει
1303 1927 1353 1961 τῆς
1366 1927 1503 1962 βασιλείας
1522 1927 1628 1962 πρῶτος
1644 1927 1856 1959 Κωνσταντῖτος,

1073 1972 1127 1999 τῶν
1147 1973 1192 1999 ἐπὶ
1220 1972 1328 2008 Ῥώμης
1349 1973 1639 2008 κατατυραννουμένων
1656 1972 1738 2006 φειδὼ
1755 1971 1856 2004 λαϐὼν,

1073 2018 1139 2045 Θεὸν
1160 2019 1206 2045 τὸν
1231 2019 1363 2054 οὐράνιον,
1384 2018 1428 2045 τόν
1444 2027 1474 2045 τε
1491 2019 1584 2045 τούτου
1609 2019 1703 2053 Λόγον,
1721 2018 1801 2045 αὐτὸν
1826 2017 1857 2053 δὴ

1072 2065 1117 2091 τὸν
1139 2064 1246 2091 πάντων
1261 2065 1374 2100 Σωτῆρα
1403 2064 1505 2100 Ἰησοῦν
1525 2064 1641 2100 Χριστὸν
1659 2063 1800 2099 σύμμαχον
1822 2063 1857 2089 δι’

1072 2110 1158 2144 εὐχῶν
1186 2110 1432 2144 ἐπικαλεσάμενος,
1458 2110 1564 2145 πρόεισι
1580 2109 1757 2143 πανστρατιᾷ,
1789 2108 1857 2134 Ῥω-

1073 2156 1163 2190 μαίοις
1175 2155 1209 2181 τὰ
1224 2156 1273 2191 τῆς
1284 2157 1315 2181 ἐκ
1332 2155 1470 2191 προγόνων
1485 2154 1639 2190 ἐλευθερίας
1650 2152 1854 2189 προμνώμενος.

1071 2201 1220 2234 Μαξεντίου
1235 2201 1301 2236 δῆτα
1325 2201 1423 2236 μᾶλλον
1447 2202 1507 2232 ταῖς
1525 2200 1595 2227 κατὰ
1618 2199 1744 2235 γοητείαν
1767 2207 1856 2233 μηχα-

1071 2250 1139 2279 ναῖς,
1150 2248 1166 2283 ἢ
1178 2249 1210 2283 τῇ
1220 2247 1273 2274 τῶν
1290 2247 1417 2283 ὑπηκόων
1425 2246 1631 2282 ἐπιθαρσοῦντος
1647 2245 1746 2279 εὐνοίᾳ,
1763 2244 1857 2280 προελ-

1073 2292 1129 2318 θεῖν
1149 2301 1181 2326 γε
1206 2292 1258 2327 μὴν
1281 2292 1335 2317 οὐδ’
1354 2292 1415 2318 ὅσον
1441 2291 1531 2317 πυλῶν
1554 2291 1601 2317 τοῦ
1625 2291 1726 2321 ἄστεως
1749 2288 1856 2315 ἐπιτολ-

1076 2338 1189 2373 μῶντος,
1214 2338 1328 2364 ὁπλιτῶν
1350 2338 1372 2363 δ’
1394 2337 1535 2373 ἀναρίθμῳ
1558 2337 1654 2372 πλήθει
1680 2336 1726 2362 καὶ
1744 2343 1856 2370 στρατο-

1074 2385 1161 2410 πέδων
1184 2385 1271 2420 λόχοις
1295 2384 1401 2420 μυρίοις
1418 2385 1505 2411 πάντα
1528 2384 1606 2410 τόπον
1632 2384 1678 2409 καὶ
1695 2382 1784 2418 χώραν
1807 2382 1856 2408 καὶ

1073 2430 1160 2461 πόλιν,
1176 2430 1225 2464 ὅση
1240 2438 1282 2461 τις
1295 2430 1323 2455 ἐν
1338 2429 1429 2465 κύκλῳ
1448 2430 1496 2465 τῆς
1518 2429 1659 2464 Ῥωμαίων
1674 2428 1720 2454 καὶ
1740 2426 1854 2458 Ἰταλίας

1071 2477 1179 2511 ἁπάσης
1196 2477 1240 2503 ὑπ’
1263 2476 1336 2512 αὐτῷ
1356 2476 1509 2507 δεδούλωτο,
1528 2475 1709 2512 φραξαμένου,
1728 2475 1741 2500 ὁ
1757 2473 1807 2507 τῆς
1821 2474 1854 2499 ἐκ

1071 2522 1139 2548 Θεοῦ
1157 2522 1312 2557 συμμαχίας
1328 2521 1482 2557 ἀνημμένος
1506 2521 1629 2556 βασιλεὺς
1650 2518 1733 2546 ἐπιὼν
1758 2517 1853 2554 πρώτῃ

1067 2604 1120 2631 τῶν
1137 2604 1204 2630 ὅλων
1224 2603 1271 2630 καὶ
1290 2603 1428 2638 Σωτῆρος·
1446 2603 1492 2628 δύο
1503 2601 1632 2638 θεοφιλῶν
1649 2601 1719 2628 κατὰ
1745 2601 1790 2638 τῶ,
1806 2600 1853 2638 δύο

1067 2637 1440 2674 δυσσεϐεστάτωνκτυράνικον
1454 2637 1687 2673 ἁνεγηγερμένων,
1703 2641 1757 2663 etc.
1779 2637 1853 2674 Opti.

1069 2683 1121 2701 me.
1137 2676 1225 2711 Atque
1241 2674 1278 2700 ita
1288 2671 1609 2711 Eusebiuni‘seripsisse‘
1626 2679 1666 2711 ex"
1676 2671 1852 2711 sequentibus

1068 2705 1190 2743 apparet:
1204 2709 1272 2736 Nam
1287 2709 1313 2735 iu
1333 2709 1385 2735 fine
1399 2705 1629 2743 periodifmentio
1653 2706 1680 2743 tit
1705 2711 1758 2743 tam
1777 2705 1852 2743 ~Liri-

1069 2740 1110 2771 nii'
1121 2752 1201 2778 quam
1215 2740 1407 2771 Censtantinii
1423 2751 1456 2770 ex
1468 2750 1520 2776 quo
1533 2742 1639 2778 plapum
1652 2742 1689 2771 iit,
1706 2740 1850 2778 Eusebium

1067 2780 1100 2806 de
1115 2776 1320 2815 utroquewsupra
1338 2776 1555 2815 loeututnfuisse.
1569 2777 1620 2815 _Seil
1635 2776 1784 2815 exscriptor
1800 2782 1851 2815 no-

1070 2821 1129 2842 men
1151 2810 1245 2841 Licinii
1267 2810 1539 2850 V'f'onsultoexpunxit
1555 2810 1776 2850 ob__su_bsecutam
1791 2810 1851 2850 ejus

1067 2849 1242 2882 impietatem.
1263 2848 1328 2874 Cum
1343 2848 1421 2876 codd.
1454 2847 1522 2876 Μαι.
1541 2851 1568 2875 et
1583 2847 1652 2874 Med.
1675 2847 1850 2873 consentiunt

1067 2884 1150 2916 etiam
1168 2882 1236 2911 Fuk.
1252 2887 1278 2910 et
1293 2882 1377 2910 Savil.
1570 2899 1573 2901 -
