2013 3179
159 175 214 202 8‘25

647 172 819 200 HISTORLE
839 171 1116 200 ECCLESIASTICE
1135 172 1199 200 LIB.
1219 172 1265 200 ix.

1714 172 1766 199 896

160 233 275 270 φανερὸν
290 232 359 260 εἶναι
371 232 498 263 πέποιθα.
514 232 577 264 τοὺς
592 232 721 264 δεσπότας
735 232 812 268 ἡμῶν
831 231 935 266 Διοκλη-

993 237 1059 264 Iror,
1087 231 1202 266 qualiter
1226 229 1327 257 domini
1350 238 1379 257 ac
1401 234 1526 265 parentes
1554 229 1637 257 nostri
1660 228 1764 258 Diocle-

160 279 249 307 τιανδν
259 280 304 306 καὶ
316 279 483 314 Μαξιμιανὸν
491 279 553 309 τοὺς
564 278 712 313 ἡμετέρους
722 278 850 313 πατέρας,
860 277 937 313 ¹ἡνίκα

161 326 281 352 συνεῖδον
296 325 387 360 σχεδὸν
398 324 521 355 ἅπαντας
532 323 699 359 ἀνθρώπους,
717 323 939 358 καταλειφθείσης

161 372 208 406 τῆς
224 371 277 398 τῶν
295 370 362 397 θεῶν
380 370 535 405 θρησκείας,
551 369 590 405 τῷ
607 369 677 395 ἔθνει
697 369 750 395 τῶν
772 368 938 403 Χριστιανῶν

161 418 272 448 ἑαυτοὺς
291 417 505 452 συμμεμιχότας,
523 415 609 451 ὀρθῶς
628 414 820 449 διατεταχέναι,
836 414 938 446 πάντας

160 463 316 499 ἀνθρώπους
329 463 391 493 τοὺς
404 462 457 488 ἀπὸ
472 462 522 496 τῆς
533 462 585 488 τῶν
599 461 686 488 αὐτῶν
713 461 782 492 θεῷν
804 461 856 487 τῶν
873 461 937 487 ἀθα-

159 510 245 535 νάτων
262 508 408 544 θρησκείας
429 509 666 544 ἀναχωρήσαντας,
688 508 810 543 προδήλῳ
830 508 936 535 κολάσει

159 556 207 581 καὶ⁹
219 555 338 590 τιμωρία
352 555 391 586 εἰς
408 554 455 589 τὴν
471 554 616 589 θρησκείαν
633 553 685 580 τῶν
699 554 767 580 θεῶν
786 554 938 588 ἀνακληθῆ-

158 608 211 626 ναι.
232 600 298 625 Ἀλλ’
311 600 354 626 ὅτε
370 600 424 632 ἐγὼ
438 599 556 634 εὐτυχῶς
566 599 597 625 τὸ
612 598 718 634 πρῶτον
739 599 778 630 είς
791 599 839 634 τὴν
858 599 936 625 Ἀνα-

158 646 237 680 τολὴν
253 645 308 680 (52)
326 645 522 681 παρεγενόμην,
539 645 585 671 καὶ
602 644 685 678 ἔγνων
699 644 738 676 εἵς
750 654 824 676 τινας
840 645 937 676 τόπους

159 691 299 722 πλείστους
319 690 372 717 τῶν
389 690 537 726 ἀνθρώπων
555 690 588 721 τὰ
604 690 719 726 δημόσια
733 690 845 724 ὠφελεῖν
859 690 937 716 δυνα-

161 737 266 772 μένους,
283 736 334 763 ὑπὺ
348 736 400 762 τῶν
414 736 547 762 δικαστῶν
561 736 604 762 διὰ
618 736 666 771 τὴν
683 736 882 771 προειρημένην
896 737 937 763 ati-

158 783 217 809 τίαν
238 781 414 817 ὲξορίζεσθαι,
430 782 536 816 ἑκάστῳ
552 782 604 808 τῶν
625 782 757 808 δικαστῶν
774 781 880 814 ἐντολὰς
895 782 938 808 δέ-

157 828 241 858 δωκα,
255 827 324 854 ὥστε
341 827 441 863 μηδένα
454 827 554 854 τούτων
567 826 613 854 τοῦ
628 827 720 854 λοιποῦ
738 827 936 863 προσφέρεσθαι

156 875 213 905 τοῖς
227 873 408 909 ἑπαρχιώταις
427 873 554 908 ἀπηνῶς,
578 872 645 900 ἀλλὰ
667 873 765 907 μᾶλλον
784 872 937 905 κολακείαις

990 280 1079 306 tianus
1094 283 1121 305 et
1146 278 1335 309 Maximianus,
1352 285 1412 304 cum
1427 282 1539 305 cunctos
1563 277 1620 304 fere
1632 277 1764 310 homines,

989 324 1083 351 relicto
1107 324 1217 350 deorunt
1234 322 1424 349 itntnortalium
1442 322 1525 356 culttt,
1537 323 1570 349 ad
1596 322 1765 350 Christiano-

988 378 1047 396 rum
1063 374 1163 396 sectam
1178 376 1207 396 se
1231 368 1395 403 applicuisse
1419 373 1573 401 cernerent,
1592 372 1664 396 recte
1684 374 1765 404 atque

988 416 1082 443 ordine
1096 415 1303 447 constituerunt,
1327 419 1356 440 ut
1375 414 1527 449 quicunque
1550 422 1563 440 a
1579 415 1689 445 deorum
1697 422 1765 442 suo-

988 470 1047 489 rum
1061 461 1187 495 religione
1200 461 1386 493 descivissent,
1402 460 1509 496 publica
1533 461 1765 489 animadversione

987 511 1012 534 et
1041 506 1169 541 supplicio
1189 506 1222 533 ad
1249 506 1406 533 eorutndcm
1431 506 1532 532 cultum
1561 511 1763 534 revocarentur.

987 552 1042 586 Ego
1057 559 1121 579 vero
1139 558 1200 577 cutn
1224 551 1250 579 in
1268 550 1384 578 Orientis
1403 550 1554 586 provincias
1578 550 1699 578 felicibus
1717 558 1765 578 au-

988 596 1079 630 spiciis
1095 596 1209 630 primtun
1234 598 1378 627 venissem,
1402 595 1647 630 comperissemque
1670 603 1764 630 quam-

987 642 1118 677 pluritnos
1138 643 1260 669 homines
1283 642 1328 676 qui
1355 641 1513 676 reipublicae
1537 641 1596 668 usui
1626 648 1685 668 esse
1704 649 1766 676 pos-

989 692 1057 719 sent,
1071 688 1105 715 ob
1124 694 1184 714 eam
1196 694 1276 722 quam
1286 686 1340 713 dixi
1350 693 1459 714 causam
1471 694 1486 713 a
1499 685 1634 720 judieibus
1648 686 1674 712 in
1691 692 1765 713 certa

988 734 1046 761 loca
1067 733 1201 768 relegari;
1225 732 1336 767 singulis
1351 732 1486 768 judicibus
1518 731 1545 759 in
1569 732 1704 759 mandatis
1719 733 1766 760 de-

988 780 1031 813 di,
1049 786 1081 806 ne
1097 779 1156 814 quis
1179 786 1270 806 eoruut
1291 778 1415 812 deinceps
1433 777 1563 805 adversus
1588 779 1767 813 provinciales

988 827 1120 854 atrociter
1140 826 1263 856 saeviret;
1295 825 1342 852 sed
1370 830 1399 851 ut
1419 825 1508 859 potius
1527 824 1663 853 blanditiis
1679 831 1706 853 et
1720 827 1766 853 ad-

989 872 1187 899 hortationibus
1199 872 1231 898 ad
1245 871 1356 897 deortttn
1369 869 1469 897 cultum
1482 877 1529 897 eos
1545 876 1672 898 revocare
1686 878 1767 897 cona-

157 920 204 945 καὶ
225 921 390 954 προτροπαῖς
409 919 475 954 πρὸς
495 918 544 954 τὴν
563 918 615 944 τῶν
632 918 699 944 θεῶν
722 917 869 952 θρησκείαν
889 919 935 944 αὑ-

990 923 1092 945 rentur.
1111 917 1233 951 Quandiu
1256 917 1336 951 igilnr
1352 916 1427 950 juxta
1447 916 1601 943 mandatum
1619 917 1767 952 tnajestatis

156 967 220 997 τοὺς
236 966 386 992 ἀνακαλεῖν.
418 966 573 1001 Τηνικαῦτα
591 963 637 992 οὖν
661 966 705 992 ὅτε
731 964 882 997 ἀκολούθως
905 967 936 1001 τῇ

156 1012 278 1044 κελεύσει
302 1013 334 1047 τῇ
356 1013 408 1047 ὲμῇ
426 1012 478 1038 ὑπὸ
498 1012 550 1039 τῶν
571 1011 701 1038 δικαστῶν
718 1012 880 1046 ἐφυλάττετο
903 1012 938 1038 τὰ

156 1057 379 1093 προστεταγμένα
389 1077 396 1089 ,
413 1057 550 1083 συνέϐαινε
574 1057 673 1092 μηδένα
689 1057 721 1084 ἐκ
736 1057 790 1083 τῶν
805 1057 939 1092 τῆςἋναε

155 1103 236 1138 τολῆς
251 1103 351 1138 μερῶν,
369 1104 435 1137 μήτε
454 1103 588 1137 ἐξόριστον
606 1103 674 1137 μήτε
691 1102 845 1137 ἐνύδριστον
861 1101 938 1135 γενέ-

157 1148 228 1180 σθαι,
241 1148 308 1174 ἀλλὰ
327 1148 424 1183 μᾶλλον
441 1149 473 1174 ἐκ
495 1148 541 1174 τοῦ
557 1148 594 1183 μὴ
614 1148 717 1183 βαρέως
729 1149 788 1174 κατ’
806 1148 895 1175 αὐτῶν
910 1157 936 1174 τι

155 1191 285 1225 γίνεσθαι,
301 1192 341 1223 εἰς
355 1192 402 1227 τὴν
416 1191 468 1217 τῶν
485 1191 552 1219 θεῶν
569 1192 714 1227 θρησκείαν
727 1192 935 1227 ἀνακεκλῆσθαι.

155 1237 232 1265 Μετὰ
246 1238 273 1264 δὲ
287 1238 372 1264 ταῦτα
385 1238 428 1264 ὅτε
439 1237 477 1272 τῷ
490 1238 648 1273 παρελθόντι
661 1238 774 1273 ἐνιαυτῷ
792 1238 846 1273 (55)
862 1239 938 1264 εὐτυ-

155 1284 210 1320 χῶς
231 1284 332 1318 ἐπέϐην
355 1285 395 1315 εἰς
417 1284 466 1319 τὴν
488 1284 669 1319 Νικομήδειαν
691 1285 770 1311 κάκεῖ
793 1284 935 1316 διετέλουν,

155 1322 335 1366 ξταρεγὲνοντο
349 1331 453 1357 πολῖται
469 1331 517 1365 τῆς
531 1330 615 1364 αὐτῆς
631 1330 732 1362 πόλεως
748 1330 815 1366 πρὸς
832 1331 866 1365 μὲ
880 1331 937 1365 ἅμα

156 1376 225 1412 μετὰ
238 1376 291 1402 τῶν
310 1376 409 1408 ξοάνων
429 1375 482 1402 τῶν
498 1376 576 1407 θεῶν.
596 1376 724 1411 μειζόνως
745 1376 876 1411 δεόμενοι,
894 1377 937 1403 ἵνα

153 1422 236 1449 παντὶ
252 1423 344 1458 τρόπῳ
356 1423 386 1449 τὸ
400 1422 517 1450 τοιοῦτον
530 1422 604 1454 ἔθνος
619 1422 751 1457 μηδαμῶς
767 1423 937 1459 ὲπιτρέποιτο

154 1469 183 1501 ὲν
200 1470 231 1504 τῇ
252 1468 342 1495 αὐτῶν
364 1469 470 1505 πατρίδι
499 1470 590 1496 οἰκεῖν.
616 1469 684 1495 Ἀλλ’
700 1470 743 1495 ὅτε
760 1469 844 1503 ἔγνων
861 1469 936 1495 πλεί-

154 1523 233 1546 στους
255 1515 304 1550 τῆς
320 1515 404 1550 αὐτῆς
429 1515 574 1550 θρησκείας
588 1515 685 1550 ἄνδρας
713 1515 741 1541 ὲν
768 1515 859 1547 αὐτοῖς
881 1516 937 1547 τοῖς

156 1560 267 1595 μέρεσιν
294 1562 387 1591 οἰκεῖν,
412 1560 496 1591 οὕτως
518 1560 608 1591 αὐτοῖς
634 1559 682 1591 τὰς
704 1560 862 1595 ἀποκρίσεις
885 1561 936 1587 ἀπε

154 1605 270 1641 ἐνειμον,
287 1606 328 1632 ὅτι
349 1607 381 1642 τῇ
406 1606 453 1641 μὲν
476 1607 581 1639 αἰτήσει
607 1607 694 1633 αὐτῶν
718 1607 842 1642 ἀσμένως
859 1607 936 1643 χάριν

155 1652 268 1687 ἔσχηκα,
285 1652 341 1679 ἀλλ’
358 1653 388 1678 οὐ
407 1652 481 1687 παρὰ
496 1652 603 1679 πάντων
624 1652 702 1679 τοῦτο
719 1653 826 1688 αἰτηθὲν
847 1654 937 1679 κατεῖ-

152 1699 212 1726 δον·
227 1700 251 1725 εί
269 1699 317 1733 μὲν
331 1696 376 1725 οὖν
389 1707 459 1729 τινες
472 1696 526 1725 εἷεν
544 1700 577 1734 τῇ
593 1699 659 1734 αὐτῇ
677 1698 869 1734 δεισιδαιμονίᾳ
881 1698 937 1725 δια-

156 1745 291 1781 μένοντες,
307 1744 392 1774 οὒτως
410 1745 457 1771 ἕνα
472 1745 586 1771 ἕκαστον
608 1746 636 1772 ἐν
655 1746 688 1780 τῇ
707 1745 759 1780 ἰδίᾳ
780 1745 936 1780 προαιρέσει

153 1793 204 1827 τὴν
215 1792 340 1827 βούλησιν
350 1792 419 1827 ἔχειν
430 1791 507 1827 (55”),
517 1792 562 1818 καὶ
573 1793 596 1818 εί
609 1792 741 1827 βούλοιντο
752 1792 859 1828 τὴντῶν
867 1791 935 1818 θεῶν

155 1838 303 1874 θρησκείαν
323 1837 521 1872 ἐπιγινώσκειν.
541 1839 634 1873 Ὅμως
654 1839 700 1865 καὶ
716 1839 771 1870 τοῖς
788 1838 836 1873 τῆς
854 1837 938 1872 αὐτῆς

155 1884 259 1916 πόλεως
281 1884 476 1920 Νικομηδεῦσι,
500 1884 547 1910 καὶ
563 1885 623 1915 ταῖς
649 1883 755 1915 λοιπαῖς
775 1883 882 1910 πόλεσιν
910 1883 937 1910 αἳ

154 1930 203 1957 καὶ
219 1930 299 1956 αὑταὶ
313 1931 352 1962 είς
366 1930 489 1957 τοσοῦτον
500 1930 548 1965 τὴν
561 1930 655 1965 ὁμοίαν
668 1929 774 1964 αἴτησιν
789 1937 937 1964 περισπου-

153 1976 259 2007 δάστως
275 1977 342 2012 πρὸς
362 1977 395 2012 μὲ
410 1977 600 2011 πεποιήκασιν,
618 1975 736 2011 δηλονότι
753 1976 796 2002 ἵνα
814 1972 938 2011 μηδῖεἷς

153 2023 209 2048 τῶν
220 2023 386 2058 Χριστιανῶν
398 2025 457 2054 ταῖς
470 2022 576 2049 πόλεσιν
587 2022 713 2057 ἐνοικοίη,
727 2022 847 2057 ἀνάγκην
860 2021 938 2057 ἔσχον

154 2069 310 2105 προσφιλῶς
326 2069 532 2104 ἀποκρίνασθαι,
549 2070 590 2096 ὅτι
609 2069 641 2104 δὴ
664 2069 728 2095 αὐτὸ
743 2068 821 2095 τοῦτο
843 2069 890 2095 καὶ
913 2068 937 2095 οἱ

155 2117 262 2151 ἀρχαῖοι
276 2115 474 2151 αὐτοκράτορες
488 2116 587 2148 πάντες
602 2115 774 2150 διεφύλαξαν,
789 2115 836 2142 καὶ
848 2115 938 2147 αὐτοῖς

155 2165 211 2194 τοῖς
228 2163 298 2195 θεοῖς
318 2163 351 2189 δι’
367 2163 414 2195 οὒς
433 2164 532 2195 πάντες
547 2164 684 2199 ἄνθρωποι
700 2164 746 2190 καὶ
763 2163 830 2198 αὐτὴ
848 2163 864 2198 ὴ
885 2162 938 2190 τῶν

154 2209 291 2245 δημοσίων
317 2208 448 2244 διοίκησις
479 2209 644 2243 συνίσταται,
673 2209 770 2245 ἤρεσεν
797 2206 844 2235 οὖν
868 2207 936 2243 (54),

987 965 1065 1000 361
1082 971 1189 996 nostrae,
1205 965 1261 991 haec
1275 973 1289 990 a
1302 964 1446 999 judicibus,
1464 969 1542 999 prout
1556 964 1703 999 jusseram,
1717 965 1767 992 ob-

988 1016 1094 1040 servata
1109 1016 1181 1043 sunt,
1198 1019 1277 1038 nemo
1297 1019 1331 1038 ex
1358 1011 1479 1044 partibus
1497 1010 1617 1038 Orientis
1633 1016 1679 1037 attt
1694 1010 1767 1038 rele-

988 1062 1075 1092 gatus,
1090 1061 1136 1084 aut
1150 1056 1314 1084 contumelia
1328 1056 1440 1083 allectus
1454 1061 1506 1083 est.
1519 1056 1588 1089 Quin
1606 1057 1694 1090 potius
1708 1064 1767 1091 pro-

988 1102 1116 1129 vinciales
1130 1102 1212 1128 nostri
1227 1109 1259 1129 eo
1277 1101 1347 1136 quod
1362 1101 1521 1128 clementius
1534 1109 1593 1128 curn
1617 1101 1680 1135 ipsis
1703 1109 1766 1136 age-

987 1149 1075 1180 batur,
1092 1149 1124 1175 ad
1139 1148 1278 1176 numinum
1296 1148 1396 1175 cultum
1414 1142 1563 1175 redierunt.
1590 1147 1686 1174 Postea
1701 1155 1767 1175 vero

988 1204 1048 1222 cum
1065 1203 1134 1223 anno
1148 1195 1285 1230 praeterito
1303 1194 1485 1222 Nicomediam
1502 1193 1618 1221 feliciter
1628 1194 1765 1221 essemin-

988 1248 1107 1274 gressus,
1122 1241 1194 1267 cives
1207 1240 1265 1274 ejus
1278 1239 1353 1266 ttrbis
1376 1246 1419 1265 me
1435 1238 1489 1265 illic
1522 1238 1662 1273 degentem
1689 1238 1766 1266 adie-

987 1292 1049 1314 runt
1065 1294 1126 1314 cum
1145 1287 1255 1313 deorutn
1276 1284 1447 1316 simulacris;
1470 1284 1570 1311 obnixe
1595 1289 1717 1315 orantes,
1733 1292 1767 1312 ne

987 1333 1137 1367 hujusmodi
1154 1332 1291 1359 hominum
1306 1339 1389 1365 genus
1415 1330 1441 1357 itt
1455 1337 1503 1356 sua
1517 1330 1627 1357 civitate
1642 1330 1766 1357 habitare

987 1378 1096 1406 omnino
1113 1378 1257 1405 sineretur.
1280 1377 1332 1404 Sed
1360 1378 1486 1411 quoniam
1516 1377 1670 1411 complures
1687 1376 1767 1411 hujus

987 1425 1124 1460 religionis
1140 1425 1213 1452 viros
1226 1424 1278 1451 illis
1294 1425 1318 1450 in
1330 1424 1450 1458 partibtts
1463 1423 1560 1457 degere
1573 1430 1765 1457 cognoveram,

986 1471 1038 1498 hoc
1051 1471 1090 1498 eis
1102 1478 1258 1506 responsura
1274 1471 1344 1502 dedi,
1363 1478 1405 1497 me
1417 1470 1522 1504 quidem
1538 1477 1629 1497 eorum
1644 1468 1766 1503 petitiotti

986 1517 1101 1543 libenter
1134 1516 1367 1551 gratificaturum;
1394 1516 1440 1543 sed
1469 1524 1522 1543 non
1550 1516 1767 1542 animadvertere

987 1562 1102 1597 idipsum
1116 1570 1148 1589 ex
1162 1570 1239 1597 aequo
1255 1563 1287 1590 ab
1305 1563 1431 1589 omnibus
1442 1561 1585 1596 postulari.
1597 1561 1673 1594 Quod
1689 1560 1711 1587 si
1721 1560 1766 1595 qui

988 1609 1041 1636 sint
1050 1609 1093 1643 qui
1107 1609 1132 1635 in
1143 1609 1359 1636 Christianorum
1370 1608 1563 1643 superstitione
1578 1612 1765 1643 permaneant,

988 1663 1207 1690 unumquemque
1223 1663 1271 1690 pro
1287 1656 1418 1682 arbitratu
1437 1664 1467 1682 ac
1488 1656 1585 1682 mentis
1601 1661 1655 1681 sum
1668 1661 1767 1689 propo-

987 1702 1039 1729 sito
1052 1702 1151 1737 eligere
1163 1703 1232 1736 quod
1245 1701 1375 1734 vellet;et
1387 1702 1409 1728 si
1422 1704 1532 1728 deorum
1546 1701 1701 1735 religionem
1713 1708 1768 1731 am-

988 1748 1066 1782 plecti
1082 1748 1189 1780 vellent,
1204 1748 1315 1781 perinde
1326 1749 1350 1774 id
1364 1748 1453 1775 licere.
1468 1747 1521 1774 Sed
1538 1753 1626 1773 tameu
1645 1752 1671 1773 et
1686 1745 1767 1773 Nico-

988 1795 1177 1825 mediensibus,
1191 1800 1217 1821 et
1232 1794 1342 1828 reliquis
1356 1794 1512 1820 civitatibus
1525 1800 1585 1827 qua:
1598 1793 1719 1819 eamdem
1733 1792 1766 1819 ad

987 1847 1029 1866 tne
1045 1840 1198 1873 petitionetn
1210 1848 1270 1867 cum
1284 1847 1389 1867 summa
1405 1840 1580 1866 contentione
1601 1838 1766 1871 detulerant,

986 1891 1016 1913 ut
1036 1886 1160 1913 videlicet
1176 1885 1265 1913 nullus
1277 1885 1493 1913 Christianorum
1519 1886 1545 1912 in
1571 1886 1629 1912 suis
1654 1886 1767 1913 urbibus

986 1932 1130 1965 habitaret,
1140 1939 1248 1958 necesse
1259 1932 1339 1959 habui
1349 1931 1464 1966 benigne
1474 1932 1649 1964 respondere,
1661 1931 1766 1964 quando

987 1978 1022 2004 ita
1039 1977 1210 2007 observatum
1223 1977 1317 2004 fuisset
1343 1984 1357 2003 a
1378 1978 1484 2004 cunctis
1506 1982 1578 2004 retro
1597 1977 1767 2012 imperatori-

989 2024 1053 2055 bus;
1071 2024 1122 2051 diis
1135 2031 1242 2059 quoque
1260 2023 1454 2051 immortalilms
1467 2031 1515 2058 per
1529 2031 1596 2057 quos
1612 2031 1697 2058 genus
1716 2024 1766 2050 lut-

990 2077 1097 2096 lnanum
1110 2074 1136 2096 et
1148 2069 1300 2103 reipublicae
1314 2073 1453 2102 permanet
1469 2074 1563 2100 statuis,
1581 2069 1696 2102 idipsum
1710 2069 1768 2104 pla-

988 2115 1111 2142 cuisset:
1128 2122 1170 2142 me
1196 2123 1302 2149 quoque
1321 2114 1473 2149 huiusmodi
1500 2115 1658 2150 petitionem
1687 2123 1767 2150 quam

988 2161 1022 2188 de
1040 2161 1112 2188 cultu
1127 2162 1238 2189 deorum
1254 2169 1363 2189 suorum
1379 2161 1411 2188 ad
1426 2168 1469 2188 me
1480 2162 1655 2194 detulissent,
1669 2163 1769 2189 confir-

988 2213 1136 2236 maturum.
1153 2208 1331 2241 Quamobrem
1350 2209 1400 2237 etsi
1424 2209 1479 2244 jam
1494 2214 1574 2237 antea
1601 2216 1671 2244 saepe
1685 2209 1769 2236 devo-

155 2299 267 2326 Oriente
282 2299 339 2326 fere
350 2307 456 2334 semper
469 2304 596 2335 versatus
611 2302 662 2335 est,
678 2299 767 2326 ClESfII‘
779 2298 879 2335 rJovius
894 2303 937 2335 est
952 2301 973 2329 Ι)
987 2297 1105 2335 Qrientis
1123 2303 1253 2335 recenset,
1272 2299 1344 2335 inter
1357 2298 1409 2335 has
1426 2303 1550 2335 numerat
1568 2298 1713 2335 Egyptum
1739 2304 1767 2326 et

156 2335 316 2369 appellatus.
333 2335 379 2361 Sic
391 2335 461 2361 enim
477 2335 502 2360 in
517 2334 647 2361 Chronico
664 2334 844 2360 Alexandrino
865 2333 932 2369 (ﬁci-

158 2368 211 2401 tur,
228 2374 254 2396 et
268 2370 292 2396 in
309 2375 398 2396 vetere
412 2377 521 2395 nutntno
535 2376 613 2403 quem
629 2369 712 2395 edidit
737 2368 855 2395 Joannes
871 2368 933 2395 Tri—

157 2410 261 2434 stanus.
290 2404 464 2431 Constantius
484 2411 561 2435 vero,
592 2409 683 2438 utpote
708 2406 752 2438 qui
778 2403 931 2430 Maximiani

158 2440 275 2467 Herculii
290 2440 436 2474 privignam
462 2440 585 2471 duxerat,
603 2444 629 2465 et
656 2447 716 2465 cum
744 2439 788 2466 illo
804 2440 829 2465 in
857 2438 932 2466 Occi-

157 2477 238 2502 dente
253 2474 421 2504 versabatur.
435 2474 527 2501 Caesar
539 2474 680 2501 llerculius
693 2475 779 2501 dictus
791 2478 843 2503 est.
860 2479 887 2499 ut
899 2481 931 2500 ex

156 2515 247 2545 vetere
261 2510 421 2545 panegyrico
436 2510 588 2545 observavit
605 2509 687 2536 frater
700 2516 782 2545 fruens
797 2509 931 2545 Adrianus

157 2544 292 2572 Valesius.
322 2544 428 2572 Mortuo
454 2545 550 2571 deinde
568 2544 688 2576 Galerio,
700 2544 870 2573 Maximinus.
886 2544 932 2578 qtti

157 2580 247 2606 Caesar
261 2580 293 2606 ab
309 2580 353 2606 illo
372 2580 457 2606 facttts
474 2579 571 2610 fuerat,
589 2584 795 2614 cognomentum
808 2579 876 2606 Jovii
890 2586 934 2606 as-

157 2615 283 2647 Sutnpsit.
299 2619 326 2641 ttt
339 2623 369 2641 ex
388 2614 437 2641 hoi-
451 2615 557 2641 Eusebii
579 2615 637 2641 loco
653 2615 792 2642 discimus.

193 2649 248 2684 (5‘2)
265 2650 315 2682 Εὶς
328 2649 561 2684 τὴνἏονατολήν.
579 2649 698 2676 Orientis
717 2649 825 2677 nomine
851 2648 934 2684 Egy-

156 2690 219 2722 plus
234 2685 529 2722 etiam_contineba_tur.
543 2684 628 2722 Hujus
648 2685 719 2722 enim
735 2684 933 2722 administratio

156 2718 302 2746 commissa
316 2720 402 2747 fuerat
415 2720 560 2746 Maximino
573 2718 682 2746 Caesari.
695 2719 799 2753 Quippe
815 2718 934 2745 Maximi-

158 2763 207 2781 nus
222 2763 282 2781 cum
300 2755 389 2781 Caesar
406 2762 420 2781 a
433 2755 539 2782 Galerio
554 2755 640 2781 factus
654 2754 758 2785 fuisset,
777 2761 870 2780 omnes
886 2761 932 2781 eas

157 2790 309 2824 provincias
320 2797 387 2824 quas
405 2789 583 2816 Diocletianus
597 2790 646 2816 sibi
666 2790 822 2824 retinuerat,
839 2796 932 2824 regen-

157 2826 205 2851 dus
222 2823 334 2859 accepit;
348 2825 434 2857 Atque
447 2825 508 2851 hinc
519 2824 617 2851 facttttu
633 2829 683 2855 est.
701 2830 729 2851 ut
742 2823 873 2859 Egyptus
887 2823 930 2859 diu

157 2860 338 2898 pnstea_inter
352 2859 508 2898 provincias
535 2860 651 2898 pricntis
668 2858 809 2898 numerata
824 2859 870 2898 sit.
886 2858 931 2898 δίο

156 2893 230 2926 certe
247 2895 337 2928 Anim.
352 2894 523 2926 Marcellinus
536 2895 562 2923 itt
575 2894 621 2922 lib.
634 2902 691 2927 ξιν,
712 2895 758 2927 ubi
783 2893 933 2930 provincias

986 2333 1216 2366 Mesopotamiam.
1229 2334 1281 2360 Sed
1299 2338 1326 2360 et
1345 2332 1478 2368 Egyptus
1493 2334 1570 2361 initio
1583 2332 1647 2360 fui't'
1657 2335 1706 2361 sub
1722 2342 1768 2362 co-

987 2368 1052 2395 ntile
1068 2368 1197 2397 Orientis.
1210 2373 1239 2394 ut
1254 2369 1333 2395 docet
1348 2375 1426 2395 vetus
1441 2369 1581 2403 inscriptio
1595 2377 1654 2402 qua:
1664 2370 1704 2396 sic
1719 2372 1767 2396 ha-

985 2403 1030 2430 bet
1048 2411 1054 2428 ε
1070 2411 1099 2430 M.
1119 2411 1217 2430 IAECIO
1231 2411 1334 2430 ΜΕΜΙΗΟ
1361 2412 1440 2431 FURIO
1464 2412 1594 2432 ΒΑιιιωιιο
1618 2412 1766 2432 CECILIANO

984 2446 1097 2465 PLACIDO
1114 2447 1139 2466 (Ξ.
1155 2447 1180 2465 ν.
1197 2446 1287 2465 ΕΟᾺΙΙΤΙ
1304 2446 1429 2467 οιιιειιιτιε
1447 2447 1550 2467 Εσῐιδτι
1574 2447 1764 2467 ΙεεοροτΑΙιΑζ

985 2481 1092 2501 CONSULI
1109 2482 1264 2502 OﬂDlNARIO.
1282 2480 1334 2500 etc.

1021 2509 1076 2543 (55)
1099 2509 1140 2541 Τῴ
1151 2509 1327 2543 παρελθόντι
1348 2509 1482 2542 ἐνιαυτῷ.
1494 2509 1571 2536 Anno
1578 2509 1679 2537 scilicet
1691 2509 1765 2536 Chri-

987 2545 1020 2571 sti
1036 2544 1098 2576 ὖΗ,
1115 2544 1275 2572 Maximiano
1288 2546 1374 2572 octies
1395 2552 1452 2572 cos.
1472 2545 1510 2571 Eo
1534 2545 1605 2571 enim
1618 2552 1688 2571 anno
1702 2552 1764 2572 cum

987 2579 1111 2607 Galerius
1131 2584 1260 2615 mortuus
1272 2585 1354 2613 esset,
1372 2579 1533 2606 Maximinus
1552 2579 1702 2615 Bithyniam
1717 2587 1764 2607 oc-

987 2616 1106 2649 Cupuvit,
1123 2622 1201 2648 quam
1214 2614 1337 2642 Galerius
1348 2623 1400 2641 una
1412 2622 1472 2641 eum
1488 2615 1592 2650 Illyrico
1606 2614 1762 2650 ctrThracia

987 2650 1037 2685 sibi
1054 2650 1213 2677 retinuerat.
1233 2650 1298 2676 Vide
1309 2658 1368 2685 qua;
1382 2650 1471 2677 notavi
1486 2649 1567 2684 supra
1581 2657 1606 2677 c.
1626 2649 1655 2684 5,
1670 2649 1714 2677 ubi
1731 2650 1764 2677 de

985 2683 1243 2724 L"£l§!!9_'"a"97_'9:

1020 2719 1028 2751 <
1032 2720 1088 2755 55')
1096 2720 1147 2746 Ἐν
1153 2719 1192 2753 τῇ
1201 2720 1261 2753 ἰδίᾳ
1271 2720 1437 2754 προαιρέσει
1446 2719 1504 2753 τὴν
1511 2719 1666 2754 ,βούλησιν
1670 2719 1761 2754 ἔχειν.

985 2754 1047 2790 Περ
1060 2756 1266 2788 proverbialiter
1280 2755 1332 2782 dici
1348 2756 1485 2783 videntur.
1500 2755 1557 2782 Hoc
1579 2761 1621 2783 est
1637 2759 1708 2790 quod
1722 2755 1762 2782 dt-

985 2790 1021 2817 cit
1038 2789 1146 2816 Persius
1160 2798 1166 2815 :

1026 2824 1094 2851 Velle
1107 2832 1183 2851 suum
1195 2826 1286 2855 cuique
1296 2829 1333 2851 est

987 2860 1039 2887 Sed
1053 2864 1112 2895 post
1128 2860 1185 2886 hate
1197 2861 1277 2895 verba
1293 2859 1397 2891 videtur
1411 2860 1547 2895 quidpiam
1563 2861 1666 2887 deesse.

1022 2890 1077 2930 (ὀὶ)
1101 2890 1226 2931 Ἠρεσεν
1236 2892 1302 2925 οὖν.
1321 2890 1486 2923 Πιιιωείνοὲ
1505 2896 1637 2931 superﬂua
1649 2898 1701 2929 est,
1714 2902 1763 2923 nec
