2013 3179
239 155 291 184 327

591 155 724 184 EUSEBII
743 146 980 182 CASSARIENSiS
999 153 1076 181 OPP.
1098 152 1189 180 PARS
1209 152 1230 179 Ι.
1250 168 1285 173 -
1303 151 1497 180 HISTORICA.

1797 153 1849 182 828

239 215 368 242 tioni'tua:
380 214 476 248 partim
494 221 542 250 per
558 215 663 242 litteras
679 215 786 250 scripsi,
804 215 901 250 partim
921 222 1008 242 coram

1064 213 1133 240 ὥστε
1157 213 1205 249 τὴν
1220 213 1353 248 τοσαύτην
1369 214 1476 249 αἴτησιν
1491 214 1524 249 ἢν
1541 214 1609 250 ὑπὲρ
1631 214 1681 249 τῆς
1702 213 1849 250 θρησκείας

240 259 265 285 in
283 260 415 286 mandatis
430 259 500 291 dedi,
512 264 540 285 ut
556 260 685 286 adversus
697 260 876 293 previnciales
888 261 932 294 qui
943 261 1014 287 hunc

238 303 398 330 Christianae
416 303 556 337 religionis
570 303 650 330 ritum
666 304 783 331 retinere
795 304 938 336 voluerint,
952 311 1014 338 pro-

238 348 385 374 vinciarum
401 353 519 375 rcetores
535 349 601 375 nihil
612 350 708 376 acerbe
719 354 849 381 statuant,
863 350 910 376 sed
925 350 1014 384 potius

237 393 384 420 clementer
410 399 436 421 et
458 395 594 421 moderate
612 395 776 429 indulgeant,
801 403 884 430 seque
899 396 953 423 illis
969 404 1014 423 ac-

236 441 406 467 commodent
421 449 428 467 :
441 447 528 468 tatncn
544 448 577 468 ne
592 441 682 469 fortea
701 442 880 469 beneficiariis
896 447 942 469 aut
954 443 1014 478 qui-

236 486 394 520 buscunque
410 487 471 514 aliis
487 487 601 522 injurias
615 493 642 514 et
658 490 848 516 concussioncs
864 489 1012 524 patiantur,

236 530 278 558 bis
290 532 372 559 etiam
388 532 485 560 litteris
496 534 653 567 gravitatem
664 540 735 562 tuam
745 535 940 562 admonendam
953 543 1013 563 esse

235 577 401 611 existimavi,
418 585 445 606 ut
460 581 636 613 provinciales
649 586 755 608 nostros
773 581 909 607 blanditiis
924 581 1013 615 potius

235 629 263 652 et
277 625 512 653 exhortationibus
523 626 555 652 ad
571 627 683 653 deorum
698 634 790 653 curam
815 634 846 653 ae
867 627 1012 661 pr0viden-

235 671 300 698 tiam
316 673 512 705 agnoscendam
523 673 636 700 allicias.
650 673 739 707 itaque
752 673 774 700 si
785 673 845 707 quis
856 681 902 700 sua
917 679 1012 707 sponte

234 716 346 743 deorum
361 717 463 744 cultutn
479 718 678 752 suscipiendum
693 719 842 753 agnoverit,
869 718 940 745 hunc
953 726 1011 745 am-

234 762 320 790 babus
336 763 406 791 ulnis
422 764 547 799 amplecti
563 769 678 798 oportet.
694 764 770 797 Quod
790 765 812 791 si
828 765 873 797 qui
889 765 1010 799 religioni

235 816 290 835 sua:
305 808 438 836 inlta‘rere
454 810 606 842 maluerint,
630 810 742 837 arbitrio
767 817 798 837 ac
811 810 937 844 potestati
958 818 1012 837 sua:

233 859 296 881 sunt
307 855 487 888 permittendi.
500 855 580 890 362
590 855 671 882 Debet
680 856 761 889 igitur
768 856 874 882 devotio
887 861 932 883 tua
941 857 1010 890 quod

233 900 283 934 ipsi
303 901 459 927 tnandatmn
480 905 522 928 est
539 902 630 928 sedulo
653 902 819 933 observare;
841 909 889 928 nec
903 902 1012 936 provin-

232 946 315 973 ciales
325 951 430 973 nostros
440 947 546 981 injuriis
556 952 602 974 aut
615 947 1009 982 concussionibnsopprimendi

232 990 341 1018 licentia
360 992 484 1025 cuiquam
499 991 684 1019 concedatur:
703 1000 763 1019 cum
787 993 889 1026 potius,
901 992 939 1019 uti
952 991 1010 1025 jam

231 1036 333 1063 dictum
350 1041 400 1067 est,
434 1037 668 1064 cohortationibus
696 1037 854 1071 blandisque
876 1038 1010 1065 illecebris

231 1083 265 1109 ad
288 1083 398 1110 deortttn
422 1083 522 1110 cultutn
554 1083 695 1111 revocandi
723 1084 788 1111 sint.
806 1083 890 1111 Porro
910 1089 938 1111 ut
958 1085 1009 1112 hoc

231 1133 395 1163 przeeeptum
409 1128 557 1162 maiestatis
577 1134 677 1156 nostrm
701 1129 839 1157 universis
855 1131 1009 1164 provincia-

230 1173 301 1201 libus
322 1175 422 1201 nostris
451 1175 601 1202 innotescat
614 1195 622 1206 .
652 1176 740 1202 edicto
761 1176 810 1203 abs
829 1181 855 1203 te
872 1177 1008 1210 proposito

228 1220 377 1254 jnssionem
393 1225 512 1247 nostram
531 1221 659 1255 publicari
678 1220 878 1248 curabisnllazc
889 1229 951 1248 cum
963 1221 1007 1249 ille

230 1272 282 1292 non
295 1273 327 1292 ex
341 1265 423 1292 animi
439 1265 479 1292 sui
495 1266 640 1297 sententia,
655 1266 702 1292 sed
715 1266 873 1293 necessitate
889 1267 1009 1301 compul-

229 1318 276 1338 sus
287 1311 469 1346 prtecepisset,
482 1319 533 1338 non
547 1311 661 1346 amplius
685 1319 767 1338 verax
783 1316 829 1338 aut
843 1311 895 1339 ﬁde
911 1312 1007 1347 dignus

228 1357 353 1384 omnibus
364 1357 514 1388 videbatur,
535 1363 674 1392 propterea
692 1357 764 1392 quod
789 1357 843 1391 jam
860 1362 936 1385 antea
949 1363 1008 1393 post

229 1411 322 1438 pacem
341 1403 417 1431 nobis
427 1404 552 1431 similiter
564 1404 706 1436 indultam,
726 1403 871 1430 versutiam
897 1411 930 1431 ac
944 1411 1005 1440 pcr-

229 1474 299 1508 apud
320 1473 497 1507 Nicephorum
519 1473 643 1500 habetur.
671 1473 750 1500 Certe
770 1477 841 1499 lotus
866 1473 910 1500 hic
933 1473 1008 1501 locus

229 1509 305 1535 valde
326 1509 465 1535 intricatus
477 1513 518 1535 est
533 1514 558 1534 et
570 1509 710 1535 obscurus.
724 1509 761 1535 Ac
773 1508 887 1541 primum
898 1509 1006 1543 quidem
1019 1529 1021 1531 ι

230 1542 371 1579 ditlictdtas
384 1544 462 1569 estin
484 1544 526 1579 bis
540 1543 650 1579 verbis:
666 1544 705 1569 ὅτι
718 1543 749 1579 δὴ
764 1542 829 1579 αὐτὸ
841 1542 936 1574 τοῦτο,
953 1549 1017 1570 ete.~

229 1585 288 1611 qua:
313 1577 418 1612 Longus
440 1583 465 1604 ct
500 1577 760 1612 Christophorsomts
795 1578 1006 1610 interpretantur

231 1621 242 1638 ε
259 1617 398 1646 propterea
415 1614 495 1646 qttml.
513 1623 521 1638 ι
541 1613 630 1639 Potest
650 1618 737 1639 tamen
758 1613 914 1639 adverbium
940 1614 1006 1640 illud

228 1647 269 1674 δτι
284 1647 333 1682 δὴ,
347 1648 501 1679 simpliciter
514 1648 582 1673 sumi
600 1656 647 1679 pro
664 1658 673 1673 ι
694 1648 775 1682 quod.
793 1657 803 1673 ι
827 1647 863 1674 Ut
882 1649 919 1675 sit
943 1656 1005 1675 sen-

229 1690 275 1709 sus
294 1684 338 1709 hic
364 1692 370 1709 :
398 1683 646 1710 N'a‘omcdiensibus
669 1684 783 1715 benigne
806 1684 946 1716 respondi,
970 1684 1004 1710 ila

229 1724 337 1752 semper
353 1718 524 1745 observatum
540 1717 623 1744 fuisse
643 1726 657 1744 a
673 1717 858 1752 superioribus
878 1718 1006 1752 principi-

229 1753 289 1779 bus.
315 1754 402 1786 Atque
424 1753 467 1779 hic
484 1760 578 1779 sensus
597 1760 624 1778 re
645 1761 714 1779 nunc
737 1752 889 1786 diligentius
905 1753 1006 1779 exami-

229 1791 304 1822 nata,
316 1788 380 1814 mibi
395 1788 476 1821 magis
488 1788 582 1821 placet.
595 1787 687 1814 Postea
700 1787 799 1821 probis
811 1788 898 1814 verbis
909 1788 1006 1822 ἤρεσεν

228 1819 284 1853 οὖν,
301 1823 412 1849 emendo
424 1819 504 1857 ἤρεσε
521 1822 578 1855 νῦν,
592 1819 740 1849 certissima
757 1819 1004 1853 conjeetttt':t."N.ttn

228 1856 276 1884 νῦν
291 1856 537 1891 οιιροιιὶιιιιινετὺίδ
558 1858 770 1891 prmi-edentibus
794 1858 818 1883 οί
833 1858 940 1891 ἀρχαῖοι
957 1858 1005 1884 αὺ-

227 1893 400 1928 τοκράτορες.
432 1893 477 1919 Sic
501 1893 580 1926 igitnr
603 1893 744 1919 vertendus
769 1897 809 1918 est
837 1893 879 1928 bic
905 1893 1003 1918 locus:

231 1936 240 1953 ι
259 1927 374 1954 Necesse
395 1928 473 1954 habui
505 1928 616 1962 benigne
643 1928 821 1961 respondere.
840 1927 875 1953 ita
900 1935 1006 1961 semper

228 1962 397 1989 observatum
416 1962 498 1989 fuisse
516 1971 529 1988 a
553 1963 656 1990 eunetis
675 1968 747 1989 retro
771 1962 981 1995 imperatoribus
998 1973 1003 1989 :

228 2002 255 2024 et
274 2005 344 2024 nunc
365 2005 473 2032 quoque
488 1998 539 2024 diis
562 1998 757 2024 inunortalibns
774 2004 816 2030 pet
840 2005 907 2030 quos
921 2005 1006 2031 genus

228 2032 373 2059 humanum
395 2037 421 2059 et
442 2033 596 2066 reipublicae
615 2036 753 2066 permanet
779 2037 865 2059 status
891 2033 1005 2064 idipsum

228 2067 364 2100 placuisse
378 2088 386 2100 ,
401 2072 430 2094 ut
448 2068 598 2102 huptstnodi
614 2067 768 2100 petitionem
784 2075 865 2100 quain
881 2067 912 2092 de
932 2067 1005 2093 culttt

229 2103 338 2128 deoruut
362 2110 471 2129 suortuu
488 2104 519 2128 ad
536 2111 577 2128 me
592 2102 760 2132 detulissent,
776 2102 974 2133 conﬁrmarem.
995 2110 1003 2126 ι

228 2137 541 2198 Certena'dverbiumam
564 2138 612 2173 δή,
630 2138 667 2163 ita
692 2138 808 2164 sumitur
831 2137 864 2163 ab
890 2136 1006 2163 Eusebio

229 2178 288 2198 ωε.
354 2191 361 2198 .

228 2178 288 2207 pag.
301 2178 361 2198 ut.

265 2207 320 2241 (55)
335 2207 388 2233 Καὶ
401 2206 439 2233 δι’
454 2206 592 2233 ἐντολῶν.
611 2206 733 2233 Mandata
750 2206 800 2232 hoc
813 2205 871 2232 loco
889 2205 1008 2232 Maximi-

1026 885 1048 911 B

1063 258 1110 285 τοῦ
1125 258 1196 285 θείου
1213 259 1300 286 αὐτῶν
1323 260 1496 295 ἀναφέρουσι,
1521 259 1710 294 βεϐαιώσαιμι.
1733 261 1848 296 Τοιγαρ-

1063 303 1110 331 οῦν
1135 305 1159 330 εί
1181 304 1228 331 καὶ
1247 305 1282 330 τὰ
1308 304 1422 340 μάλιστα
1443 305 1489 331 καὶ
1508 305 1540 339 τῇ
1566 305 1598 339 σῇ
1620 305 1779 332 καθοσιώσει

1063 350 1156 377 τούτου
1174 350 1221 376 τοῦ
1239 349 1334 384 χρόνου
1358 350 1401 376 διᾶι
1417 350 1589 385 γραμμάτων
1610 350 1783 384 ἐπέσταλται,
1801 353 1848 378 καὶ

1063 395 1096 421 δι’
1116 395 1230 422 ἐντολῶν
1246 395 1301 429 (55)
1329 395 1429 430 ὁμοίως
1452 395 1637 427 κεκέλευσται,
1656 396 1699 422 ἵνα
1719 395 1756 431 μὴ
1779 397 1848 422 κατὰ

1063 441 1116 467 τῶν
1136 441 1312 476 ὲπαρχιωτῶν
1332 441 1362 466 τὸ
1381 440 1497 468 τοιοῦτον
1525 441 1584 472 ἓοος
1608 441 1767 476 διαφυλάξαι
1790 442 1846 477 (56)

1063 488 1296 523 ἐπιμεληθέντων,
1333 488 1415 523 μηδὲν
1452 488 1584 523 τραχέως,
1622 489 1690 515 ἀλλὰ
1720 489 1846 522 ἀνεξικά-

1063 541 1119 565 κως
1142 532 1197 568 (57)
1224 533 1272 560 καὶ
1292 533 1458 569 συμμέτρως
1480 534 1724 569 συμπεριφέροιντο
1744 535 1845 568 αὐτοῖς,

1062 579 1137 613 ὅμως
1153 579 1196 605 ἵνα
1221 580 1287 614 μήτε
1311 579 1364 605 ὑπὸ
1380 579 1434 605 τῶν
1460 579 1662 614 βενεφικιαλίων
1687 580 1846 617 (58),,μήτε

1063 623 1108 649 ὑπ’
1135 622 1221 650 ἄλλων
1246 623 1300 649 τῶν
1325 624 1469 658 τυχόντων,
1499 623 1590 660 ὒὸρεις
1622 626 1689 660 μήτε
1718 628 1845 661 σεισμοὺς

1063 670 1231 703 ὑπομένοιεν,
1259 669 1402 696 ἀκόλουθον
1431 670 1555 704 ἐνόμισα,
1584 670 1630 696 καὶ
1656 670 1761 703 τούτοις
1789 673 1844 703 τοῖς

1061 716 1205 751 γράμμασι
1227 715 1276 750 τὴν
1300 715 1348 750 σὴν
1371 715 1550 750 στιὸαρότητα
1573 716 1745 751 ὑπομνῆσαι,
1771 718 1844 749 ὅπως

1061 763 1119 793 ταῖς
1134 761 1288 792 κολακείαις
1305 761 1351 787 καὶ
1367 762 1427 792 ταῖς
1438 763 1605 797 προτροπαῖς
1619 762 1717 796 μᾶλλον
1731 762 1780 798 τὴν
1790 763 1844 789 τῶν

1062 807 1130 833 Θεῶν
1152 807 1308 842 ἐπιμέλειαν
1333 808 1396 838 τοὺς
1418 807 1567 843 ἡμετέρους
1580 807 1752 843 ὲπαρχιώτας
1766 810 1843 844 ποιή-

1063 861 1139 884 σειας
1161 852 1363 886 ἐπιγινώσκειν.
1382 853 1462 879 Ὅθεν
1479 852 1506 878 εἴ
1523 861 1563 884 τις
1574 854 1606 887 τῇ
1621 853 1701 879 αὐτοῦ
1716 855 1844 889 προαιρέ-

1064 907 1103 925 σει
1117 899 1166 934 τὴν
1179 898 1325 934 θρησκείαν
1339 899 1392 925 τῶν
1408 898 1476 925 θεῶν
1490 899 1669 933 ἐπιγνωστέον
1685 900 1842 935 προσλάεοι,

1063 945 1172 976 τούτους
1196 944 1374 977 ὐποδέξασθαι
1396 944 1541 980 προσήκει⁸
1560 945 1583 970 εί
1603 944 1630 970 δέ
1647 953 1717 976 τινες
1738 946 1771 980 τῇ
1791 946 1842 980 itii;

1063 991 1194 1026 θρησκείᾳ
1207 990 1360 1016 ἀκολουθεῖν
1375 989 1518 1024 βούλοιντο,
1535 989 1563 1015 ὲν
1579 991 1611 1024 τῇ
1630 990 1718 1016 αὐτῶν
1734 990 1842 1026 ἐξουσίᾳ.

1063 1037 1220 1067 καταλίποις
1237 1036 1301 1071 (59).
1317 1035 1416 1069 Διόπερ
1430 1036 1446 1070 ἡ
1463 1035 1496 1070 σὴ
1512 1035 1671 1067 καθοσίωσις
1685 1036 1715 1062 τὸ
1731 1036 1844 1071 ἐπιτραρ

1062 1084 1112 1110 πέν
1137 1091 1177 1109 σοι
1202 1083 1388 1116 διαφυλάττειν
1410 1081 1520 1116 ὀφείλει,
1550 1082 1596 1108 καὶ
1621 1082 1713 1117 μηδενὶ
1736 1082 1842 1114 ἐξουσία

1060 1130 1133 1165 δοθῇ,
1154 1130 1224 1156 ὥστε
1238 1129 1300 1160 τοὺς
1319 1129 1468 1164 ἡμετέρους
1489 1128 1660 1163 ἐπαρχιώτας
1685 1128 1779 1163 ὕϐρεσι
1795 1129 1842 1155 καὶ

1060 1177 1180 1210 σεισμοῖς
1205 1174 1355 1210 ἐπιτρίψαι,
1383 1174 1472 1205 ὁπότε,
1501 1173 1594 1208 ὥσπερ
1625 1174 1839 1209 προγέγραπται,

1058 1223 1117 1253 ταῖς
1137 1222 1302 1257 προτροπαῖς
1325 1220 1422 1255 μᾶλλον
1443 1220 1489 1246 καὶ
1510 1221 1569 1251 ταῖς
1597 1219 1748 1251 κολακείαις
1773 1219 1842 1255 πρὸς

1060 1269 1108 1304 τὴν
1124 1268 1176 1294 τῶν
1191 1267 1258 1293 Θεῶν
1274 1266 1420 1302 θρησκείαν
1435 1267 1496 1297 τοὺς
1507 1266 1657 1302 ἡμετέρους
1671 1267 1841 1302 ἑπαρχιώτας

1062 1315 1191 1350 προσήκει
1206 1313 1357 1339 ἀνακαλεῖν.
1376 1312 1434 1338 Ἵνα
1453 1312 1480 1338 δὲ
1499 1311 1567 1346 αὕτη
1589 1312 1665 1347 ἡμῶν
1682 1313 1698 1347 ή
1716 1313 1840 1344 κέλευσις

1060 1361 1099 1391 είς
1113 1358 1211 1393 γνῶσιν
1230 1358 1335 1384 πάντων
1357 1357 1410 1384 τῶν
1426 1357 1601 1392 ὲπαρχιωτῶν
1621 1357 1674 1383 τῶν
1699 1358 1839 1393 ἡμετέρων

1060 1405 1134 1441 ἔλθῃ,
1149 1404 1310 1439 διατάγματι
1329 1403 1380 1430 ὑπὸ
1397 1403 1443 1430 σοῦ
1463 1403 1618 1439 προτεθέντι
1639 1403 1693 1439 (60)
1714 1404 1745 1431 τὸ
1760 1412 1840 1430 κεκε-

1057 1475 1183 1502 salarium
1201 1478 1255 1500 tum
1272 1473 1338 1508 ipsis
1358 1478 1413 1500 tum
1429 1473 1489 1500 aliis
1506 1474 1678 1507 prmberetnr.
1696 1484 1705 1500 ι
1725 1475 1769 1502 Sic
1781 1483 1838 1503 ver-

1055 1511 1151 1538 tendtts
1167 1513 1208 1535 est
1229 1509 1273 1535 ille
1288 1509 1378 1535 Dionis
1392 1509 1478 1544 locus,
1492 1516 1570 1542 quem
1583 1508 1720 1543 Xylander
1739 1513 1837 1544 partim

1055 1545 1161 1575 omisit,
1178 1544 1275 1577 partim
1300 1543 1481 1576 interpolavit.
1506 1544 1624 1575 Denique
1638 1544 1713 1571 Philo
1729 1545 1753 1570 in
1777 1553 1838 1571 ora-

1057 1581 1128 1606 tione
1146 1579 1173 1606 in
1195 1579 1320 1614 Flaccum
1345 1586 1405 1614 pag.
1421 1577 1471 1604 757
1492 1578 1535 1605 διὰ
1560 1578 1613 1604 τῶν
1641 1579 1709 1614 πρὸς
1727 1580 1838 1614 Μάγνον

1056 1614 1178 1649 Μάξιμον
1195 1613 1307 1639 ἐντολῶν
1326 1613 1479 1648 μέλλοντας,
1495 1618 1560 1646 etc.,
1577 1614 1619 1641 ubi
1631 1613 1757 1642 Gelenius
1769 1615 1838 1642 male

1057 1649 1194 1684 Epistolas
1207 1649 1296 1684 vertit.

1092 1684 1147 1719 (56)
1162 1683 1199 1710 Τὸ
1215 1683 1349 1709 τοιοῦτον
1360 1683 1447 1715 ἔθνος
1456 1682 1644 1717 διαφυλάξαι.
1659 1683 1836 1711 Scribeodnm

1056 1718 1100 1746 est
1111 1719 1181 1751 ἔθος,
1196 1726 1246 1744 non
1259 1718 1350 1750 E0voc;
1370 1719 1440 1750 quod
1457 1719 1539 1744 miror
1553 1726 1601 1744 nec
1615 1726 1628 1744 a
1645 1719 1772 1751 Musculo,
1786 1727 1838 1746 nec

1057 1763 1071 1780 a
1088 1754 1332 1786 Christophorsono
1347 1753 1562 1779 animadversum
1582 1753 1677 1779 fuisse.

1089 1789 1145 1823 (57)
1180 1788 1267 1814 Ἀλλὰ
1291 1787 1483 1819 ἀνεξικάκως.
1514 1787 1598 1823 (lodd.
1634 1788 1771 1814 llledieJeus
1807 1793 1836 1815 et

1056 1822 1125 1851 Mal.
1147 1824 1212 1850 duas
1233 1823 1276 1849 hic
1293 1824 1371 1849 voces
1388 1823 1497 1854 addunt,
1518 1822 1584 1848 ἀλλὰ
1601 1823 1767 1855 ἀνεξικάκως
1789 1824 1837 1850 καὶ

1057 1859 1229 1894 συμμέτρως.
1248 1858 1350 1894 Quibus
1364 1857 1509 1894 subscribit
1525 1859 1605 1894 etiam
1618 1859 1703 1894 codex
1717 1858 1822 1887 Savilii.

1092 1891 1146 1930 (58)
1162 1891 1401 1930 Βενεφικιιιλίωις.
1423 1891 1589 1930 B_ctteﬁciar_ii
1608 1893 1766 1930 dicebantur
1783 1893 1836 1920 mi-

1056 1927 1127 1960 lites,
1142 1929 1185 1962 qui
1204 1928 1333 1954 beneﬁcio
1348 1927 1446 1953 tribuni
1463 1927 1576 1960 promoti
1595 1932 1686 1958 erant,
1702 1929 1838 1955 immunes

1058 1971 1072 1990 a
1087 1964 1223 1997 plerisque
1236 1963 1336 1988 muniis
1356 1967 1383 1989 et
1400 1962 1524 1995 operibus
1542 1962 1717 1997 militaribus,
1736 1968 1765 1989 ut
1784 1964 1834 1989 do~

1056 1996 1099 2025 cet
1115 1999 1249 2033 Vegetius.
1271 1998 1297 2033 In
1314 1997 1411 2033 ultimo»
1425 1997 1519 2033 edicto
1535 1996 1674 2033 Maximini
1694 1997 1764 2031 quod
1791 2005 1836 2033 re-

1057 2031 1197 2066 fertur;c.
1218 2033 1265 2061 '10.
1289 2032 1385 2065 legitur
1401 2031 1587 2065 ὀφφικιαλίων.
1607 2031 1705 2058 Horum
1733 2032 1836 2058 Ittentio

1058 2069 1086 2094 lit
1113 2069 1137 2094 in
1155 2068 1277 2101 passione
1301 2067 1386 2093 sancti
1406 2066 1546 2093 Fructuosi
1565 2067 1700 2100 episcopi,
1713 2075 1772 2101 qua:
1797 2068 1837 2094 sic

1058 2103 1150 2137 incipit
1166 2103 1191 2129 in
1206 2110 1275 2129 ms.:
1291 2111 1300 2127 ι
1317 2102 1384 2128 Cum
1396 2109 1410 2128 a
1422 2101 1561 2137 valeriano
1577 2106 1602 2128 et
1615 2101 1734 2128 Gallieno
1752 2102 1835 2136 impp.

1057 2136 1119 2164 data
1137 2142 1208 2164 esset
1224 2137 1309 2171 jnssio
1333 2145 1380 2170 per
1406 2136 1560 2163 universum
1574 2137 1665 2163 orbem
1679 2156 1687 2169 ,
1712 2142 1740 2162 ut
1758 2137 1837 2163 Chri-

1057 2174 1138 2199 stiani
1164 2173 1358 2203 sacrilicarent,
1384 2171 1547 2198 [Emilianus
1565 2179 1664 2204 prtcses
1687 2172 1836 2198 adveniens

1059 2208 1084 2233 in
1110 2208 1247 2234 civitatem
1274 2206 1515 2233 Tet'racouensium
1542 2206 1690 2232 immolavit
1716 2206 1787 2238 diis,
1809 2211 1837 2232 et

231 2249 279 2269 nus
298 2243 332 2268 ab
343 2243 462 2275 epistolis
477 2242 626 2272 distinguit.
648 2242 750 2275 Quippe
764 2241 883 2274 cpistola:
898 2241 1004 2274 quidem
1021 2242 1044 2272 Ι)
1057 2250 1170 2275 surgens
1181 2242 1214 2268 de
1231 2247 1319 2274 nocte,
1330 2241 1380 2267 alia
1399 2242 1442 2267 die
1458 2241 1628 2268 illucescente
1641 2241 1774 2267 Dominiea
1786 2242 1837 2267 mi-

227 2277 391 2311 principum,
410 2278 443 2303 ad
466 2277 589 2303 absentes
613 2277 784 2309 magistratus
810 2275 1005 2311 mittebantur;

229 2310 356 2339 mandata
392 2320 456 2339 vero
491 2312 556 2344 ipsis
584 2312 760 2346 pra-sentibus
789 2310 963 2337 tradebantur
991 2318 1006 2336 ιι

229 2347 370 2380 principe,
390 2352 532 2380 antequam
549 2348 573 2372 in
586 2345 739 2380 provincias
760 2345 1005 2379 proﬁciscerentur,

231 2382 305 2408 brevi
326 2382 415 2408 libello
432 2383 637 2414 cmnpreltettsa.
651 2380 723 2406 lulcr
735 2388 796 2414 qua:
807 2381 922 2413 primum
942 2380 1006 2406 illud

229 2420 304 2448 erat,
319 2422 346 2443 ut
363 2417 492 2450 pnesidcs
508 2416 688 2442 valetudinem
704 2423 779 2441 suam
795 2416 939 2448 diligenter
953 2422 1006 2450 ch-

232 2456 333 2478 rarent.
347 2449 482 2478 Lucianus
499 2451 531 2477 de
547 2451 620 2484 lapsu
641 2458 717 2484 queui
744 2451 813 2476 inter
836 2449 1007 2476 salutandum

231 2486 380 2513 admiserat
398 2496 403 2512 :
425 2486 457 2512 Τί
476 2486 497 2512 δ’
513 2486 574 2520 οὐχὶ
594 2486 640 2511 καὶ
662 2486 690 2511 ἐν
705 2485 744 2520 τῷ
759 2485 813 2511 τῶν
830 2485 876 2510 καὶ
894 2484 1008 2520 ἐντολῶν

231 2520 334 2556 βιϐλίῳ,
354 2521 367 2547 ὃ
384 2522 427 2548 ἀεὶ
450 2522 495 2547 καὶ
512 2519 585 2556 παρὰ
604 2520 731 2555 βασιλέως
753 2520 919 2556 λαμϐανετε,
931 2519 1009 2545 τοῦτο

231 2556 337 2591 πρῶτον
351 2558 413 2591 ὑμῖν
429 2558 484 2582 ἐστι
500 2555 689 2591 παράγγελμα,
707 2556 755 2590 τῆς
772 2556 864 2589 ὑγείας
878 2555 926 2588 τῆς
942 2556 1009 2589 ἡμε-

229 2591 311 2626 τέρας
325 2592 412 2620 αὐτῶν
425 2591 619 2626 ἐπιμελεῖσθαις
631 2592 665 2617 lle
680 2592 720 2617 bis
732 2591 889 2626 principum
900 2591 1008 2615 matula-

232 2624 267 2652 tts
287 2628 384 2660 pas‘sint
405 2624 552 2659 loquuntur
569 2627 637 2660 juris
652 2633 787 2651 :Hlt’lOl‘t‘S.
811 2625 859 2651 Dio
884 2624 931 2651 lib.
947 2632 1006 2660 Ltlt.

232 2668 257 2694 p.
275 2662 327 2687 506
344 2671 350 2688 :
376 2662 498 2692 Ἐντολάς
512 2661 541 2687 τέ
553 2670 627 2692 τινας
645 2661 692 2687 καὶ
709 2662 763 2691 τοῖς
778 2660 950 2694 ἐπιτρόποις,
963 2659 1010 2684 καὶ

230 2697 287 2727 τοῖς
307 2696 486 2728 ἀνθυπάτοις,
511 2698 566 2727 τοῖς
587 2705 616 2722 τε
641 2696 860 2731 ἁντιστρατήγοις
893 2694 1008 2731 δίδωσιν,

231 2730 303 2762 ὃπως
327 2732 371 2758 ἐπὶ
385 2733 475 2766 ῥητοῖς
499 2732 600 2764 ἐξίωσι.
627 2731 653 2757 id
668 2736 708 2757 est
725 2729 760 2756 τ’(
776 2729 902 2762 Qittcdattt
927 2729 1008 2754 etiant

233 2767 356 2792 mandata
375 2772 521 2800 imperator
543 2771 587 2793 tlat
610 2766 829 2800 procuratoribus
849 2770 875 2790 et
892 2771 1009 2800 procon-

233 2800 336 2827 sulibus
349 2806 375 2827 et
397 2801 490 2836 legatis
504 2799 680 2835 proprajtore,
697 2805 725 2826 ut
743 2801 793 2827 sub
808 2799 889 2826 certis
908 2799 1010 2836 legibus

232 2839 259 2860 et
274 2833 472 2862 conditionibus
492 2833 518 2861 in
532 2833 684 2869 provincias
704 2836 921 2869 proﬁciscantur.
943 2833 1008 2859 Nam

233 2873 260 2896 et
276 2869 326 2896 hoc
342 2875 403 2897 tunc
417 2871 532 2904 pritntmt
559 2871 710 2898 institutum
730 2875 780 2903 est,
795 2875 874 2904 utque
890 2876 1008 2895 annuum

1057 2278 1094 2303 sit
1109 2276 1294 2303 beneﬁciarios
1317 2276 1348 2302 ad
1363 2277 1472 2302 domum
1492 2275 1632 2302 Fructuosi
1657 2277 1792 2310 episcopi,
1810 2277 1836 2302 id

1057 2316 1110 2343 est,
1124 2312 1272 2340 Aurelium,
1287 2311 1452 2342 Festuciutn,
1466 2310 1577 2340 [Elii-tn.
1592 2311 1764 2341 Pollentinm,
1782 2311 1836 2336 Do-

1058 2352 1149 2373 natum
1166 2353 1194 2373 et
1208 2346 1404 2378 Maximum,ad
1419 2347 1604 2379 perducendos
1622 2347 1656 2372 ad
1677 2353 1707 2372 se
1724 2350 1834 2372 sanctos

1057 2381 1114 2408 Dei.
1135 2390 1143 2406 ι

1101 2416 1155 2451 (ῖι9)
1183 2415 1324 2449 Ἐξουσίςι
1351 2415 1534 2448 καταλιποις.
1576 2414 1752 2442 Scribendum
1794 2419 1837 2442 est

1058 2450 1226 2483 καταλίπειν,
1243 2455 1271 2477 ιιι
1289 2452 1368 2477 habet
1383 2451 1565 2484 Nic-ephorus.
1585 2450 1745 2477 subauditur
1760 2451 1834 2476 enim

1058 2487 1199 2521 προσήκει.
1235 2486 1316 2512 Paulo
1351 2486 1484 2519 ante,ubi
1521 2485 1624 2521 dicitur
1656 2486 1837 2521 ἐπιγιιωςτέον

1059 2519 1203 2555 προσλάϐοι
1228 2525 1269 2548 est
1291 2520 1425 2554 enallage,
1451 2527 1498 2553 pro
1519 2519 1694 2552 ἐπιγινώσκοι
1718 2520 1839 2555 προσλη-

1059 2554 1149 2582 πτέον.
1166 2556 1193 2582 In
1210 2557 1302 2582 codice
1318 2554 1383 2581 Fuit.
1405 2556 1501 2588 legitur
1520 2555 1659 2590 προλάϐοι.

1094 2591 1147 2625 (tib)
1162 2591 1335 2625 Διατάῃιιιτι
1346 2590 1405 2616 ὑπὸ
1421 2589 1478 2616 σοῦ
1491 2590 1670 2623 προτεθέντι.
1685 2589 1766 2616 Moris
1778 2595 1839 2616 erat

1060 2633 1088 2652 ut
1108 2627 1224 2660 prml'ccti
1240 2626 1376 2659 ptmtorio,
1390 2624 1468 2650 simul
1486 2630 1566 2658 atque
1588 2625 1837 2659 legem'imperato-

1058 2662 1097 2687 ris
1111 2665 1280 2694 acceperant,
1297 2660 1384 2686 edicto
1399 2668 1447 2686 stto
1464 2661 1599 2693 proposito
1611 2667 1669 2686 eam
1685 2661 1837 2693 provincia-

1060 2696 1128 2722 libus
1145 2697 1320 2729 publicarent.
1343 2695 1374 2721 Et
1389 2695 1521 2720 interdum
1545 2695 1653 2728 quidem
1680 2696 1764 2727 ipsum
1787 2694 1838 2719 itu-

1060 2731 1193 2764 peratoris
1209 2731 1291 2763 legem
1307 2730 1394 2755 edicto
1410 2737 1457 2755 suo
1477 2731 1669 2762 pra-ponebant
1680 2749 1687 2759 ,
1709 2734 1738 2754 ιιι
1757 2735 1837 2764 nota-

1059 2763 1097 2790 vit
1114 2765 1171 2792 Jac.
1186 2764 1343 2791 Sirmondus
1359 2765 1383 2790 ιιι
1401 2764 1468 2790 libro
1481 2772 1499 2789 t.
1517 2764 1695 2797 Propemptici
1707 2784 1714 2795 ,
1731 2770 1790 2796 cap.
1807 2763 1836 2790 2.

1060 2799 1192 2826 Interdum
1224 2806 1286 2826 vero
1318 2799 1383 2832 legis
1426 2799 1561 2825 tnentioue
1591 2799 1722 2826 duntaxat
1752 2799 1837 2828 iacta,

1059 2835 1175 2861 edictum
1209 2841 1285 2861 suunt
1315 2833 1509 2867 proponebant.
1542 2833 1587 2860 Sic
1613 2839 1687 2860 certe
1717 2832 1837 2859 Sabinus

1060 2871 1201 2904 prmiectus
1215 2869 1338 2903 praetorio
1351 2868 1447 2896 fecisse
1466 2868 1565 2896 dicitur
1581 2869 1607 2895 in
1626 2876 1687 2903 cap.
1703 2868 1736 2896 10
1756 2868 1836 2902 hujus
