2013 3179
235 151 282 178 851

235 216 308 235 care.
325 208 388 235 Dein
404 209 436 235 ad
449 208 666 242 desperationem
681 215 767 244 usque
777 209 966 244 progrediente
978 209 1016 235 in-
1030 211 1051 239 Α

236 255 329 288 sania,
347 255 447 282 violato
467 255 538 289 quod
557 263 617 283 cum
633 255 737 283 Licinio
752 257 890 291 pepigerat
903 254 1014 288 ftedere,

237 299 337 327 bellum
354 300 519 335 inexpiabile
537 302 668 336 suscepit.
693 301 759 328 Post
782 302 839 329 haec
854 308 917 328 cum
942 301 1015 328 brevi

237 345 367 379 temporis
382 346 470 379 spatio
482 350 578 373 cuncta
594 345 757 379 miscuisset,
771 350 799 373 et
817 345 958 372 universas
972 353 1017 372 ur-

237 390 284 416 hes
303 396 407 418 terrore
419 399 452 418 ac
469 391 583 418 tumultu
603 391 758 426 implesset;
781 391 906 419 collectis
927 391 1018 418 omni-

235 437 286 466 bus
302 438 387 471 copiis
405 443 432 465 et
446 438 636 465 innumerabili
656 442 822 465 armatorum
844 437 1017 464 multitudine

237 485 262 511 in
276 492 357 512 unum
369 489 475 517 coacta,
492 485 622 512 adversus
635 483 767 511 Licinium
780 488 947 519 pugnaturus
961 491 1018 518 per-

237 531 327 563 rexit;
349 530 500 557 dazmonum
517 538 584 565 quos
606 531 663 565 ipse
682 531 745 557 deos
764 529 948 561 existimabat,
969 537 1018 556 au-

237 577 311 608 xilio,
323 581 350 604 et
363 576 534 604 multitudine
557 576 673 603 militum
696 583 776 611 supra
793 575 901 602 modum
919 575 1016 602 elatus.

237 622 266 650 In
284 623 342 657 ipso
358 627 447 649 autem
465 621 603 655 conﬂictu,
617 630 668 656 ope
678 622 766 649 divina
779 622 888 656 penitus
902 621 1018 648 nudatus

237 669 368 695 remansit
382 675 389 700 ;
407 672 433 695 et
449 675 497 702 per
512 668 586 695 illum
600 668 646 703 qui
661 668 735 695 solus
747 672 789 695 est
800 666 919 694 omnium
935 667 1016 701 Deus,

237 713 350 741 victoria
365 712 470 741 Licinio
483 718 638 748 comparata
651 718 704 741 est.
722 713 760 740 Ac
774 713 891 747 primum
906 712 1016 747 quidem

237 760 371 787 militares
383 760 476 794 copias
488 760 586 795 quibus
601 760 719 787 maxime
735 759 899 792 confidebat,
915 759 1016 786 amisit.

237 805 357 839 Cumque
370 809 535 840 protectores
550 812 612 831 eum
629 805 730 832 nudum
747 805 938 836 deseruissent,
949 810 974 831 et
984 804 1017 831 ad

238 850 370 878 Licinium
394 855 457 878 tunc
486 851 616 878 victorem
639 849 847 885 transfugissent
862 870 870 883 ,
895 850 1017 885 protinus

239 896 343 931 abjecto
357 896 492 930 imperiali
504 896 578 924 cultu
595 897 640 930 qui
664 884 755 930 ipsum
767 896 877 923 minime
893 884 1015 928 decebat,
1033 884 1053 912 Π

239 942 333 975 ignave
350 941 492 968 admodum
507 946 534 968 et
551 949 645 976 parum
662 941 777 968 viriliter
803 941 888 968 turbae
912 948 940 968 se
957 948 1017 975 gre-

238 987 337 1022 galium
353 987 510 1014 immiscuit.
533 987 634 1015 Deinde
659 978 763 1021 fugiens
777 1007 786 1020 ,
811 992 838 1014 ct
856 987 881 1014 in
898 987 970 1022 agris
985 995 1017 1014 ac

239 1033 305 1060 vicis
316 1041 374 1061 sese
388 1033 536 1067 occultans,
550 1033 611 1060 dum
632 1034 711 1061 saluti
736 1040 790 1060 sum
814 1033 952 1064 consulit,
972 1033 1017 1060 vix

240 1080 346 1107 tandem
365 1088 380 1106 e
395 1079 518 1107 manibus
542 1079 658 1107 hostium
673 1079 775 1112 evasit;
794 1078 883 1106 divina
897 1079 941 1105 illa
955 1086 1017 1106 ora-

238 1126 299 1152 cula
313 1133 376 1153 vera
394 1134 504 1161 prorsus
520 1133 552 1153 ac
567 1125 617 1153 [ide
633 1126 711 1159 digna
727 1132 786 1153 esse
800 1125 889 1160 reipsa
915 1125 1017 1152 contir-

241 1180 338 1205 maus,
365 1180 425 1208 qum
447 1172 486 1199 sic
503 1172 624 1199 habent:
647 1181 655 1197 |
677 1171 734 1198 Non
748 1171 867 1198 salvatur
898 1179 945 1198 rex
970 1178 1018 1206 per

239 1219 438 1246 multitudinem
455 1218 562 1245 virtutis
577 1226 643 1249 sum,
659 1225 707 1245 nec
724 1218 799 1253 gigas
816 1217 909 1244 salvus
924 1217 976 1244 erit
990 1217 1017 1243 in

240 1264 413 1292 multitudine
427 1264 593 1292 fortitudinis
607 1272 671 1291 sine.
695 1264 789 1291 Fallax
803 1271 887 1298 equus
900 1263 932 1289 ad
947 1262 1018 1290 salu-

238 1315 292 1339 tem
311 1319 318 1338 :
335 1310 362 1337 in
389 1310 554 1337 abundantia
573 1310 679 1336 virtutis
707 1317 762 1336 sum
785 1317 837 1336 non
855 1309 1017 1337 servabitur.

239 1356 308 1384 Ecce
323 1356 391 1384 oculi
422 1356 528 1383 Domini
558 1363 638 1390 super
664 1360 814 1382 metuentes
829 1362 902 1388 eum,
920 1359 948 1381 et
972 1354 1017 1388 qui

239 1408 349 1438 sperant
364 1403 390 1430 in
408 1401 593 1429 misericordia
607 1401 664 1434 eius
681 1409 688 1427 :
709 1405 737 1427 ut
764 1400 860 1427 liberet
885 1408 900 1427 a
932 1404 1019 1427 morte

240 1451 346 1477 animas
361 1457 453 1476 eorum
466 1448 501 1477 ".
519 1457 527 1474 ι
545 1448 589 1475 Sic
603 1447 685 1482 igitur
701 1451 828 1481 tyrannus
841 1453 900 1473 cum
913 1453 1018 1473 sumnto

240 1497 373 1525 dedecore
395 1501 475 1530 atque
502 1495 649 1531 ignominia
681 1494 715 1520 ad
740 1498 831 1528 partes
854 1493 959 1527 imperii
976 1492 1017 1520 sui

241 1549 378 1574 reversus,
393 1542 510 1576 [iciunum
527 1540 634 1574 quidem
656 1538 747 1566 lurore
767 1538 898 1573 percitus.
921 1538 1018 1565 multos

239 1588 394 1615 sacerdotes
409 1594 440 1614 ac
456 1586 600 1621 prophetas
617 1585 728 1613 deorum
742 1591 862 1616 suorum,
876 1590 944 1617 quos
958 1588 1020 1611 ante

241 1635 412 1667 suspexerat,
429 1636 457 1660 et
482 1638 598 1666 quorum
618 1630 735 1657 oraculis
758 1630 894 1657 excitatus
921 1628 1018 1656 bellum

241 1683 410 1713 susceperat,
428 1682 555 1712 tanquam
576 1676 787 1711 praestigiatores
799 1683 830 1702 ac
841 1677 997 1710 deceptores
1009 1695 1017 1707 ,

243 1730 323 1758 atque
341 1723 450 1757 insuper
475 1722 570 1749 salutis
595 1728 651 1748 suae
679 1721 829 1755 proditores
854 1721 912 1748 neci
935 1720 1018 1747 dedit.

243 1769 366 1797 Posthac
382 1776 442 1795 cum
464 1767 680 1795 Christianorum
699 1767 753 1794 Deo
768 1766 882 1801 gloriam
898 1766 1020 1793 laudems

242 1822 294 1849 que
309 1814 458 1846 tribuisset,
474 1819 502 1841 et
518 1813 745 1840 absolutissimam
763 1817 844 1846 atque
855 1812 1018 1840 uberrimam

242 1862 328 1896 legent
344 1868 392 1896 pro
409 1861 564 1888 eorumdem
579 1859 795 1887 Christianorum
810 1859 934 1886 libertate
947 1859 1021 1886 tulis-

242 1914 294 1941 set,
311 1916 372 1935 mox
390 1907 548 1943 gravissima
576 1906 733 1941 aegritudine
756 1910 919 1940 correptus.
948 1904 1019 1932 nulla

243 1955 292 1989 ipsi
308 1954 436 1981 dilatione
452 1960 583 1981 concessa
599 1971 608 1985 ,
638 1957 790 1980 extremum
813 1951 883 1979 diem
911 1951 1018 1980 clausit.

243 2002 297 2029 Lex
312 2008 392 2036 porro
407 2001 440 2028 ab
459 2000 505 2027 illo
517 2000 615 2028 emissa
631 2000 669 2027 sic
686 1999 766 2026 habet
780 2006 788 2025 :

245 2048 398 2083 Exemplum
417 2047 608 2083 constitutionis
624 2055 639 2074 a
662 2050 774 2083 tyranno
793 2052 839 2083 pro
859 2042 1020 2070 Christianis

278 2079 359 2145 ῗαιὶε,
386 2088 410 2110 et
440 2090 472 2110 ea:
491 2081 585 2109 Latina
607 2079 724 2109 sermone
747 2081 774 2107 iu
799 2079 919 2107 Gra'cum
933 2083 1020 2106 Iram-

289 2124 351 2146 αυτ.

279 2173 289 2190 ι
306 2163 454 2198 Imperator
475 2160 566 2190 Caesar
589 2161 672 2190 Caius
694 2160 819 2188 Valerius
842 2159 1016 2192 Maximinus,

242 2208 324 2244 364.
331 2202 516 2240 Germanicus,
525 2207 701 2239 Sarmaticus,
710 2208 783 2240 Pius,
793 2208 877 2241 Felix,
888 2208 1018 2242 Invictus,
1035 2231 1057 2260 Β

243 2255 391 2289 Augustus.
408 2253 619 2281 Provincialium
637 2258 790 2281 nostrorum
807 2253 1019 2290 utilitatiomni-

244 2299 296 2328 bus
311 2299 397 2327 modis
412 2307 462 2326 nos
485 2303 613 2336 perpetuo
632 2299 786 2333 Consulere,
802 2307 888 2335 eaque
904 2300 970 2336 ipsis
984 2300 1019 2328 li-

276 2362 299 2378 "
316 2362 385 2390 Psal.
399 2370 486 2395 xxx",
506 2361 597 2389 lii-l9.

278 2432 333 2467 (66)
352 2433 388 2460 Τὰ
403 2432 501 2461 πάντα
515 2433 653 2467 κινήσας.
677 2432 768 2461 Nostri
793 2434 900 2462 codices
926 2441 1020 2462 omnes

241 2468 342 2496 habent
356 2469 486 2504 κυκήσας.
502 2469 577 2501 Quod
594 2469 736 2504 confirmat
750 2469 829 2496 etiam
843 2469 1020 2504 Nicepltorus.

243 2504 438 2539 Quareinescio
459 2505 531 2539 unde
549 2504 681 2538 vulgatam
706 2503 873 2539 Scripturam
901 2503 1021 2533 liauserit

243 2538 310 2565 Rob.
327 2538 490 2572 Stephanus.
511 2538 576 2565 Nam
588 2544 615 2566 et
629 2539 727 2572 Regius
742 2538 842 2572 codex,
858 2547 936 2573 quem
962 2541 1021 2567 ubi-

243 2580 295 2606 que
319 2573 473 2608 Stephanus
495 2575 646 2609 expressit,
666 2574 768 2601 diserte
787 2576 917 2609 scriptum
939 2575 1021 2602 habet

242 2616 374 2640 κυκησας.

278 2643 334 2681 (67)
350 2644 488 2681 Λικιννίῳ
505 2643 560 2678 τῆς
574 2643 659 2681 νίκης
674 2644 708 2677 ἐξ
719 2644 814 2681 αὐτοῦ
834 2645 886 2672 τοῦ
901 2644 1021 2681 πάντων

241 2677 386 2714 ἐνρςᾷςιὶ
412 2677 507 2714 μόνον
538 2679 611 2714 Θεοῦ
637 2677 735 2714 ⁷πρυτ.
761 2679 815 2707 lloo
845 2680 903 2707 loco
934 2680 1018 2707 nostri

243 2713 321 2749 g-odd.
341 2713 421 2745 Μία,
440 2713 509 2743 Med.
521 2719 548 2741 et
563 2713 629 2749 Fnk.
639 2713 740 2749 aliquot
760 2722 840 2741 voces
856 2717 1019 2742 interserunt

243 2746 492 2786 ili-illlllCAllIOdlllﬂ
517 2757 525 2776 :
544 2748 583 2786 τῷ
605 2746 841 2786 τότε-’κρατοῦντι
871 2758 1019 2786 πρυτανευ-

244 2781 343 2817 οείσης.
361 2782 424 2816 Quae
440 2790 517 2811 voces
531 2781 592 2811 cuin
619 2784 698 2811 tertia
715 2781 822 2812 'ahbiuc
836 2781 904 2812 linea
921 2786 1016 2812 iterum

243 2816 376 2851 legantur.
393 2825 484 2851 parum
502 2819 544 2845 hic
560 2820 718 2846 necessariae
733 2825 806 2846 sunt.

279 2852 335 2887 (68)
357 2853 536 2879 'Onlmxdr.
552 2853 695 2882 Pedestres
710 2854 846 2882 Haximiui
867 2855 959 2889 copias
977 2855 1019 2882 in-

585 150 721 180 EUSEBll
739 149 975 179 CAESARIENSIS
992 149 1066 178 OPP.
1087 149 1177 177 PARS
1194 149 1214 178 l.
1235 165 1269 170 —-
1289 149 1483 178 HISTORICA.

1799 151 1852 179 832

1068 209 1272 245 ρασπονδήσας,
1301 209 1417 244 πόλεμον
1442 208 1571 236 ἄσπονδον
1598 209 1720 246 αἴρεται·
1749 207 1799 238 εἴτ’
1822 213 1852 239 ὲν

1067 254 1163 290 βραχεῖ
1177 254 1212 281 τὰ
1229 255 1316 282 πάντα
1335 255 1457 290 κυκήσας
1475 255 1539 290 (66),
1559 255 1649 281 πᾶσάν
1664 264 1694 282 τε
1712 256 1789 283 πόλιν
1806 258 1853 284 ὲκ-

1065 300 1200 336 ταράξας,
1218 301 1266 328 καὶ
1282 301 1335 328 πᾶν
1353 301 1531 337 στρατόπεδον
1552 301 1688 336 μυριάδων
1704 302 1734 328 τὸ
1751 303 1853 338 πλῆθος

1066 347 1223 382 ὰνηρίθμων
1239 346 1408 382 συναγαγὼν,
1426 346 1525 379 ἔξεισιν
1544 348 1584 379 είς
1601 348 1690 383 μάχην
1708 348 1781 384 αὐτῷ
1798 358 1852 376 πα·

1067 393 1260 428 ραταξάμενος,
1286 393 1420 428 δαιμόνων
1443 393 1548 421 ἐλπίσιν
1570 391 1607 421 ὧν
1629 394 1660 430 δὴ
1684 393 1752 430 ᾤετο
1769 395 1850 427 θεῶν,

1066 438 1112 464 καὶ
1126 440 1186 470 ταῖς
1201 438 1255 465 τῶν
1269 438 1384 465 ὁπλιτῶν
1406 440 1542 475 μυριάσιν,
1558 440 1606 476 τὴν
1626 440 1714 476 ψυχὴν
1728 441 1852 477 ἐπῃρμέ-

1066 492 1119 515 νος.
1137 484 1192 510 Καὶ
1215 484 1247 519 δὴ
1272 483 1416 519 συμϐαλὼν
1435 486 1475 516 εἰς
1496 486 1600 520 χεῖρας,
1622 485 1724 521 ἔρημος
1747 486 1794 521 τῆς
1818 487 1852 513 ὲκ

1065 529 1132 556 Θεοῦ
1153 529 1313 556 καθίσταται
1330 531 1497 566 ἐπισκοπῆς,
1515 531 1643 566 Λικιννίῳ
1657 533 1705 567 τῆς
1726 532 1804 568 νίκης
1820 532 1852 564 ἐξ

1066 575 1148 603 αὑτοῦ
1183 576 1230 602 τοῦ
1263 576 1371 603 πάντων
1403 577 1461 609 ἑνὸς
1491 578 1538 605 καὶ
1563 578 1641 613 μόνου
1671 578 1737 605 Θεοῦ
1781 587 1852 614 πρν-

1066 621 1239 658 τανευθείσης
1261 622 1326 657 (67).
1348 623 1491 650 Ἀπόλλυσι
1521 623 1553 659 δὴ
1587 624 1693 660 πρῶτον
1709 625 1739 651 τὸ
1764 625 1807 659 ἐφ’
1827 620 1850 659 ᾧ

1067 667 1204 695 ἐπεποίθει
1235 668 1371 695 ὁπλιτικὸν
1394 663 1464 703 (68),
1483 669 1537 696 τῶν
1559 678 1588 696 τε
1619 669 1687 706 ἀμφ’
1705 670 1785 697 αὑτὸν
1807 670 1852 697 δο-

1068 713 1192 749 ρυςρόρων
1214 714 1316 749 γυμνὸν
1344 714 1391 740 καὶ
1409 714 1516 741 πάντων
1532 715 1634 751 ἔρημον
1661 715 1744 742 αὐτὸν
1765 724 1850 742 κατα-

1066 758 1243 791 λελοιπάτων,
1269 759 1316 785 καὶ
1341 759 1380 794 τῷ
1406 758 1467 786 τότε
1494 759 1637 795 κρατοῦντι
1674 767 1850 795 προσπεφευ-

1066 804 1164 838 γότων,
1184 804 1301 836 ὑπεκδὺς
1322 805 1336 831 ὁ
1355 804 1469 844 δείλαιρς
1483 804 1521 836 ὡς
1541 805 1655 840 τάχιστα
1670 805 1715 832 τὸν
1730 806 1760 832 οὐ
1784 805 1852 841 πρέ-

1067 858 1152 877 ποντα
1172 849 1246 885 αὺτῴ
1264 850 1400 885 βασιλικὸν
1416 851 1526 886 κόσμον,
1542 851 1634 883 δειλῶς
1650 852 1696 878 καὶ
1715 851 1850 886 δυσγένῶς

1067 896 1114 923 καὶ
1133 896 1270 932 ἀνάνδρως
1292 896 1416 923 ὑποδύνει
1439 897 1469 923 τὸ
1492 896 1605 931 πλῆθος,
1629 897 1746 925 κᾶπειτα
1764 897 1848 924 διαδι-

1067 941 1178 978 δράσκει
1193 942 1416 978 χρυπταζόμενός
1431 951 1460 968 τε
1479 942 1530 969 ἀνὰ
1545 943 1607 973 τοὺς
1623 942 1723 978 ἀγροὺς
1740 942 1850 976 καὶτὰς

1067 988 1172 1024 κώμας,
1193 989 1268 1024 μόλις
1283 989 1335 1015 τῶν
1351 988 1485 1024 πολεμίων
1498 989 1547 1020 τὰς
1560 990 1662 1024 χεῖρας,
1678 989 1712 1016 τὰ
1727 989 1777 1024 τῆς
1795 999 1848 1016 σω-

1067 1034 1164 1069 τηρίας
1186 1034 1260 1069 αὐτῷ
1277 1033 1472 1069 προμνώμενος
1493 1033 1626 1067 διέξεισιν,
1650 1034 1741 1070 ἔργοις
1759 1035 1850 1067 αὐτοῖς

1067 1076 1097 1105 εὖ
1119 1078 1190 1114 μάλα
1211 1079 1322 1110 πιστοὺς
1339 1079 1385 1105 καὶ
1400 1079 1507 1114 ἀληθεῖς
1522 1079 1584 1110 τοὺς
1604 1079 1690 1111 θείους
1709 1079 1850 1115 ἀποφήνας

1067 1123 1217 1161 χρησμοὺς,
1228 1125 1256 1151 ὲν
1266 1123 1306 1157 οἷς
1319 1125 1425 1161 εἴρηται
1435 1135 1441 1140 ·
1457 1135 1466 1151 ι
1486 1126 1524 1152 Οὺ
1540 1125 1652 1158 σώζεται
1667 1125 1792 1161 βασιλεὺς
1805 1126 1850 1153 διὰ

1068 1169 1167 1206 πολλὴν
1181 1170 1303 1205 δύναμιν,
1327 1169 1374 1196 καὶ
1393 1170 1473 1204 γίγας
1488 1170 1517 1196 οὐ
1534 1170 1684 1206 σωθήσεται
1701 1171 1731 1198 ἐν
1753 1171 1849 1207 πλήθει

1069 1215 1158 1251 ἰσχύος
1184 1216 1283 1242 αὑτοῦ·
1310 1216 1408 1252 ψευδὴς
1428 1216 1510 1248 ἵππος
1537 1217 1577 1248 εἰς
1603 1217 1748 1252 σωτηρίαν,
1768 1217 1797 1244 ὲν
1820 1217 1850 1243 δὲ

1068 1261 1164 1297 πλήθει
1177 1262 1315 1296 δυνάμεως
1326 1262 1408 1288 αὐτοῦ
1422 1262 1452 1288 οὐ
1466 1262 1625 1297 σωθήσεται.
1644 1262 1708 1289 Ἰδοὺ
1719 1264 1743 1290 οἱ
1756 1262 1850 1297 ὀφθαλ-

1070 1309 1114 1343 μοὶ
1128 1309 1228 1344 Κυρίου
1245 1309 1291 1335 ἐπὶ
1304 1310 1366 1340 τοὺς
1385 1309 1566 1344 φοϐουμένους
1588 1309 1679 1341 αὑτὸν,
1696 1310 1758 1342 τοὺς
1774 1310 1850 1337 ἑλπί-

1068 1355 1162 1387 ζοντας
1177 1355 1222 1381 ἐπὶ
1234 1355 1264 1381 τὸ
1280 1355 1352 1387 ἕλεος
1365 1355 1457 1386 αὑτοῦ,
1475 1355 1606 1390 ῥύσασθαι
1623 1357 1655 1382 ὲκ
1671 1356 1784 1383 θανάτου
1800 1356 1850 1388 τὰς

1068 1401 1155 1437 ψυχὰς
1168 1401 1265 1428 αὐτῶν.
1283 1411 1292 1427 ι
1309 1401 1386 1428 Οὖτω
1403 1402 1470 1437 δῆτα
1485 1401 1614 1437 αἰσχύνης
1629 1402 1753 1437 ἔμπλεως
1771 1402 1785 1428 ὁ
1800 1402 1849 1428 τύ-

1070 1456 1163 1483 ραννος
1179 1447 1224 1474 ἐπὶ
1237 1447 1272 1474 τὰ
1288 1447 1347 1474 καθ’
1361 1448 1456 1474 ἑαυτὸν
1474 1447 1556 1473 ἐλθὼν
1575 1448 1654 1483 μέρη.
1671 1447 1776 1484 πρῶτον
1799 1447 1850 1482 μὲν

1068 1494 1184 1529 ἐμμανεῖ
1194 1493 1282 1529 θυμῷ,
1300 1493 1412 1525 πολλοὺς
1425 1494 1507 1529 ἱερεῖς
1518 1494 1564 1520 καὶ
1577 1494 1717 1530 προφήτας
1728 1493 1782 1520 τῶν
1798 1494 1849 1521 τιά-

1070 1539 1114 1566 λαι
1132 1538 1342 1574 θαυμαζομένων
1360 1539 1432 1574 αὐτῷ
1453 1539 1529 1571 Θεῶν,
1547 1535 1584 1566 ὧν
1602 1539 1633 1575 δὴ
1645 1541 1700 1571 τοῖς
1717 1542 1850 1576 χρησμοῖς

1070 1585 1273 1621 ἀναῤῥιπισθεὶς
1285 1585 1330 1611 τὸν
1344 1585 1460 1621 πόλεμον
1473 1585 1567 1620 ἧρατο,
1583 1585 1620 1616 ὡς
1635 1584 1667 1611 ἂν
1685 1585 1786 1620 γόητας
1804 1587 1850 1613 καὶ

1069 1630 1227 1663 ἀπατεῶνας
1240 1631 1287 1657 καὶ
1300 1631 1345 1658 ἐπὶ
1361 1631 1425 1657 πᾶσι
1440 1630 1568 1666 προδότας
1582 1631 1629 1666 τῆς
1645 1630 1727 1657 αὑτοῦ
1740 1632 1849 1667 γενομέ-

1069 1685 1130 1708 νους
1146 1677 1291 1712 σωτηρίας,
1306 1676 1421 1712 ἀναιρεῖ,
1443 1675 1502 1703 εἶτα
1517 1676 1548 1712 δὴ
1564 1676 1624 1708 δοὺς
1641 1676 1718 1710 δόξαν
1737 1677 1775 1713 τῷ
1795 1677 1849 1704 τῶν

1068 1721 1236 1757 Χριστιανῶν
1255 1721 1323 1756 Θεῷ,
1342 1721 1422 1757 νόμον
1441 1729 1470 1748 τε
1485 1721 1529 1747 τὸν
1546 1721 1614 1757 ὑπὲρ
1627 1721 1782 1758 ἐλευθερίας
1797 1722 1848 1748 αὔ-

1068 1767 1122 1796 τῶν
1143 1767 1296 1794 τελεώτατα
1316 1767 1363 1794 καὶ
1386 1767 1558 1803 πληρέστατα
1568 1767 1768 1803 διαταξάμενος,
1783 1766 1848 1794 δυσ-

1069 1812 1220 1848 θανατήσας
1243 1812 1351 1842 αὐτίκα.
1372 1812 1505 1848 μηδεμιᾶς
1523 1812 1597 1848 αὑτῷ
1612 1813 1706 1848 χρόνου
1727 1812 1847 1848 δοθείσης

1069 1859 1246 1895 προθεσμίας,
1266 1859 1377 1894 τελευτᾷ
1390 1858 1435 1885 τὸν
1452 1858 1520 1894 βίον.
1541 1859 1570 1886 '0
1592 1859 1620 1886 δὲ
1643 1858 1849 1894 καταπεμφθεὶς

1069 1905 1114 1932 ὑπ’
1125 1905 1206 1933 αὑτοῦ
1218 1905 1309 1940 νόμος,
1320 1904 1438 1936 τοιοῦτος
1447 1903 1480 1941 ἦν
1492 1913 1499 1920 ·

1075 2041 1267 2076 Ἀντίγραφον
1283 2041 1439 2076 ἑρμηνείας
1452 2039 1507 2076 τῆς
1527 2039 1579 2066 τοῦ
1604 2039 1753 2076 τυράννου
1767 2039 1848 2076 ’ὑπὲρ

1104 2074 1286 2110 Χριστιανῶν
1297 2074 1478 2108 διατάξεως,
1493 2075 1527 2101 ἐκ
1542 2075 1703 2110 Ῥωμαῖκῆς
1717 2074 1849 2111 γλώττης

1103 2113 1147 2145 εὶς
1158 2112 1214 2146 τὴν
1233 2111 1359 2139 Ἐλλάδα
1371 2112 1622 2145 μεταληφθείσης.

1107 2166 1116 2183 ι
1127 2155 1304 2191 Αὐτοκράτωρ
1317 2156 1421 2191 Καῖσαρ
1446 2156 1524 2187 Γάϊος
1533 2155 1677 2190 Οὐαλέριος
1686 2155 1846 2190 Μαξιμῖνος,

1069 2202 1245 2238 Γερμανικὸς,
1261 2201 1440 2238 Σαρματικὸς,
1455 2201 1585 2236 Εὐσεεὴς,
1600 2201 1847 2238 Εὑτυχὴς,Ἀνίκη-

1070 2257 1126 2280 τος,
1141 2247 1282 2279 Σεϐαστός.
1305 2247 1383 2275 Κατὰ
1410 2247 1499 2274 πάντα
1508 2247 1608 2283 τρόπον
1625 2249 1698 2283 ἡμᾶς
1717 2247 1848 2284 διηνεκῶς

1070 2293 1124 2322 τῶν
1145 2292 1320 2329 ἐπαρχιωτῶν
1341 2292 1394 2319 τῶν
1413 2293 1553 2329 ἡμετέρων
1571 2292 1618 2319 τοῦ
1637 2292 1770 2328 χρησίμου
1783 2301 1849 2328 προ-

1069 2433 1151 2467 telligi
1178 2437 1251 2466 puto.
1271 2431 1354 2467 Porro
1371 2431 1404 2459 de
1420 2431 1471 2458 hac
1492 2430 1630 2457 Maximini
1644 2430 1848 2467 pugnaradver-

1069 2476 1114 2497 sus
1130 2466 1267 2495 Licinium
1293 2467 1319 2493 in
1345 2466 1461 2502 Illyrico,
1474 2467 1551 2502 solus
1570 2474 1601 2492 ex
1613 2466 1758 2502 historicis
1773 2466 1848 2493 Zosi—

1069 2511 1129 2531 mtts
1148 2503 1265 2537 loquitur
1282 2503 1308 2529 in
1328 2500 1422 2533 libftt,
1439 2501 1481 2527 ubi
1499 2500 1595 2537 scribit
1612 2500 1742 2537 Licinium
1760 2502 1847 2535 primo

1069 2539 1177 2574 quidem
1188 2538 1291 2574 cladem
1300 2537 1420 2574 aliquam
1431 2536 1569 2574 accepisse
1582 2544 1588 2561 :
1601 2536 1648 2562 sed
1657 2543 1717 2574 mox
1733 2537 1848 2574 repetito

1069 2570 1182 2608 prmlio,
1199 2572 1371 2599 Maximinum
1396 2572 1421 2608 in
1449 2571 1538 2605 fugam
1555 2578 1663 2608 versum
1683 2571 1715 2608 ad
1729 2570 1847 2598 Orientis

1068 2606 1159 2643 partes
1171 2615 1201 2643 se
1211 2608 1355 2643 recepisse.
1368 2611 1395 2634 et
1408 2607 1441 2643 de
1451 2606 1602 2643 reparando
1616 2606 1847 2643 exercitugogita:

1068 2640 1150 2670 visse.
1171 2642 1247 2676 Quod
1261 2640 1368 2676 quidem
1383 2640 1497 2668 miriﬁce
1512 2641 1641 2676 convenit
1664 2648 1724 2676 cum
1738 2640 1845 2668 Eusebii

1070 2678 1155 2706 nostri
1170 2674 1333 2707 narratione,
1348 2676 1392 2710 qui
1406 2676 1501 2702 scribit
1511 2674 1685 2710 Maximinum
1698 2675 1757 2701 fuso
1769 2682 1847 2702 exer-

1068 2713 1123 2740 citu
1145 2720 1202 2745 suo,
1218 2713 1251 2738 ad
1267 2718 1330 2738 suas
1343 2715 1443 2745 partes,
1459 2710 1484 2736 id
1499 2715 1541 2745 est
1561 2710 1586 2736 in
1605 2709 1743 2745 Orientem
1758 2718 1788 2737 se
1803 2717 1846 2737 re-

1068 2749 1183 2783 cepisse.
1204 2747 1294 2780 Pugna
1309 2744 1389 2783 igitur
1406 2745 1501 2783 illa_i_n_
1510 2744 1623 2783 Europa:
1644 2744 1766 2783 partibus
1794 2752 1844 2779 pn-

1069 2779 1147 2814 gn'ata
1164 2787 1216 2814 est,
1234 2779 1304 2808 anno
1322 2779 1424 2807 Christi
1451 2780 1514 2812 3l5,
1541 2779 1718 2806 Coustautino
1746 2786 1775 2805 ιιι
1818 2785 1845 2806 et

1069 2817 1172 2844 Licinio
1186 2813 1216 2844 ui
1243 2820 1359 2847 coss.,ut
1377 2819 1449 2843 recte
1462 2819 1536 2842 notat
1551 2814 1679 2848 Sigonius
1698 2814 1725 2841 in
1739 2813 1785 2842 lib.
1802 2821 1843 2848 ιιι,

1069 2853 1107 2880 οε
1121 2850 1282 2880 Occidentuli
1294 2850 1411 2885 imperio.
