2013 3179
188 162 241 190 855

675 164 847 196 HISTORUE
866 168 1143 201 ECCLESIASTICAS
1162 174 1226 202 LIB.
1248 175 1292 203 lX.

1746 188 1799 216 8ΰό

187 222 305 249 νοεῖσθαι
321 223 362 249 δεῖ
375 222 446 259 (69),
462 224 508 250 καὶ
522 224 608 251 ταῦτα
622 226 715 258 αὐτοῖς
730 226 870 262 βούλεσθαι
888 237 949 265 παρι

1001 229 1115 262 ιιιοιιίοι·
1141 239 1270 268 prestare
1295 244 1354 271 quae
1376 239 1500 268 omnibus
1528 242 1644 270 maxime
1659 243 1797 275 fructuosa

186 276 243 302 χειν
263 266 304 300 οἷς
321 268 355 295 τὰ
376 269 499 305 λυσιτελῆ
517 271 625 297 πάντων
646 272 762 306 μάλιστα
779 273 967 308 κατορθοῦται,

185 314 230 340 καὶ
251 315 300 341 ὅσα
314 314 364 350 τῆς
383 315 548 349 λυσιτελείας
572 318 618 344 καὶ
636 318 685 353 τῆς
698 319 896 355 χρησιμότητός
911 321 967 347 ἐστι

183 359 232 394 τῆς
244 359 336 395 κοινῆς
352 360 450 393 αὐτῶν,
469 361 514 388 καὶ
527 363 605 389 ὁποῖα
621 363 689 398 πρὸς
703 364 752 399 τὴν
776 364 906 400 δημοσίαν
922 366 967 393 λυ-

184 403 315 430 σιτέλειαν
331 405 459 440 ἁρμόζει,
475 406 521 432 καὶ
537 408 595 439 ταῖς
610 408 722 434 ὲκάστον
739 409 868 441 διανοίαις
884 419 967 446 προσ-

183 449 245 484 φιλῆ
267 450 409 485 τυγχάνει,
432 451 523 477 οὐδένα
554 453 675 486 ἀγνοεῖν,
692 453 748 479 ἀλλ’
768 454 880 482 ἕκαστον
902 450 966 484 ἁνα-

181 495 287 530 τρέχειν
303 496 344 522 ἐπ’
361 496 426 523 αὐτὸ
440 497 469 523 τὸ
484 498 633 533 γινόμενον,
651 499 795 533 γινώσκειν
807 510 836 527 τε
851 502 965 530 ἕκαστον

181 540 234 567 τῶν
257 540 405 577 ἀνθρώπων
422 544 468 570 καὶ
483 543 553 579 ἔχειν
568 542 600 571 ἐν’
617 545 720 581 ἑαυτῷ,
741 546 821 582 δῆλον
834 546 902 575 εἶναι
920 557 965 575 πι-

181 586 319 622 στεύομεν.
343 588 436 614 Ὁπότε
450 589 538 616 τοίνυν
552 590 604 625 πρὸ
616 591 710 618 τούτου
727 593 803 628 δῆλον
820 595 914 629 γέγονε
930 598 962 632 τῇ

179 633 276 667 γνώσει
293 636 325 670 τῇ
339 635 469 671 ἡμετέρᾳ,
483 636 515 662 ὲκ
528 636 629 672 ταύτης
642 637 693 672 τῆς
712 640 873 673 προφάσεως
887 642 916 674 ἐξ
929 640 963 677 ἦς

179 680 388 716 κεκελευσμένον
408 679 442 716 ἦν
462 682 514 708 ὑπὸ
537 682 591 709 τῶν
608 683 750 711 θειοτάτων
775 686 961 721 Διοκλητιανοῠ

178 727 224 753 καὶ
238 727 407 763 Μαξιμιανοῦ
419 729 472 755 τῶν
485 729 584 763 γονέων
599 730 652 756 τῶν
667 731 818 767 ἡμετέρων,
833 732 882 765 τὰς
899 742 961 761 συν-

176 771 251 803 όδους
263 772 315 799 τῶν
330 774 499 809 Χριστιανῶν
524 775 682 811 ἐξῃρῆσθαι,
702 776 815 810 πολλοὺς
835 780 961 814 σεισμοὺς

175 817 222 842 καὶ
235 817 429 853 άποστερήσεις
444 819 497 846 ὑπὸ
516 820 569 847 τῶν
589 821 766 855 ὀφςρικιαλίων
785 825 958 859 γεγενῆσθαι,

174 860 221 886 καὶ
235 862 273 892 εἰς
286 862 395 889 τούπιὸν
409 863 436 889 δὲ
452 864 531 890 τοῦτο
544 866 695 902 προχωρεῖν
713 868 783 894 κατὰ
801 869 854 896 τῶν
875 871 959 907 ἐπαρ-

1019 278 1082 310 sint.
1097 283 1124 306 et
1138 287 1307 315 quacunque
1323 283 1356 310 ad
1371 292 1541 313 communem
1557 287 1676 322 ipsorum
1692 291 1796 318 utilita-

1018 326 1072 349 tem
1083 328 1110 350 et
1124 325 1292 352 commodum
1307 334 1442 361 spectent,
1456 335 1483 357 et
1496 332 1650 366 reipublicae
1673 334 1796 370 inprimis

1018 369 1185 417 conducant,
1197 379 1309 406 quaeque
1332 374 1445 408 singulis
1458 382 1533 410 grata
1549 378 1603 405 sint
1620 384 1647 406 et
1662 369 1772 417 accepta
1786 391 1793 410 :

1017 414 1151 461 neminem
1179 415 1325 451 ignorare,
1354 419 1400 445 sed
1425 427 1642 457 unumquemque
1659 432 1702 452 res
1722 414 1794 461 ipsas

1015 459 1106 487 animo
1120 461 1302 490 revolventem
1315 471 1394 491 nosse
1406 472 1438 492 ac
1449 473 1605 499 persuasum
1620 469 1719 497 habere
1727 459 1793 499 cou-

1015 504 1131 533 ﬁdimus.
1146 506 1225 534 Certe
1236 515 1296 535 cum
1314 514 1392 537 antea
1414 511 1491 539 nobis
1503 519 1670 547 compertum
1685 515 1791 551 fuisset,

1013 551 1156 579 occasione
1168 551 1235 587 legis
1248 553 1321 581 illius
1332 562 1391 589 qua
1405 564 1419 582 a
1434 556 1502 585 divis
1519 558 1684 588 Diocletiano
1699 567 1726 589 et
1737 562 1792 589 Ma-

1013 596 1132 623 ximiano
1147 599 1305 632 parentibus
1321 601 1421 628 nostris
1433 601 1485 628 lata
1497 608 1567 635 erat,
1584 604 1792 635 utChristiano-

1013 649 1072 668 rum
1097 650 1247 672 conventus
1261 646 1367 679 penitus
1383 648 1573 683 abolerentur;
1597 651 1693 679 multas
1722 660 1791 681 con-

1012 688 1150 716 cussiones
1164 691 1320 726 praedasque
1333 692 1376 720 ‘ab
1398 693 1557 722 olIicialibus
1573 695 1642 723 facta
1668 705 1737 730 esse,
1753 704 1791 725 at-

1011 739 1063 767 que
1080 733 1131 760 hoc
1146 735 1246 762 malum
1271 736 1297 763 in
1323 737 1379 764 dies
1402 738 1507 774 longius
1533 748 1642 775 serpere
1661 742 1790 771 adversus

1010 780 1191 813 provinciales
1207 784 1430 817 nostros,quibus
1445 786 1562 813 maxime
1577 789 1727 815 consultum
1742 797 1790 817 vo-

1010 824 1110 857 lumus,
1128 834 1243 860 quorum
1256 827 1397 856 facultates
1409 830 1458 856 lioc
1470 836 1599 865 praetextu
1611 834 1732 867 graviter
1748 840 1790 862 at-

1011 874 1135 898 teruntur
1149 881 1156 900 :
1173 874 1309 907 superiore
1325 881 1393 901 anno
1407 876 1476 903 datis
1493 877 1525 903 ad
1544 878 1665 913 singulos
1680 881 1789 914 provin-

173 907 278 941 χιωτῶν
286 908 340 934 τῶν
352 909 501 945 ἡμετέρων,
512 907 549 937 ὧν
560 912 675 946 μάλιστα
685 915 812 949 πρόνοιαν
819 917 868 951 τὴν
879 926 948 953 προσ

1010 917 1111 944 ciarum
1128 919 1255 952 praesides
1280 920 1379 948 litteris
1409 924 1562 957 statuimus,
1583 925 1648 952 utsi
1665 927 1725 960 quis
1740 928 1788 953 ad-

173 952 290 987 ήκουσαν
315 954 436 988 γίνεσθαι
466 957 667 994 σπουδάζομεν,
700 960 753 987 τῶν
782 962 880 989 οὐσιῶν
903 952 957 991 τῶν

173 997 244 1023 ἰδίων
271 998 360 1025 αὐτῶν
389 1001 643 1037 κατατριϐομένων,
665 1004 794 1032 δοθέντων
825 1009 956 1043 γραμμά-

171 1051 223 1069 των
237 1043 291 1079 (70)
308 1044 376 1080 πρὺς
393 1046 456 1078 τοὺς
476 1047 611 1083 ἡγεμόνας
632 1049 749 1085 ἑκάστης
772 1051 904 1087 ἐπαρχίας
917 1052 957 1088 τῷ

171 1089 328 1125 παρελθόντι
341 1092 465 1127 ἐνιαυτῷ,
477 1093 720 1130 ἐνομοθετήσαμεν,
734 1096 765 1122 ἵν’
778 1097 825 1123 ἐάν
837 1106 879 1130 τις
895 1098 956 1134 βού-

170 1134 241 1161 λσιτο
255 1136 293 1171 τῷ
306 1137 417 1172 τοιούτῳ
429 1137 483 1165 ἔθει
494 1138 547 1174 (71)
564 1139 579 1175 ἦ
593 1141 624 1176 τῇ
641 1141 711 1177 αὐτῇ
725 1142 829 1178 φυλακῇ
845 1143 894 1178 τῆς
909 1145 956 1171 αὑ-

168 1181 218 1216 τῆς
232 1182 379 1218 θρησκείας
393 1184 515 1217 ἕπεσθαι,
526 1186 620 1213 τοῦτον
632 1188 835 1223 ἀνεμποδίστως
846 1189 954 1224 ἔχεσθαι

168 1228 218 1263 τῆς
234 1229 387 1264 προθέσεως
402 1232 451 1266 τῆς
471 1232 567 1258 ἑαυτοῦ
578 1253 585 1265 ,
601 1234 647 1259 κα)⁴
668 1234 719 1260 ὑπὸ
738 1235 850 1270 μηδενὸς
866 1237 952 1271 ἐμπο-

168 1273 285 1305 δίζεσθαι
302 1276 367 1311 μηδὲ
383 1277 599 1309 κωλύεσθαι,καὶ
612 1277 681 1305 εἶναι
696 1281 786 1312 αὐτοῖς
800 1282 951 1318 εὐχέρειαν,

168 1320 231 1346 ἄνευ
246 1322 317 1354 τινὸς
338 1323 419 1357 φόὸου
442 1324 487 1350 καὶ
506 1325 637 1359 ὑποψίας,
660 1326 731 1352 τοῦθ’
754 1327 821 1363 ὅπερ
846 1329 952 1364 ἑκάστῳ

167 1366 277 1402 ἀρέσκει
296 1369 389 1395 ποιεῖν.
404 1369 476 1403 Πλὴν
497 1370 556 1396 οὐδὲ
573 1370 619 1397 νῦν
634 1371 723 1398 λαθεῖν
738 1372 811 1407 ἡμᾶς
825 1373 950 1409 ἐδυνήθη,

166 1413 207 1439 ὅτι
220 1414 290 1445 τινὲς
301 1414 354 1440 τῶν
364 1415 496 1443 δικαστῶν
510 1417 742 1453 παρενεθυμοῦντο
756 1419 811 1454 (72)
824 1420 872 1451 τὰς
884 1420 951 1455 ἡμε-

166 1458 247 1494 τέρας
271 1460 423 1494 κελεύσεις,
441 1463 486 1488 καὶ
506 1463 638 1495 διστάζειν
659 1465 721 1496 τοὺς
741 1465 889 1500 ἡμετέρους
903 1467 949 1493 άν-

166 1506 290 1541 θρώπους
316 1509 378 1544 περὶ
400 1509 433 1535 τὰ
459 1510 655 1545 προστάγματα
684 1510 718 1536 τὰ
736 1511 858 1546 ἡμέτερα
880 1520 951 1547 παρ-

166 1553 326 1586 εσκεύασαν,
349 1555 395 1580 καὶ
414 1555 589 1591 ὀκνηρότερον
606 1556 744 1591 προσιέναι
767 1557 876 1589 ταύταις
891 1560 949 1590 ταῖς
961 1571 983 1600 C

166 1598 323 1634 θρησκείαις
349 1597 392 1632 αῖς
409 1599 443 1636 ἦν
466 1601 579 1636 ἀρεστὸν
604 1602 709 1634 αὐτοῖς,
734 1602 872 1638 ἐποίησαν.
890 1603 948 1630 Ἵνα

165 1646 252 1672 τοίνυν
266 1648 305 1678 είς
322 1647 352 1673 τὸ
371 1644 433 1681 ἑξῆς
449 1648 524 1674 πᾶσα
540 1647 641 1682 ὑποψία
657 1648 819 1683 ἀμφιϐολίας
836 1648 882 1674 τοῦ
902 1650 949 1683 φό-

165 1691 212 1718 ϐου
227 1692 282 1728 (75)
303 1694 475 1729 περιαιρεθῇ,
489 1693 567 1719 τοῦτο
582 1694 611 1720 τὸ
625 1693 760 1728 διάταγμα
786 1694 948 1729 προτεθῆναι

165 1738 405 1774 ἐνομοθετήσαμεν,
418 1739 461 1766 ἵνα
474 1740 540 1766 πᾶσι
554 1739 634 1774 δῆλον
647 1740 768 1775 γένηται,
780 1740 879 1773 ἐξεῖναι
888 1740 949 1766 τού-

164 1792 220 1815 τοις
241 1785 266 1810 οἶ
281 1793 351 1817 τινες
365 1785 465 1820 ταύτην
483 1785 532 1821 τὴν
556 1786 658 1821 αἵρεσιν
678 1786 724 1812 καὶ
737 1786 785 1821 τὴν
802 1785 947 1821 θρησκείαν

166 1830 285 1866 μετιέναι
306 1831 459 1866 βούλονται,
472 1832 504 1857 ἐκ
520 1831 619 1867 ταύτης
639 1831 688 1867 τῆς
702 1831 805 1866 δωρεᾶς
819 1832 868 1867 τῆς
884 1833 947 1867 ἡμε-

163 1877 246 1914 τέρας
257 1877 346 1909 καθὼς
356 1878 469 1909 ἕκαστος
479 1877 598 1913 βούλεται
612 1878 627 1914 ἢ
639 1878 697 1905 δέον
708 1878 780 1913 αὐτῷ
793 1879 864 1904 ἐστιν
879 1879 945 1914 (74),

164 1924 249 1956 οὕτως
265 1924 401 1960 προσιέναι
415 1925 447 1960 τῇ
463 1923 593 1960 θρησκείᾳ
606 1923 691 1959 ταύτῃ
704 1924 736 1959 ἣν
750 1923 778 1956 ἐξ
793 1923 867 1955 ἔθους
882 1924 947 1959 θρη-

166 1970 272 1997 σκεύειν
296 1970 380 1996 εἵλετο
392 1978 398 1985 ·
419 1971 466 1996 καὶ
486 1970 520 1996 τὰ
535 1969 661 2005 Κυριακὰ
675 1970 703 1996 δὲ
718 1969 751 1995 τὰ
765 1970 850 1995 οἰκεῖα
871 1970 945 2002 ὅπως

164 2015 401 2048 κατασκευάζοιεν,
411 2016 600 2051 συγχωρεῖται.
614 2015 671 2042 Ἵνα
683 2015 773 2050 μέντοι
786 2015 833 2041 καὶ
845 2015 944 2051 μείζων

200 2091 255 2128 (69)
268 2092 459 2126 Προνοεῖσθαι
472 2091 524 2128 δεῖ.
542 2091 656 2128 ῡιξιειιιιιι
673 2096 714 2119 est
729 2099 779 2118 vox
792 2092 841 2124 δεῖ,
858 2100 936 2125 quam

164 2126 329 2161 NiCep'liorus
346 2135 396 2154 non
414 2127 543 2161 agnoscit.
559 2127 620 2154 llatc
633 2128 703 2154 enim
720 2128 808 2153 omnia
824 2128 938 2161 pendent

163 2171 197 2189 ex
216 2163 299 2189 verbo
312 2163 381 2196 quod
398 2163 422 2188 in
439 2164 490 2189 line
508 2163 616 2195 prolixa:
631 2163 732 2196 periodi
748 2163 862 2195 positum
884 2168 936 2190 est.

165 2197 257 2224 Solent
273 2198 369 2232 quippe
385 2198 560 2230 imperatores
576 2198 601 2223 in
627 2197 730 2232 legibus
748 2197 804 2224 suis
824 2205 937 2230 compo-

165 2233 259 2260 nendis
278 2232 370 2267 longas
384 2233 509 2266 periodos
530 2232 679 2264 adhibere;
698 2233 722 2259 id
737 2232 869 2266 majestati
895 2240 937 2258 re-

164 2268 214 2303 giae
229 2275 377 2301 congruere
389 2267 584 2303 existimantes.
605 2267 680 2300 Quod
703 2267 837 2301 hodieque
859 2275 939 2303 reges

165 2301 249 2329 nostri
277 2303 385 2329 iaciunt.
412 2302 494 2329 Paulo
513 2307 572 2336 post
588 2303 677 2329 scribo
701 2310 734 2329 ex
749 2304 841 2329 eodem
858 2301 938 2328 Nice-

164 2338 260 2373 plioro,
276 2343 349 2373 et_ex
365 2338 442 2373 codd.
459 2336 584 2373 Mediraso
597 2342 633 2373 Aet
648 2337 782 2364 lllazarino
796 2342 823 2363 et
835 2336 901 2364 Fuk.
913 2343 940 2364 et

164 2370 268 2409 ξιιμ-11η
297 2370 338 2404 οἷς
361 2372 396 2399 τὰ
422 2371 546 2407 λυσιτελῆ
567 2371 674 2399 πάντων
706 2372 820 2407 μάλιστα
843 2380 940 2409 κατορ-

164 2407 267 2436 θοῦται.

200 2444 254 2478 (70)
271 2443 420 2470 Δοθέντων
434 2442 618 2477 γραμμάτιον.
651 2441 776 2476 lntelligit
796 2441 937 2476 epistolam

164 2477 239 2505 suam
256 2479 288 2503 ad
305 2479 434 2505 Sabinum
454 2478 606 2512 praelectum
621 2477 744 2511 pl':t:t0rio
761 2485 839 2510 quam
864 2482 938 2503 retii-

166 2513 196 2548 lit
211 2513 341 2539 Eusebius
359 2522 440 2548 supra
458 2521 483 2538 ιιι
506 2521 565 2546 cap.
577 2512 613 2548 79.
631 2512 699 2548 liam
719 2512 851 2545 superiori
868 2519 939 2538 anno

164 2547 327 2575 Maximinus
346 2547 434 2574 datam
458 2555 517 2574 esse
533 2547 616 2579 dicit,
630 2547 655 2573 id
669 2551 725 2579 est,
747 2555 816 2573 anno
838 2547 937 2574 Christi

163 2581 226 2615 3l2,
245 2584 419 2610 Constantino
432 2590 449 2609 ιι
463 2587 488 2609 et
501 2582 603 2609 Licinio
616 2589 633 2609 ιι
647 2589 718 2608 coss.
733 2581 770 2608 Ex
785 2589 838 2615 quo
849 2582 939 2615 sequi-

166 2623 219 2649 tur,
243 2623 408 2652 postremum
433 2621 484 2644 tioc
512 2618 627 2644 edictum
647 2616 936 2652 Maximini_scriptmn

163 2660 224 2679 esse
240 2650 311 2678 anno
322 2652 420 2679 Christi
433 2652 496 2683 515,
511 2652 688 2679 Constantino
702 2660 730 2678 ιιι
744 2657 771 2678 et
789 2650 893 2678 Licinio
907 2659 937 2678 ιιι

164 2694 236 2714 c0ss.
254 2686 336 2714 Porro
358 2688 426 2714 linter
446 2687 573 2721 epistolas
588 2692 615 2713 et.
637 2687 723 2713 edicta
745 2686 936 2719 imperatorum

165 2722 215 2749 hoc
238 2723 399 2756 prmeipuum
422 2722 565 2748 discrimen
584 2727 639 2753 cst,
653 2722 723 2755 quod
743 2721 861 2755 epistolae
875 2721 936 2755 qni-

165 2758 225 2783 dem
242 2765 337 2783 nomen
351 2764 443 2784 eorum
458 2757 490 2783 ad
506 2764 572 2790 quos
597 2758 685 2783 missae
707 2762 769 2783 sunt
789 2756 936 2789 ascriptum

166 2791 264 2818 habent
277 2800 284 2823 ς
299 2797 359 2818 cum
373 2792 460 2818 edicta
476 2799 569 2817 omnes
582 2791 742 2825 generaliter
755 2791 935 2824 alloquuntur.

165 2825 198 2853 Et
213 2827 301 2853 edicta
325 2827 432 2860 quidem
463 2826 568 2859 publice
593 2831 788 2860 proponunttir.
812 2826 936 2859 Epistula:

165 2867 228 2887 Vero
240 2861 392 2887 olferiintur
404 2861 443 2888 eis
460 2861 492 2886 ad
513 2868 579 2894 quos
596 2863 683 2887 inissze
698 2865 775 2893 sunt,
797 2865 825 2887 ut
840 2861 936 2893 legitur

166 2895 192 2922 in
206 2895 294 2924 Gestis
305 2896 468 2931 purgationis
479 2895 614 2923 Caiciliaiii
631 2903 690 2930 pag.
704 2895 750 2930 ‘28,
762 2903 809 2923 nec
823 2896 935 2930 proponi

956 2253 977 2280 D

1007 962 1111 990 haerere
1129 964 1190 991 huic
1204 970 1295 997 secuta.
1309 971 1335 991 et
1347 966 1484 1001 religionis
1504 968 1575 995 illius
1589 969 1787 999 observantiam

1006 1008 1083 1042 sequi
1100 1009 1189 1042 vellet,
1207 1010 1231 1037 ei
1245 1010 1341 1038 liceret
1356 1012 1459 1046 absque
1475 1013 1530 1040 ullo
1552 1014 1744 1049 impedimento
1759 1017 1786 1044 in

1005 1052 1144 1087 proposito
1158 1062 1207 1081 suo
1220 1063 1390 1089 permanere,
1407 1065 1456 1084 nec
1480 1058 1550 1085 ullus
1564 1067 1625 1086 eum
1655 1060 1787 1095 impedire

1005 1104 1052 1126 aut
1071 1100 1214 1134 prohibere
1239 1101 1370 1136 auderet;
1396 1104 1443 1130 sed
1465 1108 1493 1131 ut
1509 1106 1623 1140 quisque
1647 1114 1741 1134 eorum
1759 1108 1785 1135 id

1004 1146 1076 1180 quod
1091 1146 1141 1173 sibi
1166 1147 1271 1174 libitum
1294 1155 1381 1181 esset,
1406 1150 1464 1176 sine
1484 1151 1537 1178 ullo
1554 1157 1626 1179 metu
1649 1160 1680 1179 ac
1698 1154 1785 1189 suspi-

1004 1191 1083 1218 cione
1109 1192 1206 1225 agendi
1230 1192 1366 1220 licentiam
1385 1194 1510 1222 haberet.
1537 1196 1633 1223 Verum
1660 1205 1694 1225 ne
1712 1206 1785 1226 nunc

1003 1236 1111 1270 quidem
1127 1236 1211 1264 latere
1227 1245 1276 1265 nos
1299 1239 1401 1272 potuit,
1430 1241 1561 1274 quosdam
1592 1250 1624 1268 ex
1645 1242 1783 1276 iudicibus

1003 1284 1136 1313 prmcepta
1156 1285 1248 1307 nostra
1273 1282 1361 1309 minus
1388 1288 1461 1310 recte
1492 1285 1680 1319 intellexisse,
1709 1293 1737 1314 et
1755 1289 1782 1316 in

1003 1332 1081 1352 causa
1096 1326 1176 1353 fuisse
1201 1332 1227 1353 ut
1246 1328 1345 1354 sudditi
1373 1329 1458 1356 nostri
1484 1330 1651 1364 jussionibus
1681 1335 1782 1362 nostris

1002 1371 1164 1401 dillidercnt.
1182 1377 1209 1398 et
1229 1373 1260 1398 ad
1276 1373 1375 1399 cultum
1390 1374 1527 1409 religionis
1543 1377 1614 1403 illius
1630 1385 1710 1412 quam
1726 1387 1780 1406 ina-

1001 1418 1073 1444 xinie
1093 1419 1241 1451 probabant
1263 1421 1435 1448 cunctantius
1456 1424 1626 1450 accederent.
1642 1425 1724 1459 Igitur
1752 1431 1781 1453 ut

1000 1465 1087 1490 omnis
1100 1465 1125 1491 in
1139 1471 1273 1498 posterum
1284 1467 1399 1500 suspicio
1409 1473 1495 1495 metus
1505 1474 1532 1495 et
1546 1469 1710 1504 ambiguitas
1726 1472 1780 1500 adi-

1000 1515 1099 1543 matur,
1128 1511 1179 1537 lioc
1194 1512 1310 1538 edictuin
1327 1514 1440 1547 proponi
1452 1515 1606 1546 statuimus,
1619 1524 1672 1551 quo
1688 1519 1779 1545 cuncti

999 1555 1152 1590 intelligant
1164 1556 1197 1583 iis
1209 1557 1253 1590 qui
1269 1557 1337 1584 lianc
1355 1563 1455 1585 sectam
1476 1563 1503 1585 et
1525 1559 1684 1594 religionem
1701 1563 1778 1596 sequi

999 1600 1102 1633 volunt,
1117 1609 1149 1628 ex
1162 1601 1211 1628 hac
1227 1603 1389 1637 indulgentia
1405 1604 1554 1638 ntajestatis
1569 1610 1668 1633 ιιοδιιιιι
1684 1606 1777 1640 licere,

997 1648 1185 1682 proulcuique
1202 1647 1306 1675 libitniii
1332 1655 1378 1675 aut
1400 1656 1538 1684 acceptum
1554 1651 1648 1683 fuerit,
1665 1652 1697 1678 ad
1717 1660 1776 1679 eam

997 1693 1152 1727 religioueiii
1165 1694 1208 1721 cui
1225 1702 1257 1720 ex
1277 1702 1351 1721 more
1369 1695 1470 1722 servire
1483 1697 1775 1725 constituitcolendaui

996 1740 1133 1766 accedere.
1162 1738 1214 1765 Sed
1242 1743 1268 1766 et
1282 1740 1420 1767 Dominica
1452 1750 1500 1768 sua
1531 1742 1595 1777 ipsis
1622 1743 1777 1771 instaurare

999 1786 1165 1813 conceditur.
1183 1785 1315 1813 Caeterum
1343 1790 1372 1813 ut
1393 1787 1557 1822 indulgentia
1586 1794 1678 1815 nostra
1695 1790 1778 1823 proli-

998 1832 1058 1857 xior
1075 1835 1215 1864 appareat,
1238 1829 1301 1857 illud
1316 1831 1396 1858 etiam
1413 1833 1519 1859 sancire
1532 1832 1683 1867 voluimus;
1701 1839 1729 1861 ut
1753 1835 1775 1861 si

995 1883 1055 1910 quae
1072 1877 1166 1903 domus
1184 1881 1230 1902 aut
1259 1876 1317 1904 loca
1347 1876 1380 1902 ad
1406 1876 1451 1911 jus
1473 1877 1686 1905 Christianorum
1702 1884 1776 1907 ante-

995 1923 1046 1949 liac
1068 1922 1245 1957 pertinentia,
1274 1930 1307 1949 ex
1331 1923 1452 1958 jnssione
1477 1924 1598 1950 divorum
1634 1929 1774 1958 parentum

994 1968 1074 2003 365
1090 1973 1243 1995 nostrorum
1259 1968 1292 1995 ad
1306 1968 1350 2002 jus
1364 1968 1422 1995 ﬁsci
1438 1969 1562 1996 devoluta
1583 1970 1646 2002 sint,
1673 1976 1717 1997 aut
1741 1972 1775 1997 ali

995 2014 1084 2049 aliqua
1106 2014 1216 2041 civitate
1239 2019 1380 2049 occupata,
1410 2020 1457 2042 aut
1484 2020 1556 2042 certe
1579 2016 1698 2047 vendita,
1728 2021 1775 2043 aut

992 2093 1088 2122 solent,
1103 2091 1154 2118 nisi
1169 2092 1329 2118 nominatim
1343 2092 1464 2119 additum
1483 2091 1518 2118 sit
1531 2093 1556 2118 in
1579 2093 1631 2119 [ine
1641 2092 1772 2127 epistola,

993 2136 1003 2152 ι
1024 2132 1199 2161 proponatur.
1220 2135 1229 2152 ι
1254 2127 1375 2160 Denique
1392 2127 1417 2153 in
1432 2127 1552 2162 epistolis
1564 2136 1659 2154 nomen
1675 2129 1774 2155 dunta-

992 2168 1036 2197 itat
1054 2162 1224 2196 imperatoris
1242 2170 1303 2188 cum
1320 2163 1489 2195 paucissimis
1508 2163 1591 2188 titulis
1614 2163 1769 2197 praefigiuir.

990 2196 1018 2223 ln
1031 2197 1126 2224 edictis
1143 2204 1206 2224 vero
1219 2204 1312 2223 omnes
1329 2197 1408 2228 tituli.
1423 2197 1495 2224 nullo
1505 2198 1614 2229 omisso,
1630 2196 1773 2232 diligenter

989 2236 1016 2258 et
1033 2232 1175 2259 ambitiose
1190 2238 1336 2266 ponuntur.

1026 2267 1082 2303 (71)
1101 2267 1142 2299 Τῷ
1157 2266 1278 2300 τοιούτῳ
1298 2267 1369 2293 ἔθει.
1396 2267 1509 2294 Ruﬁnus
1530 2266 1593 2301 legit
1614 2267 1685 2294 ἔθνει
1698 2287 1705 2299 ,
1733 2267 1773 2294 sic

988 2304 1059 2328 enim
1076 2303 1167 2333 vertit,
1184 2313 1192 2327 ι
1213 2307 1240 2328 ιιι.
1255 2303 1276 2328 si
1297 2304 1356 2337 quis
1379 2303 1458 2328 vellet
1471 2303 1543 2336 genti
1568 2303 1629 2329 huic
1645 2302 1684 2329 vel
1709 2303 1787 2328 reli«'

989 2337 1221 2371 gioniadlimrerc.
1238 2346 1247 2362 ι
1266 2337 1332 2363 Vide
1350 2345 1408 2371 qua:
1420 2345 1498 2371 supra
1514 2338 1602 2363 notavi
1619 2337 1651 2363 ad
1666 2345 1725 2371 cap.
1743 2337 1770 2364 9.

1024 2372 1080 2407 (72)
1094 2372 1367 2406 Παρενεθυμοῦντο.
1383 2371 1487 2407 Langus
1508 2373 1586 2407 vertit
1602 2381 1611 2397 ι
1635 2373 1704 2398 male
1723 2380 1770 2407 ,ιο-

989 2406 1118 2439 cepisse.»
1137 2408 1210 2441 quod
1230 2409 1354 2441 equidem
1368 2406 1546 2442 valdeprolxo.
1563 2406 1756 2442 Νιιιιιπαρενθυ

1013 2442 1100 2468 εἶσθαι
1123 2443 1231 2476 proprie
1256 2444 1390 2476 signiﬁcat
1419 2443 1488 2468 male
1518 2448 1702 2475 interpretari.
1735 2443 1770 2468 At.

1013 2451 1100 2468 εισυαι
1123 2451 1231 2476 proprie
1256 2451 1390 2476 signiticat
1419 2451 1488 2468 male
1518 2451 1702 2475 interpretari.
1735 2451 1769 2468 At

988 2451 1133 2507 Eiusculns,
1150 2485 1264 2511 cumque
1284 2483 1391 2504 secutus
1405 2477 1666 2510 Christopliorsoiins
1683 2481 1769 2503 verte.-

989 2517 1049 2538 runt
1064 2512 1197 2545 negligere
1210 2510 1283 2545 ,ιιι-ο
1301 2513 1384 2538 iiiliilo
1400 2513 1498 2539 habere
1509 2531 1515 2542 ,
1535 2512 1622 2538 minus
1639 2517 1721 2538 recte.
1740 2510 1770 2537 1ιι

988 2547 1080 2582 codice
1097 2546 1162 2572 l‘nk.
1187 2551 1213 2573 et
1233 2548 1314 2573 Savil.
1343 2547 1440 2581 legitur
1461 2549 1526 2582 παρ’
1543 2546 1617 2573 οὐδὲν
1641 2545 1760 2573 ἐτίθεντο

988 2581 1064 2613 Quod
1088 2582 1193 2608 videtur
1220 2581 1317 2608 scliolii
1344 2585 1402 2608 vice
1436 2584 1467 2608 ad
1496 2581 1642 2615 nuit-ginem
1681 2582 1770 2616 primo

988 2617 1146 2650 ascriptum,
1160 2621 1253 2650 postea
1270 2616 1295 2642 iii
1314 2621 1414 2643 textum
1433 2618 1584 2651 irrepsisse.

1024 2651 1079 2692 (755)
1100 2651 1359 2692 "Aﬂyy'u‘i’ollac'foﬁ
1378 2652 1482 2685 φόϐου.
1498 2652 1677 2679 Scribendum
1694 2651 1768 2678 vide-

987 2686 1033 2713 tur
1043 2686 1205 2721 ἀμφιὸολίας
1219 2694 1248 2712 τε
1263 2686 1352 2720 φόϐος.

1023 2722 1078 2757 (74)
1093 2723 1126 2748 Ἢ
1147 2721 1217 2748 δέων
1240 2721 1320 2757 αὐτῷ
1335 2721 1429 2747 ἐστιν.
1451 2721 1530 2748 Ἡδέα
1554 2722 1654 2755 Regius
1673 2721 1763 2757 codex.

988 2756 1039 2783 Sed
1056 2756 1081 2783 in
1095 2757 1222 2784 MediCaso
1238 2764 1269 2782 ac
1290 2756 1427 2782 Mazarino
1444 2757 1540 2789 legitur
1558 2757 1574 2790 ἦ
1599 2757 1668 2783 δέον.
1690 2756 1768 2783 Νἰῡιξέ

986 2793 1087 2827 pliorns
1113 2800 1177 2819 vero
1198 2792 1279 2818 liabet
1303 2791 1320 2827 ἢ
1345 2792 1392 2827 ἡδὺ
1415 2791 1487 2827 αύτῷ
1503 2792 1593 2824 ἐστιν,
1618 2799 1670 2817 ιιοιι
1688 2792 1768 2818 male.

988 2826 1080 2853 Ἥδιον
1095 2833 1182 2853 tamen
1198 2826 1318 2854 mallem;
1336 2828 1402 2854 Cum
1418 2826 1569 2861 Nicephoro
1594 2826 1769 2854 consentiunt

986 2863 1064 2889 codd.
1081 2862 1139 2889 Fuit
1164 2867 1191 2889 et
1205 2862 1286 2889 Savil.
