2013 3179
227 159 280 188 839

580 152 714 184 EUSEBII
731 148 971 183 CESARIENSIS
990 150 1064 183 opp,
1082 150 1173 182 PARS
1191 150 1210 183 t.
1228 162 1263 175 '—
1282 148 1476 183 Htsromca.

1788 156 1841 184 840

230 221 347 245 ratorern
361 219 473 244 summa:
485 215 523 243 rei
536 219 685 242 creaverat.
710 215 743 241 Et
756 214 899 242 Culcianus
921 214 1008 242 omni-

1060 214 1103 247 νὸς
1117 214 1172 250 (82)
1189 223 1218 241 τε
1244 215 1373 246 ὡσαύτως
1387 215 1430 242 διὰ
1452 215 1542 251 πάσης
1562 216 1678 251 ἀρχικῆς
1700 215 1842 252 προελθὼν

228 263 279 291 bus
292 262 419 291 similiter
432 260 635 296 magistratibus
649 264 677 287 et
693 260 892 295 provinciarum
919 260 1005 287 admi-

230 308 433 336 nistratiOnibus
457 307 626 342 perfunctus,
657 306 702 341 qui
725 311 754 333 et
780 307 838 340 ipse
859 305 1008 333 innumeris

228 355 440 382 Christianorum
455 353 574 380 caedibus
588 351 658 386 apud
676 351 820 387 Egyptum
833 352 1008 378 inclaruerat.

228 400 280 428 Alii
295 399 374 436 367
388 403 517 434 prmterea
537 405 588 425 non
612 397 701 432 pauci,
730 405 745 424 a
769 397 867 432 quibus
899 397 1009 432 potissi-

230 454 302 473 mum
317 445 474 472 conﬁrmata
489 448 516 472 et
528 449 608 471 aucta
633 451 693 472 esse
708 443 844 471 Maximini
871 444 1008 479 tyrannica

229 491 375 520 crudelitas
390 491 542 518 videbatur.
566 490 652 518 Porro
669 490 750 517 etiam
771 489 953 517 Theotecnum
977 490 1010 516 ad

229 538 390 574 supplicium
407 538 522 565 Vocabat
542 537 633 564 divina
661 536 778 571 justitia,
805 537 1010 571 haudquaquam

229 584 313 612 oblita
326 591 421 611 eorum
439 591 498 617 quae
519 582 564 609 ille
578 581 708 609 adtrersus
734 582 902 609 Christianos
915 588 1012 616 perpe-

229 633 360 657 traverat.
374 628 479 656 Etenim
493 628 528 654 ob
545 626 721 655 simulacrum
743 626 807 653 illud
833 626 902 661 quod
917 626 1011 654 Aulio-

230 675 299 701 chiaa
316 677 536 704 consecraverat,
550 673 722 708 prosperiore
736 671 844 699 fortuna
864 671 903 699 uti
926 672 1010 703 visus,

229 721 311 748 etiam
323 726 423 755 praeses
437 719 581 754 provincia
604 726 619 745 a
635 718 780 745 Maximino
799 717 886 745 factus
912 717 1009 744 fuerat.

232 765 284 793 Sed
298 772 359 792 cum
375 764 496 792 Licinius
516 763 685 791 Antiochiam
709 763 837 794 venisset,
852 767 879 788 et
909 761 1013 796 praesti-

231 810 349 846 giatores
366 810 547 844 pervestigare
575 815 606 835 ac
621 807 821 842 deprehendere
840 806 1010 838 instituisset,

231 862 302 888 inter
323 861 434 886 caeteros
455 858 535 885 etiam
558 855 618 884 novi
639 854 713 882 illius
732 852 871 880 simulacri
892 852 1008 887 prophe-

231 910 273 934 tas
292 909 319 933 et
338 904 493 932 sacerdotes
516 901 656 930 tormentis
681 899 807 934 subjecit,
828 905 881 932 qua
906 898 1010 924 ratione
1027 891 1048 918 Β

232 952 354 978 fraudem
374 951 586 978 concinnasscnt
607 947 786 980 interrogans.
806 943 857 977 Qui
880 950 941 970 cum
964 950 1010 970 ve-

235 992 344 1019 ritatem
370 992 485 1027 amplius
501 992 589 1019 celare
604 998 656 1018 non
679 996 790 1025 possent
818 991 842 1017 vi
870 995 1015 1018 tormento-

235 1046 294 1065 rum
309 1038 410 1070 adacti,
424 1038 560 1072 totiusque
571 1037 693 1072 inysterii
709 1044 816 1064 scenam
824 1044 846 1063 .a
860 1036 1015 1063 Thcotecuo

234 1086 292 1108 arte
307 1081 422 1116 quadam
448 1081 624 1115 compositam
646 1081 729 1108 fuisse
755 1080 922 1114 faterentur;
942 1080 1014 1108 Lici-

235 1127 296 1156 nius
323 1128 419 1155 merito
438 1128 568 1162 supplicio
596 1133 708 1155 cunctos
740 1127 869 1160 alliciens,
898 1128 1013 1162 primum

234 1173 342 1207 quidem
361 1173 544 1199 TheoteCuum
559 1172 657 1208 ipsum,
671 1173 767 1200 deinde
785 1172 901 1207 reliquos
911 1172 1015 1201 fraudis

234 1225 266 1245 ac
277 1219 472 1253 praestigiarum
487 1218 610 1245 conscios
625 1225 657 1245 ac
680 1219 834 1253 participes,
856 1223 915 1254 post
929 1218 1014 1253 pluri-

234 1271 294 1291 mos
311 1264 448 1291 cruciatus
460 1263 678 1297 interﬁcijussit.
695 1264 801 1298 Adjecti
823 1270 885 1292 sunt
900 1264 943 1292 his
956 1272 1015 1291 om-

233 1311 314 1338 nibus
329 1311 410 1338 etiam
426 1310 566 1338 Maximini
580 1310 658 1338 liberi
671 1319 679 1343 ;
694 1319 761 1346 quos
775 1312 817 1338 ille
834 1312 889 1345 jam
909 1312 1014 1346 imperii

233 1362 373 1385 consortes
395 1360 422 1384 et
441 1357 579 1384 titulorum
602 1363 682 1392 atque
704 1358 848 1392 imaginum
872 1358 1014 1393 participes

233 1402 345 1430 fecerat.
359 1403 477 1438 Denique
490 1403 632 1438 propinqui
646 1411 739 1430 omnes
754 1403 871 1438 tyranni,
885 1404 928 1437 qui
943 1403 1013 1431 fastu

233 1453 261 1476 et
275 1449 421 1477 insolentia
439 1449 502 1476 elati
532 1454 645 1476 cunctos
662 1450 791 1475 mortales
819 1450 938 1483 potentia
965 1457 1014 1477 sua

233 1498 438 1527 oppresserant,
455 1495 548 1521 eadem
561 1501 621 1521 cum
638 1494 689 1520 illis
702 1501 769 1528 quos
783 1502 862 1528 supra
884 1503 1013 1521 memora-

1057 261 1215 294 ὲξουσίας,ὀ
1229 261 1275 288 καὶ
1293 262 1372 293 αὐτὸς
1385 262 1490 297 μυρίοις
1496 263 1551 294 τοῖς
1561 262 1621 289 κατ’
1629 262 1764 303 Α’ἴγυπτον
1772 264 1840 299 Χρι-

1058 307 1172 334 στιανῶν
1200 307 1454 343 ὲλλαμπρυνόμενος
1481 308 1609 343 αἴμασιν,
1637 307 1710 334 ἄλλοι
1737 316 1767 334 τε
1794 309 1842 335 ἐπὶ

1057 352 1161 384 τούτοις
1176 353 1227 379 οὐκ
1240 353 1333 386 ὀλίγοι,
1354 353 1388 379 δι’
1400 349 1438 380 ὧν
1454 353 1570 388 μάλιστα
1583 352 1617 379 τὰ
1629 353 1678 388 τῆς
1689 352 1843 388 Μαξιμινου

1058 398 1211 434 τυραννίδος
1230 398 1405 434 ἐκραταιοῦτὸ
1429 407 1458 426 τε
1482 399 1528 425 καὶ
1551 399 1658 435 ηῠξετο.
1686 398 1791 425 Ἐκάλει
1813 398 1842 425 δὲ

1058 444 1112 480 ἄρα
1134 445 1181 471 καὶ
1195 444 1338 472 Θεότεκνον
1358 445 1413 480 (85)
1429 445 1454 481 ,ἠ
1478 445 1551 480 δίκη,
1571 445 1695 480 οὐδαμῶς
1715 445 1749 471 τὰ
1771 445 1843 472 κατὰ

1058 491 1227 527 Χριστιανῶν
1251 490 1325 525 αὐτῷ
1349 490 1529 526 πεπραγμένα
1557 490 1625 526 λήθῃ
1649 490 1841 525 παραδιδοῦσα.

1065 537 1126 564 Ἐπὶ
1149 536 1197 572 μὲν
1218 536 1272 572 γὰρ
1297 535 1335 571 τῷ
1356 537 1416 562 κατ’
1441 536 1602 571 Ἅντιόχειαν
1623 530 1755 572 ἱδρυθέντι
1778 536 1842 572 παρ’

1059 582 1141 610 αὐτοῦ
1166 582 1252 617 ξοάνῳ
1274 582 1353 615 δόξας
1376 582 1529 618 εὐημερεῖν,
1552 583 1603 618 ἤδη
1625 583 1672 609 καὶ
1696 582 1843 618 ἡγεμονίας

1059 629 1159 664 ﬁgite-ro
1186 628 1260 664 παρὰ
1283 629 1445 664 Μαξιμίνου.
1471 629 1606 660 Λικίννιος
1629 629 1650 655 δ’
1669 628 1765 661 ἐπιϐὰς
1792 630 1843 664 τῆς

1066 674 1223 710 Ἀντιοχέων
1239 675 1357 708 πόλεως,
1374 675 1467 710 φωρᾶν
1485 684 1514 701 τε
1532 676 1635 710 γοήτων
1650 676 1841 711 ποιησάμενος,

1059 719 1122 751 τοὺς
1134 719 1181 746 τοῦ
1202 719 1350 754 νεοπαγοῦς
1372 719 1464 752 ξοάνου
1477 720 1616 755 προφήτας
1633 720 1679 746 καὶ
1695 721 1775 755 ἱερεῖς
1793 720 1843 755 βα-

1061 765 1151 797 σάνοις
1170 765 1296 801 ᾐκίζετο,
1316 765 1369 791 τίνι
1389 760 1459 800 λόγῳ
1481 765 1528 800 τὴν
1550 765 1656 800 ἀπάτην
1674 765 1842 801 καθυπεκρίέ

1060 820 1136 839 νοντο
1163 810 1370 846 πυνθανόμενος.
1401 812 1445 843 Ὠς
1470 805 1492 837 δ’
1512 810 1726 846 ἐπικρύπτεσθαι
1751 812 1843 844 αὐτοῖς

1061 857 1128 893 πρὸς
1152 857 1205 884 τῶν
1233 857 1355 892 βασάνων
1381 856 1617 891 συνελαυνομένοις
1644 856 1771 889 ἀδύνατον
1798 855 1841 892 ἦν,

1062 904 1170 939 ἐδήλουν
1182 904 1210 931 δὲ
1223 904 1253 931 τὺ
1267 905 1320 929 πᾶν
1334 904 1479 939 μυστήριον
1492 903 1599 937 ἀπάτην
1609 903 1750 938 τυγχάνειν
1762 903 1844 940 τέχνῃ

1061 951 1093 985 τῇ
1110 950 1254 976 Θεοτέκνου
1274 949 1516 985 μεμηχανημένην,
1540 950 1595 980 τοῖς
1614 950 1681 975 πᾶσι
1702 949 1750 984 τὴν
1766 949 1844 982 ἀξίαν

1062 995 1268 1031 ἐπιθεὶςδίκην,
1290 994 1395 1031 πρῶτον
1410 995 1489 1021 αὑτὸν
1505 994 1658 1026 Θεότεκνον,
1677 992 1734 1021 εἶτα.
1753 994 1781 1020 δὲ
1798 994 1844 1021 καὶ

1061 1042 1123 1073 τοὺς
1138 1041 1187 1076 τῆς
1202 1040 1328 1076 γοητείας
1350 1041 1510 1072 κοινωνοὺς,
1539 1040 1607 1075 μετὰ
1631 1040 1758 1071 πλείστας
1778 1041 1844 1072 ὅσας

1061 1087 1153 1119 αἰκίας
1170 1087 1275 1122 θανάτῳ
1291 1086 1465 1122 παραδίδωσι.
1485 1086 1595 1118 Τούτοις
1614 1086 1697 1113 ἅπασι
1720 1085 1845 1122 προσετίέ

1062 1133 1138 1160 θεντο
1151 1133 1198 1159 καὶ
1211 1133 1235 1159 οἰ
1247 1132 1400 1168 Μαξιμίνου
1420 1132 1513 1163 παῖδες
1533 1132 1578 1164 οὓς
1597 1132 1646 1168 ἤδη
1665 1133 1711 1159 καὶ
1729 1133 1778 1168 τῆς
1795 1132 1844 1167 βαέ

1062 1179 1167 1215 σιλικῆς
1182 1179 1278 1214 τιμῆς,
1300 1181 1349 1215 τῆς
1367 1188 1396 1206 τε
1411 1180 1440 1205 ὲν
1453 1179 1543 1211 πίναξι
1555 1180 1601 1206 καὶ
1617 1181 1734 1216 γραφαῖς
1747 1180 1844 1206 ἀναθέέ

1062 1235 1129 1258 σεως
1149 1225 1278 1260 πεποίητο
1298 1225 1440 1257 κοινωνούς
1451 1234 1457 1240 ·
1481 1226 1528 1252 καὶ⁷
1545 1226 1570 1251 οι
1593 1227 1732 1260 συγγενεῖς
1749 1225 1777 1252 δὲ
1795 1225 1842 1252 τοῦ

1060 1272 1189 1306 τυράννου
1201 1270 1231 1297 τὸ
1245 1271 1309 1306 πρὶν
1329 1270 1484 1305 αὐχοῦντες,
1504 1271 1550 1297 καὶ
1566 1270 1669 1302 πάντας
1685 1270 1843 1307 ἀνθρώπους

1062 1315 1302 1343 καταδυναστεύειν
1318 1315 1477 1352 ἐπηρμένοι,
1502 1315 1534 1342 τὰ
1549 1315 1619 1342 αὐτὰ
1639 1316 1694 1347 τοῖς
1712 1315 1843 1351 προδεδη-

1061 1361 1191 1396 λωμένοις
1213 1361 1280 1396 μετὰ
1301 1361 1350 1396 τῆς
1367 1361 1483 1397 ἐσχάτης
1498 1362 1608 1397 ἀτιμίας
1628 1361 1762 1396 ἔπασχον,
1781 1362 1844 1389 ἐπεὶ

1063 1407 1099 1441 μὴ
1113 1406 1235 1440 ἐδέξαντο
1249 1406 1370 1433 παιδείαν
1384 1407 1450 1441 (84),
1469 1407 1536 1442 μηδὲ
1556 1406 1676 1441 ἔγνωσαν
1691 1407 1758 1443 μηδὲ
1780 1415 1843 1434 συνέ

1060 1453 1129 1488 ἧκαν
1145 1452 1193 1488 τὴν
1210 1452 1366 1487 φάσκουσαν
1380 1453 1409 1479 ὲν
1423 1454 1505 1488 ἱεροῖς
1519 1452 1607 1486 λόγοις
1625 1453 1821 1489 παρακέλευσιν
1833 1456 1843 1469 ί

1064 1509 1072 1524 ι
1083 1500 1128 1534 Μὴ
1144 1499 1286 1525 πεποίθετε
1303 1500 1345 1525 ἐπ’
1360 1499 1506 1534 ἄρχοντας,
1523 1500 1569 1525 ἐπὶ
1590 1500 1663 1531 υἱοὺς
1682 1499 1842 1536 ἀνθρώπωνέ

234 1540 321 1565 vimus
334 1547 440 1567 summa
456 1548 518 1566 cum
532 1540 679 1574 ignominia
693 1541 811 1575 perpessi
827 1546 898 1567 sunt.
911 1541 1013 1575 Quippe

1061 1542 1101 1576 οἷς
1112 1545 1161 1571 οὐκ
1176 1544 1232 1571 ἐστι
1248 1545 1367 1580 σωτηρία
1379 1554 1385 1560 ·
1401 1545 1568 1577 ἐξελεύσεται
1583 1546 1612 1572 τὸ
1633 1546 1739 1581 πνεῦμα
1760 1546 1843 1573 αὐτοῦ

234 1585 279 1619 qui
294 1584 462 1620 disciplinam
483 1594 533 1612 non
553 1586 737 1619 areo-pissent;
755 1592 842 1620 neque
855 1587 1013 1613 admonitio-

234 1639 295 1659 nem
320 1631 392 1658 illam
420 1632 616 1659 intellexissent
642 1639 673 1658 ac
691 1633 875 1666 pcrcepissent
903 1640 962 1666 qua:
987 1633 1012 1659 in

233 1677 319 1704 sacris
335 1677 445 1704 Litteris
464 1678 503 1704 sic
520 1678 593 1704 edita
607 1682 649 1705 est
669 1687 676 1705 ι
696 1686 705 1702 ι
727 1677 815 1704 Nolite
826 1677 961 1705 conlidere
987 1677 1014 1704 in

234 1724 410 1758 principibus,
430 1723 455 1750 in
474 1724 536 1751 ﬁliis
549 1724 687 1751 hominum
700 1724 833 1759 inquibus
848 1732 901 1751 non
916 1729 957 1751 est
969 1731 1015 1751 sa-

232 1770 285 1797 lus.
304 1770 395 1798 Exibit
417 1770 532 1805 spiritus
556 1770 615 1805 ejus
629 1775 657 1797 et
684 1775 835 1798 revertetur
858 1770 884 1797 in
916 1776 1014 1797 terram

233 1826 308 1846 suam
326 1828 333 1846 :
350 1820 376 1846 in
402 1819 447 1845 illa
474 1819 518 1846 die
551 1819 678 1854 peribunt
712 1825 806 1846 omnes
837 1818 1016 1853 cogitationes

232 1871 325 1892 eorum
339 1863 372 1892 ".
388 1874 398 1890 ι
413 1864 459 1891 Sic
471 1864 551 1899 igitur
560 1864 634 1890 omni
647 1864 777 1891 malorum
790 1864 906 1891 colluvie
917 1871 1016 1898 expur-

232 1916 306 1944 gata,
326 1909 392 1938 solis
410 1909 588 1937 Constantino
600 1917 632 1936 ac
657 1909 762 1936 Licinio
783 1910 928 1943 imperium
944 1909 1016 1944 quod

233 1957 300 1991 ipsis
311 1956 491 1991 competebat,
505 1955 612 1983 lirmum
628 1956 745 1988 nullique
753 1955 896 1982 obnoxium
909 1955 1017 1982 invidia:

233 2002 375 2030 remansit.
387 2001 438 2035 Qui
456 2010 518 2029 eum
533 2001 727 2029 beneﬁciorum
755 2007 814 2035 quae
829 2009 844 2028 a
860 2001 915 2028 Deo
940 2008 1017 2027 accev

232 2054 328 2085 perant
342 2049 392 2077 sibi
411 2049 512 2077 conscii
536 2052 637 2080 essent,
662 2054 727 2075 ante
741 2048 829 2074 omnia
849 2048 986 2081 impietate
1001 2054 1017 2073 e

232 2095 324 2123 medio
347 2095 463 2128 sublata,
492 2096 611 2123 studium
642 2095 761 2124 virtutis,
784 2094 867 2121 divini
896 2093 1032 2120 numinis-

233 2145 352 2165 amorem
361 2143 388 2165 et
398 2138 535 2173 pietatem,
545 2141 705 2173 gratumque
713 2143 775 2173 erga
788 2132 871 2165 Deum
883 2138 1014 2172 animum,

233 2183 296 2210 latis
303 2191 351 2218 pro
358 2183 575 2210 Christianorum
583 2183 711 2219 religione
718 2183 822 2218 legibus
828 2182 1012 2211 declararunt.

316 2226 392 2254 Finis
415 2227 475 2254 libri
495 2229 556 2255 noni
571 2227 698 2256 Historia
712 2227 905 2256 εεείειὶαιιὶεωέ

263 2301 287 2319 ⁸⁸
303 2302 372 2329 Psal.
389 2310 482 2336 cum,
496 2302 559 2330 2-4.

1061 1591 1108 1616 καὶ
1129 1590 1292 1626 ἀποστρέψει
1317 1592 1356 1623 εἰς
1375 1591 1422 1626 τὴν
1447 1592 1498 1627 γῆν
1519 1592 1619 1618 αὑτοῦ·
1648 1594 1675 1618 ὲν
1695 1593 1786 1628 ἐκείνῃ
1808 1595 1843 1629 τῇ

1061 1636 1153 1673 ἡμέρᾳ
1169 1637 1329 1663 ἀπολοῦνται
1352 1638 1449 1669 πάντες
1474 1638 1498 1664 οἱ
1524 1638 1706 1674 διαλογισμοὶ..
1715 1639 1815 1666 αὐτῶν,
1831 1649 1840 1664 ι

1062 1681 1140 1707 υῦτω
1161 1681 1229 1716 δῆτα
1251 1682 1305 1709 τῶν
1327 1681 1462 1709 δυσσεϐῶν
1488 1682 1724 1717 ἐκκαθαρθέντων,
1753 1683 1844 1717 μόνοις

1062 1727 1226 1762 ἐφυλάττετο
1238 1728 1272 1755 τὰ
1283 1730 1332 1765 τῆς
1343 1729 1532 1764 προσηκούσης
1550 1729 1686 1764 βασιλείας
1701 1729 1795 1763 βέϐαια
1812 1738 1842 1755 τε

1062 1774 1108 1800 καὶ
1121 1775 1286 1809 ἀνεπίφθονα
1299 1795 1306 1806 ,
1325 1776 1521 1811 Κωνσταντίνῳ
1540 1777 1587 1802 καὶ
1599 1776 1741 1811 Λικιννίῳ·
1763 1775 1787 1802 οἳ
1812 1776 1843 1802 τὸ

1062 1820 1178 1857 πρόσθεν
1201 1821 1326 1848 ἁπάντων
1349 1822 1549 1858 ἐκκαθάραντες
1570 1821 1616 1848 τοῦ
1642 1822 1698 1857 βίου
1716 1822 1764 1857 τὴν
1784 1822 1844 1848 θεο-

1062 1866 1182 1902 εχθρίαν,
1198 1867 1252 1893 τῶν
1274 1868 1306 1894 ὲκ
1322 1868 1388 1894 Θεοῦ
1412 1868 1653 1904 πρυτανευθέντων
1669 1868 1778 1903 ἀγαθῶν
1792 1869 1843 1895 αὺέ

1062 1913 1118 1942 τοῖς
1141 1912 1298 1947 ᾐσθημένοι,
1322 1913 1352 1939 τὸ
1373 1913 1514 1948 φιλάρετον
1537 1913 1583 1940 καὶ
1604 1913 1743 1948 θεοφιλὲς,
1762 1914 1792 1940 τό
1812 1922 1843 1940 τε

1063 1958 1130 1993 πρὸς
1141 1958 1172 1984 τὸ
1183 1959 1258 1985 Θεῖον
1275 1959 1383 1991 εὐσεϐὲς
1400 1960 1448 1986 καὶ
1469 1959 1627 1995 εὐχάριστον
1646 1960 1689 1987 διὰ
1710 1960 1758 1996 τῆς
1773 1960 1846 1996 ὑπὲρ

1062 2005 1230 2040 Χριστιανῶν
1243 2005 1406 2039 ἐνεδείξαντο
1419 2006 1588 2042 νομοθεσίας.

1095 2218 1183 2251 Τέλος
1205 2217 1259 2244 τοῦ
1286 2217 1311 2245 θ’
1337 2216 1522 2286 λόγὶοέτοέἆ
1546 2214 1815 2250 Ἐκκλησιαστικῆς

227 2381 325 2422 quibus
352 2380 440 2422 colligi
459 2386 558 2416 potest,
583 2381 756 2422 Maximinum
769 2382 885 2422 circiter_
897 2381 1005 2422 biennio
1021 2380 1043 2410 Β
1058 2384 1108 2408 nu's
1120 2381 1392 2422 tamenguimianum
1403 2380 1494 2406 vertit.
1507 2380 1581 2422 Apud
1590 2378 1769 2422 Nicephorum
1780 2377 1845 2418 Aen:

226 2417 376 2451 Angustum
401 2417 495 2449 fuisse,
522 2425 583 2443 etim
597 2417 652 2451 jam
673 2423 752 2444 antea
764 2425 798 2443 vn
824 2417 902 2443 anuis
917 2417 1007 2444 Caesar

227 2450 339 2483 fuisset;
361 2455 389 2478 et
402 2453 434 2479 ad
449 2460 548 2478 annum
562 2452 660 2479 Christi
674 2452 725 2479 5l5
745 2453 907 2485 pervenisse.
930 2451 1007 2484 Quod

226 2486 309 2512 etiam
323 2494 355 2513 ex
368 2487 488 2520 epistolis
498 2488 616 2521 ejusdem
629 2487 881 2514 demonstravimus.
894 2487 1011 2514 Proinde

227 2521 319 2554 miror,
346 2522 417 2549 unde
438 2523 464 2549 in
489 2522 595 2549 Eusebii
615 2522 762 2549 Chronicon
785 2523 925 2556 irrepset'it
944 2524 1011 2548 adeo

226 2556 317 2589 gravis
331 2564 422 2590 error,
440 2562 468 2583 Ill
479 2556 551 2584 mor‘s
561 2557 700 2584 Maximini
712 2563 775 2584 ante
792 2559 890 2584 cwdem
906 2556 1011 2582 Maxen-

227 2591 262 2627 tii
274 2591 415 2618 referatur.
441 2592 516 2624 Quod
534 2594 643 2627 quidem
666 2592 821 2627 Hieronymi
839 2592 917 2627 culpa
935 2599 1009 2627 com-

227 2626 341 2662 missunt
364 2627 479 2660 videtur,
503 2626 601 2662 quippe
633 2629 679 2662 qui
708 2626 860 2655 Eusebiano
876 2626 1008 2653 Chronico

226 2660 311 2686 multa
326 2660 358 2687 de
370 2669 418 2688 suo
436 2660 549 2689 addidit.

262 2694 317 2731 (Si)
332 2697 528 2730 Κουλκιανός.
544 2697 644 2724 Fuerat
669 2697 712 2724 hic
726 2704 824 2732 praeses
852 2696 1008 2732 Thebaidis,

227 2734 256 2769 ut
274 2735 389 2769 testatur
406 2732 570 2769 Epiphanius
582 2733 610 2769 in
627 2730 857 2769 haeresi‘68._qua_:
871 2735 913 2769 est
929 2730 1011 2757 Mele-

227 2765 370 2802 tianurum,
384 2767 425 2802 llis
446 2765 534 2793 verbis
555 2775 561 2792 :
582 2767 746 2799 Κουλκιανὺς
769 2767 818 2802 μὲν
842 2765 875 2802 ἦν
892 2766 1010 2802 ἔπαρχος

226 2799 275 2834 τῆς
300 2800 446 2835 Θηϐαΐδος·
473 2801 674 2837 Ἀλεξανδρείας
703 2803 731 2829 δὲ
757 2799 900 2837 Ἱεροκλῆς.
917 2799 1012 2837 Scribe

228 2841 287 2861 meo
303 2836 421 2869 periculo
437 2835 648 2868 Κουλκιανόςέχ
664 2838 715 2866 hoc
730 2835 837 2865 Eusebii
853 2835 921 2865 loco.
937 2835 1012 2863 Rufi-

1060 2417 1154 2449 κιανὸς
1165 2417 1302 2447 scribitur,
1316 2422 1459 2450 utrumque
1471 2416 1608 2443 mendose.
1619 2414 1761 2450 Cnlciauus
1771 2414 1843 2439 enim

1060 2448 1203 2479 dicebatur
1223 2453 1266 2479 hic
1288 2459 1398 2485 praeses,
1417 2448 1450 2476 ἰιι
1474 2456 1570 2483 praeter
1586 2449 1730 2476 Eusebium
1745 2448 1845 2475 docent

1058 2487 1274 2523 Actapassionis
1289 2485 1559 2523 Philezemartyris;
1714 2518 1733 2523 _
1786 2517 1811 2523 Η

1094 2517 1163 2556 (85)
1180 2522 1352 2549 Θεότεκνονε
1378 2521 1419 2556 De
1447 2517 1497 2556 hoc
1529 2517 1846 2556 Theotecn_0_Et_isel_iius

1057 2551 1137 2591 supra
1152 2558 1177 2584 in
1193 2559 1244 2584 hoc
1260 2558 1339 2583 libro.
1364 2555 1440 2582 Hunc
1461 2554 1642 2582 Tlteotecnu’m
1657 2553 1766 2591 Galerio
1787 2551 1845 2578 Ma-

1057 2589 1177 2619 ximiano
1206 2593 1374 2627 persuasisse
1407 2596 1435 2617 ut
1465 2591 1678 2627 persecutionem
1702 2589 1846 2627 ἐπίτεξ-ξμς

1058 2622 1228 2654 Cliristianos
1243 2628 1405 2659 institueret,
1421 2622 1515 2652 scribit
1530 2625 1678 2661 Cedreuits,
1702 2622 1846 2661 Sed__falli-

1059 2667 1114 2694 tur,
1129 2663 1191 2689 dum
1203 2662 1339 2689 Galerium
1353 2657 1544 2697 llla‘xiiuiauum
1565 2667 1613 2694 pro
1628 2659 1736 2686 Galerio
1759 2657 1846 2697 lilaxi-

1059 2697 1133 2759 anno
1146 2698 1266 2730 accepit,
1285 2697 1331 2732 qui
1353 2696 1482 2723 solemnis
1498 2700 1540 2721 est
1559 2702 1637 2722 error
1662 2696 1845 2720 recentiorum

1086 2739 1230 2758 rzecorum.

1086 2739 1230 2758 NBCOI'UIII.

1095 2766 1150 2802 (84)
1176 2766 1224 2801 Μὴ
1250 2762 1549 2802 ἐδέξαντοντΐαιόείαῂ.
1575 2762 1689 2802 Locutio
1704 2767 1847 2802 est‘saftrzp

1061 2796 1223 2836 Scriptum:
1235 2801 1281 2827 Sic
1295 2796 1320 2827 in
1341 2801 1443 2836 psalmo
1456 2807 1500 2836 Il“:
1522 2799 1712 2836 Appr_eltendite
1730 2796 1846 2836 discipléé

1061 2833 1134 2870 nam,-
1146 2842 1172 2863 et
1187 2833 1375 2863 innumerisiu
1389 2835 1455 2862 locis
1471 2834 1576 2862 Veteris
1586 2833 1771 2861 lnstrumeuti.
