2013 3179
166 122 219 152 849

672 124 843 154 HISTORIA
863 126 1141 154 ECCLESIASTICIE
1162 127 1224 155 LIB.
1243 127 1275 155 Χ.

1725 126 1776 152 850

172 180 403 222 Ῠ-ῌαιίηγιψριὸς
412 182 506 222 ἐπίζῇ
518 184 576 222 τῶκ
600 186 770 219 ἑκκλησιων
795 186 945 220 οἰκοδομῇ,

997 186 1016 222 1-
1039 186 1314 222 Oraliorpanegyrica
1342 187 1373 212 de
1400 184 1581 222 adi/italicae
1596 182 1777 215 ecclesiarum,

183 218 325 248 Παυλίνῳ
341 219 450 252 Τυριων
464 219 618 254 ἑπισκόπῳ
631 218 929 256 προσπερωνημένὸςζ

200 260 235 288 Ὦ
256 263 328 297 φίλοι
346 263 413 290 Θεοῦ
437 266 482 291 καὶ
509 267 599 301 ἱερεῖς,
622 268 645 293 οἱ
662 267 706 294 τὸν
729 267 804 301 ἅγιον
829 268 944 303 ποδήρη,

164 309 210 336 καὶ
228 307 273 335 τδν
292 309 415 344 οὐράνιον
430 311 479 345 τῆς
495 310 573 346 δόξης
593 312 733 346 στέφανον,
753 312 782 338 τό
796 321 826 339 τε
843 314 946 348 χρῖσμα

163 352 192 377 τὸ
213 351 314 384 ἔνθεον,
335 354 381 380 καὶ
398 354 446 390 τὴν
467 355 605 391 ἱερατικὴν
625 357 671 383 τοῦ
694 357 772 391 ἁγίου
789 357 945 393 Πνεύματος

164 399 258 434 στολὴν
285 400 525 436 περιϐεϐλημένοι,
548 402 578 428 σύ
608 411 648 435 τε,
671 400 693 430 ὦ
716 403 775 431 νέου
795 404 872 438 ἁγίου
893 404 945 431 νεὼ

163 443 230 470 Θεοῦ
248 445 446 482 σεμνολόγημα,
460 449 564 483 γεραρᾷ
585 449 632 483 μὲν
648 450 774 485 φρονήσει
790 449 864 485 παρὰ
877 449 943 476 Θεοῦ

163 491 341 526 τετιμημένε,
359 493 420 524 νέοις
438 493 467 520 δὲ
488 495 534 520 καὶ
556 495 731 531 ἀκμαζούσης
753 496 851 531 ἀρετῆς
877 495 944 532 ἔργα

164 537 296 573 πολυτελῆ
309 538 356 565 καὶ
369 539 481 573 πράξεις
501 540 711 576 ἐπιδεδειγμὲνε,
729 538 750 575 ᾧ
768 542 812 568 τὸν
833 542 879 568 ἐπὶ
893 541 944 576 γῆς

163 580 235 610 οἷκον
252 582 332 615 αὐτὸς
351 584 365 609 ὁ
383 584 428 610 τὸν
451 584 596 619 σύμπαντα
613 586 714 621 κόσμον
731 588 864 622 περιέχων
879 587 944 618 Θεὸς

162 626 304 662 δείμασθαι
324 627 371 653 καὶ
391 628 519 655 ἁνανεοῦν
540 629 649 664 Χριστῷ
671 630 710 665 τῷ
733 631 870 666 μονογενεῐ
898 631 945 657 καὶ

162 674 329 708 πρωτογενεϊ
347 673 428 700 αὐτοῦ
444 674 531 709 Λόγῳ,
549 676 581 710 τῇ
603 684 631 701 τε
655 676 719 711 ἁγίᾳ
734 676 780 702 καὶ
801 676 946 712 θεοπρεπεῖ

161 718 256 744 τούτου
270 718 372 755 νύμφῃ,
391 719 475 754 γέρας
488 719 623 756 ἐξαίρετον
635 720 783 756 δεδώρηται
799 721 853 756 (95)
865 730 872 737 '
888 721 942 748 εἴτε

161 773 204 796 τις
216 765 273 792 νέον
287 774 316 791 σε
331 765 474 801 Βεσελεὴλ,
489 766 562 798 θείας
579 767 755 802 ἀρχιτέκτονα
770 768 872 803 σκηνῆς
884 768 943 795 ὲ,θέ-

161 809 201 836 λοι
216 810 317 841 καλεῖν,
332 810 385 836 εἴτε
397 810 549 845 Σολομῶνα.
570 812 664 847 καινῆς
685 812 731 838 καὶ
744 812 809 839 πολὺ
824 813 942 848 κρείττο-

161 863 206 886 νος
228 855 403 891 Ἰερουσαλὴμ
420 856 547 891 βασιλέα,
566 858 619 883 εἴτε
636 858 682 884 καὶ
698 857 757 884 νέον
780 858 941 893 Ζοροϐάϐελ,
961 873 980 899 Β

161 901 210 936 τὴν
226 900 292 928 πολὺ
309 902 448 937 κρείττονα
464 901 542 934 δόξαν
560 903 609 937 τῆς
625 903 758 939 προτέρας
774 903 813 939 τῷ
831 903 883 938 νεῷ
896 904 942 930 τοῦ

160 946 228 973 Θεοῦ
242 947 414 983 περιτιθέντα
426 957 431 963 ·
449 948 516 975 ἀλλὰ
530 949 576 975 κοι¹ι
590 949 678 984 ὑμεῖς,
693 946 715 975 ὦ
729 949 778 984 τῆς
790 950 864 985 ἱερᾶς
879 950 944 984 ἀγέ-

160 992 209 1028 λης
220 993 336 1028 Χριστοῦ
353 988 507 1030 θρέμματα,
518 995 602 1029 λόγων
618 996 726 1029 ἀγαθῶν
738 996 822 1028 ἑστία,
840 1005 944 1033 σωφρορ

162 1037 246 1072 σύνης
276 1039 476 1075 παιδευτήριον,
509 1041 555 1067 καὶ
590 1041 744 1074 θεοσεϐείας
773 1042 869 1079 σεμνὸν
897 1041 943 1068 καὶ

160 1083 284 1116 θεοσεϐὲς
297 1085 475 1122 ἀκροατήριον
497 1087 550 1123 (96)
562 1096 568 1102 ·
587 1088 669 1114 πάλαι
690 1089 739 1123 μὲν
756 1090 820 1125 ἡμῖν
835 1089 883 1120 τὰς
897 1097 944 1115 πα-

161 1132 293 1172 ραδόξουςί
303 1132 475 1169 θεοσημείας,
492 1134 538 1160 καὶ
554 1134 607 1160 τῶν
622 1134 667 1160 τοῦ
683 1134 784 1170 Κυρίου
799 1134 943 1170 θαυμάτων

161 1177 210 1209 τὰς
229 1178 269 1209 εἰς
291 1178 449 1214 ἀνθρώπους
473 1179 640 1215 εὐεργεσίας,
660 1180 703 1207 διὰ
724 1180 802 1206 θείων
820 1181 941 1215 ἀναγνω-

162 1223 272 1258 σμάτων
296 1225 363 1259 ἀκοῇ
380 1225 618 1260 παραδεχομένοις,
636 1225 736 1260 ὕμνους
756 1227 795 1257 εἰς
810 1225 875 1252 Θεδν
898 1227 944 1252 καὶ

161 1269 231 1304 ᾠδὰς
250 1270 420 1305 ἀναπέμπειν
440 1271 513 1306 ἐξῆν,
528 1271 616 1305 λέγειν
637 1272 837 1307 παιδευομένοις
850 1280 856 1287 ·
881 1281 890 1298 ι
914 1272 943 1298 Ὀ

162 1316 238 1347 Θεὸς,
253 1317 281 1343 ἐν
305 1317 360 1348 τοῖς
384 1316 450 1343 ὠσὶν
475 1317 552 1352 ἡμῶν
578 1317 749 1353 ἠκούσαμεν
777 1319 801 1344 oi.
826 1317 943 1354 πατέρες

162 1362 240 1397 ἡμῶν
267 1362 429 1397 ἁνήγγειλαν
451 1364 515 1399 ἡμῖν
543 1363 623 1399 ἔργον
646 1364 659 1390 ὃ
680 1364 800 1399 εἰργάσω
831 1364 860 1391 ἐν
884 1365 942 1395 ταῖς

163 1407 279 1442 ἡμέραις
290 1408 387 1440 αὐτῶν,
408 1410 435 1435 ὲν
451 1410 566 1444 ἡμέραις
579 1410 712 1445 ἀρχαίαις.
730 1419 739 1435 ι
762 1409 840 1435 Ἀλλὰ
853 1409 899 1435 νῦν
911 1418 942 1443 γε

162 1453 249 1479 οὐκέτ’
270 1453 365 1486 ἀκοαῖς
389 1455 448 1481 οὐδὲ
465 1455 549 1489 λόγων
571 1456 673 1491 φήμαις
692 1455 737 1482 τὸν
755 1455 881 1491 βραγίονα
898 1455 943 1481 τὸν

163 1498 274 1534 ὑψηλὸν,
290 1500 339 1534 τήν
354 1509 383 1526 τε
402 1501 525 1536 οὐράνιον
541 1501 628 1534 δεξιὰν
655 1500 700 1527 τοῦ
724 1499 878 1534 παναγόιθου
896 1500 942 1526 καὶ

164 1544 357 1579 παμϐασιλὲως
374 1546 453 1581 ἡμῶν
476 1546 543 1573 Θεοῦ
566 1546 833 1581 παραλαμϐάνουσιν,
854 1545 944 1580 ἔργοις
957 1543 978 1571 C

162 1587 195 1620 δ’,
217 1590 254 1620 ὼς
270 1590 334 1622 ἔπος
351 1592 446 1623 εἰπεῖν,
465 1592 511 1618 καὶ
530 1592 619 1623 αὐτοῖς
639 1591 787 1626 ὀφθαλμοῖς
806 1591 839 1617 τὰ
860 1591 943 1617 πάλαι

165 1635 258 1671 μνήμῃ
272 1636 474 1672 παραδεδομένα
487 1638 568 1664 πιστὰ
578 1638 624 1664 καὶ
636 1637 721 1673 ἀληθῆ
732 1637 941 1673 καθορωμένοις,

163 1679 288 1715 δεύτερον
321 1681 404 1716 ὕμνον
438 1683 570 1709 ἐπινίκιον
600 1682 730 1718 πάρεστιν
765 1682 941 1717 ἀναμέλπειν,

163 1727 285 1763 ἐναργῶς
298 1737 327 1754 τε
342 1729 490 1763 ἀναφωνεῖν
504 1729 550 1755 καὶ
569 1728 672 1763 λέγειν·
691 1738 700 1754 ι
718 1728 851 1763 Καθάπερ
861 1727 943 1762 ἡκού-

165 1781 260 1808 σαμεν,
275 1774 359 1805 οὕτως
379 1775 425 1801 καὶ
441 1775 555 1809 εἴδομεν,
575 1775 604 1801 ἐν
620 1774 691 1801 πόλει
708 1774 809 1809 Κυρίου
829 1773 882 1800 τῶν
899 1773 944 1798 δυ-

163 1819 280 1853 νάμεων,
295 1821 323 1846 ἐν
346 1820 419 1847 πόλει
439 1820 485 1847 τοῦ
504 1820 570 1847 Θεοῦ
584 1820 671 1855 ἡμῶν,
696 1829 705 1846 ›
724 1820 792 1855 Ποία
809 1819 837 1846 δὲ
858 1818 943 1851 πόλει,

164 1865 180 1901 ἢ
197 1866 260 1901 τῇδε
274 1867 306 1901 τῇ
327 1868 456 1900 νεοπαγεῖ
470 1867 516 1893 καὶ
530 1866 694 1901 θεοτεύκτῳ;
711 1866 771 1901 ἥτις
786 1866 859 1892 ἐστὶν
885 1865 944 1891 Ἐκ-

164 1912 262 1946 κλησία
277 1911 342 1938 Θεοῦ
357 1912 456 1945 ζῶντος
466 1933 472 1944 ,
489 1912 582 1944 στύλος
600 1913 647 1939 καὶ
660 1912 799 1947 ἑδραίωμα
813 1912 863 1946 τῆς
877 1911 943 1946 ἀλη-

164 1958 250 1990 θείας·
264 1959 326 1994 περὶ
337 1957 370 1994 ἧς
386 1959 432 1985 καὶ
445 1958 507 1986 ἄλλο
520 1968 546 1985 τι
560 1959 629 1985 θεῖον
637 1958 725 1992 λόγιον
737 1955 788 1984 ὧδέ
799 1967 856 1990 πως
864 1958 944 1992 εὐαγ-

164 2004 313 2039 γελίζεται·
336 2014 345 2030 l
363 2004 547 2039 Δεδοξασμένα.
561 2003 676 2039 ἐλαλήθη
689 2004 751 2040 περὶ
769 2003 825 2035 σοῦ,
838 2003 854 2038 ὴ
869 2003 944 2035 πόλις

162 2049 209 2076 τοῦ
228 2049 309 2076 Θεοῦ·
333 2059 342 2076 ι
363 2051 404 2085 ἐφ’
424 2050 456 2085 ἣν
475 2050 520 2076 τοῦ
544 2049 699 2083 παναγάθου
714 2049 944 2085 συγκροτήσαντος

163 2097 236 2131 ἡμᾶς
254 2095 320 2122 Θεοῦ
336 2096 379 2122 διὰ
395 2095 444 2130 τῆς
458 2095 504 2121 τοῦ
530 2094 697 2129 Μονογενοῦς
719 2094 801 2121 αὑτοῦ
824 2094 943 2129 χάριτος,

161 2141 216 2168 τῶν
254 2142 481 2176 ἁνακεκλημένων
512 2141 625 2172 ἕκαστος
656 2140 771 2176 ὑμνείτω
806 2141 945 2175 μονονουχὶ

164 2186 231 2221 βοῶν
239 2187 292 2238 ’καὶ
302 2187 398 2221 λέγων·
418 2197 426 2212 t
446 2187 606 2222 Εὗφράνθην
620 2187 665 2213 ἐπὶ
677 2187 733 2218 τοῖς
747 2186 870 2222 είρηκόσι
888 2195 943 2221 μοι,
961 2211 981 2238 D

163 2233 202 2264 εἰς
225 2230 298 2259 οἷκον
320 2233 422 2268 Κυρίου
449 2232 646 2268 πορευσόμεθα.
674 2242 683 2258 ι
708 2232 779 2259 Καί·
807 2241 817 2258 ‹
845 2232 941 2268 Κύριε,

163 2278 292 2313 ἠγάπησα
312 2279 476 2314 εὐπρέπειαν
492 2279 566 2304 οἴκου
591 2287 648 2311 σου,
666 2279 712 2305 καὶ
733 2278 813 2305 τόπον
840 2278 943 2313 σκηνὼ-

164 2332 248 2358 ματος
260 2324 337 2360 δόξης
353 2333 409 2352 σου.
433 2334 442 2350 ›
459 2325 514 2352 Καὶ
536 2324 572 2360 μὴ
595 2324 673 2360 μόνον
693 2333 724 2359 γε
738 2327 752 2352 ὁ
767 2324 858 2357 καθεῖς
876 2324 941 2361 (97),

197 2397 220 2414 "
232 2397 301 2424 Psal.
321 2406 396 2431 xttn,
411 2398 439 2425 2.
472 2397 493 2414 "
508 2397 577 2424 Psal.
593 2405 675 2429 XLVII,
693 2397 719 2424 9.
753 2397 775 2413 “
786 2396 854 2424 Psal.
868 2404 976 2430 Lxxxu,

163 2477 196 2503 ad
223 2476 455 2504 immortalitatem
484 2484 535 2502 una
557 2483 616 2502 cum
642 2483 673 2502 eo
698 2475 879 2502 excitarentur
911 2483 943 2502 ex

164 2517 259 2538 morte.
281 2521 290 2536 ι
306 2511 458 2539 Ferrandus
472 2512 601 2537 diaconus
614 2512 642 2536 in
655 2511 769 2545 epistola
785 2511 817 2537 ad
832 2510 945 2545 Fulgen-

163 2547 230 2573 tium
266 2547 302 2573 De
328 2547 455 2580 baptismo
480 2545 612 2579 ΑῖιΙιίομὶε
639 2552 648 2571 :
680 2555 688 2570 ι
713 2545 783 2572 Hora
816 2550 942 2578 exoptata

163 2582 268 2608 cunctis
296 2582 451 2612 advenerat.
471 2581 497 2608 in
522 2586 574 2614 qua
602 2580 715 2614 populus
741 2580 942 2614 acquisitionis,

165 2616 335 2650 Redemptori
356 2624 404 2643 suo
425 2624 472 2650 per
487 2616 647 2650 baptismum
658 2617 840 2649 consepultus,
859 2616 941 2641 vitam

164 2657 282 2691 veterem
309 2656 419 2685 poneret
452 2655 479 2677 et
501 2658 596 2677 novam
624 2650 831 2677 resurrectionis
859 2650 939 2677 ﬁdem

164 2692 308 2713 lllllOHIlllS
322 2691 482 2712 assumeret.
501 2694 510 2711 )

201 2721 255 2754 (95)
267 2721 362 2755 Γέρας
375 2721 525 2754 ἐξαίρετον
535 2720 702 2754 δεδώρηται.
717 2719 939 2754 Chrislophorso-

164 2764 215 2782 nus
232 2757 287 2783 haec
303 2758 383 2782 verba
411 2757 446 2782 ita
462 2756 575 2789 accepit.
593 2757 669 2789 quasi
691 2763 786 2782 sensus
807 2756 842 2782 sit
856 2755 940 2781 aedem

165 2791 239 2818 illam
256 2798 270 2817 a
286 2790 397 2817 Paulino
409 2790 571 2825 fabricatam
586 2798 645 2817 esse
659 2790 740 2825 γέρας
755 2789 891 2825 ἐξαίρετον
904 2789 941 2824 τῷ

163 2826 275 2864 Χριστῷ
281 2826 327 2853 καὶ
340 2826 375 2862 τῇ
388 2824 543 2860 Ἐκκλησίᾳ.
554 2825 607 2856 Ego
614 2833 676 2853 vero
688 2824 768 2853 alium
784 2824 876 2853 horum
885 2833 943 2852 rer-

1139 219 1253 249 Pautino
1270 221 1408 256 Tyriorum
1421 220 1538 254 episcopo
1555 219 1636 244 dicta.

1031 267 1116 295 Amici
1133 271 1161 294 et
1176 267 1332 294 sacerdotes
1349 265 1407 297 Dei,
1430 265 1476 299 qui
1497 272 1572 291 sacra
1587 262 1677 291 tunica
1695 262 1775 289 talari

996 313 1094 343 induti.
1121 318 1147 339 et
1176 311 1278 339 cmlcsti
1293 311 1386 346 gloria:
1405 318 1506 337 corona
1525 309 1656 342 decorati,
1670 308 1775 335 divina-

995 366 1048 392 qtte
1063 358 1191 384 unctione
1200 355 1323 388 delibuti,
1340 361 1366 383 et
1379 355 1542 382 sacerdotali
1558 355 1643 382 sancti
1658 353 1774 388 Spiritus

995 408 1070 431 veste
1084 403 1175 431 amicti
1195 403 1279 436 estis;
1292 409 1373 436 tuque
1388 410 1404 429 ο
1416 402 1477 429 novi
1493 410 1524 429 ac
1544 402 1628 428 sancti
1641 400 1687 428 Dei
1705 405 1773 427 tem-

997 449 1031 483 pli
1053 449 1135 476 decus
1150 449 1278 475 eximium
1293 469 1301 481 ,
1317 449 1361 482 qui
1379 448 1456 474 senili
1480 447 1586 482 quidem
1608 446 1747 481 prudentia
1759 454 1772 472 a

997 496 1051 523 Duo
1065 496 1207 523 decoratus
1221 503 1260 527 es,
1274 495 1400 530 juvenilis
1417 500 1506 522 autem
1533 502 1563 521 ac
1579 495 1673 521 vivida:
1689 494 1774 521 virtu-

997 543 1030 569 tis
1046 542 1174 576 praeclara
1192 541 1315 569 facinora
1330 540 1455 571 edidisti;
1477 540 1519 566 cui
1540 541 1597 574 ipse
1620 540 1774 567 universum

996 589 1123 616 mundum
1148 589 1289 615 continens
1321 587 1402 619 Deus,
1422 588 1490 613 hanc
1514 587 1540 613 iu
1561 587 1642 614 terris
1668 587 1775 613 domum

994 634 1103 661 Christo
1120 634 1199 660 unico
1223 641 1256 661 ac
1286 633 1466 667 primogenito
1482 639 1532 658 suo
1550 631 1646 662 Verbo,
1667 637 1777 659 sancta:-

994 687 1046 715 que
1057 686 1089 706 ac
1101 678 1199 706 divina:
1209 678 1269 712 ejus
1285 684 1390 712 sponsa:
1405 681 1563 703 construere
1586 684 1618 704 ac
1634 684 1774 711 renovare,

994 725 1092 751 exituia
1120 724 1235 759 quadam
1263 722 1442 758 praerogativa
1460 722 1615 755 concessit;
1634 721 1715 757 372
1729 729 1776 749 seu

995 771 1058 806 quis
1085 775 1112 798 te
1136 777 1233 797 novum
1257 768 1420 796 Beseleelem
1444 768 1527 795 divini
1544 768 1720 796 architectum
1737 773 1778 794 ta-

996 817 1134 845 bernaculi
1152 822 1251 843 vocare
1273 814 1407 846 voluerit;
1424 821 1472 841 seu
1501 813 1684 846 Salumonem,
1701 821 1777 841 novae

994 871 1026 890 ac
1042 862 1126 890 multo
1140 861 1338 897 praestantioris
1360 859 1509 887 Jerusalem
1545 867 1653 894 regem:
1667 867 1714 886 seu
1734 859 1777 887 de-

994 910 1077 944 nique
1101 916 1199 935 novum
1226 906 1394 939 Zorobahel;
1414 906 1512 941 quippe
1535 905 1581 940 qui
1613 905 1714 939 templo
1729 904 1776 932 Dei

994 956 1074 990 longe
1100 954 1233 989 majorem
1248 961 1328 989 quam
1347 958 1426 981 antea
1444 953 1616 986 splendorem
1632 952 1774 986 adjeceris.

995 1001 1047 1028 Vos
1065 1007 1171 1036 quoque
1196 1008 1212 1027 ο
1234 1007 1297 1035 grex
1323 999 1423 1027 Christi
1439 1006 1526 1030 sacer,
1540 998 1705 1032 optimorqu
1719 1006 1777 1026 ser-

995 1053 1103 1073 monum
1120 1045 1296 1077 domicilium,
1313 1044 1452 1071 modestia:
1466 1043 1570 1076 schola,
1590 1051 1672 1078 grave
1684 1051 1716 1071 ac
1730 1051 1775 1070 re-

995 1093 1118 1127 ligiosum
1145 1092 1256 1127 pietatis
1284 1090 1466 1123 auditorium;
1483 1090 1639 1125 jamdudum
1666 1090 1774 1124 quidem

995 1147 1043 1166 nos
1060 1138 1104 1173 qui
1120 1137 1250 1172 stupenda
1275 1137 1320 1164 Dei
1332 1136 1464 1171 prodigia,
1477 1140 1504 1163 et
1519 1136 1704 1163 admirabilem
1722 1135 1775 1162 Do-

994 1185 1058 1212 mini
1071 1192 1134 1219 erga
1150 1184 1274 1211 homines
1297 1182 1500 1210 beneficentiam
1521 1189 1554 1208 ex
1573 1181 1672 1208 divinis
1691 1188 1776 1208 sacrm

994 1231 1141 1264 Scriptura:
1154 1229 1316 1256 lectionibus
1330 1228 1485 1262 frequenter
1497 1227 1683 1260 audiebamus,
1697 1227 1775 1262 hym-

994 1285 1042 1304 nos
1057 1281 1084 1304 et
1099 1276 1205 1303 cantica
1225 1275 1251 1302 in
1270 1275 1316 1302 Dei
1334 1274 1439 1301 Iaudem
1457 1273 1601 1300 conciuere
1616 1272 1791 1314 assuefactih

994 1323 1035 1350 his
1048 1323 1137 1350 verbis
1161 1322 1200 1349 uti
1225 1326 1406 1356 poteramus:
1428 1319 1647 1350 tDeus,auribt:s
1670 1318 1774 1345 nostris

993 1368 1167 1396 audivimus:
1187 1372 1277 1402 patres
1316 1366 1400 1393 nostri
1431 1365 1662 1391 annuntiaveruut
1696 1365 1775 1391 nobis

993 1421 1060 1448 opus
1076 1413 1147 1447 qttod
1163 1416 1292 1446 operatus
1308 1417 1337 1437 es
1359 1410 1386 1437 in
1401 1409 1498 1436 diebus
1515 1417 1620 1441 eorum,
1635 1409 1664 1436 in
1679 1409 1774 1436 diebus

993 1460 1111 1493 antiquis
1121 1459 1155 1486 ".
1168 1468 1178 1484 ι
1195 1458 1270 1485 Nunc
1286 1464 1350 1484 vero
1365 1463 1425 1484 cutn
1446 1463 1498 1482 non
1527 1455 1619 1489 auditu
1639 1455 1706 1486 solo,
1726 1461 1775 1483 nec

997 1506 1085 1533 verbis
1102 1512 1133 1531 ac
1149 1500 1221 1530 fama
1232 1505 1321 1534 tenus,
1339 1502 1384 1528 Dei
1398 1501 1492 1536 optimi
1515 1500 1624 1528 maximi
1644 1501 1713 1534 regis
1727 1509 1774 1526 uo-

995 1549 1043 1576 5tri
1067 1549 1208 1576 braehiutn
1221 1547 1357 1574 excelsum
1371 1552 1397 1573 et
1415 1545 1552 1573 ccelestem
1569 1546 1693 1573 dextram
1709 1553 1773 1580 per-

994 1595 1139 1629 cipiamus;
1156 1594 1204 1621 sed
1218 1593 1305 1627 reipsa
1324 1593 1489 1626 nostrisque,
1507 1597 1536 1619 ut
1556 1591 1593 1619 ita
1605 1592 1774 1625 dicam,ocu-

994 1641 1037 1672 lis.
1056 1647 1150 1667 eorum
1168 1647 1228 1675 qua:
1249 1639 1314 1667 olim
1330 1639 1439 1673 scriptis
1449 1638 1554 1673 prodita
1569 1642 1634 1665 sunt
1647 1638 1726 1664 [idem
1741 1644 1773 1663 ac

994 1686 1133 1712 veritatem
1159 1691 1314 1716 cernamus,
1341 1683 1455 1711 alterum
1478 1683 1555 1711 nobis
1582 1682 1775 1717 triumphalem

995 1733 1123 1767 hymnum
1139 1738 1237 1758 canere
1252 1735 1333 1765 atque
1349 1731 1375 1757 in
1396 1731 1453 1757 haec
1475 1731 1555 1758 verba
1572 1730 1672 1757 diserte
1683 1729 1775 1757 excla-

994 1786 1068 1806 mare
1081 1779 1144 1805 licet
1159 1787 1165 1805 :
1182 1788 1191 1804 t
1206 1778 1283 1805 Sicut
1298 1777 1500 1813 audivimus,sic
1510 1781 1537 1804 et
1549 1777 1677 1809 vidimus,
1693 1776 1719 1802 in
1732 1776 1773 1803 ci-

994 1825 1075 1852 ritate
1092 1824 1196 1851 Domini
1213 1824 1359 1857 virtutum,
1381 1824 1407 1851 in
1426 1823 1536 1850 civitate
1560 1823 1606 1850 Dei
1625 1821 1749 1849 nostri“.
1762 1830 1772 1847 ι

994 1870 1122 1903 Quaenam
1134 1876 1199 1896 vero
1212 1869 1256 1896 illa
1271 1870 1368 1897 civitas
1385 1874 1435 1901 est,
1451 1869 1500 1896 nisi
1516 1869 1573 1895 hrcc
1595 1875 1691 1895 recens
1702 1872 1774 1894 stru-

994 1921 1038 1943 cta
1061 1921 1088 1942 et
1103 1923 1118 1942 a
1142 1915 1197 1942 Deo
1222 1915 1347 1942 condita:
1363 1915 1483 1942 Ecclesia
1504 1914 1608 1942 scilicet
1625 1913 1672 1940 Dei
1707 1913 1772 1944 vivi,

994 1961 1119 1988 columna
1131 1966 1158 1988 et
1173 1961 1373 1987 ﬁrmamentum
1393 1959 1525 1987 veritatis.
1545 1958 1583 1985 De
1599 1966 1650 1993 qua
1659 1962 1685 1985 et
1701 1957 1773 1985 aliud

994 2005 1128 2041 quoddam
1145 2006 1191 2032 Dei
1205 2005 1346 2032 oraculum
1363 2005 1398 2031 ita
1426 2004 1582 2038 pronuntiat
1599 2012 1605 2029 :
1626 2012 1635 2029 ‹
1650 2003 1773 2031 Gloriosa

994 2051 1064 2078 dicta
1079 2055 1140 2078 sunt
1153 2051 1185 2077 de
1199 2055 1235 2081 te,
1247 2050 1343 2077 civitas
1358 2049 1403 2076 Dei
1416 2049 1448 2076 ⁸⁵.
1461 2058 1470 2075 ι
1484 2049 1511 2076 In
1528 2056 1607 2084 quam
1628 2056 1688 2075 cum
1705 2048 1775 2075 Deus

994 2097 1112 2130 optimus
1140 2095 1274 2122 maximus
1299 2095 1387 2128 gratia
1417 2101 1448 2121 ac.
1484 2094 1615 2121 bcnelicio
1642 2093 1774 2126 unigeniti

995 2141 1055 2169 Filii
1073 2141 1112 2168 sui
1130 2149 1177 2168 nos
1189 2140 1406 2175 congregaverit,
1425 2140 1608 2174 unusquisque
1620 2147 1712 2167 eorum
1729 2140 1774 2173 qui

995 2186 1133 2214 convocati
1158 2191 1221 2213 sunt
1241 2190 1321 2213 canat
1347 2191 1428 2220 atque
1451 2185 1584 2212 exclamet
1602 2185 1644 2212 his
1658 2185 1772 2212 verbis:

999 2243 1007 2258 ε
1020 2233 1137 2260 Lmtatus
1153 2239 1211 2259 sum
1234 2231 1261 2257 iu
1277 2231 1318 2257 his
1338 2238 1397 2264 qua:
1413 2230 1483 2257 dicta
1510 2235 1573 2257 sunt
1590 2231 1668 2262 mibi,
1690 2230 1716 2257 in
1731 2231 1774 2257 do-

996 2286 1067 2306 mum
1100 2277 1205 2305 Domini
1232 2277 1332 2304 ibimus
1343 2276 1376 2303 ⁸³.
1395 2286 1405 2302 ι
1434 2276 1468 2303 Et
1498 2283 1591 2303 rursus
1607 2285 1614 2303 :
1632 2285 1641 2301 t
1653 2275 1773 2308 Domine,

995 2323 1077 2351 dilexi
1101 2324 1227 2350 decorent
1251 2322 1346 2349 domus
1363 2326 1424 2353 tuae,
1444 2325 1470 2347 et
1485 2320 1574 2347 locum
1602 2321 1776 2348 habitationis

1000 2397 1026 2424 5,
1064 2395 1086 2411 ¹⁶
1107 2395 1176 2422 Psal.
1190 2401 1261 2426 cxxt,
1280 2394 1303 2420 l.

994 2476 1089 2517 borum
1108 2481 1216 2503 sensum
1232 2482 1292 2515 esse
1306 2475 1450 2517 exis'titnp;
1472 2473 1556 2501 Deum
1579 2474 1682 2517 scilicet
1701 2473 1779 2501 hanc

992 2511 1118 2538 eximiam
1140 2511 1345 2544 praerogativam
1358 2509 1470 2536 Paulino
1489 2509 1712 2539 concessisse.'ut
1741 2517 1779 2536 ze-

993 2547 1053 2572 dent
1080 2546 1106 2572 in
1130 2545 1210 2572 terris
1233 2545 1341 2572 Christo
1364 2550 1391 2572 et
1413 2544 1541 2572 Ecclesia:
1571 2544 1718 2570 fabricaret
1747 2552 1778 2569 :lt‘.

991 2585 1148 2642 Knovalret.
1174 2580 1303 2607 Eumdem
1326 2587 1432 2614 quoque
1456 2587 1566 2607 sensum
1596 2584 1706 2606 secutus
1736 2584 1778 2605 est

1019 2624 1081 2642 uscu
1097 2623 1136 2641 us.

1019 2623 1136 2643 llSCUlllS.

1029 2651 1085 2684 (96)
1099 2648 1241 2682 Θεοσεϐὲς
1254 2649 1457 2683 ἀκροατήριον.
1471 2649 1528 2676 Νοη
1542 2648 1635 2676 dubito
1645 2647 1709 2682 quin
1722 2647 1774 2674 Ett-

993 2686 1085 2712 sebius
1116 2686 1259 2718 scripserit
1284 2684 1442 2719 θεοπρεπὲς.
1466 2684 1587 2718 lneptutu
1603 2684 1675 2711 enim
1702 2687 1774 2711 esset

995 2721 1094 2752 dicere,
1110 2719 1263 2755 θεοσεϐείας
1275 2719 1397 2755 θεοσεϐὲς
1409 2719 1598 2755 ἀκροατήριονἶ

1031 2756 1087 2790 (97)
1107 2755 1132 2781 '0
1164 2754 1272 2787 καθεῖς.
1292 2753 1413 2790 Barbara
1434 2753 1482 2780 vox
1501 2753 1556 2790 pro
1579 2753 1619 2786 εἷς
1647 2754 1772 2784 ἕκαστος.

996 2788 1070 2824 Quod
1086 2798 1145 2817 cum
1163 2798 1213 2816 non
1236 2788 1471 2816 animadvertisset
1498 2789 1641 2824 Musculus,
1663 2790 1773 2824 ineptis,-

995 2827 1062 2853 sime
1080 2826 1158 2853 vertit
1175 2834 1184 2850 ι
1204 2825 1247 2858 qui
1264 2824 1348 2852 sedet.
1368 2833 1377 2850 ι
