2013 3179
254 84 306 113 855

603 78 737 108 EUSEBII
756 79 992 108 C/ESARIENSIS
1011 81 1085 109 OPP.
1106 81 1195 109 PARS
1215 81 1235 109 l.
1255 97 1289 101 —
1308 80 1505 109 HISTORICA.

1794 74 1854 102 856

252 142 352 169 militcs
363 140 506 168 durissima
520 143 631 173 quasque
646 142 803 164 constanter
813 138 971 166 sustinendo
992 139 1029 167 de

1085 139 1131 165 καὶ
1146 138 1185 173 τῷ
1207 138 1342 173 σύμπαντι
1358 138 1462 174 οὐρανῷ
1480 147 1509 164 τε
1526 138 1573 164 καὶ
1587 138 1679 173 κόσμῳ
1696 137 1857 174 προήγαγεν.

252 189 433 218 claraverant;
448 189 557 218 repente
580 190 723 217 apparens,
741 189 852 211 cunctos
863 184 968 218 quidem
988 185 1034 212 ini-

218 241 222 246 ·
251 234 336 260 micos
347 232 490 264 hostesque
501 229 599 256 delevit
614 232 640 255 et
658 229 691 255 ad
703 229 815 256 nihilum
832 230 944 264 redegit,
965 230 1033 257 adeo

250 283 280 304 ut
306 284 339 304 ne
358 275 489 303 nominati
516 275 624 309 quidem
640 282 759 309 unquam
780 274 863 302 fuisse
879 275 1031 302 vidcantur.

249 323 356 350 Amicos
367 328 430 348 vero
438 325 464 347 et
475 320 622 347 familiares
631 327 704 352 suos,
716 320 785 355 apud
796 326 889 348 omnes
897 328 948 347 non
961 329 1033 348 mor-

250 368 318 395 tales
332 367 519 399 modo,verum
541 366 622 393 etiam
634 366 757 394 caelestes
781 370 937 400 potestates,
949 367 1032 394 solem

248 412 462 448 quoque,lunam
474 420 506 439 ac
525 411 627 446 reliqua
636 411 735 444 sidera,
751 411 903 446 cmlumque
917 420 948 439 ac
960 420 1033 439 mun-

248 461 311 486 dum
324 459 478 486 universum
488 478 497 491 ,
510 465 591 494 supra
605 465 712 485 omnem
726 458 838 492 gloriam
849 458 948 486 evexit.
959 459 1032 486 Adeo

249 509 274 530 ut
281 524 288 536 ,
295 504 365 538 quod
379 512 514 538 nunquam
523 508 600 530 antea
608 503 769 537 contigerat,
776 503 873 531 summi
884 504 1031 538 imperato-

249 557 292 578 ἐς
301 550 381 586 375
390 550 499 578 honoris
506 550 576 578 illius
589 557 667 584 quem
683 550 729 577 Dei
736 549 865 577 beneficio
873 554 1032 583 acceperunt

249 595 298 622 sibi
314 595 424 628 conscii,
438 595 493 629 jam
504 595 530 622 in
540 600 705 622 mortuorum
722 594 923 622 simulacrorum
937 595 1030 622 facient

250 646 409 676 eonspuant,
427 646 454 667 et
471 640 601 676 profanos
615 641 764 668 daemonum
782 642 851 668 ritus
863 642 1030 675 conculcent,

248 695 280 714 ac
294 691 426 714 vetustum
438 694 556 714 errorem
568 695 582 714 a
595 686 741 720 majoribus
754 688 880 714 traditum
890 685 1029 720 irrideant,

249 740 329 758 unum
342 740 407 759 vero
423 740 454 760 ac
475 733 560 760 solum
577 734 660 760 Deum
674 740 735 760 cum
748 740 811 768 erga
827 741 922 768 omnes
937 739 991 760 tum
1004 734 1029 760 in

249 741 329 758 unum
342 741 407 759 vero
423 741 454 760 ac
475 741 560 760 solum
577 741 660 760 ueum
674 741 735 760 cum
748 741 811 768 erga
827 741 844 760 ο
875 741 922 761 nes
937 741 991 760 tum
1004 742 1027 760 m

249 777 349 812 seipsos
365 778 478 805 maxime
490 778 640 806 beneﬁcum
664 783 811 814 agnoscant
827 741 878 849 ;Ft
892 779 1027 806 Christum

250 820 295 847 Dei
311 819 407 847 Filium
434 817 621 849 universorum
642 830 732 849 regem
751 830 811 849 esse
826 831 843 849 ι)
859 824 1004 849 oliteantur
1020 833 1027 849 :

250 820 295 847 Dei
311 819 407 847 Filium
434 817 621 849 universorum
642 830 732 857 regem
751 830 811 851 esse
826 816 1004 858 ploliteantur
1020 833 1027 857 ;
1044 816 1064 843 Β

247 873 309 892 eum
329 866 498 894 Servatorem
517 867 542 894 in
557 868 651 895 edictis
664 868 721 895 suis
734 869 880 903 prtedicent
896 878 904 903 ;
919 869 1030 904 ejusque

248 920 291 939 res
310 912 438 946 prmclare
450 918 540 946 gestas
557 918 583 941 et
595 914 723 942 victorias
734 915 767 942 de
783 915 872 950 impiis
882 921 985 950 partas,
1002 916 1028 942 in

248 958 334 984 media
351 959 416 984 urbe
432 967 490 992 qtne
519 959 638 986 omnium
667 964 722 987 toto
749 960 814 988 orbe
831 961 971 988 civitatum
988 969 1030 989 re-

246 1004 307 1036 gina
331 1008 381 1035 est,
402 1005 535 1038 rogalibus
556 1006 679 1039 apicibus
696 1006 728 1033 ad
743 1011 899 1042 perpetuam
914 1009 1029 1041 posteri-

248 1049 310 1076 tatis
327 1052 485 1077 memoriam
507 1052 691 1084 prmscribant.
705 1052 780 1080 Adeo
795 1057 824 1080 ut
838 1052 966 1081 Servator
981 1062 1029 1081 no-

248 1101 303 1123 ster
312 1095 391 1124 Jcsus
408 1097 543 1130 Christus,
566 1099 638 1126 solus
652 1106 685 1126 ex
702 1100 829 1127 omnibus
841 1100 886 1135 qui
907 1101 941 1128 ab
956 1101 1027 1129 onmi

246 1150 304 1169 aevo
329 1151 448 1178 unquam
466 1145 640 1178 exstiterunt,
656 1147 689 1174 ab
713 1147 779 1181 ipsis
802 1148 876 1175 orbis
896 1153 1027 1175 terrarum

248 1189 359 1215 summis
375 1189 542 1224 principibus
556 1198 608 1218 non
623 1196 652 1218 ut
667 1200 712 1219 rex
725 1193 844 1227 vulgaris
860 1201 893 1221 ex
912 1193 1028 1221 homini-

248 1242 295 1260 nns
307 1234 392 1262 lactus
406 1236 575 1269 prmtlicetttr,
591 1236 637 1263 sed
653 1242 780 1272 tattquam
795 1239 894 1266 summi
907 1240 1027 1268 omnium

246 1277 292 1305 Dei
317 1280 447 1307 naturalis
464 1280 561 1313 Filius,
576 1288 608 1308 ac
625 1289 673 1317 per
689 1289 719 1310 se
736 1281 807 1310 Deus
820 1284 947 1312 adoretur
962 1293 969 1312 :
988 1290 1028 1312 at-

247 1332 298 1358 que
311 1324 338 1351 id
352 1325 414 1359 jure
439 1326 545 1354 merito.
562 1327 627 1360 Quis
645 1328 716 1355 enim
733 1336 765 1356 ex
782 1329 909 1357 omnibus
919 1332 963 1366 qui
979 1339 1029 1358 un-

248 1379 325 1405 quam
351 1371 461 1398 fuerunt
476 1373 594 1407 regibus,
618 1373 651 1399 ad
669 1377 772 1400 tantum
801 1375 910 1402 virtutis
927 1383 958 1403 ac
982 1383 1028 1410 po-

246 1419 336 1445 tentia:
362 1418 469 1445 culmen
490 1423 600 1446 evectus
619 1424 671 1452 est,
685 1425 715 1447 ut
728 1422 850 1448 omnium
873 1423 1027 1450 mortalium

248 1471 327 1490 aures
342 1468 421 1498 atque
435 1464 539 1499 linguas
556 1466 736 1500 appellatione
750 1467 790 1494 sui
805 1468 923 1496 nominis
935 1469 1027 1504 imple-
1040 1488 1061 1516 ο

247 1514 288 1536 ret
302 1509 313 1536 τ
330 1510 395 1542 Quis
416 1517 450 1537 ex
472 1511 579 1545 regibus
601 1511 675 1545 leges
696 1512 764 1540 adeo
776 1512 834 1548 pias
846 1521 878 1541 ac
891 1514 1026 1543 modestas

246 1554 398 1587 constituit,
415 1560 497 1589 utque
513 1557 547 1582 ab
558 1555 659 1583 ultimis
672 1557 729 1584 oris
744 1557 776 1585 ad
794 1563 930 1587 extremos
941 1567 1026 1595 usque

248 1605 382 1627 terrarum
400 1600 468 1629 ﬁnes
480 1602 587 1629 cunctis
605 1602 759 1641 hominibus
773 1604 943 1633 audientibus
963 1614 1025 1641 per-

248 1649 327 1679 petuo
344 1645 507 1681 legerentur,
531 1647 670 1674 obtinuit?
691 1648 758 1681 Quis
775 1649 891 1677 ferarum
908 1653 1025 1687 gentittm

248 1691 364 1719 utnnites
379 1696 406 1719 et
417 1692 548 1719 barbaros
567 1700 656 1720 mores
675 1692 825 1723 mitissimis
837 1701 917 1731 atque
933 1699 1027 1725 huma-

248 1737 366 1764 nissimis
393 1738 496 1772 legibus
525 1739 694 1773 abrogavit?
715 1740 783 1774 Quis
806 1746 844 1769 tot
867 1743 1025 1771 saeculorum

247 1783 335 1816 spatio
356 1783 390 1811 ab
415 1784 540 1811 omnibus
567 1785 750 1820 impugnatus,
766 1788 820 1815 vim
844 1795 876 1815 ac
900 1789 1025 1817 virtutem

248 1829 364 1858 humana
384 1830 512 1865 majorem
537 1832 665 1866 ostendit,
686 1833 753 1861 adeo
767 1839 796 1861 ut
810 1834 836 1861 in
854 1834 913 1862 dies
923 1834 1027 1862 eﬂlore-

248 1879 315 1908 seat,
333 1875 461 1910 omnique
484 1877 599 1904 subinde
625 1886 683 1906 :evo
697 1879 852 1907 adolescere
874 1880 996 1907 videatur
1015 1881 1026 1907 ?

247 1920 312 1953 Quis
326 1925 430 1956 gentem
440 1930 499 1957 quae
508 1931 542 1951 ne
554 1924 648 1951 auditu
663 1925 772 1960 quidem
788 1926 903 1953 antehac
919 1927 1025 1961 cognita

248 1967 345 1998 fuerat.
362 1975 415 1995 non
445 1969 471 1995 in
487 1970 604 1998 obscuro
633 1971 723 2006 aliquo
743 1977 823 1999 terrae
849 1972 956 2007 angulo,
979 1974 1026 2000 sed

247 2020 295 2046 per
311 2020 417 2039 omnem
441 2014 487 2048 qui
505 2016 554 2043 sub
580 2016 649 2043 coalo
670 2022 711 2044 est
732 2021 867 2044 terrarum
896 2017 1025 2044 ambitum

248 2058 409 2086 constituit?
423 2060 488 2092 Quis
502 2061 601 2088 milites
615 2069 679 2090 suos
693 2062 801 2097 pietatis
820 2062 905 2089 armis
920 2063 956 2089 ita
971 2071 1027 2090 mu-

1083 184 1153 211 ὥστε
1174 184 1234 220 ἤδη,
1249 184 1263 210 ὃ
1273 184 1338 220 μηδὲ
1356 184 1447 211 ἄλλοτέ
1465 193 1518 217 πω,
1534 184 1596 215 τοὺς
1611 183 1717 210 πάντων
1732 177 1854 210 ἀνωτάτο

1085 230 1219 265 βασιλέας,
1235 229 1269 266 ἦς
1284 230 1424 265 λελόγχασι
1444 231 1507 265 παρ’
1529 229 1609 256 αὑτοῦ
1632 229 1714 265 τιμῆς
1729 228 1863 265 συνῃσθη-

1085 277 1189 313 μένους,
1204 278 1306 313 νεκρῶν
1325 277 1373 312 μὲν
1389 276 1503 303 εἰδώλων
1518 276 1681 303 καταπτύειν
1696 275 1862 310 προσώποις,

1083 324 1178 349 πατεῖν
1191 323 1212 349 δ’
1226 323 1332 357 ἄθεσμα
1341 322 1472 358 δαιμόνων
1484 321 1592 357 Θὲσμια,
1604 322 1650 348 καὶ
1660 320 1775 352 παλαιᾶς
1789 321 1869 347 ἀπάπ

1082 376 1131 402 της
1147 367 1385 403 πατροπαραδότου
1404 367 1579 401 κατεγγελᾷν,
1597 367 1643 392 ἕνα
1659 366 1686 392 δὲ
1702 366 1780 401 μόνον
1796 365 1862 393 Θεὸν

1082 413 1127 439 τὸν
1143 413 1229 439 κοινὸν
1244 412 1369 439 ἁπάντων
1380 413 1426 439 καὶ
1437 412 1539 438 ἑαυτῶν
1549 412 1693 447 εὐεργέτην
1707 411 1860 447 γνωρίζειν,

1082 459 1197 494 Χριστόν
1214 467 1244 484 τε
1264 458 1310 485 τοῦ
1332 458 1399 484 Θεοῦ
1415 458 1500 484 Παῖδα
1525 457 1699 493 παμϐασιλέα
1717 458 1771 483 τῶν
1794 457 1862 483 ὅλων

1082 503 1231 539 ὁμολογεῖν,
1247 503 1360 538 Σωτῆρά
1372 511 1401 529 τε
1414 503 1494 529 αὐτὸν
1509 503 1536 529 ὲν
1552 503 1663 538 στήλαις
1675 501 1860 537 ἀναγορεύειν,

1082 549 1264 585 ἀνεξαλείπτῳ
1287 550 1380 585 μνήμῃ
1396 549 1430 576 τὰ
1448 548 1644 585 κατορθώματα
1663 549 1709 575 καὶ
1724 548 1772 580 τὰς
1791 547 1863 575 κατὰ

1080 595 1134 622 τῶν
1147 595 1251 621 ἀσεϐῶν
1268 595 1349 621 αὑτοῦ
1369 595 1456 626 νίκας,
1476 594 1543 630 μέσῃ
1558 595 1590 630 τῇ
1609 593 1785 629 βασιλευούσῃ
1807 593 1862 620 τῶν

1080 641 1127 666 ἐπὶ
1143 641 1193 676 γῆς
1207 640 1280 667 πόλει
1296 640 1443 675 βασιλικοῖς
1460 640 1628 675 χαρακτῆρσι
1642 639 1679 675 (5)
1696 639 1864 675 προσεγγρά-

1081 694 1179 720 φοντας
1189 694 1196 700 ·
1212 685 1281 712 ὥστε
1299 685 1378 721 μόνον
1396 685 1449 712 τῶν
1464 685 1494 717 ἐξ
1509 685 1605 717 αἰῶνος
1628 685 1730 720 Ἰησοῦν
1746 685 1863 720 Χριστὸν

1079 731 1124 757 τὸν
1137 731 1152 765 ἡ
1157 730 1213 766 μῶν
1226 730 1349 766 Σωτῆρα,
1363 730 1409 757 καὶ
1423 730 1491 765 πρὸς
1502 729 1590 756 αὐτῶν
1604 729 1657 755 τῶν
1670 729 1715 755 ἐπὶ
1731 728 1782 764 γῆς
1795 729 1864 755 ἀνω-

1080 777 1162 808 τάτω,
1186 777 1235 812 οὐχ
1250 774 1293 804 οἶα
1310 777 1398 803 κοινὸν
1412 776 1442 809 ἐξ
1456 775 1605 812 ἀνθρώπων
1619 774 1727 810 βασιλέα
1752 776 1863 810 γενόμε-

1078 831 1122 849 νον
1137 822 1339 857 ὁμολογεῖσθαι,
1361 822 1417 849 ἀλλ’
1431 819 1474 848 οἶα
1490 822 1536 848 τοῦ
1559 822 1671 848 καθόλου
1693 822 1759 848 Θεοῦ
1776 822 1859 849 Παῖδα

1079 869 1187 903 γνήσιον
1211 868 1258 894 καὶ
1277 867 1404 895 αὑτόΘεον
1426 868 1463 904 (ϐ)
1483 868 1702 904 προσκυνεῖσθαι,
1727 868 1774 895 καὶ
1791 868 1862 897 εἰκό-

1077 922 1141 945 τως.
1157 914 1204 945 Τίς
1224 913 1279 949 γὰρ
1294 913 1348 940 τῶν
1371 913 1480 940 πώποτε
1499 914 1629 949 βασιλέων
1651 914 1774 940 τοσοῦτον
1797 915 1862 950 ἀρε·

1078 958 1127 993 τῆς
1144 958 1293 993 ἠνέγκατο,
1310 958 1347 990 ώς
1372 959 1479 986 πάντων
1495 959 1549 985 τῶν
1573 959 1619 985 ἐπὶ
1638 959 1689 994 γῆς
1710 959 1861 995 ἀνθρώπων

1079 1004 1162 1040 ἀκοὴν
1182 1005 1227 1031 καὶ
1251 1004 1372 1038 γλῶτταν
1390 1005 1527 1040 ἐμπλῆσαι
1550 1005 1599 1040 τῆς
1619 1005 1701 1032 αὐτοῦ
1726 1014 1861 1041 προσηγο-

1079 1050 1139 1086 ρίας
1160 1050 1215 1085 (7);
1243 1050 1291 1082 Τίς
1314 1050 1438 1085 βασιλεὺς
1459 1051 1557 1085 νόμους
1585 1051 1705 1083 εὐσεϐεῖς
1722 1051 1790 1077 οὕτω
1814 1052 1861 1078 καὶ

1079 1096 1219 1132 σώφρονας
1233 1096 1435 1132 διαταξάμενος,
1453 1097 1506 1124 ἀπὺ
1528 1097 1653 1134 περάτων
1677 1098 1727 1133 γῆς
1750 1099 1797 1124 καὶ
1820 1099 1861 1129 εἰς

1078 1143 1151 1178 ἄκρα
1170 1143 1219 1178 τῆς
1233 1142 1296 1178 ὅλης
1312 1144 1482 1178 οἰκουμένης,
1507 1145 1547 1175 είς
1568 1145 1683 1180 ἐπήκοον
1701 1143 1800 1171 ἅπασιν
1817 1145 1859 1171 ἀν-

1078 1187 1196 1224 θρώποις
1224 1188 1454 1223 ἀναγινώσκεσθαι
1480 1189 1599 1225 διαρκῶς
1625 1190 1790 1225 ἐκράτυνεν;
1813 1190 1860 1222 Τίς

1077 1235 1222 1270 ἀνημέρων
1247 1236 1330 1262 ἐθνῶν
1358 1236 1405 1271 ἔθη
1434 1235 1558 1272 βάρϐαρα
1583 1237 1629 1263 καὶ
1655 1237 1778 1273 ἀνήμερα
1805 1238 1860 1268 τοῖς

1076 1281 1189 1317 ἡμέροις
1212 1281 1292 1308 αὑτοῦ
1317 1282 1363 1308 καὶ
1384 1282 1647 1318 φιλανθρωποτάτοις
1670 1283 1805 1318 παρέλυσε
1821 1283 1859 1310 νό-

1079 1336 1155 1362 μοις;
1175 1328 1222 1359 Τίς
1238 1328 1333 1354 αἰῶσιν
1350 1327 1420 1360 ὅλοις
1441 1328 1493 1354 ὑπὸ
1515 1328 1624 1355 πάντων
1648 1328 1859 1363 πολεμούμενος,

1076 1372 1125 1408 τὴν
1148 1373 1217 1410 ὑπὲρ
1236 1373 1378 1409 ἄνθρωπον
1402 1373 1500 1409 ἀρετὴν
1527 1373 1691 1406 ἐπεδείξατο,
1715 1373 1753 1404 ὡς
1770 1373 1860 1400 ἀνθεῖν

1077 1419 1211 1454 ὁσημέραι
1224 1419 1270 1445 καὶ
1286 1418 1390 1451 νεάζειν
1404 1419 1448 1446 διὰ
1461 1419 1559 1451 παντὸς
1574 1418 1620 1445 τοῦ
1635 1419 1707 1454 βίου;
1725 1419 1772 1450 Τίς
1785 1419 1859 1450 ἓθνοι,

1077 1464 1108 1491 τὺ
1125 1464 1185 1500 μηδ’
1202 1465 1333 1491 άκουσθὲν
1351 1465 1378 1498 ἐξ
1401 1465 1507 1497 αἰῶνος,
1526 1466 1574 1491 οὐκ
1594 1466 1622 1491 ἐν
1638 1465 1723 1500 γωνίᾳ
1742 1474 1786 1491 ποι
1807 1465 1858 1499 γῆς

1078 1510 1198 1545 λεληθὸς,
1216 1510 1282 1537 ἀλλὰ
1298 1510 1358 1537 καθ’
1376 1511 1440 1546 ὅλης
1455 1511 1503 1546 τῆς
1515 1511 1559 1546 ὑφ’
1576 1510 1642 1546 ἡλίῳ
1660 1510 1798 1546 ἱδρύσει-τω
1812 1511 1858 1542 Τίς

1079 1557 1217 1590 εὐσεϐείας
1234 1558 1325 1590 ὅπλοις
1347 1559 1432 1591 οὕτως
1448 1559 1583 1595 ὲφράξατο
1598 1560 1660 1590 τοὺς
1681 1558 1858 1594 στρατιώτας,

1078 1603 1115 1635 ὼς
1132 1603 1283 1639 ἀδάμαντος
1295 1604 1344 1636 τὰς
1357 1605 1445 1640 ψυχὰς
1459 1604 1669 1640 κραταιοτέρους
1686 1605 1713 1630 ὲν
1725 1606 1779 1635 τοῖς
1792 1603 1858 1639 πρὸς

1077 1650 1141 1682 τοὺς
1157 1650 1316 1682 ἀντιπάλους
1339 1651 1425 1685 ἀγῶσι
1441 1651 1643 1685 διαψαίνεσθαις
1662 1651 1710 1681 Τίς
1730 1649 1858 1685 βασιλέων

1077 1696 1117 1727 εἰς
1134 1696 1258 1723 τοσοῦτον
1276 1698 1380 1732 κρατεῖ,
1398 1696 1444 1723 καὶ
1468 1698 1614 1732 στρατηγεῖ
1634 1705 1664 1731 γε
1685 1695 1754 1731 μετὰ
1774 1695 1857 1722 Οὰνα-

1077 1751 1133 1774 τον,
1149 1742 1195 1769 καὶ
1211 1743 1328 1778 τρόπαια
1343 1743 1402 1769 κατ’
1415 1742 1519 1778 ἐχθρῶν
1540 1743 1640 1777 ἵστησι,
1655 1743 1700 1768 καὶ
1714 1742 1799 1768 πάντα
1814 1741 1858 1767 τός

1078 1797 1128 1824 πον
1141 1789 1187 1815 καὶ
1203 1788 1294 1824 χώραν
1310 1790 1356 1815 καὶ
1370 1788 1455 1822 πόλιν,
1477 1789 1589 1815 Ἑλλάδα
1603 1797 1633 1815 τε
1650 1789 1695 1815 καὶ
1711 1787 1857 1823 βάρϐαρον,

1080 1833 1225 1869 βασιλικῶν
1254 1834 1334 1860 οἴκων
1364 1834 1445 1860 αὖτοῦ
1476 1834 1583 1871 πληροῖ,
1611 1834 1656 1860 καὶ
1683 1833 1762 1859 θείων
1788 1831 1858 1859 ναῶν

1079 1879 1265 1915 ἀφιερώμασιν
1279 1880 1333 1914 (8);
1347 1877 1397 1906 Οἷα
1415 1880 1478 1906 τάδε
1493 1880 1527 1906 τὰ
1538 1879 1622 1906 ,τοῦδε
1643 1879 1689 1906 τοῦ
1710 1878 1762 1905 νεὼ
1780 1887 1858 1914 περι-

1079 1925 1163 1960 καλλῆ
1183 1926 1347 1961 κοσμήματά
1367 1934 1396 1952 τε
1422 1926 1469 1952 καί
1487 1925 1647 1961 ἀναθήματα
1659 1933 1665 1939 ·
1689 1924 1706 1951 ἃ
1725 1923 1771 1951 καὶ
1790 1924 1857 1951 αὐτὰ

1079 1970 1164 2006 σεμνὰ
1178 1971 1226 2006 μὲν
1238 1971 1276 2003 ώς
1291 1971 1397 2007 ἀληθῶς
1414 1973 1460 1998 καὶ
1475 1972 1589 2006 μεγάλα,
1602 1969 1756 2005 ἐκπλήξεώς
1770 1979 1798 1997 τε
1812 1970 1856 1996 καὶ

1079 2017 1214 2052 θαύματος
1230 2016 1302 2049 ἄξια,
1318 2018 1365 2044 καὶ
1379 2015 1422 2044 οἷα
1432 2018 1481 2052 τῆς
1494 2018 1539 2044 τοῦ
1553 2017 1676 2052 Σωτῆρος
1692 2016 1768 2051 ἡμῶν
1784 2015 1857 2050 βασι-

1078 2064 1152 2095 λείας
1172 2063 1273 2098 ἐναργῆ
1287 2063 1422 2105 ,δείγματα
1439 2063 1486 2099 (9),
1508 2064 1548 2089 ὅτι
1565 2063 1610 2089 καὶ
1632 2062 1679 2088 νῦν
1702 2061 1781 2092 αὐτὸς
1798 2059 1856 2087 εἶπε

283 2138 330 2179 (5).
346 2125 530 2181 Βασιλιρεοῗξ.
541 2140 736 2181 χαρακτῆρσι.
769 2141 1029 2175 Christophorsonus

1082 2141 1153 2181 quod
1168 2141 1274 2175 quidem
1292 2148 1343 2167 non
1362 2141 1474 2174 faceret,
1487 2140 1509 2167 si
1526 2140 1558 2168 de
1575 2140 1640 2175 ipsis
1655 2143 1732 2166 antea
1753 2138 1857 2165 locutus

248 2184 258 2200 ι
279 2173 436 2207 majusculis
451 2173 678 2203 li'tteris'»'\‘erlit2

282 2209 320 2244 (6)
343 2209 398 2236 Kal
425 2210 577 2237 αὐτόσε-ον.
603 2211 743 2238 Notandus
764 2215 806 2238 est
832 2210 858 2237 in
876 2211 972 2245 primis
986 2211 1030 2237 hic

249 2245 342 2276 locus,
370 2245 396 2271 in
431 2253 483 2279 qtto
518 2246 650 2273 Eusebius
678 2245 815 2273 Christum
843 2251 922 2273 vocat
948 2246 1029 2272 αὺτό-

247 2280 319 2311 Οεον,
335 2280 360 2306 id
374 2285 416 2307 est
445 2288 491 2314 per
505 2288 534 2307 se
549 2289 580 2308 ac
595 2288 657 2308 vere
673 2281 766 2309 Deum.
782 2281 831 2308 llic
847 2281 918 2307 enim
934 2281 1029 2308 unicus

249 2315 341 2345 locus,
360 2323 420 2341 meo
441 2315 548 2349 quidem
566 2316 684 2349 judicio.
702 2316 800 2343 sul‘licit
813 2316 845 2342 ad
862 2316 1028 2350 repellendas

247 2357 342 2377 omnes
367 2350 515 2377 calutnnias
540 2352 710 2385 eorum.qui
739 2351 883 2378 Eusebium
907 2356 1027 2378 nostrum

249 2385 483 2419 Arianidogmatis
507 2386 565 2413 labe
586 2393 725 2420 aspersum
745 2388 827 2415 fuisse
843 2386 1024 2413 crediderunt.

248 2421 295 2447 Sic
309 2421 388 2446 etiam
407 2420 475 2447 infra
493 2421 614 2447 nominat
634 2422 684 2447 hac
698 2429 759 2455 pag.
776 2422 821 2449 τοῦ
837 2420 1028 2456 παμϐασιλέως

247 2455 296 2482 καὶ
317 2455 514 2490 πανηγεμόνος,
537 2456 584 2483 καὶ
603 2456 685 2483 αὐτοῦ
707 2457 773 2483 Θεοῦ
791 2455 883 2491 λόγουζ
908 2457 953 2483 Est
978 2464 1027 2482 au-

250 2497 301 2517 tem
326 2492 381 2518 ha'c
404 2492 503 2517 locutio
527 2492 675 2518 Platonica.
705 2492 771 2518 Nam
795 2498 824 2519 ut
848 2491 924 2518 I‘Iato
948 2492 1027 2517 αὺτο-

247 2525 349 2562 αγαθόν
374 2531 453 2562 vocat
482 2528 552 2562 quod
586 2532 628 2554 cst
656 2535 717 2554 rere
730 2536 761 2554 ac
789 2536 836 2562 per
861 2535 890 2554 se
918 2526 1027 2556 bonum.

248 2563 287 2622 Bia
303 2561 434 2588 Eusebius
447 2561 572 2588 αὑτὸθεον
588 2561 655 2589 dixit
676 2564 719 2596 qui
736 2568 777 2589 est
790 2561 857 2590 'verc
881 2569 911 2588 ac
936 2569 983 2595 per
999 2568 1028 2588 Se

272 2604 329 2622 eus.

272 2604 329 2622 eus.

282 2629 394 2667 (ητῆς
414 2633 506 2659 αὑτοῦ
524 2633 733 2666 προσηγορίας.
747 2632 960 2660 Christianorum
978 2639 1038 2667 no—l

249 2673 309 2692 men
327 2666 460 2701 intelligit,
477 2676 524 2701 per
544 2676 638 2693 oti-nes
660 2668 757 2701 ultique
774 2673 868 2702 gentes
889 2667 975 2693 fusum
996 2674 1027 2692 ac

250 2706 426 2735 propagatum
441 2711 447 2735 ;
461 2710 511 2729 nec
522 2703 606 2729 solum
620 2702 759 2735 Romanis,
775 2704 822 2729 sed
837 2703 916 2729 etiam
931 2702 1028 2728 barba-

252 2735 449 2772 risrognitum.
464 2737 539 2770 Quod
552 2738 574 2764 si
590 2738 650 2771 quis
666 2738 751 2772 ipsum
764 2738 865 2765 Chriin
881 2738 1028 2772 nonten_in-

252 2769 374 2807 telligcre
388 2769 606 2806 Inalit,’eqnideni
622 2769 848 2807 nnn’magnopere
861 2770 1025 2806 repugnabo,

252 2805 332 2837 paulo
349 2811 408 2838 post
424 2807 495 2838 cnim
511 2805 620 2840 sulnjicit
641 2805 772 2835 Eusebius
785 2805 825 2835 'de
846 2807 1024 2841 Christianis;

1082 2177 1185 2203 fuisset.

1116 2211 1153 2246 (8)
1170 2211 1260 2237 Θείων
1279 2210 1359 2237 ναῶν
1378 2210 1586 2245 ἀφιερώμασιν.
1602 2209 1737 2236 Musculus
1758 2209 1855 2246 vertit:

1083 2256 1092 2271 ‹
1112 2243 1265 2273 Dii’inorunt
1285 2243 1721 2279 templorum,consecratiouilms.
1741 2254 1750 2270 ι
1779 2243 1856 2271 Chri-

1080 2281 1275 2315 slophorsonus
1296 2288 1360 2307 vero
1382 2280 1599 2315 interpretatur:
1628 2288 1637 2305 ‹
1663 2280 1764 2306 Divinis
1786 2284 1856 2315 teut-

1080 2313 1132 2351 plis
1146 2322 1256 2350 auguste
1270 2313 1472 2343 consecratis.)
1489 2316 1599 2342 Videtur
1613 2320 1705 2351 tamen
1714 2321 1764 2340 vox
1780 2313 1856 2351 ἀφιέτ

1080 2359 1228 2387 ρωμαμνιοιι
1237 2351 1471 2377 consecrationem
1483 2351 1640 2387 templorum
1649 2350 1856 2387 designaresed

1079 2383 1167 2420 potius
1174 2386 1283 2412 donaria
1291 2393 1349 2420 qua!
1358 2387 1410 2412 Deo
1417 2390 1618 2412 consecrantur.
1629 2385 1708 2418 quue
1715 2383 1845 2420 conﬁrma

1081 2416 1124 2447 tur
1136 2416 1311 2454 sequentibus
1323 2419 1429 2447 Eusebii
1443 2421 1540 2447 verbis.
1554 2420 1598 2446 Sic
1611 2416 1682 2445 enim
1695 2419 1800 2445 snbdit:
1814 2416 1856 2445 οἷα

1078 2456 1139 2482 τάδε
1156 2453 1190 2482 τὰ
1210 2456 1256 2482 τοῦ
1275 2455 1326 2482 νεὼ
1341 2456 1487 2491 περικαλλῆ
1506 2454 1668 2490 κοσμήματά
1684 2462 1713 2480 τε
1729 2453 1856 2491 καὶμάνα-

1080 2491 1197 2526 ϐήματα.
1211 2491 1290 2517 Certe
1306 2491 1327 2517 si
1340 2489 1570 2517 consecrationem
1585 2489 1758 2526 intellexisset
1775 2489 1856 2526 liusr-

1079 2524 1186 2563 se'bins,
1202 2526 1350 2563 ἀφιέρωσιν
1375 2526 1507 2563 dixisset,
1526 2531 1554 2552 ut.
1582 2533 1662 2563 supra
1687 2525 1714 2563 in
1739 2530 1798 2557 cap.
1818 2524 1855 2563 ξ).

1079 2561 1161 2588 Porro
1181 2559 1347 2588 τοίω-Ἕως.
1371 2566 1398 2588 et
1420 2561 1483 2588 Sav.
1506 2568 1559 2586 uno
1581 2561 1662 2586 verbo
1689 2559 1732 2585 hic
1751 2559 1854 2584 aucti..-

1078 2604 1122 2623 res
1141 2602 1212 2623 sunt.
1226 2597 1271 2623 Sic
1286 2596 1356 2624 enim
1369 2596 1478 2623 habent:
1496 2596 1543 2622 καὶ
1557 2595 1636 2622 θείων
1649 2593 1720 2620 ναῶν
1736 2593 1854 2629 ἀφιερώ-

1080 2640 1159 2671 μαισιν
1177 2633 1281 2671 κοσμεῖ.
1352 2667 1363 2671 _
1405 2667 1419 2671 Α
1480 2667 1489 2671 Δ
1512 2666 1518 2671 ι
1568 2666 1580 2671 λ
1603 2666 1608 2671 Ι
1724 2665 1732 2671 -
1806 2664 1820 2671 .-

1111 2667 1147 2702 (9)
1160 2664 1293 2700 Σωτῆρος
1305 2667 1387 2701 ἡμῶν
1395 2666 1554 2699 βασιλείας
1563 2666 1711 2700 δείγματα.
1724 2665 1751 2702 lu
1764 2664 1853 2702 codice

1078 2700 1161 2736 Regio
1179 2703 1211 2729 ad
1230 2703 1298 2729 latus
1313 2700 1390 2734 liujns
1406 2702 1482 2727 linea:
1504 2703 1624 2735 apposita
1639 2706 1680 2727 est
1699 2700 1853 2736 ltttjustnodi

1078 2735 1140 2763 nota
1156 2745 1205 2772 ωρ.
1221 2738 1253 2764 de
1267 2745 1318 2771 qua
1333 2742 1394 2764 ncta
1411 2737 1517 2772 aliunde
1531 2737 1646 2763 diximus
1661 2735 1852 2772 inadnotatith

1078 2773 1157 2798 nibus
1174 2770 1206 2798 ad
1231 2772 1249 2797 Ι.
1267 2770 1284 2798 ιζ
1303 2772 1329 2798 In
1346 2779 1404 2805 cap.
1420 2770 1453 2798 16
1465 2791 1472 2802 ,
1487 2772 1534 2798 lib.
1548 2779 1592 2801 tv.
1615 2771 1736 2798 eamdem
1762 2775 1853 2796 notam

1079 2807 1159 2834 habet
1181 2806 1280 2841 Regius
1309 2808 1393 2834 codex
1417 2807 1449 2833 ad
1477 2806 1520 2834 illa
1543 2806 1624 2834 verba
1650 2806 1748 2833 Justini
1770 2812 1852 2840 appo-
