2013 3179
123 182 200 221 '865

656 193 827 221 lllSTOR'AE
847 191 1123 220 ECCLESIASTICIE
1142 193 1204 220 LIB.
1225 194 1258 221 Χ.

1711 197 1763 226 866

150 253 253 286 μήκους
267 252 449 288 περικλείσας,
467 253 547 288 μέσον
561 252 665 288 αἴθριον
680 253 754 288 ἠφίει
768 252 823 288 ((24)
835 253 874 283 εἰς
885 251 923 287 τὴ·

985 252 1057 279 nime
1071 252 1197 286 neglexit.
1216 252 1269 280 Sed
1289 261 1349 280 cttm
1371 259 1433 282 ante
1447 255 1536 282 omnia
1555 255 1637 283 Deum
1655 256 1762 285 Patrem

147 297 194 322 τοῦ
216 297 330 333 οὐρανοῦ
348 298 470 333 κάτοψιν,
495 298 620 334 λαμπρὸν
642 300 689 326 καὶ
705 301 766 331 ταῖς
780 299 826 326 τοῦ
845 300 933 333 φωτὸς

150 343 256 369 ἷκτισιν
271 344 410 379 ἀνειμένον
427 344 494 380 ἀέρα
519 344 646 380 παρέχον.
670 345 759 380 Ἱερῶν
779 346 801 371 δ’
815 345 933 371 ἐνταῦθα

153 388 306 424 καθαρσίων
317 390 397 417 ἐτίθει
411 390 650 426 σὺμῦολα,κρήνας
663 391 790 426 ἄντικρυς
803 393 841 423 εἰς
848 392 932 427 πρόσ-

149 443 223 461 ωπον
240 435 425 468 ἐπισκευάζων
440 436 486 463 τοῦ
503 436 565 468 νεὼ,
581 436 669 472 πολλῷ
685 437 724 472 τῷ
753 437 868 472 χεύματι
884 437 931 464 τοῦ

149 480 270 516 νάματος
283 483 338 513 τοῖς
352 482 500 517 περιϐόλων
523 483 601 519 ιερῶν
617 484 663 510 ἐπὶ
686 484 720 510 τὰ
739 483 791 510 ἔσω
809 484 932 519 προϊοῦσι

148 526 197 562 τὴν
210 527 361 562 ἀπορρυψιν
375 528 571 563 παρεχομένας.
589 529 643 555 Καὶ
658 528 752 564 πρώτη
772 529 821 563 μὲν
836 529 932 555 είσιόν-

149 580 203 598 των
229 571 298 606 αὕτη
315 571 449 606 διατριϐὴ,
474 572 574 607 κόσμον
595 573 662 608 ὁμοῦ
687 574 732 600 καὶ
759 574 871 607 ἀγλαίίαν
892 574 932 609 τῷ

149 618 239 649 παντὶ,
256 619 312 649 τοῖς
326 626 355 644 τε
365 618 419 644 τῶν
434 618 548 654 πρώτων
562 618 719 653 εἰσαγωγῶν
732 618 771 645 ἔτι
785 619 929 654 δεομένοις,

148 665 313 700 κατάλληλον
334 664 382 700 τὴν
408 665 490 700 μονὴν
512 665 693 702 παρεχομένη.
719 665 797 692 Ἀλλὰ
814 665 866 701 γὰρ
884 667 930 692 καὶ

147 710 197 745 τὴν
210 710 311 737 τούτων
337 711 401 737 θέαν
422 711 662 746 παραμειψάμενος
673 710 746 746 (23)(
758 712 876 738 πλείοσιν
891 711 930 738 ἔτι

150 755 248 790 μᾶλλον
266 756 322 786 τοῖς
347 755 478 782 ἐνδοτάτω
499 755 646 790 προπόλοις
662 755 710 788 τ’ὰς
735 757 780 782 ἐπὶ
798 757 843 783 τὸν
862 756 929 784 νεὼν

147 799 279 836 παρόδους
294 801 518 836 ἀναπεπταμένας
535 801 631 833 ἐποίει,
649 801 701 828 ὑπὸ
719 801 766 837 μὲν
780 803 838 834 ταῖς
854 802 928 838 ήλίου

148 846 238 880 βολαῖς
254 845 331 878 αὖθις
344 849 417 883 τρεῖς
431 847 518 879 πύλας
536 847 581 882 ὑφ’
606 847 635 874 ἓν
657 848 784 880 καταθεὶς
799 848 926 883 πλευρόν·

146 890 183 919 ὦν
198 893 228 919 τὸ
243 893 309 919 πολὺ
328 894 376 925 τὰς
390 893 455 929 παρ’
471 894 588 929 ἑκάτερα
604 894 711 929 μεγέθει
724 903 753 921 τε
770 896 817 922 καὶ
833 895 927 922 πλάτει

146 939 314 966 πλεονεκτεῖν
332 941 364 975 τῇ
388 939 457 976 μέσῃ
473 940 663 976 χαρισάμενος,
681 941 881 977 παραπήγμασί
897 950 925 968 τε

145 985 245 1020 χαλκοῦ
258 985 312 1021 (26)
329 985 505 1021 σιδηροδέτοις
518 987 564 1013 καὶ
580 987 753 1023 ποικίλμασιν
764 988 927 1023 ἁναγ-λύφοις

143 1030 323 1066 διαφερόντως
338 1031 419 1066 αὐτὴν
435 1031 591 1067 φαιδρύνας,
606 1032 644 1064 ὡς
660 1032 692 1059 ἂν
707 1032 829 1067 βασιλίδι,
841 1033 926 1070 ταύτῃ

143 1077 206 1107 τοὺς
221 1076 382 1112 δορυφόρους
404 1077 544 1110 ὑπέζευξε.
568 1079 619 1104 Τὸν
634 1078 713 1104 αὐτὸν
726 1079 753 1105 δὲ
769 1079 866 1114 τρόπον
880 1080 927 1106 καὶ

143 1124 203 1154 ταῖς
225 1123 289 1158 παρ’
305 1123 422 1159 ἑκάτερα
445 1123 491 1150 τοῦ
510 1124 609 1156 παντὸς
631 1124 683 1151 νεὼ
706 1126 795 1157 στοαῖς
812 1125 857 1152 τὸν
872 1126 925 1152 τῶν

144 1169 289 1203 προπόλιον
300 1169 414 1205 ἀριθμὸν
423 1169 560 1202 διατάξας,
570 1170 671 1197 ἄνωθεν
683 1170 728 1198 ἐπὶ
738 1171 847 1204 ταύταις
855 1172 925 1208 ἄλλῳ

145 1213 245 1240 πλείονι
262 1215 330 1248 φωτὶ
349 1214 493 1250 διαφόρους
510 1215 558 1246 τὰς
577 1216 622 1242 ἐπὶ
643 1216 688 1242 τὸν
709 1214 781 1243 οἷκον
803 1217 926 1249 εἰσϐολὰς

143 1261 258 1290 ἐπενόει,
274 1262 334 1292 ταῖς
350 1261 403 1287 ἀπὸ
421 1261 498 1294 ξύλου
518 1261 708 1297 λεπτουργίαις
731 1263 777 1290 καὶ
796 1264 840 1290 τὸν
861 1265 925 1300 περὶ

144 1306 228 1337 αὐτὰς
246 1307 345 1342 κόσμον
363 1307 586 1335 καταποικίλλων.
605 1309 655 1340 Τὸν
669 1309 697 1335 δὲ
711 1309 843 1344 βασίλειον
853 1308 924 1338 οἷκον

144 1351 353 1387 πλουσιωτέραις
375 1353 424 1388 ἤδη
442 1353 489 1379 καὶ
503 1353 624 1388 δαψιλέσι
638 1355 697 1386 ταῖς
711 1354 786 1386 ὕλαις
807 1356 922 1391 ὠχύρου,

143 1397 250 1432 ἀφθόνῳ
263 1398 401 1434 φιλοτιμίᾳ
417 1399 470 1425 τῶν
481 1399 663 1435 ἀναλωμάτων
680 1400 828 1436 χρώμενος.
842 1402 924 1429 Ἔνθα

144 1452 188 1478 μοι
205 1444 274 1470 δοκῶ
288 1445 412 1480 περιττὸν
428 1443 554 1472 εἶναιτοῦ
571 1446 725 1481 δομήματος
742 1447 815 1482 μήκη
830 1456 859 1474 τε
878 1449 924 1475 καὶ

143 1489 229 1524 πλάτη
239 1490 442 1525 ἅαταγράιρειν,
459 1491 492 1518 τὰ
508 1491 608 1526 φαιδρὰ
622 1491 707 1518 ταῦτα
722 1492 817 1528 κάλλη,
833 1493 878 1520 καὶ
891 1493 924 1520 τὰ

142 1534 220 1568 λόγου
234 1536 372 1570 κρείττονα
389 1536 500 1573 μεγέθη,
516 1538 564 1572 τήν
578 1546 607 1563 τε
624 1537 678 1564 τῶν
695 1537 781 1573 ἔργων
796 1539 924 1566 ἀποστίλ-

144 1578 240 1605 ϐουσαν
256 1579 316 1614 ὄψιν
327 1579 365 1615 τῷ
378 1579 449 1615 λόγῳ
456 1572 595 1614 διεξιόντι,
610 1581 664 1618 ὕψη
689 1592 718 1610 τε
729 1583 762 1610 τὰ
778 1584 924 1620 οὺρανομή-
936 1600 958 1629 C

141 1634 195 1660 κη,
219 1626 266 1652 καὶ
291 1626 339 1658 τὰς
360 1627 460 1653 τούτων
483 1628 680 1663 ὑπερκειμένας
701 1630 854 1662 πολυτελεῖς
877 1630 923 1658 τοῦ

141 1671 256 1698 Λιῆἀνου
273 1673 382 1708 κέδρους
396 1670 433 1700 ὧν
449 1674 508 1700 οὐδὲ
533 1674 562 1700 τὸ
575 1674 645 1700 θεῖον
654 1674 742 1709 λόγιον
755 1675 802 1711 τὴν
816 1677 924 1713 μνήμην

141 1717 350 1754 ἀπεσιώπησεν,
370 1729 379 1744 ‹
390 1719 620 1754 Εὐφρανθήσεται,
632 1729 641 1745 ι
660 1721 772 1755 φάσκον,
792 1730 802 1746 ς
811 1721 845 1748 τὰ
859 1720 924 1754 ξύλα

140 1762 187 1788 τοῦ
202 1763 313 1798 Κυρίου,
329 1763 375 1789 καὶ
391 1764 418 1790 αὶ
433 1764 521 1799 κέδροι
535 1764 580 1790 τοῦ
592 1764 707 1791 Λιϐάνου
718 1764 750 1796 ἃς
765 1765 920 1799 ἐφύτευσε.»

141 1808 174 1834 Τί
191 1817 223 1843 με
237 1809 277 1835 δεῖ
292 1809 338 1836 νῦν
351 1810 401 1844 τῆς
420 1810 555 1844 πανσόφου
571 1810 616 1836 καὶ
629 1811 851 1846 ἀρχιτεκτονικῆς
865 1812 923 1839 δια-

140 1853 251 1885 τάξεως,
275 1854 320 1880 καὶ
341 1854 387 1880 τοῦ
411 1854 523 1886 κάλλους
544 1854 592 1889 τῆς
616 1854 658 1888 ἐφ’
682 1855 797 1881 ἑκάστου
824 1855 923 1890 μέρους

141 1899 292 1934 ὑπερϐολῆς
312 1899 545 1934 ἀκριϐολογεῖσθαι
573 1900 622 1935 τὴν
644 1901 789 1936 ὑφήγησιν,
812 1901 856 1927 ὅτε
873 1902 922 1937 τῆς

140 1945 227 1979 ὅψεως
251 1945 299 1980 τὴν
321 1945 364 1972 διὰ
378 1945 432 1972 τῶν
446 1944 521 1971 ὤτων
541 1944 678 1971 ἀποκλείει
697 1945 839 1981 μάθησινὴ
854 1955 923 1982 μαρ-

140 1991 237 2026 τυρία;
270 1991 350 2017 Ἀλλὰ
375 1990 429 2026 γὰρ
456 1988 506 2018 ὧδε
528 1992 575 2018 καὶ
593 1991 638 2017 τὸν
663 1991 729 2018 νεὼν
755 1992 920 2024 ἐπιτελέσας,

140 2037 244 2073 θρόνοις
256 2046 286 2063 τε
299 2039 354 2069 τοῖς
363 2037 492 2064 ἀνωτάτω
505 2038 545 2069 εἰς
554 2037 603 2072 τὴν
613 2037 667 2064 τῶν
680 2037 818 2073 προέδρων
828 2038 920 2074 τιμὴν,

140 2085 188 2110 καὶ
202 2084 311 2119 προσέτι
324 2083 432 2120 βάθροις
446 2084 474 2110 ἐν
488 2083 563 2115 τάξει
575 2084 630 2115 τοῖς
644 2083 704 2109 καθ’
716 2083 837 2119 ὃλου(27)
851 2085 921 2111 κατὰ

139 2129 171 2157 τὸ
187 2130 289 2166 πρέπον
310 2131 461 2166 κοσμήσας,
483 2130 524 2164 ἐφ’
547 2129 631 2156 ἅπασί
653 2137 682 2155 τε
707 2129 737 2155 τὸ
757 2129 811 2156 τῶν
836 2130 921 2164 ἁγίων

141 2174 235 2208 Ἀγιον
246 2175 435 2209 θυσιαστήριον
450 2175 478 2201 ἐν
493 2175 566 2211 μέσῳ
579 2176 644 2208 Θεὶς,
660 2175 736 2207 αὖθις
751 2176 796 2202 καὶ
809 2176 871 2203 τάδε
885 2176 922 2208 ὡς

141 2219 174 2246 ἂν
184 2220 224 2255 εἴη
235 2221 290 2251 τοῖς
302 2220 406 2252 πολλοῖς
419 2220 515 2251 ἄϐατα,
528 2223 582 2252 τοῖς
594 2221 646 2247 ἀπὸ
658 2221 734 2253 ξύλου
744 2230 775 2247 πε
781 2221 922 2256 ριέφραττε

141 2266 267 2297 δικτύοις,
284 2267 323 2297 είς
337 2267 419 2301 ἄκρον
434 2268 556 2301 ἐντέχνου
576 2267 754 2303 λεπτουργίας
768 2268 920 2303 ἐξησκημὲ-
933 2269 954 2296 D

175 2310 198 2326 ⁹⁰
212 2311 278 2346 Agg.
292 2319 322 2345 tt,
341 2311 384 2339 l0.

140 2364 200 2396 nem
214 2359 322 2390 erectis,
333 2359 418 2396 μῆκος
425 2359 496 2396 enim
510 2359 597 2392 posuit
611 2366 660 2393 pro
678 2358 830 2392 altitudine,
843 2363 914 2396 quod

139 2392 302 2426 interpretes
316 2392 370 2420 non
387 2395 521 2421 viderunt.

138 2431 148 2455 £-
172 2427 228 2462 (24)
242 2428 344 2455 Μέσον
355 2429 468 2462 αἴθριον
481 2429 571 2462 ἠφίει.
582 2428 707 2463 lnlelligit
721 2429 836 2456 medium
853 2431 915 2460 illud

138 2463 255 2499 spatium
273 2463 322 2489 sub
335 2464 407 2494 divo,
419 2464 488 2497 qttod
504 2470 620 2498 quatuor
633 2465 750 2498 undique
767 2466 915 2499 porticibus

138 2497 312 2524 claudebatur
325 2506 331 2524 :
348 2499 441 2525 eadem
459 2497 536 2532 plane
549 2499 646 2531 forma,
661 2506 714 2533 qua
735 2497 913 2529 in'hodiernis

138 2533 310 2560 monasteriis
323 2538 385 2559 sunt
400 2541 458 2566 qua:
474 2539 601 2560 roeantur
614 2533 735 2567 pratella.
751 2535 826 2567 Quod
840 2537 911 2562 enim

138 2568 264 2593 monachi
280 2573 375 2594 vocant
399 2569 563 2600 claustrum,
588 2569 652 2595 nihil
671 2569 741 2595 aliud
767 2575 809 2596 est
830 2578 910 2604 qttam

138 2608 256 2634 quatuor
276 2603 394 2636 porticus
406 2623 414 2634 ,
428 2610 540 2636 quarum
565 2604 591 2630 in
608 2604 695 2630 ntcdio
716 2604 790 2630 locus
806 2603 847 2631 est
862 2607 911 2632 sub

138 2638 199 2662 diro
214 2645 291 2669 «ptem
312 2638 452 2671 pratellunt
472 2644 577 2664 vocant.
596 2637 648 2665 Sed
667 2644 692 2665 ct
709 2639 734 2665 in
751 2639 910 2672 quibusdam

141 2673 307 2699 monasteriis
321 2693 327 2704 ,
342 2673 415 2699 locus
433 2672 475 2698 ille
491 2673 636 2700 subdivalis
654 2673 780 2701 cancellis
793 2675 912 2702 munitus

139 2710 188 2734 νει.
204 2707 295 2733 eodem
311 2708 388 2741 plane
403 2708 481 2733 modo
496 2715 548 2741 quo
572 2708 702 2735 Eusebius
725 2709 750 2734 in
775 2710 843 2736 atrio
860 2710 909 2736 Ec-

137 2740 225 2776 clesia:
240 2740 422 2776 'l‘yri'l'actuut
437 2749 496 2768 esse
507 2740 580 2769 dicit
591 2763 599 2775 ,
615 2751 647 2769 ne
662 2743 765 2770 scilicet
784 2744 912 2776 juventus

137 2775 162 2801 in
181 2784 241 2803 eum
261 2775 348 2803 locum
366 2778 410 2809 qui
427 2776 536 2803 ﬂoribus
550 2778 654 2805 conseri
671 2778 749 2809 solet,
762 2775 868 2805 insiliat.
883 2779 911 2805 id

136 2815 224 2837 autem
241 2812 327 2838 Latini
349 2812 455 2845 proprie
468 2813 564 2838 atrium
586 2813 727 2839 vocabant.
742 2813 821 2840 Certe
834 2813 913 2840 lsnlo—

137 2850 182 2872 rus
204 2847 273 2873 atrio
297 2851 350 2873 tres
377 2846 496 2880 porticus
515 2848 682 2874 extrinsecus
696 2847 802 2882 adiungi
820 2848 912 2875 solitas

134 2887 195 2906 esse
204 2881 284 2907 dicit.

169 2915 225 2950 (25)
239 2916 298 2950 Τὴν
313 2916 425 2943 τούτων
439 2916 510 2943 θέαν
524 2916 791 2951 παραμειψάμενος.
807 2917 912 2945 Musca-

983 299 1106 333 precibus
1121 299 1203 334 380
1217 307 1248 326 ac
1263 300 1504 334 supplicatiouilms
1526 302 1670 336 placasset,
1696 311 1761 330 con-

983 344 1147 378 spirautibns
1159 344 1404 373 ontuiumvestrum
1417 350 1487 374 votis
1499 352 1580 382 atque
1603 349 1760 382 sententiis;

982 397 1096 423 cumque
1108 398 1169 416 eum
1187 391 1232 424 qui
1247 390 1321 417 solus
1338 397 1460 419 mortuos
1482 393 1515 419 ad
1531 393 1613 420 vitam
1639 400 1760 427 revocat,

981 435 1169 462 auxiliatorem
1190 437 1240 463 sibi
1256 441 1337 471 atquc
1352 437 1504 472 adjtttorem
1522 439 1693 472 adscivisset,
1708 441 1762 468 Ec-

981 482 1087 508 clesiam
1107 483 1175 510 hanc
1189 483 1341 517 prolapsam
1356 484 1496 516 excitarit,
1515 493 1576 512 cum
1599 486 1670 513 illam
1687 488 1762 521 prius

980 529 1051 555 omni
1068 529 1127 556 labe
1144 535 1298 565 purgasset,
1321 535 1349 557 et
1375 532 1581 559 medicamentis
1607 533 1761 560 salubribus

981 573 1140 601 curavisset.
1159 573 1217 601 1am
1233 583 1296 601 vero
1320 582 1380 602 eam
1397 581 1472 603 veste
1497 577 1689 609 circumdedit,
1708 586 1760 605 non

981 619 1026 645 illa
1041 625 1141 653 vetere,
1158 621 1205 648 sed
1223 629 1303 656 quam
1323 630 1417 649 rursus
1429 630 1460 650 ex
1473 623 1572 650 divinis
1585 624 1704 651 oraculis
1720 626 1761 651 di-

980 664 1093 697 dicerat,
1112 666 1138 692 in
1155 666 1253 700 quibus
1268 667 1368 694 diserte
1388 667 1545 702 praedictum
1559 673 1620 696 est:
1641 679 1649 694 ι
1664 669 1697 695 Et
1709 670 1762 696 erit

980 710 1115 743 posterior
1137 710 1224 744 gloria
1250 712 1347 738 domus
1371 711 1450 744 hujus
1471 712 1549 747 longe
1578 720 1660 747 supra
1686 713 1762 748 prio-

981 762 1036 780 rem
1053 754 1088 781 ".
1106 764 1115 781 3
1136 755 1227 790 Itaque
1252 755 1336 782 multo
1350 757 1505 791 ampliorem
1525 758 1612 784 locum
1635 762 1759 790 metatus,

979 800 1139 827 exteriorem
1151 801 1258 834 quidem
1271 801 1403 828 ambitum
1422 810 1498 829 nturo
1512 803 1630 838 undique
1642 811 1762 830 commu-

979 846 1056 878 nivit,
1071 846 1117 880 qui
1134 847 1216 873 totius
1229 848 1319 881 operis
1332 848 1496 874 tulissimmn
1509 853 1580 876 esset
1603 857 1760 884 propugna-

979 892 1080 919 culum.
1093 892 1218 927 Maguum
1239 893 1335 921 deinde
1348 899 1429 928 atque
1441 894 1577 921 excelsum
1593 895 1757 922 vestibulutn

942 925 964 955 Β
978 939 1012 966 ad
1034 939 1107 973 ipsos
1122 939 1188 966 solis
1206 939 1322 966 orientis
1347 940 1438 966 radios
1462 941 1603 973 extendit;
1629 941 1663 968 iis
1684 942 1758 976 quia

977 992 1056 1012 sacro
1072 985 1124 1012 loci
1150 985 1251 1012 ambitu
1265 985 1373 1020 longius
1389 986 1482 1013 remuti
1495 991 1567 1019 sum,
1583 992 1758 1022 conspectum

977 1031 1117 1065 quemdam
1133 1038 1238 1064 eorum,
1253 1039 1313 1066 quae
1335 1033 1406 1059 intus
1429 1033 1623 1065 reconduntur,
1652 1034 1759 1061 abunde

976 1076 1116 1108 exhibens,
1130 1082 1158 1103 et
1171 1077 1265 1104 oculos
1277 1085 1370 1104 eorum
1386 1077 1430 1109 qui
1452 1085 1467 1104 a
1491 1077 1542 1104 [ide
1558 1083 1651 1105 nostra
1675 1079 1757 1105 alieni

976 1127 1047 1154 sunt,
1058 1122 1091 1149 ad
1102 1122 1294 1157 conspicienda
1307 1123 1398 1150 limina
1409 1123 1608 1157 quodammodo
1621 1124 1756 1157 inritans;

976 1175 1010 1195 ne
1021 1170 1161 1203 quisquam
1175 1168 1242 1196 forte
1258 1173 1459 1202 praetercurrat,
1484 1169 1529 1204 qui
1552 1177 1605 1196 non
1628 1178 1758 1205 compun-

976 1219 1051 1249 gatur
1063 1214 1164 1246 animo,
1177 1219 1231 1241 tum
1241 1221 1274 1241 ex
1288 1215 1416 1241 memoria
1429 1215 1574 1249 praeterita:
1587 1215 1755 1248 solitudinis,

976 1266 1031 1287 tum
1049 1268 1081 1287 ex
1102 1261 1234 1295 stupendo
1255 1261 1396 1294 prtesentis
1418 1261 1507 1294 operis
1533 1261 1676 1288 miraculo.
1700 1261 1758 1289 Hoc

975 1305 1044 1332 enim
1073 1305 1152 1332 modo
1176 1310 1364 1339 compitnctos,
1392 1306 1492 1333 attrahi
1508 1310 1535 1332 et
1552 1305 1585 1332 ad
1600 1307 1756 1341 ingredien-

974 1352 1037 1378 dum
1060 1351 1129 1378 allici
1156 1358 1236 1386 posse
1260 1356 1371 1386 aspectu
1388 1351 1446 1386 ipso
1463 1352 1592 1386 speravit.
1621 1351 1754 1380 leernm

974 1397 1018 1423 ubi
1031 1401 1121 1431 portas
1134 1396 1274 1431 ingressus
1291 1397 1341 1428 sis,
1355 1404 1408 1423 non
1432 1397 1524 1424 statim
1550 1398 1664 1432 impuria
1680 1403 1706 1425 et
1721 1398 1754 1424 il-

974 1443 1038 1470 lotis
1050 1442 1166 1476 pedibus
1187 1443 1214 1469 iu
1235 1442 1384 1470 sacrarium
1408 1442 1521 1469 introire
1543 1442 1675 1476 permisit.
1701 1443 1753 1470 Sed

974 1488 1044 1516 inter
1066 1488 1193 1523 templum
1219 1495 1251 1515 ac
1277 1488 1438 1516 vestibulum
1465 1490 1583 1515 maximo
1613 1490 1754 1517 intervalla

974 1534 1079 1566 relicto,
1096 1534 1146 1561 hoc
1159 1534 1274 1568 spatium
1293 1535 1319 1560 in
1344 1534 1468 1569 quadrati
1494 1535 1610 1568 speciem
1637 1535 1754 1561 circuiu-

974 1584 1078 1614 septum
1094 1584 1209 1614 quatuor
1225 1579 1340 1614 obliquis
1362 1579 1512 1614 porticibus
1537 1580 1752 1614 circumquaque

974 1627 1127 1660 exornavit,
1143 1634 1203 1662 qua:
1228 1626 1360 1654 columnis
1385 1628 1503 1662 nudique
1520 1627 1690 1654 attolluntur.
1709 1628 1755 1655 ln-

975 1673 1151 1700 tercolumnia
1169 1679 1251 1707 porro
1268 1673 1324 1707 ipsa
1339 1673 1423 1707 septis
1437 1681 1453 1700 e
1468 1674 1540 1708 ligno
1553 1673 1711 1705 reticulatis,
1728 1675 1752 1700 in

974 1719 1137 1746 mediocrem
1155 1724 1183 1746 et
1201 1727 1348 1754 congruam
1366 1719 1534 1746 altitudinem
1550 1719 1628 1746 elatis
1640 1720 1754 1747 circnm-

973 1763 1063 1792 clusit.
1083 1763 1199 1790 Medium
1213 1768 1303 1791 autem
1328 1763 1446 1798 spatium
1464 1768 1587 1799 apertum
1608 1770 1635 1791 et
1660 1769 1753 1798 patens

974 1809 1094 1844 reliquit,
1111 1813 1142 1836 ut
1166 1815 1193 1836 et
1217 1809 1278 1837 cmli
1303 1814 1440 1844 aspectum
1465 1810 1604 1844 praeberet,
1623 1815 1751 1837 ctaerem

973 1854 1139 1887 splendidum
1153 1854 1271 1888 solisque
1289 1855 1371 1881 radiis
1387 1854 1576 1880 collustratnm
1597 1859 1750 1888 pratstarct.

972 1899 1022 1926 llic
1030 1899 1355 1933 sacrarumexpiatiuutttn
1364 1900 1439 1934 signa
1454 1901 1558 1935 posuit;
1578 1901 1665 1928 fontes
1678 1902 1753 1928 scili«

973 1950 1014 1972 cet
1028 1952 1061 1972 ex
1077 1945 1190 1971 adverso
1204 1943 1326 1971 ecclesia:
1344 1949 1473 1976 structos,
1502 1944 1546 1978 qui
1574 1945 1688 1979 interius
1707 1954 1751 1972 sa-

971 1991 1088 2020 crarium
1106 1991 1268 2026 ingreSSuris
1285 1990 1411 2024 copiosos
1426 1990 1521 2018 latices
1538 1992 1572 2017 ad
1587 1991 1750 2018 ablucndum

972 2038 1167 2066 ministrarent.
1181 2037 1269 2070 Atque
1284 2036 1336 2063 hoc
1356 2037 1470 2071 prinmm
1490 2037 1649 2063 intrantium
1662 2038 1751 2064 diver-

971 2084 1072 2112 sorimn
1093 2088 1155 2114 est;
1181 2083 1285 2109 cunctis
1309 2083 1417 2116 quidem
1441 2087 1565 2108 ornatum
1588 2090 1620 2110 ac
1634 2083 1748 2110 nitorem

971 2130 1140 2158 concilians:
1161 2129 1192 2156 iis
1219 2137 1283 2156 vero
1308 2129 1352 2163 qui
1376 2128 1544 2156 institutione
1567 2129 1655 2157 adhuc
1680 2137 1750 2163 opus

970 2178 1082 2208 habent,
1101 2180 1294 2210 congruentem
1317 2175 1441 2209 praebens
1476 2175 1656 2202 mansionem.
1688 2175 1748 2202 Jam

970 2231 1033 2251 vero
1046 2223 1097 2250 hoc
1111 2221 1294 2257 spectaculum
1319 2225 1522 2255 prmtervcctns,
1541 2220 1663 2254 pluribtts
1685 2222 1748 2249 aliis

969 2268 1146 2296 interioribus
1157 2266 1301 2293 vestibulis
1316 2266 1406 2292 aditus
1420 2266 1452 2291 ad
1471 2265 1599 2299 templum
1621 2270 1747 2300 patentes

967 2363 1008 2389 his
1026 2359 1124 2387 vertit:
1142 2367 1151 2383 ί
1171 2357 1240 2391 Quin
1256 2361 1283 2384 et
1296 2356 1392 2383 horum
1410 2362 1553 2392 conspectu
1568 2358 1715 2392 praeterito.
1737 2368 1746 2384 ι

965 2395 1228 2428 (lltristophorsonus
1243 2400 1306 2418 vero
1324 2393 1400 2426 longa
1414 2394 1558 2428 verborum
1575 2393 1700 2427 ambage,
1720 2399 1749 2420 ιιι

966 2432 1045 2463 solet,
1062 2427 1132 2455 hunc
1149 2428 1235 2454 locum
1251 2427 1287 2463 ita
1299 2427 1454 2459 expressit:
1475 2436 1484 2452 ι
1502 2427 1572 2460 Quin
1591 2427 1673 2463 etiam
1696 2436 1746 2462 qui.

966 2468 1032 2493 istas
1042 2463 1120 2491 resad
1133 2463 1224 2489 oculos
1231 2462 1375 2495 capiendos
1388 2469 1482 2496 magna
1493 2470 1603 2496 operum
1616 2462 1748 2489 varietate

965 2500 1096 2528 concinne
1121 2497 1279 2524 illustraret.
1302 2506 1311 2522 ι
1337 2497 1400 2529 Qua:
1424 2497 1533 2530 quidem
1556 2497 1747 2530 interpretatio

965 2535 1055 2562 verbis
1080 2532 1187 2559 Eusebii
1214 2531 1369 2558 nullatenus
1390 2531 1542 2565 respondet.
1560 2531 1652 2566 itaque
1670 2540 1747 2558 nemo

963 2576 1015 2603 est,
1031 2574 1059 2596 ιιι
1072 2568 1180 2603 opinor.
1199 2566 1244 2600 qui
1267 2565 1379 2603 Musculi
1397 2567 1558 2603 versionem
1573 2565 1745 2603 commodiu-

965 2601 1020 2632 rem
1035 2609 1060 2630 et
1076 2602 1211 2629 meliorem
1226 2602 1400 2635 nonjttdicet.
1418 2601 1665 2637 Παραμειψάμενος
1683 2609 1747 2633 ergo

962 2640 1011 2676 τήν
1023 2638 1124 2666 τούτων
1136 2636 1203 2676 θέαν.
1213 2637 1281 2662 ident
1295 2636 1365 2662 valet
1376 2644 1418 2667 ac,
1430 2636 1639 2676 pra:_tergresstts
1651 2637 1745 2663 harum

964 2671 1055 2701 rerum
1068 2671 1267 2707 spectaculum;
1281 2678 1340 2702 sett,
1356 2681 1365 2696 ι
1379 2673 1536 2699 transmisso
1548 2673 1642 2699 harum
1656 2678 1746 2698 rerum

973 2706 1125 2744 spei-larido
1142 2706 1252 2744 ultt't‘itls
1266 2713 1433 2744 progressus.
1448 2741 1461 2744 _
1489 2741 1512 2744 __
1541 2742 1546 2744 _
1612 2734 1629 2744 μ,

999 2745 1053 2779 (26)
1067 2741 1284 2779 Παραπήγμασί
1304 2749 1336 2767 τε
1346 2741 1471 2775 χαλκοῦ.
1485 2741 1745 2776 Cltristopltorsomts

966 2778 1048 2806 vertit
1065 2788 1073 2803 ι
1092 2778 1234 2811 repagulis.
1256 2785 1264 2801 ι

1001 2814 1056 2848 (ΞἹ)
1071 2812 1194 2845 Βάθροις
1206 2811 1240 2837 ἐν
1256 2810 1336 2843 τάξει
1356 2810 1418 2844 τοῖς
1431 2811 1496 2837 καθ’
1512 2810 1594 2838 ὅλου.
1611 2811 1656 2838 Sic
1677 2811 1739 2844 jam-

967 2849 1070 2882 pridem
1085 2848 1252 2882 coujcceram
1264 2847 1434 2882 scribendum
1451 2853 1520 2877 esse,
1534 2851 1562 2882 ut
1577 2853 1607 2872 cx
1622 2848 1744 2877 versione

967 2881 1059 2910 nostra
1073 2887 1187 2916 apparet
1199 2889 1247 2915 pro
1260 2881 1330 2915 vulg.
1343 2881 1470 2908 καθόλου·
1484 2881 1590 2908 tandem
1603 2888 1666 2907 vero
1680 2889 1743 2907 cou-

964 2918 1097 2950 jecturam
1127 2924 1212 2943 meam
1248 2917 1417 2943 continuavit
1442 2916 1638 2943 vetustissimus
1662 2921 1742 2942 coite:
