2013 3179
246 176 296 204 871

247 237 317 264 Dens
339 240 400 264 tuus
423 243 431 263 :

246 283 326 318 383
346 283 371 309 in
389 283 575 310 misericordia
592 290 688 317 magna
709 283 858 310 miserebor
874 283 922 310 lui.
943 283 970 310 In
985 283 1026 310 ira

247 329 296 355 levi
310 328 394 354 averti
410 328 507 355 faciem
517 336 604 355 meam
626 328 675 355 abs
694 333 739 361 le;
758 333 785 355 et
800 330 826 355 in
842 329 1024 356 misericordia

246 380 343 402 acterna
359 375 506 402 miserebor
519 376 554 401 lui
567 395 574 406 .
585 375 651 402 dixit
664 375 826 410 Redemptor
841 376 972 412 Dominus
981 376 1024 404 "1

244 420 378 455 Exsurge,
405 428 529 453 exsurge,
561 428 620 454 quae
640 420 731 448 bibisti
765 422 797 448 de
815 429 895 448 manu
920 422 1025 449 Domini

245 467 358 494 caliccm
377 467 478 494 furoris
495 466 565 502 ejus.
582 467 698 495 Calicem
726 468 796 495 enim
823 469 918 501 ruinae,
943 476 1026 503 pocu-

245 513 301 540 lum
319 513 420 541 furoris
439 514 490 541 mei
513 514 618 541 ebibisti
635 519 717 549 atque
738 514 902 542 eshausisti:
923 519 951 542 et
970 522 1024 542 non

245 564 305 586 erat
318 560 366 594 qui
380 560 567 587 consolaretur
582 565 606 587 te
622 561 647 587 in
664 561 789 588 omnibus
803 560 865 588 ﬁliis
886 561 940 588 tuis
958 569 1025 595 quos

244 606 377 640 genuisti:
396 613 445 632 nec
457 611 516 633 erat
528 607 572 641 qui
587 606 801 640 apprehenderet
815 614 923 633 manum
940 611 1022 634 tuam.

244 653 315 680 Ecce
339 654 386 680 tuli
409 654 442 681 de
465 662 545 681 manu
575 659 620 681 tua
643 655 754 682 calicem
779 655 873 687 ruina),
897 655 1022 689 poculum

243 699 346 728 furoris
361 701 424 727 mei.
444 699 497 728 Nec
514 701 624 736 adjicies
645 701 715 728 ultra
734 705 763 728 ut
787 701 863 729 bibas
878 701 972 728 illum:
991 702 1024 728 Et

244 746 314 773 dabo
334 746 406 773 illum
432 746 457 773 in
483 754 578 774 manus
591 755 683 774 eorum
702 748 747 782 qui
769 752 794 775 te
809 747 938 782 injustitia
960 747 1023 775 affe-

244 796 341 819 cerunt
360 800 392 819 ac
415 792 615 827 depresserunt.
638 793 773 828 Exsurge,
795 801 920 828 exsurge,
943 793 1024 821 indue

244 837 444 871 fortitudinem,
470 839 550 865 imlue
573 838 683 872 gloriam
701 843 783 866 tuam.
807 839 909 866 Excute
930 839 1023 874 pulve-

243 892 301 911 rem
321 891 348 911 et
368 893 456 920 surge.
481 884 567 917 Sede,
596 885 668 912 solve
693 885 833 911 vinculum
853 885 913 912 colli
936 885 973 912 tui
987 885 1021 912 “.

243 931 344 958 Attolle
359 932 569 966 circumquaque
584 932 676 959 oculos
698 937 768 964 tuos,
784 937 811 959 et
825 932 884 959 vide
905 939 1021 966 congre-

243 981 320 1011 gatos
344 978 413 1004 lilios
439 982 508 1004 tuos.
532 977 600 1004 Ecce
624 977 780 1012 congregati
807 982 868 1005 sunt
890 982 917 1004 et
940 985 1017 1005 vene-

242 1028 306 1049 runt
325 1023 357 1049 ad
378 1028 414 1050 te.
432 1022 500 1050 Viro
518 1030 577 1057 ego,
599 1023 665 1050 dicit
683 1023 829 1050 Dominus:
851 1023 913 1057 quia
935 1024 1023 1051 omni-

243 1071 294 1096 bus
313 1069 356 1096 his
378 1069 450 1095 velut
467 1074 626 1096 ornamento
647 1069 781 1100 vestieris,
801 1075 826 1096 et
840 1069 1023 1098 circumdabis

244 1115 292 1142 tibi
309 1123 356 1142 eos
377 1115 454 1149 quasi
479 1120 607 1142 ornatum
626 1123 733 1150 sponsa.
757 1115 826 1149 Quia
847 1117 953 1144 deserta
978 1121 1022 1144 tua

243 1167 269 1187 ct
293 1169 355 1195 qum
375 1166 500 1196 corrupta
516 1166 593 1188 erant
609 1169 639 1188 ac
661 1161 796 1196 prolapsa,
819 1170 889 1189 nunc
907 1167 1022 1197 angusta

242 1213 323 1234 erum
339 1207 435 1234 incolis
449 1208 519 1242 luis;
543 1213 569 1235 et
585 1207 663 1242 longe
682 1207 746 1234 tient
767 1209 816 1235 abs
833 1212 859 1234 te
875 1207 920 1242 qui
942 1208 1023 1235 devo-

241 1254 341 1282 l'ahant
357 1259 392 1281 te.
416 1255 510 1281 Dicent
529 1255 601 1282 enim
617 1254 643 1281 in
662 1262 741 1281 aures
760 1258 819 1282 tuas
837 1255 883 1281 lilii
900 1255 936 1281 tui
954 1262 1021 1289 quos

242 1300 556 1335 perdidisti:Angustus
580 1305 620 1327 est
641 1300 705 1327 mihi
733 1300 823 1334 locus;
848 1301 929 1328 facito
956 1302 1021 1329 mihi

243 1345 330 1373 locum
347 1351 377 1373 ut
400 1346 560 1374 inhabilem.
584 1347 617 1374 Et
640 1347 712 1374 dices
734 1347 760 1374 in
778 1348 859 1375 corde
875 1351 936 1374 tuo:
957 1347 1023 1380 Quis

241 1390 308 1419 istos
332 1391 424 1425 genuit
445 1391 530 1418 mihi?
551 1391 605 1425 Ego
626 1392 691 1419 orba
707 1396 734 1418 et
750 1392 840 1419 vidua.
863 1392 917 1420 llos
934 1398 1022 1420 autem

240 1438 303 1472 quis
323 1426 451 1464 ed'ucavit
470 1437 556 1464 mihi?
581 1437 635 1467 Ego
655 1438 782 1465 derelicta
807 1445 865 1465 sum
891 1439 964 1466 sola:
989 1438 1021 1467 Hi

242 1491 308 1510 vero
331 1484 442 1510 ubinam
467 1487 544 1509 crant
565 1482 653 1509 mihi?
670 1491 679 1508 ι
706 1482 767 1510 ΙΙωο
792 1483 875 1511 Isaias
894 1484 1023 1512 vaticina-

243 1533 285 1555 tus
301 1529 386 1556 est":
406 1529 463 1555 haec
477 1529 501 1555 in
514 1528 597 1555 sacris
610 1528 796 1556 Voluminibus
804 1529 836 1556 de
852 1529 928 1557 nobis
940 1530 1023 1556 multo

242 1579 306 1601 ante
322 1575 477 1609 praescripta
498 1579 584 1601 erant.
605 1573 737 1601 Caeterum
760 1576 903 1610 oportebat
923 1581 951 1602 ut
973 1577 1022 1604 lio-

242 1629 303 1648 rum
328 1621 472 1648 verborum
499 1621 640 1647 veritatem
667 1621 749 1647 rebus
778 1621 842 1656 ipsis
863 1622 1021 1656 completam

243 1667 351 1692 tamlcm
368 1666 565 1700 acciperemus.
582 1664 714 1697 Quoniam
729 1666 811 1700 igitur
825 1674 938 1701 sponsus
954 1667 1022 1695 Ver-

241 1712 306 1739 bum
324 1712 369 1739 Dei
391 1713 446 1738 baic
462 1718 568 1746 sponsa:
584 1719 649 1743 sure,
663 1717 843 1740 sacrosanctae
856 1713 957 1741 scilicet
972 1713 1023 1741 Ec-

242 1757 343 1790 clesiae,
369 1757 528 1793 prolocutus
549 1759 647 1791 fuerat,
666 1763 739 1785 recte
759 1764 841 1793 atque
863 1759 956 1786 ordine
973 1766 1021 1786 no-

241 1808 299 1831 ster
323 1805 373 1831 iste
401 1811 506 1838 sponsae
529 1804 661 1836 vcstitor,
684 1803 754 1831 hanc
779 1805 910 1831 desertam
929 1808 956 1831 et
975 1812 1021 1831 va-

241 1856 333 1881 cuam.
352 1854 379 1876 et
399 1854 524 1884 tanquam
544 1850 659 1876 cadaver
677 1849 750 1876 humi
769 1850 915 1883 jacentem,
934 1850 1020 1877 omni-

241 1903 294 1930 que
314 1895 432 1922 humana
449 1902 496 1929 spe
512 1895 681 1927 destitutam,
694 1895 884 1922 communibus
901 1896 1019 1922 omnium

240 1946 361 1968 vestrum
392 1941 533 1975 precibus,
560 1948 657 1968 manus
682 1941 706 1968 ei
734 1945 837 1968 vestras
860 1941 1018 1976 porrigens,

241 1986 289 2013 Dci
306 1987 405 2013 summi
430 1986 549 2013 omnium
566 1986 646 2020 Regis
661 1990 739 2018 nutu,
760 1991 788 2013 et
810 1987 933 2020 praesenti
957 1986 1019 2014 Jesu

240 2029 341 2059 Christi
360 2032 480 2066 potentia
505 2032 592 2059 erexit
614 2036 696 2067 atque
711 2032 848 2059 excitavit.
870 2032 1019 2060 Excitatam

239 2085 306 2105 vero
322 2078 355 2104 ad
379 2085 439 2104 eum
457 2078 566 2104 modum
582 2078 723 2105 constituit
737 2085 769 2105 ac
784 2078 926 2113 disposuit,
939 2085 1019 2112 quem

240 2131 273 2150 ex
300 2131 437 2150 sacrarunt
465 2124 636 2151 oraculorum
669 2124 852 2158 descriptione
877 2124 1018 2151 didicerat.

240 2169 289 2196 Est
313 2168 419 2203 quidem
443 2168 493 2195 hoc
518 2176 584 2203 opus
604 2167 775 2202 miraculum,
794 2174 821 2196 et
839 2169 911 2195 omni
934 2169 1020 2195 admi-

240 2215 346 2242 ratione
365 2214 461 2247 majus,
485 2214 518 2242 iis
531 2214 681 2249 praesertim
697 2215 741 2249 qui
763 2215 796 2241 ad
817 2215 901 2242 solam
927 2222 1018 2242 rerum

240 2261 404 2288 exteriorum
428 2260 545 2294 speciem
563 2260 714 2287 attendunt.
736 2259 866 2287 Omnibus
886 2267 950 2287 vero
965 2260 1017 2287 mi-
1033 2270 1055 2298 ι)

240 2307 341 2334 raculis
361 2306 524 2333 mirabiliora
543 2305 624 2342 384
646 2311 708 2334 sunt
729 2307 892 2342 archetypa,
911 2311 938 2334 et
959 2306 1016 2341 pri-

241 2354 340 2380 iuitira:
363 2360 454 2380 corum
479 2353 628 2387 imagines,
650 2352 782 2388 spiritalia
806 2352 914 2387 Deoque
937 2353 1017 2387 digna

1036 1596 1057 1625 C

598 175 732 205 EUSEBll
751 175 992 204 CESARIENSIS
1011 175 1086 205 ODP.
1107 176 1197 205 PARS
1214 176 1236 204 Ι.
1255 191 1291 198 ——
1309 176 1519 205 HlSTORlCA.-

459 234 565 263 Modico
599 240 719 271 tempore
752 236 881 272 dereliqui
914 242 960 270 te;
1005 244 1019 264 ο

1081 237 1244 265 ὲδιδάσκετο.
1259 236 1355 273 Θαῦμα
1370 237 1418 273 μὲν
1433 235 1479 264 οὖν
1494 237 1619 273 μέγιστον
1635 236 1714 264 τοῦτο
1729 237 1775 264 καὶ
1789 238 1862 274 πέρα

1807 179 1862 207 872

1077 283 1166 318 πάσης
1189 283 1360 320 ἐκπλήξεως,
1384 284 1502 320 μάλιστα
1525 285 1581 316 τοῖς
1604 284 1650 311 ἐπὶ
1668 284 1735 320 μόνῃ
1754 286 1786 320 τῇ
1807 286 1862 312 τῶν

1077 330 1175 364 ἔξωθεν
1195 331 1329 367 φαντασίᾳ
1341 331 1386 358 τὸν
1402 331 1464 358 νοῦν
1484 331 1689 367 προσανέχουσι.
1709 331 1861 367 Θαυμάτων

1075 376 1104 403 δὲ
1126 376 1334 413 θαυμασιώτερα
1355 377 1390 405 τά
1410 387 1439 404 τε
1465 377 1618 414 ἀρχέτυπα,
1641 378 1688 405 καὶ
1708 377 1811 405 τούτων
1827 379 1862 406 τὰ

1076 423 1241 458 πρωτότυπα
1254 423 1336 459 νοητὰ
1350 423 1397 450 καὶ
1411 423 1549 458 θεοπρεπῆ
1569 424 1777 460 παραδείγματα
1786 444 1793 456 ,
1810 425 1861 460 τῆς

1075 468 1166 495 ἐνθέου
1188 469 1259 504 φημὶ
1282 469 1329 495 καὶ
1348 468 1460 504 λογικῆς
1473 469 1501 495 ὲν
1516 469 1613 505 ψυχαῖς
1629 470 1771 506 οἰκοδομῆς
1791 471 1860 498 ἀνα-

1075 513 1215 549 νεώματα·
1233 514 1266 549 ἢν
1281 513 1361 546 αὐτὸς
1379 514 1393 539 ὁ
1407 514 1523 547 Θεόπαις
1540 517 1599 542 κατ’
1616 515 1707 543 εἰκόνα
1718 515 1767 552 τὴν
1779 516 1861 549 αὐτὸς

1074 558 1157 586 αὑτοῦ
1178 559 1382 595 δημιουργήσας
1393 579 1400 592 ,
1418 560 1503 596 πάντη
1521 568 1550 586 τε
1571 560 1700 587 καὶκατὰ
1723 561 1812 588 πάντα
1829 561 1860 588 τὸ

1075 603 1222 630 θεοείκελον
1234 604 1335 640 δεδωρη
1341 604 1428 639 μένος,
1448 604 1584 640 ἄφθαρτον
1600 605 1690 640 φύσιν,
1703 605 1858 641 ἀσώματον,

1073 650 1194 685 λογικὴν,
1213 650 1302 685 πάσης
1318 649 1435 684 γεώδους
1452 650 1517 686 ὕλης
1531 650 1681 688 ἀλλοτρίαν,
1697 652 1861 688 αὑτονοερὰν

1073 697 1167 725 οὐσίαν
1181 697 1236 733 (52)
1247 718 1254 730 ,
1270 697 1343 730 ἅπαξ
1355 698 1385 724 τὸ
1401 698 1508 734 πρῶτον
1523 699 1555 725 ὲκ
1570 698 1616 725 τοῦ
1635 698 1671 734 μὴ
1687 699 1762 730 ὄντος
1776 701 1813 731 εἰς
1828 699 1859 726 τὸ

1073 741 1142 771 εἶναι
1162 745 1374 780 συστησάμενος,
1387 744 1494 780 νύμφην
1512 745 1591 779 ἁγίαν
1602 764 1609 777 ,
1624 745 1671 771 καὶ
1683 745 1750 772 νεὼν
1765 738 1860 772 “itavis-

1074 798 1134 826 ρον,
1158 789 1245 825 ἐαυτῷ
1261 799 1290 817 τε
1307 791 1354 816 καὶ
1375 789 1413 826 τῷ
1426 791 1512 825 Harp).
1534 791 1742 826 κατειργάσατο.
1762 793 1793 818 '0
1811 792 1858 818 καὶ

1074 835 1167 870 σαφῶς
1179 836 1258 867 αὐτὸς
1269 836 1406 871 ὁμολογῶν
1418 836 1540 871 ἐκφαίνει
1549 856 1556 869 ,
1569 837 1655 871 λέγων
1668 845 1675 851 ·
1692 846 1701 862 ι
1713 837 1859 873 Ἐνοικήσω

1073 882 1102 908 ὲν
1117 882 1208 913 αὐτοῖς
1220 883 1266 909 καὶ
1277 883 1503 919 ὲμπεριπατὴσω,
1517 883 1563 909 καὶ
1574 882 1669 919 ἔσομαι
1682 883 1770 910 αὐτῶν
1781 883 1857 916 Θεὸς,

1038 915 1060 944 Β
1076 927 1123 954 καὶ
1139 927 1216 954 αὐτοὶ
1238 915 1411 963 ἔσονταίμοι
1434 915 1505 959 λαός.
1519 937 1529 952 ι
1555 927 1610 954 Καὶ
1623 915 1743 963 ’τοιαύτη
1767 928 1814 963 μὲν

1075 973 1165 1000 τελεία
1181 973 1228 1000 καὶ
1242 973 1433 1009 κεκαθαρμένη
1450 973 1539 1009 ψυχὴ,
1563 973 1680 1009 ἀρχῆθεν
1696 973 1767 1000 οὕτω
1780 981 1858 1008 γεγε-

1076 1019 1178 1056 νημένη
1191 1039 1198 1052 ,
1227 1020 1269 1047 οἵα
1294 1020 1340 1046 τὸν
1365 1019 1488 1056 οὐράνιον
1511 1020 1588 1054 λόγον
1613 1019 1856 1055 ἀγαλματοφορεῖν.

1083 1066 1161 1093 Ἀλλὰ
1179 1065 1233 1102 γὰρ
1248 1065 1337 1101 φθόνῳ
1350 1066 1397 1093 καὶ
1415 1065 1487 1102 ζήλῳ
1507 1066 1553 1092 τοῦ
1570 1066 1747 1102 φιλοπονήρου
1761 1066 1857 1101 δαίμο-

1075 1123 1129 1146 νος,
1145 1113 1294 1150 φιλοπαθὴς
1303 1113 1350 1140 καὶ
1362 1113 1540 1148 φιλοπόνηρος
1556 1112 1585 1146 ἐξ
1598 1113 1767 1146 αὑτεξουσίου
1782 1112 1858 1148 αἱρέη

1077 1168 1144 1191 σεως
1162 1159 1292 1195 γενομένη
1303 1179 1310 1191 ,
1325 1159 1587 1194 ὑπαναχωρήσαντος
1609 1158 1692 1193 αὐτῆς
1707 1157 1753 1184 τοῦ
1767 1157 1856 1189 Esto-.5

1075 1206 1114 1237 ὼς
1126 1205 1158 1232 ἂν
1173 1205 1219 1240 ἕρη
1225 1213 1274 1241 μος
1285 1205 1446 1240 προστάτου,
1461 1203 1594 1235 εὐάλωτος
1603 1203 1649 1230 καὶ
1661 1203 1701 1234 είς
1711 1202 1857 1237 ἐπιϐουλὴν

1076 1251 1189 1286 εὐχερὴς
1197 1253 1251 1283 τοῖς
1261 1252 1293 1277 ὲκ
1304 1250 1407 1286 μακροῦ
1418 1249 1557 1284 διαφθονου
1561 1249 1649 1284 μένοις
1658 1248 1856 1282 ὰπελήλεγκται

1077 1297 1141 1332 (55),
1147 1298 1207 1328 ταῖς
1217 1305 1246 1323 τε
1255 1296 1308 1323 τῶν
1318 1296 1438 1331 ἀοράτων
1446 1295 1491 1330 ὲχθ
1497 1295 1549 1331 ρῶν
1559 1294 1604 1322 καὶ
1611 1293 1712 1329 νοητῶν
1720 1293 1856 1329 πολεμίων

1076 1342 1211 1369 ἑλεπόλεσι
1226 1342 1273 1368 καὶ
1295 1343 1428 1377 μηχαναῖς
1444 1339 1651 1373 καταϐληθεῖσα.
1667 1338 1764 1373 πτῶμα
1782 1338 1855 1371 ἐξαί-

1077 1397 1132 1415 σιον
1149 1388 1373 1418 κατα-πέπτωκεν,
1388 1387 1428 1418 είς
1442 1387 1502 1412 ὅσον
1520 1385 1574 1410 οὐδ’
1585 1385 1631 1410 ἐπὶ
1647 1384 1712 1420 λίθῳ
1723 1384 1797 1411 λίθον
1805 1385 1856 1420 τῆς

1076 1435 1175 1470 ἀρετῆς
1187 1434 1292 1461 ἑστῶτα
1304 1434 1332 1460 ὲν
1346 1434 1412 1468 αὐτῇ
1426 1431 1569 1466 διαμεῖναι.
1588 1430 1650 1466 ὅλην
1660 1430 1688 1457 δὲ
1703 1429 1788 1457 διόλου
1803 1438 1855 1466 χα-

1077 1481 1126 1516 μαὶ
1142 1481 1246 1508 κεῖσθαι
1272 1480 1380 1516 νεκρὰν,
1395 1478 1447 1507 τῶν
1459 1478 1522 1513 περὶ
1533 1476 1597 1504 Θεοῦ
1613 1476 1734 1512 φυσικῶν
1745 1476 1855 1504 ἐννοιῶν

1076 1527 1189 1562 πάμπαν
1199 1527 1334 1561 ἀπεστερη
1340 1524 1432 1559 μένην.
1444 1523 1620 1549 Πεπτωκυῖαν
1633 1522 1664 1558 δὴ
1677 1521 1776 1557 ταύτην
1788 1521 1855 1550 €st-

1075 1581 1123 1608 νην
1137 1572 1185 1608 τὴν
1202 1572 1260 1598 κατ’
1275 1571 1365 1597 εἰκόνα
1377 1569 1443 1596 Θεοῦ
1463 1569 1736 1601 κατασκευασθεῖσαν,
1754 1569 1852 1605 ἐλυμή-

1073 1627 1136 1646 νατο
1149 1619 1197 1653 οὐχ
1210 1614 1241 1650 ὗς
1255 1614 1330 1649 οὗτος
1342 1617 1356 1643 ό
1370 1617 1402 1642 ἐκ
1415 1615 1516 1652 δρυμοῦ
1531 1615 1577 1642 τοῦ
1591 1617 1654 1651 παρ’
1665 1616 1729 1650 ἡμῖν
1743 1615 1852 1651 ὁρατοῦ,

1071 1663 1139 1690 ἀλλά
1155 1671 1197 1694 τις
1212 1662 1370 1698 φθοροποιδς
1382 1662 1499 1696 δαίμων,
1523 1660 1569 1687 καὶ
1589 1660 1670 1696 θῆρες
1684 1660 1773 1697 ἄγριοι
1792 1669 1853 1696 νοη-

1070 1709 1111 1735 τοί
1124 1717 1130 1724 ·
1153 1708 1177 1735 οἳ
1197 1708 1243 1735 καὶ
1259 1709 1314 1740 τοῖς
1336 1707 1448 1734 πάθεσιν
1466 1703 1510 1733 οἶα
1532 1707 1787 1742 πεπυρακτωμένοις
1802 1707 1853 1742 τῆς

1072 1755 1145 1789 σφῶν
1159 1755 1257 1786 κακίας
1272 1754 1375 1789 βέλεσιν
1387 1753 1442 1787 (54)
1455 1753 1538 1788 αὐτὴν
1551 1753 1743 1788 ὲξυφάψαντες.
1757 1754 1852 1780 ἐνεπύ-

1073 1809 1149 1836 ρισαν
1170 1801 1198 1827 ὲν
1221 1800 1287 1835 πυρὶ
1303 1800 1333 1826 τὸ
1346 1799 1416 1826 θεῖον
1430 1799 1512 1831 ὅντως
1526 1799 1700 1836 ἁγιαστήριον
1713 1800 1758 1826 τοῦ
1771 1799 1852 1833 Θεοῦ,

1070 1849 1110 1879 είς
1124 1846 1172 1882 τὴν
1183 1847 1234 1882 γῆν
1247 1854 1276 1872 τε
1289 1845 1458 1881 ὲὸεϐήλωσαν
1473 1845 1502 1872 τὺ
1516 1846 1646 1881 σκήνωμα
1661 1845 1708 1872 τοῦ
1723 1846 1851 1881 ὀνόματος

1070 1893 1165 1919 αὐτοῦ·
1183 1890 1240 1918 εἷτα
1258 1892 1346 1927 πολλῷ
1360 1892 1399 1928 τῷ
1412 1891 1587 1927 προσχώματι
1609 1891 1658 1926 τῆν
1677 1891 1769 1918 ἀθλίαν
1787 1900 1851 1919 κατ-

1070 1938 1228 1974 ορύξαντες,
1240 1939 1279 1970 είς
1294 1937 1451 1965 ἀνέλπιστον
1466 1939 1554 1973 πάσης
1568 1938 1746 1974 περιέτρεψαν
1764 1947 1850 1973 σωτη-

1071 1985 1140 2021 ρίας.
1161 1984 1228 2011 Ἀλλ’
1245 1985 1291 2018 ὅγε
1305 1984 1429 2019 κηδεμὼν
1445 1984 1530 2019 αὐτῆς
1545 1985 1629 2019 Λόγος
1639 2004 1645 2016 ,
1666 1985 1680 2011 ό
1701 1984 1852 2020 θεοιρεγγὴς

1070 2031 1118 2058 καὶ
1132 2031 1273 2066 σωτήριος,
1289 2030 1337 2065 τὴν
1352 2030 1411 2057 κατ’
1429 2030 1506 2063 ἀξίαν
1528 2030 1605 2066 δίκην
1620 2031 1674 2057 τῶν
1687 2031 1851 2067 ἁμαρτημά-

1069 2085 1123 2104 των
1138 2076 1317 2111 ὺποσχοῦσαν,
1335 2074 1410 2108 αὖθις
1427 2076 1582 2112 ὲξυπαρχῆς
1598 2076 1775 2112 ἀνελάμϐανε,
1795 2077 1851 2104 Πα-

1069 2122 1133 2158 τρὸς
1148 2121 1302 2156 παναγάθου
1319 2121 1505 2158 φιλανθρωπίᾳ
1527 2122 1693 2158 πειθόμενος.
1714 2123 1802 2154 Αὑτὰς
1816 2123 1848 2158 δὴ

1069 2166 1114 2195 οὖν
1130 2168 1239 2204 πρώτας
1261 2168 1310 2200 τὰς
1327 2168 1380 2194 τῶν
1402 2169 1530 2195 ἀνωτάτω
1547 2168 1740 2203 βασιλευόντων
1760 2169 1847 2204 ψυχὰς

1070 2214 1262 2250 προελόμενος,
1284 2214 1338 2241 τῶν
1359 2215 1407 2250 μὲν
1426 2214 1561 2242 δυσσεὸῶν
1575 2216 1621 2242 καὶ
1637 2216 1762 2251 ὀλεθρίων
1780 2216 1848 2242 πάν-

1069 2267 1122 2286 των
1134 2279 1141 2291 ,
1157 2259 1246 2286 αὐτῶν
1260 2268 1289 2286 τε
1304 2259 1357 2286 τῶν
1373 2259 1464 2286 δεινῶν
1482 2260 1529 2286 καὶ
1546 2259 1677 2296 θεομισῶν
1700 2261 1845 2296 τυράννων,

1069 2305 1118 2340 τὴν
1131 2305 1290 2341 οἰκουμένην
1305 2305 1410 2333 ἃπασαν
1425 2306 1458 2332 δι’
1470 2306 1558 2332 αὐτῶν
1572 2306 1626 2332 τῶν
1637 2306 1846 2341 θεοφιλεστάτων

1070 2351 1237 2387 ὲκαθήρατο,
1258 2349 1317 2378 εἶτα
1338 2352 1366 2379 δὲ
1388 2352 1451 2384 τοὺς
1472 2351 1545 2387 αὐτῷ
1566 2352 1716 2388 γνωρίμους
1736 2352 1844 2388 ἄνδρας,

275 2423 298 2439 ³³
315 2422 366 2450 lsa.
384 2430 438 2455 LIV,
458 2422 514 2450 4-8.
552 2423 575 2440 οι
590 2422 641 2450 lsa.
661 2431 697 2455 ιι,
715 2423 817 2458 17-25;
830 2431 883 2457 ιιι,
904 2424 962 2451 1-2.
997 2425 1020 2441 ’⁵

1071 2432 1087 2451 ι.
1101 2431 1174 2455 xm,
1189 2422 1279 2451 18-21.

276 2489 331 2524 (δὲ)
349 2490 536 2524 Δὺτονοερὰν
549 2491 666 2518 οὐσίαν.
683 2491 729 2518 Sic
741 2491 855 2518 animam
872 2491 1015 2518 humanam

241 2530 317 2552 vocat
333 2525 473 2557 Eusebius,
491 2527 560 2559 quod
580 2527 615 2553 sit
631 2533 678 2560 per
690 2534 719 2553 se
739 2531 766 2553 et
779 2532 874 2553 natura
901 2535 948 2554 sua
975 2527 1016 2553 iu-

239 2560 372 2597 telligeus.
405 2560 449 2588 Sic
478 2561 628 2595 philosophi
659 2561 756 2597 νοερὰς
790 2561 882 2594 οὐσίας
920 2566 1016 2588 vocant

242 2596 404 2621 substantias
427 2596 571 2629 spiritales,
585 2604 652 2630 quas
668 2596 746 2631 vulgo
764 2596 955 2631 intelligentias
969 2604 1015 2622 vo-

243 2638 343 2657 ramus.
359 2632 392 2656 At
411 2631 670 2665 Christophorsonus
684 2631 778 2666 νοεράν
811 2633 880 2658 idem
913 2632 1015 2666 putavit

243 2672 299 2690 esse
318 2673 349 2691 ac
379 2667 490 2701 νοητήν,
519 2667 591 2699 gravi
621 2674 724 2693 errore.
752 2667 796 2693 Sic
815 2667 885 2693 enim
915 2667 1013 2693 vertit:

246 2708 254 2723 ι
270 2701 450 2736 subsmntialu
464 2702 519 2727 sola
539 2701 635 2727 mentis
652 2702 833 2736 intelligentia:
844 2701 978 2735 cognitam
990 2702 1014 2728 ei

244 2735 274 2771 qui
281 2734 373 2761 buens.
381 2736 473 2769 )Atqui
487 2743 609 2770 maguum
620 2734 765 2763 discrimen
781 2742 822 2762 est
834 2734 902 2762 inter
910 2736 1013 2771 νοητόν,

243 2769 267 2806 id
286 2770 528 2806 Cbltitllelllglblie.
541 2771 752 2806 οινοερόν,‹ιιιοιι
767 2775 807 2797 est
822 2769 1012 2797 intellectuale.

243 2804 453 2840 Namtlhiinmra
479 2805 553 2831 verbi
569 2804 665 2840 gratia,
686 2811 712 2832 ct
728 2806 879 2839 hujusmodi
909 2805 1014 2833 intelle-

243 2844 300 2876 ctus
315 2838 449 2871 ﬁgmenta,
468 2840 550 2875 νοητά
572 2838 652 2876 sunt,
671 2842 716 2868 sed
731 2838 811 2876 νοερὰ
835 2848 1012 2874 nequaquam.

243 2872 341 2909 Eadem
354 2881 404 2900 νοιι
419 2872 539 2901 occurrit
552 2875 631 2902 intra.
645 2872 789 2903 Nebridius
808 2875 834 2902 in
854 2872 965 2909 epistola
980 2876 1010 2903 7t

243 2907 276 2934 nui
300 2907 478 2941 Augustinum
513 2914 655 2943 utrumque
691 2910 792 2944 optime
825 2907 949 2937 distinxit
973 2911 1014 2938 his

1069 2493 1170 2520 verbis.
1193 2492 1287 2520 Potest
1313 2493 1384 2520 enim
1407 2493 1628 2528 quemadmodum
1656 2493 1844 2520 intellectualis

1070 2529 1175 2555 animus
1189 2528 1220 2554 ad
1239 2528 1415 2563 intelligibilia
1431 2536 1479 2556 sua
1495 2529 1606 2555 videnda
1624 2536 1639 2556 a
1655 2536 1734 2556 sensu
1749 2529 1843 2556 admo-

1069 2568 1159 2593 nelur,
1172 2568 1224 2590 ele.
1599 2572 1603 2575 ¹

1104 2598 1447 2634 (55)ηΔιαφθοι-ουμένοις
1476 2597 1704 2632 ἀπελήλργκται.
1738 2598 1783 2625 Sic
1797 2633 1802 2634 γ
1815 2598 1841 2634 in

1069 2634 1145 2660 codd.
1161 2633 1286 2660 Medicrco
1312 2640 1338 2661 et
1356 2635 1422 2660 Maz.
1439 2635 1565 2660 scribitur
1588 2642 1635 2668 pro
1652 2634 1723 2668 vulg.
1744 2633 1842 2660 ἀπολέ-

1068 2668 1184 2696 λειπται.
1203 2669 1276 2700 Quod
1293 2669 1360 2695 Rob.
1388 2669 1540 2702 Stephanus
1560 2670 1746 2702 adnotaverat.
1763 2668 1842 2695 Eant-

1065 2705 1123 2764 delm
1141 2711 1247 2738 quoque
1266 2700 1530 2739 scripturam'habet
1544 2705 1630 2730 codex
1654 2700 1721 2730 Fuk.
1737 2708 1764 2730 et
1791 2703 1841 2730 Sa-

1065 2745 1089 2764 ιιι
1105 2757 1111 2764 ο

1064 2745 1111 2765 νιι.

1098 2773 1474 2808 (Ξυπεπυρακτωμένοις...
1485 2773 1619 2805 βέλεσιν.
1634 2772 1756 2807 lntelligit
1771 2772 1840 2799 mal-

1064 2807 1157 2840 leolos,
1174 2814 1200 2834 et
1214 2809 1364 2842 hujusmodi
1393 2809 1556 2835 incendiaria
1585 2809 1647 2840 tela,
1666 2813 1695 2834 ut
1722 2808 1841 2842 laquitur

1063 2844 1154 2869 Amm.
1175 2841 1357 2870 Marcellinus.
1372 2843 1471 2870 Alludit
1491 2848 1578 2870 autem
1607 2843 1638 2870 ad
1656 2843 1741 2869 locum
1764 2841 1839 2869 Pauli

1064 2877 1189 2911 apostoli,
1210 2878 1254 2912 qui
1269 2878 1376 2905 Satanae
1404 2878 1496 2906 tribuit
1517 2878 1569 2905 tela
1592 2877 1713 2906 ardentia
1740 2878 1839 2912 quibus

1063 2913 1184 2940 homines
1197 2917 1342 2948 oppugnat.
