2013 3179
242 159 294 188 879

594 154 729 184 EUSEBH
747 151 987 182 CIESARIENSIS
1006 150 1080 179 OPP.
1102 149 1191 178 PARS
1210 149 1231 178 ι.
1251 166 1285 170 -
1304 149 1497 178 IllSTOBlCA.

1815 150 1871 178 880

242 218 345 249 divisse,
361 221 389 244 et
409 215 522 249 singulis
543 214 692 242 insidentes
707 217 903 248 apparuerunt.
924 210 1026 239 Verum

1080 209 1155 245 ἡμῶν
1180 209 1228 242 τὰς
1250 210 1366 245 ἀνομίας
1388 210 1481 245 ὴμῶψ
1503 209 1593 241 καθὼς
1623 209 1750 245 οἰκτείρει
1777 208 1873 244 πατὴρ

243 264 269 291 iu
294 264 352 298 ipso
371 262 480 297 quidem
501 260 622 288 omnium
647 259 769 294 principe
790 266 822 285 ac
838 257 966 293 praeside,
985 261 1027 283 to-

243 315 298 341 tus,
319 313 350 336 ut
369 307 518 335 verisimile
532 310 584 338 est,
603 305 702 332 insidet
718 304 852 339 Christus.
870 302 898 330 lu
915 303 948 330 iis
963 309 1028 329 vero

242 357 288 391 qui
309 355 456 384 secundum
472 354 615 389 dignitatis
631 353 720 380 locum
741 352 877 384 obtinent,
893 354 1028 385 quatenus

242 403 358 438 quisque
382 401 523 436 dispertita
546 400 655 427 virtutis
678 398 778 426 Christi
801 397 944 430 sanctique
967 395 1029 430 Spi-

243 451 311 478 ritus
331 449 402 476 dona
426 455 524 482 capere
544 450 644 482 potest.
666 443 806 471 Subsellia
825 449 933 477 quoque
947 448 1030 476 anger

241 497 330 524 lorum
346 499 409 523 sunt
429 494 608 529 quorumdam
627 491 734 521 animm.
754 496 869 525 quorum
894 487 1030 515 institutio

242 549 271 571 et
299 541 423 570 custodia
452 541 505 568 illis
527 539 688 567 demandata
713 540 763 564 est.
791 536 942 571 Augustum
964 541 1031 561 vero

241 595 427 626 magnumque
443 591 472 615 et
489 587 598 614 unicum
621 584 707 612 altare
725 581 863 626 quodnam
882 581 954 626 aliud
978 584 1029 612 est,

243 624 325 670 quam
347 632 445 661 summi
477 631 598 659 omnium
622 626 771 656 sacerdotis
793 624 938 660 purissima
955 631 1032 670 mens

243 669 410 716 prorsusque
429 678 560 705 Sanctum
572 679 728 703 sanctorum
744 672 756 698 τ
776 671 826 699 Cui
846 670 942 698 dexter
963 669 1029 716 assi-

244 714 320 754 stens
342 725 478 752 maximus
495 722 540 750 ille
564 720 686 749 omnium
713 718 855 750 Pontifex,
875 717 933 752 ipse
957 714 1032 743 scili-

243 777 287 800 cet
313 772 391 800 Jesus
404 769 558 804 unigenitus
585 767 632 795 Dei
654 765 752 796 Filius,
782 761 974 790 suavissimum
998 759 1032 787 ab

243 819 370 847 omnibus
394 815 510 844 suflitum
537 819 565 841 et
594 813 733 840 incruenta
754 818 786 837 ac
811 807 945 844 spiritalia
970 813 1033 841 pre—

243 871 304 890 cum
327 861 477 892 sacrificia,
508 858 588 886 hilari
616 857 691 884 vultu
717 861 744 883 et
773 854 878 889 supinis
907 853 1033 880 manibus

1079 255 1153 286 υἱοὺς
1181 254 1276 286 αὑτοῦ,
1299 255 1453 292 ῲκτείρησε
1476 255 1578 291 Κύριος
1602 256 1665 287 τοὺς
1687 255 1873 290 φοϐουμένους

1079 301 1169 328 αὐτόν.
1182 311 1191 326 ι
1208 300 1302 328 Ταῦτα
1323 301 1370 328 καὶ
1391 302 1439 328 νῦν
1462 302 1509 329 καὶ
1526 303 1567 334 εἰς
1583 302 1646 333 τοὺς
1665 293 1736 336 ἑξῆς
1747 300 1876 333 ἅπαντας

1079 348 1191 384 χρόνους
1203 350 1264 381 ταῖς
1280 350 1400 385 μνήμαις
1411 350 1666 386 ἀναζωπυροῦντες,
1681 350 1751 386 ἀτὰρ
1763 350 1810 376 καὶ
1822 350 1875 385 τῆς

1079 394 1220 431 παρούσης
1241 395 1420 432 πανηγύρεως
1441 397 1489 423 καὶ
1510 397 1560 431 τῆς
1576 396 1692 432 φαιδρᾶς
1707 395 1808 432 ταύτης
1824 396 1874 423 καὶ

1079 442 1275 478 λαμπροτάτης
1289 443 1395 478 ἡμέρας
1408 443 1453 469 τὸν
1466 443 1551 470 αἴτιον
1567 444 1614 470 καὶ
1635 443 1872 478 πανηγυριάρχην,

1080 488 1189 524 νύκτωρ
1204 489 1250 515 καὶ
1266 488 1434 524 μεθημεραν,
1448 488 1492 515 διὰ
1505 489 1595 525 πάσης
1607 489 1681 524 ὧρας
1695 488 1741 516 καὶ
1751 488 1784 514 δι’
1796 488 1873 523 ὅλης,

1081 535 1119 566 ὼς
1133 535 1228 565 εἰπεῖν,
1250 535 1386 571 ἀναπνοῆς
1402 536 1430 562 ὲν
1445 535 1482 571 νῷ
1501 535 1696 572 προορώμενοι,
1715 535 1876 570 στέργοντες

1081 580 1129 607 καὶ
1141 580 1265 613 σέϐοντες
1276 581 1364 616 ψυχῆς
1378 581 1426 617 ὅλῃ
1439 581 1562 616 δυνάμει,
1574 581 1621 608 καὶ
1636 580 1683 607 νῦν
1696 580 1874 612 ἀναστάντες,

1084 625 1189 662 μεγάλῃ
1205 625 1350 657 διαθέσεως
1364 627 1438 661 φωνῇ
1454 625 1700 660 καθικετεύσωμεν,
1716 624 1754 657 ὡς
1767 625 1800 651 ἂν
1822 624 1878 651 ὑπὸ

1081 671 1130 708 τὴν
1144 671 1228 699 αὑτοῦ
1246 672 1364 708 μάνδραν
1377 673 1417 704 εἰς
1435 672 1509 704 τέλος
1522 673 1595 707 ἡμᾶς
1616 671 1762 703 σκεπάζων
1778 670 1877 698 διασώ-

1084 717 1167 750 ζοιτο,
1191 717 1239 753 τὴν
1259 718 1324 754 παρ’
1341 717 1424 744 αὐτοῦ
1445 717 1584 753 βραϐεύων
1607 717 1717 753 ἀρραγῆ
1741 718 1788 744 καὶ
1803 718 1877 744 ἄσει-

1084 768 1144 790 στον
1163 763 1275 790 αἰωνίαν
1292 764 1413 799 εἰρήνην,
1429 764 1457 790 ἐν
1475 763 1584 799 Χριστῷ
1604 763 1690 799 Ἰησοῦ
1710 763 1748 798 τῷ
1767 763 1876 799 Σωτῆρι

1082 808 1171 844 ἡμῶν,
1184 809 1216 834 δι’
1229 805 1259 834 οὗ
1273 809 1347 844 αὐτῷ
1362 809 1378 844 ὴ
1392 809 1454 841 δόξα
1471 810 1511 841 εἰς
1527 809 1589 841 τοὺς
1601 809 1761 845 σύμπαντας
1773 809 1877 841 αἰῶνας

1083 854 1137 881 τῶν
1153 854 1268 882 αἰώνων.
1288 855 1384 891 Ἀμήν.

243 905 519 943 suscipiens,ctnlesti
534 904 608 932 Patri
625 907 652 931 et
682 902 870 930 universorum
908 899 963 926 Deo
996 900 1155 927 transmittit
1181 901 1309 935 :primus
1331 901 1388 936 ipse
1410 909 1472 929 eum
1499 902 1634 934 adorans,
1659 902 1786 937 solusque
1810 909 1877 929 cou-

243 958 383 989 gruentem
404 957 524 987 paterna:
563 948 699 984 maiestati
729 949 861 976 honorem
888 945 1043 973 exhibens:
1066 945 1166 973 deinde
1195 953 1260 973 vero
1281 946 1447 980 obsecrans,
1474 953 1504 974 ut
1527 948 1550 975 is
1575 948 1709 982 propitius
1745 948 1876 975 omnibus

242 999 322 1027 nobis
351 1006 384 1026 ac
411 997 544 1031 benignus
573 1000 702 1030 perpetuo
731 1001 792 1021 esse
815 992 890 1020 velit.
923 991 1078 1026 l'lujusmodi
1111 993 1193 1028 387
1227 997 1269 1021 est
1302 1001 1428 1029 magnum
1454 995 1523 1022 illud
1561 995 1702 1030 templum,
1728 995 1798 1030 quod
1825 1002 1875 1029 per

243 1046 398 1073 universum
415 1048 548 1071 terrarum
563 1042 656 1069 orbem
669 1047 782 1076 magnus
796 1039 841 1067 ille
858 1038 950 1066 mundi
964 1038 1053 1073 opifex
1072 1038 1188 1066 Verbqu
1225 1040 1272 1068 Dei
1304 1041 1465 1074 constituit;
1500 1041 1625 1075 hancque
1660 1040 1872 1068 intellectualem

243 1093 387 1127 imaginem
399 1099 492 1119 eorum
508 1097 567 1125 qua:
580 1089 649 1116 ultra
664 1088 736 1123 ipsos
753 1086 816 1114 coeli
837 1085 956 1113 fornices
976 1086 1063 1120 posita
1095 1091 1168 1116 sunt.
1202 1086 1260 1121 ipse
1293 1087 1320 1114 in
1338 1087 1420 1114 terris
1434 1087 1525 1114 denuo
1553 1086 1668 1122 perfecit
1683 1095 1690 1114 :
1706 1090 1735 1113 ut
1749 1087 1784 1114 ab
1798 1086 1875 1113 omni

243 1143 368 1167 creatura
382 1142 410 1165 et
428 1137 462 1164 ab
477 1135 661 1163 animantibus
694 1134 800 1162 ratione
835 1133 968 1168 praeditis,
999 1133 1078 1160 Pater
1096 1133 1180 1169 ipsius
1206 1133 1298 1162 debito
1327 1135 1429 1162 honore
1458 1134 1587 1169 cultuque
1612 1134 1775 1162 afficeretur.
1799 1134 1876 1162 Illam

242 1193 309 1213 vero
323 1184 542 1220 supercmlestem
561 1183 696 1217 regionem
711 1186 739 1209 et
757 1189 789 1208 ea
812 1187 872 1216 qua:
887 1180 940 1207 illic
960 1185 1024 1207 sunt
1043 1179 1208 1215 exemplaria
1223 1180 1319 1207 horum
1335 1188 1396 1215 qum
1415 1180 1460 1208 hic
1490 1181 1648 1208 cernimus:
1665 1187 1808 1215 supernam
1843 1180 1878 1208 il~

239 1234 295 1261 lam
313 1230 491 1262 Hierusalem,
509 1229 648 1257 caelestem
669 1233 787 1256 montem
810 1227 888 1260 Sion,
906 1231 934 1254 et
952 1226 1021 1254 ultra
1042 1226 1171 1253 mundum
1188 1226 1304 1261 positam
1337 1226 1473 1254 civitatem
1497 1226 1544 1254 Dei
1574 1227 1704 1260 viventis,
1721 1227 1748 1254 in
1764 1233 1817 1262 qua
1830 1226 1875 1254 in-

242 1277 428 1306 numerabiles
456 1275 614 1311 angelorum
630 1275 719 1308 chori,
748 1273 908 1301 etEcelesia
926 1272 1166 1308 primogenitorum
1176 1273 1221 1307 qni
1234 1273 1260 1299 in
1279 1272 1340 1300 albo
1360 1272 1508 1300 caelestium
1535 1272 1634 1300 civium
1659 1272 1787 1308 descripti
1801 1277 1875 1306 sunt,

242 1324 408 1351 conditorem
422 1330 499 1349 suum
513 1329 544 1348 ac
560 1329 693 1349 summum
707 1320 828 1348 omnium
854 1320 952 1347 ducem
983 1319 1089 1355 hymnis
1104 1319 1263 1354 quibusdam
1294 1319 1526 1355 inexplicabilibus
1557 1327 1625 1354 quos
1655 1325 1705 1348 nec
1721 1319 1876 1354 intelligen-

241 1369 279 1397 tia
300 1369 407 1403 assequi
434 1375 585 1403 possumus,
604 1364 786 1394 venerantur:
804 1365 893 1393 nullus
921 1365 1074 1392 mortalium
1104 1372 1153 1400 pro
1169 1365 1299 1400 dignitate
1329 1366 1470 1393 celebrare
1484 1365 1633 1394 suffecerit.
1664 1366 1771 1394 Etenim
1792 1375 1802 1392 ι
1824 1374 1877 1393 nec

242 1415 337 1442 oculus
351 1415 427 1446 vidit,
445 1421 494 1440 nec
508 1413 583 1439 auris
600 1412 712 1443 audivit,
727 1419 777 1439 ttec
810 1411 836 1438 in
869 1419 916 1438 cor
940 1412 1057 1438 hominis
1077 1411 1258 1439 ascenderunt
1284 1419 1315 1439 ea
1339 1419 1399 1446 qua:
1419 1413 1487 1440 Deus
1510 1412 1671 1448 prmparavit
1700 1412 1876 1447 diligentibus

242 1469 272 1489 se
285 1462 318 1489 ⁸³.
333 1470 344 1486 ι
360 1460 478 1494 Quarum
499 1458 606 1493 quidem
631 1465 720 1485 rerum
732 1457 787 1491 jam
803 1457 892 1492 aliqua
908 1465 940 1484 ex
956 1461 1033 1492 parte
1052 1456 1099 1484 Dei
1111 1457 1241 1485 beneficio
1256 1462 1394 1493 compotes
1411 1458 1493 1494 facti“
1504 1459 1556 1485 viri
1585 1466 1645 1486 cum
1675 1458 1834 1486 mulieribus
1846 1462 1876 1485 et

243 1508 351 1542 pueris;
367 1505 466 1533 summi
484 1505 586 1539 pariter
611 1503 818 1538 atquejnfimi;
835 1511 929 1531 omnes
961 1503 1041 1531 simul
1060 1511 1113 1531 uno
1136 1503 1233 1538 spiritu
1269 1511 1375 1539 unoque
1407 1504 1558 1532 animorum
1583 1511 1716 1532 consensu
1738 1508 1875 1532 tantorum

243 1553 323 1581 nobis
338 1553 469 1579 honorum
483 1554 623 1577 auctorem
636 1549 761 1577 conﬁteri
792 1556 824 1576 ac
858 1549 998 1577 celebrare
1025 1557 1160 1584 nunquam
1193 1550 1373 1577 desinamus:
1393 1559 1402 1576 ι
1422 1550 1472 1583 Qui
1493 1550 1653 1585 propitiatur
1677 1550 1802 1578 omnibus
1820 1550 1873 1577 iui-

243 1597 394 1634 quitatibus
423 1596 538 1628 nostris;
562 1595 608 1630 qui
636 1599 716 1622 sanat
734 1602 829 1623 omnes
853 1595 1025 1629 infirmitates
1046 1596 1228 1631 nostras;qui
1243 1595 1351 1623 redimit
1365 1596 1399 1623 ab
1414 1596 1525 1624 interitu
1544 1596 1629 1623 vitam
1660 1600 1796 1629 nostram;
1826 1596 1874 1631 qui

243 1648 356 1673 coronat
372 1651 422 1671 nos
432 1643 459 1670 in
476 1642 664 1670 misericordia
678 1646 706 1669 et.
721 1642 958 1677 miserationibus;
975 1643 1019 1678 qui
1040 1643 1130 1678 explet
1161 1643 1188 1670 in
1219 1643 1298 1671 bonis
1323 1643 1495 1678 cupiditatem
1514 1647 1646 1670 nostram.
1663 1641 1730 1675 Quia
1761 1649 1814 1670 non
1830 1648 1874 1669 se-

244 1691 361 1719 cundum
373 1694 483 1725 peccata
493 1694 584 1716 nostra
601 1688 667 1716 fecit
697 1689 788 1721 nobis,
817 1696 905 1724 neque
932 1690 1078 1717 secundum
1098 1690 1254 1724 iniquitates
1273 1695 1380 1717 nostras
1396 1689 1523 1718 retribuit
1541 1689 1630 1716 nobis.
1658 1688 1726 1723 Quia
1743 1693 1874 1723 quantum

244 1738 327 1764 distat
356 1742 433 1764 ortus
468 1736 502 1764 ab
523 1735 675 1767 occidente,
713 1734 792 1769 longe
815 1734 881 1762 fecit
901 1743 916 1762 a
940 1734 1017 1763 nobis
1047 1735 1205 1770 iniquitates
1230 1741 1349 1764 nostras.
1374 1735 1606 1769 Quemadmodum
1631 1735 1773 1762 miseretur
1795 1738 1875 1768 pater

243 1783 361 1810 filiorum
376 1789 497 1813 suorum,
520 1781 648 1809 misertus
668 1785 710 1808 est
727 1780 857 1808 Dominus
876 1781 1027 1808 timentium
1048 1788 1076 1809 se
1087 1781 1121 1807 ".
1138 1791 1147 1807 ι
1170 1781 1233 1809 Πωο
1243 1787 1271 1809 et
1287 1781 1314 1809 in
1328 1782 1470 1816 pra-sentiri
1483 1787 1511 1809 et
1527 1782 1631 1809 cunctis
1650 1781 1775 1816 deinceps
1803 1785 1874 1807 tem-

243 1830 355 1865 poribus
373 1828 504 1856 memoria
531 1827 698 1861 recolentes,
729 1827 867 1862 Deumque
888 1828 1030 1862 praesentis
1050 1828 1130 1863 hujus
1163 1828 1323 1856 festivitatis
1346 1832 1373 1856 et
1392 1827 1540 1871 splendida:
1573 1827 1654 1862 hujus
1669 1833 1702 1854 ac
1726 1825 1875 1853 latissima:

243 1875 312 1903 lucis
347 1878 484 1902 auctorem
506 1881 539 1901 ac
568 1873 710 1908 praesidem
735 1873 780 1900 diu
799 1878 933 1909 noctuque
951 1873 1065 1909 singulis
1085 1874 1170 1907 horis,
1185 1878 1212 1901 et
1230 1874 1369 1906 omnibus,
1385 1879 1414 1901 ut
1437 1874 1472 1901 ita
1497 1873 1598 1906 dicam,
1612 1871 1756 1900 momentis
1774 1871 1874 1906 quibus

243 1921 368 1955 spiritqu
403 1919 536 1951 ducimus,
553 1923 616 1946 ante
645 1918 739 1947 oculos
756 1919 855 1946 mentis
886 1919 966 1947 nobis
998 1924 1195 1954 proponentes,
1212 1920 1276 1947 totis
1290 1919 1372 1946 animi
1389 1919 1493 1947 viribus
1507 1926 1568 1946 eum
1587 1918 1730 1954 diligamus
1744 1925 1777 1944 ac
1791 1925 1874 1945 vene-

246 1974 350 1993 remur.
378 1965 493 2000 Jamque
516 1969 705 2000 exsurgentes,
717 1964 923 1992 contentissima
947 1965 1033 1992 nostri
1053 1963 1166 1992 aﬂectus
1179 1972 1245 1992 voce
1267 1972 1327 1992 eum
1351 1965 1534 1996 Obsecremus,
1559 1969 1587 1991 ut
1617 1972 1666 1991 nos
1690 1964 1760 1991 intra
1794 1968 1872 1998 septa

243 2013 324 2040 ovilis
335 2012 375 2040 sui
394 2012 461 2039 tueri
477 2017 606 2047 perpetuo
621 2019 653 2039 ac
679 2019 790 2040 servare
814 2011 891 2044 velit,
919 2020 1066 2047 pacemque
1085 2012 1169 2047 388
1188 2019 1265 2039 suam
1289 2011 1469 2040 inviolabilem
1491 2012 1568 2040 nobis
1581 2017 1662 2047 atque
1678 2011 1873 2040 inconcussam

243 2063 350 2092 praestet
363 2058 390 2085 in
405 2057 586 2085 CbristoJesu
604 2057 751 2086 Servatore
765 2061 859 2086 nostro
870 2078 878 2091 ,
893 2065 940 2093 per
953 2065 1033 2093 quem
1053 2059 1077 2086 ei
1093 2061 1127 2086 sit
1143 2059 1226 2094 gloria
1242 2059 1267 2086 in
1287 2058 1383 2086 saecula
1396 2058 1566 2086 saeculorum.
1577 2059 1674 2087 Amen.

552 2128 667 2156 CAPUT
689 2130 721 2158 ν.

417 2173 545 2206 Exempla
559 2174 643 2209 legum
660 2175 848 2209 imperialium.

277 2218 353 2246 Nune
373 2225 438 2246 vero
452 2218 574 2252 exempla
597 2219 775 2254 imperialium
800 2220 1025 2248 constitutionem

241 2265 411 2292 Constantini
427 2272 460 2292 ac
471 2264 566 2292 Licinii
579 2273 611 2291 ex
625 2264 746 2292 ltomana
760 2265 850 2301 lingua
866 2266 891 2293 in
902 2265 1026 2294 Graecam

241 2319 371 2338 conversa
383 2310 509 2344 deinceps
523 2310 693 2345 adjiciamus.

240 2357 399 2392 Exemplum
411 2356 606 2392 constitutionis
625 2357 813 2390 imperatorum
825 2356 990 2384 Constantini
1001 2361 1025 2383 et

582 2391 685 2418 Licinii.

277 2438 452 2466 «Jamdudum
464 2438 584 2473 quidem,
602 2446 663 2465 cum
680 2438 958 2467 animadverteremus
972 2447 1024 2467 non

197 2502 200 2506 ι
239 2493 299 2514 esse
317 2486 493 2513 cohibendum
519 2486 655 2518 religionis
678 2486 843 2518 libertatem,
864 2487 911 2513 sed
929 2487 1024 2514 unius-

240 2532 368 2566 cujusque
380 2530 494 2558 arbitrio
510 2539 540 2557 ac
554 2530 686 2557 voluntati
705 2530 925 2564 permittendum,
940 2535 969 2557 ut
990 2539 1023 2558 ex

239 2578 373 2606 auimisui
384 2578 517 2605 sententia
533 2577 614 2604 rebus
625 2577 722 2604 divinis
734 2584 843 2611 operam
859 2577 946 2609 daret,
960 2585 1022 2604 san-

237 2625 328 2652 ximus
342 2629 371 2651 ut
386 2629 441 2651 tum
453 2624 546 2651 car-teri
568 2631 661 2651 omnes
683 2628 744 2650 tum
760 2623 920 2655 Christiani,
941 2628 1022 2650 sectze

239 2678 271 2697 ac
282 2670 419 2705 religionis
432 2678 488 2697 sua:
505 2670 583 2697 fidem
603 2674 683 2704 atque
697 2669 900 2696 observantiam
921 2669 1021 2696 retine-

224 2720 307 2743 'reut.
323 2717 375 2743 Sed
389 2716 517 2750 quoniam
530 2716 556 2742 in
572 2723 604 2742 eo
619 2715 751 2749 rescripto
766 2722 819 2749 quo
837 2715 894 2741 lucc
908 2714 1021 2742 facultas

240 2761 292 2788 illis
302 2769 433 2789 concessa
449 2761 547 2794 fuerat,
563 2761 652 2788 multa:
665 2768 697 2787 ac
708 2761 820 2787 diversa:
831 2764 911 2786 secta:
920 2759 1021 2787 diserte

239 2813 271 2833 ac
286 2806 442 2833 nniniuatim
462 2807 558 2833 addita:
578 2806 746 2839 videbantur,
760 2805 869 2840 quidam
880 2812 973 2833 eorum
987 2806 1021 2834 ob

272 2887 317 2915 ’Ἰ
333 2888 395 2916 Cor.
414 2895 442 2920 tt,
458 2888 483 2915 9.
521 2888 543 2904 "
558 2886 630 2914 Psal.
642 2895 689 2920 cu,
704 2887 720 2914 5
737 2887 778 2914 l5.

1346 2131 1544 2158 ΚΕΦΔΛΑΙΟΝ
1568 2132 1606 2158 Ε¹.

1086 2178 1257 2212 Ἀντίπραςρα
1271 2176 1441 2210 βασιλικῶν
1455 2176 1554 2211 νόμων
1566 2176 1636 2211 (Nic.
1650 2175 1687 2202 H.
1703 2175 1736 2202 E.
1748 2182 1798 2208 vn,
1810 2175 1868 2207 42).

1111 2224 1178 2259 Φέρε
1205 2224 1236 2259 δὴ
1265 2223 1359 2250 λοιπὸν
1387 2223 1433 2249 καὶ
1463 2222 1517 2249 τῶν
1546 2222 1693 2258 βασιλικῶν
1720 2222 1869 2254 διατάξεων

1076 2269 1281 2295 Κωνσταντίνου
1304 2269 1350 2295 καὶ
1372 2269 1507 2295 Λικιννίου
1523 2268 1573 2300 τὰς
1595 2269 1627 2295 ὲκ
1650 2269 1700 2303 τῆς
1723 2268 1869 2304 Ῥωμαίων

1077 2313 1168 2348 φωνῆς
1186 2314 1403 2350 μεταληφθείσας
1420 2314 1567 2350 ἑρμηνείας
1580 2314 1776 2350 παραθώμεθα,

1084 2359 1273 2393 Ἀντίγραφον
1287 2359 1457 2391 βασιλικῶν
1472 2359 1635 2391 διατάξεων
1645 2360 1680 2386 ἐκ
1700 2359 1868 2395 Ῥωμαῖκῆς

1260 2394 1402 2429 γλώσσης
1416 2395 1662 2429 μεταληφθείσῶν
1677 2413 1685 2422 .

1115 2448 1124 2465 ι
1144 2439 1212 2476 ’Ἦδη
1232 2440 1281 2474 μὲν
1297 2440 1380 2467 πάλαι
1394 2440 1557 2472 σκοποῦντες
1569 2441 1618 2476 τὴν
1640 2441 1796 2477 ἐλευθερίαν
1814 2441 1866 2477 τῆς

1077 2485 1224 2521 Θρησκείας
1238 2486 1288 2512 οὐκ
1302 2487 1436 2522 ἁρνητὲαν
1452 2485 1531 2519 εἶναι,
1549 2487 1606 2513 ἀλλ’
1622 2487 1681 2518 ἐνὸς
1697 2488 1813 2515 ἑκάστου
1829 2488 1864 2524 τῇ

1075 2530 1177 2566 διανοῐᾳ
1201 2531 1247 2557 καὶ
1270 2531 1395 2567 βουλήσει
1418 2531 1544 2563 ἐξουσίαν
1567 2531 1657 2558 δοτέον
1675 2531 1722 2557 τοῦ
1745 2530 1779 2557 τὰ
1804 2530 1864 2558 Θεῑα

1076 2577 1225 2612 πράγματα
1239 2576 1366 2612 τημελεῖν
1377 2576 1446 2603 κατὰ
1459 2577 1507 2612 τὴν
1519 2577 1601 2603 αὑτοῦ
1611 2577 1780 2613 προαίρεσιν,
1796 2576 1863 2603 ἕκα-

1076 2629 1137 2648 στον
1154 2622 1379 2657 κεκελεύκειμεν,
1397 2623 1453 2654 τοῖς
1476 2631 1505 2648 τε
1521 2623 1706 2657 Χριστιανοῖς,
1723 2623 1771 2658 τῆς
1785 2623 1863 2657 αίρὲ-

1076 2677 1144 2700 σεως
1161 2670 1207 2696 καὶ
1227 2670 1275 2704 τῆς
1290 2670 1438 2706 θρησκείας
1454 2670 1502 2705 τῆς
1518 2670 1620 2696 ἑαυτῶν
1634 2670 1683 2705 τὴν
1701 2670 1792 2697 πίστιν
1812 2679 1861 2705 φυ-

1073 2715 1189 2743 λάττειν.
1212 2715 1279 2742 Ἀλλ’
1292 2715 1385 2751 ἐπειδὴ
1398 2716 1492 2752 πολλαί
1505 2716 1551 2742 καὶ
1564 2715 1686 2751 διάφοροι
1699 2715 1818 2751 αἱρέσεις
1832 2716 1862 2743 ὲν

1075 2761 1167 2796 ἐκείνῃ
1190 2762 1222 2795 τῇ
1252 2761 1423 2796 ἀντιγραφῇ,
1450 2763 1478 2787 ὲν
1551 2763 1606 2793 τοῖς
1629 2763 1720 2793 αὐτοῖς
1741 2769 1860 2796 συνεχω-

1076 2806 1143 2842 ρήθη
1159 2807 1176 2842 ἡ
1198 2806 1308 2842 τοιαᾶτη
1323 2806 1443 2841 ἐξουσία,
1461 2807 1568 2834 ἐδόκουν
1588 2806 1793 2844 προστεθεϊσθαι
1811 2816 1860 2847 σα-
