2013 3179
137 198 187 226 881

646 196 820 226 ΗίὸΤΟΜίΕ
840 197 1120 227 ECCLESIASTICIE
1142 198 1204 226 LIB.
1222 198 1254 226 Χ.

1704 197 1756 225 882

138 255 196 288 φῶς
212 252 279 289 (50),
301 253 381 289 τυχὸν
403 253 467 286 ἴσως
487 254 557 286 τινὲς
578 253 668 281 αὐτῶν
688 255 850 290 μετ’ὸλίγον
872 256 920 283 ἀπὶ

976 257 1046 283 hanc
1064 255 1182 283 fortasse
1195 262 1302 282 causam
1316 255 1395 290 paulo
1413 260 1475 290 post
1489 255 1523 283 ab
1539 254 1691 290 huiusmodi
1708 255 1756 282 ob-

137 298 187 334 τῆς
201 296 328 333 τοιαύτης
347 298 560 333 παραφυλάξεως
579 299 769 334 ἀνεκρούοντο·
788 300 867 327 ὁπότε
884 302 925 327 εὑ-

136 343 227 378 τυχῶς
243 342 297 377 ἐγὼ
314 343 517 375 Κωνσταντῖνος
533 345 546 370 ὁ
561 343 724 378 Αὔγουστος,
740 345 818 380 κάγὼ
833 346 924 372 Λικίν-

126 381 192 420 ’νιος
205 389 219 415 ὁ
230 388 397 422 Αὖγουστος,
415 389 444 415 ἐν
459 389 491 424 τῇ
507 388 660 424 Μεδιολάνῳ
677 389 863 425 ἐληλύθειμεν,
877 390 924 416 καί⁴

138 435 228 462 πάντα
246 435 296 461 ὃσα
315 435 383 470 πρὸς
399 434 429 461 τὸ
450 434 585 467 λυσιτελὲς
607 436 654 462 καὶ
679 435 709 462 τὺ
731 437 864 472 χρήσιμον
885 435 924 471 τῷ

138 481 219 516 κοινῷ
232 480 364 516 διέφερεν,
387 481 415 506 ἐν
430 480 540 515 ζητήσει
559 480 674 516 ἔσχομεν
687 501 694 513 ,
719 481 804 508 ταῦτα
821 481 923 519 μεταξῦ

136 525 191 552 τῶν
207 524 308 551 λοιπῶν
321 525 400 551 ἆτινα
415 524 501 551 ἐδόκει
516 525 546 551 ἐν
559 525 665 557 πολλοῖς
679 525 780 552 ἅπασιν
797 526 922 561 ἐπωφελῆ

137 568 216 602 εἶναι,
231 570 330 606 μᾶλλον
343 571 372 598 δὲ
385 571 414 597 ἐν
429 570 547 606 ΙλειρώίιὌις
558 571 683 604 διατάξαι
696 571 921 608 ἐδογματίσαμεν,

137 613 178 648 οἷς
192 617 208 651 ἡ
226 616 295 652 πρὸς
309 616 339 643 τὸ
351 616 427 643 Θείον
443 616 525 649 αἰδώς
538 625 568 643 τε
583 617 630 644 καὶ
650 617 681 643 τὸ
702 617 783 649 σέϐας
796 618 921 653 ἐνείχετο,

136 661 208 689 τοῦτ’
230 662 302 688 ἐστιν
314 683 321 695 ,
349 663 421 694 ὅπως
439 662 528 698 δῶμεν
551 663 598 689 καὶ
618 665 674 695 τοῖς
689 663 861 699 Χριστιανοῖς
877 664 923 691 καὶ

137 708 219 735 πᾶσιν
231 707 375 744 ἐλευθέραν
389 708 491 744 αἵρεσιν
506 708 553 735 τοῦ
568 708 722 735 ἀκολουθεῖν
734 711 765 745 τῇ
791 709 922 746 θρησκείᾳ

137 746 190 786 ᾖδ’
210 752 241 780 ἂν
259 753 440 789 βουληθῶσιν·
461 754 534 785 ὅπως
553 754 567 781 ὅ
592 754 617 781 τί
645 755 711 781 ποτέ
732 755 790 781 ἐστι
812 755 923 791 Θειὸτης

137 799 184 825 καὶ
195 799 320 834 οὐρανίου
334 799 494 835 πράγματος
506 799 572 836 (51),
587 801 652 835 ἡμῖν
664 801 710 827 καὶ
725 801 790 827 πᾶσι
804 802 859 833 τοῖς
870 802 922 828 ὑπὸ

136 845 185 881 τὴν
201 846 337 882 ἡμετέραν
359 846 482 879 ἐξουσίαν
497 846 634 881 διάγουσιν
652 847 764 882 εὐμενὲς
787 845 856 874 εἶναι
878 847 922 874 δυ-

137 891 217 927 νηθῇ.
246 892 341 919 Τοίνυν
364 892 466 927 ταύτην
490 892 544 927 τὴν
564 891 690 928 βούλησιν
710 893 760 930 τὴν
784 893 921 929 ἡμετέραν

136 937 246 973 ὑγιεινῷ
258 938 305 965 καὶ
320 937 456 973 ὀρθοτάτῳ
471 937 592 973 λογισμῷ
607 937 831 973 ἐδογματὶσαμεν,
847 939 920 970 ὅπως

137 984 232 1019 μηδεν).
248 983 387 1016 παντελῶς
403 983 510 1018 ἐξουσία
535 983 655 1020 ἀρνητέα
703 984 748 1011 τοῦ
766 984 919 1011 ἀκολουθεῖν

134 1029 183 1056 καὶ
206 1029 341 1064 αἱρεῖσθαι
362 1030 410 1065 τὴν
430 1029 484 1056 τῶν
508 1030 676 1065 Χριστιανῶν
696 1030 883 1066 παραφύλαξιν
902 1030 920 1066 ἢ

135 1074 293 1109 θρησκείαν,
318 1075 423 1110 ἑκάστῳ
448 1083 478 1100 τε
500 1074 608 1108 ἐξουσία
633 1075 721 1110 δοθείη
749 1075 795 1101 τοῦ
821 1075 921 1102 διδόναι

135 1119 233 1146 ἑαυτοῦ
250 1119 298 1155 τὴν
317 1119 434 1146 διάνοιαν
454 1120 483 1146 ὲν
497 1119 589 1156 ἐκείνῃ
611 1121 644 1155 τῇ
659 1119 807 1156 θρησκεία,
823 1120 855 1155 ἦν
872 1120 920 1146 αὑ-

134 1165 180 1197 τὸς
204 1164 293 1200 ἐαυτῷ
314 1164 443 1201 ἁρμόζειν
463 1164 572 1200 νομίζῃ,
590 1165 663 1197 ὅπως
683 1166 748 1200 ἡμῖν
766 1165 866 1200 δυνηθῇ
889 1165 920 1192 τὸ

134 1210 212 1237 Θεῖον
225 1212 255 1238 ὲν
269 1211 336 1238 πᾶσι
350 1211 399 1247 τὴν
415 1210 507 1246 ἔθιμον
524 1211 640 1247 σπουδὴν
657 1212 703 1238 καὶ
717 1210 920 1245 καλοκάγαθίαν

135 1257 274 1292 παρέχειν.
297 1258 392 1283 Ἃτινα
408 1257 494 1289 οὕτως
518 1258 643 1293 ἀρέσκειν
667 1258 730 1292 ἡμῖν
755 1257 920 1293 ἀντιγράψαι

134 1302 280 1330 ἀκόλουθον
298 1301 343 1340 ἦν,
359 1304 392 1330 ἵν’
407 1304 604 1339 ἀφαιρεθεισῶν
621 1303 759 1335 παντελῶς
775 1303 828 1330 τῶν
843 1304 919 1340 αἰρέ-

136 1357 220 1381 σεων,
236 1349 340 1386 αἵτινες
360 1350 416 1381 τοῖς
438 1350 581 1385 προτέροις
605 1348 683 1384 ἡμῶν
702 1349 844 1385 γράμμασι
864 1351 920 1381 τοῖς

135 1395 204 1428 πρὸς
229 1395 279 1431 τὴν
311 1395 359 1431 σὴν
385 1395 546 1422 καθοσίωσιν
572 1395 743 1422 ἀποσταλεῖσι
773 1395 838 1431 περὶ
866 1395 918 1422 τῶν

135 1440 305 1476 Χριστιανῶν
320 1440 463 1476 ἐνείχοντο,
478 1441 524 1467 καὶ
539 1440 617 1468 ἆτινα
630 1441 699 1468 πάνυ
713 1440 794 1466 σκαῖὰ
808 1440 854 1467 καὶ
869 1441 919 1475 τῆς

134 1486 272 1522 ἡμετέρας
294 1487 444 1522 πραότητος
468 1487 594 1522 ἀλλότρια
615 1485 684 1514 εἶναι
707 1486 810 1520 ἐδόκει,
834 1485 919 1513 ταῦτα

136 1531 278 1567 ὑφαιρεθῇ,
291 1531 338 1558 καὶ
350 1531 396 1558 νῦν
409 1531 555 1567 ἐλευθέρως
567 1540 596 1558 τε
608 1531 654 1559 καὶ
667 1531 792 1562 ἀπλανῶς
806 1531 919 1563 ἕκαστος

135 1576 190 1603 τῶν
203 1576 252 1611 τὴν
268 1577 352 1612 αὐτὴν
369 1577 525 1612 προαίρεσιν
543 1577 696 1613 ἐσχηκότων
714 1576 761 1603 τοῦ
777 1576 918 1611 φυλάττειν

133 1620 184 1657 τὴν
209 1621 263 1648 ¹ιεῶν
289 1621 457 1657 Χριστιανῶν
476 1622 633 1658 θρησκείαν,
658 1623 723 1649 ἄνευ
744 1622 815 1653 τινος
838 1621 917 1657 ὸχλή-
932 1610 952 1638 C

136 1676 215 1700 οεως,
234 1667 312 1695 τοῦτο
331 1669 396 1695 αὐτὸ
411 1668 624 1704 παραφυλάττοι.
645 1668 738 1694 Ἃτινα
753 1669 787 1704 τῇ
804 1669 837 1704 σῇ
858 1669 918 1695 ἐπι-

136 1713 231 1749 μελείᾳ
255 1713 428 1749 πληρέστατα
449 1714 568 1750 δηλῶσαι
588 1713 822 1749 ἐδογματίσαμεν,
844 1714 917 1745 ὅπως

135 1758 234 1794 ιιδείης
253 1759 326 1794 ἡμᾶς
349 1758 491 1795 ἐλευθέραν
512 1759 559 1786 καὶ
576 1758 777 1794 ἀπολελυμένην
796 1758 918 1791 ἐξουσίαν

134 1803 182 1830 ιιοῦ
210 1804 337 1840 τημελεῖν
364 1806 414 1841 τὴν
443 1805 546 1831 ἑαυτῶν
571 1804 717 1840 θρησκείαν
741 1806 797 1836 τοῖς
826 1805 922 1836 αὐτοῖς

135 1849 308 1884 Χριστιανοῖς
325 1850 483 1877 δεδωκέναι·
508 1851 576 1886 ὅπερ
593 1850 683 1885 ἐπειδὴ
711 1849 918 1885 ἀπολελυμένως

135 1891 226 1927 αὐτοῖς
239 1895 283 1930 ὑφ’
295 1896 374 1931 ἡμῶν
390 1896 555 1932 δεδωρῆσθαι
573 1896 626 1931 (52)
637 1917 644 1928 ,
663 1896 759 1932 θεωρεῖ
771 1897 788 1931 ἡ
804 1896 837 1930 σὴ
852 1895 918 1922 καθ-

134 1940 261 1973 οσίωσις,
288 1941 334 1980 καὶ
351 1941 453 1977 ἑτέροις
470 1941 591 1968 δεδόσθαι
610 1941 734 1974 ἐξουσίαν
755 1942 811 1972 τοῖς
826 1940 918 1976 βουλο-

138 1986 228 2022 μένοις
243 1986 290 2014 τοῦ
307 1987 484 2023 μετέρχεσθαι
499 1988 549 2023 τὴν
571 1988 760 2023 παρατήρησιν
785 1987 831 2014 καὶ
855 1987 920 2023 θρη-

172 2077 598 2116 (ᾅθ)-ῌροστεθεῖσθαιλσαερῷᾳ
613 2078 646 2116 In
658 2077 750 2104 codice
768 2076 916 2116 Fuketiano

136 2117 163 2139 et
177 2113 314 2140 Saviliuuo
330 2115 456 2141 scribitur
471 2113 592 2147 ἀσαῳῶς.
626 2112 689 2139 Utra
715 2117 804 2140 autem
825 2112 916 2147 verior

136 2148 171 2186 sit
188 2148 279 2186 lectio.
294 2148 401 2186 dillicile
428 2153 469 2186 est
488 2146 588 2186 diceret
613 2147 684 2186 Nam
700 2155 770 2186 cum
782 2147 854 2182 prior
870 2146 922 2186 illa.

137 2183 179 2221 lex
192 2183 422 2221 Constantiuipro
442 2183 614 2221 Christianis,
642 2182 719 2216 cujus
745 2183 788 2221 hic
815 2182 916 2221 mentio

137 2219 180 2251 tit,
200 2219 279 2246 hodie
291 2216 469 2250 desideretur,
483 2219 626 2246 obscurum
651 2225 692 2244 est
719 2217 845 2251 quidnam
873 2216 916 2242 ltic

137 2253 189 2280 sibi
203 2253 268 2280 velit
282 2253 488 2285 Constantinus,
507 2261 567 2280 cum
584 2253 620 2279 ait
640 2253 667 2279 in
684 2260 714 2279 ea
733 2252 790 2286 lege
801 2252 917 2285 adjectas

136 2287 222 2324 fuisse
235 2288 332 2324 multas
345 2296 377 2315 ac
388 2289 509 2316 diversas
527 2287 646 2324 αἱρέσεις
657 2294 774 2324 ,Veaque»
786 2287 818 2314 de
833 2292 914 2324 causa
929 2287 951 2315 Ι)

139 2323 266 2350 multosa
282 2323 347 2357 legis
368 2323 531 2351 Christiana:
557 2321 730 2357 professione
760 2321 914 2348 deterritos.

137 2356 397 2397 Christophor’sonus
406 2359 522 2397 quidem
538 2358 682 2393 διαφόρους
697 2356 815 2393 αἱρέσεις
834 2357 916 2397 inter-

136 2397 259 2426 pretatus
283 2397 325 2421 est
350 2394 446 2420 dubias
476 2398 504 2420 et
528 2399 717 2420 controversas
740 2394 887 2419 sententias
907 2399 914 2417 :

137 2429 215 2460 quasi
235 2435 267 2455 ea
281 2428 323 2454 lex
352 2436 406 2455 non
436 2428 618 2462 perspicuum,
651 2427 698 2454 sed
725 2428 870 2462 obscurum
889 2430 917 2462 et

137 2463 293 2498 ambiguum
305 2470 413 2490 sensum
430 2461 562 2490 habuerit.
578 2464 666 2496 Atque
684 2462 718 2498 ita
734 2461 866 2498 Barouius
881 2461 916 2498 ad

137 2495 238 2524 annum
269 2498 369 2525 Christi
398 2498 460 2528 5l5,
486 2498 542 2525 haec
570 2495 804 2532 Clu-istopltorsoni
834 2495 916 2532 verba

138 2532 404 2570 intellexitaLangus
420 2540 482 2560 vero
507 2538 535 2560 et
553 2530 689 2570 Musculus
710 2531 829 2567 αἱρέσεις
856 2530 915 2570 opi-

138 2567 234 2594 niones
249 2573 276 2595 et
290 2569 407 2595 haereses
421 2573 613 2602 exposuerunt,
624 2567 707 2594 multo
720 2572 794 2594 certe
807 2567 917 2593 rectius.

137 2602 263 2638 Δίρέσεις
277 2605 348 2630 enim
362 2611 411 2637 pro
430 2611 509 2630 sensu
519 2611 566 2631 seu
581 2602 685 2637 διανοίᾳ
701 2602 770 2629 sumi
788 2609 841 2628 tton
854 2607 916 2638 pos-

138 2635 213 2673 sunt,
227 2638 273 2665 sed
299 2635 452 2671 opinionem
480 2638 636 2673 significant
658 2635 685 2673 et
715 2642 827 2673 sectam.
847 2635 917 2673 Cum

139 2671 222 2705 igitur
238 2673 384 2706 imperator
399 2671 592 2700 Constantinus
608 2673 635 2700 iu
656 2672 702 2699 illa
731 2672 814 2706 priori
846 2671 915 2705 lege,

138 2707 378 2742 cunctisrcolendi,
392 2712 469 2742 prout
479 2708 590 2742 vellent,
607 2707 725 2734 ttumiuis
749 2707 860 2733 liberam
878 2706 916 2732 fa-

137 2741 266 2780 cultatem
279 2742 560 2780 concessissettillnd
583 2741 677 2780 etiam
691 2742 837 2780 adiecerat.
854 2748 915 2780 non

139 2777 300 2805 Christianis
330 2777 428 2809 solutn,
446 2778 493 2804 sed
520 2778 603 2812 etiam
632 2775 742 2812 reliquis
775 2775 918 2812 cujuslibet

139 2816 220 2840 secta:
237 2812 406 2843 hominibus,
425 2812 451 2838 id
478 2818 519 2839 est
543 2811 642 2839 ludatis
671 2810 698 2838 ct
727 2810 917 2840 Santaritanis.

138 2846 306 2874 Marcionitis
322 2854 429 2880 quoque
440 2851 466 2874 et
482 2847 661 2879 Montanistis,
679 2847 835 2874 Novatianis
845 2866 852 2879 ,
866 2845 918 2872 Sa-

139 2881 276 2913 bellianis,
307 2882 434 2909 omnibus
467 2882 583 2916 denique
607 2882 726 2909 omnium
757 2882 917 2917 religionum

138 2917 220 2945 sectis
240 2917 312 2945 idem
331 2924 390 2945 esse
416 2925 584 2947 concessum.
612 2917 670 2950 Quo
699 2916 919 2953 qitidem’faclo,

975 301 1111 329 servantia
1135 300 1306 328 destiterunt.
1322 299 1503 333 Quamobrem
1531 307 1592 327 cum
1610 300 1755 334 nos,Cou-

975 347 1110 375 stautinus
1137 353 1168 374 ac
1192 346 1313 374 Licinius
1335 345 1461 380 Augusti,
1482 345 1607 373 felicibus
1628 346 1755 381 auspiciis

975 392 1154 421 Mediolanum
1170 392 1349 423 venissemus,
1366 395 1392 418 et
1404 399 1572 427 quaecunque
1587 391 1620 419 ad
1634 399 1754 419 c0mm0-

972 436 1036 468 dum
1048 439 1248 474 utilitatemque
1270 438 1427 473 reipublicae
1445 437 1627 473 pertinebant,
1638 437 1756 466 sollicite

975 485 1189 520 inquirerentus,
1213 485 1284 511 inter
1296 488 1392 512 caetera
1406 491 1465 519 qua?
1487 484 1620 511 universis
1635 485 1754 511 multifa-

975 531 1040 557 riam
1054 528 1393 564 prol‘uturajudicavimus,
1413 536 1461 556 seu
1474 529 1564 563 potius
1575 537 1630 562 prae
1642 529 1755 564 reliquis

973 575 1098 603 ontnibns
1111 575 1169 602 hrec
1189 574 1377 603 constituenda
1402 582 1462 602 esse
1478 575 1640 607 censuimus,
1657 575 1756 610 quibus

973 621 1055 649 divini
1082 621 1202 649 numinis
1224 621 1313 649 cultus
1341 628 1373 649 ac
1397 621 1535 648 veneratio
1549 621 1753 649 contineretur:

974 665 1026 693 ltoc
1044 671 1096 699 est,
1118 670 1148 693 ut
1162 665 1324 694 Christianis
1339 670 1367 694 et
1391 666 1503 701 reliquis
1527 666 1652 694 omnibus
1671 666 1755 694 libera

974 713 1086 740 facultas
1113 720 1129 740 a
1148 713 1226 740 nobis
1250 712 1385 740 tribuatur
1407 720 1596 747 quamcunque
1621 713 1755 740 voluerint

974 758 1130 793 religionem
1145 758 1322 786 consectandi
1339 767 1345 785 :
1364 765 1418 792 quo
1427 757 1534 786 scilicet
1547 758 1678 793 quidquid
1690 757 1755 785 illud

972 807 1013 830 est
1028 803 1148 830 divinum
1165 811 1196 830 ac
1214 803 1324 831 cteleste
1341 811 1453 836 numen,
1470 803 1548 831 nobis
1569 808 1597 830 et
1620 803 1754 831 universis

972 850 1018 884 qui
1045 850 1095 877 sub
1121 850 1234 885 imperio
1260 854 1355 877 nostro
1384 850 1496 885 degunt,
1524 849 1669 885 propitium
1694 856 1755 878 esse

973 896 1066 930 possit.
1084 896 1160 923 Hanc
1180 896 1261 931 igitur
1285 900 1405 923 nostram
1430 895 1596 923 voluntatem
1609 895 1710 923 salubri
1726 899 1755 923 et

973 941 1122 968 rectissimo
1135 940 1250 968 consilio
1261 940 1500 976 promnlgavimus,
1513 945 1542 968 ut
1561 940 1663 968 nemini
1675 948 1755 976 pror-

971 993 1018 1013 sus
1039 984 1223 1013 Christianam
1249 985 1450 1013 observantiam
1472 993 1504 1013 ae
1529 985 1688 1021 religionem
1702 993 1755 1014 .se-

970 1031 1069 1069 quandi
1082 1035 1128 1058 aut
1140 1031 1257 1065 eligendi
1273 1031 1382 1058 licentia
1400 1031 1558 1066 dia-negetur.
1579 1031 1633 1058 Sed
1649 1032 1755 1059 unicui-

971 1086 1023 1112 que
1038 1077 1119 1105 liceat
1136 1077 1169 1104 ad
1183 1084 1243 1105 eam
1261 1077 1417 1113 religionem
1437 1085 1517 1112 quant
1534 1077 1584 1105 sibi
1601 1076 1754 1105 conducere

971 1123 1117 1156 censuerit,
1131 1123 1253 1151 animum
1271 1123 1425 1158 applicare;
1445 1131 1498 1158 quo
1514 1123 1632 1151 divinutn
1653 1131 1761 1152 numett

971 1176 1133 1204 propensum
1155 1176 1220 1203 erga
1241 1176 1290 1196 nos
1306 1169 1424 1196 studium
1448 1176 1480 1196 ac
1502 1169 1697 1204 benignitatem
1725 1169 1763 1198 in.

970 1213 1094 1241 omnibus
1126 1214 1211 1248 possit
1242 1213 1397 1241 ostendere.
1428 1213 1514 1242 Porro
1541 1219 1754 1242 consentaneum

969 1259 1052 1295 389
1065 1259 1115 1286 fuit
1133 1264 1163 1285 ut
1178 1259 1235 1286 hate
1252 1258 1329 1286 nobis
1345 1259 1382 1286 ita
1402 1258 1510 1293 placere
1527 1260 1752 1292 rescriberemus,

970 1303 1151 1339 quo,sublatis
1166 1303 1275 1338 penitus
1297 1303 1426 1330 ontnibns
1441 1303 1525 1331 sectis
1541 1312 1600 1338 quae
1617 1304 1644 1331 in
1660 1305 1753 1340 priore

969 1353 1063 1376 nostra
1075 1349 1108 1376 de
1120 1348 1285 1376 Christianis
1295 1348 1409 1383 epistola
1425 1349 1457 1375 ad
1474 1349 1559 1376 Tuam
1577 1349 1751 1376 Devotiouetn

970 1395 1052 1422 inissa
1066 1394 1286 1427 coatinebantur,
1301 1400 1361 1420 cum
1380 1393 1425 1420 illa
1440 1401 1500 1428 quae
1511 1401 1622 1429 prorsus
1639 1394 1752 1421 sinistra

969 1446 996 1469 et
1010 1448 1024 1467 ιι
1049 1445 1140 1468 nostra
1158 1439 1365 1467 mansuetudine
1386 1440 1475 1468 aliena
1492 1447 1552 1468 esse
1577 1440 1752 1473 videbantur,

969 1487 1079 1514 omnino
1096 1490 1309 1514 removeantur:
1326 1489 1381 1512 tum
1397 1491 1425 1513 ut
1441 1486 1467 1513 in
1482 1491 1618 1521 posterum
1635 1486 1751 1520 quicun-

970 1540 1021 1567 que
1036 1532 1218 1560 Christianam
1236 1531 1392 1567 religionem
1411 1531 1608 1560 observandam
1624 1531 1675 1558 sibi
1691 1538 1752 1558 esse

969 1582 1132 1610 statuerunt,
1156 1585 1216 1604 eam
1243 1577 1327 1604 libere
1351 1581 1380 1605 et
1403 1582 1559 1605 constanter
1583 1577 1684 1612 absque
1699 1577 1752 1605 ulla

971 1623 1092 1651 molestia
1117 1623 1361 1658 ehimpedimento
1389 1624 1534 1652 retineant.
1557 1623 1754 1658 Quieqttideu

972 1669 1073 1697 idcirco
1092 1674 1144 1697 tute
1160 1669 1278 1697 solertiae
1291 1669 1438 1705 iudicanda
1454 1669 1622 1702 censuimus,
1642 1673 1671 1695 ut
1685 1668 1754 1695 lihe~

970 1721 1027 1740 ram
1042 1717 1069 1740 et
1083 1712 1235 1741 absolutam
1254 1713 1391 1741 licentiam
1412 1713 1550 1748 religionis
1564 1721 1619 1741 sua:
1634 1713 1753 1740 colendae

970 1757 1134 1785 Christianis
1143 1765 1300 1785 concessam
1313 1766 1327 1784 a
1342 1759 1420 1786 nobis
1430 1766 1490 1786 esse
1505 1765 1664 1791 cognoscas.
1675 1758 1752 1790 Quod

970 1804 1096 1838 quoniam
1121 1811 1135 1829 a
1153 1803 1230 1831 nobis
1249 1803 1410 1838 simpliciter
1423 1811 1452 1831 et
1475 1804 1597 1832 absolute
1616 1804 1668 1832 illis
1685 1811 1752 1831 c0n-

969 1856 1074 1876 cessum
1089 1854 1141 1882 est,
1163 1849 1242 1876 simul
1261 1850 1342 1876 etiam
1361 1849 1421 1877 aliis
1436 1850 1636 1878 observantiam
1655 1854 1682 1876 et
1692 1849 1750 1876 θυι.

969 1899 1024 1920 tmn
1039 1902 1116 1920 suum
1131 1894 1229 1922 sectari
1240 1894 1402 1927 volentibus,
1414 1895 1439 1922 id
1452 1903 1610 1923 concessum
1622 1902 1683 1922 esse
1693 1893 1751 1922 Tua

971 1939 1081 1966 Det'otio
1096 1939 1231 1973 intelligit.
1249 1939 1326 1973 Quod
1339 1939 1460 1974 profecto
1474 1946 1624 1975 temporum
1641 1946 1750 1968 nostro-

972 1993 1030 2013 rum
1052 1985 1242 2020 tranquillitati
1268 1986 1415 2014 couvcnire
1442 1987 1612 2022 perspicuum
1636 1992 1698 2015 est:
1720 1995 1751 2016 ut

970 2076 1091 2111 religioni
1108 2076 1272 2105 Christiana:
1291 2084 1343 2112 non
1356 2076 1423 2103 levis
1436 2077 1494 2105 fieri
1509 2077 1654 2104 videbatur
1676 2078 1749 2112 iniu--

970 2112 1021 2143 ria,
1039 2113 1135 2145 quippe
1152 2119 1212 2145 qua:
1227 2119 1287 2138 cum
1312 2111 1447 2139 haereticis
1466 2118 1493 2139 et
1525 2113 1707 2140 sehismaticis
1723 2117 1751 2141 et

970 2154 1030 2174 cum
1041 2146 1194 2173 Judaaorum
1213 2147 1324 2180 perﬁdia
1336 2147 1413 2181 quasi
1434 2155 1466 2173 ex
1482 2155 1559 2181 αξηυο
1571 2155 1748 2181 componere-

970 2187 1024 2209 tur.
1040 2181 1129 2214 Quare
1142 2181 1295 2208 admonitus
1311 2186 1402 2216 postea
1418 2189 1433 2208 a
1451 2182 1598 2210 Catltolicis
1618 2183 1750 2210 Constan-

971 2216 1052 2247 tinus,
1067 2218 1117 2243 hac
1132 2217 1283 2250 posteriore
1304 2216 1363 2251 lege
1378 2216 1403 2243 id
1420 2217 1594 2251 emendavit;
1613 2223 1748 2245 sectarum

970 2251 1090 2278 omnium
1111 2251 1249 2278 mentione
1261 2252 1369 2285 penitus
1393 2252 1510 2283 sublata,
1530 2253 1580 2279 hoc
1612 2257 1654 2280 est
1678 2254 1750 2286 quod

967 2285 1036 2322 infra
1052 2286 1117 2322 dicit
1130 2287 1173 2313 Itis
1185 2286 1273 2313 verbis
1289 2297 1294 2313 :
1314 2286 1362 2313 "iv’
1385 2286 1582 2322 ἀφαιρεθεισῶν
1611 2285 1750 2320 παντελῶς

966 2320 1019 2346 τῶν
1048 2321 1179 2358 αἱρέσεων
1206 2321 1306 2353 αἵτινες
1326 2323 1381 2353 τοῖς
1409 2320 1550 2358 προτέροις
1566 2323 1644 2358 ἡμῶν
1660 2323 1749 2358 γράμ-

968 2364 1049 2390 μασιν
1064 2356 1206 2391 ἐνείχοντο.

1002 2391 1057 2424 (Si)
1084 2392 1202 2427 Θειότης
1226 2391 1439 2427 καὶγοῠρανίου
1472 2393 1649 2427 πράγματος.
1671 2393 1748 2426 Apud

965 2425 1146 2460 Nicephorum
1164 2426 1262 2460 legitur
1278 2426 1425 2460 θειοτάτου,
1439 2425 1507 2461 quod
1522 2425 1573 2454 m3"
1587 2428 1681 2462 probo.
1695 2425 1747 2455 Sed

966 2468 1016 2488 nec,
1032 2461 1136 2495 vulgata
1153 2462 1232 2487 lectio
1247 2469 1310 2487 sana
1327 2468 1378 2489 cst.

1002 2495 1058 2531 (ὕρ.)
1077 2495 1183 2528 Λὺτοῑς
1205 2497 1254 2530 ὑφ’
1277 2496 1360 2530 ἡμῶν
1381 2496 1571 2531 δεδωρῆσθαι.
1598 2497 1661 2524 Post
1689 2498 1747 2526 ltzec

967 2532 1049 2557 verba
1066 2531 1091 2557 in
1107 2531 1186 2556 codd.
1208 2531 1288 2561 Μαι..
1314 2531 1382 2558 Fuk.
1398 2541 1429 2559 ac
1442 2534 1524 2559 Savil.
1539 2538 1566 2558 et
1583 2533 1652 2566 apud
1667 2532 1746 2559 Nice-

967 2566 1079 2603 phorum
1101 2571 1250 2603 sequuntur
1272 2566 1327 2603 h:e_
1348 2574 1444 2603 vomas:
1462 2568 1565 2602 Θεωρεῖ
1587 2568 1603 2602 ὴ
1626 2567 1659 2603 σὴ
1681 2567 1748 2594 κιο-

966 2601 1085 2632 οσίωσις,
1096 2601 1143 2626 καὶ
1159 2600 1261 2661 ἑτέροις
1270 2600 1390 2628 δεδόσθαι
1405 2600 1538 2635 ἐξουσίαν,
1552 2600 1618 2633 eici,
1630 2600 1744 2636 optime;

967 2637 1018 2661 nisi
1037 2637 1107 2661 quod
1132 2643 1180 2661 ι)ιο
1218 2635 1369 2661 εδωοῇσθαι
1393 2639 1564 2661 scribendum
1582 2643 1622 2661 est
1649 2636 1744 2661 "rm-ut

967 2637 1108 2672 ttisirquod
1124 2643 1180 2672 pro
1203 2635 1369 2670 δεδωρῆσθαι
1393 2639 1564 2664 scribendum
1582 2643 1622 2664 est
1649 2635 1746 2672 procul

967 2671 1050 2706 dubio
1070 2670 1233 2706 δεδώρηται,
1252 2677 1344 2706 utres,
1356 2672 1483 2700 versione
1505 2677 1595 2699 nostra
1620 2670 1743 2706 apparet.

968 2705 1016 2732 Est
1029 2710 1116 2732 autent
1128 2705 1182 2732 haec
1196 2705 1313 2732 secunda
1328 2705 1497 2734 Constantini
1511 2705 1668 2734 constitutio
1683 2708 1743 2734 data

969 2741 1001 2777 ad
1025 2740 1182 2777 praefectum
1198 2741 1393 2777 praetoriireutn
1414 2743 1516 2776 ipsum,
1532 2743 1564 2769 ad
1582 2750 1661 2777 quem
1681 2744 1743 2769 data

968 2775 1057 2812 iuerat
1075 2776 1161 2812 prima
1177 2775 1282 2812 lex_pro
1297 2775 1466 2812 Christianis.
1481 2777 1521 2804 Ac
1536 2775 1620 2812 prima
1636 2777 1743 2812 quidem

968 2810 1010 2837 lex
1035 2810 1096 2838 data
1115 2810 1201 2837 fuerat
1217 2809 1320 2842 Romae,
1334 2810 1509 2840 Constantino
1526 2809 1544 2839 ti
1563 2817 1590 2839 et
1605 2809 1708 2840 Licinio
1724 2820 1744 2839 ιι

968 2852 1039 2874 coss.
1061 2845 1205 2879 statimque
1221 2845 1247 2871 in
1264 2845 1401 2873 Orientem
1416 2848 1496 2874 missa
1510 2849 1542 2875 ad
1558 2846 1744 2876 Maximinum.

969 2884 997 2908 ut
1013 2881 1127 2917 habetur
1140 2881 1167 2917 in
1183 2880 1253 2917 libro
1269 2887 1307 2913 ιιι,
1325 2888 1383 2917 cap.
1398 2883 1424 2909 9.
1443 2881 1503 2910 llatc
1517 2888 1605 2911 autent
1628 2885 1747 2911 secunda

970 2917 1030 2945 data
1046 2920 1086 2945 est
1101 2915 1255 2950 Mediolani,
1268 2923 1338 2944 antto
1355 2915 1492 2953 Sequente.
