2013 3179
170 187 222 215 893

679 183 852 212 HISTORUE
872 183 1150 212 ECCLESIASTICE
1170 184 1233 213 LIB.
1255 185 1287 212 Χ.

1733 182 1786 209 θοι

170 243 315 280 πρόσελθε,
328 242 373 269 καὶ
388 242 453 270 αὐτὸ
463 242 541 269 τοῦτο
552 242 762 279 προσανένεγκε,
774 243 846 273 ὅπως
858 242 955 273 αὐτοὺς
974 242 1083 273 ὲκεῖνοι,
1097 241 1222 277 καθάπερ
1243 241 1333 273 αὐτοῖς
1353 240 1484 276 παροῦσιν
1503 240 1642 272 ἐκέλευσα,
1659 240 1785 276 ἐπιστρέ-

170 290 266 324 ψωσιν.
292 288 325 315 Ἦ
343 289 447 324 θειότης
463 289 509 315 τοῦ
527 289 643 324 μεγάλου
661 289 728 315 Θεοῦ
751 298 779 315 σε
796 289 952 324 διαφυλάξοι
971 289 1017 316 ἐπὶ
1030 289 1135 320 πολλοῖς
1151 289 1247 315 ἐτεσιν.
1270 297 1278 312 ι

434 334 630 361 ΚΕΦΑΛΑΙΟΝ
653 336 689 362 Ζ’.

207 380 276 415 Περὶ
291 378 346 413 τῆς
362 379 421 406 τῶν
433 380 588 417 gementia;
604 380 659 416 (70)
674 381 918 417 ἀλειτοιιοτιησίας

419 415 489 450 (Nic.
507 415 542 441 Η.
557 415 589 442 Ε.
611 424 658 448 vn,
671 417 727 450 44).

181 460 535 495 Αντίγραφενβασιλικῆς
544 461 708 496 ἐπιστολῆς
716 461 752 487 δι’
762 459 799 496 ἧς
810 462 880 494 τοὺς
888 471 958 496 προ-

206 496 336 528 εστῶτας
360 496 417 522 τῶν
433 495 603 528 ἐκκλησιῶν
633 495 732 529 πάσης
753 495 958 524 ἀπολελύσθαι

207 531 262 564 τῆς
278 530 344 564 περὶ
359 531 394 557 τὰ
411 531 549 557 πολιτικὰ
568 531 752 565 ,λειτοτφγίιις
771 530 959 564 προστάττει.

211 587 220 603 ι
242 578 343 612 Χαῖρε,
379 576 496 602 ’Λνυλῖνε
519 575 666 611 τιμιώτατε
690 577 764 611 ἡμῖν.
793 576 900 612 Ἐπειδὴ
926 578 958 602 ὲκ

173 623 302 649 πλειόνων
331 622 501 658 πραγμάτων
529 623 651 656 φαίνεται
681 623 958 658 παρεξουθενηθεῖσαν

172 669 222 704 τὴν
248 668 394 704 θρησκείαν
423 669 452 694 ἐν
529 669 545 704 ἡ
569 669 705 704 κορυφαῖα
731 669 781 704 τῆς
806 670 958 705 ἁγιωτάτης

153 739 156 742 λ
173 714 334 749 ἐπουρανίου
356 713 411 748 (71)
427 713 507 745 αἰδὼς
527 714 704 748 φυλάττεται,
721 715 853 750 μεγάλους
868 715 957 742 κινδύ-

173 767 235 789 νους
251 759 406 794 ἐνηνοχέναι
420 761 476 791 τοῖς
490 759 628 795 δημοσίοις
644 760 812 796 πράγμασιν,
828 761 912 796 αὐτὴν
928 769 958 787 τε

173 804 274 839 ταύτην
295 805 434 840 ὲνθὲσμως
450 805 648 840 ἀναληφθεῖσαν
673 806 720 832 καὶ
745 806 957 841 φυλαττομένην,

175 851 307 888 μεγίστην
322 852 447 887 εὐτυχίαν
462 851 500 888 τῷ
522 852 668 887 Ῥωμαϊκῷ
688 853 809 888 ὀνόματι,
826 853 873 879 καὶ
890 852 958 888 σύμ-

174 906 242 924 πασι
257 899 313 929 τοῖς
333 897 386 924 τῶν
402 897 551 933 ἀνθρώπων
574 898 732 933 πράγμασιν
758 898 894 933 ἐξαίρετον
913 899 956 924 εὑ-

173 943 313 978 δαιμονίαν
348 943 569 979 παρεσχηκέναι,
599 943 653 970 τῶν
687 943 767 970 θείων
796 943 959 979 εὐεργεσιῶν

173 988 253 1015 τοῦτο
268 989 453 1024 παρεχουσῶν,
471 988 558 1020 ἔδοξεν
573 990 692 1021 ἐκείνους
708 990 768 1020 τοὺς
785 989 883 1025 ἄνδρας
896 990 957 1020 τοὺς

173 1036 207 1070 τῇ
235 1035 396 1071 ὀφειλομένη
421 1035 541 1070 ἁγιότητι
566 1036 612 1062 καὶ
637 1037 669 1070 τῇ
693 1035 738 1062 τοῦ
760 1036 841 1070 νόμου
864 1035 958 1061 τούτου
976 1024 995 1052 Β

174 1080 307 1115 παρεδρίᾳ
321 1080 370 1111 τὰς
382 1081 532 1115 ὑπηρεσίας
546 1080 595 1111 τὰς
607 1080 634 1112 ἐξ
648 1080 762 1112 ἑαυτῶν,
774 1081 807 1115 τῇ
822 1080 872 1115 τῆς
887 1079 961 1120 θείας

175 1125 324 1161 θρησκείας
340 1126 472 1162 θεραπείᾳ
492 1126 670 1161 παρέχοντας,
685 1126 739 1152 τῶν
756 1126 886 1162 καμάτων
907 1125 961 1152 τῶν

175 1171 248 1198 Ιδίων
258 1171 292 1198 τὰ
308 1171 411 1198 ἔπαθλα
418 1171 590 1206 κομίσασθαι,
608 1172 725 1198 Ἀνυλῖνε
736 1171 882 1208 τιμιώτατε
894 1171 960 1207 (72).

174 1217 272 1252 Διόπερ
284 1218 402 1249 ἐκείνους
416 1218 478 1249 τοὺς
492 1218 556 1244 εἵσω
571 1218 618 1252 τῆς
633 1218 767 1253 ἐπαρχίας
781 1218 830 1252 τῆς
844 1218 884 1244 σοὶ
912 1226 961 1244 πε-

175 1263 359 1298 πιστευμένης
372 1264 400 1290 ἐν
415 1265 447 1298 τῇ
467 1263 596 1298 καθολικῇ
622 1263 767 1298 Ἐκκλησία
787 1261 804 1304 ᾖ
820 1263 962 1290 Καικιλια-

175 1309 221 1340 νὸς
246 1309 389 1344 ἐφέστηκε,
415 1310 464 1344 τὴν
491 1309 520 1341 ἐξ
544 1309 646 1336 ἑαυτῶν
673 1310 822 1345 ὑπηρεσίαν
843 1311 876 1344 τῇ
898 1309 962 1345 ἁγίᾳ

174 1354 260 1389 ταύτῃ
277 1355 409 1390 θρησκείᾳ
431 1355 610 1390 παρέχοντας,
628 1354 730 1390 οὕσπερ
751 1354 897 1390 κληρικοὺς
911 1355 960 1380 επ-

175 1400 316 1434 ονομάζειν
329 1399 465 1431 εἰώθασιν,
477 1400 529 1427 ἀπὸ
542 1401 648 1427 πάντων
664 1400 828 1433 ἁπαξαπλῶς
842 1400 896 1426 τῶν
910 1399 962 1426 λει-

175 1446 309 1481 τουργιῶν
333 1445 460 1481 βούλομαι
489 1446 711 1482 ἀλειτουργήτους
739 1445 959 1481 διαφυλαχθῆναι,

175 1491 250 1522 ὅπως
269 1490 304 1526 μὴ
319 1491 364 1517 διά
375 1499 447 1522 τινος
460 1491 564 1526 πλάνης
577 1491 594 1526 ἢ
616 1490 809 1526 ὲξολισθήσεως
823 1489 959 1525 ἱεροσύλου

176 1536 231 1562 ἀπὸ
245 1536 294 1570 τῆς
307 1535 454 1571 θεραπείας
468 1536 518 1571 τῆς
532 1537 564 1571 τῇ
583 1536 698 1571 θειότητι
719 1535 896 1570 ὀφειλομένης
909 1534 960 1568 ἀφ-

177 1581 317 1614 έλκωνται,
339 1581 406 1608 ἀλλὰ
431 1581 530 1617 μᾶλλον
557 1582 619 1609 ἄνευ
646 1582 717 1614 τινος
743 1581 907 1616 ἐνοχλήσεως
921 1579 960 1615 τῷ

178 1629 236 1662 ἰδίῳ
255 1628 329 1663 νόμῳ
343 1627 573 1663 ἐξυπηρετῶνται,
597 1625 688 1663 ὧνπερ
705 1627 835 1663 μεγίστην
852 1626 915 1661 περὶ
928 1625 959 1651 τὺ

1252 333 1334 370 394
1353 333 1464 361 CAPUT
1486 332 1541 360 vn.

1193 380 1232 408 De
1260 380 1424 406 immunitate
1439 379 1600 406 doricorum.

1009 458 1163 491 Exemplum
1194 458 1311 491 epistola.-
1335 457 1498 490 imperaloris
1526 456 1709 487 Constantini,
1733 463 1785 490 qua

1044 500 1150 520 cunmm
1175 493 1343 519 ecclesiarum
1367 491 1490 525 prmities
1505 492 1534 516 ali
1548 491 1665 517 omnibus
1676 491 1786 524 publicis

1045 528 1223 563 [unctionibus
1239 529 1367 553 immunes
1381 534 1434 552 esse
1454 527 1579 560 principii.

1046 583 1055 599 ι
1072 575 1138 605 Ave,
1158 573 1272 599 Anulinc
1286 571 1443 598 charissimc
1456 572 1542 597 nobis.
1559 570 1625 597 Cum
1647 577 1678 596 cx
1696 569 1787 597 multis

1008 619 1087 646 rebus
1104 622 1228 648 constet,
1247 617 1402 652 religionem
1426 617 1498 643 illaut
1515 616 1542 642 iu
1556 623 1608 650 qua
1622 623 1725 642 summa
1746 615 1787 642 di-

1007 665 1077 691 vina:
1093 663 1241 697 maiestatis
1257 663 1408 689 reverentia
1422 662 1584 693 custoditur,
1602 664 1717 694 spretam
1729 661 1789 694 qni-

1008 709 1069 737 dem
1096 710 1214 736 maxima
1245 708 1398 743 reipublicae
1421 708 1582 741 importasse
1606 706 1759 732 discrimina
1779 715 1786 738 ;

1008 755 1130 783 eamdem
1148 762 1212 782 vero
1225 755 1276 782 rite
1291 759 1445 788 susceptam
1463 761 1493 780 ac
1510 752 1682 784 custoditam,
1698 756 1724 777 et
1739 759 1789 778 tto-

1009 801 1074 828 mini
1091 801 1212 828 Romano
1229 801 1377 828 maximam
1394 800 1604 834 prosperitatem
1619 819 1626 831 ,
1648 803 1674 825 et
1686 799 1789 826 cunctis

1008 847 1163 874 mortalium
1180 848 1270 878 rebus,
1288 847 1378 873 divina
1401 846 1427 872 id
1445 845 1579 886 tribuente
1592 845 1767 872 beneﬁcentia
1780 864 1790 877 ,

1008 893 1171 926 ριίεείιιιιιιιη
1186 891 1343 919 felicitatem
1360 889 1509 918 cantulisse
1525 886 1648 926 Slplacuit
1663 895 1690 917 ut
1707 889 1795 917 homi-

1009 947 1056 966 nes
1073 938 1114 966 illi
1126 940 1173 974 qui
1188 947 1249 966 cum
1266 939 1354 966 debita
1376 937 1551 965 sanctimonia
1567 944 1595 965 et
1609 938 1715 964 assidua
1740 938 1791 964 ltu-

1006 985 1050 1019 jns
1077 985 1144 1020 legis
1171 985 1344 1012 observantia
1359 1005 1366 1017 ,
1387 985 1568 1012 ministerium
1592 992 1669 1012 suutn
1693 984 1791 1011 divinze

1011 1031 1146 1066 religionis
1162 1030 1246 1057 cultui
1260 1031 1407 1063 exhibent,
1425 1030 1548 1057 laborum
1565 1038 1674 1056 suorum
1689 1037 1791 1056 merce-

1011 1077 1070 1103 dem
1088 1080 1235 1110 reportcnt,
1252 1075 1368 1102 Anuline
1383 1076 1542 1103 charissime
1557 1075 1643 1102 nobis.
1660 1074 1791 1108 Quocirca

1010 1129 1057 1148 eos
1074 1121 1196 1148 homines
1210 1122 1254 1156 qui
1271 1121 1340 1148 intra
1359 1121 1526 1156 provinciam
1551 1121 1599 1148 tibi
1617 1121 1749 1148 creditura
1763 1121 1791 1148 iu

1011 1167 1131 1194 Ecclesia
1147 1167 1281 1194 catholica
1297 1167 1340 1194 cui
1358 1168 1516 1195 Caecilianus
1533 1173 1642 1202 prazest,
1657 1168 1720 1194 huic
1733 1175 1794 1194 san-

1013 1213 1141 1239 ctissima:
1154 1212 1278 1246 religioni
1292 1213 1448 1240 ministrant
1459 1234 1466 1246 ,
1480 1221 1547 1247 quos
1560 1213 1674 1240 clericos
1693 1219 1792 1239 vocare

1012 1264 1227 1290 consueverunt,
1254 1257 1287 1284 ab
1304 1257 1429 1284 omnibus
1454 1258 1564 1285 omnino
1591 1257 1705 1292 publicis
1730 1257 1792 1284 fun-

1010 1305 1144 1332 clionibus
1155 1304 1289 1331 immunes
1307 1303 1432 1330 volumus
1446 1305 1611 1336 conservari,
1643 1311 1676 1330 ne
1698 1311 1797 1331 errore-

1011 1351 1099 1384 aliquo
1112 1355 1158 1376 aut
1172 1357 1236 1376 casu
1255 1349 1387 1384 sacrilego
1404 1357 1418 1375 a
1437 1350 1509 1376 cultu
1522 1357 1634 1376 stunma:
1656 1349 1792 1375 divinitati

1010 1395 1102 1422 debito
1123 1394 1331 1426 abstrahamur;
1351 1395 1398 1420 sed
1414 1398 1442 1420 ut
1459 1395 1553 1428 potius,
1567 1394 1670 1427 absque
1683 1393 1734 1420 ulla
1751 1394 1793 1420 in-

1014 1440 1170 1475 quietudine
1198 1440 1315 1474 propria:
1343 1440 1394 1474 legi
1420 1440 1586 1467 dcserviaut.
1615 1440 1720 1474 Quippe
1750 1440 1792 1467 bis

1013 1493 1145 1513 summam
1159 1484 1359 1511 venerationem
1375 1485 1465 1511 divino
1477 1485 1580 1511 numini
1593 1484 1791 1517 exhibeutibus.

1014 1531 1160 1559 maximum
1186 1531 1247 1557 inde
1269 1531 1483 1558 emolumentum
1511 1531 1664 1565 reipublicae
1687 1531 1798 1558 videtur

1014 1577 1153 1604 accedere.
1172 1576 1248 1608 Vale,
1263 1577 1384 1604 Anuline
1406 1576 1567 1603 churissime
1581 1584 1611 1604 ac
1626 1576 1795 1605 desideratis-

1013 1623 1080 1649 sime
1092 1622 1177 1648 nobis.
1200 1631 1209 1648 ι

176 1673 253 1699 Θείον
280 1672 406 1708 λατρείαν
433 1673 608 1708 ποιουμένων,
631 1673 754 1700 πλεῖστον
780 1673 841 1699 ὅσον
870 1672 925 1702 τοῖς
948 1669 1047 1700 κοινοῖς
1070 1668 1212 1703 πράγμασι
1249 1667 1378 1694 συνοίσειν
1403 1667 1484 1695 δοκεῖ.
1508 1667 1649 1703 Ἔρρωσθ,
1677 1667 1794 1694 ’Δνυλίνε

175 1717 322 1753 τεμιώτατε
335 1719 380 1744 καὶ
395 1718 566 1746 ποθεινότατε
579 1721 655 1754 ἡμῖν.
674 1729 682 1745 ι

441 1766 637 1792 ΚΕΦΛΛΑΙΟΝ
654 1766 695 1793 Η¹.

178 1810 245 1846 Περξ
264 1809 315 1843 τῆς
330 1811 480 1838 Λικιννίου
490 1812 534 1844 εἰς
551 1812 679 1844 ὕστερον
694 1813 959 1846 κακοτροπίας,καὶ

212 1845 267 1879 τῆς
281 1846 490 1880 καταστροφῆς
502 1846 593 1873 αὑτοῦ
615 1847 683 1881 (Nic.
704 1847 739 1874 Η.
757 1846 790 1873 E.
806 1855 851 1879 ut,
869 1845 924 1884 Η).

212 1890 330 1917 Τοιαῦτα
348 1892 396 1926 μὲν
410 1889 455 1918 οὖν
467 1892 531 1927 ἡμῖν
545 1893 561 1927 ή
576 1892 635 1918 θεία
652 1892 698 1918 καὶ
715 1893 837 1928 οὐράνιος
849 1894 896 1928 τῆς
912 1895 960 1921 τοῦ

176 1938 303 1974 Σωτῆρος
320 1939 397 1974 ἡμῶν
412 1939 571 1974 ἐπιφανείας
587 1939 712 1974 ἐδωρεῖτο
731 1940 820 1975 χάρις,
844 1941 960 1976 τοσαύτη

176 1991 206 2010 τε
220 1984 320 2010 ἅπασιν
335 1985 487 2020 ἀνθρώποις
503 1984 617 2019 ἀφθονία
631 1984 739 2018 ἀγαθῶν
750 1985 792 2012 διὰ
802 1986 851 2021 τῆς
863 1987 962 2022 ἡμετέ-

179 2037 229 2066 ρας
252 2031 449 2066 ὲπρυτανεύετο
478 2031 598 2066 εἰρήνης.
624 2031 679 2057 Καὶ
710 2028 761 2057 ὦδε
785 2031 833 2066 μὲν
849 2032 884 2059 τὰ
903 2032 962 2059 καθ’

176 2100 357 2133 Augustinum
371 2101 398 2128 in
416 2101 462 2128 lib.
478 2109 521 2132 tu,
537 2101 635 2128 Contra
657 2101 826 2128 Cresconium
844 2109 903 2135 cap.
919 2102 965 2130 70.

214 2135 270 2170 (70)
296 2136 366 2169 Περὶ
397 2135 453 2168 τῆς
481 2136 541 2163 τῶν
556 2135 714 2170 κληρικῶν.
732 2136 758 2162 In
782 2137 966 2164 vetustissimo

178 2170 272 2196 coddu
288 2170 357 2198 Maz.
384 2175 411 2197 et
426 2170 492 2197 Fuit.
512 2172 561 2198 hoc
572 2177 651 2204 caput
671 2172 687 2197 6
708 2171 817 2201 dicitur.
843 2176 871 2198 ct
893 2177 965 2199 recte

178 2206 302 2266 quidéam,
326 2206 354 2233 ni
378 2205 467 2233 fallor.
485 2205 549 2233 Vide
573 2213 634 2241 qua:
658 2213 739 2240 supra
758 2206 849 2233 notavi
865 2207 898 2233 ad
914 2214 963 2234 ca-

178 2245 227 2266 but
259 2259 265 2266 .

178 2245 227 2273 put
239 2245 265 2266 ο.

215 2275 274 2309 (71)
297 2274 355 2309 Τῆς
369 2275 533 2310 ἁγιωτάτης
557 2275 747 2310 ἐποιφανίου.
773 2275 965 2310 Cltristophor-

179 2316 261 2346 sonus
276 2311 352 2346 addit
369 2318 461 2337 vocem
479 2310 630 2346 δυνάμεως,
654 2319 687 2338 ex
716 2311 885 2338 Constantini
906 2312 964 2345 epi-

179 2344 246 2369 stola
265 2345 298 2371 ad
312 2344 467 2372 Chreslum.

216 2378 272 2415 (⁵12)
304 2379 437 2415 ᾉνυλῖνε
459 2380 619 2415 τιμιώτατε.
635 2379 662 2406 lu
677 2380 768 2407 codice
783 2380 864 2413 Med.,
881 2379 964 2413 Maz.,

179 2413 251 2450 Fit.
263 2418 290 2440 et
314 2414 396 2441 Savil.
422 2413 521 2450 legitur
547 2415 664 2442 ’Δνυλῖνε
681 2415 826 2450 τιμιιὶγτατε
847 2416 895 2442 καὶ
915 2424 965 2441 πο-

179 2448 316 2484 θεινότατε
334 2450 409 2484 ἡμῖν.
425 2448 510 2477 Porro
534 2451 631 2477 relatio
657 2448 766 2476 Anuliui
795 2451 964 2483 proconsulis

179 2491 232 2517 qua
249 2483 290 2510 his
305 2483 476 2513 Constantini
495 2485 595 2512 litteris
616 2486 770 2519 respondet,
787 2489 877 2512 exstat
891 2486 963 2519 apud

179 2519 361 2552 Augustinum
389 2520 416 2546 in
440 2521 519 2553 epist.
544 2521 588 2550 68.
610 2520 652 2546 his
666 2519 776 2546 verbis:
804 2529 814 2545 ‹
832 2520 964 2547 Auuliuus

183 2555 222 2579 vir
234 2552 400 2582 clarissimus
415 2556 558 2588 proconsul
572 2554 681 2582 Africa.
707 2554 815 2587 Scripta
839 2555 963 2581 coelestia

181 2588 332 2621 maiestatis
353 2594 450 2616 vestrae
476 2595 587 2623 accepta
614 2593 694 2624 atque
718 2590 848 2620 adorata,
877 2589 962 2616 (Σωςὶ-

182 2623 302 2659 huuoet
320 2623 363 2651 his
392 2625 436 2658 qui
461 2625 511 2651 sub
527 2627 621 2652 eodem
642 2623 736 2658 agunt,
754 2624 855 2659 quique
870 2624 961 2651 clerici

182 2657 364 2692 appellantur,
380 2657 487 2686 devotio
501 2660 640 2694 parvitatis
661 2657 728 2686 mea:
756 2657 896 2686 insinuare
913 2667 961 2685 cu-

181 2694 272 2719 ravil:
288 2694 450 2728 eosdemque
468 2695 572 2721 hortata
588 2699 639 2726 est,
656 2699 685 2722 ut
700 2694 803 2720 unitate
828 2701 963 2721 consensu

180 2729 305 2754 Durnium
322 2727 480 2759 facta.’cum
507 2730 578 2755 oumi
606 2729 718 2756 omnino
744 2736 854 2755 nmnere
872 2729 961 2754 indul-

181 2763 273 2824 gentia
302 2763 452 2796 majestatis
481 2769 576 2790 vestrae
605 2764 712 2791 liberali
740 2771 800 2790 esse
819 2763 962 2790 videantur

205 2797 327 2824 atholici.
354 2798 491 2824 custodita
514 2799 659 2824 sanctitate
675 2798 754 2824 leuis.
777 2798 867 2824 debita
885 2805 961 2824 reve-

205 2797 327 2828 atholici,
354 2798 491 2825 custodita
514 2799 659 2825 sanctitate
675 2798 754 2832 legis.
777 2798 867 2825 debita
885 2805 961 2825 reve-

183 2833 273 2858 rentia
291 2832 390 2859 divinis
405 2833 486 2860 rebus
503 2833 660 2861 inserviant.
675 2832 775 2860 Verum
790 2837 850 2867 post
864 2840 961 2866 paucos

183 2867 242 2893 dies
256 2867 418 2894 exstiterunt
427 2867 536 2902 quidam
551 2868 667 2894 adunata
684 2875 774 2895 secum
790 2868 879 2902 populi
894 2868 962 2894 mul-

185 2902 315 2934 titutline.
327 2903 373 2937 qui
391 2902 536 2931 Caeciliano
562 2903 802 2931 contradiceudum
825 2907 960 2934 mutarent.

1308 1769 1420 1797 CAPUT
1436 1769 1502 1797 Vill.

1016 1817 1055 1844 De
1069 1814 1230 1850 malignitate
1253 1815 1347 1842 Licinii
1370 1821 1459 1849 postea
1480 1816 1617 1842 subsecuta
1627 1835 1634 1848 .
1648 1821 1674 1842 ει
1689 1816 1721 1843 de
1737 1817 1794 1851 ejus

1361 1856 1454 1876 morte.

1049 1896 1204 1930 Hujusmodi
1230 1895 1307 1923 nobis
1341 1896 1409 1922 dona
1432 1895 1548 1922 ccclestis
1569 1903 1602 1923 ac
1621 1896 1711 1922 divina
1734 1904 1795 1931 gra-

1015 1942 1051 1969 tia
1093 1942 1241 1977 praesentia:
1280 1940 1432 1968 Servatoris
1475 1941 1561 1967 nostri
1594 1941 1689 1976 largita
1729 1946 1794 1973 est,

1017 1993 1144 2023 tantaque
1162 1988 1294 2014 bonorum
1316 1986 1392 2020 copia
1417 1987 1542 2013 universo
1567 1987 1656 2019 generi
1678 1987 1795 2014 humano

1018 2041 1050 2060 ex
1066 2041 1131 2068 pace
1149 2032 1226 2060 nobis
1252 2031 1375 2060 restituta
1390 2031 1531 2066 proﬂuxit.
1553 2033 1592 2059 Ac
1617 2039 1661 2059 res
1684 2033 1795 2067 quidem

1021 2103 1120 2137 quique
1138 2101 1295 2129 fasciculum
1320 2102 1346 2128 in
1373 2101 1445 2128 aluta
1461 2101 1596 2136 signatum
1623 2105 1650 2128 et
1674 2101 1794 2128 libellum

1019 2136 1081 2165 sine
1091 2137 1165 2172 signo
1175 2137 1333 2164 obtulerunt
1348 2137 1476 2163 dicalioni
1492 2143 1558 2163 mete
1572 2145 1578 2162 :
1595 2141 1677 2172 atque
1692 2136 1795 2170 impen-

1019 2173 1063 2199 dio
1080 2171 1263 2206 postularunt.
1282 2176 1310 2198 ut
1334 2172 1366 2197 ad
1381 2179 1487 2198 sacrum
1502 2171 1722 2199 et.veuerabilem
1746 2179 1792 2198 co-

1017 2208 1143 2234 mitatum
1160 2207 1279 2234 numinis
1302 2206 1382 2233 vestri
1408 2206 1561 2240 dirigerent.
1584 2206 1648 2238 Quae
1668 2210 1794 2233 inancnte

1017 2242 1159 2269 Caeciliano
1173 2242 1199 2268 in
1215 2246 1286 2268 statu
1303 2249 1362 2272 suo.
1378 2240 1508 2275 subjectis
1534 2241 1688 2267 earumdem
1713 2241 1791 2274 actis,

1016 2284 1070 2310 quo
1085 2281 1181 2303 cuncta
1201 2276 1327 2309 maiestas
1341 2281 1429 2302 vestra
1447 2276 1532 2310 possit
1545 2275 1713 2309 dignoseere,
1731 2283 1793 2308 par-

1017 2314 1086 2338 vitas
1101 2319 1160 2338 mea
1173 2311 1288 2344 dirigere
1306 2311 1423 2338 curavit.
1440 2319 1449 2335 »
1483 2310 1534 2337 Per
1561 2319 1570 2335 ι
1585 2311 1684 2344 scripta
1709 2310 1790 2336 ctele-

1016 2347 1067 2373 stia
1086 2356 1095 2371 ι
1119 2346 1246 2380 intelligit
1263 2347 1396 2372 Auulinus
1420 2345 1560 2379 episwlam
1576 2345 1745 2372 Constantini
1759 2346 1792 2371 ad

1015 2381 1102 2415 ipsum
1130 2381 1221 2407 datam
1251 2382 1282 2408 de
1304 2380 1476 2407 immunitate
1491 2380 1662 2415 clericorum,
1682 2388 1743 2414 qtae
1759 2381 1791 2407 ab

1014 2414 1130 2442 Eusebio
1156 2416 1182 2441 in
1209 2416 1259 2442 hoc
1285 2416 1373 2449 capite
1400 2415 1484 2441 relata
1507 2421 1558 2442 est.
1581 2414 1657 2448 Quod
1684 2415 1792 2448 quidem

1015 2451 1187 2484 apertissime
1212 2450 1368 2476 declaratur
1391 2450 1434 2477 his
1463 2450 1562 2480 verbis.
1587 2457 1645 2483 qua:
1670 2450 1792 2484 proxime

1015 2490 1165 2519 sequuntur
1178 2485 1204 2510 in
1222 2484 1353 2511 relatione
1366 2484 1475 2511 Anulini
1489 2493 1495 2510 :
1516 2493 1525 2509 ι
1542 2485 1609 2511 Cum
1635 2485 1708 2510 omni
1732 2491 1793 2511 οπως

1015 2521 1080 2546 uiuo
1095 2526 1206 2546 munere
1220 2519 1386 2553 indulgentia
1403 2519 1553 2552 majestatis
1568 2523 1662 2546 vestra:
1684 2519 1792 2546 liberati

1014 2562 1072 2582 esse
1089 2555 1231 2581 videantur
1246 2554 1388 2581 Catholici.
1415 2563 1424 2580 ι
1449 2555 1582 2581 Caeterum
1597 2554 1645 2581 itas
1659 2554 1791 2581 Constan-

1014 2590 1062 2616 tini
1079 2589 1207 2624 epistolas
1223 2594 1389 2623 pratpostero
1417 2589 1513 2624 ordine
1531 2589 1621 2615 retulit
1648 2588 1790 2616 Eusebius.

1013 2624 1081 2651 Nam
1097 2623 1223 2658 ’cpistola
1248 2623 1415 2650 Constantini
1437 2624 1471 2650 ad
1491 2623 1661 2650 Czecilianum
1686 2624 1792 2658 episcu~

1013 2667 1087 2693 pum,
1116 2660 1185 2695 item
1202 2659 1320 2695 ejusdem
1350 2658 1463 2695 epistola
1486 2660 1519 2685 ad
1537 2659 1692 2695 Anulinum‘
1731 2666 1791 2685 cum

1014 2691 1146 2721 relatione
1163 2691 1284 2729 ejusdem
1300 2691 1703 2729 Anulini.quamSupracitavi,
1723 2701 1792 2727 pra:-

1013 2731 1109 2757 cedere
1124 2728 1223 2755 debent
1241 2728 1381 2762 epistolam
1396 2728 1566 2755 Constantini
1596 2730 1630 2755 ad
1646 2728 1793 2755 Miltiadem

1012 2765 1169 2799 episcopum
1185 2763 1260 2790 urbis
1280 2763 1384 2790 liotore.
1397 2763 1506 2799 _0nmes
1522 2764 1594 2790 enim
1618 2771 1656 2790 ea:
1675 2763 1795 2797 epistolae

1013 2797 1147 2832 pertinent
1167 2799 1199 2825 ad
1223 2799 1370 2825 concilium
1397 2797 1558 2829 Romanum,
1578 2799 1648 2832 quod
1673 2798 1795 2826 habitum

1012 2839 1054 2860 est
1072 2835 1097 2860 in
1114 2841 1195 2860 causa
1221 2834 1359 2860 Caeciliani
1387 2841 1477 2860 coram
1503 2832 1621 2860 Miltiade
1651 2833 1703 2860 PP.
1723 2835 1796 2860 Con-

1013 2869 1174 2896 stantinont
1193 2873 1221 2896 et
1235 2868 1340 2896 Licinio
1360 2876 1389 2897 Ill
1414 2875 1497 2902 c0525.,
1524 2876 1595 2896 anno
1609 2869 1707 2897 Christi
1721 2868 1784 2896 515.
