2013 3179
228 170 281 198 895

579 171 713 199 EL'SEBII
732 171 972 200 CESARIENSIS
990 170 1066 199 OPP.
1089 170 1177 198 PARS
1195 170 1216 200 Ι.
1234 185 1270 191 -
1290 170 1482 202 HISTORICA.

1799 169 1854 199 898

230 235 329 259 nostra:
352 231 377 258 in
403 231 456 259 hoc
479 231 619 259 laetissimo
630 236 702 259 statu
719 237 746 260 et
760 232 788 259 in
805 232 961 268 bujusmodi
975 233 1012 261 fe-

1066 232 1137 266 ήμᾶς
1154 232 1183 257 ἐν
1206 231 1359 268 εὐφροσύνῃ
1375 232 1422 258 καὶ
1439 230 1623 266 πανηγύρεσιν
1650 230 1775 257 ἐτελεῖτο.
1794 230 1853 257 Οὐκ

230 277 395 305 stivilatibus
416 282 506 305 erant.
531 278 584 305 Sed
607 279 716 309 virtutis
734 279 860 307 inimicus
875 286 903 308 et
928 280 1013 309 malo-

230 331 290 351 rum
317 323 437 351 omnium
465 324 681 352 studiosissimus
703 324 833 353 damonis
858 326 937 358 livor,
961 325 1014 353 hoc

230 369 416 403 spectaculum
440 370 486 397 diu
518 370 591 398 ferre
620 379 674 398 non
701 372 797 406 potuit.
828 371 919 407 Neque
948 372 1013 400 item

228 415 308 451 395
319 415 438 443 Licinius
453 416 486 443 iis
499 416 698 444 calamitatibus
713 425 772 452 quae
790 417 953 452 supradictis
966 422 1009 452 ty-

228 460 325 487 rannis
338 460 506 492 acciderant,
520 460 621 487 erudiri
635 461 721 494 potuit
738 466 768 488 ut
783 466 890 496 saperet
908 469 938 489 ac
956 469 1013 489 mo-

228 506 304 533 deste
314 510 415 540 ageret.
429 505 479 538 Qui
493 513 621 541 prospero
633 507 738 541 imperii
748 508 788 534 sui
804 512 887 541 statu,
900 509 1012 536 secundi

227 558 288 587 post
308 551 515 579 Constantinum
532 552 679 579 maximum
691 553 742 580 loci
761 553 902 588 dignitate,
916 559 943 581 et
956 553 1013 581 affi-

228 599 312 625 nitate
328 598 489 632 angustique
506 599 615 632 generis
633 598 822 632 conjunctione
840 599 990 627 honoratus
1003 620 1012 633 ,

228 651 243 670 a
259 644 388 671 bonorum
410 643 519 677 quidem
544 644 696 671 imitatione
711 644 842 676 descivit,
864 645 1012 680 impiorum

228 696 294 716 vero
322 695 499 722 tyrannorum
526 696 624 722 pravos
652 694 734 723 atque
758 689 898 724 improbos
922 698 1013 719 mores

228 734 367 762 aemulatus
381 741 431 762 est.
448 736 480 761 Et
492 743 606 769 quorum
624 734 804 763 miserabilem
830 736 892 762 vitae
910 736 1012 763 exitum

228 780 285 810 suis
300 782 356 814 ipse
373 781 458 808 oculis
477 786 671 815 conspexerat,
694 788 789 808 eorum
805 781 919 809 consilia
935 782 1012 816 sequi

229 825 335 858 maluit,
350 834 430 860 quam
447 827 471 852 in
489 826 673 854 benevolentia
686 832 766 862 atque
778 827 900 855 amicitia
915 828 1012 862 optimi

228 871 357 906 principis
370 876 501 905 perstare.
516 872 620 898 Etenim
634 872 743 899 invidize
754 873 871 900 stimulis
882 873 1013 900 adversus

227 916 297 950 bene
312 916 344 943 de
355 923 383 943 se
393 916 517 943 meritum
531 916 668 948 incitatus,
684 916 874 951 gravissimum
889 920 917 943 et
932 915 1009 943 nefa-

229 962 297 988 rium
314 961 338 988 ei
355 961 452 989 bellum
464 962 562 995 intulit,
592 970 645 989 non
663 968 768 990 natura;
781 964 916 991 reveritus
935 962 1007 997 jura,

227 1014 281 1034 non
297 1006 440 1040 foederum,
462 1014 515 1034 non
529 1007 716 1041 jurisjurandi.
741 1015 791 1035 nec
817 1008 1010 1044 consanguini-

229 1052 291 1080 tatis
317 1059 430 1080 memor.
460 1051 526 1079 Nam
558 1052 754 1080 Constantinus
781 1054 888 1088 quidem
918 1058 1011 1089 utpote

227 1099 438 1133 benignissimus
455 1099 592 1133 princeps,
608 1107 662 1134 quo
676 1100 791 1128 sincerae
814 1100 1011 1128 benevolentia:

228 1145 410 1173 certissimum
440 1147 463 1173 ei
492 1151 681 1180 argumentum
705 1146 792 1178 daret,
815 1146 946 1174 affinitate
960 1154 1010 1174 sua

227 1199 289 1221 eum
313 1193 438 1227 dignatus
462 1192 569 1226 fuerat;
604 1200 654 1220 nec
678 1192 798 1220 illustres
825 1194 931 1222 sororis
954 1201 1011 1221 suae

228 1239 335 1273 nuptias
365 1238 453 1266 eidem
480 1239 659 1273 denegaverat
683 1248 690 1265 :
712 1245 806 1265 verum
835 1239 929 1273 stirpis
956 1247 1011 1267 sum

227 1285 402 1316 nobilitatem.
417 1290 443 1312 et
458 1284 620 1319 imperatorii
631 1285 686 1319 jam
701 1285 765 1312 inde
776 1292 790 1311 a
805 1285 915 1319 proavis
926 1292 1010 1319 gene-

228 1331 265 1358 ris
280 1331 449 1364 splendorem
465 1339 526 1358 cum
543 1339 576 1358 eo
595 1332 854 1364 communicaverat,
872 1332 1011 1367 totiusque

226 1377 300 1403 orbis
315 1376 428 1403 Romani
444 1376 584 1410 imperium
610 1383 670 1403 cum
694 1376 750 1408 illo,
777 1380 870 1411 utpote
891 1376 970 1405 aliine
984 1382 1012 1405 et

228 1422 302 1458 regni
316 1426 440 1449 consorte
453 1422 673 1456 participaverat.
691 1421 746 1449 Nec
766 1423 897 1450 minorem
909 1423 934 1450 ei
946 1430 1010 1457 por-

229 1468 327 1494 tionem
343 1468 445 1502 itnperii
465 1466 580 1496 Romani
594 1467 738 1501 regendam
754 1467 1011 1502 gubernandamque

227 1519 411 1541 concesserat.
427 1513 547 1540 Licinius
560 1519 624 1539 vero
637 1519 748 1547 prorsus
763 1514 902 1540 contraria
919 1514 1010 1541 omnia

228 1559 342 1593 agebat;
358 1559 446 1586 onmis
459 1557 567 1592 generis
593 1557 703 1585 fraudes
727 1557 856 1585 adversus
874 1558 1009 1592 potiorem

228 1605 350 1640 quotidie
367 1603 585 1634 comminiscens.
603 1607 768 1638 cunctasque
780 1602 921 1631 insidiandi
939 1609 1013 1632 artes

228 1650 395 1684 excogitans,
405 1653 434 1675 ut
449 1649 517 1676 bene
532 1648 660 1675 meritum
682 1649 760 1676 malis
772 1649 1011 1682 Iremuneraretur.

228 1696 267 1723 Ac
291 1694 423 1729 principio
444 1694 552 1728 quidem
568 1693 680 1721 insidias
695 1699 785 1729 legere
796 1695 908 1723 studens
919 1715 927 1728 ,
944 1697 1014 1724 ami-

229 1748 289 1768 cum
301 1748 330 1768 se
343 1747 403 1767 esse
416 1738 560 1766 simulabat
574 1748 581 1766 :
597 1744 625 1766 et
641 1739 734 1767 fraude
746 1748 778 1767 ac
792 1740 861 1769 dolis
876 1741 1012 1769 Constan-

231 1786 314 1813 tinum
333 1792 404 1819 saepe
418 1789 564 1820 appetens,
581 1785 659 1812 facile
681 1793 710 1813 se
732 1787 785 1813 voti
803 1788 843 1814 sui
860 1793 1012 1822 compotem

229 1832 288 1859 fore
299 1832 435 1866 sperabat.
446 1832 499 1858 Sed
518 1831 591 1858 enim
606 1832 785 1861 Constantino
797 1835 909 1866 amicus,
926 1840 953 1862 et
970 1840 1012 1862 tu-

231 1885 273 1905 tor
287 1883 434 1912 custosque
448 1882 507 1905 erat
522 1879 594 1906 Deus
611 1887 618 1905 :
634 1879 679 1913 qui
695 1879 808 1907 insidias
828 1882 898 1908 clam
920 1887 946 1909 et
966 1890 1013 1909 oc-

230 1922 303 1951 culte
315 1924 364 1958 ipsi
379 1928 548 1958 comparatas
573 1924 600 1950 in
625 1923 714 1951 lucem
732 1925 872 1959 proferens
887 1928 1012 1955 confuta-

230 1971 286 1998 bat.
309 1970 424 1997 Tantam
447 1970 500 1997 vim
517 1970 598 1998 habet
618 1978 714 2005 magna
739 1971 784 1998 illa
801 1973 907 2007 pietatis
922 1981 1012 2001 arma-

231 2021 302 2050 tura,
319 2021 374 2044 tum
389 2017 423 2043 ad
438 2017 634 2052 propulsandos
655 2018 790 2050 inimicos,
821 2023 877 2046 tum
894 2020 928 2047 ad
950 2028 1013 2055 pro-

230 2063 296 2096 priae
311 2062 406 2091 salutis
420 2063 664 2090 conservationem.
680 2063 738 2095 Qua
753 2064 862 2097 quidem
875 2070 1012 2093 armatura

231 2108 348 2135 munitus
368 2110 515 2143 imperator
532 2114 622 2136 noster
636 2110 690 2137 Deo
709 2110 889 2138 cltarissimus
901 2132 908 2143 ,
925 2112 1013 2139 multi-

231 2154 314 2187 plices
326 2154 421 2181 nefarii
434 2154 552 2181 hominis
564 2154 676 2183 insidias
687 2155 789 2191 effugit.
802 2156 885 2191 Igitur
895 2156 1014 2185 Licinius

230 2208 291 2227 eum
308 2201 426 2229 occultas
441 2202 554 2230 insidias
570 2210 621 2230 non
639 2210 672 2230 ex
683 2208 745 2230 voto
759 2203 810 2230 sibi
822 2204 920 2231 cedere
937 2205 1013 2233 vide-

1064 275 1097 312 ἦν
1112 277 1140 303 δέ
1156 276 1210 312 ἄρα
1225 277 1265 313 τῷ
1282 277 1421 313 μισοκάλῳ
1443 276 1532 312 φθόνῳ
1542 297 1550 309 ,
1566 276 1605 311 τῷ
1627 284 1657 302 τε
1679 275 1853 311 φιλοπονήρῳ

1064 324 1169 358 δαίμονι
1194 324 1310 360 φορητὸς
1330 325 1346 359 ἡ
1370 323 1423 350 τῶν
1443 322 1587 358 ὁρωμένων
1609 322 1674 348 θέα·
1693 322 1787 358 ὥσπερ
1803 320 1852 349 οὖν

1065 368 1125 395 οὐδὲ
1139 369 1266 404 Λικιννίῳ
1277 368 1344 404 πρὸς
1356 368 1482 403 σώφρονα
1498 366 1623 402 λογισμὸν
1638 366 1784 401 ἐτύγχανεν
1800 367 1851 393 αὐ-

1064 415 1152 451 τάρκη
1166 415 1200 442 τὰ
1212 417 1268 447 τοῖς
1287 414 1404 451 πρόσθεν
1419 413 1612 449 δεδηλωμένοις
1625 413 1764 448 τυράννοις
1781 422 1852 448 συμ-

1065 460 1200 495 ϐεϐηκότα
1211 469 1217 475 ·
1236 461 1265 492 ὃς
1282 459 1311 487 εὖ
1333 460 1485 495 φερομένης
1502 459 1550 494 τῆς
1568 459 1655 494 ἀρχῆς
1669 458 1752 493 αὐτῷ,
1770 458 1851 493 βασι-

1064 506 1132 538 λέως
1146 507 1263 542 μεγάλου
1281 498 1658 540 Κωνσταντίνουδευτερείων
1674 504 1770 540 τιμῆς,
1788 505 1850 530 ἐπι·
1868 529 1875 542 ρ

1063 552 1201 587 γαμϐρίας
1214 560 1243 577 τε
1256 552 1301 578 καὶ
1317 551 1475 585 συγγενείας
1486 550 1535 586 τῆς
1550 550 1678 576 ἀνωτάτω
1688 549 1849 584 ἠξιωμένος,
1867 541 1879 566 ri

1066 598 1208 634 μιμήσεως
1221 598 1269 633 μὲν
1288 597 1338 632 τῆς
1354 597 1409 624 τῶν
1429 596 1518 623 καλῶν
1532 596 1743 631 ἀπελιμπάνετο,
1756 595 1806 630 τῆς
1821 594 1853 622 δέ

1063 644 1117 671 τῶν
1135 644 1242 671 ἀσεϐῶν
1260 644 1398 679 τυράννων
1417 643 1567 679 μοχθηρίας
1585 641 1680 677 ἐζήλου
1699 642 1748 677 τὴν
1768 649 1852 668 κακο-

1063 690 1188 725 τροπίαν,
1206 690 1253 716 καὶ
1272 686 1308 716 ὧν
1323 689 1370 715 τοῦ
1391 689 1448 724 βίου
1468 689 1517 725 τὴν
1541 688 1731 724 καταστροφὴν
1744 688 1852 715 ἐπεῖδεν

1063 736 1155 768 αὐτοῖς
1169 736 1329 771 ὀφθαλμοῖς,
1346 735 1448 762 τούτων
1459 735 1573 762 ἔπεσθαι
1588 736 1620 770 τῇ
1631 734 1727 770 γνώμῃ
1740 734 1850 770 μᾶλλον,

1063 782 1126 818 ἢτῇ
1150 782 1195 808 τοῦ
1225 782 1380 817 κρείττονος
1405 780 1522 808 διαθέσει
1547 781 1676 816 ἐμμένειν
1695 780 1741 807 καὶ
1764 780 1850 816 φιλίᾳ,

1064 829 1164 864 ᾑρεῖτο.
1176 828 1368 864 Διαφθονηθείς
1379 828 1411 862 γέ
1420 836 1460 854 τοι
1471 827 1509 863 τῷ
1521 827 1716 863 πανευεργέτῃ,
1734 827 1851 862 πόλεμον

1063 874 1166 910 δυσαγῆ
1175 875 1221 901 καὶ
1229 874 1380 901 δεινότατον
1395 874 1463 909 πρὸς
1473 873 1552 900 αὐτὸν
1566 873 1688 908 ἐκφέρει,
1700 873 1730 900 οὐ
1744 873 1852 908 φύσεως

1063 920 1152 955 νόμων
1163 920 1335 954 ιρεισάμενος,
1352 919 1401 954 οὐχ
1413 918 1599 954 ὁρκωμοσιῶν,
1619 918 1667 953 οὐχ
1682 918 1806 953 αἵματος,
1818 918 1850 944 οὐ

1064 966 1204 1002 συνθηκῶν
1229 966 1338 1001 μνήμην
1363 966 1392 991 ἐν
1417 964 1520 1000 διανοίᾳ
1546 964 1646 991 λαϐών.
1675 964 1704 991 '0
1730 964 1780 999 μὲν
1795 964 1851 1000 γὰρ

1064 1011 1137 1046 αὐτῷ
1168 1009 1212 1038 οἷα
1232 1011 1388 1045 πανάγαθος
1419 1011 1560 1046 βασιλεὺς,
1589 1010 1694 1042 εὐνοίας
1723 1009 1852 1045 παρέχων

1064 1057 1180 1093 ἀληθοῦς
1197 1057 1329 1092 σύμϐολα,
1356 1057 1516 1091 συγγενείας
1536 1056 1587 1092 τῆς
1609 1056 1677 1092 πρὸς
1701 1056 1782 1082 αὐτὸν
1800 1056 1852 1082 οὐκ

1064 1103 1203 1139 ἐφθόνησε,
1220 1103 1314 1138 γάμων
1326 1112 1357 1129 τε
1365 1102 1497 1139 λαμπρῶν
1514 1103 1629 1137 ἀδελφῆς
1645 1102 1786 1138 μετουσίαν
1800 1101 1852 1127 οὐκ

1064 1150 1250 1185 ἀπηρνήσατο,
1265 1149 1332 1175 ἀλλὰ
1342 1150 1388 1175 καὶ
1401 1149 1450 1184 τῆς
1462 1149 1494 1175 ἐκ
1504 1149 1627 1184 πατέρων
1635 1148 1774 1182 εὐγενείας
1783 1147 1849 1182 (75),

1065 1194 1202 1230 βασιλικοῦ
1219 1203 1249 1221 τε
1278 1194 1410 1224 ἀνέκαθεν
1435 1195 1549 1230 αἵματος
1579 1193 1705 1227 κοινωνὸν
1725 1192 1851 1228 γενέσθαι

1064 1241 1173 1276 ἠξίωσε,
1191 1240 1241 1275 τῆς
1256 1249 1285 1267 τε
1309 1240 1380 1267 κατὰ
1397 1241 1505 1267 πάντων
1524 1239 1669 1266 ἀπολαύειν
1685 1239 1788 1275 ἀρχῆς,
1805 1236 1850 1264 οἶα

1064 1287 1179 1322 κηδεστῇ
1197 1286 1242 1312 καὶ
1260 1286 1419 1321 συμὸασιλεῖ
1434 1287 1546 1321 παρεῖχε
1569 1285 1617 1321 τὴν
1633 1284 1757 1318 ἐξουσίαν
1769 1304 1776 1315 ,
1799 1283 1851 1310 οὐκ

1064 1332 1173 1359 ἔλαττον
1201 1332 1282 1367 μέρος
1303 1331 1357 1358 τῶν
1382 1332 1434 1358 ὑπὸ
1457 1331 1608 1367 Ῥωμαίους
1636 1330 1720 1357 ἐθνῶν
1747 1329 1851 1356 διέπειν

1064 1379 1138 1414 αὐτῷ
1151 1378 1197 1405 καὶ
1211 1378 1319 1405 διοικεῖν
1334 1377 1539 1413 κεχαρισμένος.
1557 1377 1586 1404 '0
1601 1377 1623 1403 δ’
1640 1376 1768 1412 ἔμπαλιν,
1785 1374 1850 1402 τού-

1064 1433 1120 1456 τοις
1136 1425 1263 1452 τὰναντία
1278 1424 1462 1461 διεπράττετο,
1488 1423 1614 1454 παντοίας
1634 1422 1766 1458 ὁσημέραι
1779 1420 1850 1448 κατὰ

1064 1470 1111 1496 τοῦ
1132 1471 1284 1506 κρείττονος
1302 1470 1424 1506 μηχανὰς
1447 1468 1671 1504 ἐπιτεχνώμενος,
1696 1468 1797 1497 πάντας
1819 1473 1850 1493 τι

1064 1514 1178 1541 ἐπινοῶν
1189 1514 1332 1550 ἐπιϐουλῆς
1346 1515 1473 1550 τρόπους,
1486 1514 1523 1545 ὡς
1538 1513 1570 1540 ἂν
1584 1513 1678 1544 κακοῖς
1687 1512 1731 1538 τὸν
1742 1510 1851 1547 εὐεργέ-

1063 1569 1113 1597 την
1128 1561 1282 1596 ἀμείψαιτο.
1300 1561 1341 1588 Τὰ
1364 1561 1414 1596 μὲν
1430 1558 1475 1587 οὖν
1492 1559 1587 1596 πρῶτα
1607 1558 1776 1594 πειρώμενος
1799 1557 1850 1593 τὴν

1065 1607 1197 1643 συσκευὴν
1206 1608 1395 1643 ἐπικρύπτειν,
1408 1607 1483 1641 φίλος
1494 1604 1563 1633 εἶναι
1572 1607 1770 1642 προσεποιεῖτο,
1781 1605 1850 1639 δόλῳ

1063 1663 1093 1682 τε
1120 1655 1167 1681 καὶ
1193 1654 1283 1690 ἀπάτῃ
1312 1654 1469 1684 πλειστάκις
1493 1651 1665 1687 ἐπιθέμενος,
1698 1652 1785 1686 ῥᾷστα
1816 1650 1851 1676 ἂν

1063 1700 1154 1735 τυχεῖν
1170 1698 1216 1726 τοῦ
1234 1698 1455 1734 προσδοκωμένου
1466 1697 1574 1732 ἧλπισε.
1590 1696 1635 1731 Τῷ
1647 1696 1675 1723 δὲ
1691 1696 1744 1731 ἄρα
1758 1697 1772 1722 ὁ
1782 1695 1850 1727 Θεὸς

1063 1742 1098 1781 ἦν
1115 1744 1204 1779 φίλος,
1229 1743 1354 1780 κηδεμών
1373 1752 1403 1770 τε
1422 1743 1470 1769 καὶ
1490 1742 1586 1777 φύλαξ,
1610 1742 1639 1773 ὃς
1662 1741 1735 1776 αὐτῷ
1753 1741 1802 1772 τὰς
1819 1742 1849 1767 ἐν

1064 1791 1212 1826 ἀπορρήτῳ
1235 1791 1281 1817 καὶ
1298 1790 1386 1816 σκότει
1414 1788 1612 1825 μηχανωμένας
1638 1787 1780 1819 ἐπιϐουλὰς
1808 1788 1850 1818 είς

1065 1837 1122 1873 φῶς
1143 1837 1217 1871 ἄγων
1239 1837 1372 1872 διήλεγχε.
1389 1835 1519 1862 Τοσοῦτον
1536 1835 1636 1870 ἀρετῆς
1650 1834 1680 1860 τὸ
1704 1834 1773 1869 μέγα
1800 1833 1848 1869 τῆς

1065 1883 1218 1915 θεοσεϐείας
1243 1883 1324 1909 ὅπλον
1351 1882 1417 1918 (74),
1440 1882 1508 1918 πρὸς
1529 1881 1634 1916 ἄμυναν
1657 1880 1706 1915 μὲν
1732 1879 1848 1915 ἐχθρῶν,

1064 1930 1166 1961 οἰκείας
1180 1929 1208 1955 δέ
1216 1928 1337 1964 φυλακὴν
1351 1928 1487 1964 σωτηρίας
1500 1927 1594 1963 ἰσχύει·
1643 1926 1675 1961 δὴ
1690 1926 1851 1961 πεφραγμέ-

1064 1985 1108 2007 νος
1123 1977 1137 2003 ὁ
1153 1975 1356 2010 θεοφιλέστατος
1376 1974 1454 2010 ἡμῶν
1473 1974 1598 2009 βασιλεὺς
1609 1993 1617 2006 ,
1635 1972 1685 2005 τὰς
1715 1972 1762 1999 τοῦ
1784 1972 1850 1999 δυσ-

1064 2021 1171 2057 ωνύμου
1183 2021 1366 2053 πολυπλόκους
1392 2019 1535 2051 ἐπιϐουλὰς
1550 2019 1743 2054 διεδίδρασκεν.
1771 2017 1800 2045 Ὀ
1820 2017 1850 2044 δὲ

1064 2068 1247 2104 τὴνλαθραίαν
1259 2066 1391 2101 συσκευὴν
1399 2066 1436 2097 ὡς
1446 2065 1569 2100 οὐδαμῶς
1581 2063 1727 2099 ἐώρακατά
1736 2062 1849 2098 γνώμην

1065 2113 1138 2148 αὐτῷ
1161 2112 1300 2148 χωροῦσαν
1311 2131 1318 2143 ,
1342 2109 1387 2136 τοῦ
1405 2109 1471 2136 Θεοῦ
1488 2110 1574 2136 πάντα
1589 2108 1662 2135 δόλον
1682 2117 1712 2134 τε
1729 2108 1775 2134 καὶ
1800 2109 1849 2143 ρᾳ-

1064 2158 1201 2192 διουργίαν
1216 2156 1254 2191 τῷ
1273 2155 1390 2190 θεοφιλεῖ
1407 2155 1511 2190 βασιλεῖ
1524 2154 1674 2189 κατάφωρα
1696 2153 1847 2185 ποιοῦντος,

1065 2203 1153 2230 οὐκέθ’
1167 2200 1222 2233 οἶός
1243 2211 1273 2228 τε
1290 2200 1326 2227 ὢν
1344 2200 1570 2236 ἐπικρύπτεσθαι,
1585 2199 1710 2234 προφανῆ
1733 2199 1850 2233 πόλεμον

231 2252 282 2279 ret,
297 2251 389 2282 utpote
402 2247 456 2275 Deo
471 2253 585 2276 cunctas
599 2248 682 2283 ipsius
695 2248 804 2276 fraudes
815 2258 847 2277 ac
860 2250 935 2277 dolos
947 2250 1012 2277 cha-

1065 2248 1181 2282 αἰρεται.
1194 2246 1293 2280 Ὀμόσε
1302 2245 1368 2280 δῆτα
1377 2245 1572 2280 Κωνσταντίνῳ
1580 2244 1643 2270 πολε
1648 2245 1707 2279 μεῖν
1713 2243 1848 2277 διαγνοὺς,

230 2293 340 2321 rissimo
355 2294 467 2328 principi
484 2296 636 2330 detegenle,
663 2295 748 2322 latere
771 2303 802 2323 se
827 2296 943 2331 amplius
958 2304 1011 2324 non

232 2346 311 2374 posse
328 2339 502 2374 perspiciens.
516 2340 614 2367 bellum
633 2341 720 2376 palam
739 2346 839 2369 movet.
855 2343 939 2370 Porro
951 2350 1012 2369 cum

230 2384 409 2412 Constantino
424 2385 522 2413 bellum
539 2386 639 2414 inferre
653 2387 811 2421 statuisset,
830 2388 910 2415 simul
931 2388 1014 2425 396

231 2432 313 2458 etiam
333 2432 463 2459 adversus
482 2440 614 2459 summum
639 2433 760 2460 omuimn
787 2434 868 2461 Deum
891 2443 971 2469 quem
1000 2443 1016 2461 a

231 2478 409 2505 Constantino
428 2478 478 2505 coli
501 2485 673 2513 cognoverat,
689 2479 805 2513 proeliari
819 2479 946 2507 instituit.
966 2480 1016 2506 De-

231 2522 296 2550 ltiuc
309 2523 425 2551 Cultores
437 2523 520 2551 divini
534 2525 652 2551 numinis
672 2524 721 2551 sub
733 2525 837 2551 ditione
851 2532 899 2551 sua
916 2526 1016 2559 degen-

233 2574 284 2600 tes,
300 2570 345 2605 qui
356 2569 426 2597 nulla
441 2577 558 2604 unquam
572 2569 670 2603 injuria
681 2574 727 2597 aut
738 2571 859 2598 molestia
871 2570 1014 2604 imperium

233 2615 318 2649 ipsius
343 2614 499 2650 affecerant,
520 2616 621 2643 sensim
639 2623 671 2642 ac
695 2616 776 2643 tacite
793 2623 950 2651 oppugnare
967 2623 1013 2651 ag-

269 2696 325 2731 (75)
340 2697 397 2731 Τῆς
405 2697 438 2725 ὲκ
449 2698 582 2733 πατέρων
594 2699 753 2732 εὐγενείας.
769 2697 929 2731 Συγγενείας
943 2696 1014 2731 vulg.

235 2731 391 2768 Amplector
407 2731 624 2760 emendationem
637 2731 702 2768 quae
723 2734 755 2760 ad
772 2733 918 2768 marginem
938 2732 1015 2768 codi-

235 2767 274 2792 cis
288 2765 405 2794 Turncbi
423 2769 539 2802 ascripta
557 2774 597 2795 est
615 2765 763 2802 εὐγενείας.
780 2765 843 2795 Ετοῖ
859 2767 930 2794 enim
946 2766 1018 2802 Con-

236 2801 371 2828 stantinus
387 2801 557 2830 nobilisSimo
576 2801 674 2837 genere
687 2808 777 2834 natus,
787 2803 886 2836 quippe
902 2802 947 2836 qui
963 2801 1019 2828 ori-

236 2836 324 2869 ginem
342 2837 434 2871 stirpis
453 2845 508 2865 sua:
531 2839 563 2865 ad
578 2836 723 2865 Claudium
758 2839 946 2871 imperatorem
975 2844 1018 2863 re-

238 2874 329 2898 ferret.

274 2905 330 2942 (76)
353 2907 501 2934 τοσοῦτον
523 2906 632 2942 ἀρετῆς
647 2908 677 2935 τὸ
694 2907 770 2944 μέγα
787 2906 840 2941 τῆς
856 2907 1022 2943 θεοσεϐείας

1066 2293 1115 2329 ήδη
1123 2293 1170 2319 καὶ
1181 2294 1250 2319 κατὰ
1265 2292 1312 2319 τοῦ
1325 2292 1392 2318 Θεοῦ
1406 2291 1460 2318 τῶν
1475 2292 1553 2323 ὅλων,
1566 2291 1595 2317 ὃν
1611 2290 1745 2325 ἠπίστατο
1760 2289 1850 2315 σέϐειν

1065 2339 1156 2371 αὐτὴν,
1167 2337 1382 2374 παρατάττεσθαι
1396 2338 1515 2373 ὡρμᾶτο.
1525 2336 1648 2363 Κάπειτα
1656 2336 1716 2366 τοὺς
1725 2334 1850 2369 ὐπάὺτῷ

1066 2385 1210 2417 θεοσεϐεῖς,
1229 2384 1312 2420 μηδὲν
1326 2385 1386 2420 μηδ’
1398 2384 1465 2415 ὅλως
1483 2383 1590 2410 πώποτε
1602 2382 1649 2417 τὴν
1667 2381 1752 2417 ἀρχὴν
1767 2380 1850 2407 αὐτοῦ

1066 2431 1185 2466 λυπηρὸν
1201 2430 1385 2465 διαθεμένους,
1405 2431 1497 2465 ἡρέμα
1520 2429 1586 2460 τέως
1615 2428 1661 2454 καὶ
1688 2427 1777 2463 ἡσυχῆ
1801 2435 1851 2453 πο-

1067 2478 1183 2513 λιορκεῖν
1200 2476 1354 2503 ἐπεϐάλετο·
1370 2476 1417 2502 καὶ
1434 2475 1504 2502 τοῦτ’
1517 2475 1644 2510 ἔπραττε,
1658 2474 1752 2505 δεινῶς
1770 2473 1851 2500 ἀϐλε-

1067 2525 1143 2550 πτείν
1162 2523 1213 2549 ὑπὸ
1225 2523 1274 2558 τῆς
1287 2522 1408 2558 ἐμφύτου
1430 2521 1528 2553 κακίας
1544 2520 1760 2555 ἠναγκασμένος.
1786 2519 1850 2545 Οΰτ¹

1067 2567 1113 2595 οὖν
1131 2569 1178 2604 τὴν
1197 2569 1305 2604 μνήμην
1320 2568 1373 2594 τῶν
1387 2567 1439 2603 πρὸ
1468 2566 1548 2593 αὐτοῦ
1562 2565 1740 2601 Χριστιανοὺς
1756 2565 1852 2591 ἐκδιω-

1068 2613 1170 2647 ξάντων
1193 2614 1245 2649 πρὸ
1263 2612 1407 2649 ὀφθαλμῶν
1430 2612 1515 2645 ἐϐετο,
1540 2612 1594 2638 οὐδ’
1607 2608 1645 2639 ὧν
1664 2612 1744 2642 αὐτὸς
1753 2610 1850 2646 ὀλετὴρ

1068 2697 1173 2723 ὅπλον.
1201 2694 1370 2729 Nicepltorus
1402 2692 1639 2731 vocem_dp:tﬁg,
1665 2692 1766 2731 quippe
1790 2698 1851 2731 qua:

1069 2738 1179 2759 sensum
1200 2727 1330 2760 turbaret,
1346 2728 1485 2762 expunxit.
1505 2727 1704 2754 ExStat'tamen
1722 2727 1850 2762 inmuni—

1069 2768 1119 2794 bus
1134 2765 1235 2800 nostris
1249 2761 1401 2796 codicibus,
1426 2768 1453 2790 et
1479 2764 1554 2800 apud
1576 2762 1712 2800 Gelasium
1737 2761 1852 2800 (Eyzice-

1070 2809 1145 2828 num.
1162 2799 1254 2833 Itaque
1275 2799 1417 2826 videndum
1443 2806 1475 2824 an
1489 2832 1493 2833 ν
1507 2797 1556 2832 legi
1571 2798 1659 2833 possit
1675 2796 1802 2833 τοσοῦτον
1813 2796 1852 2833 ’τὸ

1073 2837 1141 2872 μέγα
1155 2831 1310 2872 θεοσεϐείας
1329 2831 1543 2872 ἀρετῆςρόπλονζ
1566 2832 1610 2872 Sic
1633 2831 1763 2872 Eusebius
1775 2831 1852 2872 inira

1074 2866 1101 2898 in
1114 2866 1168 2897 iine
1186 2869 1262 2902 Itujus
1275 2868 1335 2895 libri
1349 2866 1505 2898 θεοσεϐείας
1520 2867 1619 2903 ἀρετήν
1634 2867 1712 2900 dicit,
1729 2871 1755 2893 et
1774 2866 1801 2892 in
1818 2866 1852 2893 li-

1077 2908 1146 2935 brot
1165 2905 1201 2933 De
1217 2905 1269 2932 t'ita
1287 2902 1461 2936 Constantini,
1478 2904 1563 2930 initio.
