2013 3179
166 155 216 184 901

675 155 852 183 IllSTORI/E
873 155 1153 183 ECCLESIASTICA‘]
1172 154 1236 182 LIB.
1258 155 1290 182 Χ.

1739 157 1792 186 902

166 213 264 250 ήγοντό
279 221 309 240 τε
322 214 371 240 καὶ
384 212 542 244 ἐκολάζοντο
556 213 765 249 ἀπροφασίστως
774 216 830 246 τοῖς
846 215 953 250 μιαιφό-

1008 220 1034 242 et
1049 221 1176 250 supremo
1193 215 1299 242 Numini
1319 215 1437 242 debitum
1451 216 1551 244 cultmn
1571 217 1720 245 exhiberet.
1738 218 1791 246 Ne-

166 268 222 292 νοις
237 259 347 294 ὁμοίως,
363 261 386 286 οἱ
399 259 481 295 μηδὲν
491 259 659 294 ἠδικηκότες
672 260 721 295 ἤδη
733 260 762 286 δέ
774 269 844 291 τινες
864 269 956 287 καινο-

165 305 248 341 τέραν
271 305 405 340 ὑπέμενον
420 305 558 341 τελευτὴν,
575 305 646 339 ξίφει
662 305 693 332 τὸ
712 306 790 340 σῶμα
812 306 852 337 εἰς
872 305 956 332 πολλὰ

165 352 297 387 τμήματα
308 351 624 387 κατακρεουργούμενοι,
642 352 688 378 καὶ
711 351 780 386 μετὰ
795 351 844 386 τὴν
864 351 954 386 ἀπηνῆ

166 397 268 433 ταύτην
288 397 336 424 καὶ
360 397 541 433 φρικτοτὰτην
564 398 638 426 Θέαν.
662 398 718 429 τοῖς
742 398 792 432 τῆς
819 397 955 431 θαλάσσης

168 443 268 479 βυθοῖς,
284 443 370 478 ἰχθύσι
387 443 453 479 βορὰ
473 444 655 479 ῥιπτούμενοι.
673 444 758 478 Φυγαὶ
775 444 807 479 δὴ
820 442 897 475 αὖθις
910 444 955 470 ἐπὶ

166 489 271 520 τούτοις
284 489 337 515 τῶν
362 489 493 516 θεοσεϐὡν
515 489 635 523 ἐγίνοντο
651 489 772 525 ἀνδρῶν·
801 490 848 515 καὶ
874 488 954 515 πάλιν

167 534 262 570 ἀγροὶ,
279 534 326 561 καὶ
347 534 427 561 πάλιν
447 535 574 570 ἐρημίαι,
597 536 679 561 νάπαι
699 543 728 561 τε
751 535 798 560 καὶ
819 534 870 570 ὅρη
892 533 955 565 τοὺς

166 580 286 616 Χριστοῦ
317 579 484 616 θεράποντας
510 581 681 615 ὑπεδέχοντο.
708 581 784 607 Ἐπεὶ
809 581 838 608 δὲ
858 581 955 607 ιταῦτα

166 626 261 653 τοῦτον
278 627 430 662 προύχώρει
444 627 482 662 τῷ
489 627 613 653 δυσσεϐεῖ
623 627 667 653 τὸν
680 627 789 662 τρόπον,
800 627 891 654 λοιπὸν
909 627 955 653 καὶ

167 671 213 698 τὸν
233 673 302 699 κατὰ
327 672 434 699 πάντων
458 673 596 700 ἀνακινεῖν
613 673 742 708 διωγμὸν,
762 674 808 699 ἐπὶ
835 673 955 699 διάνοιαν

168 718 303 746 ἐϐάλλετο.
327 720 452 755 Ἐκράτει
466 728 494 746 τε
510 719 623 755 γνώμης
635 719 682 746 καὶ
696 719 770 745 οὐδὲν
784 719 911 754 ἐμποδὼν
921 717 955 754 ἦν

167 764 243 800 αὑτῷ
262 765 298 800 μὴ
321 765 381 800 οὐχὶ
406 766 435 791 ὲν
458 766 531 802 ἔργῳ
553 767 662 802 χωρεῖν,
690 767 714 792 εί
735 766 772 802 μὴ
795 766 909 801 τάχιστα
925 765 955 791 τὸ

168 810 263 846 μέλλον
273 811 381 838 ἔσεσθαι
392 812 535 848 προλαϐὼν
549 812 563 838 ὁ
575 812 628 838 τῶν
645 812 752 839 οἰκείων
764 812 857 847 ψυχῶν
871 812 955 847 ὑπέρ-

168 866 254 893 μαχος
276 858 356 891 Θεὸς,
371 859 408 890 ὡς
424 860 452 885 ἐν
473 859 550 894 βαθεί
570 859 657 894 σκότῳ
671 859 717 886 καὶ
729 858 807 885 νυκτὶ
835 858 954 892 ζοφωδε-

167 904 252 940 στάτῃ
265 905 395 940 φωστῆρσ.
408 905 492 940 μέγαν
503 905 608 942 ἀθρόως
619 906 665 932 καὶ
680 905 790 940 σωτῆρα
800 906 856 935 τοῖς
870 905 953 930 πᾶσιν

166 948 365 985 ὲξέλαμψε,τὸν
379 951 460 977 αὑτοῦ
475 950 628 987 θεράποντα
640 951 843 977 Κωνσταντῖνον
859 949 952 985 ὑψηλῷ

167 993 286 1030 βραχίονι
303 996 348 1022 ἐπὶ
358 997 392 1023 τὰ
408 997 470 1032 τῇδε
481 997 698 1032 χειραγωγήσας,

1008 268 1060 295 que
1071 261 1146 288 enim
1167 261 1305 288 orationes
1318 268 1366 295 pro
1382 269 1411 289 se
1435 262 1493 289 fieri
1511 263 1685 297 opinabatur,
1704 265 1791 292 scele-

1006 314 1067 334 rum
1091 305 1194 350 scilicet
1217 307 1384 334 conscientia
1409 308 1435 334 in
1457 315 1516 335 eam
1536 309 1689 344 opinionem
1707 312 1791 337 addu—

1006 355 1076 380 ctus.
1090 351 1142 378 Sed
1154 359 1203 379 nos
1213 360 1261 386 pro
1273 353 1436 387 imperatore
1445 355 1490 382 Dei
1503 356 1688 383 amantissimo
1700 358 1791 386 omnia

1006 398 1108 430 facere,
1125 406 1156 426 ac
1170 398 1288 426 divinum
1302 407 1400 427 numen
1410 400 1526 435 placare,
1540 402 1590 429 sibi
1605 408 1790 436 persuaserat.

1006 444 1093 477 Quam
1109 444 1145 471 ob
1162 452 1272 472 causam
1287 446 1416 479 impetum
1441 453 1548 473 omnem
1575 447 1675 475 furoris
1696 450 1738 476 sui
1765 450 1791 477 in

1006 497 1058 516 nos
1069 491 1215 517 convertit.
1234 490 1351 518 Proinde
1366 491 1494 525 prtesides
1509 498 1642 527 quotquot
1662 492 1792 530 principis

1006 535 1122 570 gratiam
1141 536 1304 570 captabant,
1325 545 1386 564 cum
1412 537 1606 566 scelestissimo
1630 545 1743 574 tyranno
1764 541 1794 569 id

1005 581 1113 614 placere
1129 581 1322 617 intelligerent,
1338 583 1481 618 episcopos
1495 585 1592 618 partim
1610 585 1704 613 iisdem
1729 587 1792 621 qui-

1005 627 1058 655 bus
1073 628 1209 656 maleficos
1232 629 1356 656 homines
1381 631 1469 664 poenis
1492 630 1640 659 identidem
1663 632 1792 667 subjicie-

1005 675 1082 701 bant.
1113 673 1206 709 Itaque
1234 675 1289 701 viri
1316 676 1361 710 qui
1394 676 1460 703 nihil
1489 676 1553 703 mali
1579 678 1791 710 commiserant,

1007 720 1109 754 absque
1126 720 1180 747 ulla
1205 728 1286 748 causa
1313 721 1529 755 abducebantnr,
1562 726 1589 749 et
1611 723 1792 756 puniebantur

1006 766 1119 800 perinde
1142 773 1175 793 ac
1191 766 1291 794 sicarii.
1310 766 1426 800 Quidam
1448 774 1514 794 vero
1541 775 1640 795 novum
1659 769 1792 802 quoddam

1006 812 1101 839 mortis
1120 819 1205 846 genus
1222 812 1400 846 pertulerunt,
1412 821 1529 847 corpore
1542 814 1567 842 in
1585 815 1686 842 multas
1702 820 1792 850 partes

1006 856 1142 884 frustatim
1165 858 1288 891 conciso;
1308 863 1335 886 et
1354 863 1414 893 post
1435 864 1512 886 atrox
1535 860 1689 894 hujusmodi
1711 866 1794 895 atque

1006 903 1171 930 horrendum
1185 904 1383 937 spectaculum,
1402 905 1485 940 398
1516 910 1545 932 ut
1566 906 1684 940 piscibus
1700 907 1792 934 cibum

1007 950 1190 984 praebcrentin
1202 950 1361 978 altissimum
1376 959 1451 979 mare
1466 952 1590 986 proiecti.
1603 953 1727 980 Posthaac
1742 953 1794 989 igi-

1006 1001 1051 1023 tur
1060 996 1106 1023 Dei
1117 996 1236 1023 cultores
1246 996 1336 1032 fugam
1350 997 1420 1025 inire
1429 998 1518 1024 denuo
1531 1003 1683 1033 coeperunt.
1692 998 1792 1026 lterum

166 1041 236 1076 agri,
252 1041 347 1068 iterum
356 1042 526 1076 solitudines,
538 1044 633 1070 iterum
644 1047 751 1071 montes
763 1050 794 1070 ac
802 1043 875 1070 silvae
888 1042 1005 1070 fa'mulos
1013 1043 1114 1070 Christi
1127 1050 1280 1076 suscepere.
1291 1043 1355 1076 Quae
1365 1051 1426 1070 cum
1441 1044 1551 1072 adhunc
1562 1045 1669 1072 modum
1686 1046 1793 1081 impiis-

166 1086 236 1113 simo
248 1091 362 1122 tyranno
371 1089 557 1121 succederent,
568 1089 695 1124 deinceps
704 1089 921 1124 persecutionem
935 1089 1067 1116 adversus
1080 1095 1176 1115 omnes
1187 1088 1356 1116 Christianos
1365 1090 1486 1116 excitare
1500 1091 1526 1117 in
1538 1091 1657 1118 animum
1671 1091 1789 1119 induxit.

165 1131 206 1158 Ae
216 1133 307 1165 procul
318 1133 399 1160 dubio
410 1135 466 1160 voti
480 1134 520 1161 sui
535 1142 646 1169 compos
654 1136 817 1167 exstitisset,
827 1143 876 1162 nec
885 1136 908 1162 ei
922 1135 1070 1170 quidquam
1079 1135 1231 1163 obstitisset
1241 1127 1387 1170 quominus
1395 1144 1450 1164 rem
1463 1137 1495 1164 ad
1506 1138 1608 1165 exitum
1622 1137 1792 1173 perduceret;

169 1176 221 1203 nisi
228 1177 387 1204 famulorum
394 1186 503 1206 suorum
511 1185 694 1215 propugnator
705 1181 785 1213 Deus,
796 1181 822 1207 id
832 1183 904 1215 quod
912 1181 1030 1207 futurum
1036 1185 1095 1207 erat
1102 1180 1245 1208 celerrime
1251 1182 1430 1216 praeveniens,
1440 1182 1648 1210 Constantinum
1661 1183 1792 1211 famulum

167 1229 257 1255 saum,
266 1228 393 1259 tanquam
402 1225 571 1260 splendidum
579 1227 714 1262 quoddam
721 1235 754 1255 ac
762 1227 846 1255 saluta
851 1236 879 1255 re
888 1227 1049 1262 lucisjubar,
1059 1228 1084 1254 in
1093 1228 1227 1262 profunda
1234 1228 1381 1263 caligincet
1390 1229 1415 1256 in
1426 1230 1617 1257 obscurissima
1624 1235 1702 1257 nocte
1708 1230 1794 1257 omni-

166 1267 218 1296 bus
229 1275 342 1304 repente
354 1271 526 1305 ostendisset,
536 1272 715 1308 eumdemque
725 1273 751 1300 in
764 1273 877 1302 brachio
887 1273 996 1301 excelso
1008 1274 1041 1301 ad
1050 1274 1099 1301 bas
1110 1278 1201 1308 partes
1211 1275 1290 1310 quasi
1302 1282 1383 1302 manu
1396 1275 1593 1310 apprehensum
1610 1275 1790 1310 perduxisset.

434 1340 632 1369 ΚΕΦΛΛΑΙΟΝ
649 1342 688 1370 Θ’.

167 1396 311 1436 Περλτῆς
321 1397 408 1436 trban
419 1399 648 1436 It’gworqrtlrou
659 1401 708 1427 καὶ
723 1401 781 1428 τῶν
797 1401 847 1429 ὑπ’
862 1402 956 1429 αὑτοῦ

204 1432 267 1472 ἰοῖς
275 1432 334 1472 ὑςξὸ
345 1432 402 1472 ζῇν
429 1433 578 1472 Ῥωμαίων
606 1435 750 1468 ἐξουσίαν
758 1437 956 1472 ὑπαρξάντων

203 1466 272 1502 (Nic.
290 1467 326 1494 Η.
344 1467 378 1493 Ε.
395 1475 443 1501 vn,
457 1469 568 1505 45.46).

1313 1343 1426 1372 CAPUT
1446 1343 1491 1370 lx.

1008 1400 1046 1429 De
1056 1402 1167 1429 victoria
1181 1391 1350 1429 Constantini
1362 1421 1368 1433 ,
1384 1402 1456 1428 etde
1473 1401 1547 1427 bonis
1563 1408 1622 1435 qum
1639 1399 1740 1427 cunctis
1761 1400 1790 1428 in

1059 1438 1120 1464 orbe
1138 1437 1258 1464 Romano
1272 1437 1423 1472 degentibus
1433 1444 1479 1471 per
1491 1444 1550 1462 eum
1564 1436 1737 1470 contigerunt.

201 1512 294 1548 Τούτῳ
316 1513 372 1549 μὲν
392 1512 437 1540 οὖν
459 1515 512 1551 (85)
533 1515 634 1542 ἄνωθεν
657 1516 686 1550 ἐξ
710 1517 824 1552 οὐρανοῦ
849 1518 953 1554 καρπὸν

1040 1512 1073 1540 Εῑ
1085 1512 1148 1540 huic
1162 1512 1271 1547 quidem
1289 1513 1431 1540 victoriam
1450 1520 1481 1539 ac
1496 1512 1659 1547 triumphum
1679 1511 1713 1539 de
1737 1511 1789 1538 im-

166 1559 306 1591 εὒσεῦείας
321 1559 440 1593 ἐπάξιον,
456 1561 489 1587 τὰ
502 1561 617 1597 τρόπαια
633 1563 682 1598 τῆς
699 1563 769 1590 κατὰ
783 1563 836 1589 τῶν
850 1564 954 1590 ἀσεϐῶν

166 1606 282 1640 παρεῖχε
304 1605 396 1640 νίκης·
412 1606 457 1632 τὸν
473 1606 495 1633 δ’
507 1607 654 1642 ἀλιτήριον,
679 1608 769 1641 αὐτοῖς
793 1609 954 1644 συμϐούλοις

167 1650 254 1676 ἆττασι
267 1651 314 1677 καὶ
332 1650 427 1684 φίλοις,
442 1651 493 1677 ὑπὸ
503 1653 558 1683 τοῖς
573 1653 776 1679 Κωνσταντίνου
789 1654 851 1679 ποσὶ
863 1653 953 1689 πρηνῆ

165 1696 324 1724 κατέϐαλεν.
345 1697 388 1728 Ὠς
400 1697 454 1733 γὰρ
467 1698 505 1729 εἰς
515 1697 616 1733 ἔσχατα
637 1698 734 1733 μανίας
749 1698 782 1724 τὰ
802 1699 861 1725 κατ’
873 1700 953 1726 αὑτὸν

164 1742 290 1776 ἡλαυνεν,
304 1742 392 1769 οὐκέτ’
404 1744 516 1769 ἀνεκτὸν
531 1742 599 1769 εἶναι
607 1744 784 1779 λογισάμενος
802 1744 926 1779 βασιλεὺς
939 1746 953 1771 ὁ

165 1788 204 1824 τῷ
213 1788 272 1824 Θεῷ
281 1789 365 1823 φίλος,
374 1790 419 1816 τὸν
433 1789 557 1824 σώφρονα
571 1790 732 1824 συναγαγὼν
744 1790 872 1826 λογισμὸν
885 1791 951 1825 (84),

164 1836 212 1861 καὶ
232 1836 277 1862 τὸν
302 1836 414 1872 στερρὸν
441 1836 488 1862 τοῦ
513 1836 616 1863 δικαίου
636 1837 735 1873 τρόπον
764 1837 953 1873 φιλανθρωπία.

164 1882 362 1917 ηρασάμενος.
387 1882 504 1917 ἄσμενος
521 1883 658 1917 ὲπαμῦναι
674 1883 758 1918 κρίνει
773 1884 830 1914 τοῖς
845 1883 897 1909 ὑπὸ
915 1883 953 1918 τῷ

163 1927 287 1963 τυράννῳ
308 1927 583 1963 ταλαιπωρουμένοις,
597 1928 644 1953 καὶ
665 1927 695 1953 τό
716 1936 748 1961 γε
765 1927 888 1953 πλεῖστον
907 1928 954 1953 ἀν-

165 1973 280 2009 θρώπων
299 1973 387 2008 γένος,
409 1974 518 2009 βραχεῖς
538 1973 678 2008 λυμεῶνας
698 1972 818 1999 ἐκποδὼν
840 1972 954 2007 ποιησά-

166 2029 257 2055 μενος,
276 2020 467 2046 ἀνασώσασθαι
485 2020 612 2054 ὁρμᾶται.
629 2019 705 2056 Μόνῃ
720 2020 774 2055 γὰρ
791 2019 863 2053 αὑτῷ
881 2027 952 2054 χρω-

166 2068 240 2102 μένῳ
254 2067 440 2103 φιλανθρωπίᾳ
451 2066 495 2093 τὸν
513 2066 565 2101 πρὸ
581 2066 674 2092 τούτου
687 2067 791 2101 χρόνον,
807 2066 852 2092 καὶ
868 2066 912 2092 τὸν
922 2066 951 2092 οὺ

165 2113 335 2148 συμπαθείας
358 2113 432 2144 ἄξιον
458 2112 585 2143 ἐλεοῦντι,
613 2113 651 2148 τῷ
680 2113 728 2147 μὲν
750 2112 824 2138 οὐδὲν
849 2112 952 2145 ἐγίνετο

164 2159 255 2190 πλέον,
275 2159 325 2194 τῆς
341 2159 440 2190 κακίας
461 2159 512 2185 οὐκ
531 2158 771 2193 ἀπαλλαττομένῳ,
795 2157 902 2189 αῧξοντι
924 2157 952 2183 δὲ

166 2205 264 2240 μᾶλλον
279 2204 327 2240 τὴν
345 2204 416 2231 κατὰ
429 2204 481 2231 τῶν
495 2204 659 2239 ὑποχειρίων
671 2203 754 2229 ἐθνῶν
766 2202 874 2233 λύτταν,
896 2203 952 2232 τοῖς
967 2210 988 2237 ῃ

164 2251 192 2277 δὲ
210 2251 389 2287 κακουμένοις
408 2250 480 2282 οὔτις
507 2251 628 2276 ἐλείπετο
643 2249 778 2284 σωτηρίας
795 2247 882 2278 ἐλπὶς.
900 2247 953 2272 ὑπὸ

163 2295 243 2331 δεινῷ
263 2296 348 2331 θηρίῳ
363 2294 621 2330 κατα-πονουμένοις.
637 2294 683 2320 Διὸ
704 2294 735 2328 δὴ
753 2293 791 2328 τῷ
813 2291 954 2327 φιλαγάοῳ

166 2343 246 2378 μίξας
257 2343 286 2369 τὸ
300 2342 503 2377 μισοπόνηρονὸ
517 2341 570 2367 τῶν
582 2340 690 2374 ἀγαθῶν
705 2340 821 2375 ἀρωγὸς,
832 2339 954 2374 πρόεισιν

165 2389 223 2424 ἃμα
241 2389 316 2415 ποιιῶ
331 2388 447 2423 Κρίσπῳ
468 2386 571 2421 βασιλεῖ
589 2384 845 2421 φιλανθρωποτάτῳ,
866 2383 953 2417 σωτή-

164 2444 221 2471 ριον
239 2434 327 2466 δεξιὰν
341 2434 427 2460 ἂπασι
444 2434 499 2463 τοῖς
514 2431 710 2466 ἀπολλυμένοις
736 2430 857 2460 ἐκτείνας
869 2438 876 2444 ·
903 2427 953 2455 εἷθ’

162 2479 207 2508 οἶα
231 2480 398 2516 παμϐασιλεί
418 2479 486 2513 Θεῷ,
508 2478 575 2505 Θεοῦ
596 2477 675 2503 ﬂuuii.
696 2477 801 2511 Σωτῆρι
826 2475 952 2502 ἁπάντων

163 2527 274 2562 ποδηγῴ
286 2526 333 2553 καὶ
347 2526 482 2561 συμμάχῳ
494 2524 641 2560 χρώμενοι,
653 2523 742 2558 πατὴρ
754 2523 811 2557 ἅμα
825 2521 872 2548 καὶ
884 2521 950 2552 υἱὸς,

163 2574 247 2609 ἄμφω
259 2573 350 2608 κύκλῳ
364 2573 495 2603 διελόντες
510 2571 559 2606 τὴν
582 2569 653 2597 κατὰ
673 2569 726 2594 τῶν
744 2567 877 2602 ὓεομισῶν
897 2575 951 2592 πα-

163 2619 276 2656 ράταξιν
304 2619 397 2655 ὸαδίαν
416 2618 464 2653 τὴν
486 2618 565 2652 νίκην
585 2615 778 2650 ἀποφέρονται,
803 2612 857 2640 τῶν
880 2612 950 2639 κατὰ

200 2702 256 2737 (83)
272 2702 367 2734 Τούτῳ
380 2700 438 2735 μὲν
450 2697 515 2727 οὖν.
541 2699 581 2737 Ab
595 2698 635 2724 his
658 2697 746 2724 verbis
764 2700 844 2730 caput
875 2694 897 2737 9_
909 2695 951 2720 in-

163 2731 323 2765 choavimus
348 2731 357 2762 ξ
380 2731 470 2769 ἰιιιειιιι
501 2735 686 2769 conjecturam
720 2737 840 2769 nostram
863 2731 952 2769 plane

163 2764 330 2799 continuant
359 2764 534 2797 vet'ustissim.
553 2764 633 2795 codd.
656 2767 808 2794 Mazarinns
822 2770 849 2792 et
863 2764 951 2792 Fulse-

163 2809 264 2834 tiauus.
282 2807 309 2832 In
327 2806 426 2840 quibus
437 2804 518 2831 etiam
538 2804 588 2830 boe
603 2803 751 2836 capitulum
765 2807 891 2828 octavum
907 2800 947 2826 di-

162 2846 245 2871 citur.
264 2839 343 2868 recte
352 2846 381 2867 ut
395 2847 474 2874 supra
497 2839 598 2874 notavi,

117 2891 122 2901 ί
144 2888 154 2899 ι
200 2877 256 2913 (84)
283 2870 436 2911 Σώφρονα
451 2872 631 2908 συναγαγὼν
657 2871 816 2907 λογισμόν,
843 2870 870 2898 ld
895 2874 946 2912 est,

1004 1558 1067 1594 piis,
1082 1563 1209 1593 tanquam
1231 1560 1369 1593 prmniium
1385 1559 1443 1592 ejus
1461 1558 1553 1592 pietati
1576 1558 1696 1584 debitum
1713 1557 1791 1585 εαξη-

1007 1610 1051 1632 tus
1065 1605 1179 1640 largitus
1193 1610 1235 1632 est
1250 1605 1329 1632 Deus.
1347 1605 1421 1631 lllmn
1438 1612 1501 1632 rero
1514 1604 1646 1631 nefarium
1662 1611 1715 1630 una
1728 1611 1789 1631 cum

1005 1653 1129 1680 omnibus
1164 1652 1330 1680 consiliariis
1354 1652 1437 1686 ipsius
1466 1657 1494 1678 et
1526 1651 1637 1684 amicis,
1675 1650 1790 1685 pedibus

1004 1698 1175 1726 Constantini
1198 1707 1311 1733 pronum
1336 1698 1492 1726 substravit.
1512 1697 1576 1724 Nam
1603 1704 1662 1724 cum
1686 1696 1732 1724 ille
1755 1696 1789 1723 ad

1004 1753 1136 1772 summam
1154 1751 1342 1779 prorumperet
1363 1745 1497 1772 insaniam
1512 1766 1519 1777 ,
1547 1751 1598 1770 non
1618 1739 1734 1777 amplius
1760 1741 1786 1768 id

1004 1790 1144 1818 ferendum
1161 1797 1236 1817 ratus
1260 1791 1313 1818 Deo
1338 1791 1437 1818 charus
1452 1790 1610 1823 imperator,
1637 1788 1788 1815 modestam

1004 1845 1036 1864 ac
1058 1837 1178 1863 sobriam
1199 1838 1224 1863 in
1243 1845 1272 1864 se
1293 1837 1425 1871 colligens
1446 1841 1581 1867 mentem,
1611 1839 1638 1862 et
1665 1841 1787 1861 severum

1001 1882 1113 1916 iustitiae
1128 1884 1248 1917 vigorem
1262 1882 1406 1910 clementia
1421 1887 1586 1916 temperans,
1596 1880 1686 1907 libenti
1696 1880 1789 1906 animo

1004 1935 1080 1961 opem
1097 1928 1168 1954 ferre
1183 1927 1276 1953 statuit
1290 1927 1321 1953 iis
1337 1927 1408 1961 quia
1424 1931 1539 1961 tyranno
1551 1925 1785 1959 opprimebantur,

1003 1979 1030 1999 et
1046 1973 1140 2007 paucis
1158 1972 1280 2006 pestibus
1293 1979 1308 1998 e
1325 1972 1415 1998 medio
1428 1971 1556 2002 sublatis,
1572 1969 1787 1997 innumerabiles

1004 2023 1087 2051 prope
1103 2017 1225 2044 homines
1241 2023 1362 2043 servare.
1383 2015 1449 2043 Cum
1468 2015 1539 2042 enim
1563 2019 1643 2041 antea
1657 2014 1713 2042 sola
1732 2014 1788 2041 cle-

1005 2063 1104 2089 mentia
1118 2070 1182 2089 usus
1194 2062 1302 2094 fuisset,
1326 2066 1353 2088 et
1366 2061 1502 2088 hominem
1520 2059 1592 2087 nulla
1613 2060 1788 2088 miseratione

1004 2109 1114 2142 dignum
1131 2112 1204 2134 esset
1222 2108 1366 2134 miseratus
1386 2114 1392 2131 :
1410 2107 1434 2134 ei
1452 2106 1560 2141 quidem
1584 2106 1651 2132 nihil
1673 2104 1786 2140 profuit,

1003 2154 1102 2188 quippe
1115 2154 1160 2188 qui
1174 2162 1187 2179 a
1201 2154 1315 2188 pristina
1334 2154 1505 2189 improbitate
1524 2159 1693 2187 nequaquam
1704 2152 1788 2179 desti-

1005 2199 1078 2231 terit,
1100 2199 1164 2233 quin
1183 2199 1271 2233 potius
1287 2199 1388 2226 rabiem
1410 2199 1540 2226 adversus
1555 2197 1677 2224 subditos
1699 2197 1786 2224 inten-

1004 2245 1085 2271 derit.
1104 2245 1247 2279 Oppressit:
1264 2253 1330 2272 vero
1348 2245 1420 2271 nulla
1441 2244 1495 2279 jam
1512 2250 1574 2277 spes
1586 2243 1680 2270 salutis
1691 2250 1786 2277 super—

1004 2295 1078 2322 erat,
1096 2298 1163 2325 quos
1184 2291 1309 2318 immanis
1324 2291 1368 2317 illa
1386 2290 1473 2318 bellua
1489 2289 1678 2316 crudelissime
1703 2296 1786 2315 vexa-

1004 2337 1059 2364 bat.
1072 2337 1206 2369 Quocirca
1220 2337 1351 2363 bonorum
1373 2341 1558 2371 propugnator
1582 2334 1783 2364 Constantinus,

1004 2384 1089 2409 amori
1122 2383 1232 2410 virtutis
1256 2383 1373 2410 miscens
1398 2383 1489 2410 odium
1517 2381 1709 2415 improbitatis,
1733 2388 1785 2407 una

1003 2436 1063 2456 cum
1075 2428 1129 2454 filio
1139 2429 1234 2462 Crispo
1245 2428 1458 2455 clementissimo
1468 2428 1576 2454 Caesare
1583 2425 1783 2460 expeditionem

1002 2474 1144 2509 suscepit,
1167 2475 1315 2500 salutarem
1334 2475 1457 2501 dextram
1484 2474 1590 2500 cunctis
1608 2472 1784 2507 pereuntibus

1001 2520 1152 2554 porrigens.
1164 2519 1250 2546 Ambo
1259 2519 1351 2553 igitur.
1360 2523 1436 2552 pater
1444 2519 1568 2545 videlicet
1579 2526 1610 2545 ac
1622 2517 1702 2549 tilius,
1714 2523 1786 2543 sum-

1002 2575 1045 2593 mo
1055 2567 1174 2593 omnium
1190 2572 1255 2600 rege
1268 2573 1299 2592 ac
1308 2564 1457 2592 Servatore
1470 2565 1515 2591 Dei
1524 2564 1592 2591 Filio
1601 2572 1632 2591 ac
1643 2564 1706 2595 Deo,
1716 2564 1784 2590 duce

1000 2611 1244 2647 399etadjutore
1261 2610 1332 2643 fulti,
1346 2610 1402 2638 acie
1414 2611 1484 2637 inter
1499 2610 1618 2637 sediv‘isa
1630 2609 1729 2644 Deique
1737 2610 1785 2636 ho-

1009 2704 1018 2720 ι
1037 2695 1187 2722 modestam
1201 2694 1226 2729 in
1247 2701 1276 2721 se
1291 2692 1420 2727 colligens
1433 2695 1576 2729 mentem.”
1587 2700 1596 2716 ›
1620 2689 1732 2729 Phrasis
1742 2694 1785 2729 est

1007 2730 1170 2757 Eusebiana.
1191 2725 1237 2757 Sic
1260 2729 1333 2755 enim
1360 2725 1479 2761 loquitur
1500 2727 1535 2761 in,
1551 2726 1598 2752 lib.
1617 2733 1655 2761 my
1676 2725 1714 2752 De
1730 2726 1785 2752 vim

1007 2764 1182 2796 Constantini,
1195 2772 1254 2796 cap.
1275 2763 1293 2790 5
1306 2769 1333 2790 et
1346 2760 1406 2796 cap.
1426 2762 1468 2788 il.
1483 2762 1517 2787 At
1528 2760 1636 2794 Langus
1651 2760 1785 2794 interpres

1002 2800 1145 2834 Nicephot‘i
1159 2801 1240 2827 vertit
1255 2799 1444 2826 «moderatam
1457 2796 1621 2824 contrahens
1636 2801 1781 2828 mentem,»

1002 2837 1072 2869 quod
1086 2843 1138 2862 non
1155 2836 1252 2869 probo.
