2013 3179
235 146 287 176 801

568 145 703 174 EUSEBll
721 146 958 175 CESARIENSIS
976 146 1051 175 OPP.
1072 146 1163 175 PARS
1181 146 1202 175 Ι.
1221 163 1256 169 -
1274 146 1468 175 HISTORICA.

1811 141 1871 177 σοι·

235 208 322 236 stibus
348 207 464 242 undique
491 207 674 242 circumjecta,
701 208 856 243 perfacilem
883 209 1016 236 victorian

1075 209 1123 245 τὴν
1144 209 1280 245 συμϐολὴν
1298 209 1405 236 πάντων
1427 209 1677 245 ἐξευμαρισθέντων
1696 209 1786 241 αὐτοῖς
1810 210 1866 237 ὑπὸ

235 251 387 278 retulerunt
399 271 407 283 ,
425 257 486 278 cum
498 251 568 278 Deus
582 252 608 278 in
617 251 743 279 (‘oufliclu
755 259 851 280 cuncta
865 254 929 287 ipsis
942 261 1024 288 prona

234 301 315 331 atque
331 296 457 330 expedita
474 303 507 323 ex
523 297 605 323 animi
623 297 758 324 sententia
774 299 955 333 przestitisset.
972 298 1025 326 Be-

233 347 314 377 pente
327 349 391 376 ergo
416 346 444 368 et
458 341 531 369 dicto
548 342 640 374 citius,
659 342 685 369 hi
703 343 813 376 quidem
844 343 890 377 qui
912 344 970 370 heri
993 351 1024 371 ac

233 387 428 414 nudiustertius
451 388 539 414 caedes
567 395 598 414 ac
632 388 721 415 minas
745 389 920 422 anhelabant,
938 389 1024 424 perie-

234 439 298 461 runt
315 434 447 467 funditus,
466 442 498 462 ae
515 441 549 462 ne
574 435 692 462 nominis
721 436 830 470 quidem
846 443 941 463 eorum
968 444 1024 464 me-

234 482 319 508 moria
335 483 496 516 permansit.
515 481 650 517 Imagines
672 490 781 518 quoque
804 491 898 510 eorum
916 488 940 511 et
957 484 1023 511 reli-

233 533 285 562 qua
297 533 480 561 monumenta,
497 535 616 563 congrua
633 528 788 563 ignominia:
802 529 877 557 labes
896 530 1021 564 aspersit.

233 572 268 600 Et
281 581 341 607 quae
358 573 448 608 impiis
459 573 524 600 olim
541 575 666 609 tyrannis
677 573 799 602 Licinius
811 575 868 609 ipse
888 576 944 603 suis
956 583 1022 603 ocu-

233 618 265 646 lis
281 619 436 654 contingere
456 620 572 653 viderat,
597 621 691 648 eadem
723 628 831 656 quoque
846 621 927 648 simili
943 623 1022 650 modo

232 673 376 700 perpessus
394 670 446 693 est.
465 666 571 694 Etenim
596 668 654 702 ipse
680 667 761 695 etiam
781 668 951 702 disciplinam
967 676 1022 696 non

233 712 353 744 admisit,
373 720 423 740 nec
436 713 552 740 aliorum
567 713 707 748 suppliciis
718 714 880 741 emendatus
896 719 937 741 est
950 723 958 741 :
974 715 1022 742 sed

233 758 355 786 eamdem
374 766 454 793 quam
473 759 628 793 superiores
645 759 682 786 illi
702 759 772 786 viam
786 759 935 794 impietatis
954 760 1022 787 insi-

232 807 320 835 stens,
335 804 432 830 merito
446 803 472 830 in
483 804 608 831 eumdem
621 812 683 832 cum
700 803 753 831 iilis
778 805 856 831 exitii
885 805 1021 840 gurgitem

232 853 274 876 est
285 849 422 884 delapsus.
440 849 474 876 Et
493 850 537 876 hic
554 850 664 884 quidem
682 851 715 877 ad
730 850 803 878 hunc
821 851 932 878 modum
959 858 1021 885 per-

231 902 327 922 cussus
343 895 480 922 occubuit.
504 895 700 923 Constantinus
725 903 790 924 vero
803 897 929 924 omnibus
955 897 1019 924 reli-

1075 256 1122 283 τοῦ
1148 256 1215 283 Θεοῦ
1239 255 1308 283 κατὰ
1332 255 1456 291 γνώμην.
1487 255 1602 291 nepa»;
1630 255 1698 290 δῆτα
1723 255 1769 282 καὶ
1783 254 1865 289 λόγος

1075 302 1181 334 θᾶττον,
1197 302 1221 328 οἱ
1233 302 1282 337 μὲν
1294 302 1358 337 χθὲς
1368 302 1414 329 καὶ
1426 302 1478 337 πρὸ
1490 301 1597 337 ἡμέρας
1611 301 1725 328 Θανάτου
1737 301 1865 331 πνέοντες

1074 348 1250 384 καὶάπειλῆς,
1259 347 1422 384 οὐκέτ’ἦσαν
1429 347 1557 383 (85),οὐδὲ
1567 347 1647 383 μέχρι
1655 347 1784 383 ὀνόματος
1794 355 1864 381 μνη-

1076 394 1260 428 μονευόμενοι·
1274 393 1378 428 γραφαί
1389 401 1419 418 τε
1430 392 1518 419 αὐτῶν
1530 393 1576 419 καὶ
1588 392 1665 426 τιμαὶ
1675 391 1725 426 τὴν
1731 391 1809 425 ἀξίαν
1819 391 1863 417 αι-

1075 439 1174 475 σχύνην
1183 439 1384 474 ἀπελάμϐανον.
1394 439 1448 465 Καὶ
1464 438 1481 465 ἃ
1498 440 1554 470 τοῖς
1566 438 1649 464 πάλαι
1665 437 1807 464 δυσσεϐἐσι
1817 446 1862 463 τυ-

1074 483 1179 519 ράννοις
1205 483 1308 509 ἐπεῖδεν
1336 483 1426 514 αὐτοῖς
1445 483 1593 518 ὀφθαλμοῖς
1607 482 1751 514 Λικίννιος,
1776 482 1861 508 ταῦτα

1073 529 1173 564 ὁμοίως
1192 530 1239 556 καὶ
1257 529 1337 561 αὐτὸς
1357 529 1485 565 ἔπασχεν,
1512 529 1552 556 ὃτι
1577 529 1638 564 μηδ’
1654 529 1735 561 αὐτὸς
1754 528 1861 560 ἐδέξατο

1073 575 1206 608 παιδείαν,
1221 576 1288 611 μηδὲ
1303 577 1364 608 ταῖς
1374 575 1427 603 τῶν
1443 575 1526 607 τιὲλας
1537 576 1722 612 ἐσωφρονίσθη
1740 573 1861 610 μάστιξι·

1072 621 1121 656 τὴν
1140 621 1234 656 ὁμοίαν
1255 621 1277 647 δ’
1292 621 1405 652 ἐκείνοις
1423 621 1472 656 τῆς
1493 621 1619 652 ἀσεϐείας
1639 620 1776 656 μετελθὼν
1790 619 1860 651 ὁδὸν,

1072 667 1118 693 ἐπὶ
1143 667 1188 693 τὸν
1207 666 1263 694 ἴσον
1290 668 1382 698 αὐτοῖς
1408 667 1519 698 ἐνδίκως
1536 666 1701 702 περιηνὲχοη
1727 666 1860 701 κρημνόν.

1078 713 1148 739 Ἀλλ’
1162 709 1239 745 οὗτος
1264 713 1313 748 μὲν
1326 712 1413 749 ταύτῃ
1430 721 1467 748 πη
1488 713 1653 748 βεϐλημένος
1673 712 1771 738 ἔκειτο.
1792 713 1821 739 '0
1837 711 1860 738 δ’

1072 760 1156 795 ἀρετῇ
1175 759 1250 795 πάσῃ
1267 759 1421 790 θεοσεϐείας
1439 758 1584 794 ὲκπρέπων
1606 758 1732 794 μέγιστος
1747 757 1861 792 νικητὴς

1072 806 1287 837 Κωνσταντῖνος,
1309 806 1357 832 σὺν
1377 805 1453 832 παιδ’).
1479 804 1594 840 Κρίσπῳ
1613 803 1717 839 βασιλεῖ
1739 801 1860 837 θεοφιλε-

1073 851 1162 886 στάτῳ
1172 851 1300 878 καὶκατὰ
1312 850 1401 878 πάντα
1413 850 1460 877 τοῦ
1474 850 1576 885 πατρὸς
1587 850 1682 885 ὁμοίῳ,
1693 850 1742 885 τὴν
1755 848 1860 875 οἰκείαν

1074 896 1144 932 ἑῴαν
1167 896 1370 931 ἀπελάμϐανον·
1391 897 1439 922 καὶ
1467 896 1530 931 μίαν
1552 895 1695 930 ἡνωμένην
1718 894 1767 929 τὴν
1789 894 1858 920 Ῥω-

232 939 321 974 gionis
347 940 495 977 virtutibus
509 945 633 972 ornatus,
661 945 688 967 et
707 941 796 968 victor
807 942 952 975 maximus,
969 950 1016 969 una

1074 942 1161 977 μαίων
1186 942 1256 969 κατὰ
1274 942 1304 968 τὸ
1332 942 1446 968 παλαιὸν
1469 942 1598 976 παρεῖχον
1615 940 1710 976 ἀρχὴν,
1734 939 1782 974 τὴν
1810 938 1858 965 ἀπ’

231 992 293 1012 cum
314 985 371 1012 lilio
394 985 492 1020 Crispo
511 986 618 1013 Caesare
640 986 696 1013 Deo
713 987 875 1014 charissimo
901 990 929 1014 et
950 988 1020 1022 patri

231 1030 412 1064 undequaque
425 1031 576 1062 simillimo,
597 1030 735 1059 Orientem
751 1039 830 1059 suum
852 1033 965 1067 recepit,
994 1038 1022 1060 et

231 1075 376 1110 imperium
394 1075 559 1109 Romanum,
580 1077 653 1104 sicut
673 1077 738 1104 olim
768 1077 868 1110 fuerat,
886 1079 912 1105 in
938 1086 1020 1105 unum

226 1127 332 1154 corpus
349 1121 452 1155 redegit
466 1128 472 1146 :
492 1122 650 1149 universum
665 1121 757 1149 orbem
774 1126 909 1150 terrarum
925 1124 970 1158 qui
984 1124 1020 1151 ab

230 1165 337 1192 oriente
353 1165 410 1192 sole
426 1166 460 1193 ad
476 1166 586 1193 ulttmas
605 1173 691 1201 usque
710 1167 864 1194 occidentis
880 1175 943 1195 oras
957 1175 1021 1203 pro-

231 1211 363 1244 tenditur,
380 1219 440 1238 cum
464 1211 637 1240 circumfusis
649 1212 777 1247 utrinque
794 1213 949 1248 regionibus
966 1219 1020 1241 tam

229 1257 264 1284 ad
276 1259 487 1293 septentrionem
501 1266 582 1294 quam
599 1260 632 1286 ad
648 1259 803 1291 meridiem.
814 1260 875 1293 paci
893 1267 950 1287 suae
960 1261 1021 1287 sub-

227 1301 336 1337 iiciens.
352 1303 446 1338 Itaque
461 1304 584 1332 homines
598 1304 671 1331 omni
686 1309 758 1331 metu
774 1311 868 1331 eorum
891 1311 906 1331 a
921 1305 1020 1339 quibus

229 1353 309 1376 antea
323 1350 546 1384 opprimebantur
560 1349 667 1385 penitus
679 1354 782 1382 amoto,
796 1349 880 1377 festos
890 1350 947 1378 dies
957 1357 1019 1378 cum

229 1395 349 1422 maximo
366 1395 510 1431 splendore
525 1403 552 1423 et
568 1396 729 1424 celebritate
738 1402 862 1432 egerunt.
875 1396 934 1424 Lux
946 1405 1020 1433 quae-

230 1439 293 1466 dam
305 1439 505 1474 iucundissima
529 1441 690 1476 superfundi
707 1441 835 1469 omnibus
867 1443 1018 1476 videbatur,

230 1489 258 1512 et
274 1487 319 1519 qui
332 1486 406 1520 prius
420 1488 510 1514 moesti
531 1487 649 1521 fuerant,
663 1492 727 1514 tunc
749 1487 827 1514 hilari
841 1495 873 1514 ac
886 1489 1019 1517 renidenti

229 1530 308 1557 vultu
327 1530 451 1566 iretisque
464 1532 551 1559 oculis
567 1540 597 1560 se
613 1533 732 1560 vicissim
747 1533 930 1567 aspiciebaut.
949 1535 1018 1563 Cho-

231 1581 285 1609 reis
299 1580 381 1607 etiam
397 1584 424 1607 et
452 1579 561 1615 hymnis
579 1584 635 1606 tam
659 1586 708 1613 per
722 1587 802 1615 agros
815 1588 897 1616 quam
914 1589 961 1616 per
980 1581 1018 1608 ci-

229 1628 338 1660 vitates,
351 1625 468 1661 primum
479 1625 586 1659 quidem
599 1624 682 1651 Deum
698 1626 820 1653 omnium
833 1633 923 1661 regem
937 1631 1018 1661 prout

229 1673 320 1702 edocti
337 1673 467 1704 fuerant,
484 1671 584 1699 deinde
604 1671 756 1706 piissimum
770 1672 973 1707 imperatorem,
989 1678 1017 1700 et

231 1721 287 1748 Deo
304 1719 479 1747 charissimos
494 1716 554 1751 ejus
567 1717 637 1744 filios
651 1719 838 1746 celebrabant.
851 1718 929 1745 Nulla
948 1726 1017 1753 pra:-

231 1766 375 1793 teritarum
403 1763 604 1796 calamitatum,
626 1763 701 1791 nulla
723 1764 871 1798 impietatis
886 1764 1017 1792 memoria

229 1811 408 1847 suppetebat:
426 1809 473 1838 sed
490 1809 665 1844 praesentium
685 1810 818 1837 bonorum
836 1810 942 1837 fructus
954 1818 1016 1838 cum

229 1857 382 1884 futurorum
409 1861 457 1889 spe
484 1859 568 1889 atque
589 1855 791 1889 exspectatione
803 1855 1014 1889 percipiebatur.

229 1902 452 1938 Proponebantur
464 1901 563 1935 ubique
575 1901 686 1927 victoris
699 1901 829 1935 principis
841 1901 941 1935 edicta,
957 1901 1015 1936 ple~

228 1956 264 1976 na
277 1948 452 1976 humanitatis
466 1966 473 1978 ,
491 1952 518 1974 et
530 1947 601 1981 leges
621 1946 792 1974 liberalitatis
807 1947 880 1974 illius
891 1955 924 1974 ac
944 1955 1014 1976 vera:

227 1995 339 2032 pietatis
350 1995 450 2022 indicia
465 1995 649 2029 praetereuntes.
662 1994 703 2021 Ad
718 1993 790 2021 hunc
807 1994 889 2029 igitur
903 1994 1012 2022 modum

229 2043 370 2079 tyrannica
385 2041 572 2069 dominatione
587 2041 746 2075 exstirpata,
761 2048 845 2076 penes
858 2040 929 2068 solos
942 2040 1013 2068 Cou-

227 2090 378 2117 stantinum
406 2089 519 2122 ejusque
548 2087 649 2114 liberos
677 2086 819 2122 imperium
842 2087 1014 2120 Romanum,

228 2137 300 2170 quod
316 2135 377 2169 iure
389 2135 454 2169 ipsis
467 2133 650 2167 competebat,
662 2133 769 2160 firtnutu
783 2138 894 2160 etextra
904 2140 1013 2160 omnem

1071 988 1224 1022 ἀνίσχοντος
1242 988 1318 1023 ἡλίου
1340 989 1430 1014 πᾶσαν
1450 988 1478 1014 ὲν
1494 986 1586 1021 κύκλῳ
1602 986 1671 1013 κατὰ
1693 985 1793 1020 θάτερα
1810 983 1858 1020 τῆς

1070 1031 1243 1066 οἰκουμένης,
1269 1031 1369 1067 ἄρκτον
1392 1040 1422 1058 τε
1447 1030 1514 1066 ὁμοῦ
1540 1031 1587 1057 καὶ
1610 1029 1792 1065 μεσημϐρίαν,
1818 1029 1858 1060 εἰς

1071 1076 1172 1112 ἔσχατα
1195 1077 1326 1113 δυομένης
1352 1077 1457 1113 ἡμέρας
1483 1077 1535 1103 ὑπὸ
1556 1077 1606 1113 τὴν
1633 1076 1721 1102 αὐτῶν
1745 1076 1857 1109 ἄγοντες

1071 1125 1180 1160 εἰρήνην
1196 1124 1263 1160 (86).
1282 1124 1418 1160 Ἀφῄρητο
1428 1123 1493 1158 γοῦν
1509 1123 1537 1156 ἐξ
1564 1122 1715 1159 ἀνθρώπων
1729 1123 1782 1148 πᾶν
1797 1122 1858 1153 δέος

1070 1170 1123 1196 τῶν
1133 1170 1197 1205 πρὶν
1205 1169 1465 1202 αὐτοὺςπιεςόντων,
1475 1168 1602 1204 λαμπρὰς
1608 1168 1629 1194 δ’
1640 1167 1746 1194 ἐτέλουν
1753 1167 1800 1193 καὶ
1809 1175 1860 1193 πα-

1071 1214 1220 1250 νηγυρικὰς
1245 1215 1346 1250 ἑορτῶν
1369 1214 1493 1250 ἡμέρας·
1518 1212 1552 1250 ἦν
1578 1214 1606 1240 δὲ
1637 1213 1724 1248 φωτὸς
1751 1212 1857 1248 ἔμπλεα

1071 1261 1170 1293 πάντα,
1185 1262 1232 1288 καὶ
1246 1260 1367 1296 μειδιῶσι
1382 1260 1547 1296 προσώποις,
1562 1259 1667 1295 δμμασί
1679 1267 1709 1285 τε
1731 1259 1858 1294 φαιδροῖς

1070 1309 1094 1334 ot
1110 1308 1174 1343 πρὶν
1191 1309 1323 1343 κατηφεῖς
1346 1306 1476 1342 ἀλλήλους
1498 1305 1621 1337 ἔϐλεπον,
1638 1305 1742 1340 χορεῖαι
1760 1304 1816 1340 (87)
1833 1304 1857 1330 δ’

1070 1354 1161 1386 αὐτοῖς
1190 1354 1238 1380 καὶ
1264 1353 1342 1388 ὕμνοι
1369 1352 1439 1379 κατὰ
1458 1351 1548 1382 πόλεις
1575 1350 1643 1386 ὁμοῦ
1670 1350 1717 1376 καὶ
1743 1350 1856 1385 ἀγροὺς,

1070 1400 1116 1427 τὸν
1150 1390 1324 1435 παμϐασιλὲα
1353 1397 1418 1424 Θεὸν
1445 1396 1585 1433 πρώτιστα
1612 1396 1739 1428 πάντων,
1762 1395 1802 1421 ὅτι
1823 1395 1857 1430 δὴ

1069 1446 1141 1472 τοῦτ’
1162 1444 1356 1480 ἐδιδάχθησαν,
1401 1443 1518 1470 κᾶπειτα
1543 1442 1588 1468 τὸν
1614 1441 1713 1476 εὐσεὸἦ
1745 1440 1858 1476 βασιλέα

1071 1491 1164 1519 παισὶν
1175 1491 1232 1526 ἅμα
1242 1489 1392 1524 θεοφιλέσιν
1403 1489 1556 1524 ἐγέραιρον.
1572 1487 1672 1514 Κακῶν
1683 1487 1705 1513 δ’
1719 1486 1857 1522 ἀμνηστία

1070 1537 1191 1565 παλαιῶν
1204 1535 1249 1572 ἦν,
1269 1536 1315 1563 καὶ
1335 1535 1402 1571 λήθη
1421 1535 1511 1569 πάσης
1530 1533 1698 1564 δυσσεϐείας,
1713 1532 1856 1568 παρόντων

1070 1585 1093 1611 δ’
1109 1583 1217 1618 ἀγαθῶν
1234 1582 1391 1614 ἀπόλαυσις,
1407 1581 1454 1607 καὶ
1471 1580 1582 1615 προσέτι
1600 1579 1749 1614 μελλόντων
1772 1587 1857 1614 προσ-

1069 1631 1167 1658 δοκίαι.
1183 1629 1326 1656 Ἢπλωντο
1336 1628 1358 1655 δ’
1373 1625 1420 1655 οὖν
1434 1626 1503 1654 κατὰ
1521 1627 1610 1653 πάντα
1620 1626 1701 1652 τόπον
1717 1624 1764 1652 τοῦ
1777 1633 1856 1660 νικη-

1069 1676 1116 1703 τοῦ
1133 1675 1263 1711 βασιλέως
1279 1673 1482 1710 φιλανθρωπίας
1495 1672 1607 1708 ἔμπλεοι
1621 1671 1766 1703 διατάξεις,
1778 1670 1856 1706 νόμοι

1070 1730 1098 1749 τε
1115 1721 1318 1757 μεγαλοδωρεᾶς
1331 1720 1378 1747 καὶ
1391 1719 1507 1754 ἀληθοῦς
1523 1717 1661 1748 εὐσεϐείας
1678 1716 1856 1753 γνωρίσματα

1070 1768 1249 1804 περιέχοντες.
1268 1766 1345 1793 Οὕτω
1365 1766 1431 1801 δῆτα
1447 1765 1536 1799 πάσης
1549 1764 1703 1799 τυραννίδος
1719 1762 1856 1797 ἐκκαθαρ-

1071 1814 1173 1848 θείσης,
1189 1813 1279 1848 μόνοις
1290 1811 1454 1846 ἐφυλάττετο
1470 1811 1504 1838 τὰ
1517 1811 1566 1846 τῆς
1578 1810 1768 1846 προσηκούσης
1781 1809 1856 1844 βασι-

1067 1859 1141 1891 λείας
1152 1859 1247 1894 βέϐαιά
1259 1867 1288 1884 τε
1301 1858 1347 1884 καὶ
1362 1857 1526 1891 ἀνεπίφθονα
1537 1856 1732 1891 Κωνσταντίνῳ
1741 1855 1787 1881 καὶ¹
1797 1856 1855 1885 τοῖς

1067 1905 1149 1932 αὑτοῦ
1167 1904 1268 1932 παισίν³
1282 1903 1306 1930 οἳ
1325 1903 1378 1930 τῶν
1392 1903 1508 1938 πρόσθεν
1523 1902 1632 1929 πάντων
1647 1900 1855 1936 ἀποσμήξαντες

1065 1953 1115 1988 τὴν
1129 1951 1287 1986 θεοστυγίαν
1293 1950 1339 1977 τοῦ
1349 1950 1416 1985 βίου,
1428 1950 1482 1976 τῶν
1497 1951 1527 1976 ἐκ
1537 1949 1603 1975 Θεοῦ
1615 1947 1854 1983 πρυτανευθέντων

1065 1997 1174 2031 ἀγαθῶν
1183 1997 1272 2028 αὐτοῖς
1281 1995 1442 2031 ὴσθημένως
1466 1994 1532 2030 (88),
1540 1994 1570 2020 τὺ
1586 1993 1728 2029 φιλάρετον
1742 1993 1789 2019 καὶ
1798 1992 1855 2018 θεοέ

1068 2042 1193 2077 φιλὲς,τό
1208 2050 1238 2068 τε
1253 2041 1321 2077 πρὸς
1339 2040 1369 2066 τὸ
1386 2040 1462 2066 Θεῖον
1485 2039 1596 2070 εὐσεϐὲς
1618 2038 1665 2065 καὶ
1681 2038 1852 2072 εὐχάριςπον,

1067 2085 1148 2115 δι’ὧν
1177 2089 1217 2119 είς
1248 2084 1385 2122 προῦπτον
1411 2086 1513 2112 ἅπασιν
1544 2084 1698 2120 ἀνθρώποις
1715 2083 1852 2119 παρέσχον

1067 2133 1143 2170 ὀρᾷν,
1159 2132 1329 2165 ἐπεδείξαντο
1345 2131 1413 2167 (89).

228 2181 357 2209 invidiam
373 2181 533 2215 permansit.
551 2179 601 2213 Qui
616 2178 698 2215 m0
711 2180 819 2214 quidem
847 2180 967 2206 omnium
1000 2181 1169 2214 superiorqu
1200 2178 1350 2213 principum
1367 2177 1506 2211 impietate
1521 2176 1628 2202 detersa
1642 2179 1724 2209 atque
1755 2181 1770 2201 e
1794 2182 1852 2200 mc-

228 2228 273 2256 dio
293 2227 423 2260 sublata,
458 2226 590 2254 bonorum
621 2226 671 2253 sibi
698 2225 827 2253 divinitus
854 2232 1044 2253 concesserunt
1065 2226 1149 2260 probe
1175 2225 1290 2257 conscii,
1317 2223 1435 2251 studium
1452 2222 1561 2250 virtutis
1589 2226 1617 2248 et
1643 2227 1763 2248 antorem
1792 2219 1850 2252 Dei,

265 2309 320 2345 (85)
343 2307 444 2345 Οὑκέτ⁷
460 2305 840 2345 fluat»._ltincodd._bla;._et
859 2306 929 2334 Med.
949 2307 1016 2334 scri-

1068 2314 1147 2345 quam
1172 2304 1391 2345 xopslatulferri‘
1410 2308 1500 2345 tamen
1523 2307 1658 2345 utcunque
1680 2305 1769 2345 potest
1786 2309 1848 2345 'vox

227 2340 375 2373 bitur'ot‘ax
409 2340 535 2377 ἔστησαν.
558 2342 586 2368 lu
606 2340 673 2368 Fuk.
694 2341 744 2368 οὐκ
765 2341 915 2376 ἀνέστησαν
928 2360 935 2373 ,
963 2345 1010 2369 sed

229 2386 355 2408 neutrum
373 2379 468 2416 probo.
532 2414 538 2416 _
568 2411 580 2416 _

265 2415 320 2451 (ὅθ)
347 2411 419 2451 Ὑπὸ
430 2413 487 2451 τὴν·
502 2411 778 2451 αὐτῶν...είρήγ-ην.
796 2411 842 2439 Sic
862 2411 1012 2451 senecain

228 2447 278 2478 libi
295 2449 334 2477 De
347 2450 486 2476 clementia
501 2449 635 2475 Neronem
652 2448 690 2473 ita
711 2448 864 2481 loquentem
884 2447 1009 2474 inducit:

230 2494 243 2513 ι
261 2485 323 2512 llzec
340 2489 379 2511 tot
394 2484 475 2510 millia
490 2483 641 2518 gladiorum
656 2489 715 2515 qua'
736 2490 786 2516 pax
800 2488 867 2518 _mea
892 2481 1012 2516 compri-

227 2521 290 2553 mit,
307 2520 340 2546 ad
357 2523 451 2545 nutum
467 2516 558 2545 m‘eum
572 2517 777 2553 stringentur“.
800 2516 913 2553 Eodem
930 2524 1012 2553 sensu

229 2551 301 2590 apud
320 2554 450 2590 Velleium
465 2559 493 2580 et
508 2553 533 2579 in
545 2552 683 2590 veteribus
698 2554 815 2578 nummis
831 2551 1008 2590 Inecnlegitur

229 2586 370 2624 inscriptio
380 2597 388 2616 ;
399 2588 453 2615 Pax
465 2589 597 2620 Aucusrt,
610 2587 636 2614 id
661 2592 800 2624 estquam
815 2587 874 2613 orbi
886 2586 1008 2624 Bomano

230 2620 341 2660 praestat
354 2624 512 2660 imperator,
530 2623 590 2660 Alio
603 2629 684 2660 sensu
700 2621 800 2660 dicitur
819 2628 871 2655 pax
886 2620 1008 2660 ltontaua

230 2656 264 2687 ab
277 2660 370 2687 eodem
385 2656 489 2686 Seneca
506 2659 532 2684 in
545 2658 616 2685 libro
628 2656 666 2683 De
681 2657 829 2687 clementia,
850 2661 876 2683 et
898 2657 923 2682 in
941 2656 1009 2683 libro

231 2694 269 2754 ﬂe
288 2694 462 2728 providentia,
479 2693 505 2720 id
519 2698 562 2720 cst
592 2700 644 2727 pax
667 2699 719 2726 qua
746 2691 847 2718 fruitur
867 2690 1009 2724 itupcrium

256 2737 391 2754 onmnum.

256 2737 391 2755 omanttm.

268 2763 323 2798 (87)
342 2762 468 2797 Χορεῒαι.
494 2762 590 2798 Merito
611 2762 668 2789 haec
687 2769 741 2788 vox
764 2760 901 2798 displicuit
927 2759 1006 2798 Nice-

231 2795 329 2831 phoro,
352 2795 414 2824 cum
439 2799 473 2824 de
492 2797 656 2824 Christianis
674 2803 764 2823 sermo
784 2797 819 2822 sit
841 2796 921 2822 Deum
948 2795 1006 2822 lau-

233 2833 369 2859 dantibus.
383 2833 473 2866 Itaque
487 2840 534 2865 pro
554 2839 618 2867 voce
633 2832 759 2867 xopsiat,_
770 2831 893 2867 native;
904 2831 1005 2857 substi-

233 2868 294 2894 tuit.
310 2868 385 2901 Apud
399 2867 542 2893 Eusebium
568 2867 592 2892 in
610 2865 679 2893 libro
700 2874 716 2892 ll
742 2865 778 2892 De
797 2867 850 2892 vita
874 2865 1004 2892 Conslan-

234 2903 292 2934 tini,
308 2900 370 2935 cap.
384 2903 429 2935 19,
449 2902 546 2936 legitur
568 2900 653 2937 χοροί,
679 2901 750 2937 quod
778 2901 944 2929 tolerabilius
964 2904 1005 2928 est

1067 2336 1267 2377 χορεῖιιῖίΝυιι)
1292 2340 1439 2367 Christiani
1465 2338 1702 2377 choreasuducere
1727 2336 1851 2377 solebant

1065 2372 1308 2403 in'festivitatibus
1325 2379 1487 2409 martyrum,
1504 2381 1557 2408 quo
1577 2372 1629 2409 illis
1646 2372 1775 2409 honorem
1802 2372 1851 2398 lia-

1063 2412 1169 2443 herent,
1183 2418 1332 2444 eorumque
1346 2407 1492 2444 certamina
1511 2416 1542 2435 ac
1557 2407 1688 2444 victorias
1705 2407 1756 2433 hoc
1769 2412 1850 2444 pacto

1063 2441 1244 2475 celebrarent.
1263 2441 1294 2472 ut
1309 2445 1405 2472 scribit
1421 2443 1571 2476 Gregorius
1587 2443 1651 2469 Naz.
1671 2442 1696 2468 iu
1715 2441 1850 2468 carmini-

1063 2482 1113 2508 bus
1126 2482 1158 2507 ad
1176 2480 1304 2506 mulieres
1321 2479 1455 2506 curiosius
1469 2485 1528 2505 sese
1544 2483 1721 2507 exornantcs,
1737 2484 1763 2510 p.
1784 2476 1848 2502 151.

1062 2516 1161 2543 Contra
1175 2515 1330 2548 bujusmodi
1345 2513 1594 2548 cltorcasgraviler
1612 2513 1748 2538 invehitur
1762 2510 1842 2537 Bust-

1063 2551 1116 2578 lius
1135 2547 1256 2583 Magnus,
1271 2550 1382 2577 homilia
1400 2549 1443 2580 Μ,
1458 2547 1491 2574 1η
1503 2549 1664 2574 ebrietatem.

1094 2585 1150 2620 (88)
1169 2580 1367 2621 ᾟσθὴμένως.
1384 2584 1464 2611 Forte
1482 2583 1623 2617 legendum
1642 2580 1800 2617 ᾐσθημένοι,
1818 2585 1847 2606 ιιι

1060 2621 1127 2648 alias
1142 2628 1221 2649 saeue.
1238 2621 1316 2647 Eutr.

1093 2655 1150 2690 (89)
1159 2652 1198 2682 Δὶ¹
1207 2653 1250 2682 ὧν
1256 2656 1299 2688 εις
1305 2651 1460 2690 προῦπτον
1468 2651 1757 2690 ἅπασιν-ρι’θρώποις
1768 2657 1829 2690 παρ
1837 2664 1845 2669 -

1058 2687 1154 2725 ἐσχοτὶι
1172 2690 1255 2724 όρᾷν,
1278 2687 1479 2725 ἐπεδείξαντο.
1498 2689 1564 2715 God.
1585 2687 1666 2725 Regi,
1689 2687 1846 2725 (includere

1060 2719 1160 2760 ubique
1185 2719 1298 2752 secutus
1340 2719 1392 2752 est»
1414 2724 1587 2760 Stephanus,
1618 2719 1668 2760 illis
1690 2719 1739 2755 τῆς
1763 2719 1844 2760 ’ρπὲρ

1059 2755 1229 2796 Χριστιανῶν
1250 2760 1413 2796 ἐνεδείξαντο
1431 2755 1599 2796 νομοθεσίας.
1612 2757 1670 2796 _Sed
1692 2759 1717 2796 in
1731 2755 1845 2796 reliquis

1059 2790 1557 2830 ex'emplaribuleaz:scilicetlhledq
1571 2791 1639 2830 Fuit.
1653 2796 1680 2818 et
1693 2790 1844 2830 $ari‘linuo,

1059 2826 1189 2858 totus-hic
1204 2830 1278 2857 locus
1289 2831 1418 2856 scribitur
1433 2835 1463 2854 ut
1474 2828 1589 2855 edimus.
1601 2828 1686 2860 Quam
1699 2826 1844 2852 lectionem

1061 2870 1153 2899 utpote
1168 2865 1287 2898 plurium
1302 2872 1334 2891 ac
1356 2863 1681 2899 vetustiorqucodicum
1707 2867 1843 2899 consensu

1061 2897 1258 2934 confirmatam,
1274 2899 1370 2927 merito
1390 2899 1464 2926 alteri
1482 2897 1679 2932 praeferendam
1699 2897 1802 2930 putavi.
