2013 3179
215 131 277 172 '915

577 143 711 173 sussnu
730 143 970 172 CESARIENSIS
988 143 1062 172 OPP.
1083 142 1173 172 PARS
1191 143 1211 170 ι.
1231 130 1267 165 -ζ
1283 130 1478 171 nisi-0mm.

1791 141 1844 169 916

225 200 425 240 exprimentes;
439 199 548 235 quidam
566 201 593 228 in
611 200 708 236 ligneis
723 206 770 228 aut
783 200 899 236 lapideis
910 200 1008 229 tabulis

1062 201 1245 236 παραδιδόναι.
1256 200 1297 227 Τά
1304 200 1325 226 δ’
1333 198 1367 235 ἦν
1376 201 1429 236 ἄρα
1442 198 1531 226 πάντα
1543 197 1638 233 θνητὰ,
1652 197 1745 233 χρόνον
1761 198 1844 233 μήκει

227 245 337 274 titteras'
349 245 430 273 altius
441 245 603 278 incidentes,
623 254 717 274 eorum
729 254 797 281 quos
810 247 937 274 colebant
949 247 1004 273 vir<

226 295 310 318 tutem
327 291 361 318 ad
380 293 510 318 aeternam
533 291 700 324 posteritatis
722 291 881 318 memoriam
910 299 1006 319 conse-

225 343 303 364 crare
324 336 510 364 instituerunt.
526 337 626 364 Verum
657 337 715 364 haec
738 336 828 364 omnia
852 336 966 369 caduca,
981 342 1008 364 et

225 382 355 416 temporis
366 381 563 417 longinquitate
577 382 718 417 pereuntia
731 403 739 416 ,
755 386 848 416 utpote
861 390 923 416 quae
936 389 1010 410 mor-

225 427 318 454 talium
337 435 484 463 corporum
509 428 634 462 liguram,
658 436 712 455 non
738 427 898 454 immortalis
923 427 1008 454 animi

224 471 341 500 formam
357 473 552 507 exprimerent;
566 473 628 500 Haec
647 479 735 501 tamen
749 471 872 500 sulﬁcere
885 473 917 500 iis
933 473 1008 500 vide-

224 518 334 551 bantur,
346 519 392 553 qui
411 524 474 554 post
489 519 568 554 hujus
579 519 700 546 mortalis
712 521 772 547 vitae
792 519 894 547 exitum
911 519 1008 546 nullius

224 570 301 597 spem
324 563 387 591 boni
410 564 502 590 animo
525 568 715 598 conceperant.
741 564 811 591 Deus
824 571 899 597 vero,
925 564 1007 597 Deus,

225 609 348 644 inquam,
369 609 521 636 communis
545 609 665 636 omnium
693 617 781 637 rerum
810 610 949 642 Servator,
962 611 1008 645 qui

225 655 335 688 pietatis
360 655 530 682 amatoribus
547 654 648 688 majora
663 663 743 690 quam
765 663 826 690 qua:
843 657 1009 691 cogitatione

225 700 366 728 hominum
389 701 581 736 comprehendi
598 701 712 735 possint,
727 702 798 736 apud
817 709 846 729 se
861 702 1010 730 recondidit

225 747 309 779 bona,
325 746 460 781 primitias
479 746 632 774 futurorum
652 747 824 783 praemiorum
840 748 867 774 in
884 753 1010 776 anteces-

225 799 285 819 sum
299 792 376 827 quasi
398 792 494 827 pignus
508 793 553 820 dat
569 794 594 820 in
610 793 660 821 hoc
680 793 795 826 saeculo;
815 794 1008 822 immortalium

226 845 318 864 rerum
334 845 409 872 spem
433 839 593 866 mortalibus
606 839 691 866 oculis
707 838 907 874 quodammodo
931 841 1010 867 exhi-

1059 244 1249 280 δαπανὼμενα,
1263 244 1390 280 φθαρτῶν
1414 243 1462 270 ἇτε
1484 243 1617 278 σωμάτων
1640 243 1798 278 ἰνδάλματα,
1812 243 1843 269 οὐ

1061 290 1114 326 μὴν
1133 289 1267 317 ἀθανάτου
1287 290 1375 325 ψυχῆς
1398 289 1588 316 ἁποτυποῦντα
1609 289 1689 320 ἰδέας.
1709 290 1802 324 Ὅμως
1820 288 1843 314 δ’

1057 334 1104 362 οὖν
1121 336 1256 371 ἀπαρκεῖν
1272 335 1358 362 ἐδόκει
1378 334 1464 361 ταῦτα
1484 336 1539 366 τοίς
1561 334 1645 370 μηδὲν
1664 334 1756 370 ἕτερον
1774 334 1845 368 μετὰ

1059 382 1107 417 τὴν
1120 381 1167 408 τοῦ
1184 381 1282 416 θνητοῦ
1305 381 1363 416 βίου
1381 381 1572 416 καταστροφὴν
1587 382 1616 407 ὲν
1630 379 1740 414 ἀγαθῶν
1753 379 1844 406 ἐλπίσι

1057 427 1218 462 τιθεμένοις.
1236 427 1302 458 Θεὸς
1316 427 1338 453 δ’
1355 427 1419 462 ἄρα,
1429 426 1494 459 Θεὸς
1506 427 1520 452 ὁ
1537 426 1625 458 κοινὸς
1639 426 1693 452 τῶν
1708 426 1776 452 ὅλων
1791 433 1845 452 σω-

1058 473 1122 510 τὴρ,
1138 473 1248 508 μείζονα
1269 473 1286 508 ἢ
1306 472 1376 499 κατὰ
1396 473 1509 507 θνητοὺς
1528 472 1674 508 λογισμοὺς
1689 473 1744 503 τοῖς
1767 472 1845 498 εὐσε-

1059 519 1136 551 ϐείας
1152 520 1281 554 ἐρασταῖς
1304 519 1395 553 ἀγαθά
1418 519 1482 555 παρ’
1504 519 1592 554 ἑαυτῷ
1615 518 1843 554 ταμιευσάμενος,

1058 566 1093 592 τὰ
1111 564 1264 601 πρωτόλεια
1279 565 1333 591 τῶν
1349 564 1473 591 ἐπάθλων
1487 565 1591 591 ἐνθένδε
1606 564 1845 600 προαρῤαϐωνίζε-

1059 620 1113 643 ται,
1138 611 1244 646 θνητοῖς
1267 610 1415 645 ὀφθαλμοῖς
1434 610 1607 646 ἀμωσγέπως
1630 610 1679 642 τὰς
1695 610 1844 642 ἀθανάτους

1061 655 1239 690 πιστούμενος
1262 655 1381 686 ἐλπίδας.
1400 655 1513 682 Παλαιοὶ
1535 655 1621 681 ταῦτα
1642 656 1762 691 χρησμοὶ
1775 663 1845 690 προ-

1060 700 1152 735 φητῶν
1169 701 1260 735 γραφῇ
1282 699 1480 735 παραδοθέντες
1504 700 1671 733 θεσπίζουσι,
1688 701 1774 727 ταῦτα
1791 701 1846 736 βίοι

1060 745 1191 780 θεοφιλῶν
1211 745 1326 781 ἀνδρῶν,
1348 746 1488 778 παντοίαις
1510 746 1621 782 ἀρεταῖς
1635 746 1770 782 πρόπαλαι
1787 746 1846 773 δια-

1060 791 1234 826 λαμψάντων,
1255 793 1310 820 τοῖς
1329 791 1463 826 ὀψιγόνοις
1481 792 1719 827 μνημονευόμενοι,
1740 792 1846 827 μαρτύ-

1062 847 1164 874 ρονται,
1181 837 1268 864 ταῦτα
1282 838 1329 865 ’καὶ
1342 838 1356 864 6
1375 837 1436 865 καθ’
1451 839 1523 873 ἡμᾶς
1537 838 1622 874 ἀληθῆ
1638 836 1707 865 εἶναι
1723 838 1846 874 διήλεγξε

225 883 294 910 bens
310 891 343 911 ac
364 889 573 918 reprasentans.
603 884 661 912 Hoc
686 889 792 912 vetusta
815 885 1007 920 prophetarum

1062 885 1165 920 χρόνος,
1188 885 1248 911 καθ’
1265 884 1295 911 ὃν
1315 885 1517 916 Κωνσταντῖνος
1533 884 1593 920 Θεῷ
1615 884 1655 920 τῷ
1679 885 1848 920 παμϐασιλεῖ

225 928 333 956 oracula
347 936 408 964 quae
424 930 533 965 scriptis
552 931 679 958 mandata
699 935 772 962 sunt,
798 937 890 966 aperte
911 932 1008 965 praedi-

1063 930 1143 966 μόνος
1165 929 1219 956 τῶν
1242 930 1351 956 πώποτε
1372 930 1421 966 τῆς
1444 930 1586 965 Ῥωμαίων
1609 930 1697 966 ἀρχῆς
1723 930 1846 966 καθηγη-

225 978 300 1000 cunt.
319 973 377 1002 Hoc
394 975 454 1002 vita:
477 975 532 1002 Deo
556 976 702 1003 cbarorum
727 975 847 1002 virorum
863 976 908 1010 qui
925 976 1008 1004 variis

1062 976 1188 1011 σαμένων
1213 975 1331 1010 γεγονὼς
1355 975 1440 1010 φίλος,
1470 976 1584 1012 ἐναργὲς
1610 976 1710 1003 ἅπασιν
1741 976 1846 1012 ἀνθρώ·
1893 980 1899 985 ‘

223 1018 372 1047 virtutibus
392 1019 568 1053 refulserunt,
582 1026 753 1056 posterorum
766 1022 897 1049 memoria
911 1022 1007 1049 etiam-

1062 1031 1122 1054 ποις
1141 1021 1316 1058 παράδειγμα
1329 1021 1472 1054 θεοσεεοῦς
1485 1022 1603 1058 κατέστη
1617 1022 1686 1057 βίου.

224 1074 289 1094 num
311 1067 453 1096 celebrata:
477 1069 647 1096 conﬁrmant.
671 1068 728 1096 lloc
752 1069 839 1104 ipsum
869 1069 956 1097 aetatis
986 1074 1086 1097 nostra:
1119 1062 1274 1098 testimonio
1296 1069 1467 1097 verissimum
1496 1077 1556 1096 esse
1582 1070 1765 1102 convincitur,
1783 1077 1846 1097 cum

224 1112 416 1142 Constantinus
440 1115 513 1143 solus
537 1115 658 1143 omnium
689 1116 733 1151 qui
756 1116 878 1143 Romano
894 1124 1012 1151 unquam
1036 1117 1150 1152 imperio
1175 1116 1350 1152 praefuerunt,
1379 1123 1486 1143 summo
1507 1117 1628 1143 omnium
1645 1116 1700 1152 regi
1721 1115 1776 1144 Deo
1799 1123 1847 1144 ac-

224 1164 330 1193 ceptus,
338 1159 415 1195 quasi
426 1160 528 1187 illustre
542 1160 678 1195 quoddam
693 1159 825 1196 religiosa:
841 1161 904 1188 vita:
917 1160 1068 1195 exemplum
1081 1161 1186 1189 cunctis
1201 1160 1355 1188 hominibus
1368 1165 1410 1187 est
1424 1161 1589 1195 propositus.

524 1205 637 1234 CAPUT
654 1206 698 1234 IV.

313 1251 391 1284 Quod
411 1251 481 1279 Deus
503 1251 707 1279 Constantinum
724 1253 901 1280 honorauerit.

259 1297 315 1325 Hoc
328 1298 445 1331 denique
461 1297 532 1325 Deus
553 1298 611 1333 ipse
625 1305 705 1333 quem
719 1304 866 1327 veneratus
879 1304 922 1327 est
938 1299 1009 1327 Con—

223 1343 375 1377 stantinus,
391 1343 510 1371 evidenti
524 1343 655 1380 sull'ragio
667 1345 853 1380 comprobavit
868 1357 874 1374 :
891 1347 954 1373 dum
970 1346 1008 1373 illi

225 1397 279 1416 non
297 1389 377 1417 modo
392 1390 418 1416 in
432 1389 556 1422 exordio,
569 1391 617 1418 sed
634 1391 716 1418 etiam
734 1392 760 1418 in
777 1399 921 1428 progressu
939 1397 965 1420 et
980 1394 1005 1420 in

225 1436 279 1463 tlne
296 1435 401 1470 imperii
418 1443 525 1469 semper
544 1437 678 1472 propitius
699 1437 884 1473 benignusque
909 1439 1006 1472 adfuit,

224 1482 323 1516 quippe
334 1488 413 1516 quem
430 1481 550 1509 humano
567 1483 658 1517 generi
671 1483 704 1509 ad
720 1483 802 1510 divini
819 1484 906 1512 cultus
923 1485 1007 1512 iul'or-

226 1526 374 1554 mationem
392 1532 577 1561 proposuerat.
598 1527 675 1555 Hunc
689 1533 764 1556 certe
775 1537 857 1556 unum
871 1537 905 1557 ex
919 1531 1006 1558 omni-

225 1573 277 1601 bus
291 1581 360 1608 quos
382 1580 499 1607 unquam
516 1573 654 1601 auditione
670 1576 824 1609 accepimus
837 1575 1008 1610 imperatori-

225 1619 288 1652 bus,
304 1619 377 1646 velut
402 1618 583 1646 clarissimum
601 1619 737 1654 quoddam
763 1621 855 1656 jubar,
883 1626 911 1649 et
936 1622 1008 1649 velut

225 1664 372 1699 quemdam
387 1671 458 1692 verte
476 1664 613 1699 religionis
629 1673 780 1700 prteconem
808 1667 924 1694 maxima
943 1675 1009 1696 voce

226 1710 429 1744 iuclamantem,
445 1710 594 1738 innumeris
612 1711 638 1738 in
663 1718 725 1739 eum
753 1714 890 1748 congestis
919 1714 1007 1747 bouis,

225 1757 386 1792 designavit.

483 1803 566 1840 ωε
584 1803 696 1832 CAPUT
718 1804 748 1832 v.

226 1849 303 1883 Quod
318 1857 372 1877 xxx
387 1850 491 1885 quidem
515 1850 592 1876 tumis
609 1851 745 1883 regnavit;
759 1850 825 1878 uixit
843 1856 930 1879 autem
951 1851 1009 1887 plus

545 1893 624 1919 quam
639 1892 682 1912 ιχ,

261 1929 300 1956 Ac
317 1934 421 1964 tempus
442 1929 550 1964 quidem
576 1929 684 1963 imperii
699 1929 793 1965 ipsius,
806 1931 894 1959 tribus
910 1931 1008 1959 denum

225 1982 356 2001 annorum
384 1975 493 2003 circulis
513 1976 645 2004 absolutis
669 1982 698 2005 et
722 1977 862 2012 aliquanto
893 1977 1009 2012 amplius

226 2019 388 2052 honoravit;
406 2021 489 2048 totius
514 2026 603 2048 autem
627 2023 688 2050 vita:
708 2027 814 2057 tempus
841 2030 921 2057 quam
939 2023 1010 2049 inter

227 2066 350 2094 homines
367 2066 544 2101 duxit,duplo
561 2069 665 2103 majore
677 2069 768 2104 spatio
782 2068 1006 2103 circumscripsit.

226 2110 313 2139 Porro
329 2118 390 2138 cum
413 2112 537 2140 eumdem
564 2113 639 2140 velut
674 2113 820 2149 imaginem
845 2113 1009 2140 monarchize

226 2165 281 2185 sua:
306 2165 457 2193 proponere
473 2159 564 2190 vellet.
582 2159 711 2186 victorem
730 2167 791 2186 eum
808 2159 896 2185 omnis
914 2163 1007 2193 tyran-

225 2201 278 2227 nici
302 2200 409 2234 generis
430 2203 566 2235 praestitit,
581 2208 609 2230 et
623 2203 768 2238 impiorum
795 2203 933 2238 gigantum
959 2210 1010 2230 ex-

1321 1206 1518 1233 ΚΕΦΑΛΑῘΟΝ
1545 1207 1581 1233 Δ’.

1155 1253 1219 1279 Ὅτι
1233 1253 1249 1279 ό
1265 1251 1337 1285 Θεὸς
1352 1252 1578 1279 Κωνσταντῖνον
1591 1251 1742 1286 ἑτῂιησεν.

1091 1298 1184 1326 Ταῦτα
1199 1298 1227 1325 δὲ
1244 1299 1290 1324 καὶ
1302 1298 1367 1329 Θεὸς
1381 1297 1460 1330 αὐτὸς
1476 1297 1504 1324 ὃν
1515 1299 1717 1330 Κωνσταντῖνος
1737 1298 1846 1334 ἐγέραι-

1058 1353 1114 1381 ρεν,
1126 1343 1269 1379 ἀρχομένῳ
1281 1343 1326 1369 καὶ
1341 1342 1549 1378 μεσάζοντι,καὶ
1563 1343 1721 1370 τελευτῶντι
1734 1344 1784 1379 τῆς
1797 1344 1847 1379 βα-

1060 1390 1162 1421 σιλείας
1173 1389 1254 1415 αὑτοῦ
1265 1388 1358 1420 δεξιῶς
1368 1388 1510 1424 παραστὰς
1525 1388 1590 1424 (13),
1607 1389 1732 1425 ἐναργέσι
1744 1389 1846 1424 ψήφοις

1058 1434 1238 1466 ἐπιστώσατο,
1253 1434 1427 1460 διδασκαλίαν
1437 1433 1578 1466 θεοσεόοὗς
1591 1434 1786 1470 ὑποδείγματος
1798 1435 1846 1461 τὸν

1057 1481 1143 1516 ἄνδρα
1162 1480 1201 1516 τῷ
1225 1479 1315 1516 θνητῷ
1333 1480 1407 1514 γένει
1431 1479 1659 1515 προϐεϐλημένος.
1682 1480 1770 1507 Μόνον
1798 1479 1846 1507 οὖν

1058 1527 1139 1554 αὑτὸν
1152 1526 1206 1553 τῶν
1225 1525 1254 1559 ἐξ
1270 1526 1365 1558 αἰῶνος
1378 1526 1445 1561 ἀκοῇ
1464 1526 1612 1561 βοηθέντων
1627 1526 1845 1561 αὐτοκρατόρων.

1061 1571 1115 1600 οἷόν
1131 1582 1191 1600 τινα
1213 1573 1338 1609 μέγιστον
1356 1573 1484 1608 φωστῆρα
1500 1573 1546 1598 καὶ
1562 1572 1670 1608 κήρυκα
1684 1571 1845 1607 μεγαλοφω-

1062 1620 1171 1647 νὸτατον
1186 1620 1235 1655 τῆς
1253 1619 1387 1652 ἀπλανοῦς
1406 1618 1570 1650 θεοσεϐείας,
1585 1617 1628 1644 διὰ
1643 1617 1776 1644 παντοεων
1790 1617 1846 1644 τῶν

1062 1668 1102 1698 είς
1117 1666 1197 1693 αὑτὸν
1210 1666 1439 1702 κεχορηγημὲνων
1451 1665 1560 1699 ἀγαθῶν
1571 1664 1730 1698 ἐνεδείξατο,

1327 1800 1521 1827 ΚΕΦΑΛΑΙΟΝ
1543 1801 1578 1826 E'.

1065 1848 1129 1874 Ὀτι
1145 1848 1323 1875 ἐϐασίλευσε
1332 1846 1390 1880 μὲν
1403 1845 1479 1880 ὑπὲρ
1492 1846 1528 1872 τὰ
1540 1848 1565 1872 λ’
1577 1845 1629 1879 ἔτη
1637 1844 1846 1880 μοναρχήσας.

1228 1882 1315 1917 ἔζησε
1328 1881 1362 1908 δὲ
1377 1881 1452 1916 ὑπὲρ
1472 1881 1507 1907 τὰ
1519 1881 1674 1913 ἑξήκοντα.

1099 1928 1210 1963 Χρόνων
1231 1928 1280 1956 μὲν
1306 1926 1452 1962 βασιλείας,
1477 1926 1549 1962 τρισὶ
1569 1925 1686 1951 δεκάδων
1712 1924 1847 1960 περιόδοις

1063 1974 1187 2006 τελείαις,
1204 1974 1252 2001 καὶ
1267 1973 1379 2010 προσέτι
1402 1973 1471 2008 λῷον
1485 1972 1541 2007 (14)
1563 1975 1691 2007 τιμήσας,
1705 1971 1805 1997 τούτων
1818 1971 1847 2000 δὲ

1062 2021 1199 2047 διπλάσιον
1215 2019 1261 2046 τοῦ
1278 2019 1378 2051 παντὸς
1402 2019 1460 2054 βίου
1479 2018 1527 2053 τὴν
1549 2019 1577 2044 ὲν
1594 2017 1745 2053 ἀνθρώποις
1772 2025 1849 2051 περι-

1062 2066 1156 2102 ορέσας
1171 2065 1256 2102 ζωήψ
1276 2065 1324 2101 τῆς
1337 2065 1359 2092 δ’
1379 2064 1460 2092 αὑτοῦ
1483 2063 1647 2099 μοναρχικῆς
1662 2062 1784 2094 ἐξουσίας
1797 2062 1847 2097 τὴν

1063 2113 1154 2140 εἰκόνα
1169 2112 1240 2144 δοὺς,
1262 2111 1372 2147 νικητὴν
1394 2110 1518 2142 ἀπέδειξε
1533 2109 1588 2144 (15)
1612 2108 1710 2141 παντὸς
1725 2117 1848 2144 τυραννι-

1063 2158 1111 2185 κοῦ
1124 2159 1227 2192 γένους,
1242 2157 1382 2193 θεομάχων
1396 2158 1419 2183 τ’
1431 2156 1544 2191 ὀλετῆρα
1559 2155 1704 2189 γιγάντων,
1718 2155 1743 2181 οἳ
1758 2155 1848 2190 ψυχῆς

1062 2205 1178 2240 ἀπονοίᾳ
1187 2205 1254 2240 πρὸς
1264 2204 1343 2231 αὑτὸν
1353 2204 1452 2239 ἤραντο
1468 2203 1513 2229 τὸν
1527 2201 1700 2237 παμὸασιλέα
1713 2201 1766 2228 τῶν
1778 2201 1848 2228 ὅλων

226 2247 397 2279 stinctorem,
409 2248 453 2281 qui
469 2247 618 2284 desperatae
638 2250 736 2277 mentis
753 2250 865 2277 audacia
886 2249 1007 2285 impulsi,

1062 2234 1218 2282 δυσσεϐείας
1239 2234 1317 2277 θτιλα.
1347 2234 1416 2276 ’κᾶλλ’
1433 2250 1457 2276 οἱ
1483 2249 1530 2284 μὲν
1552 2234 1614 2274 ὅσον
1637 2249 1724 2274 εἰπεῖν
1741 2247 1797 2283 (16)
1817 2248 1848 2274 ὲν

226 2298 321 2321 contra
345 2293 432 2327 ipsum
452 2293 534 2321 Deum
551 2302 685 2322 summum
707 2296 828 2323 omnium
851 2303 941 2331 regem
960 2295 1010 2322 im-

227 2385 335 2412 schedis
362 2385 532 2423 biblioutecae
562 2385 661 2423 Regiae.
693 2386 808 2423 rSavilius
837 2395 944 2423 quoque
975 2388 1009 2414 ad

226 2426 302 2460 oram
315 2420 370 2460 _sui
392 2421 496 2460 codicis
513 2425 588 2460 notat
617 2421 654 2460 ita
681 2422 731 2448 sibi
747 2420 887 2460 legendqu
899 2420 1008 2460 ivideri.

227 2455 262 2491 _At
278 2455 303 2482 in
315 2455 405 2483 Hormi
420 2455 490 2483 libro
506 2456 549 2491 ad
567 2455 716 2491 marginem
733 2455 892 2485 emendatur
905 2457 1009 2484 ὑπέϐα-

227 2489 283 2521 λον,
298 2491 370 2522 quod
388 2491 474 2525 tiiagis
485 2490 584 2524 placet.

261 2525 317 2559 (13)
332 2525 432 2566 ᾼύτο-ιῖ
446 2525 551 2566 δεξιῶς
569 2525 733 2566 παραστιξς.
749 2525 821 2566 L_ego
841 2526 915 2566 αιΰτῷ
927 2526 1013 2566 δεξιός

227 2560 378 2622 ἔέἓαστξῗ.
404 2560 437 2588 Et
460 2560 538 2596 paulo
560 2565 622 2596 post
647 2560 819 2590 scribendum
842 2560 947 2590 videtur
965 2560 1013 2595 εἰς

286 2603 337 2621 σκα
366 2604 409 2622 αν.

263 2603 409 2622 ιασκαΑιαν.

263 2630 390 2666 \ulKal
408 2630 531 2665 προσέτι
544 2631 634 2664 λῷον.
652 2630 725 2658 Nova
742 2636 770 2658 et
782 2631 908 2660 inusitata
936 2632 1012 2660 locu-

228 2665 275 2701 tio:
296 2665 364 2701 λῷον
374 2673 422 2700 pro
433 2674 466 2701 eo
480 2666 552 2701 quod
568 2666 614 2693 alii
627 2666 749 2693 dicerent
764 2666 854 2694 πλέον.
869 2667 915 2695 Ait
928 2667 1012 2694 Euse-

227 2700 508 2735 biusVCOustantiuum
521 2701 669 2735 imperasse
683 2702 793 2735 triginta
806 2709 890 2729 annos
901 2702 1012 2734 solidos,

227 2739 261 2774 et_
273 2734 411 2774 aliquanto
427 2734 647 2774 ampliusiQuod
661 2734 753 2763 verum
765 2742 817 2774 est.
830 2737 897 2764 Nam
916 2743 1014 2774 praeter

229 2770 336 2803 triginta
371 2778 468 2802 annos.
499 2771 593 2798 decem
620 2771 676 2798 fere
706 2771 844 2799 mensibus
872 2770 1006 2806 regnavit.

229 2802 311 2831 Porro
342 2805 420 2832 initio
449 2805 528 2834 huius
551 2806 654 2834 periodi
683 2806 855 2834 scribendum
871 2812 914 2834 est
944 2807 1007 2834 νοό-

229 2812 311 2831 τοι-το
343 2812 420 2832 Inlllo
449 2812 528 2839 lllljlls
551 2812 654 2840 ρει-ιοοι
683 2812 855 2834 εει-ιῠεηαιιιιι
871 2812 914 2835 est
944 2812 1004 2843 χρό-

227 2846 273 2865 νον
298 2839 347 2867 μιν
365 2839 520 2875 βασιλείας,
546 2847 600 2869 non
615 2845 643 2868 ut
671 2841 750 2876 vulgo
768 2841 863 2876 legitur
891 2841 1004 2878 χρόνων.

1064 2296 1159 2332 βραχεῖ
1173 2297 1313 2331 φανέντες,
1329 2296 1386 2332 ἅμα
1405 2304 1435 2322 τε
1459 2296 1505 2322 καὶ
1525 2294 1691 2330 ἀπέσϐησαν,
1709 2294 1754 2320 τὸν
1767 2294 1790 2321 δ’
1802 2294 1849 2320 αὺ-

1099 2388 1154 2424 (15)
1177 2387 1276 2423 -νυιιη
1300 2388 1423 2424 νοητὴν
1462 2387 1608 2424 ἀπέδειξε.
1641 2387 1736 2414 Scribo
1767 2395 1847 2424 νικη-

1063 2423 1122 2460 τήν,
1141 2429 1171 2460 ut
1182 2424 1209 2450 in
1223 2423 1343 2460 margine
1365 2423 1465 2450 codicis
1480 2423 1606 2450 Mor-.eani
1618 2423 1789 2460 emendatum
1806 2424 1848 2449 iu-

1066 2457 1137 2486 veni.
1156 2458 1243 2491 Quam
1261 2458 1402 2485 lectionem
1428 2464 1537 2485 secutus
1554 2463 1597 2484 est
1622 2457 1849 2491 Chrislopllorso-

1066 2502 1126 2521 nus.
1143 2490 1222 2520 certe
1235 2493 1261 2519 in
1277 2493 1412 2520 veteribus
1429 2494 1546 2525 scltedis,
1562 2497 1590 2519 et.
1609 2493 1636 2519 in
1655 2492 1732 2520 codd.
1766 2490 1848 2520 Savio

1065 2529 1137 2556 liauo
1147 2536 1178 2555 ac
1190 2527 1292 2555 Fuketii
1302 2528 1415 2563 νικητήν
1429 2528 1535 2562 legitur.

1104 2537 1137 2555 110
1147 2537 1178 2555 ac
1190 2537 1203 2554 I‘
1211 2537 1292 2555 UKCIII
1302 2537 1415 2590 νικητῖι
1429 2537 1535 2562 ιεειιυν.

1101 2563 1157 2597 (16)
1174 2563 1264 2590 Ὅσον
1273 2563 1377 2590 εἰπεῖν.
1399 2563 1649 2596 ‘lnristophorsouus
1660 2562 1751 2597 vertit,
1767 2570 1848 2595 prope

1066 2600 1186 2629 dixerim.
1203 2599 1279 2633 quasi
1294 2599 1423 2631 scriptum
1441 2603 1514 2633 esset
1529 2598 1567 2629 ὡς
1588 2598 1684 2633 εἰπεῖν.
1704 2596 1767 2633 Ego
1779 2605 1848 2633 vero

1066 2643 1119 2662 non
1133 2631 1226 2661 dubito
1252 2633 1316 2667 quin
1333 2633 1404 2660 aliud
1424 2632 1588 2659 intellexerit
1611 2632 1753 2659 Eusebius.
1777 2631 1847 2659 Nam

1066 2678 1127 2698 cum
1154 2674 1284 2704 tyrannos
1307 2669 1381 2695 brevi
1407 2668 1550 2704 admodum
1574 2667 1848 2704 rtemporerviguisse

1067 2705 1148 2732 vellet
1162 2702 1316 2734 ostendere,
1339 2703 1377 2730 ait
1398 2710 1445 2729 eos
1467 2703 1581 2729 breviori
1607 2703 1735 2736 temporis
1758 2702 1848 2736 spatio

1062 2747 1142 2776 quam
1150 2739 1231 2776 _quod
1247 2739 1279 2765 ad
1295 2738 1460 2776 loquendum
1472 2738 1645 2776 __requiri_tur,
1674 2737 1746 2776 vifos
1772 2743 1847 2765 esse.

1061 2770 1131 2803 litem
1148 2770 1203 2800 fere
1217 2777 1267 2804 est,
1303 2770 1354 2800 und
1365 2773 1451 2800 δι’ωοί
1464 2770 1564 2804 dicunt.
1584 2772 1663 2807 λόγου
1679 2770 1786 2805 θᾶττον,
1799 2778 1848 2807 αις

1061 2819 1112 2836 nus
1124 2781 1395 2836 bvnerbolazqGraecis
1411 2807 1553 2836 familiare.

1061 2819 1112 2839 nus
1124 2809 1277 2844 hyperbole
1292 2807 1395 2836 Graecis
1411 2807 1553 2837 familiare.
