2013 3179
232 144 282 173 9‘2!

782 147 827 174 ne
847 145 929 174 vrra
949 134 1177 177 coss-ras'ri’m
1196 145 1260 174 LIB.
1277 145 1297 174 l.

1802 146 1854 175 922

235 203 357 240 ρίζεσθαί
373 212 404 230 τε
425 204 472 231 καὶ
492 204 615 239 βοᾶσθαι.
637 204 665 231 '0
681 205 709 231 δὲ
725 205 774 232 καὶ
788 205 868 241 μέχρι
881 205 935 233 τῶν
948 205 1010 241 τῇδε

1075 205 1101 232 in
1118 211 1168 232 sua
1183 204 1297 238 quisque
1311 204 1447 239 provincia
1458 204 1555 239 partim
1569 204 1740 239 imaginibus,
1756 207 1852 240 partim

233 249 382 286 βασιλικοῖς
393 250 609 285 προσφωνήμασι
619 249 664 278 τὸν
674 250 772 277 ἑαυτοῦ
782 251 848 277 Θεὸν
855 251 1012 286 ἁνεκήρυττι

1071 250 1168 278 statuis
1183 249 1290 284 publice
1301 251 1431 278 dedicatis
1447 250 1590 278 honoraret
1600 259 1607 277 :
1617 250 1743 285 solusque
1756 258 1788 278 ex
1803 251 1855 277 im-

232 295 281 322 σὺν
295 295 436 332 παρρησίᾳ.
447 296 480 330 τῇ
495 294 579 330 πάσῃ.

1071 295 1244 331 peratoribus
1257 296 1468 329 Constantinus,
1482 297 1582 332 ubique
1599 301 1730 323 terrarum
1745 297 1854 324 notissi-

232 348 291 368 mus
311 345 384 369 esset
399 348 430 367 ac
443 340 646 369 celeberrimus.
671 340 757 376 Igitur
779 341 812 369 ad
829 341 879 368 has
905 349 990 377 usque
1003 348 1099 377 gentes
1129 342 1212 377 regiis
1239 341 1443 369 aliocutionibus
1460 343 1542 370 Deum
1553 350 1630 370 suum
1650 350 1711 369 cum
1727 343 1801 370 mni
1822 343 1853 369 ii-

231 386 336 414 bertate
351 386 517 420 praedicavit.

493 433 690 460 ΚΕΦΑΛΑΙΟΝ
711 433 748 460 Θ¹.

231 476 291 504 Ὅτι
302 475 523 511 υἱὸςβασιλέως
540 479 694 512 εὐσεϐοῦς,
710 479 758 506 καὶ
768 480 842 512 υἱοῖς
852 480 1015 512 ,βασιλεῦσι

448 515 590 541 κατέλιπε
611 514 666 548 τὴν
679 514 786 549 ἀρχὴν.

264 558 358 587 Εἷτ“οὺ
375 560 464 595 λόγοις
488 560 542 596 (26)
559 562 606 596 μὲν
620 562 692 588 τοῦτ’
711 562 855 597 ἔπραττεν,
869 561 1015 597 ἀφυστέρει

228 605 257 632 δὲ
271 607 326 638 τοῖς
334 606 433 642 ἔργοις·
448 607 491 633 διὰ
503 607 592 643 πάσης
600 607 628 634 δὲ
644 607 739 643 χωρῶν
756 608 867 643 ἀρετῆς,
881 608 1017 639 παντοίοις

229 650 369 683 εὐσεϐείας
395 653 512 687 καρποῖς
539 651 710 688 ὲνηϐρύνετο,
743 653 941 688 μεγαλοψύχοις
967 653 1015 687 μὲν

229 696 397 731 εὐεργεσίαις
405 698 467 729 τοὺς
477 698 632 733 γνωρίμους
639 698 894 733 καταδουλούμενος,
909 699 1016 734 κρατῶν

228 742 256 768 δὲ
271 742 362 778 νόμοις
384 742 596 778 φιλανθρωπίας,
613 744 718 779 εὐήνιόν
733 753 763 770 τε
781 744 831 779 τὴν
855 743 942 780 ἀρχὴν
968 743 1016 770 καὶ

229 787 392 814 πολύευκτον
408 788 492 815 ἅπασι
517 789 573 819 τοῖς
593 788 755 824 ἀρχομένοις
768 788 1013 824 κατεργαζόμενος,

1365 431 1477 459 CAPUT
1493 431 1540 459 IX.

1070 489 1157 522 Quod,
1165 488 1202 523 pii
1225 478 1394 522 {inperatoris
1411 487 1642 522 ﬁliusﬁmpmum
1662 487 1726 522 ﬁlii:
1739 487 1851 522 reliquit.

1104 555 1237 583 Caeterum
1256 562 1308 580 non
1331 553 1357 580 id
1373 553 1466 580 verbis
1481 553 1591 587 quidem
1613 553 1748 588 prmstitit,
1761 561 1790 580 re
1803 561 1852 580 au-

1070 606 1123 629 tem
1144 602 1200 635 ipsa
1215 600 1363 627 frustratus
1378 603 1432 626 est.
1449 599 1501 626 Sed
1519 598 1546 626 in
1562 599 1634 626 omni
1650 607 1749 634 genere
1765 600 1852 625 virtu—

1069 649 1106 675 tis
1118 652 1204 675 semet
1225 653 1367 678 exercens,
1390 645 1474 672 variis
1494 645 1602 679 pietatis
1620 644 1752 672 tractibus
1771 645 1853 672 abun-

1069 693 1162 725 davit,
1191 693 1293 719 amicos
1320 691 1429 726 quidem
1452 690 1607 726 ingentibus
1639 691 1776 718 beneﬂciis
1799 690 1852 718 sibi

1069 739 1224 767 deviuciens
1234 758 1241 771 ,
1258 738 1379 766 Subditos
1393 745 1459 766 vero
1473 738 1623 765 clementiae
1643 737 1745 772 legibus
1759 737 1852 764 mode-

1068 795 1142 818 rans,
1157 792 1184 814 et
1211 787 1355 820 imperium
1381 793 1458 813 suum
1487 785 1623 822 placidum
1646 785 1754 812 cunctis
1772 789 1852 819 atque

227 834 314 860 εἰσότε
342 833 434 861 λοιπὸν
463 835 581 869 μακραῖς
611 834 745 869 περιόδοις
767 834 836 861 ὲτῶν
859 834 1012 869 κεκμηκότα

1068 832 1185 866 optabile
1208 831 1350 865 exhibens,
1370 833 1455 859 donec
1469 835 1530 866 post
1549 830 1629 865 longa
1643 838 1773 858 annorum
1789 837 1852 857 cur-

227 879 308 906 αὐτὸν
327 879 409 912 θείοις
422 880 509 907 ἄθλων
528 880 626 914 ἀγῶσι,
652 880 788 916 βραδείοις
812 879 961 910 ἀθανασίας
983 879 1013 905 ὃν

228 924 318 959 ὲτίμα,
335 924 401 957 Θεὸς
411 925 624 961 ἀναδησάμενος,
639 925 739 961 θνητῆς
754 926 786 951 ὲκ
802 924 937 960 βασιλείας
966 925 1012 950 ἐπὶ

226 970 275 1006 τὴν
293 972 358 1006 παρ’
371 971 454 997 αὑτοῦ
469 972 568 1006 ψυχαῖς
581 972 669 1003 ὁσίαις
679 971 894 1007 τιταμιευμένην
907 970 1013 997 ἀτελεύ-

225 1024 307 1051 τητον
321 1015 393 1051 ζωὴν
410 1018 606 1052 μετεστήσατο.
631 1017 740 1052 τριττὴν
757 1016 858 1043 παίδων
870 1015 950 1051 γονὴν
962 1015 1012 1050 τῆς

227 1061 315 1097 ἀρχῆς
330 1062 450 1096 διάδοχον
466 1063 584 1098 ἐγείρας.
602 1062 680 1089 Οὕτω
694 1062 726 1098 δὴ
736 1062 782 1090 καὶ
795 1061 888 1098 θρόνος
901 1061 950 1096 τῆς
965 1061 1013 1096 βα-

227 1108 329 1140 σιλείας
354 1108 487 1143 πατρόθεν
506 1109 555 1143 μὲν
576 1109 616 1140 εἰς
637 1108 718 1134 αὑτὸν
743 1107 848 1143 κατῄει,
867 1106 960 1142 θεσμῷ
983 1106 1011 1132 δὲ

226 1153 344 1188 φύσεως,
358 1154 435 1180 παισὶ
449 1154 495 1180 καὶ
518 1155 575 1185 τοῖς
590 1153 691 1180 τούτων
702 1153 822 1187 ἐκγόνοις
842 1152 1010 1187 ὲταμιεύετο,

225 1201 266 1232 εἰς
276 1201 372 1236 ἀγήρω
382 1209 412 1226 τε
428 1200 521 1236 χρόνον
537 1197 581 1226 οἷά
592 1209 633 1232 τις
648 1199 772 1234 πατρῷος
784 1198 933 1234 ὲμηκύνετο
947 1198 1012 1233 κλῆ-

229 1254 283 1281 ρος.
297 1246 363 1277 Θεὸς
388 1246 436 1281 μὲν
459 1243 504 1272 οὖν
529 1246 608 1273 αὐτὸν
627 1245 673 1272 καὶ
687 1245 733 1271 σὺν
752 1245 816 1279 ἡμῖν
833 1244 872 1270 ἔτι
885 1244 947 1270 ὄντα
967 1243 1011 1269 τὸν

229 1291 360 1327 μακάριον
373 1291 551 1327 θεοπρεπέσιν
562 1290 670 1325 ὑψώσας
680 1291 782 1326 τιμαῖς,
791 1290 837 1316 καὶ
844 1289 1013 1316 τελευτῶντα

226 1339 368 1374 κοσμήσας
381 1337 529 1374 ἐξαιρέτοις
542 1340 598 1370 τοῖς
613 1339 677 1374 παρ’
691 1336 773 1364 αὐτοῦ
786 1337 1010 1372 πλεονεκτήμασι,

227 1385 325 1419 γένοιτ’
332 1385 364 1411 ἂν
375 1384 456 1412 αὐτοῦ
467 1385 513 1411 καὶ
523 1385 656 1420 γραφεὺς,
663 1384 759 1417 πλαξὶν
769 1382 1012 1421 οὐρανίωνστηλῶν

226 1431 289 1462 τοὺς
311 1430 364 1458 τῶν
393 1430 474 1457 αὐτοῦ
496 1430 716 1467 κατορθωμάτων
735 1430 831 1462 ἄθλους
848 1429 903 1465 (27)
920 1428 1012 1455 ἀνατι-

227 1475 294 1509 θείς.

227 1528 289 1558 ptor
311 1523 394 1551 fuerit
418 1523 546 1555 idoneus;
573 1523 673 1558 quippe
695 1523 739 1558 qui
763 1523 910 1550 certamina
939 1522 1011 1550 illius

227 1569 384 1598 secraverit.

492 1616 689 1643 ΚΕΦΛΛΑΙΟΝ
719 1616 747 1642 ιν.

227 1661 297 1695 Περὶ
309 1660 363 1689 τοῦ
376 1661 423 1689 καὶ
437 1661 604 1695 ἀναγκαίαν
623 1659 699 1688 εἶναι
717 1660 767 1688 καὶ
778 1661 943 1697 ψυχωφελῆ
957 1660 1015 1696 τὴν

309 1704 311 1706 ·
484 1697 620 1730 ἱστορίαν
634 1696 758 1730 ταύτην.

268 1743 345 1778 Ἐμοὶ
359 1743 381 1768 δ’
396 1743 419 1769 εἰ
433 1743 479 1769 καὶ
491 1743 521 1768 τὸ
534 1743 622 1776 λέγειν
635 1741 744 1774 ὲπάξιόν
757 1751 783 1769 τι
799 1742 849 1778 τῆς
861 1742 906 1769 τοῦ
920 1743 1015 1779 ἀνδρὸς

230 1789 427 1824 μακαριότητος
440 1788 541 1823 ἄπορον
561 1787 697 1823 τυγχάνει,
712 1788 742 1814 τό
762 1796 792 1814 τε
810 1790 913 1823 σιωπᾷν
928 1789 1015 1823 ἀσφα-

227 1834 273 1866 λὲς
297 1835 343 1861 καὶ
371 1834 521 1865 ἀκίνδυνον,
548 1834 622 1869 ὅμως
644 1834 801 1867 ἀναγκαῖον,
830 1834 943 1869 μιμήσει
965 1835 1014 1870 τῆς

229 1880 339 1917 θνητῆς.
349 1879 541 1915 σκιαγραφίας,
566 1879 615 1915 τὴν
631 1878 675 1906 διὰ
689 1879 775 1912 λόγων
791 1880 882 1906 εἰκόνα
896 1880 942 1906 τοῦ
956 1880 1012 1906 θεο-

228 1924 321 1958 φιλοῦς
335 1925 472 1951 ἀναθεῖναι
490 1924 595 1959 μνήμῃ,
619 1923 698 1951 ὄκνου
715 1924 761 1950 καὶ
774 1923 873 1959 ἀργίας
889 1925 1014 1958 ἀφοσιου-

230 1971 326 2006 μένους
335 1969 478 2005 (28)ἐγκλη
484 1978 530 2005 μα.
539 1969 663 2005 Αίσχυνοί
666 1978 719 2005 μην
727 1969 780 2004 γὰρ
788 1970 819 1996 ἂν
826 1970 941 2004 ἐμαυτὸν
948 1970 1012 2005 (29),

228 2018 252 2044 εἰ
267 2017 303 2052 μὴ
315 2016 349 2043 τὰ
363 2016 434 2043 κατὰ
457 2016 581 2051 δύναμιν,
598 2016 648 2042 κᾶν
666 2015 772 2050 σμικρὰ
819 2017 904 2043 ταῦτα
918 2017 963 2042 καὶ
974 2017 1015 2042 εὐ-

227 2062 302 2097 τελῆ,
318 2062 356 2097 τῷ
370 2063 420 2089 ὑπε
425 2062 505 2098 ρ6ολῇ
517 2061 656 2093 εὐλαϐείας
666 2062 732 2088 Θεὸν
742 2063 899 2097 τετιμηκότι
911 2071 941 2088 συ
946 2063 1015 2097 μϐα-

228 2108 337 2144 λοῦμαι.
354 2107 436 2144 Οἶμαι
447 2108 475 2134 δὲ
488 2108 535 2134 καὶ
551 2107 638 2139 ἄλλως
656 2108 784 2142 βιωφελὲς
805 2108 851 2134 καὶ
868 2109 1014 2142 ἀναγκαῖον

230 2155 337 2182 ἕπεσθαί
368 2164 413 2191 μοι
439 2154 468 2181 τὸ
491 2154 618 2190 γράμμα,
642 2155 844 2191 περιλαμϐάνον
872 2155 1015 2191 βασιλικῆς

231 2201 404 2236 μεγαλονοίας
418 2200 539 2236 πράξεις,
555 2201 613 2236 Θεῷ
626 2201 664 2236 τῷ
674 2201 840 2237 παμϐασιλεῖ
852 2202 1014 2237 κεχαρισμέ-

233 2256 286 2279 νας.
300 2245 339 2274 Ἦ
351 2247 405 2282 γὰρ
427 2248 477 2274 οὐκ
495 2247 615 2282 αἰσχρὸν,
633 2247 758 2283 Νέρωνος
772 2247 820 2282 μὲν
835 2248 884 2283 τὴν
905 2248 1014 2282 μνήμην

232 2293 276 2320 καὶ
287 2293 339 2320 τῶν
363 2293 456 2320 τούτου
470 2292 567 2328 μακρῷ
581 2293 708 2328 χειρόνων
726 2292 863 2319 δυσσεϐὦν
877 2301 956 2319 τινων
968 2293 1014 2319 καὶ

1067 878 1173 910 ricula,
1201 878 1272 905 Dens
1295 885 1375 912 quem
1401 877 1540 908 coluerat,
1563 877 1647 904 variis
1671 877 1744 904 illum
1764 881 1852 904 certa-

1066 926 1185 952 minibus
1209 925 1344 953 defessum
1382 925 1591 953 immortalitatis
1614 925 1734 959 praemiis
1762 932 1852 952 remu—

1067 977 1195 1004 neratus,
1216 979 1248 998 ex
1271 971 1379 998 mortali
1400 978 1482 1005 regno
1508 971 1541 998 ad
1566 971 1745 998 immortalem
1768 972 1851 998 vitam

1066 1017 1169 1045 sanctis
1198 1017 1295 1045 animis
1327 1018 1397 1052 apud
1425 1025 1454 1045 se
1485 1023 1662 1052 praeparatam
1688 1017 1849 1050 transtulit;

1067 1062 1146 1089 trium
1172 1062 1319 1090 liberorum
1342 1062 1449 1094 sobole.
1470 1065 1514 1096 qui
1530 1063 1555 1089 in
1581 1062 1694 1096 imperio
1710 1062 1735 1089 ei
1759 1070 1852 1090 succe-

1066 1109 1180 1141 derent,
1197 1110 1324 1135 excitata.
1341 1108 1369 1135 In
1396 1108 1468 1136 hunc
1492 1109 1572 1143 igitur
1593 1109 1702 1136 modum
1724 1109 1852 1144 imperia-

1065 1155 1099 1181 lis
1123 1155 1240 1189 dignitas
1257 1163 1271 1182 ο
1299 1160 1376 1190 patre
1394 1155 1503 1190 quidem
1527 1155 1684 1184 transmissa
1708 1156 1741 1183 ad
1763 1156 1850 1190 ipsum

1065 1201 1205 1235 pervenit;
1226 1200 1287 1234 jure
1304 1206 1392 1228 autem
1413 1205 1516 1227 natura:
1535 1200 1627 1228 liberis
1652 1208 1685 1228 ac
1709 1201 1850 1235 nepotibus

1065 1252 1184 1278 servata,
1216 1250 1243 1273 et
1269 1246 1296 1272 in
1322 1251 1479 1280 perpetuum
1506 1247 1633 1281 deinceps
1657 1251 1784 1281 tanquam
1804 1254 1850 1281 pa-

1066 1296 1142 1319 terna
1154 1292 1283 1326 {tutandam
1303 1292 1446 1319 haereditas
1470 1298 1614 1328 propagata
1637 1297 1688 1320 est.
1710 1294 1749 1320 Ae
1779 1292 1850 1320 Deus

1065 1337 1173 1372 quidem
1185 1337 1305 1372 ipse,qui
1320 1337 1503 1365 beatissimum
1513 1337 1586 1364 illum
1599 1338 1746 1373 principem
1763 1338 1850 1365 adhuc

1065 1383 1206 1411 nobiscum
1219 1383 1245 1410 in
1262 1383 1342 1411 terris
1358 1388 1481 1418 agentem
1493 1384 1590 1412 divinis
1605 1385 1753 1412 honoribus
1767 1384 1850 1412 subli-

1065 1430 1159 1462 mavit,
1170 1431 1347 1465 eumdemque
1361 1431 1521 1458 morientem
1534 1431 1631 1458 eximia
1647 1431 1764 1466 quadam
1779 1439 1849 1465 pra:-

1066 1476 1188 1511 rogativa
1209 1475 1349 1511 dignitatis
1365 1478 1490 1510 ornavit,
1506 1477 1580 1504 solus
1595 1477 1657 1504 vita
1683 1477 1756 1504 illius
1778 1477 1849 1504 scri-

1039 1529 1137 1557 resque
1157 1522 1287 1557 praeclare
1315 1528 1403 1557 gestas
1427 1523 1454 1550 in
1485 1523 1641 1551 coelestibus
1664 1524 1761 1551 tabulis
1782 1531 1846 1552 con-

1027 1619 1048 1649 c
1226 1597 1230 1601 ’
1378 1613 1490 1642 CAPUT
1505 1613 1540 1641 x.

1068 1660 1143 1693 Quod
1171 1660 1283 1687 historia
1312 1661 1368 1687 lucc
1399 1660 1562 1690 necessaria,
1582 1665 1607 1686 et
1636 1660 1670 1686 ad
1699 1660 1851 1692 formandas

1333 1703 1417 1722 "tores
1442 1695 1516 1721 utilis
1544 1695 1587 1721 sit.

1101 1741 1158 1777 Ego
1169 1750 1233 1770 vero
1250 1741 1357 1768 tametsi
1381 1740 1447 1768 tanti
1466 1741 1574 1775 quidem
1595 1741 1646 1768 viri
1664 1740 1793 1768 felicitate
1809 1741 1851 1768 di-

1066 1795 1148 1822 gnum
1174 1788 1313 1822 quidpiam
1339 1789 1429 1815 dicere
1445 1785 1551 1814 diﬂicile
1570 1788 1713 1814 admodum
1734 1795 1793 1815 esse
1810 1788 1852 1814 in-

1065 1833 1195 1868 telligam,
1213 1833 1293 1860 silere
1309 1840 1398 1861 autent
1419 1840 1503 1862 tutum
1520 1842 1550 1861 ac
1575 1834 1698 1867 periculo
1713 1841 1828 1861 vacuum
1845 1844 1850 1861 :

1066 1879 1250 1906 necessarium
1280 1880 1458 1907 nihilominus
1482 1885 1547 1915 puto
1575 1880 1851 1915 piissimiiprincipis

1065 1925 1220 1959 imaginem,
1249 1925 1373 1960 exemplo
1403 1925 1524 1953 mortalis
1551 1926 1679 1960 picturae,
1706 1926 1850 1953 verborum

1066 1970 1201 1997 coloribus
1223 1977 1380 2005 expressam
1406 1971 1438 1998 ad
1461 1971 1655 2005 sempiternam
1679 1974 1849 2006 posterorum

1065 2018 1223 2044 memoriam
1248 2025 1421 2051 consecrare,
1447 2021 1475 2045 ut
1501 2017 1611 2044 desidiae
1640 2022 1721 2052 atque
1747 2018 1850 2045 inertiae

1065 2063 1167 2090 crimen
1182 2063 1260 2099 41],
1277 2072 1291 2091 a
1308 2065 1386 2092 nobis
1402 2063 1579 2098 depellamus.
1592 2063 1633 2091 Me
1647 2064 1717 2091 enim
1729 2065 1849 2100 profecto

1065 2109 1177 2143 puderet
1191 2110 1241 2136 mei
1257 2110 1353 2144 ipsius,
1369 2110 1420 2137 nisi
1437 2118 1544 2138 omnem
1574 2118 1660 2136 meam
1687 2110 1848 2137 industriam

1065 2163 1097 2181 ac
1111 2154 1280 2187 facultatem,
1290 2155 1353 2182 licet
1364 2155 1507 2183 admodum
1524 2156 1590 2183 levis
1598 2156 1632 2183 sit
1647 2161 1727 2190 atque
1741 2156 1848 2190 exigua,

1065 2200 1092 2227 in
1120 2201 1191 2228 hunc
1216 2201 1261 2234 qui
1279 2201 1399 2228 divinum
1424 2201 1529 2228 Numen
1557 2209 1663 2229 summa
1677 2201 1848 2230 observantia

1067 2253 1209 2274 veneratus
1236 2251 1287 2279 est,
1304 2247 1467 2275 conferrem.
1493 2248 1545 2276 Sed
1569 2253 1597 2276 et
1621 2249 1655 2277 ad
1679 2255 1848 2276 communem

1068 2293 1209 2320 hominum
1229 2295 1311 2320 vitam
1327 2294 1403 2328 utile,
1418 2294 1537 2329 mihique
1552 2295 1578 2322 in
1601 2294 1697 2330 primis
1721 2301 1848 2321 necessa-

266 2371 321 2411 (26)
336 2370 447 2411 Εἶτ’.οὺ
463 2371 573 2405 λόγοις.
590 2370 630 2397 Ab
646 2371 687 2411 his
707 2372 798 2398 verbis
812 2376 892 2411 caput
908 2372 1012 2399 orditur

1065 2372 1147 2411 :Savil.
1161 2377 1187 2399 et
1203 2372 1284 2411 Ευιίη
1298 2373 1425 2411 scribitur
1441 2371 1661 2411 ᾲφοσιουμένους.
1685 2372 1731 2411 Est
1759 2376 1847 2398 autem

232 2406 330 2443 Begillﬁ
358 2407 556 2443 codex._qnem
574 2413 630 2443 _no_s
657 2406 775 2443 libenter
792 2406 878 2443 secuti
908 2414 1011 2443 sumus.

230 2442 319 2476 Codex
333 2449 439 2476 quoque
453 2440 519 2468 Fuk.
536 2440 580 2474 qui
597 2441 707 2475 singulis
718 2442 851 2474 capitibus
867 2449 930 2469 suos
949 2440 1012 2469 titti—

231 2475 271 2502 los
284 2476 352 2503 solet
367 2475 516 2511 praeﬁgere,
537 2476 570 2502 ab
590 2476 683 2502 iisdem
699 2476 790 2503 verbis
811 2481 891 2510 caput
905 2477 1013 2503 αξιοι-ιιί-

232 2516 285 2537 tur.
301 2511 426 2538 Eamdem
443 2511 559 2545 denique
576 2511 723 2538 sectionem
735 2511 823 2545 reperi
837 2511 862 2537 in
877 2512 1013 2539 veteribus

233 2546 340 2572 schedis
357 2546 528 2573 bibliothecae
544 2545 643 2578 ltegize.

267 2580 323 2615 (27)
339 2581 575 2615 Κατορθωμάτων
593 2580 715 2613 ἄθλους.
740 2580 820 2607 Deest
840 2587 892 2607 vox
918 2581 1013 2608 ἀνατι-

231 2615 298 2647 θείς,
311 2623 391 2649 quam
408 2616 433 2642 iu
450 2616 539 2643 Morari
558 2615 626 2642 libro
639 2617 671 2641 ad
695 2615 842 2649 marginem
866 2617 1012 2649 aseriptanl

231 2650 333 2678 inveni.
349 2650 377 2677 In
389 2651 497 2678 sehedis
512 2656 600 2678 autem
615 2650 706 2685 Regiis
722 2655 783 2684 post
795 2658 888 2677 vocem
904 2650 1010 2682 ἄθλους,

232 2687 290 2712 haec
303 2686 439 2721 adduntur
449 2686 486 2721 ad
499 2686 656 2720 marginem,
677 2686 718 2717 εἰς
737 2686 858 2720 μακροὺς
878 2686 1012 2721 ἐγχαράτ-

231 2729 284 2748 των
301 2719 412 2751 αἰῶνας.
438 2720 502 2753 Quae
529 2719 650 2755 profecto
675 2719 844 2755 nequaquam
869 2719 1012 2753 rejicienda

231 2756 297 2782 mihi
315 2755 449 2786 videntur,
465 2756 521 2782 sive
534 2763 567 2782 ex
581 2755 748 2788 conjectura,
765 2757 820 2781 sive
840 2764 873 2782 ex
895 2755 948 2781 alio
965 2763 1011 2782 co-

231 2792 298 2849 digci
316 2789 474 2824 deprompta
487 2790 550 2818 sint.
564 2790 655 2818 Codex
669 2795 759 2817 tamen
775 2790 843 2816 Fuk.
859 2791 940 2817 habet
949 2791 1012 2817 ἀνα-

231 2835 254 2849 τι
274 2834 285 2849 Ξ
300 2833 324 2849 ξ.

230 2826 324 2856 τιθείς.

267 2859 322 2894 (‘28)
348 2858 425 2894 Vulg.
467 2860 713 2894 Agema-meream.
746 2859 775 2887 In
805 2861 881 2888 codd.
919 2859 1012 2896 Regio,

1066 2408 1125 2434 haec
1153 2408 1241 2435 oratio
1280 2407 1483 2442 σολοικοφανής.
1512 2407 1659 2434 Dicendum
1689 2407 1760 2442 enim
1791 2411 1849 2433 erat

1065 2442 1264 2477 ἀφοσιουμένῳ,
1281 2444 1303 2469 si
1322 2441 1466 2469 emendate
1479 2442 1551 2476 loqui
1566 2441 1703 2470 voluisset.
1721 2441 1748 2468 ln
1773 2446 1847 2468 vete-

1066 2478 1140 2503 ribus
1163 2478 1270 2505 schedis
1301 2477 1399 2512 legitur
1432 2477 1646 2512 ἁφωσιωμένου,
1678 2483 1704 2504 et
1737 2485 1778 2513 νῳ
1801 2483 1848 2502 su-

1065 2519 1141 2546 pcrse
1147 2513 1243 2545 riptum
1256 2516 1306 2539 est.

1103 2546 1159 2582 (29)
1175 2547 1382 2581 Αἱσχυνοίμην
1401 2545 1455 2580 γὰρ
1470 2545 1508 2572 ἂν
1523 2545 1663 2582 ἐμαυτόν.
1685 2546 1741 2572 Vox
1761 2547 1848 2581 ἐμαυ-

1067 2581 1112 2608 τόν
1131 2580 1294 2615 transposna
1309 2589 1367 2608 esse
1383 2582 1501 2612 videtur,
1521 2586 1549 2608 et
1561 2580 1674 2607 inferius
1693 2580 1846 2608 collocanda

1068 2617 1117 2642 hoc
1137 2617 1226 2645 modo.
1240 2616 1418 2651 αἰσχυνοίμην
1444 2615 1556 2651 γὰρᾶν,
1571 2616 1595 2641 εἰ
1609 2615 1646 2651 μὴ
1663 2615 1698 2642 τὰ
1718 2616 1788 2642 κατὰ
1798 2615 1848 2650 τὴν

1066 2650 1186 2686 ἐμαυηςοῦ
1211 2650 1335 2685 δύναμιν,
1364 2657 1416 2677 rtc.
1444 2650 1527 2686 Paulo
1542 2656 1600 2684 post
1618 2650 1676 2685 lego
1700 2659 1733 2677 ex
1755 2651 1848 2677 codice

1066 2685 1133 2713 Fuk.
1148 2685 1193 2721 Τῷ
1206 2685 1495 2721 ὑπερϐολῇγεωαὸείας
1509 2685 1574 2712 Θεὸν
1588 2685 1756 2720 τετιμηκότι,
1770 2686 1810 2712 vel
1825 2687 1847 2712 si

1066 2721 1144 2748 malis
1162 2720 1201 2756 τῷ
1216 2721 1249 2747 δι’
1262 2720 1426 2756 ὑπερῆολήν,
1443 2720 1472 2746 ln
1487 2721 1624 2756 veteribus
1636 2721 1742 2747 schcdis
1752 2721 1848 2756 bibliof

1066 2757 1151 2783 theme
1162 2755 1251 2790 Regia:
1262 2757 1305 2783 hic
1317 2759 1392 2782 locus
1403 2757 1437 2781 ita
1449 2755 1586 2789 suppletur
1596 2756 1629 2782 ad
1639 2757 1776 2787 quu'ginen
1787 2755 1848 2790 ιΤῷ

1067 2792 1254 2826 πάντας-ἡμᾶς
1267 2791 1300 2817 δι’
1317 2790 1468 2827 ὑπερϐολὴν
1485 2790 1626 2821 εὐλαϐείας
1648 2791 1714 2817 Θεοῦ
1737 2799 1848 2827 τετιμη-

1068 2827 1135 2853 κότι.
1152 2827 1227 2860 Quod
1239 2827 1364 2860 equidem
1383 2826 1458 2852 valde
1473 2826 1566 2860 prebo.
