2013 3179
193 121 249 152 923

546 122 681 152 EUSEBH
700 123 941 153 CESARIENSIS
959 124 1035 154 OPP.
1057 124 1148 152 PARS
1167 125 1188 152 l'.
1207 140 1247 146 —-
1261 123 1458 152 HISTOB‘ICA‘.

1769 118 1822 146 9N

196 182 266 210 rium
285 181 338 209 hoc
355 188 423 216 opus
435 181 494 209 fore
509 181 628 215 confido,
641 188 694 215 quo
710 183 913 217 generosissimi
924 183 976 210 im-

1031 182 1116 210 ὰθέων
1129 183 1278 218 τυράννων,
1293 182 1398 209 ἀόκνων
1423 180 1570 216 εὐτυχῆσαι
1590 178 1780 214 συγγραφέων,
1796 177 1822 204 οἱ

195 228 330 261 peratoris
354 234 398 254 res
425 231 524 263 gesta,
549 234 656 254 summo
675 229 795 255 omnium
824 228 981 263 imperatori

196 275 251 301 Deo
271 277 408 307 accepta,
437 273 715 307 comprehenduntur.
743 273 886 307 Quomodo
909 274 982 302 enim

196 324 275 354 turpe
286 326 339 346 non
350 318 442 350 fuerit,
457 318 571 346 Neronis
585 318 694 353 quidem
712 324 739 346 et
751 319 866 347 aliorum
887 320 983 354 impio-

196 373 256 393 run
267 370 444 401 tyrannorum
460 365 506 398 qui
520 365 599 399 longe
620 365 665 392 illo
687 365 840 394 deteriores
861 366 981 399 fuerunt,

195 411 333 439 memoriae
351 419 404 439 non
432 411 552 438 defuisse
577 411 800 446 diligentissimos
823 413 981 447 scriptores,

193 458 240 494 qui
259 457 330 484 mala
345 462 502 492 argumenta
525 457 642 493 eleganti
661 465 786 485 sermone
807 464 983 491 exornantes,

194 502 348 531 numerosis
372 503 549 531 historiarum
566 503 749 531 voluminibus
776 504 958 532 condiderunt
975 513 982 532 :

193 556 245 577 nos
261 556 326 576 vero
340 549 432 581 silere.
443 549 541 584 quibus
556 550 627 576 Deus
644 549 778 584 ejusmodi
793 549 982 585 imperatorem

193 595 302 629 qualem
316 596 389 623 nulla
405 603 524 630 unquam
536 600 602 622 mtas
616 596 683 622 vidit
702 596 833 627 nancisci,
845 600 872 623 et
885 596 911 622 in
927 596 984 630 ejus

193 646 381 676 conspectum,
389 642 511 669 notitiam
518 649 549 668 ac
556 641 718 676 colloquium
727 642 869 676 pervenire
876 649 986 670 conces-

193 687 243 716 sit?
251 687 434 721 Quamobrem
452 688 474 715 si
493 687 617 722 cuiquam
631 687 724 719 alteri,
741 687 820 714 nobis
833 692 906 715 certe
916 696 985 723 prae-

193 734 275 768 cipue
288 733 426 766 convenit,
438 737 466 760 ut
483 737 523 760 tot
537 741 568 760 ac
577 737 652 761 tanta
665 741 724 767 quae
737 733 890 760 audivimus
901 733 982 765 bona,

194 780 229 806 iis
242 779 407 812 nuntiemus,
431 786 548 813 quorum
578 783 682 806 mentes
708 779 842 806 bonorum
870 786 983 813 operum

192 823 318 857 exemplo
332 824 365 849 ad
379 830 498 850 antorem
509 823 555 850 Dei
569 824 734 850 excitantur.
748 822 855 858 Quippe
865 823 909 851 alii
925 823 985 858 qui-

194 869 256 894 dem
270 869 352 895 vitam
363 868 502 896 hominum
523 869 634 896 minime
650 869 783 905 gravium,
797 874 825 897 et
836 877 880 897 res
893 873 983 903 gestas

194 914 230 941 ad
247 921 351 941 morum
369 914 586 942 emendationem
601 923 715 950 prorsus
729 915 851 948 inutiles,
865 919 912 942 aut
924 923 983 950 gra-

195 959 250 989 tia.
276 963 323 985 aut
341 959 403 986 odio
431 960 622 993 quorumdam,
647 964 693 987 aut
709 961 749 987 ad
771 961 902 988 doctrinae
927 969 982 988 suae

191 1003 403 1031 ostentationem
419 1004 540 1032 scribere
551 1003 685 1038 aggressi,
701 1005 919 1040 turpissimorum
934 1005 982 1032 ria-

194 1049 322 1084 gitiorum
334 1050 518 1078 narrationem
535 1050 679 1085 magniﬁco
694 1051 840 1078 verborum
853 1057 981 1086 apparatu

193 1096 272 1124 aliter
285 1103 366 1131 quam
381 1096 471 1124 decuit
495 1096 716 1131 amplificarunt,
735 1097 768 1125 iis
790 1098 835 1132 qui
851 1098 980 1133 singulari

193 1143 241 1170 Dei
253 1143 383 1170 beneficio
398 1143 528 1169 malorum
542 1147 666 1178 expertes
679 1142 793 1176 fuerant,
803 1144 979 1178 pessimorum

191 1197 304 1224 operum
316 1193 343 1216 et
360 1196 420 1223 quae
441 1189 577 1216 oblivione
591 1197 623 1217 ac
638 1189 756 1217 tenebris
770 1189 868 1217 involvi
881 1190 980 1219 debue-

190 1240 264 1268 rant,
278 1236 421 1268 magistros
434 1242 463 1261 se
473 1235 633 1270 praebentes.
649 1236 690 1262 -Αι
709 1235 786 1264 nobis
807 1236 896 1264 oratio
919 1237 980 1272 qui-

1032 229 1064 265 δὴ
1091 228 1200 263 φαύλων
1225 228 1367 260 ὑποθέσεις
1391 227 1538 264 δραμάτων
1567 225 1699 262 ἑρμηνεία
1728 224 1821 260 κομψῇ

1032 274 1260 306 καλλωπίσαντες,
1273 273 1440 305 πολυδίϐλοις
1452 273 1585 308 ἀνέθηκαν
1600 271 1740 307 ἱστορίαις,
1749 270 1823 306 ἡμᾶς

1032 319 1060 346 δὲ
1077 321 1194 355 σιωπᾷν,
1206 319 1253 352 οὓς
1266 320 1333 351 Θεὸς
1351 319 1432 351 αὐτὸς
1449 318 1567 354 τοσούτῳ
1581 317 1751 352 συγκυρήσαι
1771 316 1820 351 βα-

1034 366 1113 396 σιλεῖ.
1126 363 1182 393 οἷον
1190 367 1203 392 ὁ
1215 366 1325 401 σύμπας
1337 367 1385 401 οὺχ
1401 365 1541 400 ἱστόρησεν
1556 363 1623 391 αἰὼν
1634 362 1751 398 (50),,είς
1760 362 1822 397 δψιν

1033 420 1062 438 τε
1078 412 1125 438 καὶ
1133 412 1232 446 γνῶσιν
1244 411 1336 443 αὐτοῦ,
1357 411 1404 438 καὶ
1416 410 1523 446 ὁμιλίαν
1537 410 1623 439 ἐλθεῖν
1635 408 1820 444 κατηξίωσεν;

1033 457 1079 483 Διὸ
1090 458 1225 493 προσήκοι
1236 457 1289 492 (51)
1307 457 1340 483 ἂν
1355 456 1382 482 εἴ
1396 465 1465 483 τισιν
1477 455 1576 488 ἄλλοις,
1585 455 1632 483 καὶ
1646 455 1710 490 ἡμῖν
1717 454 1820 486 αὐτοῖς,

1033 502 1143 537 ἀγαθῶν
1154 502 1267 537 ἄφθονον
1291 502 1376 538 ἀκοὴν
1390 501 1534 537 κηρύττειν
1558 501 1668 533 ἅπασιν,
1682 498 1723 532 οἷς
1735 501 1752 536 ή
1767 500 1823 527 τῶν

1034 548 1124 576 καλῶν
1138 549 1254 584 μίμησις
1273 549 1341 585 πρὸς
1362 548 1411 575 τὸν
1428 548 1499 574 θεῖον
1523 547 1612 584 ἔρωτα
1631 546 1825 582 διεγείρει-τὸυ

1034 595 1126 622 πόθον.
1142 595 1173 621 Οί
1186 595 1234 630 μὲν
1248 594 1302 630 γὰρ
1318 594 1372 630 (52)
1389 594 1462 629 βίους
1475 592 1588 629 ἀνδρῶνΔ
1597 593 1627 619 οὺ
1646 592 1760 628 σεμνῶν,
1774 593 1823 618 καὶ

1035 641 1148 676 πράξεις
1161 641 1229 677 πρὸς
1241 641 1315 676 ὴθῶν
1335 640 1478 675 βελτίωσιν
1489 638 1665 672 ἀλυσιτελεῑς,
1680 639 1771 674 χάριτι
1786 639 1821 673 τῇ

1034 688 1101 722 πρός
1115 696 1191 719 τινας
1203 687 1221 721 ἢ
1237 687 1379 722 ἀπεχθείᾳ,
1394 686 1463 723 τάχα
1478 686 1506 712 δέ
1518 694 1569 712 που
1582 686 1629 712 καὶ
1641 685 1708 720 πρὸς
1723 684 1822 716 ἐπίδει-

1034 733 1074 766 ξιν
1104 733 1154 769 τῆς
1188 741 1263 767 σφων
1293 732 1382 758 αὐτῶν
1409 732 1576 763 παιδεύσεως
1606 731 1820 765 συναγαγόντες,

1034 778 1133 813 κόμπῳ
1162 778 1292 814 ῥημάτων
1314 776 1487 811 εὐγλωττίας,
1515 776 1634 812 αἰσχρῶν
1651 776 1821 812 πραγμάτων

1035 824 1186 860 ὑφηγήσεις
1199 824 1249 850 οὐκ
1269 824 1308 854 εἰς
1319 823 1378 849 δέον
1393 821 1627 858 ἐξετραγῴδησαν,
1649 823 1704 853 τοῖς
1719 822 1756 858 μὴ
1773 830 1816 857 με-

1035 871 1144 903 τασχεῖν
1169 869 1223 895 τῶν
1238 869 1331 896 κακῶν
1356 869 1426 896 κατὰ
1445 868 1511 895 Θεὸν
1529 868 1718 903 εὐτυχήσασιν,
1732 868 1822 903 ἔργων

1033 916 1083 942 οὐκ
1109 915 1230 950 ἀγαθῶν,
1249 915 1316 942 ἀλλὰ
1325 914 1393 950 λήθῃ
1408 915 1454 941 καὶ
1467 915 1553 946 σκότῳ
1568 914 1719 941 σιωπᾶσθαι
1738 914 1822 946 ἀξίων

1034 960 1186 988 διδάσκαλοι
1199 960 1392 991 καταστάντες,
1414 960 1490 995 Ἐμοὶ
1499 960 1526 986 δὲ
1541 961 1555 986 ὁ
1568 960 1617 996 μὲν
1630 960 1680 995 τῆς
1694 961 1820 996 φράσεως

1033 1007 1121 1042 λόγος,
1144 1008 1168 1034 εί
1191 1007 1319 1042 καὶπρὸς
1338 1007 1367 1033 τὺ
1390 1007 1502 1042 μέγεθος
1516 1007 1566 1041 τῆς
1584 1007 1638 1033 τῶν
1651 1006 1822 1042 δηλουμένων

1033 1054 1178 1088 ἐμφάσεως
1189 1053 1335 1086 ἐξασθενεῖ,
1351 1053 1520 1089 φαιδρύνοιτο
1534 1053 1599 1088 γοῦν
1613 1053 1687 1088 ὅμως
1696 1053 1743 1079 καὶ
1755 1052 1820 1089 ψιλῇ

1033 1101 1068 1135 τῇ
1080 1100 1134 1126 τῶν
1148 1099 1258 1134 ἀγαθῶν
1271 1100 1395 1135 πράξεων
1403 1100 1557 1136 ἀπαγγελίᾳ
1571 1099 1637 1135 (55)·
1651 1100 1668 1134 ἡ
1681 1099 1709 1125 δέ
1720 1107 1751 1133 γε
1764 1099 1820 1125 τῶν

1034 1138 1164 1180 θεοφιλῶν
1175 1146 1350 1181 διηγημάτων
1370 1145 1523 1181 ὑπόμνησις
1535 1145 1584 1172 οὐκ
1600 1145 1736 1180 ἀνόνητον,
1751 1145 1820 1172 ἀλλὰ

1033 1192 1080 1217 καὶ
1094 1191 1195 1227 σφόδρα
1209 1191 1328 1226 βιωφελῆ
1346 1193 1401 1223 τοῖς
1423 1191 1473 1227 τὴν
1492 1191 1580 1227 ψυχὴν
1600 1189 1629 1218 εὖ
1649 1199 1813 1227 παρεσκευα-

1034 1236 1142 1272 σμένοις
1160 1238 1294 1272 ποριεῖται
1309 1237 1358 1272 τὴν
1375 1236 1502 1270 ἔντευξιν.

190 1283 253 1309 dem
267 1282 322 1317 ipsa
343 1282 465 1317 quamvis
487 1282 603 1317 suscepti
634 1283 725 1317 operis
758 1283 937 1318 magnitudini
964 1291 1076 1319 prorsus
1097 1284 1184 1318 impar
1199 1285 1250 1319 sit,
1266 1284 1322 1312 sola
1344 1289 1433 1312 tamen
1452 1283 1695 1318 pulcherrimorum
1717 1282 1816 1310 facino~

191 1335 252 1355 rum
274 1328 428 1355 narratione
449 1328 578 1356 illustrari
599 1336 678 1363 posse
702 1329 817 1356 videtur.
837 1329 897 1364 Ipsa
921 1338 986 1358 vero
1005 1339 1116 1366 operum
1135 1332 1188 1359 Deo
1212 1335 1384 1365 acceptorum
1405 1329 1637 1363 commemoratio,
1669 1329 1702 1356 iis
1728 1329 1820 1364 utith

191 1374 238 1408 qui
253 1374 371 1402 animum
386 1379 458 1402 recte
471 1380 656 1410 comparatum
668 1375 832 1410 habuerint,
849 1384 901 1404 non
913 1377 1034 1405 inutilem
1045 1378 1092 1406 sed
1112 1378 1139 1405 in
1164 1378 1258 1413 primis
1270 1377 1434 1404 fructuosam
1457 1376 1599 1404 lectionem
1615 1376 1757 1411 praebitura
1767 1381 1820 1403 est.

497 1464 611 1492 CAPUT
630 1465 676 1492 Xl.

193 1518 270 1552 Quod
282 1520 338 1547 sola
346 1521 512 1548 Constantini
522 1526 594 1555 gesta
604 1522 707 1562 quoadd
715 1523 837 1558 pietatem
848 1524 980 1557 pertinent

474 1561 633 1583 narraturus
651 1561 694 1584 sit.

227 1608 319 1644 Itaque
353 1610 550 1645 quamplurima
568 1611 620 1638 alia
641 1620 700 1647 qum
720 1614 753 1641 de
781 1615 832 1642 hoc
858 1615 981 1649 principe

191 1654 296 1681 narrari
314 1659 426 1689 possunt
443 1663 449 1681 :
469 1656 611 1684 conflictus
635 1662 663 1684 et
683 1659 789 1693 prazlia,
804 1659 886 1687 fortia
911 1660 979 1687 faci-

191 1707 259 1726 nora
281 1704 362 1735 atque
377 1701 526 1734 victorias,
543 1706 642 1737 tropaza
659 1711 690 1730 ac
708 1704 860 1739 triumphos
878 1705 911 1732 dc
931 1705 981 1732 hov

192 1745 278 1773 stibus
294 1751 401 1781 partos,
424 1751 451 1775 et
467 1756 527 1783 qua:
541 1753 670 1783 praeterea
687 1750 720 1777 ad
737 1750 903 1785 singulorum
927 1752 980 1779 uti-

192 1790 298 1818 litatem
316 1793 350 1820 ab
364 1799 396 1820 eo
411 1794 555 1821 constituta
573 1799 652 1828 sunt;
673 1795 745 1830 leges
757 1797 789 1822 ad
810 1797 978 1824 subditorum

191 1835 273 1872 412
289 1841 317 1864 et
329 1838 481 1873 reipublica:
495 1840 665 1867 commodum
681 1841 768 1874 latas;
783 1841 850 1869 alios
862 1842 980 1877 denique

191 1883 321 1918 plurimos
336 1884 504 1919 principatus
525 1886 632 1915 labores
647 1887 681 1914 ab
704 1895 737 1915 eo
751 1888 914 1920 exantlatos.
933 1889 979 1923 qui

192 1929 219 1956 in
238 1930 357 1956 omnium
374 1937 423 1958 ore
439 1938 471 1958 ac
489 1932 618 1959 memoria
643 1938 797 1965 versantur,
815 1940 980 1968 prmtereun-

192 1974 241 2002 dos
255 1975 318 2002 mihi
335 1983 406 2003 nunc
428 1984 488 2004 esse
505 1978 624 2005 arbitror
640 1987 647 2004 :
661 1979 759 2013 quippe
776 1986 838 2005 cum
864 1979 978 2007 instituti

190 2021 281 2054 operis
299 2027 487 2055 argumentum
504 2023 649 2050 admoneat
674 2031 726 2056 me,
747 2028 776 2051 ut
797 2032 828 2051 ea
850 2025 906 2052 sola
919 2034 980 2061 quin

192 2065 225 2093 ad
239 2066 284 2093 Dei
305 2067 405 2094 cultum
422 2069 568 2103 pertinent,
588 2069 702 2097 dicendo
714 2077 744 2097 ac
758 2070 906 2098 scribendo
919 2079 979 2106 per-

191 2119 298 2146 sequar.
313 2113 445 2141 Caeterum
471 2122 532 2142 cum
553 2116 610 2143 hazc
632 2116 690 2150 ipsa
708 2124 820 2144 numero
834 2125 902 2152 pene
918 2118 980 2144 infi~

192 2157 247 2184 nita
263 2157 316 2184 sint
328 2178 337 2191 ,
350 2165 382 2185 ex
401 2159 434 2186 iis
450 2167 509 2194 qua:
520 2161 553 2187 ad
568 2161 692 2188 notitiam
713 2167 833 2189 nostram
850 2170 977 2197 pervene-

192 2204 500 2238 runt,opportunissima
511 2208 763 2242 quaequeduntaxat
776 2228 783 2241 ,
804 2214 830 2236 et
851 2214 976 2243 postero-

192 2257 250 2275 rum
278 2252 408 2278 memoria
434 2251 589 2286 dignissima
617 2255 754 2290 seligens,
779 2263 858 2290 quam
882 2260 976 2290 potero

190 2295 349 2324 brevissime
368 2305 500 2332 exponam
512 2299 664 2340 :.siquidem
679 2306 784 2337 tempus
804 2303 890 2337 ipsum
906 2303 976 2330 hanc

190 2341 318 2377 deinceps
340 2342 477 2372 licentiam
500 2345 579 2373 nobis
605 2347 747 2380 concedit,
773 2352 802 2374 ut
826 2347 975 2376 beatissimi

209 2421 353 2463 __(50)de_
369 2424 536 2463 iqrdpnaen
547 2425 628 2453 αιών.
645 2426 674 2454 In
691 2426 784 2455 codice
806 2427 890 2463 Regio
904 2428 975 2455 scri-

189 2456 266 2496 bitu_r_
274 2456 472 2496 ,ούχλίστόρησε
489 2460 593 2496 χρόνος.

225 2492 283 2527 (51)
300 2492 520 2530 Διὸνςτροσήκὸΐ.
546 2497 586 2522 Ab
610 2495 653 2523 his
685 2495 776 2522 verbis
799 2503 860 2530 cap.
884 2495 914 2522 Η
935 2495 975 2522 in-

189 2527 289 2565 clinant
306 2529 386 2565 codd.
408 2529 508 2565 ltegius
523 2536 549 2556 et
565 2529 634 2558 Fuk.
649 2534 676 2557 et
691 2531 797 2557 schedze
810 2527 909 2565 lii-piro.

225 2562 328 2600 (3‘2)701
342 2564 400 2598 μὲν
418 2564 482 2599 γάρ.
501 2565 657 2600 Scriptores
685 2566 745 2592 illos
770 2562 903 2600 intelligit,
925 2565 971 2600 qui

189 2596 304 2636 Neronis
315 2596 472 2636 et—alior'nl'n
500 2596 675 2636 tyrannorum
698 2608 741 2628 res
762 2596 974 2634 gestas'mcnio-

191 2633 238 2671 [ire
255 2634 459 2666 mandaverant,
477 2633 624 2669 de'quihns
637 2636 716 2671 paulo
729 2633 792 2663 ante
805 2637 909 2662 locutus
923 2641 973 2662 est.

191 2667 272 2704 [tecte
293 2676 358 2704 ergo
373 2667 644 2704 Christopho'rsonus'
657 2674 737 2698 vertit
752 2680 758 2698 :
781 2679 844 2698 nam
858 2671 907 2701 illi.
921 2676 973 2698 etc.

190 2701 403 2741 Portesiusfvero
417 2701 608 2740 interpretatur
620 2715 627 2733 :
641 2705 713 2733 Nam
724 2707 770 2732 alii
782 2707 976 2741 quidem,etc.,

190 2738 337 2774 quo_d_ferri
350 2745 450 2774 potest.

225 2772 283 2811 (ᾆὸ)
312 2772 401 2809 νιιῙκη
441 2773 616 2810 ὲπάττελίᾳ.
649 2775 733 2811 Magis
767 2776 856 2810 placet
889 2776 972 2802 altera

190 2806 278 2846 iectio'
292 2806 376 2842 quam
396 2810 421 2836 in
442 2806 577 2846 veteribus
591 2806 707 2846 schedis
727 2806 826 2846 inveni,
851 2812 973 2845 ἀπαγγε-

190 2841 242 2878 λίᾳ.
257 2842 293 2869 ita
304 2841 378 2871 certe
390 2846 466 2873 codd.
482 2845 557 2873 ῐ·“ιι1ι.⁸
567 2851 593 2873 et
608 2845 711 2873 Savilii.

1295 1467 1493 1495 ΚΕΦΑΛΑΙΟΝ
1508 1467 1558 1493 ΙΔ’.

1033 1525 1090 1552 Ὀτι
1097 1527 1194 1561 μόνας
1206 1526 1242 1553 τὰ
1253 1536 1259 1544 ι
1270 1524 1501 1561 Retro-{ardre};
1519 1523 1578 1550 νῦν
1587 1523 1749 1557 ιστόρησεν
1759 1524 1808 1550 θεσ

1297 1560 1395 1596 φιλεῖς
1415 1559 1549 1594 πράξεις.

1064 1618 1105 1645 Τὰ
1120 1618 1170 1654 μὲν
1180 1615 1226 1645 οὖν
1237 1618 1351 1645 πλεῖστα
1362 1619 1409 1645 καὶ
1419 1617 1545 1653 βασιλικὰ
1558 1616 1605 1643 τοῦ
1619 1616 1820 1653 τρισμακαρίου

1029 1665 1187 1701 διηγήματα
1207 1665 1274 1700 (54),
1291 1664 1428 1700 συμϐολάς
1444 1672 1474 1690 τε
1497 1663 1545 1690 καὶ
1564 1663 1729 1698 παρατάξεις
1745 1661 1821 1688 πολέ-

1032 1720 1100 1746 μων,
1121 1711 1260 1746 ἀριστείας
1277 1719 1306 1737 τε
1332 1711 1379 1737 καὶ
1399 1710 1487 1741 νίκας,
1503 1709 1549 1736 καὶ
1564 1709 1682 1745 τρόπαια
1697 1708 1730 1735 τὰ
1759 1708 1820 1734 κατ’

1031 1757 1145 1793 ἐχθρῶν,
1163 1756 1310 1793 θριάμϐους
1327 1765 1357 1782 τε
1375 1756 1489 1787 ὁπόσους
1506 1755 1602 1791 ἤγαγε,
1620 1755 1654 1782 τά
1665 1763 1696 1781 τε
1709 1754 1776 1790 πρὸς
1789 1754 1820 1780 τὸ

1032 1802 1171 1837 συμφέρον
1191 1801 1304 1828 ἑκάστου
1329 1801 1504 1837 διωρισμένα,
1529 1801 1618 1836 νόμων
1632 1809 1661 1826 τε
1673 1799 1819 1833 διατάξεις.

1030 1847 1063 1880 ἃς
1075 1849 1121 1875 ἐπὶ
1133 1846 1285 1882 λυσιτελείᾳ
1298 1847 1347 1882 τῆς
1361 1847 1414 1874 τῶν
1428 1847 1586 1883 ἀρχομένων
1601 1846 1736 1877 πολιτείας
1760 1854 1821 1872 συνη

1031 1895 1166 1926 ετάττετο,
1183 1894 1324 1925 πλείστους
1342 1894 1365 1919 τ’
1377 1893 1472 1924 ἄλλους
1493 1892 1639 1928 βασιλικῶν
1654 1892 1740 1918 ἄθλων
1750 1890 1820 1925 ἀγῶ-

1030 1950 1089 1972 νας,
1102 1941 1165 1972 τοὺς
1181 1940 1209 1966 δὲ
1228 1939 1304 1975 παρά
1317 1940 1374 1971 τοῖς
1383 1940 1450 1965 πᾶσι
1473 1937 1735 1974 μνημονευομένους,
1749 1945 1820 1972 παρ-

1031 1987 1107 2022 ήσειν
1123 1995 1167 2022 μοι
1181 1986 1261 2017 δοκῶ,
1277 1985 1324 2012 τοῦ
1344 1985 1393 2020 τῆς
1412 1985 1593 2020 προκειμένης
1608 1985 1674 2020 ἡμῖν
1690 1992 1820 2019 πραγμαο

1030 2032 1104 2062 τείας
1119 2030 1220 2058 σκοποῦ
1235 2030 1303 2066 μόνα
1318 2030 1352 2057 τὰ
1369 2031 1436 2066 πρὸς
1450 2031 1494 2058 τὸν
1510 2030 1621 2065 θεοφιλῆ
1649 2030 1818 2056 συντείνοντα

1032 2078 1088 2113 βίον
1098 2077 1186 2112 λέγειν
1202 2085 1231 2104 τε
1247 2077 1296 2103 καὶ
1311 2077 1426 2111 γράφειν
1444 2076 1649 2107 ὺποϐἀλλοντος.
1667 2075 1780 2110 Μυρίων
1795 2075 1818 2101 δ’

1032 2123 1101 2150 ὅσων
1115 2123 1197 2149 όντων
1210 2123 1258 2149 καὶ
1274 2121 1386 2154 τούτων,
1399 2121 1434 2148 τὰ
1449 2121 1616 2157 καιριώτατα
1632 2121 1745 2152 καὶτοῖς
1759 2121 1818 2156 μεθ’

1030 2169 1103 2204 ἡμᾶς
1129 2166 1363 2204 ἀξιομνημόνευτα
1387 2167 1441 2193 τῶν
1457 2168 1495 2198 είς
1519 2167 1593 2201 ἡμᾶς
1609 2165 1738 2192 ἐλθόντων
1754 2166 1820 2191 ἀνα-

1030 2211 1185 2247 λεξάμενος,
1202 2211 1304 2238 τούτων
1317 2211 1408 2238 αὐτῶν
1417 2211 1455 2243 ὡς
1471 2209 1526 2237 οἷόν
1539 2219 1568 2236 τε
1584 2210 1627 2237 διὰ
1643 2209 1818 2246 βραχυτάτων

1030 2257 1179 2293 ἐκθήσομαι
1194 2257 1243 2292 τὴν
1257 2257 1406 2292 ὑφήγησιν·
1433 2256 1480 2283 τοῦ
1497 2256 1594 2292 καιροῦ
1610 2256 1701 2282 λοιπὸν
1715 2255 1820 2290 ἐπιτρέ-

1030 2311 1126 2334 ποντος
1152 2301 1299 2334 ἀκωλύτως
1315 2302 1455 2334 παντοίαις
1471 2303 1573 2336 φωναῖς
1592 2302 1638 2328 τὸν
1650 2293 1691 2333 ὡς’
1710 2301 1818 2337 ἀληθῶς

1032 2348 1165 2383 μακάριον
1181 2348 1319 2383 ἀνυμνείν,
1338 2348 1378 2374 ὅτι
1397 2348 1434 2383 μὴ
1447 2347 1526 2374 τοῦτο
1543 2347 1673 2382 πράττειν
1686 2347 1749 2382 ἐξῆν
1764 2346 1819 2381 πρὸ

1065 2427 1121 2460 (54)
1141 2425 1195 2453 Τοῦ
1210 2427 1424 2461 τρισμακαρίου
1440 2425 1615 2460 διηγήματα,
1636 2425 1663 2452 In
1680 2425 1818 2453 veteribus

1029 2463 1137 2489 schedis
1154 2463 1365 2496 superscripluut
1382 2466 1423 2488 est
1437 2462 1662 2496 στρατηγήματα,
1675 2461 1745 2495 quod
1763 2468 1816 2488 non

1028 2498 1124 2530 probo.
1138 2495 1204 2523 Nam
1219 2497 1352 2524 Eusebius
1367 2496 1418 2523 hoc
1430 2495 1489 2523 loco
1508 2495 1620 2530 opponit
1633 2497 1668 2522 τὰ
1690 2495 1818 2530 βασιλικά

1027 2533 1182 2568 διηγήματα
1226 2531 1417 2568 Constantini,
1454 2533 1517 2568 τοῖς
1545 2531 1698 2568 θεοφιλέσιᾷ
1719 2531 1818 2567 διηγή-

1028 2566 1155 2602 μασιζυι
1169 2571 1243 2602 patet
1261 2574 1293 2594 ex
1312 2567 1365 2593 line
1387 2567 1534 2601 superioris
1549 2567 1655 2600 capitis.
1680 2566 1712 2593 Et
1729 2567 1818 2599 regios

1025 2603 1134 2636 quidem
1151 2607 1227 2629 actus
1251 2603 1290 2628 ait
1302 2609 1332 2628 se
1344 2602 1470 2629 consulto
1496 2602 1717 2636 praetermittere.
1742 2602 1819 2634 Quos

1026 2638 1133 2672 quidem
1147 2637 1274 2664 bifariam
1285 2637 1392 2672 dividit,
1418 2637 1444 2663 in
1461 2637 1572 2664 bellicos
1595 2637 1700 2664 scilicet
1720 2640 1747 2662 et
1769 2644 1818 2670 pa-

1027 2671 1077 2701 cis.
1090 2672 1170 2700 Solos
1181 2680 1246 2699 vero
1259 2673 1310 2699 sibi
1328 2671 1457 2699 dicendos
1469 2672 1595 2706 proponit
1610 2676 1687 2699 actus
1699 2679 1757 2702 eos,
1769 2671 1815 2705 qui

1027 2708 1060 2734 ad
1088 2708 1248 2742 religionth
1269 2708 1416 2742 pertinent.
1442 2707 1527 2734 Porro
1546 2708 1572 2734 in
1587 2707 1696 2734 schedis
1720 2706 1816 2741 Regiis

1027 2748 1089 2777 post
1102 2744 1182 2770 verba
1211 2743 1254 2769 illa
1276 2742 1426 2778 θριάμϐους
1440 2751 1469 2768 τε
1491 2742 1606 2773 ὁπόσους
1629 2742 1730 2777 ἤγαγε,
1758 2742 1817 2778 tunc

1028 2775 1163 2804 adduntur
1182 2778 1215 2804 ad
1240 2775 1400 2812 marginem.
1422 2777 1456 2804 τά
1478 2786 1507 2804 τε
1523 2778 1582 2804 κατ’
1611 2775 1722 2812 εἰρήνην
1742 2775 1811 2812 αὑτᾷ

1028 2813 1096 2847 πρὸς
1117 2813 1167 2848 τὴν
1177 2811 1244 2848 κτῶν
1270 2811 1370 2848 κοινῶν
1388 2812 1539 2848 διόρθωσιν,
1569 2811 1642 2848 πρός
1661 2811 1691 2838 τε
1717 2820 1792 2848 συμίρ

1031 2856 1087 2883 ρον,
1101 2851 1154 2875 εις.
1170 2847 1235 2880 Qua:
1251 2847 1316 2874 mihi
1328 2847 1454 2875 videntur
1473 2856 1534 2875 esse
1546 2850 1636 2883 proba:
1650 2853 1741 2882 notae,
