2013 3179
152 141 206 170 925

694 144 739 173 DE
757 145 839 173 VITA
857 145 1088 174 CONSTANTIN]
1107 147 1170 176 LIB.
1190 148 1212 175 1.

1721 149 1772 178 928

153 200 250 227 τούτου
264 200 303 236 τῷ
316 201 353 237 μὴ
368 202 530 238 μακαρίζειν
538 203 593 238 (55)
603 203 685 240 ἄνδρα
693 205 746 240 πρὸ
756 205 882 240 τελευτῆς
896 205 937 232 διὰ

991 206 1122 241 principis
1136 205 1228 234 laudes
1237 213 1254 240 q
1261 206 1339 234 novis
1352 206 1483 234 orationis
1493 213 1592 241 genere
1603 206 1689 235 libere
1702 215 1772 243 pre-

153 247 240 283 τὸτῆς
252 247 299 274 τοῦ
311 248 369 284 βίου
383 249 485 285 τροπῆς
507 250 602 286 ἄδηλον
625 251 822 286 παρηγγέλθαι.
836 251 937 287 Κεκλή-

155 291 212 319 σθω
236 292 264 319 δὲ
290 293 357 326 Θεὸς
388 294 493 330 βοηθὸς.
521 295 644 331 οὐράνιός
666 304 696 322 τε
719 297 849 333 συνεργὸς
870 297 937 332 ἡμῖν

154 337 292 373 ἐμπνείτω
305 339 397 373 Λόγος.
424 339 467 372 Ἐξ
482 341 566 376 αὐτῆς
585 342 606 368 δ’
631 342 682 377 ήδη
706 342 817 378 πρώτης
831 343 938 378 ἡλικίας

153 383 201 410 τοῦ
214 383 308 420 ἀνδρὸς
322 381 373 411 ὧδέ
390 394 427 421 πη
440 386 489 422 τῆς
502 387 609 423 γραφῆς
620 387 814 424 ἀπαρξώμεθα.

990 252 1121 280 dicemus.
1134 251 1202 279 Nam
1223 256 1302 280 antea
1323 253 1430 288 quidem
1449 253 1476 280 id
1492 254 1581 282 facere
1599 261 1769 289 nequaquam

990 297 1097 330 licebat,
1111 303 1251 333 propterea
1271 301 1341 334 quod
1361 301 1473 328 vetitum
1495 305 1538 328 est
1559 307 1593 328 ne
1609 307 1769 335 quemquam

990 347 1055 370 ante
1069 344 1171 372 obitum
1197 345 1231 372 ob
1257 345 1375 374 incertas
1398 347 1460 374 vitae
1482 347 1643 374 mutationes
1661 346 1768 374 beatum

989 391 1228 424 pronuntiemus‘.
1246 391 1362 420 Proinde
1387 394 1469 421 Deum
1490 394 1638 429 adjutorem
1663 393 1769 424 invoco,

154 439 188 458 ac
209 432 322 460 caeleste
344 433 401 466 ejus
423 435 540 462 Verbum
565 443 681 470 precor,
712 440 741 463 ut
766 436 792 463 in
815 437 867 465 hoc
897 444 978 471 opere
995 437 1116 466 aspirare
1142 440 1208 467 mihi
1230 440 1305 468 velit.
1334 440 1431 468 Ordiar
1452 446 1540 469 autem
1556 449 1570 468 a
1591 442 1676 476 prima
1699 440 1770 468 illius

155 483 235 506 etate
249 479 276 506 in
293 480 365 507 hunc
381 482 501 509 modum.

414 539 609 566 ΚΕΦΑΛΑΙΟΝ
623 541 673 567 lB’.

156 581 220 608 Ὅτι
235 581 276 615 ὡς
294 582 423 617 Μωῦσῆς
445 584 479 611 ὲν
498 585 598 621 οΖκοιςν
613 585 766 619 tuatim-ur
787 585 936 621 ἀνετράφη

430 621 516 647 Κωνσ
521 620 665 654 ταντῖνος.

190 663 293 690 Παλαιὰ
305 663 361 699 (56)
374 664 482 700 κατέχει
495 666 584 701 φήμη,
598 666 672 693 δεινά
688 675 749 694 τινα
763 667 828 703 γένη
842 667 938 703 τυράν-

154 718 207 737 νων
222 710 267 737 τὸν
294 711 425 747 Ἐϐραίων
449 713 635 749 καταπονῆσαι
658 713 736 747 λεὼν,
752 713 819 740 Θεὸν
834 713 865 740 δὲ
879 716 935 746 τοῖς

154 756 397 792 καταπονουμένοις
409 757 508 793 εὐμενῆ
522 759 723 795 παραφανέντα,
737 759 856 787 Μωῡσέα
870 768 935 796 προ-

154 800 252 835 φήτην,
268 800 307 828 ἔτι
322 801 382 827 τότε
401 801 576 837 νηπιάζοντα,
599 803 691 839 μέσοις
707 805 797 836 αὐτοῖς
813 813 936 841 τυραννι-

153 847 210 878 κοῖς
227 846 311 878 οτκοις
328 855 358 874 τε
392 849 439 874 καὶ
455 848 564 881 κόλποις
582 849 729 885 τραφῆναι,
746 850 855 886 καὶτῆς
869 851 934 886 παρ’

153 892 245 924 αὐτοῖς
262 894 405 928 μετασχεῖν
419 894 567 929 προνοῆσαι
590 895 695 929 σοφίας.
715 895 759 928 Ὠς
777 896 800 922 δ’
821 895 904 922 ἐπιὼν
922 897 936 923 ὁ

153 938 247 973 χρόνος
258 938 304 965 τὸν
321 938 369 974 μὲν
384 940 423 971 είς
438 940 536 975 ἄνδρας
551 940 654 973 ὲκάλει,
667 941 727 977 δίκη
747 941 768 968 δ’
781 943 797 977 ἡ
811 941 865 969 τῶν
878 942 936 969 ἀδι-

153 985 293 1020 κουμένων
304 985 410 1021 ἀρωγὸς
421 987 484 1018 τοὺς
499 986 656 1020 ἀδικοῦντας
671 988 774 1024 μετῄει,
787 988 936 1024 τηνικαῦτα

153 1029 183 1063 ἐξ
199 1031 287 1058 αὐτῶν
300 1031 466 1067 τυραννικῶν
478 1031 610 1067 δωμάτων
626 1033 763 1069 προελθὼν
775 1035 790 1061 ὁ
805 1034 851 1061 τοῦ
868 1034 936 1061 Θεοῦ

154 1077 311 1112 προφήτης,
328 1078 362 1113 τῇ
379 1075 425 1104 τοῦ
443 1078 595 1113 κρείττονος
611 1079 759 1114 διηκονεῖτο
777 1079 868 1117 βουλῇ,
883 1080 937 1106 τῶν

155 1122 204 1157 μὲν
216 1123 444 1159 ἁναθρεψαμένων
455 1125 593 1160 τυράννων
621 1125 710 1161 ἔργοις
727 1125 773 1152 καὶ
788 1125 876 1160 λόγοις
890 1125 937 1152 ἀλ-

153 1168 350 1204 λοτριούμενος,
370 1170 432 1202 τοὺς
456 1170 477 1196 δ’
501 1170 594 1207 ἀληθεῖ
612 1171 683 1206 λόγῳ
700 1171 846 1207 σφετέρους
860 1171 937 1198 ἀδελ-

154 1215 220 1249 φούς
241 1223 272 1241 τε
295 1215 341 1242 καὶ
365 1216 504 1250 συγγενεῖς
521 1215 678 1250 ἀποφαίνων
701 1216 872 1252 γνωρίμους’
887 1216 936 1243 κᾶ-

155 1269 234 1287 πειτα
257 1260 322 1292 Θεὸς
348 1261 426 1287 αὑτὸν
450 1261 623 1296 καθηγεμόνα
652 1261 698 1288 τοῦ
723 1261 821 1293 παντὸς
845 1261 936 1294 ἔθνους

153 1306 273 1342 ἐγείρας,
291 1306 430 1342 Ἑὸραίὸυς
445 1307 492 1342 μὲν
507 1307 557 1342 τῆς
571 1307 623 1334 ὑπὸ
636 1308 691 1339 τοῖς
704 1307 809 1342 ἐχθροῖς
825 1307 935 1342 ἠλευθὲ-

156 1360 203 1387 ρου
225 1352 354 1384 δουλείας,
366 1352 396 1379 τὸ
415 1352 443 1379 δὲ
458 1353 614 1388 τυραννικὸν
627 1353 704 1387 γένος
717 1353 854 1388 θεηλάτοις
872 1362 936 1389 μετ-

155 1399 253 1435 ήρχετο
279 1398 312 1425 δι’
345 1399 428 1426 αὐτοῦ
459 1399 656 1434 κολαστηρίοις.
684 1400 762 1435 Φήμη
792 1399 841 1435 μὲν
867 1399 936 1435 αὕτη

155 1445 267 1478 παλαιὰ,
292 1445 375 1481 μύθου
393 1445 442 1481 μὲν
460 1446 577 1481 σχήματι
593 1447 648 1477 τοῖς
665 1445 770 1477 πολλοῖς
790 1446 936 1481 παραδεδο-

157 1492 235 1528 μένη,
257 1493 306 1524 τὰς
322 1492 428 1519 πάντων
445 1492 529 1524 ἀκοὰς
550 1492 678 1528 ἐπλήρου,
696 1492 754 1519 νυνὶ
772 1492 799 1518 δὲ
818 1493 832 1518 ὸ
857 1493 937 1525 αὐτὸς

155 1537 202 1564 καὶ
223 1538 286 1572 ἡμῖν
308 1537 383 1569 Θεὸς,
408 1536 536 1572 μειζόνων
556 1537 572 1572 ἧ
589 1537 658 1564 κατὰ
675 1537 774 1572 μύθους
793 1538 936 1573 θαυμάτων

155 1583 320 1614 αὐτοπτικὰς
334 1582 407 1614 θέας,
423 1583 532 1618 νεαραῖς
546 1582 621 1616 ὕψεσι
637 1583 726 1618 πάσης
742 1583 826 1618 ἁγοῆς
843 1583 938 1618 ἀληθε-

156 1630 253 1665 στέρας
270 1628 426 1665 δεδώρηται.
440 1628 570 1664 Τύραννοι
588 1629 635 1663 μὲν
656 1629 710 1664 γὰρ
731 1630 754 1655 oi
778 1628 839 1655 καθ’
853 1630 936 1664 ἡμᾶς,
951 1645 972 1673 c

155 1675 200 1702 τὸν
212 1675 258 1702 ἐπὶ
271 1675 377 1702 πάντων
389 1674 454 1701 Θεὸν
470 1673 596 1709 πολεμεῖν
609 1674 778 1710 ὡρμημένοι,
791 1675 839 1710 τὴν
854 1675 935 1701 αὑτοῦ

155 1722 319 1749 κατεπόνουν
335 1720 505 1756 Ἐκκλησίαν,
519 1720 598 1755 μέσος
612 1720 640 1746 δὲ
650 1720 753 1752 τούτοις
768 1721 936 1747 Κωνσταντῖ-

155 1776 210 1799 νος,
233 1768 248 1794 ὁ
272 1767 329 1802 μετ’
355 1766 442 1800 ὀλίγον
464 1766 682 1802 τυραννοκτόνος,
699 1768 763 1797 παῖς
786 1766 847 1802 ἄρτι
866 1767 934 1799 νέος,

156 1813 267 1845 ἁπαλὸς,
282 1812 379 1848 apart;
390 1812 413 1838 τ’
427 1812 522 1843 ἄνθους
537 1811 644 1845 ἰούλοις,
659 1810 704 1839 οἷά
718 1821 759 1844 τις
772 1813 852 1845 αὐτὸς
865 1814 936 1840 ἐκεῖ·

155 1867 200 1890 νος
218 1859 232 1884 ὁ
255 1857 300 1884 τοῦ
325 1856 392 1884 Θεοῦ
417 1857 553 1893 θεράπων,
578 1859 752 1893 τυραννικαῖς
774 1858 937 1893 ὲφήδρευσεν

156 1903 274 1934 ἑστίαις·
290 1903 320 1929 οὐ
338 1903 391 1938 μὴν
407 1902 453 1929 καὶ
473 1902 580 1938 τρόπων
596 1903 649 1929 τῶν
665 1903 742 1935 ῐσων,
760 1903 860 1939 καίπερ
878 1904 937 1936 νέος

156 1949 204 1981 ὥν,
214 1951 271 1981 τοῖς
290 1948 379 1980 ἀθέοις
398 1947 543 1975 ἐκοινώνει.
564 1944 644 1975 Εἷλκε
662 1948 716 1984 γὰρ
730 1948 810 1976 αὐτὸν
823 1948 852 1981 ἐξ
867 1950 938 1976 ὲκεί-

156 2003 201 2022 νου
216 1994 271 2029 (57)
282 1994 346 2029 θείῳ
354 1993 492 2029 Πνεὺματι
504 1993 585 2028 φύσις
600 1993 688 2030 ἀγαθὴ
702 1994 769 2030 πρὸς
780 1993 825 2021 τὸν
837 1995 937 2030 εὐσεϐῆ

156 2041 204 2068 καὶ
218 2039 277 2075 Θεῷ
292 2039 487 2076 κεχαρισμένον
501 2039 556 2075 βίον
566 2048 573 2055 ·
590 2040 620 2066 οὺ
644 2040 696 2075 μὴν
712 2039 779 2067 ἀλλὰ
795 2040 843 2068 τισὶ
860 2039 938 2076 ζῆλος

156 2086 236 2121 ἐνῆγε
251 2087 393 2122 πατρικὸς,
404 2086 447 2112 ἐπ’
460 2085 569 2120 ἀγαθῶν
581 2086 694 2121 μιμήσει
709 2086 755 2112 τὸν
765 2086 846 2114 παῖδα
860 2096 939 2123 προσ-

157 2130 331 2166 καλούμενος.
352 2130 447 2166 Πατὴρ
461 2130 515 2166 γὰρ
525 2128 564 2166 ,ἦν
580 2130 671 2165 αὐτῷ,
684 2131 725 2157 ὅτι
745 2131 776 2167 δὴ
793 2132 840 2158 καὶ
865 2131 938 2165 ἄξιον

156 2178 186 2203 ὲν
199 2176 285 2212 καιρῷ
301 2176 387 2211 τούτῳ
400 2177 449 2212 τὴν
463 2177 571 2212 μνήμην
587 2176 808 2212 ἀναζωπυρῆσαι,
825 2186 940 2213 περιφαη

155 2223 282 2255 νέστατος
294 2222 348 2249 τῶν
361 2222 421 2249 καθ’
435 2223 507 2258 ἡμᾶς
519 2223 726 2259 αὐτοκρατόρων
742 2224 937 2255 Κωνστάντιος.

156 2265 194 2296 Οὔ
210 2267 273 2304 πέρι
293 2268 348 2303 (38)
362 2268 395 2294 τὰ
417 2267 456 2302 τῷ
475 2268 551 2294 παιδὶ
572 2269 689 2304 φέροντα
711 2269 821 2303 κόσμον,
845 2269 941 2305 βραχεῖ

155 2313 227 2349 λόγῳ
239 2313 351 2340 διελθεῖν
364 2314 519 2348 ἀναγκαῖον.

1289 543 1401 571 CAPUT
1423 542 1480 570 ΧΠ.

988 588 1065 622 Quod
1096 588 1283 616 Constantinus
1308 591 1336 616 in
1361 595 1533 624 tyrannorum
1559 588 1675 620 adibus,
1703 589 1770 616 licet

1223 624 1338 659 Moyses,
1356 628 1481 651 educatus
1498 626 1542 650 sit.

1020 668 1104 696 Vetus
1131 674 1226 696 narrat
1247 670 1358 697 historia
1372 674 1479 704 gentem
1502 668 1673 696 Hebrzeorum
1689 676 1703 694 a
1721 676 1769 695 sm-

986 715 1107 742 vissimis
1124 714 1189 741 olim
1208 715 1329 750 tyrannis
1351 721 1507 749 oppressam
1517 714 1610 747 fuisse,
1622 713 1771 748 Deumque,
1798 711 1799 714 “

988 769 1049 788 cum
1065 768 1208 795 oppressos
1224 761 1341 795 benigno
1358 768 1389 787 ac
1403 759 1523 794 propitio
1541 759 1614 786 vultu
1637 758 1770 793 respexis-

988 811 1039 839 set,
1061 807 1212 841 providisse
1233 811 1262 834 ut
1280 806 1410 841 propheta
1428 805 1516 833 Moses
1533 806 1578 840 qui
1604 809 1661 832 tum
1682 805 1769 831 adhuc

989 852 1079 880 infans
1093 856 1163 884 erat,
1179 852 1215 878 in'
1225 851 1321 878 mediis
1336 856 1511 886 tyrannorum
1524 850 1627 876 uadibus
1640 849 1700 876 etin
1713 849 1770 882 ipso

988 905 1082 925 eorum
1112 898 1216 933 gremio
1238 898 1411 928 educaretur,
1435 903 1596 929 omnemque
1621 902 1678 930 qum
1699 894 1769 929 apud

989 944 1049 971 illos
1067 948 1127 971 crat
1150 943 1310 979 sapientiam
1325 942 1500 978 perdisceret.
1516 941 1610 968 Postea
1631 948 1695 968 vero
1708 948 1768 968 cum

991 990 1035 1017 ille
1052 997 1194 1024 progressu
1211 988 1339 1024 temporis
1351 987 1385 1015 ad
1404 987 1508 1014 virilem
1523 986 1690 1021 pervenisset
1705 990 1770 1013 atta-

976 1041 1055 1075 ‘tem,
1069 1041 1095 1062 et
1110 1035 1200 1062 divina
1218 1034 1320 1068 justitia
1337 1041 1396 1068 quae
1404 1033 1543 1069 oppressis
1551 1032 1676 1067 opitulari
1691 1031 1768 1063 solet,

989 1088 1085 1116 poenas
1112 1082 1145 1108 ab
1173 1080 1273 1115 iniquis
1299 1080 1420 1116 tyrannis
1447 1082 1701 1114 exposceret;tunc
1721 1077 1768 1104 Dei

990 1128 1121 1162 propheta
1149 1135 1182 1155 ex
1199 1127 1265 1162 ipsis
1281 1126 1431 1161 tyrannicis
1454 1126 1591 1161 profectus
1605 1124 1716 1157 :edibus,
1734 1124 1770 1151 di-

989 1174 1060 1201 vinas
1091 1173 1224 1201 voluntati
1255 1172 1436 1200 ministerium
1467 1179 1544 1199 suum
1578 1170 1710 1198 exhibuit.
1737 1169 1770 1197 Et

991 1220 1063 1255 ipsos
1079 1219 1188 1254 quidem
1206 1223 1338 1255 tyrannos
1360 1226 1375 1245 a
1404 1217 1502 1253 quibus
1523 1217 1612 1244 fuerat
1630 1213 1771 1248 educatus,

991 1273 1020 1291 re
1036 1272 1068 1292 ac
1083 1264 1171 1292 verbis
1184 1268 1324 1292 aversatus
1335 1268 1387 1297 est,
1400 1271 1448 1291 eos
1464 1270 1527 1290 vero
1542 1262 1587 1297 qui
1607 1269 1699 1289 revera
1716 1261 1770 1294 ira:

991 1315 1047 1337 tres
1063 1314 1090 1336 et
1112 1309 1218 1343 cognati
1232 1314 1319 1342 erant,
1340 1308 1442 1336 amicos
1463 1315 1494 1334 ac
1516 1306 1664 1334 familiares
1679 1307 1769 1342 elegit.

989 1355 1114 1382 Post-inec
1130 1355 1200 1382 Deus
1211 1362 1271 1382 cum
1287 1354 1365 1381 illum
1384 1355 1464 1381 totius
1479 1354 1566 1389 gentis
1586 1353 1681 1380 ducem
1704 1361 1769 1380 con-

990 1400 1134 1432 stituisset,
1144 1399 1272 1427 Hebrteos
1284 1399 1393 1434 quidem
1410 1399 1584 1426 acerbissima
1595 1398 1667 1433 apud
1681 1398 1770 1424 hostes

991 1447 1121 1474 servitute
1146 1445 1292 1473 liberavit:
1314 1450 1487 1481 tyrannorum
1505 1449 1593 1471 autem
1614 1452 1699 1479 genus
1716 1451 1771 1471 coe-

995 1491 1060 1519 litus
1074 1491 1173 1519 inﬂixis
1188 1491 1326 1525 suppliciis
1343 1491 1401 1525 ejus
1420 1498 1501 1524 opera
1521 1490 1592 1517 ultus
1609 1494 1659 1516 est.
1675 1488 1769 1521 Vetus,

991 1538 1111 1573 inquam,
1125 1539 1182 1565 inec
1201 1537 1325 1568 historia,
1339 1537 1425 1564 instar
1441 1536 1538 1563 fabulae
1552 1543 1568 1562 a
1583 1535 1674 1562 multis
1694 1542 1771 1561 acce-

990 1590 1047 1618 pta,
1062 1584 1181 1611 omnium
1201 1590 1282 1610 aures
1303 1583 1457 1610 mortalium
1474 1581 1603 1616 implevit.
1617 1580 1694 1607 Nunc
1706 1587 1771 1607 vero

991 1630 1059 1656 idem
1072 1629 1149 1656 nobis
1163 1629 1234 1656 Deus
1249 1628 1350 1662 majora
1366 1628 1493 1655 omnibus
1507 1627 1607 1654 fabulis
1617 1625 1697 1662 413
1720 1626 1770 1652 mi-

988 1676 1078 1702 racula
1091 1675 1155 1709 ipsis
1179 1675 1265 1703 oculis
1287 1679 1409 1709 spectare
1427 1673 1561 1701 concessit
1576 1681 1584 1705 ;
1600 1673 1670 1707 quod
1687 1679 1771 1706 genus

986 1720 1129 1754 spectaculi
1145 1720 1214 1754 apud
1230 1727 1276 1747 eos
1296 1721 1340 1753 qui
1359 1727 1453 1746 recens
1478 1719 1612 1750 viderunt,
1627 1718 1700 1744 omni
1725 1725 1771 1743 au-

986 1766 1087 1793 ditione
1104 1766 1155 1794 fide
1168 1766 1277 1800 dignius
1291 1766 1414 1792 habetur.
1428 1764 1532 1800 {Nostra
1547 1764 1618 1791 enim
1639 1768 1719 1790 zelate
1735 1768 1773 1799 ty-

987 1813 1064 1839 ranni
1086 1812 1194 1846 quidem
1219 1812 1264 1846 qui
1295 1811 1425 1838 adversus
1450 1811 1532 1837 Deum
1560 1817 1692 1838 summum
1719 1817 1775 1836 om-

986 1859 1060 1885 nium
1077 1866 1166 1893 regem
1198 1857 1296 1884 bellum
1318 1863 1426 1884 movere
1442 1857 1632 1886 instituerant,
1647 1854 1703 1888 ejus
1720 1853 1772 1881 Ec-

987 1903 1096 1931 clesiam
1123 1903 1242 1939 graviter
1267 1906 1468 1937 oppresserunt.
1493 1899 1683 1928 Constantinus
1699 1907 1772 1927 vero:

987 1949 1031 1983 qui
1049 1953 1140 1983 postea
1164 1952 1339 1983 tyrannorum
1356 1946 1513 1974 interfector
1528 1945 1588 1978 fuit,
1605 1945 1667 1972 dum
1686 1945 1773 1971 adhuc

988 1994 1145 2022 adolescens
1164 1998 1236 2021 esset
1261 1998 1289 2020 et
1310 1992 1420 2027 juvenili
1443 1992 1568 2025 lanugine
1596 1992 1728 2023 decorus,
1745 1992 1771 2017 in

989 2041 1077 2068 me'dio
1094 2040 1210 2071 illorum,
1225 2044 1253 2066 ut
1266 2039 1401 2075 quondam
1417 2038 1460 2065 ille
1477 2038 1522 2065 Dei
1539 2038 1654 2065 famulus
1673 2037 1771 2070 Moses,

989 2086 1016 2113 in
1033 2087 1098 2120 ipsis
1114 2089 1289 2120 tyrannorum
1309 2085 1412 2112 aedibus
1432 2084 1562 2112 subsedit.
1578 2083 1670 2117 Neque
1683 2088 1771 2110 tamen

989 2132 1096 2159 eosdcm
1112 2139 1172 2159 cum
1188 2130 1277 2165 impiis
1294 2137 1383 2157 mores
1394 2149 1402 2161 ,
1421 2130 1528 2156 tametsi
1543 2127 1686 2155 admodum
1707 2128 1772 2154 ado-

989 2176 1104 2209 lescens,
1121 2179 1241 2202 sectatus
1256 2179 1307 2201 est.
1317 2173 1419 2208 Quippe
1433 2174 1488 2207 jam
1502 2173 1565 2200 inde
1577 2173 1610 2199 ab
1622 2172 1667 2199 illa
1682 2177 1770 2204 relate,

989 2222 1097 2258 egregia
1123 2221 1224 2248 indoles
1249 2221 1339 2248 divino
1367 2219 1472 2254 Spiritu
1499 2218 1624 2253 impulsa,
1637 2218 1724 2252 ipsum
1739 2219 1771 2244 ad

989 2270 1060 2303 piam
1077 2268 1184 2302 Deoque
1201 2271 1340 2301 acceptam
1352 2266 1434 2293 vitam
1449 2266 1590 2294 incitabat.
1612 2264 1665 2292 Sed
1683 2271 1711 2292 et
1723 2272 1773 2299 pa-

955 2314 977 2341 Ῑ)
993 2316 1040 2342 tris
1054 2314 1191 2342 aemulatio
1214 2313 1338 2341 stimulos
1354 2312 1524 2346 admovebat,
1543 2319 1596 2347 qua
1615 2311 1648 2339 ad
1663 2311 1772 2338 virtutis

155 2364 183 2387 et
197 2361 328 2389 bonorum
355 2366 464 2388 actuum
487 2361 666 2389 imitationem
688 2362 795 2396 juvenis
825 2363 1033 2398 provocabatur.
1060 2361 1141 2389 Pater
1157 2362 1288 2396 siquidem
1311 2361 1335 2388 ei
1359 2360 1410 2388 fuit
1431 2360 1504 2395 (nam
1526 2363 1554 2386 et
1571 2358 1650 2392 hujus
1674 2363 1773 2383 memo-

155 2407 224 2434 riam
260 2413 410 2443 opportune
429 2415 560 2435 renovare
587 2416 733 2443 congruum
763 2410 825 2445 est)
852 2410 1047 2443 Coustantius,
1082 2410 1276 2444 imperatorum
1310 2408 1394 2435 nostri
1422 2407 1550 2442 temporis
1578 2404 1788 2434 nobilissimus“

155 2453 194 2481 De
206 2461 261 2488 quo
275 2454 400 2482 nonnulla
415 2462 476 2490 quas
489 2456 522 2483 ad
538 2454 584 2482 filii
599 2456 859 2484 commendationem
874 2457 1018 2492 pertinent,
1031 2457 1149 2484 breviter
1161 2463 1176 2483 a
1192 2455 1270 2484 nobis
1292 2454 1450 2490 exponenda
1464 2458 1536 2480 sunt.

191 2513 198 2528 '
211 2512 293 2540 Eccli.
310 2520 348 2545 xu,
361 2512 407 2540 30.

191 2568 363 2605 (35)}th
379 2569 558 2605 μακαρίζειν.
584 2569 708 2604 lnlelligit
725 2569 811 2596 locum
829 2569 873 2602 qui
890 2569 938 2596 lia-

154 2603 233 2641 belur
254 2603 280 2641 in
302 2603 485 2641 Ecclesiastici
505 2613 530 2633 c.
545 2613 575 2638 ιι,
602 2605 659 2640 Πρὸ
673 2603 726 2640 τῆς
748 2604 875 2640 τελευτῆς
898 2605 936 2641 μὴ

156 2638 291 2675 μακάριζε
312 2639 422 2675 μηδένα.
630 2638 635 2640 ⁷
705 2638 710 2640 ’
853 2638 858 2640 ἡ
899 2638 905 2640 ⁷
929 2638 935 2641 ’

189 2674 250 2715 ςζοῦ).
263 2674 389 2715 γυιςτΙΉ
401 2673 621 2715 παλαιάκεῖοίιᾱἶ
638 2674 737 2715 Regius
756 2678 782 2702 et
795 2673 936 2715 Pulsasine

154 2709 269 2736 articulo
289 2709 413 2737 scribunt
433 2709 536 2737 παλαιὰ
557 2711 666 2746 κατέχει
690 2710 749 2746 φήμ
770 2729 777 2741 ,
802 2713 830 2737 et
852 2709 934 2736 sicin

154 2744 263 2780 scliedis
277 2745 376 2780 :dquod
397 2745 504 2778 quidem
524 2746 610 2780 magis
629 2745 730 2780 redolet
750 2718 933 2780 Eusebiauum

153 2778 264 2819 stylum.
280 2778 341 2806 Mox
357 2779 415 2814 lego
424 2779 498 2807 δεινά
519 2778 662 2815 μὲνήγένη.
683 2779 767 2808 Recte
785 2785 873 2807 autem
890 2779 934 2806 Sa-

153 2813 397 2876 :pémi‘luipitium
413 2814 492 2849 hujus
507 2815 604 2850 capitis
618 2816 771 2844 adnotavit:
782 2814 841 2842 Hm:
855 2823 934 2850 usque

153 2857 317 2884 prommm.

1028 2568 1084 2602 (57)
1102 2565 1192 2595 Elius
1212 2567 1268 2602 τὰρ
1281 2567 1374 2594 αὑτὸν
1391 2567 1426 2599 ἐξ
1442 2566 1570 2602 ἐκείνου,
1586 2558 1772 2602 ϐιιῐῖἐῑοριιοιι-

992 2599 1115 2630 δοιιιιέθι
1126 2599 1263 2630 Portesius
1286 2604 1335 2629 has
1351 2609 1430 2629 voces
1455 2601 1484 2633 se
1509 2600 1613 2627 ἐκείνου
1643 2599 1773 2632 interpre-

991 2639 1038 2665 tati
1057 2643 1130 2668 sunt,
1149 2638 1226 2672 quasi
1249 2637 1438 2664 subaudiretur
1459 2636 1506 2663 τοῦ
1529 2635 1641 2672 τρόπου,
1663 2634 1716 2667 Ego
1741 2633 1772 2666 ἐξ

990 2674 1093 2700 ἐκείνου
1115 2670 1183 2700 idem
1199 2680 1260 2699 esse
1279 2680 1378 2700 censeo
1393 2679 1426 2700 ac
1442 2672 1502 2707 jam
1523 2677 1588 2704 tum,
1614 2670 1646 2695 ab
1663 2677 1692 2694 ea
1707 2672 1772 2695 tem-

987 2716 1060 2743 pore.
1079 2708 1117 2734 lta
1133 2714 1162 2743 et
1175 2707 1321 2743 Musgulus.

1024 2743 1080 2778 (58)
1099 2742 1186 2778 νυιε..
1202 2740 1246 2770 Af;
1264 2742 1342 2776 περί.
1359 2741 1542 2778 Scribendnrq
1553 2744 1593 2778 cst
1610 2737 1773 2778 sine_dnl_iio

987 2772 1111 2814 ob‘rrépt,
1125 2772 1196 2814 quod
1209 2778 1279 2814 idem
1295 2772 1364 2814 valet
1386 2784 1418 2814 ac
1439 2776 1502 2814 περι
1515 2772 1660 2814 οὒ.ηΑιιι-ι-ιε
1677 2773 1712 2814 illa
1731 2772 1772 2814 _le-

988 2814 1060 2846 uitur
1073 2808 1222 2847 'in'schedis
1240 2812 1341 2847 Regiis,
1360 2817 1387 2839 et
1404 2812 1429 2838 in
1443 2808 1537 2840 co'dice
1558 2809 1662 2837 Savilii.
1682 2808 1772 2836 Codex

989 2848 1055 2876 Fuk.
1073 2846 1157 2883 οὗπερ
1175 2848 1267 2882 habet,
1284 2846 1342 2875 non
1362 2847 1441 2875 male.
1510 2848 1513 2850 '
