2013 3179
138 207 192 235 929

687 213 731 242 DE
749 215 830 243 VlTA
850 215 1081 244 CONSTANTINI
1100 217 1166 245 LIB.
1187 219 1208 246 Ι.

1713 226 1766 254 950

136 265 270 298 ἕκαστον,
293 266 521 304 αὖτοπροαὶρετον
547 267 653 296 εὔνοιαν
684 271 752 306 πρὸς
781 272 828 298 τὸν
852 272 910 307 σφῶ

961 296 965 304 ,
979 273 1094 308 imperio
1110 275 1241 309 parebant
1256 283 1406 306 convocato
1427 280 1632 314 opulentissimo
1646 289 1764 318 quoque.

135 310 304 343 ἐνδείξασθαι
323 312 444 347 βασιλέα.
457 314 526 346 Τοὺς
540 315 562 341 δ’
576 315 755 349 ἀκούσαντας,
773 316 867 354 ὥσπερ
879 319 925 344 εὑ-

136 357 187 395 χῂν
206 357 308 394 ταύτην
329 359 383 394 (41)
405 360 436 386 ἐκ
463 360 568 396 μακροῦ
593 361 737 396 θεμένους,
756 363 804 398 τὴν
821 363 926 399 ἀγαθὴν

135 405 302 437 ἐνδείξασθαι
322 406 492 441 προθυμίαν,
519 407 567 433 σὺν
588 407 666 442 τάχει
694 417 723 434 τε
744 409 791 435 καὶ
814 409 925 445 σπουδῇ.

135 451 237 486 χρυσοῦ
255 459 284 477 τε
307 451 356 478 καὶ
371 451 502 487 ἀργύρου,
519 453 566 479 καὶ
582 453 636 479 τῶν
654 453 754 480 λοιπῶν
777 455 925 490 χρημάτων

133 497 199 528 τοὺς
215 498 368 533 θησαυροὺς
382 497 531 532 ἐμπλῆσαι,
547 499 580 534 τῇ
593 498 640 526 τοῦ
657 498 777 531 πλείονος
794 499 926 535 ὑπερϐάλ-

133 543 230 575 λοντας
242 543 372 578 ἀλλήλους
386 543 525 580 φιλοτιμίᾳ
535 553 541 559 ·
556 544 634 571 τοῦτό
645 553 675 571 τε
689 545 790 579 πρᾶξαι
803 545 851 572 σὺν
862 554 924 580 φαι-

132 588 207 623 δροῖς
230 588 276 614 καὶ
307 588 428 623 μειδιῶσι
454 588 620 624 προσώποις.
644 587 682 616 Ob
707 589 738 626 δὴ
766 591 921 626 γενομένου,

132 633 322 665 Κωνστάντιος
340 633 402 665 τοὺς
422 633 497 669 παρὰ
513 633 560 660 τοῦ
580 634 697 669 μεγάλου
714 634 845 670 βασιλέως
866 635 921 671 (42)

131 679 270 711 αὐτόπτας
296 678 421 714 γενέσθαι
443 679 496 707 τῶν
518 679 661 716 θησαυρῶν
686 681 839 708 ἐκέλευσεν.
865 682 922 708 Εἶθ’

132 721 171 751 ὦν
187 725 246 760 ὄψει
264 725 425 760 παρέλαϐον,
443 726 491 761 τὴν
507 726 659 762 μαρτυρίαν
673 727 838 759 προσέταττε
854 727 920 765 (ιδ)-

132 771 180 798 καὶ
202 772 250 799 νῦν
269 772 318 807 μὲν
339 772 463 808 ἀθροῖσαι
486 774 552 808 παρ’
574 773 662 808 ἐαυτῷ
679 773 781 805 ταῦτα,
798 773 881 800 πάλαι
898 773 921 800 δ’

131 817 207 852 αὑτῷ
226 818 301 854 παρὰ
317 820 372 850 τοῖς
393 818 448 845 τῶν
471 818 619 854 χρημάτων
641 819 799 852 δεσπόταις,
819 817 863 846 οἶα
888 819 920 855 δὴ

131 864 315 896 ὑπασπισταῖς
347 864 591 900 παραθηκοςυλαξι
623 864 697 900 (lii),
727 864 918 897 φυλάττεσθαι.

130 909 202 941 Τοὺς
216 910 265 945 μὲν
283 909 330 937 οὖν
345 910 438 946 θαῦμα
452 912 560 946 κατεῖχε
580 912 628 946 τῆς
646 910 786 946 πράξεως”
809 911 920 946 βασιλέα

129 955 160 982 δὲ
175 955 220 982 τὸν
236 955 499 992 φιλανθρωπότατον,
516 957 584 992 μετὰ
598 957 646 992 τὴν
660 957 762 984 τούτων
776 957 919 994 ὑποχώρη-
935 953 956 981 Β

130 1010 184 1033 σιν,
211 1003 272 1034 τοὺς
295 1002 350 1029 τῶν
372 1002 520 1038 χρημάτων
548 1003 773 1038 μεταστεί).ασοαι
795 1002 916 1038 κυρίους,

129 1049 218 1075 πάντα
232 1047 254 1074 δ’
276 1048 477 1081 ἀπολαϐόντας,
495 1049 585 1076 οἴκαδε
602 1049 683 1084 φάναι
705 1050 832 1083 ἀπιέναι,
851 1059 915 1077 κατ-

130 1092 188 1126 έχει
201 1092 279 1127 λόγος
289 1113 296 1125 ,
311 1093 420 1125 πειθοῦς
436 1094 483 1120 καὶ
497 1094 603 1130 ἀγαθῆς
619 1095 724 1126 εὐνοίας
743 1096 805 1127 τοὺς
817 1095 916 1131 ἄνδρας

127 1139 338 1175 ἀποδεξάμενον.
362 1140 420 1167 Μία
446 1141 496 1176 μὲν
520 1141 567 1176 ἥδε
589 1141 792 1177 φιλανθρωπίας
818 1142 916 1178 δεῖγμα

128 1185 247 1221 φέρουσα
260 1186 306 1213 τοῦ
319 1186 483 1221 δηλουμένου
496 1187 606 1224 πρᾶξις.
620 1188 727 1224 Θατὲρα
744 1189 773 1215 δὲ
785 1189 833 1224 τῆς
848 1192 916 1225 πρὸς

126 1231 158 1258 τὸ
173 1231 250 1258 Θεῖον
265 1232 341 1264 ὁσίας
355 1233 410 1268 (45)
431 1233 553 1269 περιέχοι
576 1233 608 1261 ἂν
624 1234 733 1269 ἐμφανῆ
751 1234 913 1270 μαρτυρίαν,

977 326 1007 347 se
1034 321 1149 354 pecunia
1169 328 1237 356 opus
1262 321 1362 351 habere
1388 324 1422 353 iis
1447 326 1620 361 signiﬁcavit,
1642 328 1766 364 hancque

976 365 1146 393 occasionem
1159 366 1278 394 oblatam
1299 375 1372 403 esse,
1389 377 1441 404 qua
1463 379 1539 399 suam
1562 374 1677 408 quisque
1699 382 1764 409 erga

975 411 1125 446 principem
1144 412 1361 441 benevolentiam
1379 421 1475 448 sponte
1488 416 1629 446 declarare
1641 419 1762 446 deberet.

975 457 1014 484 illi
1028 465 1105 491 vero,
1118 463 1210 493 utpote
1222 459 1267 494 qui
1280 459 1443 495 jampridem
1464 462 1490 489 in
1507 464 1578 491 votis
1593 464 1763 498 habuissent,

974 507 1094 530 utsuttm
1105 511 1169 539 erga
1185 504 1259 532 illum
1279 507 1400 535 studium
1431 509 1590 537 testiﬁcandi
1619 510 1763 546 aliquando

973 547 1119 576 offerretur
1133 550 1255 584 occasio,
1279 551 1331 579 hoc
1346 553 1450 586 audito,
1465 554 1606 582 confestim
1627 564 1702 588 auro,
1718 565 1762 584 ar-

973 601 1054 629 gento
1066 602 1098 623 ac
1111 595 1225 631 reliquis
1240 597 1338 632 opibus
1358 598 1499 628 thesauros
1523 600 1581 634 ejus
1607 603 1760 638 compleve-

973 645 1036 667 runt
1049 650 1055 667 :
1069 642 1213 670 ambitiose
1228 647 1365 670 certantes
1382 643 1455 672 inter
1469 653 1509 679 se,
1520 651 1550 673 ut
1564 654 1594 674 se
1605 647 1719 675 invicem
1733 648 1759 676 in

972 685 1112 721 largiendo
1127 693 1289 722 superarent
1303 698 1309 716 :
1330 689 1409 724 idque
1421 690 1482 718 lecto
1494 697 1575 728 atque
1589 693 1668 720 hilari
1687 694 1760 722 vultu

972 739 1068 759 omnes
1082 734 1242 767 prmstitere.
1257 734 1323 763 Post
1336 737 1394 764 hinc
1417 737 1592 767 Constantius
1604 739 1725 768 homines
1744 749 1759 768 a

971 780 1079 806 seniore
1092 781 1213 815 Augusto
1226 782 1259 809 ad
1272 789 1301 809 se
1319 783 1428 817 missos,
1443 785 1633 813 thesaurorum
1649 794 1760 814 suorum

970 830 1140 859 spectatores
1153 833 1214 853 esse
1226 826 1317 861 jussit,
1333 832 1360 854 et
1383 836 1414 855 ea
1430 837 1489 864 quae
1503 831 1634 858 vidissent
1662 839 1760 859 renun-

970 871 1049 898 tiare.
1065 871 1101 899 Se
1116 872 1224 907 quidem
1241 873 1267 900 in
1281 875 1484 908 praesentiarum
1499 876 1556 904 haec
1567 879 1636 912 apud
1653 885 1683 906 se
1695 886 1758 905 con-

971 924 1121 951 gregasse:
1142 922 1269 947 cartorum
1284 928 1315 948 ea
1337 920 1498 957 jampridem
1524 923 1593 957 apud
1622 923 1694 958 ipsos
1709 925 1759 952 do-

971 961 1058 989 minos
1073 967 1202 998 tanquam
1219 966 1289 1001 apud
1313 967 1382 994 ﬁdos
1409 967 1592 1002 depositarum
1613 976 1692 1004 opum
1707 977 1757 996 cn-

970 1008 1061 1035 stodes
1075 1008 1127 1036 sibi
1145 1011 1258 1038 servari.
1275 1011 1308 1039 Et
1323 1012 1349 1039 hi
1362 1013 1468 1047 quidem
1487 1013 1664 1042 admiratione
1675 1014 1757 1050 415

969 1052 1049 1087 hujus
1061 1054 1099 1081 rei
1115 1056 1235 1089 perculsi
1251 1062 1314 1084 sunt
1329 1067 1335 1085 :
1354 1059 1566 1086 humanissimus
1578 1065 1669 1087 autem
1682 1061 1757 1095 prin-

969 1106 1032 1133 ceps
1048 1105 1108 1134 post
1119 1109 1212 1130 eorum
1227 1103 1377 1131 discessum
1387 1113 1469 1140 opum
1488 1106 1611 1134 dominos
1625 1107 1756 1134 accivisse

969 1143 1069 1172 dicitur
1083 1155 1090 1173 :
1106 1152 1135 1174 et
1147 1148 1277 1183 obsequio
1290 1150 1395 1178 illorum
1409 1158 1441 1178 ac
1453 1151 1543 1178 studio
1555 1159 1618 1185 erga
1646 1159 1676 1179 se
1697 1159 1756 1178 nia-

970 1199 1089 1226 guopcre
1104 1193 1223 1228 laudato,
1241 1194 1357 1228 jussisse
1371 1201 1401 1223 ut
1414 1196 1518 1224 cunctis
1534 1197 1630 1232 opibus
1644 1198 1698 1225 suis
1710 1204 1754 1224 re-

968 1237 1053 1271 ceptis
1069 1236 1178 1264 domum
1192 1244 1405 1267 reverterentur.
1417 1240 1474 1267 Hoc
1488 1241 1569 1276 igitur
1582 1249 1665 1268 unum
1682 1241 1753 1268 illius

126 1278 257 1312 principis
273 1279 379 1307 facinus
400 1285 452 1312 est,
475 1287 529 1315 quo
552 1281 698 1316 singularis
714 1281 773 1316 ejus
787 1282 941 1309 humanitas
962 1284 1103 1318 perspicue
1124 1285 1292 1314 declaratur.
1309 1287 1430 1314 Alterum
1456 1287 1562 1315 facinus
1577 1287 1680 1315 illustre
1694 1292 1754 1323 ejus

126 1332 189 1361 erga
206 1326 288 1354 Deum
301 1327 410 1362 pietatis
421 1328 551 1356 indicium
566 1328 679 1363 praebet.

388 1372 584 1400 ΚΕΦΑΛΑΙΟΝ
603 1373 654 1401 lE’.

230 1416 299 1450 Περὶ
316 1417 370 1444 τοῦ
391 1417 449 1444 ὑπὸ
469 1417 528 1444 τῶν
548 1417 651 1445 ἄλλων·
669 1418 808 1454 διωγμοῦ.

162 1460 295 1489 Ἠλαυνον
318 1463 366 1498 μὲν
386 1463 440 1498 γὰρ
454 1463 610 1498 ἁπανταχοῦ
627 1464 679 1499 γῆς
695 1465 758 1496 τοὺς
780 1464 914 1496 θεοσεϐεῖς

124 1507 154 1540 ei
173 1508 358 1543 ἐπιτάγματος
371 1508 425 1535 τῶν
445 1508 616 1544 κρατούντων
635 1510 660 1536 οἱ
681 1511 741 1537 κατ’
764 1510 839 1542 ἔθνος
861 1510 911 1546 ἄρ-

121 1561 233 1588 χοντες·
257 1553 287 1586 ἐξ
313 1553 403 1580 αὐτῶν
427 1554 454 1580 δὲ
481 1553 624 1589 βασιλείων
649 1554 731 1582 οἴκων
758 1555 912 1590 ὁρμώμενοι

124 1599 272 1635 πρώτιστοι
296 1600 404 1627 πάντων
420 1601 482 1632 τοὺς
507 1601 577 1637 ὑπὲρ
599 1601 740 1633 εὐσεϐείας
756 1601 864 1635 ἀγῶνας
887 1603 910 1628 οἱ

124 1647 256 1682 θεοφιλεῖς
266 1647 372 1683 διῆλθον
384 1648 532 1684 μάρτυρες,
547 1648 602 1685 πῦρ
614 1649 662 1676 καὶ
678 1649 797 1685 σίδηρον,
808 1649 854 1676 καὶ
867 1649 911 1675 θα-

123 1694 223 1730 λάττης
240 1694 347 1729 βυθοὺς,
370 1695 458 1721 πάντα
476 1703 506 1721 τε
524 1695 638 1722 θανάτου
657 1696 757 1731 τρόπον
773 1695 910 1731 προθυμό-

123 1748 191 1767 τατα
214 1740 466 1777 διακαρτεροῦντες,
488 1741 526 1774 ὠς
552 1743 582 1768 ὲν
603 1742 700 1778 βραχεῖ
719 1741 755 1769 τὰ
770 1742 906 1777 πανταχοῦ

123 1786 246 1821 βασίλεια
264 1787 320 1822 (46)
342 1787 472 1822 θεοφιλῶν
488 1787 621 1824 χηρεῦσαι
640 1788 758 1824 ἀνδρῶν·
777 1789 791 1815 ὃ
812 1789 843 1824 δὴ
859 1789 906 1815 καὶ¹

123 1831 240 1867 μάλιστα
268 1832 318 1867 τῆς
343 1831 389 1858 τοῦ
420 1831 488 1858 Θεοῦ
521 1832 672 1866 ἐπισκοπῆς
697 1832 817 1868 ἐρήμους
845 1832 908 1863 τοὺς

120 1877 243 1912 δρῶντας
264 1877 414 1913 εἰργάζετο.
440 1878 522 1913 Ὁμοῦ
545 1878 599 1914 γὰρ
622 1878 661 1913 τῷ
685 1879 748 1910 τοὺς
773 1878 908 1910 θεοσεϐεῖς

120 1924 254 1956 ἐλαύνειν,
269 1925 315 1951 καὶ
328 1924 377 1956 τὰς
390 1925 459 1961 ὑπὲρ
471 1924 560 1952 αὐτῶν
572 1924 712 1957 ὲξεδίωκον
725 1925 818 1960 εὐχάς.

1262 1375 1376 1402 CAPUT
1392 1375 1449 1403 XV.

1098 1420 1134 1447 De
1147 1422 1328 1455 persecutione
1345 1424 1376 1449 ab
1395 1423 1457 1450 aliis
1471 1423 1615 1450 concitata.

999 1465 1130 1493 Prmsidcs
1144 1467 1344 1500 provinciarum
1358 1475 1407 1502 per
1422 1470 1576 1496 universum
1600 1469 1694 1497 orbem
1708 1470 1750 1497 vl-

963 1519 1006 1538 ros
1021 1511 1112 1538 divino
1127 1513 1210 1539 cultui
1229 1513 1335 1540 deditos
1357 1514 1551 1548 imperatorum
1563 1515 1639 1548 jussu
1660 1523 1752 1550 perse-

963 1559 1124 1591 quebantur.
1142 1558 1278 1593 Primique
1293 1560 1411 1586 omnium
1433 1568 1464 1588 ex
1482 1560 1549 1595 ipsus
1564 1561 1751 1596 imperialibus

962 1603 1070 1637 palatiis
1098 1604 1234 1639 progressi
1258 1604 1307 1631 Dei
1332 1606 1512 1633 amantissimi
1536 1612 1680 1642 martyres,
1701 1615 1751 1642 pro

961 1649 1092 1683 religione
1124 1649 1275 1676 certamina
1310 1646 1448 1683 obierunt,
1477 1652 1565 1686 ignem
1592 1658 1620 1679 et
1647 1652 1751 1687 gladios

959 1695 1097 1728 marisque
1112 1693 1258 1722 altissimos
1270 1695 1402 1729 gurgites,
1418 1700 1445 1722 et
1468 1700 1565 1723 cuncta
1591 1697 1684 1723 mortis
1705 1704 1751 1731 ge-

959 1747 1023 1766 nera
1037 1739 1120 1766 alacri
1135 1740 1226 1767 animo
1239 1741 1371 1774 perpessi.
1387 1740 1462 1768 Adeo
1485 1747 1512 1768 ut
1526 1741 1600 1769 brevi
1619 1742 1749 1777 temporis

964 1785 1053 1820 spatio
1069 1789 1166 1812 cuncta
1182 1784 1375 1820 imperatorum
1399 1786 1499 1821 palatia
1522 1786 1674 1815 cultoribus
1700 1787 1749 1819 Dei

962 1832 1070 1858 viduata
1086 1831 1150 1858 sint.
1163 1830 1223 1864 Quo
1238 1831 1354 1858 maxime
1369 1831 1471 1859 factum
1483 1838 1534 1865 est,
1555 1838 1584 1859 ut
1594 1833 1675 1868 hujus
1689 1841 1750 1860 sce-

961 1877 1024 1904 leris
1040 1882 1176 1909 auctores,
1198 1877 1245 1905 Dei
1267 1879 1411 1913 pnesenlia
1426 1884 1507 1913 atque
1534 1879 1634 1906 auxilio
1659 1879 1748 1907 orbati

961 1929 1142 1952 remanerent.
1157 1924 1226 1951 Dum
1239 1924 1312 1952 enim
1323 1924 1442 1952 cultores
1455 1925 1538 1952 divini
1548 1924 1672 1953 Numinis
1687 1933 1748 1960 per-

119 1976 281 2002 seuuuntur,
297 1971 391 1998 eadem
406 1978 486 2006 opera
503 1970 675 2005 precationes
687 1977 737 2006 pro
752 1970 906 2006 semetipsis
917 1970 974 1997 ﬁeri
987 1970 1080 1998 solitas
1095 1970 1253 2006 abegerunt.

156 2060 211 2095 (il)
230 2060 341 2094 ’Ὠσπερ
353 2059 449 2094 εὐχὴν
459 2061 582 2094 ταύτην.
604 2060 679 2087 llunc
693 2059 781 2087 locum
792 2067 845 2087 non
861 2060 904 2086 in-

119 2097 223 2123 tellexit
236 2095 507 2129 Christopborsonus.
524 2097 569 2130 qui
590 2095 721 2130 θεμένους
738 2095 902 2130 interpreta-

119 2137 163 2158 tus
177 2136 219 2158 est
233 2136 385 2166 statuentes.
410 2137 470 2157 cum
484 2131 566 2166 εὐχὴν
589 2130 692 2162 θέσθαι,
717 2130 789 2166 idem
806 2130 841 2166 sit
869 2137 902 2157 ac

117 2173 178 2193 tota
191 2167 331 2200 suscipere.
345 2164 402 2197 Qua
417 2173 484 2192 voce
504 2164 589 2193 utitur
605 2166 737 2193 Eusebius
754 2165 808 2197 alio
830 2165 901 2197 loco,

118 2208 149 2229 Iit
169 2200 238 2228 infra
253 2202 365 2231 dicetur.
388 2207 485 2234 nempe
503 2201 528 2227 in
546 2209 605 2234 cap.
624 2201 670 2231 22.
685 2200 731 2227 lib.
748 2208 778 2226 it.
793 2200 902 2227 llectius

116 2244 182 2272 ergo
199 2236 334 2272 Porlesiurs
357 2235 429 2262 hunc
449 2236 537 2272 locum
561 2236 597 2272 ita
618 2235 709 2268 vertit,
724 2235 773 2272 Altis
792 2235 900 2272 auditis,

116 2270 185 2298 (ιεὶὶ
199 2271 231 2297 de
248 2272 295 2297 illa
313 2271 370 2305 ipsa
386 2278 413 2297 re
432 2275 490 2298 vota
511 2271 616 2304 jamdiu
629 2270 814 2304 suscepissent.
834 2275 861 2296 ut
874 2270 901 2296 id

993 2059 1048 2093 (44)
1066 2057 1118 2086 Οἴα
1140 2059 1165 2086 δ’
1187 2059 1394 2092 ὑπασπισταῖς
1413 2061 1694 2094 παραθηκοφιέλαξι.
1716 2062 1743 2089 In

955 2093 1138 2130 Moraziilibro
1170 2095 1202 2121 ad
1231 2095 1376 2130 marginem
1399 2095 1561 2121 emendatur
1583 2093 1626 2122 οἷα
1648 2096 1680 2130 δὴ
1703 2105 1744 2123 πι-

955 2131 1037 2161 στοῖς.
1052 2129 1152 2156 Verrini
1169 2129 1236 2156 nihil
1252 2137 1319 2163 opus
1330 2134 1371 2157 est
1385 2130 1436 2157 hac
1452 2130 1652 2158 emendatione.
1665 2129 1743 2165 Apud

955 2170 1060 2192 veteres
1073 2165 1145 2192 enim
1160 2165 1280 2199 pecunia:
1295 2165 1498 2199 depouebantur
1507 2165 1655 2200 intemplis,
1665 2173 1743 2194 Secu-

955 2200 1044 2226 ritatis
1056 2207 1148 2231 causa,
1165 2200 1255 2234 ibique
1268 2200 1382 2226 militum
1402 2200 1525 2226 excubiis
1548 2202 1739 2234 servabantur,

955 2239 984 2261 ut
1011 2240 1086 2262 notat
1109 2240 1186 2270 vetus
1213 2235 1555 2270 scholiasies,Juvenalis,
1583 2240 1610 2262 et
1635 2235 1741 2270 Lipsius

955 2270 981 2296 in
1008 2270 1077 2296 libro
1106 2268 1145 2296 De
1174 2270 1352 2306 ninguitmtine
1377 2269 1509 2306 liomana.
1544 2270 1584 2306 Ad
1609 2268 1741 2306 hos—igi-

115 2307 240 2338 evenirel,
257 2314 307 2339 quo
324 2299 359 2332 ἰε
382 2306 492 2338 probare
511 2299 633 2340 inessent.
661 2299 746 2332 Porro
773 2299 900 2340 supplen-
918 2299 940 2326 Ῑ)
956 2308 999 2340 tur
1014 2305 1113 2331 milites
1124 2299 1375 2340 alludit'EUscbius.
1391 2305 1508 2332 Possunt
1519 2305 1601 2332 etiam
1621 2299 1739 2332 ὑπασπι-

115 2343 181 2367 dum
211 2346 253 2368 cst
277 2342 322 2368 hic
352 2341 462 2368 verbum
499 2348 580 2375 φασιν
606 2345 668 2374 post
691 2348 783 2367 vocent
805 2339 902 2375 προθυ-

140 2376 192 2402 ίαν.

116 2385 192 2411 μιαν.

151 2411 207 2446 (δέ)
227 2410 315 2444 Vulg..
345 2411 412 2446 παρ’
433 2410 527 2437 αὐτοῦ
545 2409 708 2446 βασιλέῳς.
728 2408 802 2446 Lego
826 2409 900 2444 παρὰ

114 2446 162 2473 τοῦ
176 2443 293 2481 μεγάλου
309 2443 450 2481 βασιλέως,
470 2446 546 2481 utin
565 2446 634 2472 libro
654 2444 756 2481 Morini.
782 2443 898 2481 'l‘urtieni

115 2490 148 2508 :ic
161 2479 254 2508 Savnlii
264 2485 290 2507 et
302 2479 407 2507 Fukctii
418 2479 589 2507 emendatum
602 2480 701 2507 inveni.
715 2479 798 2506 Porro
814 2479 900 2514 μέγαν

115 2516 228 2552 βασιλέα
241 2516 433 2553 interpretatus
453 2523 512 2541 sum
520 2514 658 2553 seniorem
669 2515 828 2553 ᾼιιριιξιιιῃι.
840 2515 900 2553 __Sic

114 2549 186 2578 enim
199 2553 226 2577 in
240 2551 377 2578 veteribus
398 2550 570 2585 panegyricis
588 2555 616 2577 et
634 2549 662 2576 in
675 2549 900 2583 inscriptionibus

113 2591 228 2613 vocatur
245 2586 438 2613 Diocletianus.

150 2622 205 2656 (ιὸ)
221 2621 280 2655 Τὴν
287 2620 452 2655 μαρτίιοίαν
463 2620 654 2654 προσέταττε.
663 2618 703 2656 _ln
719 2618 832 2656 schedia
843 2618 900 2647 Re-

114 2653 165 2690 giis
178 2658 210 2682 ad
225 2653 374 2691 marginem
382 2653 525 2691 adduntur
544 2654 695 2691 hmcyerba
718 2661 725 2681 :
745 2653 898 2691 Προσέτατ-

111 2689 142 2717 τε
157 2689 366 2727 διακονήσασθαι
384 2689 423 2725 τῷ
441 2689 624 2727 πενίανγαυτῷ
632 2689 895 2727 καταμεμψαμενῳ·

112 2724 456 2761 ὲπιθένταςὶῷὲλόγῳρτὰ
479 2725 516 2760 μὴ
531 2726 586 2752 ἀπὸ
593 2725 665 2761 γοῶν
678 2724 739 2761 μηδ’
759 2725 788 2761 ᾲξ
804 2724 896 2750 ἀδίκου

111 2761 268 2794 πλεονεξίας
293 2759 361 2787 εἶναι
375 2759 629 2796 παρεσκευασμένα.
651 2759 718 2793 quae
736 2759 775 2796 ab
789 2761 895 2787 erudito

132 2798 238 2831 nopiam
256 2804 288 2823 ex
305 2795 461 2831 conjectura
481 2795 603 2830 suppleta
616 2803 678 2824 esse
689 2795 757 2831 satis
770 2799 893 2829 apparet.

152 2830 299 2859 o’uuieum
329 2830 440 2857 verbum
470 2831 520 2864 hic
548 2831 643 2858 deesse
670 2830 796 2858 existimo
824 2837 895 2864 παρ-

111 2862 193 2902 éfetv.
205 2867 300 2894 Scribe
310 2866 401 2900 igitur,
409 2862 502 2902 εἷθ’νῶν
513 2864 574 2902 ὕψει
586 2865 749 2902 παρέλαϐον,
763 2862 894 2902 παρέχειν

109 2900 159 2937 τῆν
175 2902 325 2937 μαρτυρίαν
340 2901 499 2936 προσέταξε.
519 2901 564 2928 Sic
579 2900 654 2929 enim
670 2900 803 2930 Eusebius
818 2900 892 2936 loqui

110 2939 189 2964 solet.

955 2339 1025 2367 στῶν
1041 2340 1148 2366 nomine
1164 2339 1206 2366 liic
1223 2339 1339 2372 intelligi
1354 2339 1471 2366 Palatini
1486 2340 1531 2374 qui
1548 2347 1656 2367 sacrum
1671 2349 1740 2367 atra.

953 2375 1022 2400 rium
1039 2375 1233 2402 custodiebant.
1252 2375 1278 2401 In
1293 2375 1401 2402 St‘licdls
1419 2374 1510 2409 Regiis
1522 2376 1735 2409 superscriptum

953 2415 993 2436 est
1006 2410 1099 2436 cadent
1116 2417 1195 2445 manu
1214 2410 1266 2436 ὑπὸ
1290 2411 1405 2445 πιστοῖς,
1428 2411 1497 2442 quod
1520 2418 1572 2437 non
1595 2410 1736 2445 displicet;

952 2445 1035 2480 codex
1052 2450 1125 2480 certe
1139 2444 1205 2480 Fuit.
1225 2445 1305 2480 habet
1315 2442 1359 2471 οἷα
1373 2445 1405 2480 δὴ
1422 2445 1537 2476 πιστοῖς.

988 2479 1043 2514 (.55)
1058 2479 1134 2514 Vulg.
1149 2478 1204 2512 τῆς
1215 2479 1289 2513 πρὸς
1297 2480 1330 2506 τὸ
1340 2478 1424 2506 Θεῐὸν
1434 2480 1545 2512 αὶσὶας.
1559 2480 1735 2508 Scribendum

950 2513 1022 2541 haud
1043 2513 1123 2541 dubie
1140 2521 1181 2541 est
1196 2514 1281 2546 ὁσίας,
1297 2519 1328 2541 ut
1344 2516 1370 2542 in
1388 2515 1506 2542 'l‘uruebi
1522 2515 1591 2544 libro
1608 2517 1642 2543 ad
1663 2524 1735 2543 mar-

951 2551 1040 2584 ginem
1056 2549 1226 2576 emendatum
1241 2550 1340 2578 inveni.

986 2584 1043 2619 (4(5)
1074 2584 1112 2623 Τὰ
1134 2584 1289 2623 πανταχοῦ
1309 2585 1465 2616 βασίλεια.
1489 2584 1652 2623 Adverbium
1683 2585 1734 2613 hoc

950 2620 1099 2654 πανταχοῦ,
1123 2627 1175 2646 non
1200 2621 1260 2646 sine
1282 2627 1362 2647 causa
1390 2625 1534 2654 utrumque
1556 2620 1732 2653 interpretem

951 2655 1080 2686 turbam,
1108 2659 1137 2680 ut
1158 2662 1190 2681 ex
1218 2661 1312 2681 eorum
1335 2656 1558 2689 interpretatione
1582 2655 1731 2689 colligitur.

949 2689 1048 2717 Verum
1070 2690 1286 2716 animadvertere
1306 2689 1474 2721 debuerant,’
1492 2689 1620 2724 palatium
1645 2690 1732 2724 dupli-

948 2726 1014 2751 citer
1035 2724 1114 2751 sumi.
1135 2725 1269 2751 interdum
1284 2725 1356 2751 enim
1379 2725 1497 2751 sumitur
1519 2732 1570 2758 pro
1585 2725 1659 2751 curia
1683 2732 1731 2752 seu

947 2766 1024 2787 curte
1037 2760 1174 2794 principis.
1193 2759 1254 2792 Quo
1266 2767 1347 2786 sensu
1366 2764 1484 2794 quatuor
1506 2759 1635 2786 duntaxat
1653 2765 1732 2788 erant

948 2800 1012 2821 tunc
1030 2795 1158 2830 temporis
1176 2795 1285 2830 palatia,
1303 2801 1351 2830 pro
1367 2801 1481 2827 numero
1492 2794 1596 2821 scilicet
1616 2796 1730 2828 impera-

947 2834 1045 2856 torum.
1059 2829 1195 2857 interdum
1209 2837 1272 2856 vero
1285 2829 1414 2863 palatium
1429 2829 1530 2856 dicitur
1541 2830 1644 2864 quaevis
1657 2830 1730 2857 zedes

946 2864 972 2890 iti
989 2873 1042 2899 qua
1059 2865 1205 2898 imperator
1221 2864 1289 2892 solet
1309 2865 1447 2892 habitare.
1466 2865 1499 2892 Et
1514 2864 1658 2899 hocrscnsn
1670 2865 1730 2898 plu-

946 2898 1013 2925 rima
1035 2905 1113 2926 erant
1132 2900 1229 2934 palatia
1253 2901 1279 2926 iii
1306 2900 1371 2926 orbe
1395 2899 1528 2926 Romano.
1556 2898 1632 2926 Nulla
1655 2902 1727 2927 enim

945 2934 1003 2967 fere
1023 2936 1120 2963 civitas
1135 2940 1205 2967 erat,
1225 2943 1284 2970 quae
1298 2935 1427 2970 palatium
1442 2942 1495 2963 uen
1510 2935 1632 2963 haberet.
1649 2934 1728 2970 Eju»
