2013 3179
276 210 326 239 951

567 264 679 293 CAPUT
692 265 761 293 XVI.

276 312 411 346 Quomodo
423 311 611 339 Constantinus
621 312 748 339 simulans
764 319 791 337 se
812 311 953 337 simulacra
973 310 1058 338 colere

309 356 352 374 eos
366 348 470 382 quidem
483 347 528 380 qui
543 347 693 382 sacriﬁcare
705 346 793 379 parati
808 352 891 382 essent
903 346 1031 378 expulerit
1047 353 1056 372 :

310 380 377 409 illos
391 390 449 408 vero
463 382 508 416 qui
523 389 551 408 se
573 380 735 408 Chrittianos
749 381 867 415 proﬁteri
894 381 1056 413 maluissent,

309 419 336 444 in
348 417 447 450 palatio
459 417 606 443 retinuerit.

309 463 366 490 Soli
380 462 540 489 Constantio
553 462 660 496 sapiens
674 461 808 495 quoddam
830 460 971 488 consilium
983 460 1057 488 venit

275 509 301 536 in
317 513 444 535 mentem.
459 507 497 534 Ac
514 515 558 534 res
571 507 679 542 quidem
694 507 750 541 ipsa
766 514 847 541 quam
865 507 959 541 gessit,
974 507 1056 533 mira-

273 553 334 581 bilis
346 559 387 581 est
407 552 513 585 auditu,
535 551 609 579 factu
640 555 730 578 tamen
755 551 833 586 longe
859 551 1054 579 admirabilior.

274 597 402 624 Palatinis
416 598 542 624 omnibus
553 597 598 631 qui
612 597 638 623 in
662 596 744 630 ipsius
759 596 820 622 aula
843 595 1003 627 militabant,
1022 596 1055 621 ad

273 644 347 678 ipsos
359 642 557 677 usquejudices
571 642 598 669 in
609 642 722 668 summis
733 641 911 675 potestatibus
924 641 1055 668 constitu-

275 694 326 720 tos,
350 689 411 715 data
435 687 550 722 eligendi
571 692 661 714 utrum
684 688 795 715 mallent
818 686 957 719 facultate,
984 687 1055 714 hanc

273 734 456 761 conditionem
469 733 575 765 detulit,
592 737 623 760 ut
635 733 766 768 siquidem
784 733 949 760 dwmonibus
969 732 1055 760 sacri-

274 778 412 809 ﬁcasseut,
432 784 543 804 manere
558 777 623 812 ipsis
638 778 665 804 in
688 777 788 812 palatio
803 782 830 804 et
843 776 980 804 consuetis
1003 776 1055 804 bo-

274 824 384 850 noribus
399 823 449 850 l'rui
467 822 580 855 liceret;
595 822 617 850 si
641 830 706 850 vero
732 822 757 850 id
773 822 863 849 facere
889 822 1052 854 rent-issent,

273 871 306 897 ab
320 870 402 905 ipsius
418 870 490 896 aditu
506 869 727 901 excluderentur,
742 875 769 896 et
790 869 824 896 ab
850 869 935 903 ipsius
959 869 1054 896 notitia

273 923 305 942 ac
325 915 507 942 faruiliaritate
528 915 625 942 remoti
639 915 818 942 discederent.
832 914 899 941 Cum
916 922 981 950 ergo
994 915 1054 941 uni-

624 208 758 237 EUSEBII
776 207 1016 236 CESARIENSIS
1033 208 1107 236 OPP.
1129 207 1219 236 PARS
1239 208 1258 235 I.
1278 223 1314 229 —
1331 208 1525 237 HISTORICA.

1840 209 1899 236 938

1363 265 1558 292 ΚΕΦΑΛΔΙΟΝ
1579 265 1621 298 ις·
1628 283 1636 291 .

1112 310 1206 343 Ὅπως
1213 310 1420 343 Κωνστάντιος
1429 312 1445 337 ὁ
1455 309 1552 343 πατὴρ
1558 308 1804 342 εὶὸωλολατρείαν
1816 317 1838 336 σ
1860 319 1897 344 η-

1145 345 1352 371 ιιατισάαενοο.
1384 345 1455 371 τοὺι-
1480 345 1534 371 μὲν
1564 345 1646 371 θύειν
1671 344 1816 371 θέλοντα(-
1838 319 1895 371 Ξε-

1141 344 1895 442 ξνὲιέἔὶἐέξῖξιέςὶςιτέἷὲλὲἕσοῖθῖέίπῖθῗῗιὲεέυτὲτετξξᾷ

1192 424 1213 441 π
1275 424 1289 441 τ
1302 425 1334 442 ω.

1192 424 1334 448 damno).

1144 461 1225 496 Μόνῳ
1239 461 1261 487 δ’
1275 461 1329 496 ἄρα
1342 461 1521 496 Κωνσταντίῳ
1536 461 1615 496 σοφία
1635 469 1677 492 τις
1694 461 1750 497 (47)
1766 461 1894 497 ὑπειοῄει

1108 506 1236 542 λογισμοῦ
1248 515 1255 522 ·
1268 508 1315 533 καὶ
1329 507 1444 542 πρᾶγμα
1458 507 1572 542 πράττει
1586 506 1733 542 παράδοξον
1747 507 1795 542 μὲν
1809 505 1894 533 ἀκοΞΞ-

1109 560 1165 583 σαι,
1182 553 1283 588 πρᾶξαι
1303 552 1332 579 δὲ
1350 551 1581 587 θαυμασιώτατον.
1604 552 1665 583 Τοῖς
1680 552 1735 587 γὰρ
1756 552 1804 578 ὑπ’
1816 552 1893 587 αὐτῷ

1109 597 1256 633 βασιλικοῖς
1275 597 1332 634 (48)
1353 599 1438 625 ἅπασι
1467 599 1545 633 μέχρι
1566 598 1682 625 καὶτῶν
1700 597 1742 624 ἐπ’
1765 597 1892 630 ἐξουσίας

1108 644 1243 679 ἀρχόντων
1260 643 1391 679 αἱρέσεως
1415 644 1610 680 προταθείσης,
1628 643 1751 678 σύνθημα
1770 643 1890 675 δίδωσιν,

1107 689 1124 724 ἢ
1140 688 1236 716 Θύσασι
1247 690 1303 721 τοῖς
1316 689 1449 725 δαίμοσιν,
1465 690 1564 721 ἐξεῖναι
1577 690 1641 724 παρ’
1652 688 1726 724 αὐτῷ
1741 688 1830 724 μένειν
1844 689 1892 716 καὶ

1107 733 1160 760 τῶν
1172 734 1293 769 συνήθων
1308 734 1521 770 μεταλαγχάνειν
1532 733 1630 769 τιμῶν,
1643 734 1659 769 ἦ
1677 734 1713 770 μὴ
1725 734 1804 761 τοῦτο
1817 735 1891 770 πρά-

1108 779 1179 812 ξασι,
1194 780 1248 807 τῶν
1265 779 1332 815 πρὸς
1345 780 1440 807 ἑαυτὸν
1452 779 1660 807 ἀποκεκλεῖσθαι
1674 779 1807 815 παρόδων,
1824 780 1893 813 ἔξω·

1108 825 1211 852 Θεῖσθαί
1226 834 1255 852 τε
1274 825 1321 852 καὶ
1333 825 1485 861 ἀποχωρεῖν
1501 825 1550 860 τῆς
1565 825 1646 851 αὑτοῦ
1660 823 1785 859 γνώσεώς
1800 833 1828 851 τε
1843 826 1893 852 καὶ

1107 870 1278 905 οἰκειότητος.
1297 870 1404 905 Ἐπειδὴ
1416 868 1462 897 οὖν
1475 870 1637 905 διεκρίνοντο
1649 870 1689 901 είς
1700 869 1850 905 ἀμφότερα,
1865 870 1891 896 oI

1109 916 1158 951 μὲν
1166 916 1203 947 ὡς
1210 915 1314 947 τούσδε,
1330 917 1353 942 οἱ
1364 915 1386 942 δ’
1394 916 1432 947 ὼς
1442 916 1561 947 ἐκείνους
1573 914 1752 951 μεριζόμενοι,
1761 915 1892 950 ὴλέγχετό

272 961 343 988 versi
355 960 480 987 bifariam
509 960 634 995 dirempti
652 964 761 992 essent,
777 960 896 994 aliusque
923 960 949 987 in
975 960 1046 987 hanc

1109 970 1137 987 τε
1145 962 1214 997 ὁτῆς
1224 962 1336 988 ἑκάστου
1351 961 1536 997 προαιρέσεως
1549 962 1657 997 τρόπος,
1669 960 1783 987 ἐνταῦθα
1797 961 1891 988 λοιπὸν

272 1007 340 1034 alius
357 1007 384 1034 in
403 1007 473 1034 illam
491 1011 595 1042 partem
609 1006 793 1038 discessisset,
805 1011 832 1033 et
843 1006 1054 1042 uniuscujusque

272 1053 440 1088 propositum
455 1059 488 1080 ac
516 1052 648 1079 sententia
678 1051 817 1086 explorata
850 1051 966 1079 fuisset:
989 1058 1054 1080 tunc

271 1100 386 1127 eximius
400 1099 526 1134 princeps
540 1097 682 1124 cousilium
692 1104 768 1125 suum
785 1097 854 1131 quod
867 1098 997 1125 hactenus
1013 1098 1053 1125 la-

273 1150 372 1177 tuerat,
387 1146 524 1179 detegens,
537 1143 621 1179 416
635 1143 741 1170 illorum
753 1143 860 1178 quidem
883 1144 1052 1171 timiditatem

272 1199 304 1218 ac
319 1191 428 1218 nimium
442 1191 482 1218 sui
499 1191 620 1225 ipsorum
637 1196 757 1216 amorem
773 1190 965 1217 condemnavit
979 1199 986 1217 :
1003 1190 1053 1217 hos

272 1245 338 1265 \‘ero
351 1237 384 1265 ob
402 1237 528 1264 devotam
543 1236 636 1263 divino
653 1235 759 1262 Numini
776 1235 967 1263 conscientiam
992 1243 1053 1262 ma-

271 1290 389 1317 gnopere
403 1283 539 1318 probavit.
552 1281 592 1309 Ac
609 1282 706 1308 deinde
721 1281 782 1308 illos
798 1282 906 1316 quidem
922 1286 1052 1316 tanquam

270 1328 316 1356 Dei
334 1329 497 1363 proditores,
513 1336 547 1355 ne
561 1328 689 1363 principis
718 1328 826 1362 quidem
850 1327 981 1362 obsequio
1010 1327 1052 1354 di-

270 1374 488 1409 gnosjudicavit.
507 1374 573 1401 Nam
591 1374 736 1409 quomodo,
761 1373 858 1408 inquit,
885 1373 964 1400 Iidem
988 1380 1052 1407 erga

268 1421 419 1456 principem
430 1429 507 1450 suum
527 1420 661 1448 servaturi
677 1424 749 1452 sunt,
765 1420 811 1454 qui
823 1427 887 1454 erga
899 1419 982 1446 Deum
993 1426 1053 1453 per-

268 1467 315 1494 ﬁdi
332 1473 393 1493 esse
411 1466 670 1501 deprehenduntur?
684 1465 778 1500 Itaque
791 1465 921 1499 ejusmodi
938 1464 1012 1492 viros
1036 1471 1052 1491 ι

269 1512 352 1546 regiis
365 1512 467 1539 aedibus
482 1510 575 1546 procul
591 1510 754 1545 ablegandos
766 1517 826 1537 esse
851 1509 968 1538 censuit.
990 1509 1053 1537 Illos

268 1564 334 1584 vero
348 1565 416 1592 quos
433 1557 486 1585 Deo
497 1558 592 1592 dignos
601 1564 662 1584 esse
684 1556 805 1583 veritatis
820 1556 905 1590 ipsius
928 1556 1052 1583 testimo-

268 1603 314 1630 nio
327 1608 474 1637 constaret,
486 1603 581 1631 eodem
597 1610 662 1637 erga
680 1602 829 1636 principem
843 1602 933 1629 animo
947 1601 1051 1629 futuros

1104 1007 1274 1043 ὁοαυμάσιος
1289 1007 1319 1034 τὸ
1333 1007 1441 1043 λεληθὸς
1457 1007 1503 1033 τοῦ
1521 1007 1686 1042 σοφίσματος
1700 1007 1889 1042 ἀποκαλύψας,

1103 1052 1157 1079 τῶν
1166 1052 1215 1087 μὲν
1223 1052 1320 1079 δειλίαν
1329 1052 1375 1079 καὶ
1383 1053 1525 1088 φιλαυτίαν
1534 1053 1726 1084 κατεγίνωσκε,
1734 1054 1797 1084 τοὺς
1803 1054 1831 1080 δὲ
1839 1053 1890 1089 τῆς

1104 1099 1172 1134 πρὸς
1187 1099 1232 1125 τὸν
1248 1099 1313 1125 Θεὸν
1331 1099 1507 1135 συνειδήσεως
1521 1097 1550 1126 εὖ
1568 1100 1640 1134 μάλα
1658 1099 1813 1134 ἀπεδέχετο.
1830 1099 1890 1125 Κά-

1103 1151 1184 1170 πειτα
1196 1144 1258 1175 τοὺς
1274 1143 1332 1178 μὲν,
1346 1143 1383 1175 ὡς
1398 1144 1430 1170 ἂν
1445 1143 1512 1170 Θεοῦ
1528 1144 1668 1180 προδότας,
1681 1144 1747 1180 μηδὲ
1759 1144 1890 1179 βασιλέως

1103 1186 1173 1215 εἶναι
1197 1188 1288 1221 ἀξίους
1310 1189 1459 1224 ἀπέφαινε·
1484 1190 1542 1221 πῶς
1565 1182 1619 1224 γᾶρ
1642 1191 1673 1217 ἄν
1695 1198 1760 1216 ποτε
1784 1189 1890 1225 βασιλεῖ

1104 1235 1194 1261 πίστιν
1214 1235 1328 1270 φυλάξαι
1346 1236 1411 1271 (49),
1433 1237 1496 1268 τοὺς
1511 1237 1575 1271 περὶ
1589 1237 1619 1263 τὸ
1635 1238 1757 1272 κρεῖττον
1774 1237 1889 1268 ἁλόντας

1103 1280 1280 1316 ἁγνώμονας;
1299 1281 1338 1307 διὸ
1355 1281 1402 1308 καὶ
1419 1281 1563 1316 βασιλικῶν
1581 1281 1664 1309 οἴκων
1683 1282 1791 1318 μακρὰν
1809 1281 1889 1309 ἐλαύ-

1103 1326 1192 1353 νεσθαι
1214 1327 1268 1353 δεῖν
1290 1327 1400 1359 τούτους
1424 1327 1594 1363 ἐνομοθέτει·
1616 1329 1679 1359 τοὺς
1702 1327 1730 1354 δὲ
1753 1327 1820 1363 πρὸς
1838 1328 1889 1362 τῆς

1102 1371 1229 1407 ἀληθείας
1250 1373 1470 1409 μαρτυρηθέντας
1495 1373 1562 1400 Θεοῦ
1585 1373 1685 1406 ἀξίους,
1707 1373 1815 1409 ὁμοίους
1840 1374 1888 1400 καὶ

1103 1419 1167 1454 περὶ
1192 1419 1302 1455 βασιλέα
1328 1420 1413 1446 είπὼν
1432 1420 1556 1453 ἔσεσθαι,
1582 1420 1815 1455 σωματοφύλακας
1840 1420 1888 1446 καὶ

1102 1465 1186 1501 αὐτῆς
1206 1465 1342 1500 βασιλείας
1361 1467 1495 1502 φρουροὺς
1515 1466 1696 1499 κατέταττεν,
1719 1467 1748 1493 ὲν
1769 1465 1887 1502 πρώτοις

1103 1511 1150 1538 καὶ
1162 1511 1217 1546 (50)
1234 1512 1392 1547 ἀναγκαίοις
1406 1512 1489 1547 φίλων
1502 1521 1530 1539 τε
1544 1513 1590 1540 καὶ
1602 1513 1708 1540 οἰκείων
1722 1513 1821 1548 χρῆναι
1834 1513 1888 1547 φή-

1104 1565 1151 1589 σας
1161 1558 1223 1589 τοὺς
1233 1558 1369 1590 τοιούτους
1382 1558 1435 1585 δεῖν
1449 1558 1600 1594 περιέπειν,
1614 1559 1660 1585 καὶ
1674 1558 1772 1594 μᾶλλον
1786 1558 1887 1589 αὐτοὺς

1103 1602 1120 1638 ἢ
1137 1603 1260 1638 μεγάλων
1278 1605 1376 1639 ταμεία
1397 1603 1542 1640 θησαυρῶν
1561 1603 1723 1639 περιπολλοῦ
1741 1603 1885 1639 τιμᾶσθαι,

267 1655 328 1676 esse
345 1648 493 1681 allirmans,
514 1652 680 1682 protectores
701 1652 783 1682 atque
797 1647 900 1681 imperii
917 1647 1001 1683 ipsius
1023 1648 1148 1676 custodes
1179 1649 1335 1683 constituit;
1361 1650 1491 1685 ejusmodi
1507 1650 1630 1678 homines
1652 1651 1722 1678 inter
1736 1651 1887 1686 praecipuos

268 1694 415 1721 amicorum
431 1698 457 1721 et
474 1694 591 1721 maxime
607 1694 775 1722 necessarios
796 1694 935 1722 habendos
952 1702 1011 1722 esse
1022 1694 1125 1727 dicens.
1141 1695 1277 1732 multoque
1304 1697 1389 1732 pluris
1412 1697 1583 1725 aestimaudos
1606 1705 1687 1733 quam
1706 1699 1886 1726 maximarum

268 1749 347 1776 opum
362 1741 512 1769 thesauros.

555 1786 668 1814 CAPUT
685 1787 766 1815 XVII.

267 1833 306 1861 De
325 1833 420 1868 electu
431 1838 455 1861 et
473 1841 561 1859 amore
582 1832 697 1893 ejus‘dem
724 1833 872 1860 Constantii
895 1842 956 1869 erga
973 1833 1049 1860 Chri-

619 1876 630 1893 ε
646 1875 699 1893 um.

619 1875 699 1895 stum.

302 1913 460 1948 Hujusmodi
475 1913 526 1940 fuit
537 1912 706 1940 Constantini
725 1917 811 1947 pater,
835 1913 905 1941 sicut
932 1921 947 1940 a
971 1913 1049 1941 nobis

265 1961 384 1988 breviter
401 1959 546 1987 indicatum
575 1963 627 1986 est.
644 1957 737 1992 Qualis
761 1964 849 1987 autem
876 1960 965 1987 exitus
987 1962 1050 1987 vita;

266 2007 302 2033 illi
316 2006 469 2041 contigerit,
485 2013 547 2033 cum
560 2013 589 2033 se
603 2004 684 2032 talem
697 2012 761 2040 erga
777 2006 860 2033 Deum
871 2006 1048 2041 praestitisset,

265 2057 450 2088 quantumque
467 2053 614 2081 discrimen
632 2053 704 2081 inter
716 2053 791 2080 illum
807 2057 834 2080 et
856 2052 974 2087 reliquos
998 2054 1048 2079 im-

264 2099 332 2134 perii
347 2103 486 2126 consortes
499 2099 521 2126 is
534 2106 612 2133 quem
628 2099 749 2126 coluerat
764 2098 834 2125 Deus
843 2105 903 2125 esse
919 2097 1044 2129 voluerit,

265 2145 386 2179 quisquis
399 2151 454 2172 rem
467 2145 551 2179 ipsam
567 2145 696 2172 attentius
717 2144 884 2179 expenderit,
902 2143 981 2171 facile
1000 2151 1047 2170 co-

264 2231 335 2257 modi
348 2230 447 2265 palatia
465 2238 510 2257 seu
523 2232 617 2258 domus
628 2230 707 2263 regiae
719 2234 796 2256 erant
807 2230 857 2265 sub
869 2229 1044 2262 dispositione

263 2266 442 2312 ςιξιοξυιιιιίῆῑη
456 2265 685 2312 missimus}
697 2272 767 2312 οξῑειξ
773 2264 1043 2312 sustine-2135::
1060 2284 1082 2312 υ

264 2299 373 2333 bantur,
398 2300 432 2327 de
457 2301 556 2334 quibus
583 2299 687 2327 meuiio
712 2300 741 2326 lit
761 2299 789 2325 in
811 2299 913 2326 Notitia
937 2299 1042 2334 imperii

264 2335 390 2362 Romani.
407 2335 469 2362 Haec
482 2335 562 2369 igitur
578 2335 677 2370 palatia
693 2334 819 2370 intelligit
832 2334 973 2362 Eusebius.
990 2334 1043 2362 Sed

262 2375 290 2396 et
315 2371 393 2397 villas
413 2370 536 2403 publicas
559 2377 607 2397 seu
629 2370 718 2405 regias
741 2369 853 2404 intelligi
875 2374 950 2405 puto,
976 2377 1044 2404 quas

262 2406 396 2432 curabant
412 2405 569 2432 Caesariani.

298 2440 353 2474 (47)
370 2440 463 2474 Σοφία
473 2448 528 2472 τις.
542 2439 606 2466 Post
618 2439 677 2466 haec
690 2440 770 2467 verba
789 2439 815 2466 in
829 2439 936 2467 schedis
952 2439 1043 2473 Regiis

261 2481 312 2500 vox
330 2474 458 2505 εὐσεϐοῦς
473 2476 505 2501 ad
522 2475 677 2509 marginem
689 2475 797 2509 additur
818 2474 957 2509 eleganter
972 2482 979 2489 ο
998 2482 1043 2500 σο-

261 2509 310 2544 φία
327 2509 514 2545 τιςήεὺσεϐοῦς
530 2508 654 2545 ὑπεισῄει
673 2508 814 2545 λογισμοῦ.

296 2545 352 2579 (48)
370 2543 444 2578 Vulg.
457 2544 519 2577 τοῖς
535 2543 651 2579 γὰρῨῦᾔ
667 2543 759 2571 αὐτοῦ
772 2543 958 2576 βασιλικοῖς,
970 2543 1042 2579 Lego

261 2579 306 2606 ὑπ’
319 2577 404 2614 αὐτῷ,
419 2577 449 2606 ut
460 2584 501 2606 est
513 2577 543 2606 in
553 2577 621 2606 F'uk.
642 2584 669 2606 et
686 2579 776 2606 MOHEI
798 2580 877 2610 libro,
893 2579 919 2605 id
931 2584 972 2605 est
985 2577 1041 2603 Pa-

260 2615 350 2641 latinis
366 2613 485 2641 omnibus
499 2615 545 2640 sub
559 2615 615 2647 ipso
634 2613 820 2646 militantibus,
840 2615 954 2648 ipsisque
975 2613 1040 2638 adeo

261 2649 392 2676 iudicibus
405 2650 450 2683 qui
467 2650 494 2676 in
511 2653 640 2683 potestate
663 2653 736 2675 erant
756 2647 902 2675 constituti.
917 2647 1041 2683 Potestas

260 2685 369 2719 proprie
385 2684 483 2711 dicitur
503 2682 538 2710 de
552 2683 698 2719 majoribus
720 2682 1039 2719 juulicibuslcujusmodi

260 2717 339 2745 erant
357 2719 476 2754 praefecti
494 2719 628 2753 praetorio.
645 2718 691 2745 Sic
702 2718 771 2745 infra
789 2726 848 2752 cap.
865 2717 911 2748 28,
929 2723 956 2743 et
970 2717 1039 2751 apud

260 2754 399 2781 Socratem
415 2755 442 2780 in
460 2754 506 2780 lib.
527 2761 558 2786 tt,
577 2761 638 2787 cap.
656 2753 700 2784 1‘2,
718 2753 751 2780 de
774 2751 1040 2787 Philippopraafeclo

498 2772 506 2780 ι
527 2769 558 2786 ll,
577 2769 638 2786 νειμ.
658 2769 700 2784 ιη,
718 2769 751 2780 υς
774 2769 785 2780 ι
798 2769 898 2786 ιιιιιγμυ
916 2769 953 2786 γιι

258 2789 394 2822 pratorio.
418 2790 471 2816 Sed
489 2794 517 2816 et
544 2789 570 2815 in
593 2786 677 2815 Gesti;
699 2786 870 2822 purgationis
887 2786 1037 2823 Ceciliajri,

258 2819 396 2854 lgesilans
409 2823 530 2850 ollicialis
543 2823 648 2850 Atiliano
661 2819 812 2857 proconsuli
829 2823 865 2849 ita
882 2819 969 2857 dicit;
984 2819 1039 2847 Po-

257 2862 337 2884 testas
361 2863 406 2885 tua
428 2863 479 2885 etc.
509 2857 577 2885 Vide
601 2856 667 2892 quas
681 2864 762 2892 supra
785 2857 875 2885 notavi
899 2857 931 2883 ad
954 2856 1000 2882 lib.
1023 2864 1038 2882 v

257 2892 447 2919 Historiarum.

291 2926 348 2966 μθ)
356 2963 359 2965 _
364 2927 432 2965 Εῶς
447 2927 499 2962 γὰρ
509 2926 548 2965 ᾂν
555 2933 631 2965 ,ποτε
642 2926 768 2959 ,βασιλεῖ
779 2927 882 2954 πίστιν
892 2925 1036 2963 φυλάξαι,

1360 1787 1555 1814 ΚΕΦΔΛΔΙΟΝ
1574 1788 1623 1814 IZ’.

1143 1832 1212 1866 Περὶ
1235 1832 1290 1867 τῆς
1308 1832 1506 1867 φιλοχρίστου
1524 1832 1618 1860 αὑτοῦ
1634 1832 1844 1867 προαιρέσεως.

1143 1911 1211 1937 Ἀλλ’
1224 1907 1279 1942 οἷος
1296 1911 1344 1945 μὲν
1360 1910 1416 1945 (55)
1432 1911 1446 1936 ὁ
1462 1910 1666 1937 Κωνσταντινου
1678 1910 1766 1946 πατὴρ
1781 1919 1886 1946 μνημο-

1102 1957 1218 1988 νεύεται,
1236 1956 1273 1988 ὡς
1287 1957 1316 1983 ὲν
1335 1957 1447 1993 βραχέσι
1466 1956 1620 1992 δεδήλωται.
1648 1957 1752 1984 ὀποϊον
1763 1957 1787 1984 δ’
1807 1959 1885 1994 αὑτῷ

1101 2002 1192 2038 τοιῷδε
1217 2003 1280 2038 περὶ
1304 2003 1348 2030 τὸν
1371 2003 1436 2030 Θεὸν
1452 2003 1634 2038 ἀποδειχθέντι
1658 2003 1885 2040 παρηκολούθησε

1100 2049 1186 2081 τέλος,
1206 2050 1253 2076 καὶ
1266 2048 1296 2076 ἐν
1311 2049 1386 2082 πόσῳ
1401 2049 1432 2075 τὸ
1447 2049 1601 2076 διαλλάττον
1619 2048 1699 2076 αὑτοῦ
1717 2057 1747 2075 τε
1763 2050 1810 2076 καὶ
1828 2049 1884 2076 τῶν

1099 2096 1233 2124 κοινωνῶν
1248 2097 1296 2132 τῆς
1311 2096 1446 2131 βασιλείας
1464 2097 1477 2123 ὁ
1490 2096 1558 2132 πρὸς
1577 2096 1658 2122 αὑτοῦ
1674 2095 1799 2132 τιμηθεὶς
1815 2096 1883 2128 Θεὸς

1098 2143 1191 2175 ἔδειξε,
1216 2143 1295 2178 μάθοι
1313 2144 1344 2170 ἀν
1368 2152 1409 2174 τις
1487 2142 1536 2170 τῶν
1556 2143 1726 2178 πραγμάτων
1750 2142 1796 2169 τδν
1818 2142 1883 2169 νοῦν

1097 2230 1125 2257 1η
1138 2231 1230 2258 codice
1243 2230 1326 2266 Regio
1338 2231 1370 2258 ad
1383 2231 1452 2258 latus
1462 2231 1557 2258 horum
1568 2232 1712 2259 verborum
1726 2230 1881 2265 huiusmodi

1097 2270 1160 2292 nota
1176 2266 1320 2302 apponitur
1333 2275 1394 2302 imp.
1418 2267 1540 2302 Similem
1565 2272 1658 2302 notam
1674 2273 1755 2302 supra
1773 2267 1882 2302 notavi-

1096 2308 1157 2327 mus
1179 2301 1205 2327 in
1223 2301 1270 2327 lib.
1289 2309 1305 2328 ι
1328 2300 1455 2328 Historia:
1477 2301 1680 2332 Eecluiaslicaz.
1704 2301 1732 2327 in
1753 2301 1882 2328 oratione

1096 2336 1324 2375 illa-panegyrica,
1338 2336 1410 2375 dicta
1427 2337 1453 2362 in
1465 2336 1639 2375 dedicatione
1652 2335 1780 2375 Ecclesia:
1794 2335 1859 2375 'l_'yri
1871 2345 1879 2362 :

1095 2370 1146 2397 nisi
1161 2373 1231 2406 quod
1253 2370 1343 2398 littera
1368 2371 1412 2398 illa
1428 2372 1470 2398 cui
1493 2379 1509 2406 ρ
1533 2371 1662 2405 inﬁgitur,
1690 2371 1736 2397 hic
1758 2370 1880 2405 undique

1094 2405 1221 2432 conclusa
1237 2410 1289 2432 est.
1307 2406 1367 2438 Quo
1383 2406 1468 2440 magis
1485 2405 1614 2438 adducor,
1633 2411 1662 2432 ut
1678 2406 1877 2440 credam'rhanc

1093 2445 1185 2476 notam
1197 2447 1256 2467 esse
1269 2449 1297 2475 φ.
1316 2445 1343 2467 et
1358 2448 1383 2476 ρ.
1400 2445 1426 2476 et
1439 2440 1593 2474 signiﬁcare
1609 2440 1762 2476 φρόντισον,
1779 2439 1806 2476 id
1822 2444 1879 2472 est.

1093 2475 1216 2510 attende,
1234 2476 1335 2510 cogita.
1351 2475 1466 2502 Additur
1477 2480 1567 2502 autent
1585 2475 1642 2502 haec
1658 2481 1719 2502 uota
1734 2475 1811 2508 locis,
1830 2476 1877 2509 qui

1093 2509 1193 2545 habent
1210 2509 1327 2545 aliquam
1339 2509 1534 2537 dillicultatem.
1551 2509 1632 2537 Verbi
1647 2511 1735 2545 gratia
1752 2511 1802 2537 hoc
1815 2510 1878 2536 loco

1093 2543 1221 2571 lectorem
1251 2543 1350 2572 morari
1375 2549 1463 2578 potest
1492 2546 1596 2572 novitas
1623 2543 1701 2579 hujus
1731 2545 1878 2572 locutionis

1092 2578 1151 2640 argi);
1168 2580 1223 2642 ἶὰρ
1239 2580 1273 2607 ἂν
1293 2579 1421 2615 φυλάξαι,
1446 2579 1497 2606 nisi
1516 2581 1584 2607 sciat
1601 2578 1780 2614 supplendum
1793 2579 1877 2606 60w:-

1092 2623 1106 2640 τ
1123 2624 1136 2641 ν
1153 2623 1165 2641 ε
1178 2623 1206 2642 τι.

1091 2623 1136 2641 τον
1153 2623 1206 2641 ειτι.

1127 2623 1262 2685 ίόῗῖὶλὶἲν
1279 2649 1404 2684 πρώτοις
1427 2649 1486 2676 καί.
1510 2649 1602 2685 Codex
1618 2649 1720 2685 Regius
1743 2648 1876 2684 scriptum

1091 2684 1174 2722 habet
1190 2695 1196 2713 :
1219 2686 1249 2712 ὲν
1264 2685 1382 2722 πρώτοις
1395 2693 1425 2711 τε
1437 2684 1599 2722 ἀναγκαίοις
1615 2690 1674 2722 ιξιιῑ.Δ
1689 2684 1765 2722 Quod
1782 2690 1875 2722 _aut_em

1091 2721 1214 2756 sequitur
1227 2719 1326 2756 χρῆναι
1336 2720 1400 2752 δεῖν,
1418 2720 1589 2756 pleonasmus
1604 2726 1646 2756 est
1662 2719 1803 2756 familiaris
1817 2719 1875 2745 Eu-

1091 2755 1176 2782 sebio.
1195 2754 1334 2783 Sit-{enim
1355 2756 1457 2782 locutus
1479 2759 1520 2782 est
1538 2756 1565 2782 in
1584 2755 1660 2784 libris
1679 2754 1875 2785 Historiarum.

1090 2794 1119 2816 ut
1137 2793 1220 2824 probe
1233 2790 1356 2817 memini.

1125 2823 1181 2860 (51)
1204 2825 1285 2860 Ἀλλ’
1300 2824 1362 2858 οἶος
1374 2825 1441 2860 μέν.
1462 2824 1527 2852 Novi
1551 2824 1649 2859 capitis
1665 2824 1812 2860 sectionem
1830 2823 1876 2850 hic

1090 2859 1214 2898 fec'imus,
1230 2859 1307 2898 Regii
1320 2859 1422 2898 codicis
1437 2860 1738 2898 auctoritatemsecuti,
1753 2859 1796 2887 cui
1807 2865 1875 2886 cott-

1090 2895 1172 2923 sentit
1185 2894 1353 2924 codex'Fult.
1371 2902 1433 2925 cum
1447 2895 1585 2934 veteribus
1599 2894 1721 2930 schedis.~

1091 2965 1148 2984 ﬂ."
