2013 3179
197 191 249 219 955

745 199 789 226 DE
810 199 891 227 VITA
911 200 1145 230 CONSTANTINI
1169 204 1234 233 LIB.
1257 206 1276 233 l.

1786 216 1840 245 $54

195 250 345 287 ἐπιστήσας
366 251 455 286 φύσει.
477 253 585 291 Ἐπειδὴ
600 255 655 292 γὰρ
672 255 816 292 βασιλικῆς
834 259 934 294 ἀρετῆς
949 259 963 285 δ

1016 269 1030 296 ι
1043 265 1166 296 gnoscct.
1195 262 1343 299 Postquam
1358 266 1430 294 enim
1444 269 1527 297 multa
1543 271 1624 307 regite
1639 263 1748 302 virtutis
1765 275 1836 305 indl-

195 297 274 332 κίμια
298 298 396 334 μακρῷ
420 298 530 326 δεδώκει
557 301 661 337 χρόνῳ,
681 303 761 337 μόνον
786 304 836 339 μὲν
854 304 920 331 Θεὸν
943 305 989 332 τὸν

194 343 240 369 ἐπὶ
254 344 362 371 πάντων
377 345 432 380 (ὅὲ)
448 345 536 378 εἰδὼς,
555 347 605 382 τῆς
622 347 650 374 δὲ
671 348 725 375 τῶν
746 349 834 377 ἀθέων
855 359 989 386 κατεγνω-

194 389 250 421 κὼς
270 390 432 423 πολυθεῖας,
446 392 539 426 εὐχαῖς
554 401 583 419 τε
608 394 694 428 ἁγίων
708 395 813 431 ἀνδρῶν
837 396 882 423 τὸν
904 397 986 424 αὑτοῦ

192 437 394 473 περιεφράξατο
407 437 491 471 οἷκον,
503 439 620 475 εὐσταλῆ
634 441 665 467 τὺ
676 441 768 469 λοιπὸν
783 443 830 470 καὶ
849 444 985 480 ἀτάραχον

190 484 240 520 τὴν
255 484 326 520 ζωὴν
340 485 486 520 διαπρέψαι
509 486 578 522 (55)·
598 484 653 514 οἷον
667 485 733 514 arms
755 489 786 515 τὸ
801 489 832 525 δὴ
850 490 984 526 μακάριον

189 526 260 556 εἷναί
271 539 337 565 φασι
355 530 423 566 (54),
437 531 468 557 τὸ
484 532 551 568 μήτε
565 533 715 568 πράγματα
731 534 812 569 ἔχειν,
832 536 900 570 μήτε
912 535 984 570 ἄλλῳ

189 576 330 612 παρέχειν.
351 577 427 604 Οὕτω
445 578 513 614 δῆτα
529 579 575 605 τὸν
592 580 680 606 πάντα
695 581 746 615 τῆς
765 581 902 615 βασιλείας
916 583 981 618 χρό-

188 631 233 649 νον
248 623 365 660 εὐσταθῆ
383 625 429 651 καὶ
449 625 576 661 γαλήνιον
592 627 684 659 αὐτοῖς
708 628 786 654 παισὶ
807 629 854 655 καὶ
872 631 979 665 γαμετῇ

188 678 236 696 συν
248 670 359 696 οἰκετῶν
373 670 514 707 Θεραπεία,
533 672 622 699 πάντα
636 672 682 699 τὸν
696 673 777 700 αὑτοῦ
798 671 870 700 οἷκον
887 674 927 700 ἑνὶ
938 675 980 710 τῷ

188 715 292 750 βασιλεῖ
303 715 361 751 Θεῷ
378 717 519 753 καθιερου,
531 714 575 750 ’ὡς
588 718 670 754 μηδὲν
686 718 794 745 ἀποδεῖν
814 719 978 755 Ἐκκλησίας

185 761 252 788 Θεοῦ
266 762 315 798 τὴν
329 763 401 789 ἔνδον
415 763 444 789 ὲν
458 763 549 795 αὐτοῖς
578 763 724 799 βασιλείοις
740 765 978 801 συγκροτουμένην

184 807 289 843 πληθύν
299 816 306 822 ·
323 804 340 844 ᾖ
362 809 478 843 συνῆσαν
489 810 536 836 καὶ
549 809 700 846 λειτουργοὶ
713 810 792 843 Θεοῦ,
806 811 830 837 οἳ
844 811 894 843 τὰς
908 812 977 847 ὑπὲρ

183 853 317 895 βασιλέως
348 855 480 891 διηνεκεῖς
507 856 644 890 ὲξετέλουν
671 857 815 892 λατρείας,
837 858 881 884 ὅτε
902 858 976 894 παρὰ

181 901 238 932 τοῖς
259 900 366 932 πολλοῖς
387 901 441 937 (55)
459 901 518 928 οὐδὲ
536 901 614 938 μέχρι
631 901 709 937 ψιλοῦ
727 903 848 938 ῥήματος
869 903 899 929 τὺ
920 903 975 929 τῶν

183 945 316 973 Θεοσεϐὦν
332 946 509 982 χρηματίζειν
524 949 702 984 συνεχωρεῖτο
713 948 801 982 γένος.

1040 307 1080 333 cia
1095 307 1247 336 diutissime
1262 307 1434 346 praebuisset,
1454 321 1537 342 unum
1557 317 1667 352 quidem
1697 327 1834 349 summoti:

1038 353 1158 380 omnium
1171 354 1255 382 Deum
1282 363 1443 392 agnoscens,
1462 367 1557 389 eorum
1575 370 1640 391 vero
1665 365 1711 400 qui
1743 366 1834 402 plures

1038 400 1102 426 deos
1116 400 1238 428 colerent
1258 403 1426 437 impietatem
1455 408 1651 444 condemuans,
1669 416 1697 439 et
1720 400 1831 442 sancto-

1038 453 1098 471 rum
1112 446 1252 474 hominum
1269 449 1472 483 precationibus
1486 453 1595 482 domum
1619 463 1697 484 suam
1711 459 1832 495 undique

1036 491 1208 526 munivissetI
1221 494 1355 529 reliquum
1369 495 1497 531 deinceps
1511 499 1573 526 vitae
1587 504 1692 537 tempus
1704 491 1830 540 expedite

1035 543 1067 564 ac
1082 538 1227 573 tranquille
1241 547 1348 568 summa
1363 549 1425 568 cum
1442 542 1528 577 gloria
1553 548 1677 581 exegisse
1705 538 1804 578 dicitur
1819 560 1827 577 :

1035 591 1147 618 compos
1160 585 1218 620 ejus
1233 585 1374 614 felicitatis
1388 595 1468 623 quam
1484 591 1566 626 vulgo
1589 594 1731 627 perhibent
1751 597 1778 624 in
1794 605 1828 625 eo

1033 629 1148 662 positam
1166 637 1236 663 esse,
1253 635 1283 657 ut
1303 639 1392 667 neque
1414 633 1450 660 ab
1465 634 1526 662 aliis
1551 636 1711 673 alliciamur,
1738 648 1826 676 neque

1032 674 1101 702 alios
1118 675 1167 710 ipsi
1187 676 1337 705 adiciamus
1367 679 1502 709 molestia.
1518 682 1559 709 Ad
1572 683 1644 710 hunc
1659 684 1742 720 igitur
1764 674 1824 715 nio-

1031 721 1094 747 dutn
1114 725 1172 749 toto
1191 722 1299 757 imperii
1320 724 1361 751 sui
1378 729 1510 760 tempore,
1530 729 1602 762 quod
1616 731 1749 764 mquabile
1762 740 1824 767 per-

1030 768 1112 798 petuo
1123 773 1155 792 ac
1168 765 1303 800 placidum
1320 768 1381 802 fuit,
1395 770 1551 800 universam
1573 772 1716 809 familiam,
1728 765 1823 813 conju-

1029 817 1088 845 gem
1107 811 1212 839 scilicet
1235 820 1268 840 ac
1289 813 1388 843 liberos
1400 824 1460 843 cum
1478 819 1604 847 omnibus
1620 821 1762 856 ministris,
1776 811 1821 851 uni

1028 859 1148 885 omnium
1168 859 1234 895 Regi
1256 860 1311 888 Deo
1337 865 1515 897 consecravit,
1543 866 1610 894 adeo
1624 872 1654 893 ut
1679 869 1821 897 multitudo

1028 911 1122 931 eorum
1141 905 1186 939 qui
1219 906 1247 932 in
1275 907 1359 942 ipsius
1390 909 1492 943 palatio
1517 911 1599 939 simul
1628 916 1819 949 versabantur.

991 947 1013 973 B
1028 949 1099 976 nulla
1116 957 1146 977 re
1162 950 1195 977 ab
1209 950 1331 979 Ecclesia
1348 953 1397 981 Dei
1412 955 1543 984 differret.
1564 956 1637 986 inter
1650 967 1718 994 quos
1741 947 1819 989 erant

181 992 263 1019 etiam
280 992 399 1019 ministri
420 993 476 1027 Dei,
493 993 539 1028 qui
557 994 694 1021 ccntinuis
723 994 923 1029 precationibus
950 1001 999 1029 pro
1023 995 1111 1022 salute
1133 996 1263 1031 principis
1284 996 1369 1025 Deum
1396 1001 1594 1029 venerabantur
1612 1013 1618 1031 :
1637 992 1697 1032 cum
1727 1010 1817 1037 tamen

181 1040 262 1075 vulgo
278 1040 350 1075 apud
366 1041 434 1069 alios
449 1049 482 1068 ne
510 1041 597 1076 ipsum
623 1041 732 1077 quidem
756 1042 803 1069 Dei
829 1043 963 1070 cultorum
986 1050 1083 1075 nomen
1100 1043 1223 1078 proferre
1236 1044 1278 1072 fas
1292 1052 1375 1074 esset.

438 1087 586 1114 ΚΕΦΑΔΑΙ
593 1087 638 1114 ΟΝ
659 1088 712 1115 IH'.

180 1133 239 1160 Ὀτι
262 1133 475 1169 Διοκλητιαιςοῦ
495 1134 544 1161 καὶ
566 1133 754 1167 Μαξιμιανοῦ
777 1134 968 1169 ἀποδυσαμέ-

213 1177 283 1201 νων,
296 1168 410 1208 πρῶτος
422 1167 766 1208 ἦν’-..λοιπὺνβῦγουστος
779 1171 795 1195 ό
807 1167 968 1196 Κωνστᾶν-

211 1213 275 1236 Hoc
294 1205 328 1231 ὲν
350 1204 489 1237 εὐτεκνίᾳ
513 1204 622 1240 κομῶν.

212 1249 324 1281 Τούτοις
338 1250 360 1276 δ’
376 1250 491 1284 ἐγγύθεν
507 1250 582 1285 αὐτῷ
598 1250 631 1276 τὰ
646 1251 695 1286 τῆς
714 1251 746 1277 ἐκ
761 1250 829 1277 Θεοῦ
848 1260 969 1287 παρακο-

176 1295 266 1322 λουθεῖ
278 1296 405 1332 ἀμοιϐῆς,
418 1297 482 1323 ὣστ’
495 1296 546 1331 ἤδη
561 1296 607 1323 καὶ
620 1297 762 1332 πρωτείων
774 1298 824 1333 τῆς
834 1298 969 1332 αὐτοκρα-

175 1343 287 1379 τορικῆς
310 1343 396 1379 ἀρχῆς
429 1344 581 1378 μετασχεῖν.
605 1343 636 1369 Οἱ
664 1344 713 1378 μὲν
739 1343 793 1379 γὰρ
822 1343 860 1378 τῷ
881 1344 967 1380 χρόνῳ

176 1387 352 1422 προάγοντες,
375 1387 425 1414 οὐκ
445 1385 493 1414 οἷδ’
510 1388 584 1419 ὅπως
604 1387 784 1421 ὑπεξίσταντο
799 1388 849 1424 τῆς
868 1388 965 1424 ἀρχῆς,

175 1433 265 1465 αὐτοῖς
282 1433 382 1468 ἀθρόας
403 1433 552 1469 μεταϐολῆς
570 1433 638 1469 μετὰ
660 1434 690 1460 τὸ
711 1433 818 1470 πρῶτον
839 1433 898 1466 ἔτος
916 1434 966 1468 τῆς

174 1480 228 1506 τῶν
246 1479 414 1515 Ἐκκλησιῶν
426 1480 582 1514 πολιορκίας
597 1480 652 1515 (56)
669 1480 871 1516 ὲπισκηψάσης,
887 1480 966 1516 μόνος

173 1526 202 1552 δὲ
223 1525 315 1553 λοιπὸν
342 1526 530 1558 Κωνστάντιος
553 1526 662 1561 πρῶτος
677 1525 830 1560 Αὔγουστος
852 1526 898 1552 καὶ
922 1535 965 1552 σε-

173 1570 273 1602 ϐαστὸς
290 1570 481 1605 ἀνηγορεύετο,
499 1571 530 1597 τὸ
550 1572 598 1606 μὲν
615 1571 755 1607 καταρχὰς
767 1571 806 1607 τῷ
817 1571 871 1598 τῶν
884 1572 964 1598 αὺτο-

172 1616 314 1652 κρατόρων
331 1616 479 1652 Καισάρων
498 1616 644 1652 διαδήματι
667 1617 891 1653 λαμπρυνόμενος
918 1619 963 1644 καὶ

171 1661 275 1688 τούτων
295 1661 452 1697 ἀπειληφὼς
468 1662 502 1689 τὰ
522 1663 629 1698 πρῶτα,
654 1662 723 1697 μετὰ
740 1662 768 1688 δὲ
786 1662 836 1697 τὴν
853 1663 881 1688 ὲν
899 1663 962 1689 τοὺ-

171 1715 228 1740 τοις
255 1707 378 1743 δοκιμὴν,
411 1709 445 1744 τῇ
474 1708 529 1734 τῶν
557 1709 686 1735 ἀνωτάτω
712 1708 787 1744 παρὰ
818 1709 962 1743 Ῥωμαίοις

172 1755 315 1789 ἐκοσμεῖτο
340 1756 419 1790 τιμῇ,
449 1755 557 1790 πρῶτος
586 1754 715 1786 σεδαστὺς
743 1754 881 1790 τεττάρων
906 1754 960 1780 τῶν

172 1800 285 1836 ὕστερον
304 1800 516 1835 ἀναδειχθέντων
532 1800 586 1836 (57)
607 1800 790 1835 χρηματίσας.
810 1800 889 1827 Ἀλλὰ
913 1801 959 1826 καὶ⁴

170 1847 296 1882 εὐτεκνίᾳ
321 1848 400 1882 μόνος
428 1848 503 1884 παρὰ
528 1850 590 1879 τοὺς
617 1847 730 1878 πολλοὺς
758 1847 960 1882 αὐτοκράτορας

168 1893 308 1929 διήνεγκε,
321 1894 424 1921 παίδων
438 1895 561 1930 ἀρρένων
574 1894 620 1920 καὶ
640 1893 754 1929 θηλειῶν
769 1893 896 1928 μέγιστον
912 1902 958 1928 χο‹

169 1939 216 1975 ρὸν
236 1939 449 1975 συστησάμενος.
477 1940 584 1975 Ἐπειδὴ
607 1939 634 1966 δὲ
659 1940 727 1975 πρὸς
752 1938 826 1974 αὐτῷ
849 1938 958 1974 λιπαρῷ

168 1985 253 2021 γήρᾳ,
269 1986 302 2021 τῇ
330 1987 405 2021 κοινῇ
425 1986 504 2020 φύσει
524 1986 554 2013 τὸ
578 1985 665 2021 χρεὼν
684 1985 841 2017 ἀποδιδοὺς,
864 1985 956 2012 λοιπὸν

167 2030 215 2057 ἰοὖ
230 2030 287 2066 βίον
301 2031 492 2067 μεταλλάττειν
504 2031 627 2067 ἔμελλεν,
639 2029 756 2057 ἐνταῦθα
770 2029 850 2056 πάλιν
863 2030 877 2056 ὁ
890 2030 956 2062 Θεὸς

161 2110 162 2113 “
203 2111 260 2146 (52)
280 2111 353 2139 Θεὸν
373 2111 427 2138 τὸν
444 2111 493 2138 ἐπὶ
508 2110 638 2138 πάντων,
658 2111 737 2138 Deest
752 2110 890 2146 ὁμολογῶν
906 2116 953 2138 aut

166 2146 232 2182 qtiid
247 2147 344 2174 simile.
357 2147 385 2173 In
398 2147 506 2182 seltedis
519 2147 612 2181 Regiis
625 2150 686 2180 post
700 2147 854 2182 ha-c_ver_ba
871 2146 951 2181 μόνον

169 2180 220 2217 μὲν
235 2182 432 2217 856v,additur
445 2181 479 2209 ad
495 2180 642 2216 marginem
656 2180 792 2217 ἐπιγνούς.
811 2180 953 2217 Turnebus

166 2215 234 2243 vero
258 2222 285 2244 et
306 2216 423 2244 Savilius
447 2222 507 2251 post
527 2215 620 2243 vocem
652 2216 697 2243 ἐπὶ
718 2215 828 2242 πάντων
851 2216 953 2243 addunt

167 2251 253 2284 εἰδώς.
266 2251 319 2280 Sed
331 2252 425 2279 melior
433 2256 474 2278 est
488 2251 566 2278 lectio
575 2251 618 2277 illa
631 2259 710 2285 quam
723 2259 756 2278 ex
770 2251 877 2278 scltedis
891 2259 953 2286 pro-

167 2287 227 2314 tuli.
244 2287 310 2314 Nam
323 2287 434 2314 verbum
451 2286 578 2320 ἐπιγνούς
599 2286 740 2319 eleganter
755 2286 902 2320 opponitur
916 2286 952 2318 ei,

166 2324 239 2356 quod
251 2322 373 2357 proxime
385 2322 507 2357 sequitur
521 2320 714 2356 κατεγνωκὼς.
731 2321 758 2348 In
775 2321 869 2348 codice
883 2320 950 2348 Fuit.

175 2356 298 2384 scribitur
317 2356 406 2384 εἰδώς.

166 2365 298 2384 ΕΟΙῚΙΗΠΙΓ
317 2365 406 2389 ειοως.

168 2427 172 2428 ν
203 2392 259 2428 (55)
280 2393 367 2427 Vulg.,
386 2392 442 2427 Τῆς
458 2391 531 2426 ζωῆς
541 2391 861 2428 διαπρέψαιηηεηι-ἰριιε
876 2391 953 2418 Savi-

166 2426 220 2454 lius
237 2426 270 2454 ad
280 2426 355 2454 oram
370 2426 421 2455 sui
433 2428 534 2455 codicis
545 2428 695 2458 adnotavit,
709 2426 779 2454 forte
798 2428 952 2454 addendum

165 2470 226 2490 esse
236 2462 354 2496 λέγεται.
367 2462 420 2490 Sed
440 2463 517 2497 longe
531 2463 628 2489 melior
637 2466 679 2488 est
688 2462 854 2495 emendatio,
869 2469 950 2496 quam

166 2499 194 2533 in
207 2499 318 2525 schedis
330 2498 421 2533 l’tegiis
434 2497 466 2524 ad
482 2498 552 2524 latus
567 2497 834 2533 ascriptamjnveni.
851 2497 950 2533 εὐστα-

164 2532 199 2568 λῆ
212 2532 303 2560 λοιπὸν
316 2534 363 2560 καὶ
372 2530 513 2575 ἆτάραχον
523 2533 574 2573 τῆς
590 2531 664 2566 ζωῆς
676 2530 799 2574 atteriqu
816 2531 882 2575 βίον.
901 2532 952 2559 Co-

164 2568 216 2604 dex
237 2568 303 2604 Frult.
321 2569 404 2596 habet
417 2577 424 2595 :
442 2568 567 2603 Ευσταλη
582 2567 674 2594 λοιπὸν
688 2574 736 2593 και
751 2574 796 2595 ατ.
813 2575 862 2603 την
877 2567 950 2604 ζωὴν

163 2602 364 2674 διῖἒῖξψῖἴδὴ
374 2638 522 2673 μακάρων
532 2637 609 2665 εἶναι
624 2645 710 2672 φασι.
724 2637 827 2674 Adlodit
841 2638 874 2674 ad
893 2638 950 2665 die-

165 2671 223 2700 tuth
239 2675 347 2708 Epicuri
357 2671 404 2701 Vde
425 2671 478 2702 Deo
495 2681 502 2699 :
517 2674 555 2700 Τὸ
563 2671 707 2728 μακάριον
720 2671 781 2699 οὕτε
799 2673 949 2735 ’πάγματα

165 2707 222 2735 Erat
242 2709 319 2735 αὐτὸ.
336 2709 397 2735 οὒτε
420 2709 491 2735 ἄλλω
505 2718 629 2735 manu.
651 2713 681 2735 ut
704 2707 786 2735 refert
830 2716 949 2735 emeatus

163 2707 222 2744 ἔχει
242 2707 397 2749 αἰετὸ,⁸οῠτε
505 2707 629 2749 παρέχει,
648 2707 681 2736 ὶιι
697 2707 786 2749 refert
805 2707 949 2749 N_emes_ius

163 2752 225 2778 cap.
314 2744 411 2772 Cicero
434 2745 481 2772 lib.
496 2752 505 2771 ι
520 2744 558 2772 De
571 2750 668 2771 natura
686 2745 805 2778 deorum,
822 2744 947 2772 Laertius

162 2786 224 2814 ΙΜΕ-
295 2801 304 2808 -
491 2813 495 2814 ν

153 2799 346 2851 ,νῗῖέόῖτὸτε
362 2814 442 2851 παρὰ
454 2813 517 2847 τοῖς
532 2814 667 2847 πολλοῖς.
684 2813 713 2841 ln
731 2814 839 2842 schedis
854 2799 956 2851 Regiis.

163 2848 259 2884 ultima
272 2857 323 2877 vox
339 2848 447 2884 punctis
459 2851 604 2877 subnotata
619 2854 671 2880 est.
686 2854 714 2877 et
734 2848 946 2884 superscribitur

162 2883 276 2920 λοιποῖς,
293 2883 362 2920 quod
380 2885 465 2919 magis
486 2884 580 2919 probo.
598 2883 838 2920 Porrorante'htec
863 2884 945 2911 verba

162 2918 192 2946 in
207 2918 497 2949 iisdem'scltedis’btec
512 2920 647 2948 adduntur
660 2919 694 2946 ad
711 2919 876 2954 marginem:
891 2919 944 2947 Καὶ

1252 1092 1335 1128 41⁵1
1359 1093 1474 1123 CAPUT
1491 1096 1583 1125 XVIII.

1024 1134 1101 1178 Qu’od
1123 1139 1396 1178 post-abdicationem
1416 1141 1577 1172 Diocletiani
1591 1151 1617 1173 el
1642 1147 1802 1178 Maximiani

1057 1170 1227 1213 pauitantia:
1242 1176 1344 1208 primu:
1359 1176 1493 1212 Augustus
1508 1170 1574 1214 fuit,

1056 1214 1177 1232 nmmus.

1086 1215 1177 1241 stgrus.

1057 1252 1142 1280 Porro
1154 1261 1201 1281 eas
1219 1254 1252 1281 ob
1277 1263 1321 1283 res
1343 1264 1396 1284 non
1422 1258 1466 1285 diu
1491 1260 1605 1294 posthac
1628 1265 1780 1293 mercedem
1797 1273 1811 1293 a

1020 1296 1075 1324 Deo
1094 1304 1135 1324 est
1150 1305 1313 1328 consecutus
1325 1321 1332 1333 .
1350 1302 1375 1329 in
1391 1308 1495 1332 tantum
1512 1311 1541 1332 ut
1557 1307 1675 1340 primum
1705 1311 1810 1345 imperii

1019 1342 1106 1370 locum
1118 1345 1263 1373 obtineret.
1281 1346 1349 1375 Nam
1367 1356 1428 1375 curn
1447 1351 1570 1380 seniores
1587 1354 1702 1388 Augusti
1719 1342 1812 1385 nescio

1018 1396 1071 1423 quo
1084 1396 1164 1425 pacto
1180 1391 1297 1427 imperio
1317 1401 1347 1422 se
1367 1395 1556 1430 abdicassent,
1586 1408 1646 1435 qure
1669 1405 1810 1437 repentina

1018 1437 1140 1471 mutatio,
1159 1439 1281 1473 proximo
1292 1446 1352 1474 post
1368 1442 1544 1471 ecclesiarum
1558 1447 1727 1476 eversionem
1736 1457 1811 1478 anno

1017 1482 1070 1510 illis
1085 1484 1216 1519 contigit,
1238 1485 1312 1513 solus
1325 1487 1423 1515 exinde
1439 1488 1617 1518 Constantius
1628 1493 1733 1527 primus
1748 1495 1807 1522 Au-

1016 1533 1110 1562 gustus
1139 1530 1312 1558 renuntiatus
1334 1537 1387 1560 est.
1412 1532 1462 1566 Qui
1495 1535 1571 1562 initio
1589 1537 1698 1570 quidem
1714 1539 1807 1567 Caesa—

1016 1581 1075 1599 rum
1102 1573 1253 1609 diademate
1271 1583 1345 1616 _cum
1371 1576 1480 1604 Galerio
1504 1578 1659 1613 decoratus,
1688 1581 1808 1616 priorem

1014 1619 1127 1653 gradum
1142 1614 1306 1654 obtinuerat,
1334 1627 1428 1656 postea
1443 1630 1509 1650 vero
1520 1631 1582 1651 cum
1598 1625 1624 1652 in
1638 1625 1681 1653 illa
1689 1614 1808 1654 Caesaris

1015 1665 1148 1700 dignitate
1172 1667 1310 1702 egregium
1337 1668 1379 1695 sui
1410 1669 1548 1703 specimen
1569 1671 1709 1706 edidisset,
1728 1680 1806 1700 sum-

1014 1719 1086 1738 mum
1098 1713 1167 1746 apud
1183 1712 1321 1742 Romanos
1334 1713 1446 1742 honoris
1457 1714 1597 1751 fastigium
1614 1717 1730 1753 adeptus
1744 1724 1785 1746 est
1796 1739 1805 1751 .

1013 1756 1085 1783 inter
1099 1762 1216 1791 quatuor
1235 1759 1279 1793 qui
1300 1760 1470 1793 postmodum
1495 1761 1631 1797 designati
1651 1767 1725 1797 sunt,
1745 1765 1803 1799 pri-

1013 1810 1073 1829 mus
1090 1802 1231 1836 Augustus
1248 1804 1410 1838 appellatus.
1428 1806 1481 1833 Sed
1494 1811 1523 1834 et
1535 1815 1688 1836 numerosa:
1700 1809 1805 1837 sobolis

1010 1848 1168 1881 praestantia
1186 1849 1305 1884 reliquos
1316 1849 1496 1884 imperatores
1510 1853 1669 1886 superavit,
1685 1854 1804 1882 maximo

1011 1892 1158 1920 liberorum
1171 1895 1311 1930 utriusque
1329 1903 1411 1923 sexus
1427 1897 1511 1924 choro
1529 1898 1725 1927 circumdatus.
1751 1900 1803 1928 De-

1010 1937 1092 1972 nique
1105 1946 1167 1966 cum
1185 1939 1212 1966 in
1227 1944 1350 1968 extrema
1374 1946 1514 1969 senectute
1543 1944 1659 1977 positus,
1680 1945 1801 1973 debitum

1010 1985 1148 2012 communi
1168 1991 1271 2014 natura:
1290 1987 1480 2022 perscluturus
1509 1994 1590 2023 atque
1614 1996 1646 2017 ex
1666 1991 1717 2019 hac
1740 1991 1802 2020 luce

1010 2030 1178 2067 migraturus
1203 2036 1286 2065 esset,
1306 2033 1345 2060 ibi
1361 2032 1433 2061 Deus
1449 2034 1637 2062 admirabilem
1651 2037 1806 2071 potentiam.

1005 2111 1090 2150 ταῦτα
1105 2113 1180 2149 παρὰ
1203 2114 1276 2149 μόνῳ
1299 2114 1367 2149 τῷδε
1388 2115 1564 2142 συνετελεῖτο.
1588 2116 1675 2150 Quam
1697 2118 1797 2145 eruditi

1007 2148 1154 2185 antiquarii
1178 2148 1360 2182 coujeéturam
1384 2156 1525 2184 sequetur,
1551 2148 1607 2185 qui‘
1622 2154 1703 2179 volet.
1729 2153 1797 2181 Mihi

1006 2183 1115 2216 quidem
1131 2184 1190 2211 haec
1205 2184 1286 2211 verba
1306 2193 1358 2212 non
1376 2183 1504 2212 videntur
1519 2183 1686 2214 necessaria.

1043 2217 1099 2256 (56)
1118 2219 1199 2256 Μετὰ
1212 2219 1245 2256 [ὸ
1261 2219 1379 2254 πρῶτον
1393 2220 1460 2253 ἔτος
1469 2220 1524 2254 τῆς
1537 2220 1597 2247 τῶν
1610 2221 1797 2256 Ἑκκλησιῶν

1007 2255 1193 2288 πολιορκίας.
1212 2254 1261 2282 Hic
1279 2256 1356 2283 locus
1374 2256 1401 2282 in
1423 2257 1518 2289 primis
1534 2258 1670 2284 notandus
1684 2254 1736 2285 est.
1755 2259 1796 2287 Ex

1006 2295 1038 2314 eo
1060 2290 1327 2327 qu_ippe_coll_igitur,
1352 2291 1568 2325 persecutionem
1595 2297 1714 2327 coeptam
1734 2301 1795 2320 esse

1006 2325 1148 2351 consalatu
1160 2325 1318 2352 Diocletiani
1330 2331 1437 2358 octavo,
1451 2331 1478 2352 et
1490 2325 1647 2354 Maximiani
1662 2329 1794 2361 septimo;

1005 2366 1058 2385 non
1077 2365 1165 2386 autem
1188 2361 1328 2394 superiore
1349 2369 1432 2393 anno,
1457 2366 1485 2387 ιιι
1506 2361 1564 2388 vult
1587 2361 1730 2389 Baronius.
1756 2363 1794 2390 De

1004 2401 1055 2430 qua
1074 2401 1103 2421 re
1121 2395 1244 2430 pluribus
1255 2396 1390 2430 disputavi
1409 2396 1442 2423 ad
1460 2397 1506 2423 lib.
1528 2403 1577 2423 vut
1602 2397 1792 2424 Historiarum.

1004 2428 1071 2455 Cum
1089 2428 1162 2456 enim
1182 2428 1305 2457 aﬂirmet‘
1316 2431 1459 2463 Eusebius,
1474 2439 1545 2458 anno
1563 2436 1624 2465 post
1637 2432 1790 2460 inchoatam

1003 2464 1220 2497 persecutionem
1239 2466 1322 2500 impp.
1337 2466 1533 2493 Diocletianum
1550 2464 1577 2493 et
1594 2467 1790 2494 Maximianum

1003 2507 1151 2532 purpuram
1174 2501 1329 2535 deposuisse
1347 2510 1354 2528 :
1378 2501 1462 2535 idque
1476 2501 1510 2528 ab
1530 2502 1583 2529 illis
1605 2502 1707 2529 factum
1729 2509 1790 2530 esse

1002 2539 1116 2571 constet,
1132 2542 1204 2562 anno
1231 2535 1330 2563 Christi
1354 2536 1416 2568 504,
1440 2536 1466 2563 id
1490 2538 1647 2564 necessario
1667 2537 1790 2571 sequitur

1002 2569 1073 2602 quod
1092 2569 1158 2601 dixi,
1181 2571 1396 2605 persecutionem
1420 2572 1527 2598 scilicet
1549 2569 1714 2599 Diocletiani
1731 2579 1787 2599 cte-

1001 2609 1074 2638 ptam
1089 2612 1150 2632 esse
1165 2613 1236 2632 anno
1251 2605 1351 2633 Christi
1370 2607 1452 2633 tertio
1469 2614 1499 2633 ac
1515 2607 1716 2634 trecentesimo.

1037 2638 1093 2674 (57)
1115 2639 1264 2674 Tertdpm-
1282 2641 1341 2667 τῶν
1363 2641 1493 2675 ὕστερον
1508 2642 1597 2669 ὰναδ.
1621 2642 1738 2670 Savilius
1755 2642 1788 2669 ad

1000 2682 1076 2701 oram
1087 2676 1138 2711 sui
1152 2677 1254 2703 codicis
1273 2677 1388 2709 notavit,
1410 2677 1460 2704 hos
1477 2684 1598 2711 quatuor
1614 2685 1685 2709 esse,
1707 2676 1788 2704 Gale-

1000 2710 1070 2736 rium
1085 2710 1289 2747 Maximianum,
1309 2711 1442 2739 Severum
1456 2710 1493 2738 et’
1501 2712 1690 2744 Maximinum,
1704 2720 1787 2747 quar-

1000 2750 1055 2783 tutn
1083 2746 1344 2783 verorMaxentium.
1366 2746 1418 2774 Sed
1443 2747 1515 2782 quod
1540 2748 1649 2783 quidem
1673 2746 1786 2774 ad’tres

1018 2781 1103 2808 riores
1115 2782 1222 2814 attinet,
1238 2783 1373 2810 assentior
1386 2781 1503 2815 Savilio;
1514 2781 1640 2816 quartum
1655 2789 1718 2818 vero
1731 2790 1785 2809 non

997 2788 1174 2842 :iaxentium.
1196 2817 1242 2842 sed
1257 2818 1344 2842 insum
1355 2818 1547 2842 Constantium
1559 2825 1620 2842 esse
1637 2818 1783 2842 contendo.

1026 2816 1174 2852 axentium.
1196 2817 1242 2844 sed
1257 2818 1344 2852 ipsum
1355 2818 1547 2845 Constantium
1559 2825 1620 2846 esse
1637 2816 1783 2845 contendo.

998 2851 1101 2888 Quippe
1114 2851 1274 2888 Maxentius
1282 2860 1336 2881 non
1348 2853 1400 2881 nisi
1411 2858 1471 2888 post
1489 2857 1604 2882 mortem
1619 2853 1785 2887 Constantii,

996 2886 1141 2921 imperium
1157 2887 1289 2924 arripuit._
