2013 3179
247 139 300 168 959

527 195 641 223 CAPUT
664 196 756 224 XXIII.

297 255 429 282 Interim:
458 259 630 289 tyrannorum
655 254 738 281 brevis
760 257 980 283 commemoratio.

279 321 374 357 Qualis
391 328 456 349 vero
471 321 562 349 exitus
587 321 670 347 fuerit
698 321 810 348 aliorum
828 321 874 355 qui
899 321 1034 349 Ecclesias

245 368 292 396 Dei
303 374 430 403 tanquam
445 367 548 394 indicto
564 367 634 393 bello
647 372 848 402 oppugnarunt,
863 375 1032 402 nequaquam

245 414 289 442 hic
309 413 576 441 commemorandum
600 420 661 440 esse
676 413 750 444 duxi,
765 420 814 440 nee
832 412 963 440 bonorum
977 420 1034 440 tne-

245 461 369 491 moriam,
394 459 526 486 malorum
555 463 660 485 attexta
686 459 946 485 commemoratione
973 466 1032 486 esse

244 506 408 534 violandam.
426 505 569 532 Sutiiciunt
583 510 658 531 certe
682 511 726 531 res
743 504 816 538 ipsae,
831 504 864 531 ad
874 498 1032 539 'reprimen-

244 552 293 579 dos
312 557 339 578 et
352 551 378 578 in
390 550 478 578 cilicio
493 549 670 576 continendos
687 556 733 576 eos
742 549 785 583 qui
796 555 905 576 scenam
924 557 1031 576 omnem

244 596 430 624 calamitatum
443 603 504 629 quze
519 594 631 629 singulis
647 593 755 621 illorum
779 594 947 628 acciderunt,
968 595 1032 630 ipsis

244 643 331 670 oculis
343 648 424 676 atque
437 641 549 668 auribus
564 648 703 674 accepere.

518 685 631 713 CAPUT
653 685 745 712 XXIV.

279 734 357 766 Quod
384 732 573 760 Constantinus
598 732 736 765 imperium
762 732 810 759 Dei
832 733 941 760 arbitrio
962 733 996 760 sit

555 772 720 794 σοηεεειιιιω.

280 815 307 842 In
325 814 398 842 hunc
424 813 532 840 modum
555 813 741 840 universorum
770 819 866 841 auctor
887 819 915 841 et
948 814 1030 842 totius

603 136 735 165 EUSEBII
755 137 995 166 C/ESARIENSIS
1013 139 1088 167 OPP.
1110 138 1198 166 PARS
1218 137 1236 165 I.
1258 154 1290 158 —
1311 138 1507 166 IIIS'I'OIIICA.

1821 139 1874 166 940

1330 198 1523 224 ΚΕΦΑΛΔΙΟΝ
1545 197 1607 224 K1".

1110 244 1308 279 Καταστροφὴ
1335 244 1393 271 τῶν
1590 243 1628 269 δι’
1651 242 1850 277 ὑπομνήσεως

1462 288 1526 314 me.

1120 325 1179 352 Τῶν
1194 325 1222 351 δὲ
1236 325 1322 352 ἄλλων
1338 325 1396 351 ὅσοι
1409 325 1458 356 τὰς
1473 325 1619 359 ἐκκλησίας
1640 324 1686 351 τοῦ
1704 323 1770 350 Θεοῦ
1792 322 1874 350 πολέ-

1085 380 1136 406 μου
1152 371 1227 406 νόμῳ
1241 371 1382 406 μετῆλθον,
1395 372 1444 403 τὰς
1458 371 1504 398 τοῦ
1526 371 1583 406 βίου
1603 369 1805 406 καταστροφὰς,
1821 370 1873 396 οὐκ

1083 416 1151 444 εἶναι
1167 417 1272 453 πρέπον
1290 417 1383 453 ἔκρινα
1400 418 1438 453 τῷ
1462 418 1574 454 παρόντι
1592 417 1757 453 παραδοῦναι
1774 417 1872 452 διηγή-

1085 471 1160 498 ματι,
1176 463 1234 489 οὐδὲ
1248 463 1297 495 τὰς
1309 463 1362 489 τῶν
1377 463 1486 497 ἀγαθῶν
1503 464 1612 499 μνήμας
1625 464 1657 498 τῇ
1674 463 1726 489 τῶν
1742 463 1872 489 ἐναντίων

1083 508 1233 544 παραθέσει
1251 509 1376 544 μιαίνειν.
1397 510 1530 545 Ἀπαρκεῖ
1544 510 1573 536 δὲ
1589 510 1605 544 ἡ
1618 509 1672 536 τῶν
1688 510 1776 545 ἔργων
1790 511 1872 544 πεῖρα

1083 554 1150 590 πρὸς
1163 555 1351 590 σωφρονισμὸν
1378 555 1432 582 τῶν
1448 556 1543 588 αὑταῖς
1558 556 1635 590 ὕψεσι
1650 556 1696 583 καὶ
1710 557 1805 587 ἀκοαῖς
1821 555 1871 589 τὴν

1082 601 1136 628 τῶν
1153 602 1260 638 ἑκάστῳ
1275 602 1486 638 συμϐεϐηκότων
1501 602 1706 638 παρειληφότων
1722 601 1852 636 ἱστορίαν.

1336 692 1532 718 ΚΕΦΑΛΛΙΟΝ
1549 692 1610 718 ΚΔ’.

1111 736 1171 762 ’Ὁτι
1191 736 1343 769 ,βουλήσει
1368 738 1442 804 ἰξοῦ
1458 737 1684 770 Κωνστιιντῐνινς
1707 738 1780 772 ἔσχε
1804 737 1838 764 τὸ

1402 773 1564 800 (laetemur.

1402 773 1564 800 ασιλεύειν.

1117 815 1195 843 θῦτω
1219 817 1250 852 δὴ
1271 818 1472 844 Κωνσταντῖνον
1496 817 1616 844 τοιούτου
1645 817 1730 852 φύντα
1755 817 1869 853 πατρὸς,

245 860 338 888 mundi
357 859 511 887 moderator
533 859 602 885 Deus
627 858 833 886 Constantinum
860 859 905 886 tali
919 866 1026 894 parente

1082 863 1199 898 ἄρχοντα
1222 864 1268 889 καὶ
1295 863 1468 899 καθηγεμόνα
1492 865 1506 889 ὁ
1524 863 1577 890 τῶν
1601 863 1669 890 ὅλων
1684 863 1759 895 Θεὸς,
1785 864 1799 889 ὀ
1820 863 1869 890 τοῦ

246 907 377 942 genitum,
409 905 491 942 420
514 905 664 940 principem
682 911 764 939 atque
779 905 967 940 imperatorem
984 914 1031 939 per

245 961 274 981 se
291 954 348 988 ipse
367 953 489 986 provexit
503 961 510 978 :
524 951 590 978 adeo
610 957 649 983 ut,
661 959 722 977 cum
744 951 835 978 caateri
859 959 953 979 omnes
964 952 1030 979 alio-

243 1009 302 1027 nnn
317 999 448 1034 suﬂragio
465 999 536 1025 hunc
559 998 690 1026 honorem
710 999 847 1026 consecuti
868 999 932 1030 sint,
957 1000 1031 1027 solus

244 1046 287 1073 hic
317 1045 398 1072 fuerit
422 1044 456 1072 de
479 1043 557 1078 cujus
585 1043 757 1078 promotione
783 1052 863 1072 nemo
877 1046 1029 1073 mortaliqu

243 1092 416 1127 gloriaretur.

524 1135 640 1163 CAPUT
663 1135 748 1164 XXV.

295 1191 464 1219 Commmini
478 1192 509 1218 de
526 1190 661 1218 Britannis
675 1197 698 1218 et
716 1192 836 1219 barbaris
851 1193 976 1220 victoriae.

277 1261 422 1296 Postquam
450 1261 533 1297 igitur
562 1261 587 1287 in
610 1260 724 1294 imperio
751 1260 873 1288 ﬁrmatus
893 1267 951 1295 est,
973 1262 1030 1296 pri-

242 1315 315 1334 muni
342 1307 449 1340 quidem
475 1306 582 1342 imperii
601 1306 727 1341 partibus
751 1306 801 1333 sibi
822 1313 836 1333 a
856 1311 932 1341 patre
957 1313 1030 1334 tran-

241 1353 351 1388 seriptis
368 1353 523 1388 prospicere
535 1353 633 1387 ccepit;
648 1353 787 1380 universas
803 1353 956 1387 provincias
970 1363 1030 1389 quae

243 1405 322 1427 antea
353 1400 403 1426 sub
429 1399 514 1433 patris
541 1398 775 1425 administratione
810 1397 933 1430 fuerant.
968 1407 1028 1426 cum

243 1452 348 1471 summa
362 1444 529 1470 humanitate
544 1441 781 1477 perlustrans.Sed
797 1449 825 1470 et
841 1443 969 1472 barbaros
984 1445 1028 1479 qui

242 1491 276 1518 ad
293 1490 419 1517 Rhenum
435 1495 462 1516 et
480 1489 674 1516 occidentalem
689 1497 821 1516 oceanum
840 1490 919 1524 positi
945 1498 1028 1518 novos

242 1542 332 1564 motus
346 1535 485 1563 concitare
500 1535 557 1561 ausi
575 1540 676 1567 essent,
705 1541 816 1562 cunctos
836 1543 891 1562 sua:
905 1536 1022 1564 domina-

244 1583 310 1610 tioni
329 1581 485 1615 subiiciens,
502 1587 535 1607 ex
557 1580 622 1608 feris
639 1586 796 1608 mansuetos
814 1582 939 1609 reddidit.
953 1582 1028 1611 Alios

243 1636 308 1656 vero
325 1628 472 1662 reprimere
483 1631 639 1659 contentus,
656 1631 782 1662 tanquam
797 1627 868 1654 feras
885 1627 985 1656 bestias
995 1630 1029 1656 ab

243 1674 349 1708 imperii
372 1674 414 1700 sui
439 1673 538 1700 ﬁnibus
566 1673 713 1700 absterruit
731 1681 737 1699 ε
755 1681 802 1700 eos
817 1674 942 1702 videlicet
961 1683 1029 1710 quo-

244 1728 302 1748 rum
327 1719 490 1746 insanabiles
508 1719 612 1745 animos
627 1719 660 1745 ad
679 1719 852 1753 tranquillam
868 1725 895 1746 et
910 1721 1027 1754 quietem

243 1766 350 1793 vivendi
375 1765 508 1791 rationem
531 1765 636 1791 traduci
656 1764 728 1792 nullo
745 1766 824 1793 modo
847 1773 926 1800 posse
943 1767 1028 1793 unim-

243 1813 406 1840 adverterat.
427 1811 530 1844 Quibus
560 1818 593 1838 ex
624 1811 705 1837 animi
730 1813 862 1838 sententia
886 1813 1025 1845 conlectis.

243 1858 360 1892 reliquas
379 1858 455 1884 orbis
470 1863 560 1891 partes
577 1857 627 1883 sibi
650 1857 684 1884 ob
701 1858 793 1886 oculos
808 1866 968 1893 proponens,
985 1859 1027 1885 in-

243 1906 319 1932 terim
334 1905 443 1940 quidem
459 1906 588 1932 adversus
598 1904 769 1932 Britannicas
786 1910 880 1940 gentes
891 1906 917 1932 in
933 1906 1028 1932 intimo

238 1951 334 1978 oceani
362 1958 470 1978 recessu
494 1951 559 1978 sitas
586 1951 703 1986 trajecit.
723 1950 774 1977 Eas
792 1957 858 1977 vero
876 1957 938 1977 cum
961 1950 1026 1977 sub—

236 1997 352 2032 egisset,
377 1997 410 2024 ad
428 1997 497 2024 alias
516 1998 608 2025 mundi
626 2003 717 2032 partes
731 1997 825 2024 oculos
839 1996 982 2029 convertit,
998 2001 1025 2022 ut

239 2053 272 2073 ea
286 2052 346 2079 quae
365 2045 466 2072 auxilio
483 2045 566 2078 ipsius
581 2045 749 2079 indigebant,
764 2047 932 2079 personaret.

520 2089 634 2116 CAPUT
652 2087 746 2116 XXVI.

276 2135 413 2168 Quomodo
438 2135 548 2162 Romam
557 2135 691 2197 fluendi
717 2134 856 2169 tyrannide
878 2134 991 2161 liberare

577 2175 708 2197 ecrevertt.

577 2175 708 2197 ecrevertt.

274 2217 396 2245 Posthzec
411 2217 568 2244 universum
590 2222 725 2244 terrarum
742 2216 835 2243 orbem
855 2215 941 2242 instar
956 2215 1023 2242 vasti
1040 2232 1062 2260 υ

239 2264 380 2300 cujusdam
395 2263 518 2298 corporis
531 2263 624 2290 animo
644 2263 810 2296 complexus,
833 2262 972 2296 ipsamque
985 2266 1024 2289 to-

239 2311 293 2338 tius
310 2311 400 2337 mutuli
417 2315 496 2344 caput
511 2315 537 2336 et
554 2309 660 2344 imperii
681 2308 794 2335 Romani
815 2308 1022 2335 dominatricem

239 2357 345 2387 urbem,
370 2358 508 2392 tyrannica
528 2355 713 2382 dominatione
737 2361 893 2389 oppressam
915 2353 1023 2387 conspi-

274 2414 330 2448 (65)
351 2413 441 2448 ang.,
457 2413 516 2447 Τὴν
530 2411 744 2448 προσαγωγήνν
754 2411 933 2439 Scribemlnm
948 2411 1019 2448 vide-

240 2446 283 2476 tur
309 2446 494 2484 προαγωγὴν(
516 2446 608 2476 ἰιίθει
632 2446 839 2484 promotionem,
867 2446 1018 2484 προκοπήν.

238 2482 380 2518 Atque'ita
394 2482 536 2510 Turnebus
548 2484 581 2510 ad
594 2491 670 2510 oram
686 2483 726 2509 sui
741 2482 842 2509 codicis
853 2482 1019 2512 emendant,

239 2525 267 2546 ut
284 2525 374 2553 postea
395 2520 525 2553 comperi.

274 2549 328 2588 ('66)
365 2549 550 2580 Ἐπισθὶοπῶν
581 2553 664 2587 ἔθνη.
694 2549 740 2579 Sic
766 2551 898 2588 Eusebius
923 2557 1020 2588 vocare

237 2586 306 2616 solet
320 2586 473 2623 provincias
486 2588 576 2622 populi
591 2588 716 2620 ltomani,
728 2592 757 2613 ut
768 2595 800 2614 ex
816 2587 939 2623 pluribus
951 2586 1019 2612 locis

237 2621 346 2658 probari
367 2623 445 2651 facile
461 2621 558 2657 potest.
574 2624 619 2649 Λιι
634 2623 715 2658 igitur
730 2621 1019 2658 EusebiusCoustan-

239 2656 337 2690 tinum,
355 2659 435 2685 simul
451 2664 531 2692 atque
548 2656 688 2692 imperium
712 2657 770 2691 ejus
791 2656 938 2683 stabilitum
965 2659 1019 2686 est,

239 2694 391 2728 provincias
407 2691 501 2720 omnes
525 2691 650 2726 qum-sul)
669 2693 783 2728 imperio
798 2691 888 2728 patris
899 2691 1018 2728 fuerant,

238 2725 379 2763 diligenter
390 2730 498 2755 obiisse.
521 2725 597 2762 Quod
616 2736 668 2754 non
683 2725 813 2754 intellexit
825 2725 1019 2759 Cbristophor-

237 2769 328 2789 BUIIIIS.

273 2798 328 2832 (67)
349 2799 429 2824 Κατὰ
445 2798 546 2832 λόγον.
569 2797 623 2824 Hoc
636 2797 696 2824 loco
714 2795 785 2823 κατὰ
799 2794 962 2832 Myovjdem
976 2795 1017 2832 _vi-

237 2829 395 2859 deiur'esac
415 2841 446 2859 ac
465 2829 535 2859 κάτά
557 2832 628 2858 νοῦν.
649 2832 725 2864 Quod
746 2833 855 2865 quidem
876 2829 1017 2857 Portesius

240 2868 322 2894 etiam
335 2867 412 2895 vidit.
425 2869 458 2894 At
471 2868 744 2902 Christophorsonus,
759 2870 787 2894 et
800 2866 871 2894 hunc
884 2865 971 2893 locum
986 2870 1013 2892 et

1083 910 1240 945 σύμπαντος
1257 910 1358 944 κόσμου
1378 909 1508 945 πρύτανις
1521 930 1528 940 ,
1545 909 1577 935 δι’
1592 909 1687 935 ἑαυτοῦ
1712 909 1868 945 προεχειρί-

1081 956 1157 989 ζετο,
1177 956 1215 988 ὡς
1233 957 1333 992 μηδένα
1357 956 1507 992 ἀνθρώπων
1530 956 1611 991 μόνου
1636 956 1711 982 τοῦδε
1734 957 1782 991 τὴν
1799 965 1868 992 προ-

1081 1003 1191 1038 αγωγὴν
1209 1003 1262 1038 (65)
1277 1003 1404 1038 αὐχῆσαι,
1418 1002 1471 1028 τῶν
1486 1002 1572 1029 ἄλλων
1587 1002 1617 1034 ἐξ
1629 1002 1790 1037 ἐπικρίσεως
1809 1001 1869 1029 ἑτι-

1083 1057 1137 1084 ρων
1150 1049 1198 1084 τῆς
1211 1048 1294 1084 τιμῆς
1310 1047 1479 1084 ἠξιωμένων.
1508 1084 1512 1088 Ι

1330 1136 1527 1162 ΚΕΦΑΛΑΙΟΝ
1547 1136 1610 1162 KE’.

1081 1183 1309 1210 Κωνσταντίγου
1333 1182 1408 1209 κατὰ
1433 1181 1594 1243 ϐαρϐάρων
1621 1181 1669 1208 καὶ
1693 1181 1868 1216 Βρεττανῶν

1426 1226 1445 1243 γ
1458 1225 1516 1243 και.

1426 1225 1516 1244 ruat.

1122 1265 1166 1296 Ὧς
1185 1262 1231 1292 οὖν
1247 1265 1294 1292 ἐπὶ
1313 1264 1362 1299 τῆς
1388 1263 1526 1298 βασιλείας
1544 1263 1651 1298 ἵδρυτο,
1669 1263 1736 1295 τέως
1754 1263 1802 1298 μὲν
1817 1264 1868 1299 τῆς

1081 1310 1216 1346 πατρικῆς
1231 1309 1355 1346 προενόει
1370 1309 1483 1344 λήξεως,
1500 1308 1655 1334 ἐπισκοπῶν
1672 1309 1718 1334 σὺν
1732 1309 1814 1344 πολλῇ
1833 1310 1866 1344 τῇ

1081 1355 1269 1390 φιλανθρωπίᾳ
1287 1353 1365 1380 πάνθ’
1381 1354 1431 1380 ὅσα
1445 1353 1576 1388 πρότερον
1598 1353 1660 1388 ἔθνη
1683 1353 1737 1388 (66)
1760 1353 1813 1379 ὑπο
1832 1355 1867 1390 τῇ

1079 1402 1125 1428 τοῦ
1147 1401 1249 1437 πατρὸς
1272 1400 1354 1436 μοίρᾳ
1378 1400 1586 1435 διεκυϐερνᾶτο,
1605 1399 1655 1426 ὅσα
1670 1407 1699 1425 τε
1715 1400 1779 1435 γένη
1797 1399 1867 1435 βαρ-

1081 1447 1180 1483 βάρων,
1199 1447 1251 1474 τῶν
1268 1447 1339 1482 ἀμφὶ
1347 1447 1439 1481 Ῥῆνον
1455 1446 1585 1481 ποταμὸν,
1599 1445 1723 1481 ἐσπὲριὸν
1737 1454 1765 1472 τε
1782 1445 1869 1473 ὠκεα-

1079 1494 1124 1519 νὸν
1145 1493 1280 1525 οἰκοῦντα,
1310 1493 1461 1524 στασιάζειν
1476 1492 1587 1527 ἐτόλμα,
1605 1491 1683 1518 πάνθ’
1697 1492 1866 1525 ὑποτάττων,

1079 1540 1171 1576 ἥμερα
1183 1539 1212 1572 ἐξ
1229 1539 1381 1566 ἁτιθάσσων
1398 1538 1592 1573 κατειργάζετο
1601 1558 1607 1570 ,
1624 1537 1690 1565 ἄλλα
1704 1538 1725 1564 δ’
1737 1539 1868 1564 ἀναστέλ-

1079 1585 1143 1616 λων,
1160 1585 1252 1620 ὦσπερ
1269 1587 1345 1616 τινὰς
1363 1585 1448 1621 θῆρας
1469 1585 1591 1620 ἀγρίους,
1612 1584 1738 1611 ἀπεσόϐει
1758 1585 1807 1619 τῆς
1825 1587 1866 1612 οἰ-

1079 1633 1165 1664 κείας,
1177 1633 1226 1658 ὅσα
1242 1641 1294 1668 περ
1310 1632 1427 1663 ἀνιάτως
1441 1631 1535 1666 ἔχοντα
1549 1632 1615 1667 πρὸς
1629 1631 1731 1667 ἡμέρου
1745 1631 1802 1666 βίον
1822 1641 1868 1659 κω

1078 1679 1208 1705 τάστασιν
1231 1678 1313 1715 ἐώρα.
1345 1679 1423 1705 Ἐπεὶ
1449 1678 1476 1704 δὲ
1500 1678 1586 1704 ταῦτα
1607 1678 1677 1704 κατὰ
1702 1674 1781 1712 λόγον
1809 1679 1866 1713 (67)

1078 1725 1166 1751 ἔκειτο
1182 1725 1266 1760 αὐτῷ,
1284 1724 1333 1756 τὰς
1349 1724 1444 1756 λοιπὰς
1460 1724 1510 1758 τῆς
1532 1724 1692 1759 οἰκουμένης
1707 1724 1796 1759 λήξεις
1812 1725 1867 1760 πρὸ

1077 1771 1222 1806 ὀφθαλμῶν
1238 1771 1358 1806 θέμενος,
1373 1770 1441 1802 τέως
1457 1769 1506 1805 μὲν
1523 1770 1568 1795 ἐπὶ
1585 1770 1616 1796 τὰ
1630 1770 1784 1805 Βρεττανῶν
1800 1770 1865 1808 ἔθνη

1079 1816 1133 1851 (68)
1149 1816 1291 1848 διέϐαινεν,
1308 1815 1380 1842 ἔνδον
1397 1815 1439 1840 ἐπ’
1454 1814 1527 1849 αὐτῷ
1543 1814 1654 1849 κείμενα
1671 1814 1792 1849 ὠκεανῷ,
1811 1824 1866 1842 πα-

1079 1863 1281 1898 ραστησάμενος
1303 1862 1331 1888 δὲ
1356 1861 1451 1892 ταῦτα,
1476 1860 1612 1888 διεσκόπει
1636 1861 1684 1892 τὰς
1699 1861 1794 1896 ἑτέρας
1815 1861 1865 1889 τοῦ

1078 1909 1177 1940 παντὸς
1203 1909 1310 1944 μοίρας,
1331 1908 1369 1940 ὡς
1391 1908 1423 1934 ἂν
1441 1907 1586 1942 θεραπεύοι
1607 1907 1640 1934 τὰ
1659 1907 1782 1943 βοηθείας
1805 1907 1867 1936 δεό-

1078 1963 1156 1989 μενα.

1323 2087 1520 2114 ΚΕΦΑΛΑΙΟΝ
1540 2085 1612 2121 Kq'.

1077 2147 1172 2180 Ὅπως
1186 2146 1300 2180 Ῥώμην
1310 2145 1509 2180 ἐλευθερῶσαι
1520 2144 1686 2176 Μαξεντίου
1700 2144 1862 2178 προῄρητο.

1110 2213 1168 2242 Εἶθ’
1187 2215 1281 2250 ὥσπερ
1305 2214 1374 2250 μέγα
1394 2214 1482 2250 σῶμα,
1503 2214 1533 2240 τὸ
1554 2214 1608 2240 πᾶν
1629 2213 1680 2248 τῆς
1701 2214 1864 2249 οἰκουμένης

1078 2262 1206 2297 ἐννοήσας
1226 2262 1354 2295 στοιχεῖον
1367 2280 1374 2292 ,
1398 2260 1515 2287 κᾶπειτα
1530 2260 1579 2295 τὴν
1598 2259 1645 2285 τοῦ
1665 2258 1763 2290 παντὸς
1781 2267 1863 2293 κεφα-

1074 2307 1133 2342 λὴν,
1156 2307 1206 2342 τῆς
1227 2306 1369 2341 Ῥωμαίων
1387 2305 1474 2341 ἀρχῆς
1496 2305 1544 2340 τὴν
1564 2304 1755 2340 βασιλεύουσαν
1771 2304 1861 2337 πόλιν,

1075 2353 1221 2388 τυραννικῇ
1242 2351 1348 2386 δουλείᾳ
1364 2350 1475 2377 συνιδὼν
1492 2350 1716 2385 καθυπηγμένην,
1735 2349 1863 2384 παρεχώ-

1074 2415 1160 2438 totum
1172 2413 1253 2442 caput
1265 2416 1360 2442 parum
1378 2408 1494 2434 feliciter
1509 2408 1702 2442 interpretatus
1715 2411 1766 2442 est.

1109 2445 1164 2479 (68)
1188 2441 1333 2478 Τέως-μὲν
1344 2443 1393 2470 ἐπὶ
1407 2444 1443 2469 τὰ
1457 2442 1630 2479 Βρεττανῶν
1649 2443 1731 2475 ἔθνη.
1754 2441 1791 2469 De
1808 2441 1860 2469 hac

1075 2477 1232 2514 traiectione
1260 2479 1428 2506 Constantini
1456 2478 1483 2504 in
1509 2477 1690 2514 Britanniam,
1715 2485 1794 2514 uento
1823 2484 1858 2504 ex

1075 2511 1211 2542 veteribus
1223 2514 1369 2547 quidquam
1388 2513 1506 2547 scripsit.
1517 2512 1610 2546 Itaque
1623 2511 1681 2545 ejus
1699 2512 1736 2538 rei
1752 2519 1858 2538 memo-

1076 2551 1143 2577 riam
1166 2551 1215 2576 soli
1233 2549 1351 2576 Eusebio
1369 2549 1509 2577 debemus.
1533 2548 1578 2579 qui
1600 2552 1627 2574 et
1649 2548 1734 2581 ipsum
1751 2551 1859 2578 tempus

1075 2592 1128 2612 non
1151 2586 1267 2612 obseure
1294 2585 1343 2611 hoc
1366 2583 1424 2610 Ioco
1447 2583 1619 2609 subludicat:
1645 2581 1724 2615 paulo
1748 2582 1858 2608 scilicet

1074 2625 1137 2646 ante
1160 2627 1241 2654 quam
1261 2619 1455 2654 Constantinus
1488 2618 1688 2654 expeditionem
1723 2616 1857 2654 adversus

1075 2651 1240 2681 Maxentium
1255 2655 1415 2688 susciperet.
1427 2653 1548 2688 Contigit
1564 2652 1646 2688 igitur
1657 2652 1713 2678 haec
1723 2651 1857 2678 Constan-

1075 2690 1122 2716 tini
1140 2690 1166 2716 in
1181 2686 1348 2715 Britanniam
1371 2688 1505 2721 trajectio,
1524 2686 1687 2714 Maximiano
1708 2694 1757 2712 VIII
1794 2693 1853 2713 cos.

1075 2732 1148 2751 anno
1171 2724 1272 2751 Christi
1291 2723 1433 2750 undecimo
1454 2730 1486 2749 ac
1507 2722 1709 2752 trecentesimo,
1731 2727 1760 2747 ιιι
1778 2726 1855 2747 recte

1074 2760 1176 2786 notavit
1197 2759 1323 2792 Sigonius
1344 2759 1371 2784 in
1393 2757 1439 2784 lib.
1458 2765 1476 2783 ιι
1499 2757 1535 2783 De
1550 2756 1714 2783 Occidentnli
1731 2756 1852 2792 imperio.

1071 2794 1105 2820 At
1117 2791 1233 2821 Savilius
1249 2794 1391 2820 Eusebium
1404 2793 1447 2819 hic
1459 2792 1515 2819 falli
1531 2791 1705 2819 existimavit.
1718 2791 1764 2818 Sic
1779 2791 1853 2816 enim

1069 2835 1144 2856 notat
1158 2830 1191 2856 ad
1206 2830 1275 2855 hunc
1289 2830 1376 2855 locum
1390 2837 1397 2853 ι
1417 2837 1426 2852 ι
1444 2827 1578 2854 Eusebius
1594 2828 1734 2861 ignorasse
1746 2826 1854 2851 videtur

1067 2870 1170 2898 patrem
1184 2863 1354 2892 Constantini
1374 2862 1489 2890 Eboraci
1502 2862 1528 2889 in
1546 2861 1687 2889 Britannia
1710 2861 1821 2888 obiisse.
1838 2868 1849 2886 ι
