2013 3179
196 158 251 186 9-l9

741 153 784 192 ui:
802 164 882 192 VITA
901 165 1131 194 CONSTANTINI
1152 168 1215 195 LIB.
1235 168 1258 197 1.

1767 175 1819 202 950

198 217 360 254 ἀτιμότατα]
384 219 440 250 τοῖς
461 219 588 255 ἀνδράσιν
607 221 755 258 ἀπέπεμπε
766 245 772 256 ,
790 225 836 251 καὶ
850 225 924 252 ταῦτ’
938 227 967 252 οὐ

1019 249 1023 257 λ
1039 228 1152 255 maritos
1166 229 1282 255 remisit.
1302 228 1394 263 Neque
1412 237 1477 257 vero
1493 230 1617 258 homines
1629 231 1763 260 obscuros
1777 239 1818 259 at-

197 261 323 297 ἀσήμοις,
343 263 396 289 οὐδ’
410 264 547 298 ἀφανέσιν,
564 266 620 292 ἀλλ’
634 268 725 300 αὐτοῖς
742 270 913 306 ἐμπαροινῶν
927 273 982 303 τοῖς

195 308 231 335 τὰ
255 311 376 344 πρωτεῖα
400 310 450 345 τῆς
473 311 527 338 τῶν
547 312 688 347 Ῥωμαίων
712 316 861 351 συγκλήτου
887 316 1002 352 βουλῆς·

196 354 351 390 κατέχουσι.
370 356 489 392 Μυρίαις
504 357 553 392 μὲν
581 357 626 385 οὖν
641 359 795 396 ἐλευθέραις
808 363 929 396 γυναιξὶν
945 363 983 390 ἐν-

196 399 314 434 υ6ρίςων
335 402 474 437 αἰσχρῶς,
502 403 551 430 οὐκ
574 402 645 439 εἶχεν
658 405 731 437 ὅπως
762 407 910 443 ἐμπλήσειε
934 410 982 444 τὴν

195 444 301 480 ἀκρατῆ
316 447 362 473 καὶ
377 448 522 476 ἀκόλαστον
539 451 621 478 αὑτοῦ
640 451 737 489 ψυχήν.
759 455 802 486 Ὠς
815 456 843 482 δὲ
858 457 903 483 καὶ
917 458 982 493 Χρι-

196 493 316 523 στιαναῖς
332 494 479 530 ἐνεχείρει,
501 496 546 522 καὶ
563 497 650 524 οὐκέθ’
664 497 718 531 οἷός
734 509 763 526 τε
784 499 818 536 ἦν
833 502 887 535 (85)
903 504 982 531 εὐπο-

196 536 256 571 ρίαν
278 539 334 570 τοῖς
361 539 471 572 οίκείοις
494 542 698 579 ἐπιθυμήμασιν
726 547 851 575 ἐπινοεῖν.
880 549 980 576 Θᾶττον

195 579 260 612 γοῦν
281 581 329 630 τὴν
351 582 439 618 ψυχὴν
461 584 613 613 θανατῶσαι
634 589 706 625 (86),
725 591 740 626 ἥ
760 592 790 618 τὸ
812 593 889 628 σῶμα
907 595 980 630 αὐτῷ

194 625 370 661 παρεχώρουν
383 628 430 654 ἐπὶ
447 629 549 665 φθορὰν
565 628 654 660 αὗται.

448 676 645 705 ΚΕΦΛΛΑΙΟΝ
663 681 723 707 AA’.

197 717 288 751 Ὅπως
311 719 330 753 ὴ
349 720 402 747 τοῦ
419 721 553 766 ἐπάρχου
575 723 627 785 ἑὰ
645 729 846 763 σωφροσύνην
867 730 979 765 ἑαυτὴν

519 767 582 784 are:
605 767 649 785 εν.

519 767 649 787 ανειαίεν.

225 799 283 826 Μία
299 800 364 846 γοῦν
376 810 418 833 τις
432 802 487 829 τῶν
500 804 591 831 αὐτόθι
607 807 794 842 συγκλητικῶν
809 810 912 846 ἀνδρῶν
929 812 977 846 τὴν

191 843 309 880 ἔπαρχον
322 845 467 874 διεπόντων
483 849 616 885 ἐξουσίαν,
634 852 672 884 ὡς
685 854 848 887 ὲπιστάντας
859 856 897 892 τῷ
911 856 978 893 οἴκῳ

1036 281 1090 308 que
1106 274 1251 309 ignobiles,
1271 275 1319 301 scd
1333 275 1405 310 ipsos
1421 276 1554 309 primores
1571 282 1682 305 senatus
1692 277 1815 311 Romani,

1034 326 1066 345 eo
1078 319 1254 346 contumelia:
1268 327 1366 353 genere
1381 319 1481 347 affecit.
1503 320 1636 348 Caeterum
1656 330 1716 349 cum
1739 323 1818 350 innu-

1034 373 1124 392 meras
1139 366 1195 393 fere
1209 366 1339 393 mulieres
1354 366 1485 400 ingenuas
1503 367 1573 395 ftede
1585 368 1708 401 violaret,
1723 370 1817 396 immo-

1033 412 1155 438 deratam
1174 417 1264 439 tamen
1278 413 1360 438 animi
1373 413 1415 439 sui
1429 413 1569 440 libidinem
1598 414 1750 442 nullatenus
1766 423 1814 450 po—

1034 457 1237 492 teratexplere.
1256 457 1307 485 Sed
1326 463 1467 495 postquam
1493 460 1619 487 mulieres
1645 461 1814 490 Christianas

1033 502 1181 530 sollicitare
1200 504 1294 538 ccepit,
1313 503 1392 530 nullis
1407 505 1514 530 artibus
1529 505 1659 537 perlicere
1673 507 1772 540 potuit,
1785 513 1814 533 ut

1031 554 1124 574 earum
1153 555 1301 582 congressu
1323 548 1468 576 frueretur.
1487 548 1533 575 Ila:
1558 558 1674 584 namque
1695 552 1812 578 animam

1025 592 1084 618 leto
1099 591 1231 625 objicere,
1247 598 1328 626 quam
1348 600 1447 627 corpus
1466 592 1489 620 ei
1511 593 1543 620 ad
1559 599 1683 628 stuprum
1702 595 1813 628 permit-

1032 640 1088 662 tere
1106 636 1251 664 malebant.

1292 682 1407 710 CAPUT
1428 682 1548 710 XXXIV.

1032 725 1172 759 Quomodo
1189 735 1257 754 uxor
1274 727 1404 762 pra'fecti,
1427 729 1562 762 pudicitia:
1579 731 1711 757 servanda:
1732 738 1812 758 causa

1259 768 1369 789 mortem
1383 763 1431 789 sibi
1448 765 1581 790 conscivit.

1065 807 1190 841 Qumdam
1204 816 1236 835 ex
1252 809 1306 842 his,
1319 813 1400 843 nupta
1418 810 1546 836 senatorii
1567 810 1672 838 ordinis
1688 811 1747 841 viro
1764 811 1810 846 qui

1029 853 1217 888 praefecturam
1232 854 1453 887 administrabat,
1472 863 1533 882 cum
1555 856 1687 883 satellites
1711 857 1810 890 quibus

190 891 252 922 τοὺς
268 891 302 916 τὰ
317 892 426 919 τοιαῦτα
441 893 479 928 τῷ
492 895 614 932 τυράννῳ
626 897 851 934 διακονουμένους
863 901 968 928 ἐπύθετε

1032 904 1163 934 tyrannus
1184 901 1335 935 hujusmodi
1348 900 1511 935 ﬂagitiorum
1525 901 1657 928 ministris
1671 903 1808 933 utebatur,

190 933 349 972 (Χριστιανὴ
363 937 386 963 δ’
398 935 441 973 ἦν)
458 939 502 965 τόν
519 941 541 967 τ’
554 942 637 977 ἄνδρα
651 943 696 969 τὸν
708 933 793 978 αὐτῆς
806 945 884 980 ἔγνω,
900 947 975 979 δέους

188 980 285 1014 ἕνεκα,
301 982 432 1016 λαῧόντας
451 986 550 1022 αὐτὴν,
573 988 688 1023 ἀπάγειν
709 990 853 1024 κελεῦσαι,
873 992 975 1028 βραχὺν

188 1026 468 1067 ὑποπαραιτησαμένη
494 1032 603 1067 χρόνον,
621 1034 658 1066 ὡς
675 1035 708 1062 ἂν
728 1036 774 1062 τοῦ
790 1036 913 1073 σώματος
928 1039 974 1066 τὸν

188 1073 290 1108 συνήθη
315 1075 487 1110 περιϐάλοιτο
507 1078 624 1113 κόσμον,
653 1080 765 1108 εἴσεισιν
787 1083 832 1109 ἐπὶ
857 1084 903 1110 τοῦ
927 1093 974 1111 τα-

187 1118 265 1151 μείου
276 1127 282 1133 ·
307 1121 352 1146 καὶ
372 1122 539 1157 μονωθεῖσα,
556 1123 631 1158 ξίφος
646 1126 692 1151 τοῦ
716 1127 826 1163 στέρνου
843 1130 971 1164 πήγνυσι,

185 1165 303 1193 θανοῦσά
321 1176 350 1193 τε
371 1170 541 1205 παραχρῆμα
553 1191 559 1203 ,
578 1171 623 1198 τὸν
643 1172 691 1207 μὲν
713 1175 807 1210 νεκρὸν
827 1177 883 1207 τοῖς
907 1186 970 1212 προ-

185 1213 303 1246 αγωγοῖς
319 1214 494 1247 καταλείπει,
513 1217 603 1252 ἔργοις
617 1218 639 1244 δ’
653 1219 761 1255 ἁπάσης
780 1222 972 1263 γεγωνοτέροις

185 1258 286 1293 φωνῆς,
306 1260 346 1286 ὅτι
362 1261 441 1295 μόνον
457 1262 550 1297 χρῆμα
563 1264 695 1300 ἀήττητόν
709 1274 738 1291 τε
750 1266 796 1291 καὶ
810 1258 970 1303 ἀνώλεθρον,

183 1305 200 1339 ἡ
228 1303 351 1341 βοωμένη
377 1307 451 1342 παρὰ
464 1308 637 1344 Χριστιανοῐς
657 1312 816 1348 σωφροσύνη
839 1313 970 1348 πέφυκεν,

182 1352 223 1382 είς
237 1352 339 1384 πάντας
354 1353 524 1389 ἀνθρώπους,
546 1356 609 1389 τούς
626 1366 655 1384 τε
675 1357 722 1385 νῦν
741 1359 818 1390 liveat;
838 1368 885 1386 και
908 1361 971 1393 τοὺς

183 1397 330 1431 μετέπειτα
358 1401 555 1435 γενησομένους
583 1402 721 1439 ἐξέφηνεν.
750 1405 823 1440 Αὕτη
851 1412 900 1440 μεν
924 1404 969 1434 οὖν

182 1443 293 1480 τοιαύτη
310 1453 352 1476 τις
368 1445 456 1482 ὤφθη.

437 1536 633 1564 ΚΕΦΑΛΑῙΟΝ
650 1538 712 1564 ΛΕ’.

221 1577 382 1614 Ἆναίρεσις
398 1580 493 1616 δήμου
514 1583 662 1617 Ῥωμαίων
675 1584 735 1611 ὑπὸ
748 1585 926 1617 Μαξεντίου.

214 1624 265 1650 Τὸν
274 1625 302 1651 δὲ
318 1627 447 1659 τοιούτοις
462 1629 647 1664 ἐπιτολμῶντα
663 1630 763 1662 πάντες
780 1631 965 1668 ὑπεπτηχότες

178 1669 258 1705 δῆμοι
271 1672 317 1698 καὶ
330 1671 469 1708 ἄρχοντες,
486 1673 586 1706 ἔνδοξοί
597 1684 626 1701 τε
638 1676 685 1702 καὶ
697 1675 794 1708 ἄδοξοι,
808 1677 879 1713 δεινῇ
896 1687 964 1705 κατ-

176 1717 320 1752 ετρύχοντο
347 1720 494 1754 τυραννίδι.
510 1721 564 1746 Καὶ
586 1721 639 1747 οὐδ’
659 1723 833 1757 ἠρεμούντων
849 1724 895 1750 καὶ
915 1724 964 1760 τὴν

176 1762 277 1797 πικρὰν
299 1763 434 1798 φερόντων
456 1764 591 1797 δουλείαν,
615 1766 757 1803 ἀπαλλαγή
779 1776 819 1799 τις
842 1768 915 1803 ὅμως
930 1767 963 1804 ἦν

174 1807 224 1842 τῆς
243 1808 289 1834 τοῦ
312 1809 443 1845 τυράννου
459 1809 583 1847 φονώσης
606 1811 756 1848 ὠμότητος.
787 1814 847 1840 Ἐπὶ
863 1816 965 1850 σμικρᾷ

175 1853 240 1886 γοῦν
269 1855 318 1890 ἤδη
352 1856 416 1882 ποτέ
453 1858 601 1891 προφάσει,
636 1857 682 1884 τὸν
713 1858 797 1894 δῆμον
823 1860 863 1890 είς
887 1860 964 1893 φόνον

175 1902 231 1932 τοῖς
245 1901 313 1936 ἀμφ’
330 1902 410 1929 αὑτὸν
432 1903 591 1938 δορυφόροις
608 1903 723 1937 ἐξεδίδου
738 1913 744 1919 ⁵
764 1905 810 1932 καὶ
830 1907 964 1933 ἐκτείνετο

176 1947 260 1982 μυρία
276 1948 364 1984 πλήθη
387 1949 433 1974 τοῦ
457 1949 542 1984 δήμου
563 1950 706 1985 Ῥωμαίων
725 1953 767 1977 ἐπ’
781 1952 862 1978 αὐτοῦ
881 1953 962 1988 μέσου

173 1993 220 2018 τοῦ
241 1993 361 2026 ἄστεως,
389 1995 418 2021 οὺ
436 1994 546 2022 Σκυθῶν
567 1996 582 2032 ἢ
609 1995 772 2032 βαρϐάρων,
797 1997 853 2024 ἀλλ’
876 1998 964 2026 αὐτῶν

172 2039 226 2066 τῶν
242 2041 349 2067 οἰκείων
364 2041 457 2077 δόρασι
475 2042 521 2068 καὶ
537 2043 706 2074 πανοπλίαις.
722 2043 912 2079 Συγκλητικῶν
929 2054 960 2079 γε

173 2085 226 2120 μὴν
242 2086 321 2120 φόνος
340 2087 401 2118 ὅσος
418 2087 450 2114 δι’
464 2088 608 2123 ἐπιϐουλὴν
622 2090 761 2124 ἐνηργεῖτο
776 2090 824 2125 τῆς
846 2091 959 2117 ἑκάστου

171 2132 338 2166 περιουσίας,
354 2133 407 2160 οὐδ’
423 2133 657 2170 ἐξαριθμήσασθαι
670 2135 789 2167 δυνατὸν,
803 2136 896 2162 ἄλλοτε
914 2137 959 2164 ἄλ-

170 2177 229 2210 λαις
251 2179 456 2214 πεπλασμέναις
470 2181 570 2213 αἰτίαις
588 2182 692 2217 μυρίων
711 2182 921 2218 ἀναιρουμένων.

1027 953 1077 980 pro
1108 946 1211 973 foribus
1235 948 1329 974 adesse
1356 947 1542 980 comperisset.
1569 946 1651 982 425
1671 953 1698 974 et
1721 948 1808 975 virutn

1026 999 1104 1019 suum
1118 998 1190 1019 metu
1209 993 1334 1020 adactum
1351 994 1510 1028 permisisse
1526 993 1578 1020 illis
1595 999 1623 1020 ut
1638 1001 1668 1020 se
1692 994 1809 1028 prehen-

1006 1034 1082 1063 ‘sam
1109 1038 1275 1065 abducerent
1300 1039 1370 1073 (erat
1396 1043 1484 1066 autem
1518 1039 1614 1066 mulier
1639 1039 1816 1071 Christiana).

1024 1082 1106 1109 breve
1134 1083 1262 1118 temporis
1287 1085 1402 1118 spatium
1422 1085 1531 1112 concedi
1552 1085 1602 1112 sibi
1627 1084 1757 1120 flagitavit
1773 1087 1806 1112 ad

1024 1135 1123 1162 corpus
1139 1128 1253 1155 solemni
1281 1129 1353 1156 cultu
1376 1130 1573 1157 exornandam.
1598 1129 1630 1156 Et
1653 1130 1806 1157 cubiculum

1025 1173 1156 1208 ingressa,
1173 1174 1256 1201 solam
1273 1181 1301 1201 se
1318 1175 1438 1201 relictam
1454 1175 1680 1210 videns,gladiutn
1701 1175 1805 1210 pectori

1024 1219 1155 1246 immersit
1178 1227 1186 1251 ;
1212 1220 1358 1254 statimque
1375 1220 1541 1253 exanimata,
1567 1221 1683 1248 cadaver
1695 1222 1803 1256 quidem

1022 1264 1229 1298 perductoribus
1254 1265 1373 1300 reliquit,
1394 1265 1460 1299 ipsis
1478 1273 1542 1293 vero
1556 1266 1635 1293 factis
1653 1274 1712 1301 quze
1729 1268 1803 1294 omni

1022 1317 1088 1336 voce
1111 1309 1212 1337 clarius
1239 1315 1378 1341 resonant,
1399 1311 1505 1338 cunctis
1530 1312 1575 1345 qui
1599 1319 1668 1339 nunc
1692 1317 1755 1339 sunt
1774 1317 1805 1340 οε,

1022 1355 1066 1390 qui
1080 1356 1192 1391 posthac
1205 1362 1285 1383 erunt
1300 1358 1458 1384 mortalibus
1471 1358 1629 1391 declaravit,
1642 1360 1800 1394 pudicitiam.

1022 1407 1105 1435 penes
1120 1401 1192 1428 solos
1212 1402 1379 1429 christianos
1395 1403 1522 1430 invictam
1538 1409 1619 1440 atque
1631 1407 1802 1442 inexpugna-

1021 1445 1112 1478 bilem,
1124 1453 1173 1474 nec
1187 1447 1267 1474 morti
1277 1447 1422 1475 obnoxiam
1436 1455 1507 1476 esse.
1522 1449 1611 1485 Atque
1622 1451 1678 1479 haec
1691 1453 1799 1486 quidem

1020 1491 1056 1520 ita
1076 1499 1104 1518 se
1116 1492 1210 1527 gessit.

1173 1571 1182 1579 ,
1290 1541 1405 1569 CAPUT
1422 1541 1531 1572 xxxv.

1125 1584 1215 1613 Clades
1229 1586 1319 1621 populi
1331 1586 1444 1614 Romani
1456 1588 1536 1622 jussu
1553 1588 1694 1618 Maxentii.

1054 1632 1120 1659 Eum
1138 1632 1220 1666 igitur
1237 1632 1270 1659 ad
1287 1633 1419 1667 ejusmodi
1436 1633 1556 1662 facinora
1574 1644 1635 1664 cum
1656 1638 1728 1664 omni
1751 1646 1801 1665 su-

1017 1679 1094 1706 aacia
1110 1684 1331 1713 prorutnpentem
1344 1673 1434 1707 cuncti
1448 1681 1664 1715 reformidantes,
1679 1689 1730 1711 tant
1745 1687 1800 1719 plet

1018 1724 1060 1751 bei
1073 1732 1153 1759 quam
1170 1725 1356 1758 magistratus,
1375 1730 1428 1752 lant
1451 1727 1554 1754 nobiles
1575 1736 1655 1762 quam
1679 1730 1799 1762 obsettri,

1017 1771 1180 1805 gravissima
1210 1772 1352 1806 tyrannide
1374 1774 1609 1807 opprimebantur.
1630 1776 1668 1802 Ac
1692 1777 1799 1804 tametsi

1015 1816 1107 1850 quiete
1121 1821 1241 1850 agerent,
1259 1821 1287 1844 et
1301 1818 1506 1846 acerbissimam
1524 1821 1681 1848 servitutem
1696 1823 1800 1856 patien-

1017 1866 1056 1888 ter
1071 1863 1230 1894 tolerarem,
1248 1872 1281 1891 tte
1300 1866 1340 1893 sic
1361 1871 1451 1892 tatncn
1468 1868 1554 1893 vitare
1566 1871 1690 1900 poterant
1702 1875 1800 1895 cruen<

1017 1912 1070 1933 tam
1089 1909 1193 1942 tyranni
1214 1910 1397 1936 atrocitatem.
1425 1911 1544 1945 Denique
1567 1913 1683 1945 quodam
1703 1913 1746 1939 die
1761 1913 1799 1939 lc-

1015 1953 1154 1980 vissimam
1173 1955 1207 1981 ob
1224 1962 1331 1982 causam
1351 1957 1477 1990 populum
1493 1957 1643 1983 Romanum
1660 1957 1799 1993 prtntoria-

1016 1999 1058 2026 nis
1082 2000 1213 2028 militibus
1230 2003 1446 2029 obtruncandum
1471 2003 1583 2029 dedidit.
1599 2004 1687 2037 Atque
1704 2004 1740 2029 ita
1758 2004 1799 2030 in-

1014 2047 1192 2074 numerabilis
1208 2047 1351 2076 multitudo
1369 2048 1460 2083 populi
1476 2049 1600 2081 Romani.
1614 2058 1666 2076 non
1681 2049 1798 2085 Scytha-

1014 2099 1073 2119 rum
1089 2099 1120 2119 ac
1139 2093 1332 2127 barbarorum,
1348 2096 1393 2122 sed
1408 2096 1506 2122 civium
1526 2103 1635 2123 suorum
1651 2097 1735 2124 hastis
1753 2105 1798 2123 ar-

1014 2139 1120 2171 misque
1135 2139 1160 2165 in
1174 2139 1263 2166 media
1280 2141 1345 2167 urbe
1365 2142 1499 2168 trucidata
1518 2147 1568 2168 est.
1588 2142 1702 2175 Quanta:
1717 2150 1797 2176 porro

1012 2190 1168 2212 senatorum
1183 2186 1270 2213 caedes
1281 2186 1359 2214 factae
1370 2187 1436 2219 sint,
1451 2193 1479 2214 ut
1494 2189 1520 2214 in
1538 2189 1607 2215 bona
1625 2189 1797 2223 uniuscujus-

170 2231 223 2256 que
246 2231 340 2251 eorum
358 2226 542 2260 invaderetur,
557 2229 692 2256 numerari
719 2230 793 2257 nullo
811 2232 890 2258 modo
912 2237 1018 2266 potest;
1034 2240 1095 2260 cum
1127 2234 1251 2268 quotidie
1279 2234 1387 2268 plurimi
1410 2235 1532 2262 conﬁctis
1548 2236 1643 2270 _variis
1673 2236 1796 2264 crimini-

170 2267 221 2296 bus
232 2269 463 2298 interficerentur.

416 2318 614 2347 KEMAAION
641 2323 710 2355 Λςι.

187 2360 309 2395 Marsica
330 2362 497 2401 Μαξεντίου
522 2366 597 2401 κατὰ
620 2368 865 2401 Κωνστηντινου,
889 2369 938 2396 καὶ

361 2398 461 2425 ἔνδεια
474 2400 592 2434 τροφῶν
605 2403 640 2428 ἐν
658 2402 758 2437 Ῥώμῃ.

209 2441 241 2468 Ἢ
257 2442 286 2468 δὲ
304 2442 358 2469 τῶν
371 2444 464 2471 κακῶν
490 2445 528 2480 τῷ
549 2447 672 2482 τυράννῳ
692 2450 806 2483 κορωνὶς
831 2449 876 2476 ἐπὶ
889 2458 955 2485 γοη-
999 2479 1001 2481 _

166 2486 241 2514 τείαν
266 2488 375 2524 ἤλαυνε,
402 2493 530 2526 μαγικαῖς
543 2493 674 2526 ἐπινοίαις
689 2494 748 2520 τοτὲ
765 2495 814 2530 μὲν
825 2497 956 2529 γυναῖκας

167 2533 321 2568 ἐγκύμονας
336 2536 526 2571 ἀνασχίζοντος
536 2558 543 2568 .
561 2540 622 2565 τοτὲ
637 2539 666 2566 δὲ
682 2541 797 2575 νεογνῶν
816 2541 955 2576 σπλάγχνα

166 2577 273 2612 βρεφῶν
294 2579 516 2616 διερευνωμένου,
534 2583 644 2616 λέοντάς
663 2593 691 2611 τε
709 2587 952 2620 κατασφάττοντος,

166 2654 315 2693 ἐνυίξρίςων
331 2658 523 2693 αἱσχροτάτως.
539 2664 592 2686 etc.
614 2661 640 2687 lu
657 2661 749 2688 codice
768 2662 835 2690 Fuk.
858 2663 954 2691 scribi-

167 2695 212 2732 tur;
223 2689 429 2731 διαζευγνὺξγέ
441 2702 480 2720 τοι
495 2695 548 2721 τῶν
559 2696 662 2731 ἀνδρῶν
673 2697 721 2729 τὰς
739 2699 880 2732 γυναῖκας,
896 2700 953 2731 τοῖς

164 2723 304 2758 ἀνδράσιν.
318 2723 372 2753 etc.

200 2760 256 2799 (δῇ)
269 2761 324 2799 Καὶ
348 2762 445 2799 οὐκέθ’
459 2761 522 2796 οἶός
537 2773 569 2791 τε
587 2765 635 2799 ἦν.
657 2766 746 2793 Prima
769 2775 819 2794 vox
836 2768 949 2795 delenda

163 2800 216 2834 est.
230 2795 281 2835 Sed
295 2798 437 2835 sequentia
453 2795 578 2835 corrupta
591 2795 651 2827 sunt
662 2810 692 2828 ac
707 2803 809 2835 mutila,
820 2811 879 2835 qua:
892 2804 949 2830 sine

163 2829 325 2864 scriptorum
336 2829 466 2859 codicum
481 2829 602 2860 subsidio
615 2836 721 2863 difﬁcile
734 2842 776 2864 est
793 2829 947 2864 restituere;

162 2863 255 2892 Potest
271 2870 359 2893 tamen
383 2866 432 2901 legi
443 2888 450 2899 ,
474 2868 563 2894 οὐκέθ’
580 2867 634 2901 οἷός
649 2880 677 2897 τε
693 2870 726 2906 ἦν
740 2863 872 2908 εὐπορίαν
889 2863 943 2905 τοῖς

1275 2321 1389 2349 CAPUT
1408 2322 1528 2350 XXXVI.

1045 2369 1160 2404 Megara:
1173 2375 1242 2396 artes
1254 2369 1393 2430 Maxengt’,
1409 2375 1432 2396 et
1450 2369 1632 2396 alimentorum
1647 2372 1758 2404 penuria

1375 2412 1449 2430 anno.

1375 2412 1449 2431 OHUE.

1043 2450 1166 2478 Tandem
1178 2454 1380 2485 verolyrannus
1394 2449 1542 2478 sceleribus
1553 2451 1609 2478 suis
1621 2453 1696 2485 quasi
1707 2454 1793 2487 quod-

1009 2498 1069 2524 dam
1097 2496 1246 2531 fastigium,
1267 2498 1378 2532 magicaa
1391 2498 1458 2524 artis
1477 2497 1629 2533 praestigias
1652 2499 1789 2533 imposuit,

1008 2550 1080 2569 nunc
1105 2542 1231 2569 mulieres
1251 2544 1376 2576 gravidas
1401 2544 1551 2576 dissecans,
1567 2552 1639 2572 nunc
1657 2544 1789 2571 infantum

1008 2595 1103 2614 recens
1119 2587 1146 2614 in
1171 2586 1256 2614 lucem
1274 2587 1408 2615 editorum
1434 2588 1536 2616 ritnans
1549 2590 1674 2616 viscera:
1699 2590 1790 2617 leones

1007 2663 1116 2696 οἰκείοις
1138 2663 1323 2698 ἀσελγήμασιν
1347 2664 1472 2691 ἐπινοεῖν.
1497 2666 1557 2694 Mox
1575 2667 1659 2695 codex
1682 2667 1748 2694 Fuk.
1763 2673 1791 2694 ct

1005 2700 1097 2726 Savilii
1119 2699 1198 2735 habet
1215 2699 1310 2735 θᾶττον
1326 2699 1379 2734 γὰρ
1396 2701 1454 2735 τήν,
1470 2706 1522 2726 etc.

1039 2734 1094 2769 (86)
1113 2734 1171 2767 Τὴν
1183 2734 1289 2768 ψυχὴν
1301 2734 1478 2761 θανατῶσαι.
1495 2737 1671 2764 Scribendum
1685 2737 1789 2764 videtur

1003 2769 1119 2803 θανάτῳ.
1135 2770 1180 2795 Sic
1202 2771 1273 2795 enim
1297 2770 1416 2801 loquitur
1434 2771 1564 2797 Ensobius
1587 2778 1680 2799 noster
1696 2773 1722 2798 in
1739 2773 1786 2798 lib.

1001 2805 1109 2841 vtttruhi
1127 2805 1158 2830 de
1171 2803 1311 2841 Maximini
1329 2804 1435 2841 flagitiis
1451 2808 1522 2841 agit:
1539 2807 1566 2832 αί
1583 2807 1610 2833 δὲ
1627 2808 1672 2833 ἐπὶ
1686 2806 1788 2841 φθορὰν

1000 2839 1152 2873 ἑλκόμεναι,
1168 2838 1263 2878 θᾶττον
1277 2838 1324 2874 τὴν
1339 2838 1428 2876 ψυχὴν
1446 2840 1562 2876 θανάτῳ,
1615 2842 1644 2868 τὺ
1662 2838 1786 2878 σῶμκτῇ

999 2875 1085 2909 φθορᾷ
1098 2873 1310 2908 παραδεδώκασι.
