2013 3179
159 168 211 197 θῦτ

157 226 184 255 δ’
203 226 301 259 αὐτοὺς
329 227 375 255 καὶ
398 229 459 256 ὅποι
487 231 551 258 ποτὲ
580 231 714 259 στέλλοιτο
739 234 858 270 πορείαν,
889 236 940 262 κάν

157 273 357 309 τούτῳ(94)τὺν
373 274 588 312 θεραπευόμενον
607 279 674 314 προς
689 280 787 312 αὐτῶν,
799 281 882 314 δεξιὸν
892 283 940 308 αὺ-

157 319 196 354 τῷ
212 321 337 354 παρεῖναι
353 321 518 356 πειθόμενος.
529 324 582 350 Ναὶ
594 325 647 360 μὴν
659 326 705 352 καὶ
713 328 771 358 ταῖς
784 328 940 363 ἐκκλησίαις

156 363 203 390 τοῦ
226 364 292 391 Θεοῦ
315 366 443 399 πλουσίας
468 368 516 400 τὰς
532 371 595 406 παρ’
608 371 704 398 ἑαυτοῦ
730 375 858 408 παρεῖχεν
881 375 940 402 ὲπι-

158 411 279 446 κουρίας,
291 413 414 445 ἐπαύξων
430 414 478 449 μὲν
488 416 535 442 καὶ
548 418 587 448 εἰς
596 417 662 451 ὕψος
676 417 761 454 αἴρων
769 421 831 451 τοὺς
842 420 939 456 εὺκτη-

156 456 230 492 ρίους
252 459 352 491 οῐκους,
375 460 510 493 πλείστοις
523 462 545 488 δ’
561 464 716 499 ἀναθήμασι
731 466 766 492 τὰ
781 467 867 502 σεμνὰ
884 467 937 494 τῶν

154 503 205 539 τῆς
223 505 383 540 Ἐκκλησίας
398 507 624 544 καθηγιασμένων
642 511 801 547 φαιδρύνων.

405 596 601 624 ΚΕΦΑΛΑΙΟΝ
619 599 685 626 ΜΓ’.

152 639 224 674 Περὶ
242 640 303 668 τῶν
314 642 358 675 εῑς
372 642 443 675 τοὺς
453 642 584 686 πέιῖητας
594 644 770 679 εὐεργεσιῶν
783 647 936 674 Κωνσταν-

485 687 578 705 τιν-ου.

161 748 172 756 κ
187 721 319 754 Παντοίας
329 731 359 748 τε
376 723 431 758 (95)
444 724 591 758 χρημάτων
611 725 741 757 διαδόσεις
763 727 818 758 τοῖς
834 727 934 754 ὲνδεέσι

151 769 325 804 ποιούμενος,
342 770 444 797 τούτων
461 771 485 797 δ’
499 771 577 804 ἐκτὸς
600 773 646 799 καὶ
676 774 731 804 τοῖς
758 773 856 807 ἔξωθεν
879 774 933 810 (96)

149 815 224 850 αὐτῷ
236 816 376 852 προσιοῦσι
396 817 585 853 φιλάνθρωπον
614 819 661 845 καὶ
676 820 845 856 εὐεργετικὸν
863 830 933 857 παρ-

148 862 218 896 έχων
229 862 333 894 ἑαυτὸν,
343 865 398 895 τοῖς
411 864 459 899 μὲν
473 865 517 890 ἐπ’
528 864 630 900 ἀγορᾶς
640 865 808 900 μεταιτοῦσιν
817 868 933 903 οἰκτροῖς

147 917 203 934 τισι
220 910 266 936 καὶ
277 910 500 946 ἀπερριμμένοις,
513 912 543 938 οὐ
558 913 706 947 χρημάτων
723 913 811 948 μόνον,
825 914 885 941 οὐδέ
899 923 930 948 γε

146 953 198 989 τῆς
214 955 362 989 ἀναγκαίας
378 956 491 992 τροφῆς,
509 957 576 983 ἀλλὰ
587 959 633 984 καὶ
653 958 755 994 σκέπης
767 959 931 994 εὐσχήμονος

147 998 194 1025 τοῦ
212 999 334 1034 σώματος
345 1002 479 1037 προυνόει,
496 1004 550 1034 τοῖς
564 1003 586 1028 δ’
597 1001 626 1030 εὖ
644 1004 691 1039 μὲν
701 1005 734 1031 τὰ
747 1004 840 1040 πρῶτα
853 1014 931 1040 γεγον-

146 1044 216 1076 νόσι,
242 1045 299 1080 βίου
322 1046 349 1072 δὲ
374 1047 507 1083 μεταϐολῇ
527 1047 719 1084 δυστυχήσασι,
737 1050 929 1087 δαψιλεστέρας

144 1093 260 1126 παρεῖχε
287 1092 336 1124 τὰς
360 1094 491 1128 χορηγίας
504 1103 510 1110 “
530 1094 660 1130 βασιλικῷ
675 1097 708 1130 γέ
722 1105 761 1122 τοι
777 1099 928 1133 φρονήματι

144 1137 362 1173 μεγαλοπρεπεῖς
379 1139 427 1171 τὰς
445 1140 567 1172 εὐποιίας
583 1142 638 1172 τοῖς
649 1142 733 1174 οὓτως
754 1142 841 1178 ἔχουσι
860 1152 928 1179 παρ-

142 1182 224 1217 έχων,
248 1185 304 1215 τοῖς
329 1184 379 1219 μὲν
405 1185 497 1220 ἀγρῶν
523 1187 633 1222 κτήσεις
649 1187 784 1224 ἐδωρεῖτο,
814 1190 877 1221 τοὺς
899 1189 927 1216 δὲ

142 1227 283 1269 ᾅιαφόροις
299 1229 450 1265 ἀξιώμασιν
472 1232 562 1267 ἐτίμα.
585 1233 639 1259 Καὶ
659 1234 712 1260 τῶν
731 1235 780 1269 μὲν
797 1235 926 1270 ὀρφανίαν

139 1265 366 1310 δυστυχησάντων
390 1278 419 1304 ἐν
443 1279 545 1314 πατρὸς
558 1280 714 1314 ἐπεμελεῖτο
726 1281 811 1316 χώρᾳ,
834 1290 926 1316 γυναι-

144 1320 202 1346 κῶν
226 1321 254 1347 δὲ
279 1323 370 1357 χηρῶν
403 1324 433 1350 τὸ
460 1325 640 1362 ἀπερίστατον
665 1328 864 1363 ἀνακτώμενος,
891 1329 925 1355 δι’

142 1366 245 1398 οἰκείας
269 1369 395 1403 ὲπεμέλει
422 1370 593 1406 κηδεμονίας,
611 1372 674 1398 ὥστ’
694 1373 742 1408 ἤδη
768 1374 815 1400 καὶ
845 1375 925 1410 γάμῳ

142 1411 288 1446 ζευγνύναι
311 1415 459 1451 γνωρίμοις
481 1417 556 1452 αὐτῷ
585 1420 631 1445 καὶ
659 1419 796 1451 πλουσίοις
815 1421 923 1456 ἀνδράσι

141 1458 226 1493 κόρας
256 1460 358 1496 ἐρημίᾳ
385 1462 485 1495 γονέων
508 1463 714 1499 ὀρφανισθείσας
730 1474 736 1480 ·
773 1466 819 1492 καὶ
848 1466 923 1492 ταῦτ’

140 1504 270 1540 ἔπραττε,
285 1507 424 1542 προδιδοὺς
441 1511 499 1541 ταῖς
513 1511 699 1546 γαμουμέναις
711 1512 764 1547 (97)
782 1512 830 1538 ὅσα
841 1512 923 1548 ἐχρῆν

140 1552 198 1582 τοῖς
215 1551 381 1586 λαμΰάνουσι
407 1555 474 1589 πρὸς
497 1557 586 1591 γάμου
614 1558 754 1584 κοινωνίαν
778 1558 920 1593 εἰσφέρειν.

143 1598 247 1639 Ὠσπερ
259 1599 281 1625 δ’
295 1600 410 1635 ἀνίσχων
428 1602 497 1637 ὑπὲρ
513 1603 564 1638 γῆς
576 1603 649 1638 ἥλιος
664 1604 718 1639 (98)
733 1604 854 1639 ἀφθόνως
868 1606 922 1637 τοῖς

139 1644 207 1670 πᾶσι
225 1636 278 1672 τῶν
294 1646 340 1672 τοῦ
355 1648 442 1680 φωτὸς
460 1636 617 1683 μεταδίδιοσι
636 1636 834 1687 μαρμαρυγῶν,
853 1651 922 1679 κατὰ

137 1690 174 1716 τὰ
197 1691 265 1718 αὐτὰ
283 1691 313 1728 δὴ
333 1694 379 1719 καὶ
394 1694 605 1728 Κωνσταντῖνος,
621 1696 679 1732 ἅμα
699 1697 765 1732 ἡλίῳ
787 1697 921 1733 ἀνίσχοντι

138 1736 195 1763 τῶν
218 1737 364 1772 βασιλικῶν
386 1740 467 1767 οἴκων
500 1743 723 1778 προφαινόμενος,
746 1743 845 1770 ὡσανεὶ
862 1753 922 1770 συν-

139 1781 294 1808 ανατέλλων
308 1783 346 1818 τῷ
359 1786 417 1811 κατ1
425 1786 537 1820 οὐρανὸν
548 1787 680 1823 φωστῆρι,
690 1789 745 1819 τοῖς
762 1789 800 1820 είς
814 1789 920 1824 πρόσω-

138 1835 189 1853 πον
203 1827 275 1863 αὐτῷ
287 1830 428 1864 παριοῦσιν
451 1831 535 1858 ἂπασι
551 1833 637 1870 φῳτὺς
654 1834 739 1868 αὐγὰς
756 1835 804 1870 τῆς
818 1836 920 1867 οἰκείας

138 1873 275 1909 ἐξέλαμπε
294 1876 495 1911 καλοκάγαθίας
514 1879 580 1913 (99).
599 1880 654 1906 Οὐκ
663 1878 696 1915 ἦν
710 1880 732 1907 τ’
748 1881 834 1913 ἄλλως
851 1882 918 1917 πλη-

137 1918 196 1945 σίον
218 1920 354 1953 γενέσθαι,
379 1923 415 1959 μὴ
433 1924 491 1958 οὐχ).
508 1924 608 1958 ἀγαθοῦ
629 1934 701 1958 τινος
713 1927 916 1955 ἀπολαύσαντα’

135 1964 193 1990 οὐδ’
207 1963 240 2000 ἦν
250 1967 309 1992 ποτ’
327 1968 452 1995 ἐκπεσεῖν
463 1969 569 2001 ἐλπίδος
585 1972 706 2006 χρηστῆς
718 1974 773 2004 τοῖς
791 1974 840 2009 τῆς
854 1977 917 2012 παρ’

137 2009 220 2035 αὺτοῦ
235 2012 324 2045 τυχεῖν
336 2013 494 2048 ἐπικουρίας
508 2015 717 2051 προσδοκήσασι.

387 2080 583 2108 ΚΕΦΑΛΛῘΟΝ
602 2084 666 2110 ΜΔ’.

136 2121 237 2155 ’Ὅπως
249 2123 313 2157 ταῖς
327 2125 469 2159 συνόδοις
480 2126 539 2153 τῶν·
556 2121 729 2156 ἐπισκόπξυν
742 2132 914 2166 συμπαρῆν.

171 2168 275 2200 Κοινῶς
291 2170 339 2204 μὲν
356 2168 402 2198 οὖν
420 2172 487 2206 πρὸς
506 2173 626 2206 ἅπαντας
640 2172 672 2209 ἦν
685 2175 811 2208 τοιοῦτος.
828 2177 916 2210 Ἐξαί-

135 2221 213 2249 ρετον
229 2215 256 2241 δὲ
269 2217 300 2251 τῇ
324 2217 470 2253 Ἐκκλησία
486 2218 531 2244 τοῦ
552 2219 618 2246 Θεοῦ
636 2221 684 2256 τὴν
701 2223 765 2257 παρ’
779 2223 859 2250 αὑτοῦ
874 2224 916 2250 νέ-

135 2268 195 2295 μων
216 2262 352 2295 φροντίδα,
375 2263 576 2299 διαφερομένων
597 2266 677 2293 τινῶν
703 2268 770 2302 πρὸς
784 2269 915 2304 ἀλλήλους

134 2306 205 2332 κατὰ
223 2305 366 2342 διαφόρους
385 2308 485 2344 χώρας,
502 2307 545 2336 οἶά
561 2319 603 2342 τις
622 2312 709 2343 κοινὸς
721 2313 867 2346 ἐπίσκοπος
883 2316 915 2342 ἐκ

134 2351 202 2378 θεοῦ
216 2352 424 2389 καθεσταμένος,
441 2355 565 2388 συνόδους
586 2357 639 2384 τῶν
654 2357 699 2384 τοῦ
721 2359 786 2385 Θεοῦ
801 2359 917 2395 λειτουρ-

132 2397 191 2430 γῶν
203 2399 367 2434 συνεκρότει.
385 2400 427 2427 Ἐν
442 2401 511 2437 μέσῃ
524 2402 551 2428 δὲ
568 2403 600 2437 τῇ
618 2403 718 2430 τούτων
733 2404 855 2440 διατριϐῇ
867 2406 916 2432 οὑκ

166 2494 223 2540 (9i)
244 2496 308 2540 Ιςάν
332 2498 435 2531 τούτῳ.
455 2498 544 2526 Malim
579 2501 700 2528 scribere
723 2502 792 2528 κάπὶ
815 2503 910 2540 τούτῳ,

132 2529 159 2556 id
177 2536 227 2560 est,
243 2533 273 2557 ob
290 2540 348 2558 eam
364 2529 480 2559 causam.

253 2565 281 2592 ln
309 2568 399 2604 codd,
419 2568 484 2604 Fuk.
511 2576 541 2596 ac
569 2569 652 2604 Regio
676 2575 704 2597 et
726 2571 752 2597 in
777 2573 913 2601 veteribus

134 2601 337 2639 sclrt'itlis‘caput
350 2603 444 2639 incipit
459 2605 491 2629 ab
506 2604 547 2631 his
557 2601 645 2632 Verbis
658 2606 786 2637 παντοίας
800 2616 839 2639 τε,
857 2612 911 2635 etc.

161 2635 296 2676 (96)”Ka2
308 2637 381 2676 _ro_7_c
404 2635 526 2676 ξξωᾷεν.
536 2674 543 2676 Ξ
555 2639 674 2667 Gentiles
685 2635 838 2676 intelligit
866 2644 912 2676 qui

130 2674 210 2708 erant
223 2670 275 2702 ἔξω
290 2671 517 2708 τῆςἘκκλησίας.
536 2674 615 2708 quue
627 2670 799 2702 conﬁrmatur
814 2670 845 2703 ei
868 2670 912 2704 ca-

130 2705 185 2745 Eite
200 2707 336 2745 sequenti.»
346 2708 390 2745 ubi
407 2705 443 2732 ait
458 2705 635 2745 ;κοινῶς“ι.ιὲν
648 2708 694 2737 οὖν
709 2711 776 2745 πρὸς
791 2711 912 2744 ἅπαντας

130 2737 165 2776 ἦν
176 2740 295 2781 τοιοῦτος
307 2748 313 2754 ·
329 2741 464 2781 ἐξαίρετον
474 2737 717 2781 ῥξ-τῇξΕκκλησίᾳ.
732 2737 800 2781 Ἰιζιῖίιι
819 2737 863 2773 lib.
879 2737 909 2779 Il:

129 2782 189 2807 cap.
206 2775 250 2811 2|:
264 2775 380 2802 τοσαῦτα
390 2775 443 2810 μὲν
456 2779 487 2811 τῇ
497 2775 641 2811 Ἐκκλησία
655 2775 701 2806 τοῦ
714 2780 780 2807 Θεοῦ
788 2783 816 2807 αἱ
828 2775 910 2808 καταί

129 2810 294 2850 πεμφθεῖσαι
307 2809 551 2847 δωρεαίπαρέἳχον·
566 2809 662 2850 δήμοις
668 2815 696 2842 δὲ
710 2817 765 2847 τοῖς
778 2817 853 2848 ὲκτὸς
865 2817 910 2844 καὶ

129 2846 211 2871 πᾶσιν
224 2845 320 2873 ἔθνεσι.

166 2880 222 2915 (97)
241 2881 308 2914 Ταῖς
330 2883 538 2917 γαμουμέναις.
563 2884 630 2913 Male
651 2885 909 2921 Clrristoplrorsonus

708 175 753 202 DE
771 175 851 203 VlTA
871 177 1101 207 CONSTANTINI
1120 180 1183 208 LIB.
1204 181 1224 209 Ι.

1721 190 1772 218 958

953 239 976 267 Α
991 237 1064 271 jecta
1082 243 1125 265 est
1139 259 1146 271 ,
1161 240 1206 265 sed
1224 239 1306 267 Deum
1334 242 1420 276 ipstrrn
1447 243 1645 278 introspiceret.
1661 247 1700 275 Ad
1715 250 1771 277 haec

990 290 1153 318 quocunque
1167 284 1219 311 iter
1232 285 1342 319 faceret,
1351 295 1396 315 eos
1406 296 1495 316 secum
1511 292 1674 325 deducebat;
1687 292 1770 323 Deum

990 335 1069 362 quem
1095 328 1131 355 illi
1147 329 1287 363 colerent,
1302 332 1337 359 ob
1355 333 1379 358 id
1395 335 1476 361 etiam
1499 337 1641 370 propitium
1658 339 1706 366 sibi
1723 341 1770 368 ad-

989 372 1046 400 fore
1062 381 1110 408 pro
1125 380 1199 402 certo
1215 376 1327 404 habens.
1343 378 1410 410 Quin
1422 380 1501 407 etiam
1517 383 1638 411 ecclesiis
1652 385 1697 412 Dei
1709 387 1768 420 plu-

990 419 1058 446 rima
1087 428 1119 447 ex
1149 421 1283 450 thesauris
1306 425 1361 451 suis
1383 425 1511 455 beneﬁcia
1533 430 1767 467 subministravit;

988 465 1086 498 partitn
1101 473 1196 493 sacras
1218 469 1290 495 ardes
1308 470 1475 504 ampliﬁcatis
1492 478 1518 500 et
1540 475 1566 501 itt
1589 476 1701 504 sublime
1715 465 1769 505 eri;

987 517 1069 545 gens;
1084 513 1180 545 partim
1195 519 1306 548 augusta
1322 516 1497 545 ecclesiarum
1512 521 1629 549 sacraria
1644 523 1767 558 plurimis

988 556 1109 585 donariis
1125 565 1271 588 exornans.

1267 607 1380 635 CAPUT
1401 609 1488 637 XLlll.

1078 660 1117 687 De
1133 659 1300 690 Constantini
1315 665 1341 691 in
1356 674 1482 700 pauperes
1502 667 1679 704 beneﬁcentia.

1022 726 1110 756 Variis
1121 729 1237 764 denique
1249 732 1421 765 pecuniarum
1436 733 1615 763 divisionibus
1631 739 1765 772 egentium

985 772 1102 808 inopiam
1125 775 1288 807 sublevans,
1305 779 1440 806 extraneis
1465 787 1595 814 praeterea
1614 783 1659 817 qui
1678 784 1764 819 ipsum

984 819 1108 852 adirent,
1128 819 1277 847 humanum
1302 830 1330 850 se
1347 831 1378 850 ac
1399 824 1540 853 liberalem
1553 829 1699 862 praebebat.
1728 831 1766 858 Ac

985 865 1091 892 miseris
1108 866 1216 900 quidem
1240 867 1293 894 illis
1306 873 1334 895 et
1350 870 1461 904 objectis
1479 872 1525 906 qui
1546 873 1572 900 in
1590 873 1649 901 foro
1663 877 1766 904 urendi-

946 907 967 934 B
983 915 1055 942 eant,
1069 919 1121 938 non
1135 913 1262 946 pecunias
1275 914 1360 941 solutn
1372 921 1398 942 et
1409 916 1536 945 alimenta
1551 919 1582 945 ad
1601 920 1701 947 victurrt
1718 929 1764 949 ne—

983 958 1098 984 cessaria
1112 977 1119 990 ,
1141 959 1188 985 sed
1210 961 1292 986 etiam
1308 965 1412 988 vestem
1437 964 1468 990 ad
1485 965 1625 998 tegendam
1642 968 1763 1001 corporis

981 1003 1130 1031 nuditatem
1146 1006 1312 1039 suppeditari
1336 1007 1425 1041 jussit.
1442 1009 1497 1036 Illis
1511 1017 1574 1037 vero
1589 1011 1632 1045 qui
1649 1020 1709 1039 cum
1722 1013 1763 1040 in-

981 1049 1059 1082 gentri
1076 1055 1156 1084 atque
1174 1052 1294 1086 opulenti
1311 1053 1386 1086 prius
1404 1055 1581 1087 exstitissent,
1601 1061 1691 1091 postea
1703 1066 1763 1085 mu-

982 1098 1036 1120 tata
1049 1100 1123 1121 sorte
1139 1096 1164 1121 in
1181 1101 1318 1124 extremas
1331 1098 1501 1126 calamitates
1518 1101 1669 1129 inciderant
1680 1123 1687 1135 ,
1709 1103 1762 1130 lar-

979 1140 1053 1173 giora
1075 1140 1136 1168 vitae
1161 1141 1282 1169 subsidia
1298 1145 1489 1172 commodavit.
1504 1146 1670 1182 Prorsnsque
1688 1150 1762 1184 regio

979 1186 1070 1213 animo
1083 1187 1227 1221 magniﬁca
1244 1190 1366 1222 quatdam
1391 1198 1501 1218 munera
1524 1192 1548 1218 in
1565 1193 1695 1226 ejusmodi
1710 1196 1759 1222 Iro-

979 1231 1064 1259 mines
1088 1232 1231 1260 conferens
1244 1254 1252 1266 ,
1277 1235 1338 1262 aliis
1358 1243 1437 1270 agros
1453 1236 1533 1272 430
1548 1239 1655 1266 donavit
1670 1249 1677 1267 :
1694 1241 1760 1269 alios

978 1278 1059 1304 variis
1084 1278 1259 1312 dignitatibus
1282 1282 1397 1308 ornavit.
1425 1283 1459 1309 Et.
1475 1292 1567 1310 eorum
1585 1285 1691 1319 quidem
1713 1287 1758 1321 qui

979 1323 1005 1349 in
1019 1324 1143 1352 orbitatis
1156 1326 1279 1354 miserias
1298 1328 1469 1360 incidissent,
1485 1331 1561 1363 quasi
1575 1336 1651 1365 pater
1664 1340 1758 1360 curam

978 1369 1114 1403 gerebat:
1134 1371 1274 1398 viduarum
1303 1378 1393 1400 autem
1420 1375 1560 1402 mulierum
1583 1377 1756 1405 solitudinem

977 1415 1121 1444 sublevans
1133 1437 1140 1449 ,
1165 1425 1211 1445 eas
1225 1419 1375 1451 patrocinio
1394 1428 1443 1446 suo
1458 1421 1574 1448 fovebat.
1589 1422 1660 1455 Quin
1674 1424 1756 1452 etiam

976 1461 1094 1495 virgines
1119 1464 1277 1497 parentibus
1305 1465 1361 1492 stris
1387 1465 1497 1493 orbatos
1522 1468 1578 1501 ipse
1603 1469 1756 1497 hominibus

976 1507 1112 1541 opulentis
1128 1516 1159 1535 ac
1176 1509 1355 1538 familiaribus
1368 1513 1424 1539 suis
1442 1513 1467 1539 in
1491 1514 1692 1542 matrimonium
1709 1516 1756 1543 de-

977 1552 1024 1578 dit.
1040 1553 1121 1587 ldque
1137 1554 1253 1588 agebat,
1270 1563 1331 1582 cum
1347 1557 1421 1590 prius
1435 1558 1554 1585 dedisset
1571 1559 1733 1587 nubentibus
1744 1580 1754 1593 ,

975 1605 1139 1632 quzectrnque
1158 1600 1230 1634 ipsas
1244 1601 1310 1628 viris
1322 1602 1378 1628 suis
1397 1603 1520 1629 conferre
1537 1605 1686 1637 oportebat.
1703 1605 1756 1633 De-

973 1643 1056 1677 nique
1070 1645 1296 1678 quemadmodum
1312 1647 1351 1674 sol
1367 1656 1449 1681 supra
1474 1655 1559 1675 terras
1575 1651 1699 1677 exoriens
1715 1651 1754 1678 lu-

971 1691 1011 1718 cis
1021 1698 1076 1717 suae
1091 1693 1181 1719 radios
1195 1693 1299 1719 cunctis
1315 1693 1462 1720 liberaliter
1476 1695 1611 1728 impertit;
1625 1697 1665 1723 sic
1676 1696 1753 1730 plane

971 1736 1167 1764 Constantinus
1181 1738 1268 1772 primo
1284 1738 1403 1766 diluculo
1420 1741 1570 1773 procedens
1586 1749 1617 1768 ex
1635 1742 1732 1776 palatio
1743 1762 1750 1773 ,

970 1789 1002 1808 ac
1017 1789 1077 1808 cum
1093 1783 1197 1810 caelesti
1215 1784 1281 1810 solis
1291 1784 1387 1818 jubar-e
1402 1786 1598 1818 quodammodo
1616 1789 1751 1821 exoriens,

969 1828 1076 1855 cunctis
1099 1829 1260 1856 adeuntibus
1278 1830 1463 1858 beneﬁcentia:
1479 1839 1534 1858 suae
1549 1833 1636 1860 radios
1654 1834 1752 1868 imper-

970 1873 1065 1900 tiebat.
1080 1873 1134 1901 Nec
1151 1875 1220 1901 ullus
1233 1882 1349 1909 unquam
1363 1876 1395 1901 ad
1414 1876 1485 1902 illurn
1501 1878 1609 1910 propius
1626 1880 1749 1912 accessit,

969 1920 1013 1954 qui
1033 1919 1151 1947 fructum
1172 1921 1286 1955 alicujus
1312 1921 1434 1949 beneﬁcii
1458 1931 1510 1950 non
1537 1924 1660 1950 retulerit
1677 1933 1683 1951 :
1700 1933 1749 1951 nec

968 1975 1014 2000 spe
1037 1975 1084 1994 sua
1101 1976 1218 2002 unquam
1236 1969 1359 1995 frustrati
1376 1974 1455 2002 sunt,
1471 1970 1515 2004 qtti
1531 1970 1564 1997 ab
1577 1971 1635 2004 ipso
1649 1970 1748 2005 aliquid

967 2014 1058 2040 auxilii
1074 2020 1286 2048 exspectassent.

1247 2082 1359 2110 CAPUT
1376 2083 1466 2110 XLIV.

1057 2129 1195 2161 Quomodo
1214 2130 1320 2164 synodi:
1338 2131 1514 2164 episcoportmt
1532 2132 1658 2167 interfuit.

1001 2175 1040 2202 Ac
1055 2175 1218 2210 generaliter
1232 2177 1338 2210 quidem
1359 2185 1421 2211 ergo
1436 2185 1530 2205 ournes
1547 2179 1624 2205 talem
1638 2187 1666 2205 se
1679 2187 1744 2214 pra:-

969 2220 1048 2247 stilit.
1071 2221 1171 2247 Verum
1186 2221 1305 2248 ecclesiae
1317 2221 1363 2248 Dei
1380 2223 1512 2256 praecipue
1526 2231 1620 2250 curam
1638 2232 1743 2258 gerens.

970 2274 1030 2294 cum
1059 2274 1105 2300 per
1127 2267 1249 2294 diversas
1270 2268 1421 2301 provincias
1436 2268 1545 2302 quidam
1567 2270 1635 2296 itrter
1648 2278 1676 2296 se
1690 2271 1744 2297 dis-

931 2303 952 2329 ί)
967 2314 1100 2341 sentirent
1114 2334 1121 2346 ,
1146 2315 1202 2348 ipse
1215 2314 1287 2341 velut
1304 2315 1456 2342 communis
1469 2315 1588 2341 omnium
1604 2317 1743 2350 episcopus

967 2368 980 2386 a
998 2360 1050 2387 Deo
1067 2361 1231 2387 constitutus
1244 2382 1251 2393 ,
1271 2361 1456 2388 ministrorum
1481 2362 1527 2389 Dei
1550 2362 1663 2388 concilia
1679 2370 1743 2388 con-

967 2406 1098 2441 gregavit.
1125 2405 1180 2434 Nec
1204 2407 1362 2441 dedignatus
1381 2408 1474 2434 adesse
1497 2411 1525 2434 et
1549 2408 1690 2434 considere
1715 2408 1741 2435 in

963 2509 1058 2538 nuptas
1077 2504 1279 2538 interpretatur.
1296 2503 1388 2536 Neque
1405 2503 1476 2531 enim
1498 2508 1586 2537 nuptae
1599 2525 1605 2535 ,
1623 2504 1669 2530 sed
1692 2511 1742 2531 nu-

963 2541 1056 2566 bentes
1071 2539 1160 2564 dotem
1178 2538 1292 2579 offerunt
1313 2539 1429 2581 maritis.
1440 2538 1531 2581 _Simili
1546 2546 1637 2581 errore
1650 2539 1741 2581 τελευτ

963 2575 1066 2605 τῶντας
1079 2579 1194 2599 mortuos
1217 2574 1296 2599 vertit
1311 2573 1581 2607 Clrristoplror'sonus,
1603 2578 1632 2600 ul.
1651 2575 1740 2601 notavi

963 2610 995 2636 ad
1013 2609 1109 2634 librum
1124 2616 1138 2633 κ
1155 2607 1281 2635 Historia?
1299 2608 1497 2635 Ecclesiartiraz.

998 2644 1053 2679 (98)
1079 2643 1191 2679 Ὥσπερ
1218 2642 1243 2668 δ’
1265 2643 1400 2677 ἀνίσχων
1413 2662 1438 2669 ..
1453 2663 1459 2670 .
1479 2643 1572 2676 ἣλιος.
1597 2643 1623 2670 1η
1648 2644 1740 2671 codice

964 2678 1030 2713 Reg.
1048 2679 1079 2704 ad
1099 2678 1167 2704 latus
1186 2679 1279 2705 horum
1291 2679 1433 2704 verborum
1448 2678 1597 2711 lrujusmodi
1611 2684 1674 2704 nota
1691 2687 1739 2712 ap-

964 2714 1049 2747 posita
1066 2718 1122 2740 est:
1141 2713 1335 2748 mp.Qu:enota
1347 2713 1500 2746 signiﬁcare
1526 2713 1589 2740 mihi
1613 2714 1737 2741 videtur:

964 2749 1061 2784 ὡραῖος
1083 2747 1230 2781 λόγοςεειι
1245 2747 1342 2780 τύπος,
1366 2749 1390 2775 id
1417 2754 1468 2779 est,
1486 2748 1558 2775 locus
1582 2748 1689 2783 elegans
1711 2755 1739 2776 et

963 2791 1303 2859 ῃιιίῖίίῗιῗξωὶοκάγαᾷίας.
1329 2817 1380 2858 Pro
1402 2818 1568 2859 benignitate
1575 2826 1615 2859 'ac
1638 2818 1738 2859 beneﬁ-

999 2827 1054 2853 μιν)
1069 2827 1190 2846 Δανιοκα
1230 2827 1303 2851 σιας.
1329 2827 1380 2844 ΙἺῸ
1403 2827 1615 2859 ιιεῐιιὲιιιιειιθρο
1639 2827 1737 2859 penetr-

963 2854 1050 2879 rcntia
1065 2854 1114 2880 hoc
1127 2827 1285 2880 vocaliiilum
1304 2854 1386 2880 sumit
1401 2853 1539 2893 Eusebius.
1553 2853 1597 2881 Src
1613 2858 1694 2881 etram
1710 2862 1737 2882 ttr

962 2887 1030 2916 libro
1046 2896 1061 2914 x
1078 2887 1203 2916 Historitv
1218 2890 1286 2916 hunc
1300 2896 1390 2916 vocent
1404 2889 1550 2922 usurpavit.
