2013 3179
266 148 318 175 965

617 144 750 174 EUSEBII
770 144 1010 174 C/ESARIENSIS
1028 145 1102 174 OPP.
1122 145 1213 174 PARS
1232 146 1253 174 I.
1272 162 1306 167 -—
1325 145 1519 175 IIISTORICA.

1835 149 1895 177 964

266 208 452 237 benevolentia
479 208 625 234 maximam
649 209 760 242 capiens
785 209 970 242 voluptatem;
995 212 1049 234 tum

1104 215 1149 238 τας
1169 207 1224 242 βίον
1247 207 1334 243 ἑώρα·
1358 207 1580 243 ὑπερϐαλλόντως
1596 208 1625 234 δὲ
1647 207 1895 245 ὲνευφραινόμενος

267 263 300 282 ex
316 262 348 282 eo
363 254 434 288 quod
447 258 559 281 cunctos
574 254 686 287 imperio
699 261 748 281 suo
756 253 892 287 subjectos
907 253 932 280 in
945 261 1050 280 summa

269 302 460 337 tranquillitate
483 309 514 329 ac
540 301 634 329 lzetitia
668 302 767 336 degere
794 302 902 329 videbat

266 349 365 386 gaudio
381 349 509 384 gestiens.

534 394 647 422 CAPUT
665 393 778 422 XLVIII.

477 441 651 469 Commmini
666 442 830 469 decennalla.

302 489 369 515 Dum
391 489 418 515 in
439 489 490 515 hoc
515 492 587 515 statu
601 493 693 520 esset,
718 488 841 515 decimus
863 487 967 522 imperii
991 487 1051 522 ejus

267 542 354 562 annus
371 534 496 562 evolutus
512 538 562 561 est.
589 533 672 566 Cujus
688 533 726 560 rei
749 541 832 560 causa
858 533 933 569 festis
957 533 1052 560 diebus

267 589 316 615 per
328 581 485 608 universum
499 580 590 607 urbem
608 578 762 608 Romanum
784 579 936 610 celebratis,
956 587 1052 614 preces

268 635 328 653 cum
347 626 495 661 gratiarum
515 625 624 652 actione
648 629 776 659 tanquam
800 632 881 658 puras
904 624 1030 651 victimas
1043 643 1052 657 ,

268 673 338 707 ignis
353 677 380 698 ct
407 671 509 698 nidoris
524 675 665 705 expertes,
680 671 734 697 Deo
754 670 874 696 omnium
892 669 958 703 Regi
974 670 1054 697 obtu-

268 717 309 745 lit.
326 717 360 744 Et
376 725 407 744 ex
425 717 466 743 his
481 716 588 750 quidem
607 716 753 742 maximam
769 715 859 742 animo
870 715 992 749 capiebat
1007 723 1053 742 vo-

267 763 398 797 luptatem
414 770 420 788 2
436 763 482 789 sed
504 769 555 788 non
573 761 685 795 perinde
700 769 760 788 eum
777 761 950 788 oblectabant
965 762 1052 788 nuntii

268 809 305 836 iHi
320 829 327 838 ,
342 809 386 842 qui
406 808 438 836 de
454 808 656 843 provinciarum
679 806 800 834 Orientis
821 808 971 835 vastatione
985 807 1052 834 aﬂ'c-

268 855 406 882 rebantur.

546 899 658 927 CAPUT
674 898 767 926 XLIX.

369 945 505 978 Quomodo
534 945 650 972 Licinius
668 945 802 972 Orientem
818 944 949 980 aiﬂizerit.

302 993 407 1020 Etenim
432 993 559 1020 immanis
585 992 706 1025 quaedam
733 993 820 1020 bellua
843 998 898 1019 tum
925 992 1052 1020 Ecclesia:

267 1040 326 1072 Dei.
346 1045 401 1066 tum
416 1039 528 1073 reliquis
542 1038 759 1072 provincialibus
772 1038 826 1065 illic
844 1038 969 1065 insidiari
983 1047 1052 1065 nun-

268 1085 386 1112 tiabatur
403 1093 409 1111 :
428 1092 489 1110 cum
506 1083 690 1117 nequissimus
715 1083 820 1110 daemon
843 1083 921 1117 quasi
942 1083 1052 1110 aemula-

267 1132 340 1158 tione
354 1137 503 1157 succensus
515 1150 521 1160 .
540 1129 572 1156 iis
588 1137 648 1164 qua:
670 1129 704 1156 ab
718 1129 881 1163 imperatore
895 1129 942 1156 Dei
955 1137 1051 1156 aman-

268 1177 372 1204 tissimo
386 1176 560 1211 gerebantur,
577 1175 712 1202 contraria
728 1175 818 1202 facere
834 1176 965 1203 studeret.
978 1175 1052 1203 Adeo

268 1229 297 1249 ut
314 1223 455 1256 imperium
475 1221 625 1247 Romanum
651 1221 719 1248 duas
743 1221 769 1247 in
798 1226 889 1255 partes
913 1221 1050 1253 divisum,
1073 1247 1076 1251 _

267 1268 339 1295 nocti
356 1276 387 1294 ac
399 1267 450 1294 diei
466 1266 555 1293 simile
568 1274 628 1294 esse
641 1266 769 1293 oninibus
785 1267 931 1294 videretur.
947 1266 1052 1301 Quippe

266 1315 387 1342 Orientis
401 1314 509 1348 quidem
535 1313 638 1340 incolas
659 1313 749 1348 caligo
774 1313 863 1340 noctis
886 1314 1027 1347 premebat
1045 1323 1051 1340 :

266 1370 314 1389 eos
328 1369 392 1388 vero
407 1362 452 1395 qui
469 1359 623 1387 Occidentis
641 1364 732 1393 partes
749 1358 919 1392 habitabant,
933 1360 1053 1387 serenis-

266 1409 350 1434 simus
369 1406 520 1433 illustrabat
544 1405 612 1432 dies.
638 1405 689 1436 Qui
717 1411 778 1431 cum
797 1404 911 1431 inﬁnitis
938 1405 1016 1431 bonis
1037 1413 1050 1432 a

268 1455 322 1480 Deo
340 1453 389 1479 sibi
408 1452 560 1478 conciliatis
583 1452 748 1481 fruerentur,
773 1458 827 1477 non
847 1450 909 1477 tulit
927 1451 952 1478 id
972 1450 1051 1486 433

267 1498 376 1532 maligni
403 1496 532 1524 diemonis
559 1496 660 1522 invidia
686 1495 765 1522 bonis
791 1496 917 1523 omnibus
942 1496 1049 1522 intesta.

1104 255 1136 288 τῇ
1153 253 1206 280 τῶν
1219 254 1368 289 ἐκκλησιῶν
1381 250 1428 281 τοῦ
1445 254 1512 281 Θεοῦ
1533 255 1701 291 φαιδρότητι.

935 311 941 328 :
969 305 1026 329 tum
1062 302 1198 337 praecipue
1222 303 1256 330 ob
1278 303 1447 338 splendorem
1469 303 1644 331 ecclesiarum
1668 303 1716 332 Dei
1739 305 1894 332 incredibili

1173 414 1178 420 .
1347 391 1545 417 ΚΕΦᾹΛΑΙΟΝ
1563 392 1633 418 MH'.

1173 437 1385 471 Δεκαετηρίδος
1401 438 1628 464 Κωνστιιντίνου
1640 438 1817 473 πανήγυρις.

1139 484 1217 511 Οὕτω
1239 485 1260 510 δ’
1282 484 1384 519 ἔχοντι,
1410 484 1541 519 δεκαέτης
1568 484 1642 519 αὐτῷ
1667 484 1717 520 τῆς
1749 485 1893 520 βασιλείας

1104 531 1200 567 ἠνύετο
1215 531 1322 565 χρόνος’
1337 531 1378 564 ἐφ’
1395 526 1416 564 ᾧ
1428 530 1459 565 δὴ
1471 530 1628 565 πανδήμους
1649 530 1766 557 ἐκτελῶν
1781 531 1891 566 ἑορτὰς,

1102 578 1141 613 τῷ
1160 577 1268 604 πάντων
1289 576 1394 611 βασιλεῖ
1407 576 1465 611 Θεῷ
1488 576 1665 612 εὐχαρίστους
1679 577 1771 612 εὐχὰς,
1794 577 1893 613 ὥσπερ

1103 623 1179 654 τινὰς
1201 622 1322 658 ἀπύρους
1351 623 1397 648 καὶ
1422 622 1561 653 ἀκάπνους
1584 622 1679 654 θυσίας
1705 622 1890 657 ἀνεπέμπετο.

1111 669 1180 695 Ἀλλ’
1197 669 1244 694 ἐπὶ
1271 668 1319 704 μὲν
1341 668 1446 700 τούτοις
1462 668 1564 703 χαίρων
1589 668 1710 700 διετέλει,
1726 669 1756 695 οὑ
1775 669 1827 704 μὴν
1844 670 1893 695 καὶ

1104 715 1146 749 ἐφ’
1159 711 1198 746 οἷς
1220 715 1287 749 ἀκοῇ
1311 713 1375 748 περὶ
1392 714 1446 740 τῶν
1467 713 1536 740 κατὰ
1555 713 1602 749 τὴν
1625 713 1695 749 ἑῴαν
1716 714 1893 749 τρυχομένων

1106 761 1189 788 ἐθνῶν
1207 761 1380 788 ἐπυνθάνετο.

1358 899 1554 927 ΚΕΦΑΛΛΙΟΝ
1570 900 1636 927 Μεν.

1169 945 1267 978 Ὅπως
1280 944 1337 978 τὴν
1351 945 1504 978 ἀνατολὴν
1513 945 1670 979 ἐκιικούχει
1688 945 1830 978 Λικίνιος.

1159 991 1248 1023 Δεινὸς
1263 991 1317 1027 γάρ
1328 1001 1368 1024 τις
1380 992 1434 1027 (10)
1444 992 1518 1027 αὐτῷ
1535 992 1682 1023 κάνταῦθα,
1697 994 1729 1028 τῇ
1745 992 1893 1028 ’τ’Ἑκκλη-1

1102 1037 1147 1073 σίᾳ
1162 1038 1208 1064 τοῦ
1225 1038 1301 1070 Θεοῦ,
1316 1039 1372 1069 τοῖς
1388 1047 1416 1064 τε
1426 1038 1529 1070 λοιποῖς
1537 1038 1718 1074 ὲπαρχιώταις
1735 1038 1892 1074 ἐφεδρεύειν

1102 1084 1288 1119 ἀπηγγέλλετο
1303 1084 1369 1120 θήρ·
1383 1084 1430 1110 τοῦ
1442 1084 1560 1120 πονηροῦ
1573 1084 1696 1119 δαίμονος
1707 1084 1800 1120 ὥσπερ
1810 1085 1892 1119 ἁμιλ-

1102 1127 1235 1163 λωμένου,
1249 1130 1305 1160 τοῖς
1319 1129 1396 1164 παρά
1406 1129 1444 1164 τῷ
1455 1129 1575 1163 θεοφιλεῖ
1586 1130 1782 1165 πραττομένοις
1793 1131 1892 1156 τάναν-

1103 1174 1148 1201 τία
1162 1174 1387 1210 κατεργάζεσθαι.
1404 1175 1440 1207 ὡς
1454 1175 1541 1202 δοκεῖν
1552 1177 1606 1207 τοῖς
1624 1175 1756 1210 σύμπασι,
1774 1176 1822 1211 τὴν
1839 1176 1892 1202 ὑπὸ

1109 1220 1253 1255 Ῥωμαίοις
1270 1221 1357 1256 ἀρχὴν
1376 1221 1436 1248 δυσὶ
1456 1223 1595 1257 τμήμασιν
1607 1222 1816 1258 ἀποληφθείσαν,
1838 1223 1892 1248 tot-

1104 1266 1181 1293 κέναι
1199 1267 1276 1293 νυκτὶ
1298 1268 1345 1293 καὶ
1363 1267 1463 1303 ἡμέρᾳ,
1486 1268 1598 1300 σκότους
1615 1269 1663 1304 μὲν
1676 1269 1731 1300 τοῖς
1747 1268 1797 1303 τῆν
1820 1267 1892 1302 ἑῴαν

1103 1310 1230 1346 λαχοῦσιν
1250 1312 1469 1345 ἐπιπολάζοντος,
1494 1315 1600 1349 ἡμέρας
1622 1314 1650 1340 δὲ
1670 1314 1892 1349 τηλαυγεστάτης

1102 1360 1158 1390 τοῖς
1170 1359 1218 1394 τῆς
1238 1359 1354 1394 θατέρας
1370 1359 1468 1396 μοίρας
1482 1361 1620 1396 οἰκήτορσι
1641 1361 1873 1396 καταλαμπούσης
1883 1369 1889 1375 ·

1103 1401 1143 1436 οἷς
1157 1405 1259 1440 μυρίων
1274 1405 1382 1439 ἀγαθῶν
1399 1406 1431 1432 ἐκ
1448 1406 1514 1432 Θεοῦ
1531 1407 1784 1442 πρυτανευομένων,
1795 1408 1846 1433 οὐκ
1857 1405 1892 1442 ἦν

1104 1451 1142 1486 τῷ
1160 1452 1297 1486 μισοκάλῳ
1313 1452 1401 1488 φθόνῳ
1418 1453 1521 1489 φορητὴ
1541 1455 1557 1489 ἡ
1581 1453 1636 1480 τῶν
1655 1455 1802 1489 γινομένων
1822 1454 1872 1481 θέα
1885 1464 1891 1469 ·

1103 1497 1196 1533 ὥσπερ
1211 1495 1256 1524 οὖν
1269 1498 1327 1524 οὐδὲ
1344 1499 1382 1534 τῷ
1391 1498 1501 1534 θάτερον
1515 1500 1595 1535 μέρος
1607 1500 1657 1534 τῆς
1665 1501 1825 1535 οἰκουμένης
1841 1509 1893 1527 καί

267 1545 321 1572 Sed
338 1551 425 1578 neque
441 1548 570 1577 tyrannus
585 1542 631 1576 qui
648 1542 759 1568 alteram
777 1547 881 1576 partem
908 1541 982 1569 orbis
997 1541 1050 1568 Ru-

1104 1545 1261 1571 ταπονοῦντι
1276 1545 1409 1580 τυράννῳ,
1428 1545 1456 1577 ὃς
1472 1543 1501 1572 εὖ
1519 1546 1669 1581 φερομένης
1682 1547 1729 1582 τῆς
1746 1546 1833 1582 ἀρχῆς
1849 1547 1894 1572 αὺ-

267 1590 340 1616 niani
362 1589 545 1616 dominatione
569 1596 617 1614 sua
642 1587 831 1622 opprimebat,
858 1587 884 1614 id
910 1587 1051 1614 ferendum

268 1636 381 1671 putavit.
406 1634 457 1668 Qui
473 1642 533 1661 cum
551 1642 594 1661 res
610 1641 674 1661 suas
688 1641 818 1668 prospero
832 1641 912 1660 cursu
936 1633 999 1672 ferri
1014 1634 1052 1660 vi-

268 1683 344 1709 deret
362 1691 368 1708 :
388 1681 510 1714 tantique
537 1680 669 1714 principis
692 1679 823 1706 atIinitate
836 1683 909 1706 esset
933 1679 1051 1706 honora-

268 1734 330 1760 tus;
347 1727 466 1762 religiosi
481 1726 592 1761 quidem
616 1726 788 1760 imperatoris
809 1726 961 1761 exemplum
977 1727 1052 1760 sequi

268 1773 386 1806 neglexit
403 1781 410 1800 :
430 1772 573 1806 impiorum
594 1779 657 1798 vero
673 1771 797 1798 instituta
815 1776 898 1805 atque
916 1771 1053 1806 improbos

268 1827 358 1846 mores
389 1819 493 1846 studuit
526 1817 637 1844 imitari.
665 1818 698 1844 Et
728 1825 842 1851 quorutn
868 1817 1051 1845 miserabilem

267 1867 329 1894 vitae
344 1865 446 1893 exitum
464 1866 521 1892 suis
546 1865 603 1900 ipse
620 1864 707 1891 oculis
731 1864 938 1898 conspexisset,
957 1871 1051 1891 eorum

1103 1589 1151 1623 τῷ,
1170 1591 1374 1617 Κωνσταντίνου
1384 1600 1413 1617 τε
1426 1591 1550 1618 τοσούτου
1565 1586 1893 1628 βασιλέωξέπιγαμϐρεας

1103 1636 1261 1672 ἠξιωμένος,
1288 1638 1429 1673 μιμήσεως
1450 1638 1499 1673 μὲν
1515 1638 1560 1664 τοῦ
1579 1638 1718 1672 θεοφιλοῦς
1737 1639 1895 1674 ἀπελιμπά-

1103 1691 1173 1714 νετο,
1192 1684 1240 1718 τῆς
1260 1683 1289 1710 δὲ
1306 1684 1359 1710 τῶν
1373 1684 1510 1711 δυσσεῦῶν
1527 1685 1712 1721 προαιρέσεως
1727 1685 1821 1720 ἐζήλου
1843 1686 1894 1720 τὴν

1104 1730 1299 1764 κακοτροπίαν,
1316 1730 1363 1756 καὶ
1373 1727 1410 1757 ὧν
1423 1731 1470 1757 τοῦ
1484 1731 1542 1766 βίου
1557 1731 1605 1765 τὴν
1618 1731 1805 1767 καταστροφὴν
1820 1732 1896 1758 ἐπεῖ-

1105 1774 1148 1800 δεν
1162 1775 1253 1806 αὐτοῖς
1265 1776 1423 1811 ὀφθαλμοῖς.
1435 1776 1537 1803 τούτων
1548 1776 1658 1803 ἕπεσθαι
1672 1777 1704 1811 τῇ
1720 1776 1815 1813 γνώμῃ
1831 1776 1886 1811 μᾶλ

1105 1819 1159 1852 λον,
1172 1821 1188 1856 ἢ
1207 1823 1266 1853 ταῖς
1278 1821 1325 1848 τοῦ
1341 1823 1493 1858 κρείττονος
1507 1822 1624 1857 φιλικαῖς
1639 1822 1739 1855 δεξιαῖς
1753 1822 1807 1858 (Η)
1822 1823 1897 1850 ἒπει-

1107 1875 1180 1902 ρατο.

267 1912 379 1946 consilia
393 1911 469 1946 sequi
488 1911 592 1945 maluit,
609 1918 692 1945 quam
712 1910 738 1936 iu
754 1910 876 1937 amicitia
893 1914 921 1936 et
956 1911 1100 1938 concordia
1128 1921 1189 1940 cum
1211 1922 1244 1943 eo
1261 1915 1306 1951 qui
1328 1916 1500 1950 przestantior
1529 1921 1587 1944 erat
1612 1924 1644 1944 ac
1672 1917 1772 1952 potior,
1786 1923 1896 1950 penna.

267 1967 332 1987 nere

576 2003 689 2031 CAPUT
709 2003 738 2030 L.

321 2051 456 2084 Quomodo
469 2050 586 2077 Licinius
599 2050 772 2077 Constantino
791 2051 935 2078 insidiatus
950 2052 996 2078 ait.

1376 2004 1573 2031 ΚΕΦΑΛΛΙΟΝ
1588 2005 1628 2032 N’.

1108 2051 1206 2083 Ὅπως
1216 2051 1430 2084 Κωνσταντίνῳ
1441 2052 1572 2085 Λικίνιος
1580 2052 1784 2078 ἐπιϐουλεύειν
1792 2051 1895 2086 ἤθελε.

304 2098 403 2124 Bellum
417 2097 499 2131 igitur
516 2096 681 2131 inexpiabile
697 2097 799 2123 lmmini
816 2096 886 2123 bene
902 2097 936 2123 de
954 2104 983 2123 se
994 2104 1048 2123 me-

1141 2096 1260 2131 Πόλεμον
1270 2096 1292 2122 δ’
1302 2094 1347 2123 οὖν
1355 2097 1485 2123 ἄσπονδον
1495 2098 1561 2132 πρὸς
1569 2098 1614 2125 τὸν
1623 2098 1768 2134 εὐεργέτην
1777 2099 1895 2133 αἴρεται,

268 2143 320 2170 rilo
337 2142 443 2175 intulit;
458 2150 506 2168 nec
520 2142 649 2168 amicitia:
662 2142 736 2175 jura,
752 2149 800 2168 nec
820 2147 1054 2169 sacramentorum

267 2190 438 2223 religionem,
455 2196 504 2214 nec
517 2189 624 2222 generis
635 2188 875 2219 necessitudinem,
890 2196 939 2215 nec
953 2189 1053 2215 hedera

268 2235 294 2262 in
309 2235 465 2261 memoriam
480 2242 620 2261 revocans.
642 2233 708 2261 Nam
721 2234 917 2261 Constantinus
933 2235 1053 2269 quidem,

269 2286 361 2315 utpote
371 2281 579 2314 benignissimus
592 2280 731 2314 princeps,
747 2287 799 2313 quo
813 2280 928 2307 sincerae
941 2282 1056 2308 benevo-

267 2327 356 2353 lentia:
372 2326 552 2352 certissimum
565 2326 589 2351 ei
604 2330 796 2360 argumentum
819 2326 915 2356 daret,
937 2332 1056 2360 paternae

268 2373 362 2408 stirpis
382 2372 562 2403 nobilitatem,
578 2375 605 2398 et
617 2372 785 2405 imperatorii
796 2371 851 2406 jam
865 2372 928 2399 inde
942 2380 955 2398 a
974 2373 1056 2406 majo-

269 2420 344 2447 ribus
355 2419 462 2454 generis
471 2419 640 2453 splendorem
652 2420 675 2445 ei
686 2420 947 2452 conmiunicaverat,
962 2427 1055 2446 sorore

268 2474 314 2492 sua
339 2465 365 2492 in
389 2465 592 2491 matrimonium
608 2465 670 2490 data
685 2471 691 2488 :
709 2464 845 2498 totiusque
862 2465 968 2499 imperii
998 2465 1053 2491 Ho-

268 2511 340 2538 mani
357 2511 496 2538 consortio
514 2511 638 2537 euutdem
660 2502 711 2538 frui
731 2511 907 2546 permiserat.
932 2510 1054 2538 Licinius

267 2565 332 2584 vero
351 2557 429 2591 plane
447 2557 488 2583 his
505 2557 641 2582 contraria
659 2557 751 2584 animo
771 2557 900 2587 volvens,
926 2557 1054 2583 adversus

268 2604 484 2638 prrestantiorem
503 2603 616 2630 occultis
633 2603 736 2630 artibus
756 2603 955 2638 grassabatur;
977 2603 1053 2630 varia

268 2650 383 2677 subinde
402 2649 560 2676 insidiarum
577 2657 676 2684 genera
693 2649 914 2680 connninisccns.
932 2653 962 2675 ut
984 2649 1053 2676 bene

269 2695 394 2722 meritum
411 2695 488 2721 malis
502 2700 732 2722 remttneraretur.
748 2696 786 2721 Ac
799 2695 931 2729 principio
945 2694 1052 2728 quidem

270 2741 415 2768 amicitiam
432 2741 573 2772 simulans,
586 2739 646 2767 dolo
661 2747 693 2766 ac
707 2739 803 2766 fraude
820 2744 916 2766 cuncta
931 2739 1030 2773 agebat
1045 2748 1051 2772 ;

304 2810 360 2845 (ιο)
381 2810 481 2842 Δεινὸς
508 2809 564 2845 γάρ
583 2817 639 2845 τις.
663 2808 703 2835 Ab
729 2809 771 2836 his
793 2808 882 2836 verbis
905 2813 985 2842 caput
1009 2809 1052 2836 in~

273 2846 382 2873 :boatnr
400 2846 425 2871 in
442 2845 532 2871 codice
547 2844 612 2870 Fuk.
628 2848 654 2870 et
669 2845 693 2870 in
709 2844 980 2871 scliedis'veteribus.

305 2880 360 2915 (ΓΙ)
380 2879 515 2912 θιιιοιικαῖς
530 2878 650 2912 δεξιαῖς.
670 2878 719 2907 llic
736 2879 811 2907 locus
833 2879 996 2914 supplendus
1011 2884 1051 2908 est

1105 2141 1135 2168 οὐ
1146 2141 1258 2176 φιλικῶν
1269 2143 1367 2177 νόμων,
1384 2143 1433 2177 οὐχ
1442 2143 1628 2178 ὁρκωμοσιῶν,
1638 2143 1667 2169 οὐ
1682 2143 1852 2177 συγγενείας,
1863 2144 1896 2170 οὐ

1107 2189 1247 2223 συνθηκῶν
1259 2189 1368 2224 μνήμην
1378 2189 1406 2214 ἐν
1417 2189 1518 2224 διανοίᾳ
1526 2189 1680 2224 λαμϐάνων.
1694 2190 1722 2215 '0
1733 2190 1781 2224 μὲν
1790 2189 1843 2225 γὰρ
1853 2199 1897 2223 φι-

1105 2234 1168 2260 λανθ
1175 2234 1330 2269 ρωπότατος
1338 2234 1441 2265 εὐνοίας
1448 2234 1521 2269 αὑτῴ
1530 2234 1657 2270 παρέχων
1664 2235 1780 2270 ἀληθοῦς
1794 2235 1824 2261 σύ
1830 2235 1896 2270 p.60-

1105 2279 1160 2311 λον,
1179 2280 1304 2315 πατέρων
1321 2280 1488 2313 συγγενείας,
1512 2279 1650 2314 βασιλικοῦ
1666 2281 1689 2306 τ’
1707 2280 1838 2306 ἀνέκαθεν
1854 2281 1896 2306 αῖ-

1107 2335 1190 2361 ματος
1214 2326 1339 2352 κοινωνὸν
1365 2326 1501 2360 γενέσθαι,
1528 2327 1609 2362 γάμῳ
1631 2326 1679 2362 τὴν
1699 2326 1813 2362 ἀδελφὴν
1832 2335 1895 2352 συν-

1105 2373 1186 2407 άψας,
1201 2373 1250 2408 τῆς
1265 2381 1293 2398 τε
1308 2373 1377 2399 κατά
1396 2373 1503 2400 πάντων
1516 2373 1659 2400 ἀπολαύειν
1677 2374 1762 2408 ἀρχῆς
1779 2373 1834 2399 τῶν
1847 2373 1896 2398 λα-

1105 2418 1215 2453 χόντων,
1232 2419 1346 2453 παρεῖχε
1366 2418 1415 2453 τὴν
1432 2418 1561 2450 ἐξουσίαν·
1577 2420 1591 2445 ὀ
1606 2418 1634 2444 δὲ
1644 2418 1748 2449 τούτοις
1766 2419 1896 2445 τάναντία

1104 2463 1256 2498 γινώσκων,
1275 2464 1345 2491 κατὰ
1357 2464 1404 2490 τοῦ
1421 2465 1571 2500 κρείττονος
1589 2464 1710 2500 μηχανὰς
1729 2465 1895 2492 συνεσκευά-

1105 2510 1175 2542 ζετο,
1195 2510 1281 2537 ἄλλοτ¹
1297 2510 1392 2542 ἄλλους
1408 2511 1523 2537 ἐπινοῶν
1539 2510 1651 2545 ἀπειλῆς
1665 2511 1791 2545 τρόπους,
1807 2511 1846 2542 ὡς
1863 2510 1896 2537 ἂν

1104 2557 1198 2586 κακοῖς
1212 2555 1257 2581 τὸν
1277 2555 1422 2591 εὐεργέτην
1438 2555 1592 2591 ἀμείψαιτο.
1616 2555 1670 2581 Καὶ
1683 2555 1716 2581 τὰ
1731 2555 1779 2590 μὲν
1799 2555 1897 2590 πρῶτα

1105 2601 1194 2636 φιλίαν
1210 2601 1447 2637 ὑποκοριζόμενος,
1459 2601 1525 2637 δόλῳ
1539 2602 1585 2628 καὶ
1598 2601 1689 2637 ἀπάτῃ
1706 2601 1783 2627 πάντ’
1799 2601 1896 2636 ἔπρατ-

1104 2656 1159 2679 τεν,
1184 2648 1226 2682 ἐφ’
1241 2645 1280 2679 οἷς
1296 2648 1405 2683 ἐτόλμα,
1424 2647 1554 2683 λήσεσθαι
1571 2647 1687 2679 ἐλπίζων
1700 2656 1706 2662 ·
1722 2647 1761 2682 τῷ
1774 2646 1797 2674 δ’
1813 2647 1895 2674 αὐτοῦ

1105 2694 1248 2729 θεράποντι
1263 2694 1328 2726 Θεὸς
1337 2694 1386 2726 τὰς
1399 2696 1427 2721 ὲν
1439 2695 1525 2730 σκότῳ
1538 2695 1736 2730 μηχανωμένας
1749 2694 1896 2726 ἐπιϐουλὰς

1105 2739 1283 2775 καταφώρους
1298 2739 1394 2766 ἐποίει,
1424 2740 1453 2766 'O
1469 2739 1490 2766 δ’
1505 2739 1543 2771 ὡς
1562 2740 1608 2765 ἐπὶ
1628 2740 1684 2770 τοῖς
1701 2738 1820 2775 πρώτοις
1837 2738 1895 2773 ὴλί-

1107 2818 1139 2837 cx
1156 2809 1243 2844 capite
1256 2813 1351 2836 octavo
1368 2808 1430 2835 libri
1445 2807 1540 2835 decimi
1557 2807 1895 2844 IIisIoriwrrrclesiastirc,

1106 2853 1138 2872 ex
1156 2853 1210 2880 quo
1224 2844 1305 2882 etiam
1319 2849 1398 2879 caput
1414 2851 1533 2878 sequens
1547 2843 1746 2871 emendandum
1760 2846 1812 2870 est.
