2013 3179
166 162 219 189 9ῧὸ

717 162 759 188 DE
780 161 862 188 VITA
882 158 1112 188 CONSTANTINI
1134 161 1200 189 LIB.
1219 161 1238 188 Ι.

1735 165 1786 193 966

166 228 254 252 mero,
272 220 318 246 ἐπὶ
332 219 461 255 δευτέρας
481 219 586 251 ἀπάτας
598 219 707 255 ἐχώρει,
724 220 773 246 νῦν
786 220 834 255 μὲν
848 219 945 254 φιλικὰν

1007 227 1120 253 sperans
1132 220 1190 247 fore
1207 225 1235 246 ιιι
1252 221 1366 248 consilia
1384 228 1431 248 sua
1455 221 1580 249 laterent.
1600 221 1697 249 Verum
1717 224 1788 251 Deus

166 265 311 302 προτείνων
325 265 426 298 δεξιὰς,
444 265 491 292 νῦν
506 266 534 291 δὲ
550 265 690 300 συνθηκῶν
714 266 893 300 ὁρκωμοσίας
908 273 951 291 πι-

164 311 319 346 στούμενος.
335 309 391 337 Εἶτ’
401 311 505 346 ἀθρόως
518 310 620 337 ἀθετῶν
631 311 663 336 τὰ
675 309 833 345 δεδογμένα,
848 311 894 336 καὶ
905 309 952 336 αὖ-

163 356 204 388 Θις
221 356 368 384 ἀντιϐολῶν
384 357 427 383 διὰ
449 356 606 392 πρεσϐείας,
624 356 671 382 καὶ
695 355 775 382 πάλιν
792 355 952 391 ἀσχημονῶν

162 403 221 433 ταῖς
236 402 435 437 ψευδολογίαις,
449 402 524 434 τέλος
537 402 662 438 προφανῆ
675 402 790 437 πόλεμον
803 402 889 437 ἀνακη
895 402 953 436 ρὺτ-

162 457 213 480 τει,
227 448 341 484 ἀπονοίᾳ
350 458 379 476 τε
391 449 531 485 λογισμοῦ,
546 449 606 475 κατ’
623 449 704 475 αὑτοῦ
721 448 813 475 λοιπὸν
826 448 872 474 τοῦ
884 448 950 474 Θεοῦ

161 494 192 521 ὃν
203 495 336 529 ἠπίστατο
352 495 438 522 σέϐειν
456 496 501 522 τὸν
519 495 639 531 βασιλέα,
657 494 876 531 παρατάττεσθαι
896 495 950 530 ὼρ-

163 540 242 575 μᾶτο.

163 585 282 613 Tandem
303 594 367 613 vero
395 586 494 614 bellum
528 577 616 622 palam
641 587 755 620 indixit,
780 591 808 614 et
829 587 970 621 desperata

1005 266 1120 293 insidias
1139 274 1199 300 quae
1218 266 1340 293 clanculo
1355 267 1539 300 struebantur,
1563 268 1663 296 famulo
1678 278 1725 296 suo
1739 271 1786 297 de—

1006 312 1084 340 texit.
1100 312 1134 338 At
1150 312 1272 339 Licinius
1286 313 1312 338 in
1329 313 1422 346 primis
1437 315 1577 342 conatibus
1593 315 1787 350 deprehensus,

1006 358 1039 384 ad
1066 365 1201 385 secun'as
1222 358 1330 385 fraudes
1352 366 1382 385 se
1407 361 1539 393 contulit;
1565 368 1635 388 nunc
1662 362 1787 389 amicitia:

1006 403 1084 430 ﬁdem
1103 404 1288 438 praetendens;
1316 413 1388 432 mmc
1403 405 1535 433 ftederum
1554 414 1585 434 ac
1599 414 1787 436 sacramento-

1007 457 1067 476 rum
1084 449 1216 484 religione
1231 450 1309 476 lidem
1333 451 1383 478 sibi
1404 452 1554 479 concilians
1573 461 1579 479 :
1598 453 1692 481 deinde
1708 462 1787 489 pacta

1006 500 1137 522 conventa
1165 500 1274 529 repente
1300 495 1414 527 violans,
1439 504 1585 531 rursusque
1612 506 1660 532 per
1685 499 1788 534 legatos

1005 540 1112 567 veniam
1131 547 1244 574 poscens
1258 548 1263 566 :
1282 549 1312 567 ac
1325 543 1412 568 denuo
1425 542 1572 569 mendaciis
1582 543 1652 571 foede
1662 544 1784 573 illudens.

1004 586 1103 613 mentis
1132 587 1243 614 audacia
1270 587 1405 620 incitatus,
1432 588 1560 615 adversus
1592 590 1674 616 Deum
1699 591 1787 625 ipsum

162 631 240 665 cujus
257 632 341 658 cultui
362 632 555 666 imperatorem
586 633 792 661 Constantinum
811 634 932 661 deditum
953 641 1015 661 esse
1028 639 1209 668 cognoverat,
1227 641 1302 660 arma
1320 634 1446 669 deinceps
1463 635 1534 662 ferre
1554 636 1680 664 instituit.

421 680 617 707 ΚΕΦΑΛΑΙΟΝ
630 681 695 707 NA’.

160 724 293 751 Λικινίου
309 726 372 751 κατ’
385 726 556 753 ἐπισκόπων
577 726 735 758 συσκευαὶ,
749 726 795 753 καὶ
812 728 950 754 συνόδων

478 763 634 794 κωλύσεις.

196 805 323 841 Πρώτους
333 806 364 840 γέ
373 815 412 833 τοι
425 807 487 838 τοὺς
502 807 547 833 ὑπ’
562 808 641 835 αὑτὸν
654 809 692 844 τῷ
705 809 757 844 θεῷ
768 809 948 844 λειτουργοὺς,

164 852 247 887 μηδὲν
264 852 372 879 πώποτε
387 853 546 888 πλημμελὲς
560 854 635 889 παρὰ
649 855 697 889 τὴν
717 855 803 890 ἀρχὴν
823 855 950 889 διαπονη-

161 897 265 930 θέντας,
285 899 376 934 ἡρέμα
392 899 460 931 τέως
481 900 696 935 περιειργάζετο,
719 901 870 936 προφάσεις
891 901 950 926 κατ’
969 889 989 915 Β

161 944 250 971 αὐτῶν
274 945 452 980 κακοτέχνους
484 945 650 981 Θηρώμενος.
673 947 815 982 Μηδεμιᾶς
846 955 876 981 γε
899 947 951 982 μὴν

160 989 283 1024 εὐπορῶν
296 989 395 1022 αἰτίας,
417 990 476 1025 μηδ’
493 991 561 1026 ἔχων
582 992 641 1018 ὅποι
665 993 721 1023 τοῖς
741 993 852 1028 ἀνδράσι
869 1001 951 1019 κατα-

162 1035 304 1070 μέμψοιτο,
328 1035 409 1070 νόμον
423 1036 560 1070 ἐκπέμπει
583 1036 814 1072 διακελευόμενον,
839 1037 950 1072 μηδαμῆ

162 1080 292 1115 μηδαμῶς
320 1081 444 1115 ἀλλήλοις
470 1082 655 1108 ἐπικοινωνεῖν
684 1083 747 1114 τοὺς
776 1083 949 1115 ἐπισκόπους,

161 1127 222 1162 μηδ’
241 1127 382 1162 ἐπιδημεῖν
398 1127 487 1153 αὐτῶν
501 1127 601 1160 ἐξεῖναί
617 1137 669 1154 τινι
690 1130 721 1164 τῇ
746 1129 793 1155 τοῦ
809 1129 891 1161 πέλας
906 1131 952 1156 ὲκ-

161 1172 268 1208 κλησίᾳ,
292 1173 357 1208 μηδέ
378 1182 409 1207 γε
430 1174 554 1205 συνόδους
575 1174 590 1209 ἢ
613 1173 710 1209 βουλὰς
733 1176 778 1202 καὶ
797 1175 950 1210 διασκέψεις

160 1219 223 1254 περὶ
238 1219 290 1245 τῶν
316 1219 459 1246 λυσιτελῶν
477 1220 621 1247 ποιεῖσθαι.
640 1221 675 1246 Τὸ
696 1220 717 1246 δ’
734 1219 767 1256 ἦν
780 1222 832 1257 ἄρα
850 1221 951 1257 πρόφα-

161 1272 202 1294 σις
212 1264 262 1298 τῆς
280 1264 338 1290 καθ’
352 1265 429 1299 ἡμῶν
442 1265 582 1300 ἐπηρείας.
603 1266 637 1291 Ἣ
655 1265 708 1301 γὰρ
731 1266 949 1302 παραϐαίνοντας

159 1309 204 1334 τὸν
216 1309 307 1344 νόμον,
331 1310 414 1345 ἐχρῆν
435 1310 633 1337 ὑποϐάλλεσθαι
657 1312 785 1347 τιμωρίᾳ.
804 1312 820 1346 ἢ
839 1311 950 1348 πειθαρ-

159 1355 273 1390 χοῦντας
284 1355 322 1390 τῷ
336 1356 556 1391 παραγγέλματι,
573 1357 890 1393 παραλύεινἘκκλησίας
906 1357 950 1383 Οε-

160 1402 243 1436 σμούς
255 1411 261 1416 ·
284 1402 370 1433 ἄλλως
384 1402 437 1437 γὰρ
459 1403 489 1428 οὐ
502 1402 612 1428 δυνατὸν
629 1403 662 1429 τὰ
677 1403 780 1438 μεγάλα
798 1403 851 1429 τῶν
864 1411 948 1438 σκεμ-

160 1447 261 1482 μάτων,
275 1447 291 1482 ἥ
311 1447 354 1473 διὰ
375 1447 489 1474 συνόδων
505 1448 740 1483 κατορθώσασῦαι.
758 1449 812 1475 Καὶ
826 1449 910 1476 ἄλλως
926 1449 948 1474 δ’

158 1494 172 1518 ὸ
186 1493 314 1529 Θεομισὴς
339 1493 378 1528 τῷ
395 1493 512 1528 θεοφιλεῖ
526 1494 653 1520 τάναντία
668 1496 796 1529 πράττειν
812 1494 946 1529 ἐγνωκὼς,

157 1537 191 1563 τὰ
205 1538 293 1563 τοιάδε
316 1538 514 1573 παρήγγελλεν.
538 1539 567 1564 '0
583 1538 631 1573 μὲν
652 1538 705 1575 γὰρ
723 1539 786 1570 τοὺς
805 1540 886 1574 ἱερεῖς
901 1539 946 1566 τοῦ

159 1582 238 1615 Θεοῦ,
260 1581 293 1618 τῇ
312 1583 379 1619 πρὸς
395 1583 440 1610 τὸν
461 1583 608 1619 ἱερωμένον
624 1586 688 1620 τιμῇ
705 1585 769 1620 (12),
790 1586 899 1620 εἰρήνης
916 1594 946 1611 τε

157 1628 205 1655 καὶ
224 1628 350 1663 ὁμονοίας
371 1630 417 1655 ἐπὶ
438 1630 520 1655 ταὺτὸ
544 1630 667 1665 συνῆγεν·
691 1631 704 1656 ὁ
722 1631 749 1656 δὲ
772 1631 841 1657 καλὰ
857 1640 945 1668 παρα-

157 1672 231 1699 λύειν
247 1673 450 1708 μηχανώμενος,
474 1673 658 1705 διασκεδάζειν
671 1673 719 1709 τὴν
741 1674 883 1709 σύμφωνον
896 1674 944 1710 ἁρ-

159 1719 253 1754 μονίαν
264 1719 401 1754 ἐπειρᾶτο.

409 1853 606 1881 ΚΕΦΛΛΑΙΟΝ
617 1854 679 1881 NB'.

206 1899 374 1934 Ἐξορισμοὶ
389 1901 436 1927 καὶ
449 1901 608 1935 δημεύσεις
618 1901 693 1928 κατὰ
708 1900 900 1935 Χριστιανῶν.
915 1913 917 1915 ·

192 1945 248 1973 Εἶτ’
261 1948 355 1983 ἐπειδὴ
370 1948 384 1973 ὁ
403 1948 440 1983 τῷ
457 1948 515 1983 Θεῷ
530 1949 605 1983 φίλος
618 1949 683 1975 εἵσω
701 1949 845 1984 βασιλικῶν
862 1949 942 1975 οἴκων

155 1993 219 2024 τοὺς
232 1993 398 2028 Θεράποντας
414 1995 582 2030 είσέρχεσΘαι
598 1995 684 2029 ἠξίου,
698 1995 825 2021 τάναντία
839 1995 942 2030 φρονῶν

155 2040 170 2065 ὁ
184 2038 322 2074 Θεομισὴς,
339 2039 460 2071 ἅπαντας
481 2041 543 2071 τοὺς
565 2040 610 2066 ὑπ’
623 2040 697 2075 αὐτῷ
714 2041 848 2072 Οεοσεόεῖς
867 2041 942 2075 βασι-

155 2082 240 2110 λικῶν
251 2084 403 2119 ἀπήλαυνεν
420 2084 501 2111 οἴκων
519 2085 586 2120 (15),
599 2085 697 2117 αὐτούς
713 2094 741 2111 τε
754 2085 868 2120 μάλιστα
878 2086 940 2117 τοὺς

192 2174 247 2209 (12)
270 2174 308 2208 Τῇ
324 2175 398 2208 πρὸς
411 2175 464 2202 τὸν
477 2176 635 2211 ἱερωμένον
655 2175 734 2210 τιμῇ.
751 2175 891 2202 Turnebus
907 2176 939 2202 ad

155 2217 239 2246 oramr
254 2212 297 2246 sui
316 2211 416 2237 codicis
442 2213 595 2238 emendavit
619 2212 650 2246 τῇ

155 2253 210 2272 νον.
234 2245 314 2278 quue
331 2246 411 2272 etiam
428 2246 452 2272 in
470 2246 565 2272 Mauri
588 2247 657 2273 lihro
682 2245 778 2278 reperi.
804 2245 859 2279 Ego
875 2254 938 2272 vero

157 2281 247 2316 plalim
274 2280 393 2316 scribere
410 2281 479 2316 πρὸς
495 2282 527 2316 τῇ
547 2281 601 2307 τῶν
619 2281 772 2316 ἱερωμένων
789 2282 869 2315 τιμῇ,
885 2285 936 2307 etc.

156 2314 255 2341 Reddit.
279 2315 349 2340 enim
377 2314 746 2347 rationem'Eusebius,'cur
766 2314 939 2342 Constantius

157 2350 222 2385 imp.
237 2350 354 2385 synodos
371 2352 557 2384 episcoporum
578 2351 723 2377 identidem
747 2356 936 2385 congregaret.

156 2384 256 2416 Prima,
282 2385 382 2418 inquit,
401 2393 481 2412 causa
506 2390 574 2417 erat,
591 2391 618 2412 ut
644 2384 829 2412 sacerdotibus
849 2386 893 2412 Dei
912 2386 937 2412 in

156 2427 239 2445 unum
255 2419 374 2446 collectis
396 2421 523 2447 honorem
539 2421 689 2448 exhiberet.
708 2421 832 2446 Secunda
851 2425 879 2446 ut
896 2429 938 2454 pa-

156 2462 214 2480 cem
231 2455 302 2481 inter
314 2455 385 2488 ipsos
399 2460 426 2482 et
441 2456 612 2482 concordiam
626 2455 767 2482 stabiliret.
782 2455 861 2482 Certe
876 2456 938 2487 τοὺς

156 2488 321 2524 ἱερωμένους
347 2490 477 2517 Eusebius
503 2497 600 2517 vocare
626 2491 694 2517 solet
715 2493 879 2521 sacerdotes,
908 2496 937 2517 ut

154 2526 254 2558 passim
272 2525 392 2551 Occurrit
419 2526 444 2551 in
472 2525 513 2552 his
538 2525 621 2551 libris.
642 2525 717 2557 Quod
742 2527 763 2550 si
785 2533 845 2551 cum
868 2526 938 2551 'l‘ur—

155 2559 224 2596 nebo
240 2559 328 2596 legere
342 2560 466 2596 malimus
489 2560 557 2596 πρὸς
573 2560 602 2586 τὸ
620 2559 779 2595 ἱερωμένον,
796 2565 851 2586 tum
869 2561 937 2596 scri-

154 2593 271 2620 bendum
288 2594 339 2621 erit
355 2595 403 2629 τῆς
425 2593 517 2630 τιμῆς,
532 2601 560 2621 ιιι
575 2603 634 2621 cum
646 2593 826 2629 sequentibus
849 2595 936 2621 oratio

154 2631 306 2661 coluereat;
322 2633 346 2656 et
363 2630 393 2655 τὸ
408 2631 553 2665 ἱερωμένον
567 2638 614 2664 pro
628 2630 754 2664 religione
773 2630 827 2663 ipsa
849 2637 937 2656 smne-

155 2665 293 2700 tur.rquod
311 2670 353 2700 est
368 2665 472 2692 durius.
487 2665 592 2692 Mallem
608 2665 678 2692 enim
698 2666 789 2692 dicere
810 2666 842 2700 τῇ
869 2665 936 2700 πρὺς

152 2698 198 2725 τὸν
213 2699 282 2734 ἱερὸν
297 2699 377 2734 νόμον
390 2701 467 2734 τιμῇ.

190 2733 247 2769 (l5)
274 2733 346 2766 Τοὺς
382 2733 530 2767 θεὸάεϐεἲς
560 2734 732 2766 βασιλικῶν
759 2734 937 2768 ἀπήλαυνεν

153 2767 253 2796 οἴκων.
276 2767 407 2795 Eusebius
428 2770 454 2795 in
471 2769 599 2796 Cltromco
622 2778 694 2796 anno
710 2770 816 2797 decimo
838 2774 935 2803 quarto

153 2803 325 2830 Corslantini
340 2813 346 2830 :
365 2812 374 2828 ι
388 2803 518 2836 Licinius,
534 2805 633 2838 inquit,
656 2806 825 2832 Christianos
842 2808 874 2831 de
890 2812 936 2838 pa-

155 2838 218 2865 latio
232 2846 281 2865 suo
298 2839 382 2874 pellit.
397 2848 406 2864 ι
427 2839 497 2866 l‘dem
514 2840 594 2866 habet
617 2839 727 2867 Orosius
747 2841 772 2866 iu
799 2840 866 2866 libro
882 2847 938 2874 vn,

153 2874 200 2901 sed
223 2873 379 2908 perturbato
404 2881 493 2902 rerum
517 2882 549 2901 ac
565 2880 714 2909 temporum
739 2874 944 2911 ordiue,_duur~‘

1256 680 1337 716 43:,
1357 680 1469 707 CAPUT
1489 681 1529 707 ιι.

1005 726 1100 754 Licinii
1128 727 1233 754 insidia:
1267 728 1389 753 adrersus
1422 728 1566 762 episcopos,
1593 732 1617 754 et
1645 728 1786 763 prohibitio

1309 762 1477 796 synodorunu

1041 808 1079 834 Ac
1102 808 1219 842 primum
1251 808 1359 842 quidem
1382 808 1430 835 Dei
1454 808 1592 835 ministros
1610 809 1660 836 sub
1686 809 1787 837 ditione

1004 860 1051 880 sua
1066 853 1207 887 degentes,
1223 855 1269 888 qui
1286 853 1352 880 nihil
1366 862 1483 889 unquam
1509 855 1633 882 criminis
1657 855 1787 883 adversus

1003 898 1144 932 imperium
1165 899 1251 934 ipsius
1269 901 1471 933 commiserant,
1499 902 1616 928 obscure
1641 906 1667 928 et
1689 901 1787 929 callide

1002 945 1196 976 circumvenit,
1209 946 1298 972 varias
1308 947 1439 973 adversus
1449 954 1495 973 eos
1508 946 1660 974 calumnias
1677 947 1787 974 investi-

1002 995 1078 1021 gans.
1091 987 1224 1022 ‘Cumque
1241 989 1340 1016 nullum
1358 990 1406 1024 ipsi
1424 992 1527 1017 crimen
1548 996 1712 1025 suppeteret,
1736 999 1786 1020 nec

1001 1033 1113 1060 haberet
1132 1035 1204 1068 quod
1229 1035 1295 1063 viris
1320 1036 1372 1063 illis
1397 1041 1487 1071 posset
1498 1037 1627 1070 objicere;
1655 1039 1713 1073 lege
1729 1038 1784 1066 lata

1001 1079 1128 1112 praecepit
1151 1087 1184 1106 ne
1204 1081 1323 1116 episcopi
1343 1083 1447 1115 uspiam
1481 1082 1550 1109 inter
1574 1091 1603 1110 se
1625 1083 1657 1110 de
1677 1084 1731 1111 ulla
1754 1092 1784 1112 re

1001 1123 1171 1157 conferrent,
1190 1133 1257 1152 neve
1272 1127 1318 1153 ulli
1336 1134 1429 1154 eorum
1449 1128 1476 1154 in
1498 1129 1607 1155 alterius
1630 1130 1681 1156 sibi
1703 1130 1782 1158 vicini

1000 1171 1142 1197 ecclesiam
1160 1177 1272 1199 ventare
1291 1173 1397 1206 liceret,
1426 1179 1454 1201 et
1472 1176 1591 1210 synodos
1613 1183 1644 1202 ac
1667 1177 1783 1203 concilia

1002 1215 1034 1241 de
1046 1216 1236 1243 communibus
1253 1219 1368 1251 negotiis
1381 1218 1491 1245 habere.
1514 1218 1610 1246 Verum
1627 1221 1684 1247 haec
1698 1221 1735 1247 illi
1749 1221 1783 1248 ad

1001 1268 1049 1287 nos
1063 1261 1201 1289 vexandos
1216 1263 1325 1289 occasio
1339 1265 1521 1298 quarrebalur.
1542 1265 1607 1291 Nam
1627 1266 1648 1292 si
1673 1267 1781 1300 quidem

999 1307 1083 1332 nostri
1097 1307 1181 1342 legem
1200 1308 1359 1341 violassent,
1377 1315 1484 1343 pmnam
1504 1311 1597 1338 subire
1615 1319 1662 1338 eos
1673 1317 1783 1346 oporte-

999 1351 1045 1378 bat
1060 1361 1066 1377 :
1082 1352 1122 1378 sin
1146 1359 1280 1388 prati-epto
1300 1356 1467 1388 paruissent,
1486 1356 1687 1384 ecclesiasticas
1709 1358 1782 1392 leges

999 1398 1123 1425 convelli.
1142 1397 1232 1433 Neque
1254 1400 1323 1426 enim
1343 1401 1453 1434 majoris
1477 1402 1604 1429 momenti
1625 1408 1782 1431 controver-

998 1444 1054 1474 siae,
1071 1444 1150 1470 aliter
1163 1453 1243 1477 quam
1260 1453 1306 1477 per
1319 1447 1436 1481 synodos
1458 1449 1581 1481 componi
1605 1454 1729 1482 possunt.
1749 1450 1781 1477 Et.

998 1488 1097 1523 alioqui
1125 1490 1178 1517 Deo
1203 1490 1318 1518 infestus
1341 1496 1490 1527 tyrannus,
1509 1501 1569 1520 cum
1592 1495 1703 1529 principi
1726 1497 1780 1523 Deo

999 1535 1186 1562 amantissimo
1210 1537 1348 1563 adversari
1377 1538 1402 1564 in
1428 1539 1556 1565 omnibus
1574 1540 1703 1570 studeret,
1723 1541 1780 1568 hzec

960 1567 1102 1607 cnostris
1135 1580 1289 1614 imperavit.
1333 1581 1399 1608 Nam
1438 1582 1632 1610 Constantinus
1671 1584 1780 1618 quidem

997 1626 1156 1652 sacerdotes
1174 1625 1230 1655 Dei.
1246 1626 1320 1660 pacis
1336 1632 1362 1653 ct
1377 1629 1530 1655 concordia:
1542 1634 1642 1655 nuitua‘,
1654 1637 1734 1656 causa
1753 1629 1779 1657 in

996 1677 1079 1696 unum
1096 1672 1281 1697 convocabat:
1295 1671 1374 1706 idque
1389 1673 1415 1698 in
1430 1673 1556 1699 honorem
1571 1673 1629 1707 ejus
1645 1674 1688 1700 cui
1700 1681 1779 1701 sacra

996 1717 1144 1744 faciebant.
1166 1717 1287 1745 Licinius
1302 1726 1364 1745 vero
1379 1719 1441 1745 dum
1460 1719 1560 1752 optima
1582 1726 1693 1753 quicque
1713 1727 1781 1746 con-

995 1764 1097 1791 vellere
1121 1763 1241 1796 molitur,
1270 1769 1433 1792 concentum
1463 1765 1644 1792 Ecclesiarum
1669 1765 1779 1793 turbare

994 1811 1118 1836 tentavit.

1291 1856 1403 1884 CAPUT
1426 1857 1479 1883 Lll.

1083 1901 1295 1929 Christianorum
1319 1903 1411 1929 exsilia
1431 1908 1455 1929 et
1475 1903 1688 1937 proscriptiones.

1031 1947 1063 1974 Et
1080 1950 1207 1982 quoniam
1235 1949 1292 1976 Deo
1315 1950 1416 1976 chains
1440 1949 1634 1976 Constantinus
1662 1948 1776 1976 famulos

995 1993 1040 2020 Dei
1064 1993 1090 2020 in
1112 1993 1242 2027 palatium
1269 1995 1385 2021 libenter
1409 1996 1590 2024 admittebat:
1616 1995 1700 2021 hostis
1728 1994 1776 2023 Dei

992 2038 1113 2065 Licinius
1126 2039 1258 2066 contraria
1277 2040 1368 2066 ouinia
1382 2041 1513 2069 sentiens.
1530 2045 1644 2066 cunctos
1657 2040 1702 2066 Dei
1719 2041 1776 2067 cul-

992 2089 1065 2111 tores
1078 2085 1123 2119 qui
1134 2085 1183 2111 sub
1197 2085 1309 2119 imperio
1323 2093 1371 2112 suo
1384 2085 1635 2120 degebant,pdalio
1652 2086 1772 2120 expulit:

994 2177 1020 2203 id
1037 2175 1119 2203 rel'ert
1139 2181 1202 2203 ante
1217 2177 1360 2203 Cibalense
1377 2176 1488 2207 bellum.
1504 2177 1574 2210 quod
1591 2177 1699 2210 quidem
1718 2178 1775 2205 bel-

676 2211 744 2246 πρὸς
766 2211 795 2237 τὸ
823 2212 845 2237 is
851 2211 938 2246 ρωμέ-

995 2211 1047 2237 Ium
1072 2217 1169 2238 octavo
1186 2219 1256 2237 anno
1272 2212 1437 2245 principatus
1456 2212 1626 2238 Constantini
1651 2213 1773 2246 contigit.

992 2246 1093 2279 Duplex
1108 2247 1178 2272 enim
1195 2247 1243 2272 fuit
1262 2247 1346 2273 ’civile
1367 2247 1466 2273 bellum
1484 2247 1553 2272 inter
1568 2247 1774 2274 Constantinum

990 2289 1021 2306 ac
1041 2281 1184 2308 Licinium.
1208 2281 1327 2308 Primum
1351 2280 1544 2316 quorLicinius
1564 2281 1651 2307 victus
1672 2282 1722 2308 fuit
1740 2283 1773 2308 ad

988 2316 1102 2343 Cillalim
1127 2316 1284 2348 Paunonim,
1308 2315 1379 2342 anno
1401 2315 1502 2342 Chriin
1526 2316 1556 2342 5i
1566 2317 1588 2342 ι.
1605 2316 1686 2349 Cujus
1710 2317 1771 2343 belli

989 2358 1087 2378 c:msas
1111 2359 1178 2386 unus
1195 2352 1267 2385 quod
1292 2352 1375 2378 sciam
1403 2351 1494 2377 retulit
1515 2357 1610 2377 auctor
1629 2357 1772 2386 excerpta-

990 2393 1048 2411 rmu
1067 2389 1098 2412 de
1112 2385 1196 2412 Geslis
1213 2386 1392 2418 Constantini,
1407 2394 1485 2420 quam
1501 2387 1533 2411 ad
1557 2386 1658 2412 calcem
1681 2385 1769 2412 Αιιιιιι.

989 2420 1136 2447 Martellmi
1156 2421 1318 2454 jampridem
1339 2421 1421 2448 edidi.
1438 2420 1575 2447 Posterius
1592 2428 1656 2447 vero
1672 2421 1770 2447 bellum

988 2455 1039 2482 fuit
1054 2455 1129 2485 illud,
1144 2463 1197 2488 quo
1212 2456 1285 2487 juxta
1302 2456 1505 2489 Adrianopolim
1527 2456 1601 2482 fusus
1616 2464 1646 2481 ac
1662 2456 1771 2489 fugatus

988 2490 1038 2517 fuit
1054 2490 1185 2520 Licinius.
1200 2491 1360 2524 tandemque
1373 2491 1404 2516 ad
1423 2490 1585 2517 deditionem
1604 2491 1769 2524 cmnpulsus.

989 2533 1061 2552 anno
1076 2526 1174 2552 Christi
1192 2525 1253 2551 524.
1269 2527 1306 2551 Ac
1322 2526 1420 2559 prioris
1436 2526 1547 2560 quidem
1573 2525 1634 2551 belli
1659 2526 1771 2552 mentio-

989 2568 1049 2586 nem
1076 2560 1176 2586 nullam
1205 2559 1268 2586 l'ecit
1294 2561 1426 2587 Eusebius
1441 2559 1451 2587 ;⁷
1470 2561 1529 2586 ideo
1557 2561 1672 2586 fortasse
1698 2562 1769 2594 quod

988 2594 1108 2621 Licinius
1125 2594 1240 2621 nondum
1261 2595 1392 2622 adversus
1411 2595 1583 2622 Christianos
1606 2596 1771 2629 persecutio-

988 2638 1048 2666 nem
1067 2630 1226 2666 excitasset.
1241 2629 1289 2666 Diu
1303 2630 1438 2666 rsiqpuidcm
1457 2635 1522 2666 post,
1539 2629 1614 2664 prius
1628 2630 1690 2656 illud
1712 2630 1771 2657 bel-

987 2665 1041 2691 lum
1066 2665 1185 2691 Licinius
1208 2665 1380 2691 ChristianOS
1400 2665 1523 2698 persequi
1552 2665 1678 2695 instituit,
1698 2672 1770 2691 anno

988 2700 1091 2726 scilicet
1107 2707 1151 2726 xw
1166 2700 1271 2734 imperii
1291 2699 1471 2729 Constantini,
1488 2704 1515 2725 ut
1532 2699 1630 2733 legitur
1645 2701 1670 2726 in
1686 2699 1771 2726 Claro-

987 2735 1046 2761 nico
1063 2735 1169 2761 Eusebii
1195 2735 1319 2761 editionis
1340 2734 1470 2767 Scaligori
1486 2742 1517 2760 ac
1542 2733 1639 2765 Μίνωι,
1661 2735 1686 2760 id
1711 2739 1769 2767 est,

987 2777 1059 2796 anno
1071 2769 1170 2796 Christi
1186 2769 1248 2795 320.
1270 2768 1341 2795 ldem
1367 2776 1454 2795 anuus
1472 2768 1587 2795 habetur
1602 2771 1626 2794 in
1640 2769 1769 2795 Chronico

987 2804 1111 2831 Cedrcui.
1126 2807 1159 2831 At
1174 2805 1306 2831 Barouius
1325 2803 1458 2830 Licinium
1483 2811 1555 2830 anno
1580 2803 1680 2831 Christi
1704 2804 1766 2835 516,

988 2841 1200 2873 persecutionem
1221 2840 1247 2865 in
1268 2840 1435 2866 Christianos
1459 2839 1637 2866 coaunovisse
1661 2839 1766 2866 scribit.

989 2873 1085 2902 Verum
1113 2875 1139 2901 in
1174 2875 1281 2902 Baronii
1308 2874 1454 2901 Annalibus
1483 2874 1596 2902 historia
1625 2875 1766 2908 utriusque
