2013 3179
218 189 271 217 379

573 189 710 218 EUSEBII
729 190 968 220 CESARIENSIS
987 192 1060 220 OPP.
1082 193 1171 220 PARS
1189 192 1210 220 l.
1230 208 1264 214 -—
1283 191 1477 220 lllSTORlCA.

1785 194 1839 221 930

219 257 311 287 gestas
338 249 450 277 exilium
474 249 530 278 suis
560 251 616 285 ipse
637 253 724 280 oculis
743 258 895 287 aspexerat,
910 261 1003 280 eorum

1060 254 1101 280 ἐπὶ
1113 254 1161 290 τῆς
1174 253 1332 286 δυσσεὸείας
1344 253 1481 288 ὀλέθρους,
1506 252 1608 280 τούτων
1626 253 1672 280 τὸν
1687 253 1763 289 ζῆλον
1792 255 1840 282 ἐπὶ

219 295 371 331 exemplum
387 295 412 322 Ῐη
432 303 508 322 suam
521 296 605 330 ipsius
613 298 759 332 perniciem
772 300 925 331 aemulatus,
942 308 1001 334 per-

219 342 386 369 secutionem
401 341 632 377 Christianorum,
659 345 736 378 quasi
757 344 890 372 ﬂammam
906 353 1001 380 quam-

219 387 281 415 dam
291 388 347 422 jam
360 389 475 424 sopitam
489 390 577 417 denuo
593 391 739 424 excitavit,
751 397 778 419 et
797 392 881 419 multo
895 393 1003 428 gravius

220 442 302 468 quam
327 435 432 469 priores
458 436 605 470 impietatis
631 436 757 464 conflavit
782 438 946 465 incendium.
966 439 1004 465 Ac

220 481 337 515 primum
351 482 460 517 quidem
481 487 607 517 tanquam
622 483 692 510 mala
705 484 801 516 bestia,
825 488 851 510 et
869 489 1004 511 tortuosos

220 528 330 562 quidam
347 537 460 564 serpens
479 529 505 556 in
522 529 639 563 seipsum
655 529 825 563 convolutus,
842 534 869 557 et
885 529 1003 556 furorem

220 579 302 609 atque
317 574 429 602 hostiles
440 575 571 601 adversus
586 575 667 602 Deum
679 575 766 602 minas
780 576 899 610 spirans,
913 576 1004 602 Eccle-

221 621 270 647 sifs
287 620 333 647 Dei
349 621 398 647 sub
414 621 527 654 imperio
551 628 600 648 suo
625 621 778 648 constitutis
794 621 890 648 bellum
916 622 1003 656 palam

222 665 335 699 inferre,
350 667 384 693 ob
398 665 569 692 Constantini
586 671 686 693 metum
710 667 820 694 minime
848 675 930 695 ausus
952 673 1004 701 est,

222 713 269 740 sed
285 712 463 746 improbitatis
475 712 549 739 virus
560 712 739 746 abscondens,
756 714 878 741 occultas
896 714 1007 742 insidias

222 757 306 785 certis
322 758 455 784 duntaxat
470 757 497 784 in
514 757 580 786 locis
593 759 724 786 adversus
737 760 880 795 episcopos
895 768 1006 795 compa—

223 803 315 837 ra\it;
335 808 364 831 et
379 811 411 831 ex
432 803 473 831 his
489 803 708 838 probatissimum
736 812 881 839 quemque,
899 813 1008 840 compo-

223 851 283 877 sitis
297 857 344 884 per
356 850 556 886 provinciarum
569 855 687 878 rectores
700 850 842 878 calumniis
858 851 1004 879 interfecit.

223 886 308 923 Pin-ro
325 895 405 923 ctedis
421 895 527 922 illorum
540 895 644 927 modus,
658 903 744 923 novus
762 903 812 922 nec
822 904 940 931 unquam
958 904 1007 923 an-

1054 299 1131 336 κακῷ
1139 300 1178 335 τῷ
1186 299 1266 326 αὑτοῦ
1279 299 1388 335 μετιὼν,
1398 300 1442 326 τὸν
1453 300 1522 326 κατὰ
1534 301 1555 326 Χ
1561 299 1701 335 ριστιανῶν
1708 300 1838 336 διωγμὸν,

1055 347 1149 382 ὥσπερ
1160 345 1221 373 τινὰ
1234 346 1317 373 πάλαι
1329 346 1547 382 κατεσϐεσμένην
1563 345 1647 382 πυρὸς
1656 346 1747 382 ἀκμὴν
1759 347 1840 383 avsp—

1058 392 1163 427 ρίπιζε,
1183 391 1335 428 δεινοτέραν
1353 392 1404 427 ῆοῐ
1417 391 1533 427 πρόσθεν
1550 391 1597 427 τὴν
1617 391 1667 426 τῆς
1682 391 1840 424 δυσσεϐείας

1055 438 1177 470 ἐξάπτων
1192 438 1286 472 φλόγα.
1299 439 1353 465 Καὶ
1369 438 1401 473 δὴ
1413 435 1458 464 οἷὰ
1470 446 1512 469 τις
1530 437 1581 473 θὴρ
1597 437 1692 470 δεινὸς,
1705 437 1721 473 ἢ
1734 437 1840 469 σκολιὸς

1057 485 1118 519 ὄφις
1132 484 1197 520 περὶ
1212 485 1307 511 ἑαυτὸν
1319 485 1513 519 ἰλυσπώμενος,
1525 484 1612 520 θυμοῦ
1626 493 1655 510 τε
1669 486 1715 511 καὶ
1727 485 1840 520 ἀπειλῆς

1056 529 1189 564 οεομάχου
1205 529 1303 561 πνέων,
1318 529 1393 556 οὔπω
1406 530 1453 565 μὲν
1465 530 1496 556 ὲκ
1508 529 1554 556 τοῦ
1570 529 1722 564 προφανοῦς
1739 529 1781 556 διὰ
1794 529 1841 556 τὸν

1057 573 1259 601 Κωνσταντίνου
1271 574 1362 608 φόϐον,
1379 576 1439 606 ταῖς
1455 575 1500 601 ὑπ’
1521 575 1601 602 αὑτὸν
1610 574 1781 610 Ἐκκλησιαις
1793 574 1841 602 τοῦ

1057 619 1124 646 Θεοῦ
1146 620 1272 655 πολεμεῖν
1293 620 1404 656 ἐτόλμα.
1428 620 1556 656 κρύπτων
1569 620 1597 648 δὲ
1617 622 1666 656 τῆς
1685 621 1782 654 κακίας
1794 621 1841 649 τὸν

1059 666 1106 698 ἰὸν,
1129 666 1261 702 λαθραίας
1281 666 1326 693 καὶ¹
1351 667 1466 702 μερικὰς
1492 667 1608 694 ἐποιεῖτο
1624 667 1673 699 τὰς
1694 667 1764 695 κατὰ
1785 667 1842 695 τῶν

1057 712 1213 739 ἐπισκόπων
1231 714 1378 744 συσκευάς·
1403 713 1527 748 ἀνῃρεῖτό
1542 721 1571 739 τε
1585 713 1617 739 δι’
1633 713 1776 749 ἐπιϐουλῆς
1787 713 1841 739 τῶν

1058 759 1118 785 κατ’
1129 758 1205 790 ἔθνος
1217 759 1354 794 ἀρχόντων
1369 759 1432 790 τοὺς
1450 759 1551 786 τούτων
1565 759 1780 794 δοκιμωτάτους·
1795 760 1843 786 καὶ

1057 804 1071 830 ὁ
1094 804 1193 840 τρόπος
1212 805 1240 831 δὲ
1255 804 1302 832 τοῦ
1322 806 1382 832 κατ’
1394 805 1483 832 αὐτῶν
1500 805 1579 839 φόνου
1604 805 1713 838 ξενίζων
1733 814 1774 837 τις
1795 803 1841 842 ἦν,

1058 847 1113 882 οἷος
1135 851 1306 878 οὐδεπώποτε
1318 851 1482 887 γνωσθῆναι.
1497 851 1578 879 Ταῦτ’
1589 850 1635 878 οὖν
1650 851 1706 888 (22)
1715 852 1785 888 ἀμφὶ
1792 853 1844 887 τὴν

1065 898 1212 933 Ἀμάσειαν
1228 898 1276 925 τοῦ
1293 899 1392 925 Πόντου
1411 899 1639 935 κατεργασθέντα,
1654 900 1743 926 πᾶσαν
1757 899 1842 935 ὑπερ-

225 947 266 970 ίω
284 941 409 976 cognitus
422 941 481 968 fuit.
496 941 578 968 Certe
596 949 655 976 quze
672 941 744 977 apud
772 942 906 970 Amasiam
931 948 1007 978 gesta

1062 945 1142 980 ὅολὴν
1156 945 1295 980 ὠμότητος
1307 945 1527 981 ὑπερηκόντιζεν.

231 993 305 1021 sunt,
320 995 428 1016 omnem
444 986 612 1014 crudelitatis
626 988 734 1015 modum
753 990 957 1017 transcendunt.

538 1034 651 1063 CAPUT
672 1033 704 1061 ll.

322 1082 447 1110 Ecclesia:
467 1083 573 1114 dirutw,
595 1088 618 1109 ct
631 1084 742 1118 episcopi
764 1084 898 1111 trucidati.

262 1162 319 1195 Qua
332 1162 358 1188 in
374 1162 442 1188 urbe
452 1162 574 1189 ecclesia:
592 1162 651 1192 Dei.
671 1161 729 1188 alite
752 1163 847 1189 iterum
864 1169 924 1198 post
938 1166 1010 1199 prio-

225 1217 281 1235 rem
298 1209 370 1235 illam
383 1208 607 1243 expugnationem
631 1214 743 1242 aequataa
770 1213 833 1236 sunt
852 1209 909 1236 solo
927 1219 933 1236 :
951 1211 1010 1237 alia:

224 1255 323 1281 clausae
348 1261 362 1280 a
379 1252 539 1288 praesidibus
566 1252 788 1287 provinciarum;
806 1261 840 1281 ne
867 1255 1008 1290 quisquam

224 1310 318 1328 eorum
333 1301 377 1336 qui
393 1309 440 1328 eas
452 1301 527 1328 adire
541 1307 754 1333 couSueverant,
774 1309 806 1328 eo
828 1303 985 1330 conveniret
999 1323 1007 1336 ,

225 1356 293 1375 neve
309 1348 456 1376 solemnem
475 1348 574 1375 cultum
592 1348 647 1376 Deo
666 1349 818 1376 exhiberet.
836 1348 928 1384 Neque
937 1349 1007 1376 enim

224 1395 270 1429 qui
289 1393 477 1428 hiecjubebat,
495 1395 667 1429 precationes
682 1394 738 1421 illic
753 1402 801 1428 pro
826 1403 857 1421 se
879 1395 936 1422 fieri
951 1395 1008 1429 opi-

226 1442 358 1474 nabatur;
373 1441 506 1468 scelerum
516 1441 620 1468 scilicet
635 1440 801 1468 conscientia
818 1440 934 1476 iam
948 1448 1007 1467 eam

224 1488 378 1521 opinionem
397 1487 538 1514 adductus.
558 1486 609 1513 Sed
626 1494 676 1514 nos
689 1493 738 1521 pro
750 1486 930 1513 Constantino
942 1495 1007 1514 eun—

225 1539 268 1562 cta
287 1542 378 1569 agere,
399 1541 430 1561 ac
445 1534 535 1560 divino
548 1532 654 1560 Numini
669 1533 821 1567 supplicare
835 1534 885 1560 sibi
896 1541 1007 1569 persua-

226 1587 309 1609 serat.
325 1582 359 1607 At
375 1581 504 1614 prmsides
528 1585 619 1615 utpote
647 1585 831 1608 assentatores
846 1586 926 1615 atque
940 1580 1006 1607 adu-

225 1627 336 1659 latores,
353 1635 414 1653 cum
439 1635 496 1654 rem
519 1631 623 1661 gratam
641 1626 795 1660 imperatori
813 1626 903 1653 facere
915 1634 944 1654 se
960 1635 1008 1662 pro

227 1676 304 1698 (crto
317 1672 460 1704 haberent,
474 1672 591 1707 optimos
608 1679 729 1707 quosque
745 1671 921 1698 ecclesiarum!
936 1671 1007 1698 anti-

227 1718 306 1744 stites
320 1716 428 1751 capitali
455 1717 586 1752 supplicio
600 1717 772 1744 addixerunt.
788 1715 880 1751 Itaque
897 1717 946 1743 viri
963 1716 1007 1751 qui

229 1763 294 1790 nihil
311 1763 373 1789 mali
389 1763 593 1796 commiserant,
609 1763 712 1797 absque
727 1762 780 1789 ulla
797 1770 876 1789 causa
892 1762 1009 1789 abduce-

226 1810 336 1842 bnntur,
349 1813 375 1834 et
388 1808 569 1842 puniebantur
591 1808 703 1842 perinde
714 1815 746 1836 ac
760 1808 863 1835 sicarii.
879 1807 1008 1836 Nonnulli

228 1862 325 1881 norunt
341 1855 476 1889 quoddam
491 1855 585 1881 mortis
603 1862 686 1888 genus
698 1855 877 1890 pertulerunt,
892 1862 1008 1888 corpore

227 1900 254 1925 in
270 1899 370 1926 multas
387 1905 477 1934 partes
495 1899 629 1926 frustatim
664 1899 786 1929 concise.
810 1905 837 1926 et
855 1906 912 1934 post
931 1905 1009 1927 atrox

227 1945 291 1971 illud
306 1945 435 1979 omnique
463 1946 565 1979 tragico
590 1945 716 1979 figmento
733 1946 890 1972 horribilius
906 1951 1010 1980 specta-

226 1994 328 2025 culum,
346 1998 374 2020 ut
387 1993 504 2027 piscibus
516 1993 606 2020 cibum
629 1994 791 2027 praeberent,
806 1993 831 2019 in
848 1993 1009 2021 altissimum

229 2046 303 2066 mare
320 2040 443 2075 proiecti.
464 2039 588 2067 Posthmc
601 2039 646 2066 Dei
668 2039 788 2067 cultores
818 2039 905 2074 fugam
921 2041 1010 2068 denuo

228 2086 297 2112 inire
312 2091 466 2119 ett-perunt.
486 2085 585 2112 lterum
598 2086 667 2120 agri,
682 2086 780 2112 iterum
798 2085 959 2114 solitudines
971 2087 1011 2113 l'a-

228 2132 315 2169 mulos
330 2131 377 2159 Dei
393 2140 548 2166 suscepere.
562 2131 626 2164 Quze
638 2133 700 2159 dum
718 2133 749 2158 ad
764 2132 834 2159 htltlc
847 2134 955 2160 moduni
968 2138 1010 2168 ly-

229 2187 316 2207 ranno
329 2180 518 2215 succederent,
533 2179 660 2212 deinceps
676 2179 894 2209 persecutionem
915 2179 1011 2206 adver-

225 2232 272 2251 sus
285 2232 379 2252 omnes
387 2224 563 2251 Christianos
575 2224 697 2250 excitare
715 2224 740 2250 in
757 2224 875 2250 animum
892 2224 1009 2252 induxit.

1325 1038 1521 1065 ΚΕΦΛΛΑΙΟΝ
1536 1038 1572 1064 B’.

1060 1084 1248 1117 Καθαιρέσεις
1264 1083 1443 1144 ἐκκλησιῶνί
1468 1084 1516 1110 καὶ
1534 1083 1706 1110 ἐπισκόπων
1724 1090 1844 1117 κρεουρι

1411 1128 1430 1144 ιγ·
1442 1127 1482 1144 αι.

1411 1127 1482 1153 γιαι.

1098 1164 1180 1191 Ἔνθα
1195 1165 1249 1191 τῶν
1265 1165 1415 1200 ἐκκλησιῶν
1438 1167 1466 1192 αἱ
1491 1165 1539 1201 μὲν
1554 1164 1583 1196 ἐξ
1600 1164 1682 1199 ’ὕψους
1695 1165 1733 1196 εἰς
1746 1164 1844 1199 ἔδαφος

1059 1210 1139 1237 τοῦτο
1151 1210 1275 1246 δεύτερον
1292 1210 1361 1246 μετὰ
1369 1211 1417 1242 τὰς
1429 1210 1539 1247 πρώτας
1551 1210 1718 1246 καθῃροῦντο
1736 1209 1844 1245 πολιορ-

1060 1257 1131 1288 κίας,
1146 1256 1193 1288 τὰς
1207 1256 1228 1282 δ’
1244 1256 1386 1283 ἀπέκλειον
1399 1256 1424 1283 οἱ
1444 1256 1513 1283 κατὰ
1537 1256 1635 1287 τόπους
1648 1256 1790 1291 ἡγεμόνες,
1805 1256 1843 1287 ὡς

1061 1303 1094 1329 ἂν
1107 1303 1143 1339 μὴ
1158 1302 1298 1336 συνάγοιτό
1310 1312 1351 1334 τις
1363 1303 1416 1329 τῶν
1431 1302 1573 1334 εἰωθότων,
1587 1302 1653 1337 μηδὲ
1666 1303 1704 1337 τῷ
1721 1301 1779 1337 Θεῴ
1792 1301 1842 1334 τὰς

1059 1349 1206 1384 ἐνθέσμους
1223 1349 1331 1384 ἀποδῴη
1356 1349 1483 1385 λατρείας
1499 1349 1565 1384 (εδ).
1581 1348 1767 1375 Συντελεῖσθαι
1788 1348 1843 1384 γὰρ

1059 1395 1108 1430 οὐχ
1118 1396 1209 1430 ἡγεῖτο
1219 1395 1287 1431 ὑπὲρ
1303 1394 1384 1422 αὑτοῦ
1401 1395 1502 1426 ταύτας
1517 1396 1530 1422 ὁ
1545 1394 1579 1421 τὰ
1598 1395 1685 1422 τοιάδε
1706 1395 1842 1431 προστάτ-

1059 1449 1122 1473 των,
1147 1440 1275 1467 συνειδότι
1290 1441 1382 1476 φαύλῳ
1406 1441 1483 1467 τοῦτο
1506 1440 1692 1475 λογιζόμενος·
1719 1441 1788 1476 ὑπὲρ
1815 1441 1844 1467 δὲ

1059 1487 1263 1514 Κωνσταντίνου
1284 1487 1412 1523 πράττειν
1430 1487 1517 1513 πάντα.
1533 1487 1622 1522 ἡμᾶς,
1641 1486 1687 1513 κοιλ¹
1708 1486 1754 1513 τόν
1777 1486 1844 1513 Θεὸν

1045 1531 1194 1558 -ξλεοῦσθαι
1215 1532 1355 1558 πέπειστο.
1381 1533 1411 1558 Οἱ
1434 1531 1456 1558 δ’
1475 1532 1556 1558 αὑτοῦ
1576 1532 1665 1568 θῶπες
1695 1532 1770 1564 ὄντες
1795 1533 1844 1559 καὶ

1059 1578 1183 1610 κόλακες,
1205 1578 1238 1605 τὰ
1257 1579 1320 1612 φίλα
1335 1579 1464 1614 πράττειν
1479 1578 1517 1614 τῷ
1531 1578 1642 1613 δυσαγεῖ
1657 1579 1842 1614 πεπεισμένοι,

1058 1624 1121 1655 τοὺς
1138 1623 1336 1658 δοκιμωτάτους
1346 1624 1400 1651 τῶν
1413 1623 1562 1659 ἐκκλησιῶν
1576 1624 1721 1660 προέδρους
1736 1624 1845 1659 κεφαλι-

1060 1671 1120 1702 καῖς
1137 1670 1285 1697 ὑπέϐαλλον
1306 1671 1460 1706 τιμωρίαις,
1477 1671 1615 1706 ἀπήγοντο
1630 1671 1659 1697 δὲ
1680 1670 1727 1698 καὶ
1749 1670 1845 1696 ἐκολά-

1060 1717 1136 1749 ζοντο
1148 1718 1358 1753 ἀπροφασίστως
1371 1720 1427 1750 τοῖς
1443 1717 1592 1753 μιαιφόνοις
1605 1717 1716 1753 ὁμοίως,
1736 1717 1760 1743 οἱ
1773 1717 1845 1745 κατὰ

1061 1763 1143 1799 μηδὲν
1157 1764 1325 1800 ἠδικηκότες.
1346 1765 1414 1799 Ἤδη
1430 1764 1458 1791 δέ
1479 1774 1550 1798 τινες
1566 1766 1722 1801 καινοτέραν
1740 1765 1844 1800 ὑπέμε-

1060 1818 1105 1836 νον
1115 1809 1163 1837 τοῦ
1178 1810 1235 1845 βίου
1252 1810 1389 1846 τελευτὴν,
1402 1811 1472 1846 gigas:
1483 1812 1512 1838 τὸ
1527 1812 1606 1847 σῶμα
1619 1813 1658 1843 εἰς
1671 1811 1754 1838 πολλὰ
1765 1819 1847 1838 κατα-

1060 1857 1287 1893 κρεουργούμενοι
1304 1858 1446 1893 τμήματα,
1464 1858 1511 1884 καὶ
1533 1857 1600 1894 μετὰ
1612 1858 1660 1894 τὴν
1673 1857 1763 1893 ἀπηνῆ
1781 1857 1846 1884 ταὺ-

1059 1910 1108 1937 την
1122 1902 1168 1928 καὶ
1181 1902 1268 1938 πάσης
1284 1903 1416 1937 τραγικῆς
1429 1903 1513 1938 ἀκοῆς
1526 1902 1706 1938 φρικτοτάτην
1723 1902 1844 1934 κόλασιν,

1062 1947 1212 1978 θαλαττίοις
1239 1947 1337 1982 βυθοῖς.
1356 1947 1523 1983 ἰχθύσιν-εἰς
1549 1947 1629 1984 βορὰν
1644 1947 1845 1983 ιριπτούμενοι.

1060 1983 1155 2027 Φυγαι
1168 1992 1200 2028 δὴ
1220 1991 1295 2025 αὖθις
1312 1994 1358 2020 ἐπὶ
1383 1993 1502 2026 τούτοις,
1524 1994 1617 2030 ὥσπερ
1639 1994 1670 2030 δὴ
1687 1994 1734 2020 καὶ⁸
1756 1994 1847 2030 μικρῷ

1061 2038 1203 2074 πρότερον,
1221 2039 1274 2065 τῶν
1290 2039 1422 2066 θεοσεϐῶν
1439 2040 1558 2073 ἐγίνοντο
1573 2040 1675 2076 ἀνδρῶν
1686 2048 1692 2055 ·
1707 2040 1753 2067 καὶ
1765 2040 1848 2067 πάλιν

1061 2085 1150 2121 ἀγροὶ,
1167 2086 1214 2112 καὶ
1228 2086 1308 2112 πάλιν
1322 2086 1436 2122 ἐρημίαι
1451 2087 1512 2118 τοὺς
1531 2087 1577 2114 τοῦ
1593 2086 1660 2114 Ε)εοῦ
1676 2086 1848 2122 Θεραπευτὰς

1061 2131 1232 2166 ὑπεδέχοντο.
1253 2132 1328 2158 Ἐπεὶ
1349 2132 1377 2158 δὲ
1398 2133 1445 2158 καὶ
1468 2133 1555 2159 ταῦτα
1578 2132 1671 2159 τοῦτον
1692 2131 1848 2168 προύχώρει

1061 2177 1107 2203 τὸν
1122 2177 1222 2212 τρόπον
1237 2177 1274 2212 τῷ
1289 2178 1422 2213 τυράννῳ,
1432 2178 1523 2204 λοιπὸν
1531 2179 1575 2205 τὸν
1591 2179 1698 2206 πάντων
1709 2179 1848 2205 ἀνακινεῖν

1063 2222 1183 2258 διωγμὸν
1192 2224 1237 2250 ἐπὶ
1244 2223 1361 2250 διάνοιαν
1371 2224 1506 2250 ἐϐάλλετο·
1519 2225 1628 2259 ἐκράτει
1636 2233 1665 2251 τε
1674 2224 1786 2259 γνώμης
1797 2224 1847 2251 καὶ

225 2271 264 2298 Ac
282 2271 376 2306 procul
391 2271 474 2297 dubio
487 2269 539 2297 voti
552 2270 593 2297 sui
607 2277 718 2302 compos
739 2270 899 2302 exstitisset,
924 2278 972 2297 nee
984 2271 1007 2297 ei

1063 2269 1137 2296 οὐδὲν
1154 2270 1277 2304 ἐμποδὼν
1287 2268 1320 2305 ἦν
1328 2269 1401 2305 αὐτῷ
1409 2271 1445 2306 μὴ
1461 2271 1520 2305 οὐχὶ
1529 2271 1562 2296 δι’
1575 2270 1662 2306 ἔργων
1670 2271 1720 2306 ἤδη
1736 2271 1846 2306 χωρεῖν,

223 2316 372 2350 quidquam
385 2315 537 2342 obstitisset
551 2315 697 2350 quominus
712 2322 769 2341 rein
790 2315 822 2341 ad
836 2315 935 2341 exitum
953 2324 1011 2349 per-

225 2364 346 2393 duceret,
362 2362 412 2388 nisi
426 2361 589 2389 famulornm
606 2369 715 2388 suorum
730 2367 915 2396 propugnator
932 2363 1009 2396 Deus,

261 2487 326 2523 (ἓῖ)
349 2489 432 2524 Ταῦτ’
457 2486 523 2516 οὖν.
549 2488 726 2516 Scribendum
752 2495 792 2517 est
816 2489 849 2516 τὰ
874 2490 951 2524 γοῦν,
980 2498 1011 2517 ex

225 2522 294 2550 libro
310 2531 326 2549 x
352 2522 480 2551 Historia:
503 2524 697 2557 ecclesiastica’,
724 2525 767 2552 ubi
792 2525 849 2551 lucc
865 2522 953 2551 omnia
977 2526 1010 2551 ad

224 2559 337 2585 verbum
352 2559 486 2592 leguntur.
504 2559 600 2586 Mirum
618 2567 699 2593 porro
717 2565 772 2589 est.
794 2559 939 2586 Eusebium
964 2567 1011 2587 ue-

224 2601 278 2627 que
303 2594 328 2620 in
349 2593 468 2620 Historia
483 2594 684 2628 Erclesiustica,
711 2601 797 2628 neque
822 2595 848 2621 in
873 2595 915 2621 his
937 2595 1012 2621 libris

223 2629 307 2655 ullam
332 2629 422 2655 facere
441 2629 606 2656 mentionem
623 2629 720 2656 Basilei
735 2630 931 2657 Amasenorum
955 2630 1011 2663 cpi-

224 2664 297 2697 scopi
311 2673 317 2690 :
332 2671 413 2697 quem
430 2669 519 2691 tamen
531 2664 606 2698 jussu
622 2664 716 2692 Licinii
732 2673 829 2691 caesum
844 2672 904 2691 esse
917 2672 1010 2691 omnes

221 2700 311 2725 (ἑποιτί
337 2700 485 2733 scriptores
498 2701 683 2727 consentiunt.
698 2700 797 2726 Verum
814 2699 1011 2733 Philostorgius

224 2735 250 2759 in
274 2734 345 2766 libro
366 2742 374 2760 ι
402 2733 529 2761 Historiw
544 2734 736 2767 Ecclesiasticw
765 2736 866 2761 diserte
898 2735 1010 2766 scribit,

223 2769 358 2805 Basileum
378 2770 499 2805 Amasea:
513 2771 538 2805 in
554 2769 639 2796 Ponto
653 2771 806 2805 episcopum
824 2769 932 2796 Nicaano
947 2777 1012 2796 enn-

225 2804 288 2829 r:lio
325 2804 491 2831 interfuisse.
523 2804 608 2832 Porro
631 2804 775 2832 cottcilinm
807 2805 960 2835 Nic-aenum,
983 2809 1012 2831 ut

225 2840 299 2864 inter
321 2845 416 2865 omnes
435 2844 559 2870 conslat,
573 2846 765 2874 congregatum
790 2845 832 2867 est
856 2847 927 2866 almo
953 2845 1012 2872 post

224 2874 476 2903 exauctoratiouem
491 2874 599 2904 Licinii.
621 2876 691 2909 Quid
708 2875 778 2909 quod
800 2875 964 2905 Athanasius
985 2875 1010 2906 iu

223 2909 375 2936 orationel
400 2908 497 2936 Contra
520 2908 650 2942 Ariunos,
675 2908 724 2937 ubi
751 2910 914 2938 mentionem
947 2909 1012 2938 iacit

1066 2317 1089 2342 εὶ
1106 2317 1143 2352 μὴ
1158 2316 1263 2351 φθάσας
1279 2317 1309 2343 τὸ
1328 2316 1423 2351 μέλλον
1445 2318 1459 2343 ό
1476 2317 1531 2343 τῶν
1546 2317 1652 2349 οἰκείων
1669 2317 1827 2352 ὑπέρμαχος
1839 2337 1848 2348 .

1064 2363 1100 2394 ὡς
1116 2363 1144 2388 ἐν
1160 2363 1245 2398 σκότῳ
1263 2363 1309 2389 καὶ
1324 2363 1400 2389 νυκτὶ
1413 2361 1601 2400 ζοφωδεστάτῃ
1613 2364 1742 2398 φωστῆρα
1760 2363 1848 2398 μέγαν

1066 2491 1209 2518 illustrium
1227 2491 1413 2526 episcoporum
1427 2490 1472 2525 qui
1489 2489 1604 2516 Nicaenaa
1617 2489 1721 2524 synodo
1735 2494 1780 2517 aut
1795 2491 1848 2526 ipsi

1063 2525 1262 2561 interfuerunt,
1285 2531 1332 2552 aut
1351 2525 1409 2559 ejus
1433 2525 1595 2553 sententiam
1617 2526 1847 2561 comprobarunt,

1064 2560 1196 2588 llasileum
1218 2560 1297 2588 Ponti
1314 2561 1469 2595 episcopum
1484 2568 1537 2587 una
1554 2567 1614 2586 cum
1631 2559 1692 2595 aliis
1701 2560 1826 2587 nominat
1840 2559 1850 2592 ,

1063 2602 1113 2622 nec
1134 2600 1279 2631 martyrem
1299 2594 1360 2623 eum
1383 2594 1508 2630 appellat,
1527 2595 1650 2630 quamvis
1663 2594 1763 2631 Osiunt
1780 2604 1848 2631 eon-

1065 2629 1318 2658 fessorem'ibidem
1344 2629 1526 2665 cognOminet.
1536 2629 1591 2656 Sed
1613 2635 1640 2656 et
1655 2631 1720 2656 Acta
1747 2629 1846 2658 Basilei

1063 2673 1123 2700 qua:
1143 2666 1212 2700 apud
1236 2666 1445 2699 Melapbraslcm
1464 2670 1588 2698 exstant,
1611 2665 1701 2699 inepta
1722 2665 1786 2691 mihi
1804 2667 1846 2692 vi--

1064 2706 1162 2727 nentur
1176 2709 1207 2727 ac
1222 2701 1354 2728 fabulosa.
1368 2700 1406 2727 Ac
1426 2701 1555 2735 pleraque
1570 2700 1678 2734 quidem
1694 2707 1753 2733 qua:
1767 2701 1847 2728 initio

1065 2743 1159 2762 eorum
1186 2735 1310 2770 leguntur
1323 2744 1356 2762 ex
1383 2735 1496 2762 Eusebio
1517 2736 1550 2762 ad
1574 2735 1684 2761 verbum
1709 2735 1846 2770 descripta

1065 2776 1137 2797 siml.
1154 2770 1262 2797 Fabella
1284 2776 1373 2797 autem
1393 2770 1435 2796 illa
1453 2771 1484 2797 de
1498 2770 1633 2805 Glaphyra
1648 2770 1764 2804 virgine,
1779 2778 1847 2798 cou-

1065 2807 1126 2831 licta
1142 2806 1205 2832 mihi
1221 2806 1326 2832 videtur
1341 2807 1375 2832 ab
1387 2805 1538 2832 hominibus
1551 2806 1652 2832 otiosis.

1100 2841 1156 2875 (25)
1183 2839 1308 2874 Ἀποδῴη
1325 2841 1472 2874 λατρείας.
1492 2841 1521 2867 In
1544 2841 1622 2867 codd.
1646 2839 1793 2867 Fultetiano
1818 2844 1847 2868 et.

1064 2876 1130 2902 Sav.’
1146 2876 1275 2912 scriptum
1294 2881 1336 2902 est
1348 2875 1490 2912 ὰποδιᾷοξη
1505 2886 1512 2902 :
1531 2877 1557 2903 in
1578 2876 1645 2903 libro
1660 2882 1749 2904 autem
1762 2884 1778 2903 χ
1792 2875 1846 2904 Ηί-

1063 2911 1151 2938 storia:
1172 2910 1364 2938 Ecclesiuttim’
1380 2910 1506 2946 ἀποδιδῷ.
