2013 3179
200 182 250 210 981

746 180 791 208 DE
810 180 891 209 ἫΤΑ
911 180 1140 208 CONSTANTINI
1157 181 1223 210 LIB.
1240 181 1274 208 ll.

1765 182 1822 208 933

199 238 335 274 ἐξέλαμψε
347 238 391 264 τὸν
406 236 490 264 αὑτοῦ
507 237 658 273 θεράποντα
667 239 882 269 Κωνσταντῖνον,
893 239 939 266 ἐπὶ
953 239 980 265 τὸ

1038 239 1063 265 id
1081 239 1151 273 quod
1167 239 1285 266 futurum
1304 242 1363 265 erat
1389 238 1534 266 celerrime
1552 237 1729 273 praeveniens,
1747 238 1818 266 Con-

198 284 262 320 τῇδε
274 283 492 319 χειραγωγήσας.

1036 285 1184 311 stantinnm
1205 283 1333 310 famulum
1349 291 1427 310 suum
1449 288 1574 318 tanquam
1594 283 1764 318 splendidum
1779 284 1819 310 lu-

199 332 238 358 cis
252 330 342 364 jubar,
355 329 382 356 in
401 328 532 363 profunda
556 328 670 363 caligine
690 334 716 355 et
740 329 766 356 in
783 330 978 357 obscurissima
1005 333 1084 356 nacte
1112 330 1201 356 subito
1229 329 1408 361 ostendisset,
1424 335 1540 363 cumque
1564 329 1639 362 quasi
1668 335 1750 355 manu
1770 337 1818 363 ap-

199 377 362 411 prehensum
379 375 428 402 has
441 375 469 402 in
482 379 574 409 partes
587 375 770 410 perduxisset.

460 421 657 448 ΚΕΦΑΛΑΙΟΝ
676 422 712 449 Γ’.

200 468 295 500 Ὅπως
303 467 528 499 Κωνσταντῑνος
539 468 615 501 ὑπὲρ
631 467 816 501 Χριστιανῶν
826 468 982 495 διώκεσθαι

429 503 604 536 μελλόντων
617 503 750 537 ἐκινήθη.

236 548 283 578 ⁸·ος
296 547 383 573 οὐκέτ’
394 547 505 574 ἀνεκτὸν
518 545 587 573 εἶναι
614 547 725 574 συνιδὼν
740 548 790 583 τὴν
807 548 860 574 τῶν
876 547 983 583 εἰρημέ-

197 603 250 620 νων
266 594 361 629 ἀκοὴν,
384 594 428 620 τὸν
451 593 577 629 σώφρονα
600 594 710 629 συνάγει
725 594 863 629 λογισμὸν,
879 594 927 620 καὶ
952 593 982 620 τὸ

197 641 309 675 στερρὸν
324 639 369 666 τοῦ
382 640 481 675 τρόπου
499 641 532 674 τῇ
550 640 681 675 συμφύτῳ
696 639 884 675 φιλανθρωπίᾳ
899 648 981 674 κερας

197 685 333 721 σάμενος,
375 686 420 712 ἐπὶ
446 686 495 721 τὴν
524 686 629 721 ἄμυναν
659 686 711 712 τῶν
738 685 982 721 καταπονουμένων

196 732 320 763 ἔσπευδε,
341 731 436 767 κρίνας
451 731 505 758 δεῖν
521 730 590 758 εἶναι
606 732 717 763 εὐσεὸὲς
735 733 782 758 καὶ
795 732 878 763 ὅσιον,
898 732 982 757 ἐκπο-

195 777 246 803 δὼν
271 777 317 803 ἕνα
335 777 534 813 ποιησάμενον,
563 778 592 804 τὸ
617 777 740 804 πλεῖστον
757 777 811 803 τῶν
833 776 982 811 ἀνθρώπων

195 821 377 848 διασώσασθαι
395 822 487 856 γένος·
507 823 590 857 πολλῇ
604 823 658 858 γὰρ
678 823 752 858 αὐτῷ
769 823 904 858 χρωμένῳ
921 822 981 856 φιλ-

195 867 337 904 ανθρωπίᾳ
356 868 422 904 (Ἦ),
447 870 492 895 καὶ
508 869 553 895 τὸν
574 869 742 904 συμπαθείας
756 869 863 902 ἀνάξιον
879 868 982 895 ἐλεοῦν-

195 923 232 946 τι,
250 914 288 950 τῷ
307 914 355 950 μὲν
382 915 464 950 μηδὲν
486 916 608 949 γίνεσθαι
623 916 717 947 πλέον,
743 916 791 950 τῆς
814 916 868 941 τῶν
889 914 981 941 κακῶν
997 932 1017 958 Β

195 960 392 995 ἐπιτηδεύσεως
414 961 544 997 μηδαμῶς
567 961 811 997 ἀπαλλαττομένῳ,
839 960 980 992 ὲπαὺξοντι

193 1005 222 1032 δὲ
239 1006 337 1040 μᾶλλον
354 1007 403 1042 τὴν
423 1007 493 1034 κατὰ
515 1007 567 1033 τῶν
583 1007 745 1042 ὑποχειρίων
761 1007 868 1038 λύτταν,
886 1007 941 1038 τοῖς
958 1006 979 1032 δ’

195 1051 240 1077 ὑπ’
264 1051 345 1078 αὐτοϋ
377 1053 579 1087 κεκακωμένοις
609 1053 743 1088 μηδεμίαν
772 1052 811 1078 ἔτι
846 1051 981 1087 σωτηρίας

194 1095 289 1122 ἐλπίδα
313 1096 462 1123 λείπεσθαι.
484 1097 565 1123 Ταῦτ’
585 1097 715 1133 ἐννοήσας
738 1098 752 1124 ὁ
779 1097 913 1132 βασιλεὺς,
935 1097 981 1122 ἀν-

194 1140 350 1175 υπερθέτως
368 1141 457 1173 δεξιὰν
481 1142 586 1177 ὀρέγειν
602 1143 733 1178 σωτήριον
755 1144 810 1173 τοῖς
829 1143 868 1173 εἰς
879 1141 981 1176 ἔσχατα

193 1186 287 1213 κακῶν
306 1186 463 1222 ὲληλακόσιν
479 1187 601 1223 ὡρμᾶτο.
619 1188 673 1224 Τῆς
691 1189 739 1223 μὲν
756 1186 802 1215 οῦν
821 1196 980 1223 στρατιωτι-

194 1231 244 1266 κῆς
262 1231 423 1264 ὲξοπλίσεως
445 1232 493 1268 τὴν
520 1233 621 1268 συνήθη
647 1234 824 1269 παρασκευὴν
848 1234 978 1264 ἐποιεῖτο,

193 1276 319 1312 ἥθροιστό
330 1286 359 1304 τε
374 1278 447 1314 αὺτῷ
464 1279 537 1305 πᾶσα
549 1279 654 1313 φάλαγξ
671 1279 753 1310 πεζοῦ
766 1288 795 1305 τε
808 1279 853 1305 καὶ
866 1279 978 1305 ἱππικοῦ

195 1323 351 1358 τάγματος·
376 1325 469 1360 ἡγεῖτο
492 1325 513 1351 δ’
532 1324 578 1351 ἐπὶ
601 1325 709 1352 πάντων
731 1325 764 1351 τὰ
788 1326 837 1360 τῆς
864 1326 909 1351 ἐπὶ
933 1326 978 1352 τὸν

193 1368 259 1395 Θεὸν
273 1370 377 1405 ἀγαθῆς
388 1371 502 1403 ἐλπίδος,
522 1370 566 1398 διὰ
579 1371 625 1397 τοῦ
646 1371 835 1407 προλεχθέντος
856 1372 977 1407 σημείου,

195 1412 227 1438 σύ
232 1414 327 1448 μῆολα.

457 1552 655 1578 ΚΕΦΑΛΑΙΟΝ
665 1554 711 1580 .A'.

1330 416 1444 444 CAPUT
1458 416 1501 444 lll.

1056 465 1192 499 Quomodo
1210 463 1398 499 Constantinus
1418 462 1629 499 Christianorum
1643 470 1722 499 causa
1735 469 1800 496 quos

1124 499 1242 526 Litiuius
1257 497 1374 532 persequi
1390 497 1511 531 parabat.
1532 503 1673 523 commotus
1687 498 1731 524 sit.

1070 556 1118 589 Qui
1133 563 1192 582 cum
1209 553 1360 587 huiusmodi
1373 560 1462 579 rermn
1476 552 1598 578 nuntium
1614 551 1646 578 ad
1663 559 1741 579 aures
1753 559 1816 579 suae

1035 601 1176 635 perlatum,
1195 606 1248 626 non
1266 598 1381 631 amplius
1398 596 1624 624 dissimulandum
1647 603 1708 625 esse
1733 597 1816 633 intel-

1034 646 1135 682 ligeret,
1151 645 1250 672 sobriae
1276 644 1375 671 mentis
1388 644 1510 677 vigorem
1524 643 1632 678 collegit
1648 652 1654 670 :
1670 649 1699 671 et
1713 645 1816 672 severi-

1035 696 1116 717 tatem
1133 697 1235 716 morum
1256 696 1317 716 cum
1348 688 1438 715 innata
1466 687 1585 715 miscens
1614 689 1765 721 clementia,
1781 690 1816 716 iis

1033 736 1077 770 qui
1094 735 1315 770 opprimebantur
1323 734 1455 761 auxilium
1472 734 1543 760 ferre
1556 734 1725 768 properavit;
1742 735 1814 768 pium

1033 785 1211 813 sanctumque
1226 778 1332 806 facinus
1345 778 1495 805 habendum
1514 786 1573 806 esse
1588 777 1723 811 judicans.
1754 787 1814 807 cum

1033 832 1086 852 uno
1100 832 1115 852 e
1131 824 1219 851 medio
1233 825 1340 852 sublato
1354 829 1438 851 totum
1455 823 1512 851 fere
1527 824 1666 851 hominum
1681 832 1766 859 genus
1779 825 1816 852 in-

1033 871 1138 897 colume
1152 875 1287 898 servatur.
1305 869 1350 897 Sic
1369 870 1440 896 enim
1464 869 1534 904 apud
1550 878 1580 897 se
1603 870 1745 904 reputabat
1766 879 1772 896 :
1791 871 1813 897 si

1033 914 1089 948 ipse
1102 921 1206 940 summa
1230 913 1372 940 clementia
1399 918 1531 946 uteretur,
1561 919 1588 941 et
1608 914 1726 941 hominis
1743 914 1814 942 nulla

1032 958 1205 985 miseratione
1220 958 1292 992 digni
1308 959 1497 991 misereretur,
1514 959 1552 986 illi
1570 960 1678 994 quidem
1705 961 1772 988 nihil
1787 961 1813 988 id

1031 1005 1214 1040 profuturum,
1234 1007 1334 1041 quippe
1347 1008 1391 1041 qui
1417 1015 1431 1033 a
1450 1008 1541 1042 pravis
1559 1009 1681 1036 moribus
1695 1013 1722 1036 et
1735 1009 1814 1036 insti-

1031 1051 1096 1078 tutis
1111 1051 1264 1079 nullatenus
1279 1051 1443 1083 discederet,
1458 1053 1522 1086 qnin
1548 1053 1636 1086 potius
1653 1053 1754 1080 rabiem
1767 1055 1814 1081 ad-

1030 1103 1123 1123 versus
1147 1097 1268 1124 subditos
1299 1097 1449 1124 intenderet
1472 1099 1634 1132 :oppressis
1665 1107 1731 1126 vero
1754 1100 1814 1127 nuI‘

1031 1141 1082 1167 Iam
1098 1140 1214 1175 amplius
1227 1148 1303 1176 spem
1319 1141 1416 1169 salutis
1439 1141 1565 1177 relinqui.
1588 1143 1650 1171 llaec
1665 1143 1814 1179 imperator

1030 1194 1090 1212 cum
1110 1186 1180 1220 apud
1194 1194 1224 1213 se
1241 1191 1406 1221 reputasset.
1427 1187 1460 1214 iis
1472 1188 1517 1222 qui
1540 1188 1567 1215 in
1582 1193 1718 1217 extremas
1737 1190 1811 1217 cala-

1031 1233 1137 1260 mitates
1154 1232 1323 1265 incidissent,
1334 1232 1415 1268 445
1435 1233 1538 1268 absque
1552 1233 1605 1261 nlla
1625 1234 1756 1263 dilatione
1769 1244 1813 1263 sa-

1030 1277 1142 1304 lutarem
1156 1278 1277 1304 dextram
1292 1278 1431 1313 porrigere
1451 1279 1581 1306 decrevit.
1599 1279 1633 1306 Et
1653 1280 1812 1308 militarium

1029 1321 1137 1355 quidem
1149 1322 1289 1356 copiarum
1305 1327 1386 1357 atque
1403 1329 1540 1350 armorum
1567 1324 1703 1359 ingentem
1727 1332 1813 1360 appa-~

1030 1371 1118 1392 ratum
1135 1366 1233 1400 coegit.
1252 1366 1364 1400 Jamque
1378 1367 1491 1394 aderant
1513 1368 1639 1395 universa
1657 1373 1709 1395 tam
1732 1369 1811 1402 equi-

1031 1417 1084 1438 tum
1100 1419 1180 1446 quam
1196 1412 1314 1445 peditum
1345 1412 1455 1446 agmina
1481 1413 1507 1439 in
1529 1421 1611 1440 unum
1635 1419 1810 1449 congregata.

1028 1456 1142 1483 Cunctis
1157 1463 1221 1483 vero
1240 1450 1383 1489 iprzeibant
1408 1456 1526 1492 insignia
1543 1457 1647 1484 ﬁduciae
1662 1458 1688 1485 in
1706 1458 1810 1490 Deum,

1030 1502 1136 1537 signum
1155 1501 1282 1528 videlicet
1298 1501 1363 1528 illud
1376 1503 1448 1536 quod
1463 1509 1544 1535 Supra
1557 1504 1775 1530 memoravimus.

1333 1546 1446 1574 CAPUT
1459 1547 1503 1575 IV.

194 1599 258 1625 Ὀτι
284 1598 510 1631 Κωνσταντῖνος
528 1597 586 1632 μὲν
609 1597 843 1631 παρεσκευάζετο
856 1597 918 1631 μετ’
931 1598 980 1625 εὐ-

1069 1593 1147 1626 Quod
1161 1593 1349 1632 Constartlinus
1368 1595 1575 1632 cum_p_reeibus.
1586 1594 1704 1623 Licinius
1719 1605 1778 1624 vero

229 1633 300 1668 χῶν,
317 1634 447 1665 Λικίνιος
462 1632 495 1659 δὲ
507 1633 581 1667 μετὰ
589 1633 735 1666 μαντειῶν
749 1634 792 1666 εἰς
803 1634 945 1667 πόλεμον.

228 1679 322 1714 Εὺχῶν
333 1679 354 1705 δ’
362 1678 453 1704 εἴποτε
461 1679 507 1705 καὶ
515 1678 562 1705 νῦν
570 1677 645 1712 αὐτῷ
653 1678 765 1710 δεῖσθαι,
773 1678 861 1710 καλῶς
871 1678 980 1705 ἐπιστά-

194 1732 284 1759 μενος,
296 1725 358 1755 τοὺς
365 1723 412 1750 τοῦ
432 1724 499 1750 Θεοῦ
520 1724 607 1759 ἱερέας
617 1725 740 1758 ἐπήγετο·
750 1725 865 1750 συνεῖναι
874 1724 896 1750 τ’
907 1723 981 1759 αὐτῷ

194 1770 241 1796 καὶ
253 1771 379 1805 παρεῖναι
390 1770 433 1797 διὰ
451 1770 559 1803 παντὸς,
569 1770 662 1805 ὥσπερ
673 1773 748 1801 τινας
759 1770 848 1805 ψυχῆς
863 1770 980 1804 ἀγαθοὺς

194 1815 316 1850 φύλακας
326 1815 394 1850 (‘25),
404 1815 513 1847 τούτους
521 1815 574 1842 δεῖν
584 1814 958 1850 ἡγούμενος.Ἔνθεν.εὶκάτως
967 1817 980 1842 ὁ

192 1861 241 1897 τὴν
249 1861 394 1897 τυραννίδα
403 1861 781 1898 προϐεϐλημένος,πυθόμενος
787 1862 980 1897 Κωνσταντίνῳ

192 1906 243 1937 τὰς
250 1907 310 1933 κατ’
320 1907 423 1942 ἐχθρῶν
433 1907 509 1939 νίκας
527 1907 586 1943 μηδ’
595 1907 703 1942 ἄλλωςῆ
712 1907 829 1933 τοῦΘεοῦ
843 1916 873 1933 συ
879 1907 981 1942 μπράτ-

193 1960 285 1983 τοντος
310 1952 482 1987 πορίζεσθαι,
508 1952 626 1979 συνεῖναί
652 1953 676 1979 τ’
697 1952 769 1988 αὺτῴ
791 1953 837 1979 καὶ
854 1955 978 1988 παρεῖναι

192 1996 336 2029 διαπαντὸς
349 1998 412 2029 τοὺς
426 1998 595 2034 εἰρημένους,
613 1999 660 2025 καὶ
673 1999 704 2025 τό
720 2007 752 2032 γε
771 1998 817 2024 τοῦ
846 1999 978 2033 σωτηρίου

193 2039 296 2074 πάθους
310 2043 340 2070 σύ
346 2043 441 2078 μϐολον
457 2044 537 2070 αὑτοῦ
549 2053 578 2070 τε
592 2045 638 2071 καὶ
653 2044 698 2070 τοῦ
714 2044 812 2076 παντὸς
824 2045 980 2080 καθηγήσα-

193 2087 256 2114 σθαι
272 2089 404 2124 στρατοῦ·
421 2089 507 2117 ταῦτα
528 2091 577 2125 μὲν
599 2090 715 2124 γέλωτος
736 2091 798 2123 ἄξια
819 2090 978 2125 ὑπελάμϐα-

175 2126 177 2128 L
192 2142 247 2165 vsv,
267 2133 325 2169 ἅμα
340 2134 477 2170 χλευάζων
499 2135 580 2162 αὑτὸν
599 2135 646 2162 καὶ
662 2135 830 2171 βλασφήμοις
844 2135 978 2172 διασύρων

192 2179 291 2213 λόγοις,
304 2181 384 2212 αὑτός
400 2190 432 2207 τε
449 2181 615 2217 θεοπρόπους
635 2181 690 2217 (ἳϐ)
710 2183 756 2208 καὶ
768 2182 877 2217 μάντεις
893 2183 976 2216 Αἰγυ-

192 2225 288 2258 πτίων,
306 2229 461 2262 φαρμακεῖς
475 2228 521 2253 καὶ
536 2228 647 2262 γόητας,
665 2227 748 2258 θύτας
765 2237 793 2253 τε
811 2228 857 2254 καὶ
873 2230 978 2263 προφή-

191 2279 241 2302 τας
263 2267 299 2299 ὧν
317 2273 407 2308 ἡγεῖτο
433 2272 513 2304 θεῶν,
539 2273 602 2307 περὶ
628 2273 721 2298 ἑαυτὸν
737 2272 840 2299 ἐποίει’
858 2272 976 2299 κᾶπειτα
994 2278 1014 2304 Ι)

192 2317 298 2348 θυσίαις
325 2317 372 2349 οὓς
389 2318 442 2345 δεῖν
467 2317 543 2353 ᾤετο,
570 2318 646 2350 θεοὺς
673 2318 729 2354 (Ξῖ)
761 2318 976 2354 μειλισσόμενος,

191 2362 312 2399 διηρώτα
330 2363 384 2399 ὅπη
410 2363 483 2399 αὐτῷ
507 2363 540 2390 τὰ
566 2364 615 2399 τῆς
635 2364 773 2396 ἐκϐάσεως
792 2363 837 2390 τοῦ
859 2364 977 2399 πολέμου

229 2465 284 2500 (⁸24)
313 2464 419 2499 Πολλῇ
446 2465 500 2500 γὰρ
531 2465 611 2498 αὐτῷ
648 2464 787 2499 χρωμένῳ
815 2467 979 2500 φιλανθρω-

193 2501 254 2534 πίᾳ,
285 2500 312 2527 lu
335 2500 382 2527 lib.
402 2507 419 2526 κ
446 2501 516 2526 unde
541 2502 596 2526 lucc.
622 2502 654 2526 ad
679 2501 788 2526 verbum
817 2503 977 2535 transcripta

193 2541 267 2566 sunt.
287 2542 335 2570 pro
351 2542 417 2561 voce
429 2535 512 2570 πολλῇ
528 2535 625 2570 legitur
640 2535 718 2570 μόνῃ,
738 2536 809 2570 quod
824 2536 922 2562 rectius
936 2537 976 2562 vi-

193 2569 291 2598 detur.
312 2569 418 2596 Mallem
442 2569 524 2597 etiam
550 2569 670 2597 scribere
694 2569 786 2596 αὑτοῦ
814 2570 974 2605 χρωμένου,

194 2606 244 2632 ηἰςί
261 2605 342 2665 ll‘orte
359 2604 464 2632 dativus
490 2612 572 2633 casus
597 2606 665 2632 sumi
684 2610 770 2639 potest
790 2604 838 2639 pro
858 2604 976 2632 ablativo

194 2643 258 2665 abso
271 2645 328 2665 Itto.

192 2643 328 2666 absoluto.

228 2675 285 2707 (‘25)
309 2674 421 2708 ’Ὥσπερ
442 2674 525 2707 τινὰς
546 2673 650 2708 ψυχῆς
669 2674 798 2708 ἀγαθοὺς
827 2675 975 2708 φύλακας.

192 2710 295 2736 Alludit
316 2710 348 2735 ad
373 2716 465 2735 vocem
482 2708 725 2744 σωματοφύλακας.
745 2710 975 2742 Quemadmodum

194 2745 276 2779 igitur
296 2744 485 2779 imperatores,
506 2744 635 2778 quosdam
657 2745 757 2771 milites
779 2744 811 2770 ad
825 2744 974 2771 custodiam

193 2779 317 2812 corporis
337 2778 378 2805 sui
394 2785 499 2812 semper
510 2786 599 2805 secum
613 2779 757 2810 habebant.
787 2779 825 2806 sic
841 2780 974 2805 Constan—

193 2814 280 2841 stinus
303 2814 444 2847 episcopos
466 2813 544 2847 quasi
564 2813 693 2847 quosdam
713 2815 811 2841 anim:e
835 2814 972 2845 custodes,

193 2849 292 2881 ubique
306 2848 357 2876 sibi
380 2848 475 2875 adesse
497 2848 590 2874 voluit.
613 2848 695 2875 Porro
712 2854 772 2883 post
789 2857 880 2875 vocem
898 2849 974 2874 ἐπεί-

194 2891 256 2917 γετο
270 2888 397 2918 punctum
415 2883 603 2918 apponendum
618 2889 658 2910 est
676 2891 707 2910 ex
731 2884 811 2911 codd.
841 2884 922 2918 Regio
949 2889 974 2911 et

1156 1637 1215 1655 cum
1225 1629 1355 1655 raliainiis
1367 1637 1393 1655 se
1404 1630 1438 1655 ml
1454 1629 1548 1656 beltum
1566 1631 1687 1663 parabat.

1068 1672 1190 1708 Cinnque
1214 1673 1428 1706 precationibus,
1453 1673 1475 1700 si
1497 1681 1612 1708 unquam
1637 1679 1728 1707 antea.
1753 1683 1814 1704 sese

1034 1723 1098 1745 tunc
1114 1719 1233 1746 maxime
1246 1719 1367 1754 indigere
1383 1719 1563 1754 intelligeret.
1591 1722 1745 1749 sacerdotes
1765 1722 1811 1749 Dei

1032 1772 1123 1791 secum
1141 1765 1233 1795 diuit.
1252 1771 1300 1793 eos
1329 1765 1402 1793 velut
1428 1765 1544 1800 optimos
1562 1767 1661 1795 anima;
1686 1769 1813 1797 custodes

1032 1812 1127 1839 adesse
1142 1819 1234 1838 coram
1247 1816 1274 1838 et
1294 1819 1386 1838 secum
1403 1812 1505 1839 versari
1525 1813 1624 1840 debere
1642 1815 1811 1842 existimans.

1034 1857 1109 1884 Unde
1123 1865 1183 1885 cum
1204 1862 1334 1893 tyrannus
1361 1859 1503 1892 audiisset,
1521 1859 1729 1889 Constantinum
1757 1869 1812 1890 non

1032 1903 1109 1930 aliter
1128 1911 1209 1938 quam
1229 1904 1319 1930 divino
1334 1904 1480 1932 auxiliante
1501 1905 1610 1933 numine
1625 1906 1764 1934 victoriam
1781 1908 1814 1935 de

1033 1950 1156 1977 hostibus
1169 1958 1266 1984 parare
1276 1971 1283 1983 ,
1298 1955 1326 1977 et
1336 1958 1383 1977 eos
1393 1958 1463 1985 quos
1475 1951 1529 1978 dixi
1539 1951 1561 1978 ei
1573 1956 1704 1986 perpetuo
1718 1953 1814 1981 adesse

1032 2002 1138 2030 unaque
1149 1996 1251 2022 versari
1265 2004 1272 2027 ς
1289 1995 1417 2022 salutaris
1427 2003 1534 2031 quoque
1550 1997 1684 2031 passionis
1695 1997 1812 2032 signum,

1030 2047 1056 2068 et
1071 2042 1156 2076 ipsum
1169 2047 1197 2069 et
1209 2042 1364 2068 universum
1381 2040 1440 2075 ejus
1459 2042 1607 2069 exercitum
1625 2044 1787 2071 antecedere
1804 2052 1811 2076 ;

1031 2088 1086 2114 haec
1103 2092 1194 2122 utpote
1208 2086 1305 2120 impius
1329 2086 1384 2112 risu
1413 2086 1493 2121 digna
1511 2095 1571 2114 esse
1590 2089 1726 2120 censebat,
1741 2089 1812 2116 Con-

1029 2133 1177 2160 stantinum
1196 2132 1365 2160 subsanuaus
1391 2135 1421 2158 et
1445 2133 1652 2161 contumeliosis
1683 2140 1813 2170 appetens

1030 2179 1129 2206 verbis.
1145 2179 1205 2213 lpse
1216 2185 1282 2205 vero
1294 2177 1401 2205 divinos
1416 2182 1442 2204 et
1459 2183 1533 2206 vates
1550 2178 1753 2214 .Egyptiorum,
1767 2188 1814 2208 ve—

1030 2225 1131 2252 nciieos
1146 2229 1173 2251 et
1186 2225 1349 2259 impostores
1359 2246 1366 2258 ,
1387 2225 1554 2252 sacriﬁculos
1569 2225 1686 2259 denique
1704 2233 1736 2253 ac
1751 2233 1814 2260 pro-

1030 2271 1125 2304 pbetas
1139 2270 1268 2298 falsorum
1281 2278 1349 2305 quos
1362 2271 1471 2298 colebat
1486 2270 1598 2298 deorqu
1613 2271 1663 2298 sibi
1678 2271 1812 2304 adiunxit.

1032 2317 1133 2343 Deinde
1147 2317 1290 2344 sacriﬁciis
1304 2317 1414 2352 placans
1441 2316 1501 2344 illos
1534 2324 1601 2351 quos
1638 2317 1812 2345 existimabat

1033 2364 1108 2395 deos,
1133 2363 1323 2390 sciscitabatur
1346 2371 1378 2389 ex
1402 2363 1453 2389 illis
1473 2370 1617 2396 quemnam
1635 2363 1696 2389 belli
1713 2363 1812 2390 exitum

1032 2465 1100 2493 Fuk.
1113 2466 1184 2500 quod
1201 2466 1462 2499 Christophm-sonns
1473 2473 1526 2492 nou
1542 2465 1742 2492 animadvertit.
1757 2465 1814 2492 Cm-

1032 2499 1127 2527 terum'
1144 2501 1169 2527 iu
1197 2501 1273 2528 codd.
1300 2501 1364 2528 Fnk.
1394 2500 1511 2527 Turnebi
1538 2507 1571 2527 ac
1593 2499 1685 2526 Savilii
1713 2502 1813 2527 rectius

1032 2535 1159 2562 scribitur
1175 2536 1302 2570 ἐπήγετο.
1321 2535 1403 2562 Paulo
1415 2540 1474 2568 [δοκι
1492 2535 1517 2561 in
1534 2535 1626 2562 codice
1641 2534 1707 2570 Fuit.
1719 2536 1813 2562 seribi-

1032 2575 1084 2601 tur,
1097 2569 1248 2605 πυθόμενος
1263 2571 1464 2597 Κωνσταντῖνον
1475 2569 1524 2602 τὰς
1540 2570 1599 2596 κατ’
1615 2569 1718 2605 ἐχθρῶν
1736 2569 1813 2602 νίκας

1032 2605 1069 2640 μὴ
1091 2603 1186 2636 ἄλλως,
1209 2605 1286 2640 ἢτοῦ
1308 2605 1376 2632 Θεοῦ
1400 2603 1810 2641 συμπράττοντος’πορίζεσθαμ

1032 2640 1144 2666 [lectius
1160 2647 1220 2666 meo
1234 2640 1342 2674 quidem
1356 2641 1465 2673 judicio.

1064 2674 1120 2708 (Ξὸ)
1138 2675 1234 2707 Αὐτός
1253 2683 1284 2700 τε
1302 2675 1496 2708 θεοπρόπους.
1517 2674 1692 2701 Scribendum
1708 2679 1749 2702 cst
1761 2676 1812 2702 αὑ-

1027 2710 1073 2741 τὸς
1089 2709 1128 2736 δέ.
1143 2710 1301 2742 Quanquam
1315 2710 1423 2736 eodm-es
1443 2710 1528 2736 nostri
1544 2710 1610 2736 nihil
1628 2714 1743 2742 mutant,
1760 2712 1812 2739 nisi

1026 2746 1097 2779 quod
1113 2753 1164 2780 pro
1172 2744 1339 2779 θεοπρόπους
1353 2744 1420 2771 Fuk.
1440 2745 1522 2771 habet
1537 2744 1715 2780 θεοπρόπεις,
1732 2747 1812 2773 selte-

1027 2782 1065 2806 dm
1079 2778 1142 2806 vero
1153 2778 1321 2813 θεοπρεπεῖς.

1064 2814 1120 2848 (27)
1138 2814 1196 2846 Οὓς
1207 2814 1271 2840 δεῖν
1285 2814 1367 2846 ᾤετο,
1389 2814 1484 2846 θεούς.
1501 2814 1680 2841 Scribendum
1704 2815 1811 2844 videtur

1029 2849 1074 2881 ei};
1085 2849 1134 2883 δεῖ,
1151 2851 1190 2877 Vel
1202 2855 1273 2877 certe
1288 2858 1340 2877 uno
1357 2851 1436 2877 verbo
1451 2849 1496 2880 οὒς
1508 2849 1642 2876 διενοεῖτο.
