2000 3167
156 169 209 197 935

705 172 749 200 DE
769 173 851 201 VITA
871 173 1102 204 CONSTANTINI
1122 177 1186 206 LIB.
1208 178 1237 205 ll.

1731 182 1784 209 986

157 228 266 264 φανεῐη,
280 228 321 255 δεῖ
336 230 382 256 καὶ
399 230 471 265 ἡμᾶς
487 231 568 257 αυτὸν
584 232 728 267 γνωρίζειν
741 242 769 260 τε
792 235 838 261 καὶ
852 236 934 271 τιμᾷν

1000 238 1124 271 quisnam
1143 237 1270 265 colendus
1288 239 1324 266 sit
1339 239 1409 267 Deus
1421 259 1428 271 ,
1442 239 1488 266 scd
1510 240 1542 267 ad
1558 239 1688 274 potiorem
1703 247 1782 267 acce-

157 275 251 311 μακρὰ
270 275 376 310 καὶρειν
393 276 498 307 τούτοις
518 277 645 309 εἰπόντας
659 275 698 310 οἷς
715 279 802 315 μάτὴν
815 281 877 312 τοὺς
892 290 943 316 κη-

156 322 221 356 ροῦς
237 320 406 356 ἐξάπτομεψ
426 322 450 348 εἰ
468 322 490 348 δ’
506 323 530 348 οἱ
544 323 672 359 ἡμέτεροι
688 325 863 360 κρατήσειαν,
882 327 896 353 ὂ
911 327 942 362 δὴ

154 366 204 393 οὐκ
224 367 433 402 ἀμφιϐάλλεται,
453 368 524 403 μετὰ
539 369 589 405 τὴν
602 370 726 396 ἐνταυθοῖ
743 371 821 407 νίκην
833 373 878 398 ἐπὶ
897 372 942 398 τὸν

154 411 226 439 κατὰ
238 412 292 439 τῶν
305 411 391 439 ἀθέων
402 413 520 448 πόλεμον
535 415 675 450 ὁρμῶμεν.
694 425 702 442 ι
730 417 758 442 'U
771 418 820 452 μὲν
840 418 871 452 δὴ
887 420 942 450 τοῖς

155 457 273 493 παροῦσι
284 458 370 485 ταῦτα
387 459 586 494 προδιείλεκτο·
602 463 666 496 ἡμῖν
678 462 706 488 δὲ
720 464 776 494 τοῖς
787 464 826 495 εὶς
841 464 942 500 ταύτην

154 504 331 540 κεκλημένοις
344 505 393 540 τὴν
406 506 513 542 γραφὴν
529 507 595 542 (5-7),
610 509 634 534 οἱ
647 507 699 535 τῶν
709 509 794 543 λόγων
805 510 941 546 αὐτήκοοι,

154 551 204 586 τῆς
225 551 327 578 τούτων
355 553 451 588 μικρὸν
477 553 589 590 ὕστερον
613 555 782 590 μετεδίδοσαν
804 556 940 590 γνώσεως.

155 597 209 627 Καὶ
231 597 262 633 δὴ
289 598 425 631 τοιούτους
449 599 590 632 διεξελθὼν
615 601 720 635 λόγους,
746 603 871 638 ἡγεῖσθαι
894 603 944 638 τῆς

155 643 291 679 συμϐολῆς
307 645 479 680 παρήγγελλε
495 646 529 673 τὰ
546 647 739 682 στρατιωτικά.

998 283 1054 315 dat,
1071 283 1151 318 eique
1162 283 1282 310 victoriae.
1292 285 1433 318 prtemittm
1451 285 1565 312 delerat.
1579 284 1617 312 Ac
1632 285 1653 311 si
1674 287 1782 319 quidem

997 328 1159 362 peregrinus
1186 328 1232 355 ille
1250 336 1329 363 quem
1355 337 1426 356 nunc
1444 329 1561 356 ludibrio
1576 329 1718 361 habemus,
1743 330 1783 357 vi-

997 377 1056 400 ctor
1070 380 1131 401 esse
1148 373 1295 405 videbitur,
1312 381 1362 400 nos
1376 382 1484 409 quoque
1501 373 1573 401 illum
1593 383 1740 409 agnoscere
1755 380 1783 401 et

996 419 1088 447 colere
1102 421 1236 454 oportebit
1259 430 1266 447 :
1287 421 1379 455 procul
1404 422 1478 448 abire
1494 430 1526 448 ac
1550 421 1642 448 valere
1670 422 1782 456 posthac

995 465 1079 500 jussis
1091 465 1124 492 iis
1136 466 1234 500 quibus
1247 474 1342 494 cereos
1352 467 1450 493 frustra
1461 468 1645 495 accendimus.
1659 467 1705 494 Sin
1718 475 1781 494 vero

997 512 1082 538 nostri
1099 513 1255 547 superiores
1280 513 1450 545 exstiterint,
1470 514 1540 548 quod
1556 514 1663 548 quidem
1679 514 1779 541 nemini

996 558 1106 585 dubium
1117 566 1177 586 esse
1190 564 1278 594 potest
1291 580 1298 592 ,
1312 565 1373 594 post
1390 566 1495 594 partam
1511 560 1562 587 hoc
1574 561 1631 588 loco
1640 561 1780 588 victoriam

998 604 1089 639 impiis
1103 605 1214 633 deorum
1244 606 1478 640 contetnptoribus
1496 607 1593 633 bellum
1622 606 1722 634 inferre
1735 614 1781 642 ag-

995 650 1162 684 grediemur.
1175 660 1184 675 ι
1195 650 1356 679 EtLicinius
1365 652 1472 686 quidem
1491 657 1551 678 ante
1567 652 1705 679 exordium
1732 660 1781 686 pu—

153 697 223 724 ιιιιιιι,
238 691 270 716 ad
301 691 512 718 circumstantes
542 692 695 725 huiusmodi
726 694 808 720 verba
836 694 909 722 fecit.
936 694 1020 722 Nobis
1050 703 1114 723 vero
1134 697 1178 731 qui
1204 697 1261 724 hzec
1291 697 1449 728 scribimus,
1468 696 1517 731 ipsi
1544 696 1581 723 illi
1598 697 1642 731 qui
1665 697 1780 727 orationi
1803 714 1812 722 .

152 736 211 768 ejus
227 735 415 769 interfuerant,
432 745 486 764 non
511 737 594 766 multo
618 744 678 772 post
711 746 770 766 eam
799 741 959 768 retulerunt.
977 741 1133 776 Huiusmodi
1162 743 1243 776 igitur
1256 743 1378 770 oratione
1393 743 1477 776 facta,
1492 742 1573 777 jussit
1597 743 1726 771 tnilitibus
1751 749 1781 772 ut

153 783 279 817 pl‘tlilll“
298 784 409 811 inirent.

417 831 613 858 namnam
634 834 678 866 π’.

153 876 317 902 Φαντασίαι
341 876 416 913 κατὰ
430 876 482 909 τὰς
494 877 552 904 ὑπὸ
562 878 696 904 Anthr/(‘1'
710 880 822 912 πόλεις,
837 881 876 913 ὡς
884 880 942 906 τῶν

205 912 437 938 Κωνσταντίνου
458 913 689 946 στρατευμάτων
706 914 886 946 διεξιόντων.

187 955 295 983 Τούτων
308 956 336 982 δὲ
353 957 556 992 πραττομένων,
576 958 671 993 φάσμα
685 968 712 985 τι
729 959 807 994 λόγου
819 962 941 996 κρεῖττον

152 1002 224 1037 ἀμφὶ
234 1001 283 1034 τὰς
298 1003 436 1037 ὑπηκόους
451 1003 489 1038 τῷ
503 1004 626 1040 τυράννῳ
643 1005 734 1037 πόλεις
748 1003 837 1040 ὧφοαί
848 1015 939 1041 φασιν·

151 1048 268 1075 ὁπλιτῶν
289 1049 343 1084 γὰρ
364 1049 418 1075 τῶν
440 1049 493 1076 ὑπὸ
517 1051 720 1078 Κωνσταντῖνον
744 1053 811 1088 aps»
834 1053 941 1079 ἐδόκουν

150 1095 266 1131 διάφορα
281 1096 417 1130 τάγματα,
433 1098 461 1123 ὲν
475 1098 570 1130 αὐταῖς
586 1099 682 1134 μέσαις
696 1099 813 1135 ἡμέραις
835 1100 940 1136 διερχό-

153 1149 220 1176 μενα
240 1141 290 1174 τὰς
317 1142 417 1175 πόλεις,
442 1143 540 1169 ὡσανεὶ
556 1145 745 1179 κεκρατηκότα
762 1145 814 1179 τῆς
835 1146 938 1180 μάχηςθ

151 1189 197 1214 καὶ
212 1187 288 1215 ταῦτ’
301 1189 438 1220 ἐϐλέπετο,
456 1190 568 1226 μηδενός
588 1199 638 1216 που
655 1192 687 1226 τῇ
703 1191 814 1227 ἀληθείᾳ
828 1192 939 1228 μηδαμῆ

151 1234 325 1269 φαινομένου,
345 1234 470 1271 θειοτέρα
488 1235 515 1262 δὲ
530 1236 577 1262 καὶ
594 1237 727 1271 κρείττονι
745 1237 870 1272 δυνάμει,
890 1239 940 1273 τῆς

151 1280 280 1315 φανείς-ης
304 1280 390 1315 ὄψεως
412 1281 443 1308 τὸ
466 1281 563 1316 μέλλον
588 1282 696 1309 ἔσεσθαι
725 1283 937 1319 προφαινούσης.

156 1326 232 1352 Ἓπεὶ
251 1327 279 1353 δὲ
299 1327 334 1354 τὰ
354 1328 536 1363 στρατιωτικὰ
560 1329 697 1364 συμϐολῆς
713 1330 822 1364 ἥπτετο,
836 1339 940 1366 προκα-

151 1371 236 1407 τῆρχε
254 1373 300 1398 τοῦ
323 1372 442 1408 πολέμου
456 1374 470 1400 ό
484 1373 533 1405 τὰς
552 1374 661 1408 φιλικὰς
677 1375 824 1411 διαρρήξας
841 1375 938 1410 συνθή-

149 1426 216 1450 κας·
233 1418 348 1445 ἐνταῦθα
361 1419 393 1455 δὴ
411 1419 614 1452 Κωνσταντίνος
624 1421 689 1448 Θεὸν
705 1421 820 1457 Σωτῆρα
835 1422 880 1448 τὸν
891 1423 938 1448 ἐπὶ

150 1465 258 1491 πάντων
275 1465 517 1502 ἐπικαλεσάμενος,
533 1467 659 1502 σύνθημά
672 1476 700 1494 τε
712 1467 790 1493 τοῦτο
806 1467 869 1498 δοὺς
881 1468 938 1499 τοῖς

150 1509 217 1544 ἀμᾷ
224 1510 303 1536 αὐτὸν
309 1510 440 1542 ὁπλίταις,
448 1511 560 1546 πρώτης
567 1512 676 1547 ἐκράτει
684 1512 862 1548 παρατάξεως
870 1511 935 1547 (58)·

150 1554 198 1582 εἶτ’
215 1557 264 1583 οὐκ
277 1557 315 1588 εἰς
331 1557 434 1592 μακρὸν
444 1557 570 1593 δευτέρας
585 1557 722 1592 συμϐολῆς
734 1558 788 1593 (59)
806 1558 937 1594 κρείττων

1298 835 1411 863 CAPUT
1428 835 1471 863 Vl.

997 881 1107 914 Spectra
1121 888 1146 907 tn
1163 880 1270 907 urbibus
1282 889 1341 914 qnm
1361 880 1462 907 Licinio
1483 881 1606 914 parebant
1623 882 1688 913 visa,
1710 882 1780 909 Con-

1060 916 1171 942 stantini
1190 915 1304 942 militum
1323 915 1476 943 Licinianos
1495 918 1714 951 persequentium.

1029 961 1092 994 Qua:
1109 962 1171 987 dum
1198 966 1342 996 geruntur,
1358 966 1495 996 spectrum
1512 962 1644 996 quoddam
1668 969 1780 997 prorsus

992 1007 1117 1035 mirabile
1129 1007 1155 1034 in
1171 1008 1284 1034 urbibus
1299 1008 1404 1043 tyranni
1421 1007 1492 1035 illius
1506 1008 1682 1036 dominationi
1710 1010 1773 1038 sub-

987 1052 1069 1086 jectis
1098 1053 1256 1087 apparuisse
1282 1052 1384 1080 ferunt.
1404 1053 1483 1080 Varia
1508 1053 1580 1080 enim
1609 1053 1777 1082 Constantini

991 1097 1104 1124 militum
1123 1098 1232 1131 agntina
1251 1105 1300 1132 per
1314 1097 1453 1124 meridiem
1467 1097 1536 1130 visa,
1554 1106 1613 1133 quae
1623 1098 1704 1134 447
1717 1104 1776 1125 tan-

990 1149 1070 1176 quam
1097 1147 1172 1176 parta
1189 1143 1301 1170 victoria
1332 1150 1380 1176 per
1398 1143 1480 1169 urbes
1506 1143 1665 1170 transirent.
1686 1145 1776 1179 Atque

990 1189 1047 1216 haec
1064 1190 1257 1222 cernebantur,
1278 1190 1370 1224 reipsa
1394 1190 1503 1224 quidem
1522 1191 1631 1218 nemine
1662 1199 1775 1225 usquam

990 1240 1162 1270 comparente
1175 1244 1182 1263 :
1200 1236 1246 1263 sed
1260 1236 1351 1263 divina
1364 1235 1484 1270 potentia
1498 1244 1544 1270 per
1557 1237 1687 1264 visionem
1702 1237 1774 1264 illam

989 1290 1049 1317 quae
1062 1282 1147 1310 oculis
1159 1283 1365 1315 subjiciebalur,
1378 1283 1403 1310 id
1419 1283 1489 1317 qttod
1505 1283 1624 1310 futurum
1635 1289 1693 1310 erat
1707 1291 1776 1319 pra:-

989 1332 1170 1356 monstrantc.
1187 1327 1272 1355 Porro
1287 1336 1348 1355 cum
1363 1329 1501 1356 exercitus
1516 1329 1643 1362 congredi
1656 1329 1711 1363 jam
1728 1337 1774 1363 pa-

990 1378 1091 1405 rarettl,
1111 1375 1133 1401 is
1146 1375 1190 1408 qui
1215 1374 1367 1401 concordia:
1394 1374 1495 1401 fmdcra
1513 1381 1622 1408 ruperat
1636 1395 1643 1406 ,
1669 1375 1773 1409 primus

989 1428 1106 1454 pugnam
1118 1427 1232 1447 exorsus
1242 1424 1292 1447 est.
1305 1419 1382 1446 Tunc
1395 1427 1459 1446 vero
1473 1419 1665 1446 Constantinus
1681 1427 1774 1446 serva—

990 1470 1049 1492 tore
1061 1472 1093 1492 ac
1108 1472 1236 1499 supremo
1248 1465 1368 1491 omnium
1386 1465 1439 1492 Deo
1467 1465 1492 1491 itt
1507 1465 1637 1491 auxilium
1653 1469 1748 1493 vocato
1762 1485 1771 1497 ,

988 1516 1069 1546 atque
1085 1511 1135 1538 hoc
1150 1511 1226 1546 signo
1242 1511 1373 1538 militibus
1399 1511 1457 1538 suis
1473 1511 1553 1543 dato,
1573 1511 1663 1538 hostes
1685 1511 1772 1545 printo

989 1556 1082 1591 praelio
1097 1555 1176 1582 fudit.
1193 1555 1249 1582 Nec
1276 1556 1361 1583 multo
1386 1561 1446 1590 post
1461 1556 1546 1583 altera
1561 1556 1704 1583 contntissa
1723 1565 1772 1591 pu-

149 1615 212 1651 novi
229 1619 316 1645 erant,
329 1620 433 1651 ‘utpote
466 1623 550 1650 nuper
583 1616 672 1642 asciti.
688 1615 784 1642 Cicero
810 1616 835 1642 in
852 1624 870 1642 ιι
899 1615 939 1642 De
955 1623 974 1651 ο
993 1622 1066 1651 νῆες1
1085 1622 1130 1651 riu
1146 1613 1207 1640 Idus
1222 1613 1358 1651 Octobris.
1371 1615 1552 1651 tttrscribitur
1568 1615 1595 1642 in
1611 1613 1700 1642 Fasti:
1714 1617 1772 1643 Ida-

150 1649 252 1684 lwgibus
277 1659 283 1676 :
303 1659 312 1675 ι
329 1649 418 1677 Novos
432 1657 496 1677 vero
511 1651 587 1682 deos,
605 1656 631 1677 et
646 1651 672 1677 in
688 1650 731 1677 his
743 1651 866 1678 colendis
884 1659 934 1677 no-

150 1692 262 1712 cturnas
276 1685 497 1719 pervigilationes
519 1685 559 1712 sic
580 1686 775 1720 Aristophanes
799 1685 935 1712 facetissi-

150 1729 210 1747 tnus
230 1726 307 1754 poeta
334 1721 435 1747 veteris
457 1721 597 1747 cemoediaa
615 1726 706 1751 vexat,
731 1725 760 1747 ut
784 1721 855 1754 apttd
871 1729 932 1747 euttt

151 1755 284 1782 Sabazius
298 1760 324 1782 et
338 1756 382 1782 alii
399 1756 511 1789 quidam
525 1756 560 1782 dii
579 1756 712 1790 peregrini
728 1755 840 1789 judicali
864 1763 878 1782 e
896 1757 934 1782 ri-

149 1791 234 1817 vitate
246 1791 398 1823 cjiciantur.
416 1801 425 1816 ›
446 1790 531 1816 Locus
542 1791 730 1825 Aristophanis
738 1798 817 1824 quem
832 1791 931 1817 intelli-

150 1825 189 1860 git
203 1826 383 1860 Cicero,_erat
397 1827 422 1852 in
439 1825 572 1860 eotnutdia
591 1825 718 1857 Lenmiis,
734 1826 851 1852 utdocet
871 1826 934 1852 Sui-

151 1857 198 1887 ilus
212 1860 238 1888 in
250 1868 294 1889 vv.
307 1857 328 1894 ᾧ
342 1860 389 1887 νῦν
405 1860 501 1895 Θερμοι
518 1859 613 1896 βωμοί.
631 1860 697 1896 Erat
721 1865 794 1887 certe
819 1861 931 1888 Athenis

152 1895 249 1928 ingens
274 1897 349 1922 turba
367 1903 495 1921 novorum
519 1895 778 1930 aciperegrinorum
806 1896 930 1928 dcorttut,

151 1938 219 1963 quos
239 1930 329 1963 ξένους
344 1938 390 1957 sett
413 1930 533 1963 ξενικοὺς
558 1929 799 1962 Οεούςίνοειιιιειιιι.
830 1930 927 1956 Eorum

151 1965 259 2000 nomina
277 1975 308 1992 ac
329 1966 416 1992 series
434 1969 614 1992 contextterat
636 1965 834 2000 Apollophanes
851 1971 929 2000 poeta

152 2000 178 2025 iu
206 1998 382 2032 Cretensibus,
401 2005 469 2026 teste
487 2000 619 2034 Ilcsychio
645 1998 672 2026 in
694 2008 761 2026 voce
784 1998 931 2033 θεοὶήξενι-

228 2034 375 2061 Menauder
400 2036 503 2066 rhetor,
529 2033 575 2061 seu
601 2036 689 2070 potius
716 2036 878 2067 Alexander,
904 2036 931 2062 in

150 2068 273 2105 Mel/torio
285 2071 386 2105 generis
397 2068 607 2102 demonstratiri,‘
619 2078 678 2103 pag.
689 2070 752 2101 612,
764 2075 838 2096 notat
851 2078 933 2105 quos-

149 2104 210 2131 dam
233 2104 298 2132 deos
321 2106 500 2139 antiquiores,
519 2106 649 2139 quosdam
668 2106 835 2133 recentiores
865 2106 930 2137 tlit-i,

148 2139 173 2176 οἱ
187 2139 240 2176 μὲν
252 2140 306 2176 γὰρ
324 2140 507 2176 παλαιότεροι,
521 2141 545 2166 οἱ
559 2141 587 2167 δὲ
602 2140 727 2176 νεώτεροι
741 2140 864 2174 λέγονται
879 2141 932 2168 τῶν

149 2174 227 2201 θεῶν.
242 2177 275 2201 At
288 2174 436 2206 Portesius,
449 2174 564 2210 cumque
585 2174 694 2203 secutus
709 2176 932 2211 Cbristophorso—

150 2218 211 2243 nus,
232 2210 300 2237 male
326 2211 398 2238 ltttne
421 2211 507 2237 locum
527 2211 696 2245 interpretati
720 2217 793 2244 sunt,
815 2210 930 2245 quorum

148 2253 226 2271 error
240 2245 302 2272 hinc
318 2251 396 2272 natus
412 2251 463 2277 est,
479 2247 549 2278 quod
569 2253 622 2272 u0tt
636 2247 762 2273 viderunt
774 2246 929 2273 adverbium

148 2280 206 2311 νῦν,
222 2281 450 2310 ἰιιειιι.ιιιιει;‹ιιιιιι
469 2282 623 2314 significare
640 2282 711 2314 quod
730 2289 821 2314 nuper,
841 2287 869 2308 ut
884 2289 933 2309 no-

149 2317 202 2342 tavi
220 2316 253 2342 ad
269 2316 313 2342 lib.
330 2324 355 2342 tv
368 2317 492 2343 Iltstoria:
503 2315 704 2343 Ecclesiustitw.
716 2316 748 2343 Et
759 2317 814 2343 haec
825 2317 932 2350 quidem

147 2352 224 2385 prius
243 2359 408 2383 notaveram,
434 2357 544 2378 secutus
567 2352 711 2378 editionem
735 2352 931 2379 Gcnevensent.

149 2387 243 2413 I'ostea
259 2394 323 2413 vero
341 2387 434 2419 didici,
452 2387 477 2413 iu
494 2387 614 2413 editione
633 2386 743 2413 Roberti
762 2385 891 2421 Stephani
906 2392 933 2414 et

147 2422 175 2448 in
188 2429 238 2448 ms.
251 2422 388 2449 codicibus
405 2422 456 2457 legi
470 2422 515 2448 καὶ
530 2421 577 2448 νῦν
586 2421 748 2457 γελώμενος.
766 2421 851 2454 Quam
866 2422 934 2449 scri-

146 2462 256 2491 ptttrattt
278 2464 337 2483 cum
351 2459 435 2484 secuti
461 2458 517 2484 sint
537 2457 712 2491 interpretes,
740 2458 851 2484 minime
875 2457 932 2484 cul-

167 2493 227 2519 andi
246 2497 319 2519 sunt.

145 2499 373 2562 pllilfil'llfgzliitnr
391 2527 586 2562 κεκλημένοις
598 2527 656 2561 τὴν
670 2526 797 2561 γραφήν.
818 2526 846 2554 In
863 2527 931 2555 libro

147 2562 241 2590 Morini
264 2563 296 2588 ad
312 2563 460 2595 marginem
482 2565 641 2589 emendatur
662 2562 843 2597 ποιουμένοις,
861 2570 930 2596 quo-

144 2598 226 2625 modo
241 2598 360 2630 loquitttr
372 2597 515 2630 Eusebius,
530 2597 598 2624 infra
610 2605 670 2631 cap.
685 2598 711 2624 8.
726 2597 808 2624 Paulo
825 2603 888 2624 ante
904 2598 929 2624 in

145 2633 243 2660 eodem
259 2632 350 2659 Μυιωὶ
378 2631 446 2667 libro
466 2638 537 2660 recte
557 2634 728 2659 emendatum
757 2637 810 2665 est,
837 2632 929 2667 μακρὰ

144 2668 252 2703 χαίρειν
264 2666 519 2703 τούτοιςλεὶπόντας.
536 2667 563 2694 In
591 2668 684 2694 codice
706 2667 773 2694 Fuit.
799 2666 928 2702 scriptum

144 2701 235 2730 inveni
257 2710 264 2729 :
281 2703 348 2737 ἡμῖν
371 2701 400 2727 δὲ
418 2702 473 2732 τοῖς
495 2703 533 2733 εἰς
553 2702 655 2729 ταύτην
676 2702 854 2738 κεκλημένοις
879 2702 928 2738 τὴν

143 2738 264 2773 γραφήν,
276 2741 357 2773 recte.

254 2771 374 2809 Πρῴζης
392 2771 506 2806 ἐκράτει
517 2773 716 2807 παρατάξεως.
728 2772 845 2809 Primum
858 2780 928 2809 pra:-

145 2807 211 2837 !ium
228 2807 298 2836 inter
309 2807 516 2835 Ceustantinum
534 2816 566 2835 ac
586 2809 719 2834 Licinium
738 2807 788 2834 fuit
807 2808 832 2834 in
857 2807 928 2834 Pan-

146 2843 227 2871 nonia
244 2844 314 2878 apud
331 2842 448 2876 Cibalas,
460 2845 530 2878 quod
550 2844 648 2876 optime
662 2843 791 2878 describit
804 2842 928 2870 Zosimus

147 2881 173 2906 in
191 2879 237 2905 lib.
256 2887 285 2910 tt,
305 2884 332 2905 et
343 2883 439 2905 auctor
455 2877 643 2913 eitcerptorum
657 2879 689 2904 de
701 2877 784 2905 Gesti:
799 2877 927 2905 Constan-

147 2914 207 2941 tim‘.
222 2914 341 2949 Contigit
361 2914 417 2942 htec
443 2921 530 2949 pugna
550 2913 695 2941 Volusiano
715 2921 731 2940 ιι
758 2919 785 2940 οι
801 2914 925 2940 Anniano

993 1650 1033 1676 lii.
1050 1649 1153 1682 Quibus
1169 1649 1305 1675 consentit
1321 1648 1447 1682 Sigonius
1459 1651 1483 1676 in
1503 1650 1571 1676 libro
1589 1658 1618 1678 ιιι
1635 1651 1671 1677 De
1692 1651 1766 1678 Occi-

988 1685 1089 1711 dentali
1115 1685 1233 1716 imperio.
1253 1684 1321 1711 Male
1343 1685 1369 1711 ἱιι
1393 1684 1522 1711 Chronico
1539 1685 1645 1712 Eusebii
1670 1686 1769 1713 bellum

988 1719 1131 1746 Cibalense
1146 1719 1285 1746 confertur
1311 1719 1336 1746 itt
1364 1727 1463 1746 annum
1479 1721 1622 1753 septimum
1638 1720 1770 1748 Constth

987 1755 1048 1786 tini,
1068 1762 1128 1790 cum
1147 1754 1172 1780 id
1187 1760 1291 1787 gestum
1309 1754 1345 1781 sit
1359 1762 1429 1780 anno
1445 1763 1491 1781 vttt
1505 1756 1564 1788 ejus
1578 1757 1696 1790 imperii.
1711 1757 1767 1784 lttto

989 1797 1074 1816 nonus
1093 1789 1148 1822 jam
1173 1797 1259 1816 auntts
1285 1790 1390 1825 imperii
1407 1790 1575 1817 Constantini
1592 1789 1731 1825 agebatur,
1745 1792 1768 1819 si

986 1832 1043 1850 rem
1053 1824 1093 1860 ad
1104 1829 1215 1860 exactos
1227 1824 1345 1860 calculos
1358 1832 1479 1852 revoces.
1491 1825 1583 1853 Nouus
1603 1824 1701 1860 quippe
1715 1824 1766 1852 an-

986 1867 1036 1886 nus
1052 1859 1156 1891 imperii
1172 1858 1343 1886 Constantini
1364 1861 1446 1892 ctepit.
1466 1865 1561 1886 octavo
1578 1858 1689 1887 Kalend.
1706 1863 1762 1888 Au—

984 1894 1066 1928 gusti,
1082 1893 1229 1920 Volusiano
1251 1901 1269 1920 ιι
1298 1899 1323 1921 et
1343 1895 1467 1921 Anuiano
1483 1903 1554 1923 coss.
1582 1896 1706 1923 Attrelius
1720 1897 1766 1923 Vi-

985 1935 1044 1955 ctor
1061 1929 1093 1955 de
1109 1928 1185 1954 bellis
1207 1928 1277 1955 inter
1292 1929 1424 1956 Licinium
1449 1935 1475 1957 et
1496 1930 1702 1957 Constantinum
1725 1932 1766 1959 sic

983 1964 1077 1991 scribit
1090 1972 1112 1990 :t
1128 1963 1165 1989 ita
1183 1969 1301 1999 potestas
1315 1965 1389 1991 orbis
1402 1964 1513 1991 ltotnani
1527 1966 1630 1991 duobus
1641 1967 1764 1999 qumsita,

984 1999 1028 2033 qui
1051 1999 1175 2032 quamvis
1197 2006 1245 2032 per
1266 1998 1350 2025 Flavii
1374 2007 1493 2026 sororem
1524 2005 1634 2034 nuptam
1651 1998 1764 2027 Licinio

986 2033 1099 2060 connexi
1121 2033 1191 2060 inter
1213 2041 1241 2060 se
1261 2038 1349 2064 erant,
1367 2035 1402 2061 ob
1424 2034 1547 2062 diversos
1562 2033 1655 2061 Vmores
1674 2041 1763 2063 tatttett

986 2069 1066 2095 anxie
1080 2069 1224 2095 triennium
1237 2076 1386 2103 congruere
1405 2070 1524 2103 quivere,
1558 2079 1567 2096 ι
1590 2075 1641 2097 etc.
1655 2070 1704 2103 Qui
1722 2071 1763 2098 lo-

987 2111 1036 2131 cus
1054 2104 1190 2129 ldatiauos
1206 2103 1304 2131 Fastos
1324 2109 1417 2137 aperte
1437 2104 1586 2131 continuat.
1603 2105 1709 2139 Alioqui
1727 2114 1762 2133 ex

985 2139 1128 2166 Eusebtaui
1153 2138 1275 2165 Clironici
1293 2141 1425 2165 sententia
1442 2141 1584 2166 dicendum
1607 2138 1677 2167 esset
1691 2141 1764 2167 bien~

985 2175 1068 2200 nium.
1085 2174 1266 2208 Corrigendus
1279 2175 1410 2200 esteliant
1425 2174 1544 2209 Eutropii
1560 2175 1635 2202 loctts
1651 2176 1676 2201 itt
1693 2175 1764 2203 ltbro

985 2216 1013 2244 ξ,
1029 2209 1074 2244 qui
1101 2209 1141 2235 sic
1162 2209 1242 2243 \‘ttlgn
1261 2209 1349 2236 editus
1372 2213 1433 2236 est:
1450 2219 1458 2234 ι
1483 2210 1520 2236 Ac
1541 2210 1627 2244 prittto
1649 2219 1709 2237 cum
1736 2211 1762 2238 in

985 2243 1135 2275 Pannonia,
1153 2245 1272 2272 secundo
1287 2245 1388 2279 ingenti
1418 2251 1545 2278 apparatu
1571 2246 1669 2272 bellttm
1692 2247 1760 2279 apud

986 2279 1093 2306 Cibalas
1120 2280 1309 2312 instrucnteut,
1331 2281 1486 2313 repentinus
1510 2281 1655 2314 oppressit.
1678 2289 1688 2305 ›
1709 2287 1762 2307 etc.

985 2314 1103 2341 Delcndtt
1125 2319 1165 2341 est
1177 2315 1277 2348 absque
1291 2315 1373 2341 dubio
1391 2322 1441 2350 vox
1455 2317 1579 2344 secundo.
1596 2323 1654 2350 quae
1667 2317 1700 2342 ab
1715 2316 1762 2341 im-

984 2351 1072 2383 perito
1086 2349 1197 2376 librario
1211 2350 1314 2382 adjecta
1331 2355 1382 2376 est.
1399 2349 1519 2376 Primum
1537 2349 1610 2377 enim
1628 2350 1762 2377 Constam

986 2385 1032 2410 tini
1047 2385 1176 2411 adversus
1188 2385 1321 2420 Lit-inium
1338 2385 1458 2418 prtclium
1476 2385 1526 2411 fuit
1547 2387 1616 2420 apud
1639 2385 1758 2417 Cibalas,

984 2424 1013 2445 ιιι
1027 2428 1107 2453 supra
1131 2421 1248 2446 ostendi.
1276 2419 1376 2447 Deinde
1403 2420 1543 2447 ridiculum
1566 2419 1639 2447 esset
1658 2421 1759 2450 dicere.

983 2455 1099 2488 primunt
1111 2454 1230 2487 prwlittnt
1246 2454 1327 2481 fuisse
1340 2455 1365 2481 iit
1379 2455 1525 2485 Pannonia.
1535 2456 1680 2483 secundum
1689 2457 1759 2489 apud

982 2489 1089 2516 Cibalas
1107 2498 1114 2516 :
1129 2497 1189 2515 cttm
1212 2490 1311 2516 Cibltiiﬂ
1333 2491 1397 2516 urbs
1420 2491 1455 2517 sit
1479 2490 1634 2518 Pannoniae.
1657 2491 1709 2517 Sed
1731 2496 1760 2518 et

982 2523 1109 2555 Peauius,
1126 2524 1170 2558 qui
1189 2524 1348 2559 Etttropitttn
1360 2525 1453 2552 Graece
1470 2526 1559 2557 vertit,
1575 2533 1670 2553 vocem
1686 2526 1757 2552 illam

982 2559 1094 2586 secundo
1108 2567 1161 2586 non
1177 2562 1306 2594 agnoscit,
1318 2565 1347 2586 ut
1359 2567 1391 2587 ex
1407 2560 1628 2594 interpretatione
1639 2561 1698 2595 ejus
1712 2568 1759 2594 ap-

981 2601 1069 2628 paret.
1081 2595 1193 2622 OrOsitts
1210 2599 1298 2621 tamen
1322 2600 1350 2621 et
1366 2601 1461 2622 auctor
1475 2595 1602 2622 Historia:
1621 2595 1758 2627 Miscellw,

980 2630 1116 2664 vulgatam
1131 2630 1250 2664 Eutropii
1263 2630 1423 2665 scripturam
1443 2636 1552 2658 secutus
1564 2637 1614 2658 est.
1627 2630 1672 2657 Sin:
1685 2630 1756 2657 enim

979 2665 1063 2692 habet
1081 2675 1087 2692 :
1107 2675 1116 2691 ι
1132 2665 1329 2692 Constantinus
1346 2664 1479 2692 Licinittm
1492 2666 1594 2693 sororis
1604 2674 1659 2692 sua:
1670 2667 1756 2692 virttm

979 2700 1006 2726 in
1024 2701 1160 2728 Pannonia
1187 2701 1303 2735 primum
1327 2701 1402 2733 vicit,
1425 2701 1523 2728 deinde
1550 2701 1621 2736 apud
1648 2700 1756 2728 Cibalas

978 2736 1119 2769 oppressit.
1139 2745 1148 2761 ι

1014 2771 1069 2804 (59)
1085 2771 1229 2805 Δευτέρας
1247 2770 1413 2805 συμϐολῆς.
1437 2770 1559 2798 Secunda
1584 2770 1642 2798 hac
1666 2777 1757 2806 pugna

978 2806 1147 2834 Constantini
1163 2810 1290 2833 adversus
1305 2807 1448 2838 Licinium,
1461 2807 1486 2832 iu
1498 2806 1612 2833 Thracia
1622 2807 1693 2833 facta
1702 2811 1755 2839 est,

977 2847 1006 2867 ut
1021 2842 1099 2868 docet
1113 2841 1246 2868 Zosimus.
1272 2842 1323 2868 Sed
1339 2841 1463 2868 Zosimus
1486 2842 1572 2868 locum
1594 2842 1680 2876 ipsum
1702 2849 1754 2868 non

976 2876 1041 2903 dicit
1056 2885 1062 2902 :
1084 2881 1179 2903 auctor
1194 2883 1257 2904 vero
1272 2882 1461 2911 excerptorum
1473 2877 1506 2903 de
1521 2876 1605 2904 Gesti:
1620 2877 1753 2904 Conslan-

976 2911 1035 2944 tini,
1056 2911 1081 2938 in
1097 2918 1192 2942 eantpo
1218 2911 1362 2939 Mardiensi
1390 2919 1537 2946 pugnatum
1567 2920 1627 2941 esse
1648 2913 1750 2940 scribit.
