2000 3167
154 161 207 189 939

703 162 747 189 DE
770 162 848 190 VITA
869 162 1096 190 CONSTA‘NTLV]
1115 162 1179 190 LIB.
1198 162 1229 189 li.

1718 167 1770 190 990

151 218 227 255 αὐτῷ
257 219 305 254 μὲν
333 220 492 256 πηγνύμενα
520 221 713 257 κατεπείρετο,
738 222 883 257 ἠλευθέρου
909 222 914 247 ἐ

964 228 974 251 ι
992 222 1058 248 adeo
1074 227 1101 248 ut
1123 221 1196 248 nullo
1212 220 1429 255 unquamjaculo
1444 221 1600 253 l'erirentur,
1617 222 1769 258 quicunque

152 263 268 291 θανάτου
281 265 326 291 τὸν
339 266 465 301 φέροντα,
479 266 517 298 ὡς
528 266 610 301 μηδὲν
624 267 756 294 ἅπτεσθαι
769 267 822 294 τῶν
835 268 935 303 ταύτην

151 313 321 348 ποιουμένων
340 314 388 349 τὴν
403 314 538 340 διακονίαν
557 313 677 340 πώποτε.
698 315 753 350 Οὐχ
769 314 901 350 ἡμέτερος
913 314 934 340 δ’

149 358 164 385 ὁ
183 357 272 392 λόγος,
294 359 351 385 ἀλλ’
367 359 447 386 αὐτοῦ
470 359 551 386 πάλιν
570 359 698 394 βασιλέως
710 380 717 393 ,
739 361 779 392 εἰς
799 360 935 396 ἡμετέρας

151 403 236 435 ἀκοὰς
250 403 318 439 πρὸς
334 404 436 440 ἑτέροις
453 405 498 431 καὶ
513 405 607 432 τοῦτον
623 406 914 441 ἀπομνημονεύσαντας
926 414 932 421 ·

150 450 180 482 ὃς
199 451 292 485 ἐπειδὴ
310 451 378 477 Θεοῦ
399 451 511 486 δυνάμει
534 452 584 483 τὰς
608 452 718 488 πρώτας
738 453 823 487 ἤρατο
845 453 931 484 νίκας,

148 496 196 522 ἐπὶ
217 496 252 523 τὰ
273 497 366 532 πρόσω
391 497 483 524 λοιπὸν
502 497 612 533 ήλαυνε,
633 499 662 525 τὸ
685 499 878 534 στρατιωτικὸν
903 500 932 525 ὲν

148 542 225 576 τάξει
241 544 365 578 κινήσας.

408 589 603 616 ΚΕΦΑΛΑΙΟΝ
622 590 650 616 I'.
694 595 698 601 '

180 635 328 668 Σινμϐολαὶ
342 635 486 670 διάφοροι,
498 636 546 663 καὶ
560 638 791 664 Κωνσταντὶ-νου
802 638 893 664 rbem.

180 680 280 707 Τούτου
297 681 325 707 δε
339 681 387 717 τὴν
400 682 510 717 πρώτην
521 682 608 718 ὁρμὴν
626 683 650 708 οἱ
666 683 713 718 τῆς
725 683 848 714 ἐναντίας
865 692 930 719 προ·

144 726 324 761 κατάρχοντες
348 726 449 762 λήξεως
468 728 516 762 οὐχ
547 728 728 760 ὑποστάντες,
756 730 814 755 ταῖν
839 730 930 763 χεροῖν

143 773 270 808 ῥίψαντες
280 773 312 800 τὰ
324 773 402 803 ὅπλα.
418 773 607 809 προσεχώρουν
621 776 677 807 τοῖς
694 775 824 809 βασιλέως
840 776 926 802 ποσίν

141 819 195 845 ὁδὲ
211 819 273 850 τοὺς
296 819 400 850 πάντας
417 819 502 850 σώους
524 820 677 854 ὑπεδέχετο,
699 821 732 855 τῇ
751 820 803 846 τῶν
824 820 928 855 ἀνδρῶν

140 863 292 898 ἀσμενίζων
307 863 439 899 σωτηρίᾳ.
452 863 542 890 ’Ἄλλοι
553 864 575 890 δ’
588 865 633 890 ἐπὶ
652 865 706 896 τοῖς
716 865 807 896 ὅπλοις
821 865 927 900 μείναν-

139 915 196 940 τες,
208 908 361 943 ἐνεχείρουν
377 909 409 943 τῇ
427 907 473 935 τοῦ
488 908 604 944 πολέμου
621 909 740 945 συμϐολῇ
753 918 758 924 ·
772 906 812 942 οἷς
830 910 923 945 ἐπειδὴ

139 954 208 990 πρὸς
221 954 329 989 φιλικὰς
344 955 453 990 κλήσεις
465 955 520 990 (42)
535 957 726 992 προϊσχόμενος
740 957 874 992 βασιλεὺς,
892 958 921 983 οὐ

137 1002 313 1037 πειθομένους
328 1002 398 1036 ἔγνω
410 1023 417 1034 ,
442 1003 486 1029 τὸν
507 1003 621 1039 στρατὸν
643 1004 727 1038 ἠφίει.
745 1005 775 1030 Οἱ
789 1004 811 1030 δ’
824 1005 922 1030 αὐτίκα

136 1048 211 1076 νῶτα
222 1049 323 1080 δόντες,
338 1050 377 1080 είς
393 1049 481 1085 φυγὴν
498 1051 650 1085 ἐτρέποντο.
666 1048 722 1076 Εἶθ’
737 1058 760 1076 οι
774 1053 821 1085 μὲν
832 1050 921 1077 αὐτῶν

135 1095 212 1130 νόμῳ
233 1095 351 1129 πολέμου
375 1095 527 1122 ἐκτείνοντο
546 1097 817 1132 καταλαμϐανόμενοι
830 1117 841 1127 ,ν
858 1098 881 1122 οἱ
898 1097 920 1123 δ’

133 1139 179 1167 ἐπ’
191 1140 320 1176 ἀλλήλους
343 1141 497 1172 πίπτοντες,
519 1142 574 1173 τοῖς
603 1141 710 1173 οἰκείοις
727 1140 920 1168 κατεὸάλλοντο

134 1185 249 1222 ξίφεσιν.

392 1233 589 1260 ΚΕΦΑΛΑΙΟΝ
605 1233 655 1259 1Α¹.

299 1279 380 1314 «Duri;
393 1279 526 1306 Λικινίου
543 1279 592 1306 καὶ
603 1278 742 1314 γοητεῖαι.

173 1325 234 1352 Ἐπὶ
248 1325 352 1357 τούτοις
375 1325 388 1351 δ
403 1325 504 1352 τούτων
516 1325 646 1361 ἐξάρχων,
662 1324 754 1353 ἐπειδὴ
776 1324 825 1356 τῆς
842 1324 916 1359 παρὰ

130 1371 184 1396 τῶν
196 1371 307 1398 οἰκετῶν
327 1370 383 1406 (45)
400 1370 524 1406 βοηθείας
544 1370 707 1406 στερηθέντα
722 1370 839 1397 συνεῖδεν
852 1371 916 1396 ἐαυ-

129 1417 184 1445 τὸν,
205 1416 318 1451 φροῦδον
331 1416 355 1443 τ’
369 1414 403 1452 ἦν
418 1416 490 1451 αὐτῷ
507 1416 536 1442 τὸ
551 1415 651 1450 πλῆθος
679 1416 727 1450 τῆς
745 1415 917 1451 συνειλεγμέ-

128 1471 178 1496 νης
192 1461 267 1496 αὑτῷ
282 1461 423 1498 στρατείας
439 1471 468 1488 τε
484 1461 530 1488 καὶ
543 1461 733 1496 συμμαχίας,ἦ
749 1470 778 1487 τε
794 1458 831 1488 ὧν
849 1461 915 1496 ᾤετο

127 1507 208 1539 θεῶν,
226 1508 302 1539 ἐλπὶς
318 1508 349 1534 τὸ
366 1508 447 1543 μηδὲν
468 1507 550 1544 πείρᾳ
571 1507 740 1542 διηλέγχετο,
765 1507 914 1543 τηνικαῦτα

126 1550 247 1586 δρασμὸν
261 1551 398 1586 αἴσχιστον
414 1551 554 1586 ὑπομένει·
567 1551 672 1586 φεύγων
685 1551 751 1587 δῆτα
770 1552 912 1584 διέϐαινεν⁷
927 1571 947 1598 C

127 1596 157 1622 ὲν
180 1596 294 1630 ἀσφαλεῖ
307 1597 330 1622 τ’
348 1596 460 1629 ἐγίνετο,
478 1596 523 1623 τοῦ
538 1596 675 1631 θεοφιλοῦς
696 1597 732 1632 μὴ
747 1597 817 1623 κατὰ
832 1596 913 1629 πόδας

125 1640 232 1668 διώκειν
246 1643 301 1674 τοῖς
314 1642 423 1673 οἰκείοις
433 1641 652 1676 ἐγκελευομένου,
666 1641 704 1673 ὠς
720 1641 752 1668 ἂν
767 1641 842 1676 τύχοι
858 1650 911 1668 σω-

125 1685 222 1720 τηρίας
236 1686 250 1711 ὁ
266 1685 383 1720 φεύγων.
398 1686 511 1718 Ἵιλπιζε
531 1687 584 1721 γάρ
600 1694 664 1712 ποτε
680 1686 760 1712 αὐτὸν
771 1686 910 1713 συναισθό-

127 1739 206 1766 μενον
216 1728 242 1757 οἶ
249 1731 341 1758 κακῶν
355 1731 388 1758 ἂν
400 1731 453 1766 εἴη,
468 1732 547 1767 λῆξαι
565 1732 613 1766 μὲν
628 1732 677 1767 τῆς
692 1731 839 1767 μανιώδους
847 1732 861 1758 Θ
866 1741 911 1767 ρα-

126 1776 248 1812 σύτητος,
264 1778 309 1804 ἐπὶ
321 1778 365 1804 τὸν
377 1779 518 1813 κρείττονα
529 1778 556 1804 δὲ
567 1778 695 1813 λογισμὸν
711 1778 908 1813 μεταϐαλέσθαι

123 1821 173 1857 τὴν
188 1821 309 1857 γνώμην.
323 1822 391 1848 Ἀλλ’
402 1824 416 1849 ὁ
431 1823 479 1858 μὲν
493 1823 693 1859 φιλανθρωπίας
704 1823 836 1859 ὑπερϐολῇ
848 1824 909 1850 ταῦ-

123 1876 157 1894 τα
169 1868 303 1900 διενοεῖτο,
321 1868 490 1901 ἀνεξικακεῖν
502 1878 531 1896 τε
545 1869 634 1904 ἤθελε,
646 1870 693 1896 καὶ
712 1869 804 1904 νέμειν
817 1870 856 1905 τῷ
870 1870 906 1906 μὴ

123 1914 192 1949 ἀξίῳ
209 1914 381 1950 συγγνώμην·
394 1917 408 1941 ὁ
421 1915 442 1941 δ’
454 1916 504 1942 ουκ
519 1916 646 1951 ἀπείχετο
663 1915 819 1951 μοχθηρίας,
835 1917 906 1944 κακὰ

122 1960 144 1986 δ’
161 1961 207 1988 ἐπὶ
234 1963 327 1993 κακοῖς
346 1962 481 1998 σωρεύων,
506 1963 633 1998 χειρόνων
648 1963 749 1998 ἥπτετο
765 1964 907 1999 τολμημά-

121 2015 185 2033 των·
199 2007 245 2033 καὶ
259 2007 290 2043 δὴ
301 2007 380 2034 πάλιν
397 2009 502 2043 γοήτων
516 2008 688 2043 κακοτέχνοις
697 2010 907 2045 ἐπιτηδεύμασιν

122 2054 254 2089 ἐγχειρῶν
267 2054 438 2090 ὲθρασύνετο”
452 2052 486 2089 ἦν
498 2054 526 2080 δὲ
541 2055 587 2080 καὶ
609 2055 652 2081 ἐπ’
671 2055 755 2090 αὐτῷ.
769 2055 806 2087 ὡς
825 2055 878 2091 ἄρα
891 2056 905 2082 ὁ

121 2098 186 2130 Θεὸς
197 2099 278 2134 ὲσκλὴ
284 2107 345 2134 ρυνε
360 2099 408 2135 τὴν
427 2099 538 2134 καρδίαν
552 2099 644 2131 αὑτοῦ,
658 2099 765 2135 παλαιῷ
783 2101 904 2137 τυράννῳ

119 2144 317 2180 παραπλησίως
333 2146 423 2179 φάναι.

988 267 1040 294 hoc
1063 267 1246 294 ministerium
1260 267 1380 294 obibant.
1400 267 1490 302 Neque
1509 275 1588 301 porro
1603 267 1658 294 haec
1677 274 1768 297 nostra
1802 274 1805 275 '

987 317 1027 339 est
1043 313 1141 344 oratio,
1156 313 1209 339 sed
1222 312 1306 346 ipsius
1322 312 1501 346 imperatoris,
1521 314 1566 346 qui
1583 313 1653 340 inter
1666 314 1767 348 reliqua

986 358 1012 385 id
1029 359 1113 385 etiam
1140 356 1217 384 nobis
1242 359 1479 384 commemoravit.
1502 359 1551 392 Qui
1583 367 1640 385 cum
1665 360 1766 394 priores

985 404 1118 431 victorias
1132 404 1178 430 Dei
1200 403 1393 438 omnipotentis
1407 405 1509 432 auxilio
1533 405 1678 437 retulisset,
1694 410 1766 440 post-

985 449 1042 477 luuc
1055 450 1115 477 acie
1127 450 1261 477 instructa
1279 450 1429 478 exercitum
1441 458 1564 483 movens,
1581 451 1691 480 ulterius
1705 460 1766 486 pro<

983 496 1075 523 cessit.

1289 589 1401 618 CAPUT
1419 589 1453 617 Χ.

1103 634 1191 661 Vari/2
1205 643 1299 670 pugnw
1309 641 1332 662 et
1351 635 1517 662 Constantini
1528 637 1653 663 victoriw.

1017 680 1102 708 Porro
1118 682 1292 708 adversarum
1312 682 1428 716 partium
1446 682 1616 716 antesignani
1631 689 1691 710 cum
1705 683 1761 717 pri-

978 732 1054 753 mum
1069 727 1128 762 ejus
1142 727 1271 762 impetum
1288 727 1424 754 sustinere
1439 734 1491 754 non
1510 730 1669 762 potuissent,
1687 728 1761 763 abie-

978 773 1031 799 ctis
1045 772 1127 800 armis
1146 779 1206 800 sese
1218 773 1251 800 ad
1270 773 1439 808 imperatoris
1454 774 1535 808 pedes
1546 780 1758 808 prostraverunt.

976 818 1011 845 At
1026 818 1070 845 ille
1085 824 1197 847 cunctos
1211 820 1359 847 incolumes
1377 821 1504 852 servavit,
1521 828 1644 855 magnam
1664 828 1695 848 ex
1714 829 1759 847 εει-

977 864 1033 891 lute
1048 865 1185 892 hominum
1203 866 1358 900 percipiens
1377 866 1553 900 voluptatem.
1569 866 1620 893 Alii
1634 874 1696 893 vero
1712 867 1757 901 qui

940 903 960 930 Β
976 908 1025 935 sub
1044 909 1128 936 armis
1141 916 1338 943 remanserant,
1354 919 1416 938 sese
1430 912 1462 938 ad
1476 920 1589 946 pugnam
1614 912 1755 945 parabant.

975 954 1047 987 Quos
1063 955 1209 990 imperator
1227 957 1261 984 ad
1280 957 1442 984 deditionem
1470 958 1597 990 invitatis,
1615 966 1676 986 curn
1690 959 1757 985 ami-

974 1000 1014 1027 cis
1044 1001 1300 1036 compellationibus
1335 1002 1488 1030 nullatenus
1513 1003 1610 1030 inﬂecti
1641 1004 1755 1036 videret,

972 1047 1119 1074 exercitum
1134 1047 1159 1074 in
1178 1055 1226 1075 eos
1242 1049 1366 1075 iuunisit.
1386 1048 1424 1076 Illi
1441 1049 1568 1076 continuo
1594 1054 1667 1084 terga
1689 1049 1755 1075 dan-

973 1096 1026 1124 tes,
1049 1093 1075 1119 in
1099 1092 1189 1128 fugam
1207 1099 1356 1122 vertuntur.
1370 1094 1488 1126 Quorum
1504 1095 1547 1122 alii
1565 1097 1753 1130 comprehensi

971 1137 1042 1164 inter
1058 1137 1226 1173 fugiendum,
1241 1138 1303 1172 jure
1318 1139 1379 1166 belli
1395 1140 1470 1169 caesi;
1492 1140 1536 1166 alii
1556 1141 1581 1166 in
1606 1148 1634 1167 se
1661 1146 1753 1167 mutuo

971 1183 1161 1218 impingentes,
1179 1185 1291 1211 suismet
1307 1185 1406 1218 gladiis
1418 1185 1574 1212 obtruncati
1591 1191 1664 1214 Stllll.

1222 1230 1304 1266 [.49
1322 1230 1435 1258 cantur
1454 1230 1499 1258 xr.

1137 1275 1214 1310 Fuga
1228 1283 1251 1302 et
1266 1277 1374 1311 magica:
1391 1281 1461 1303 artes
1476 1276 1582 1303 Licinii.

1002 1319 1112 1348 Illorum
1126 1329 1190 1348 vero
1205 1321 1341 1356 princeps,
1357 1329 1418 1348 cum
1440 1329 1470 1348 se
1486 1322 1671 1348 ministrorum
1687 1329 1749 1349 suo-

968 1375 1027 1394 rum
1051 1367 1154 1395 anxilio
1180 1367 1338 1394 destitutum
1362 1375 1433 1400 esse,
1462 1372 1489 1395 et
1509 1376 1577 1402 quas
1606 1369 1751 1404 collegerat

967 1413 1058 1447 copias
1081 1417 1133 1440 tam
1153 1412 1267 1439 milittttn
1283 1420 1363 1447 quam
1379 1413 1564 1446 auxiliarium,
1577 1422 1670 1441 omnes
1686 1422 1750 1441 cva-

966 1459 1058 1486 nuisse
1073 1464 1205 1492 cerneret,
1218 1466 1348 1493 spemque
1363 1459 1389 1485 iu
1407 1459 1458 1485 diis
1473 1466 1539 1493 quos
1552 1459 1656 1486 colebat
1671 1466 1749 1493 pror-

967 1513 1015 1532 sus
1035 1505 1142 1532 inancm
1166 1513 1226 1532 esse
1252 1513 1294 1532 res
1310 1505 1366 1538 ipsa
1383 1505 1566 1536 convinceret,
1586 1505 1674 1539 fugam
1692 1510 1748 1532 tur-

966 1551 1104 1584 pissimam
1129 1551 1201 1578 iniit.
1230 1551 1318 1586 Atque
1347 1551 1396 1577 hoc
1425 1551 1503 1577 tuodo
1525 1551 1642 1586 elapsus,
1662 1555 1748 1578 semel.
1781 1568 1782 1571 η

966 1595 1122 1622 discrimine
1136 1596 1246 1627 exeruit,
1274 1603 1333 1622 cum
1350 1595 1497 1629 imperator
1521 1595 1567 1622 Dei
1592 1595 1748 1622 amantissi-

965 1649 1035 1673 mus,
1047 1649 1109 1668 SIIOS
1122 1641 1262 1668 confestim
1275 1642 1350 1675 sequi
1366 1647 1393 1668 et
1405 1641 1530 1676 fugientis
1541 1646 1612 1676 terga
1622 1649 1746 1676 premere

964 1688 1103 1720 uoluisset,
1114 1695 1169 1722 quo
1178 1687 1281 1715 scilicet
1290 1687 1394 1722 fugiens
1408 1692 1497 1721 posset
1509 1685 1632 1714 evadere.
1646 1687 1746 1722 Spera-

962 1733 1007 1760 bat
1019 1734 1090 1760 enim
1100 1733 1158 1760 fure
1167 1738 1195 1760 ut
1203 1733 1332 1769 Licinius,
1343 1733 1449 1768 cognito
1459 1733 1565 1759 tandem
1580 1740 1669 1759 rerum
1681 1740 1743 1760 sua-

961 1787 1020 1807 rum
1043 1779 1230 1806 iufclicissimo
1244 1784 1330 1810 statu.
1351 1786 1365 1805 a
1384 1779 1497 1813 pristina
1524 1778 1635 1805 audacia
1663 1784 1745 1812 atque

961 1825 1065 1852 insania
1082 1825 1244 1858 discederet,
1258 1829 1284 1851 et
1297 1825 1329 1851 ad
1346 1824 1480 1851 saniorem
1495 1828 1611 1850 mentem
1630 1825 1741 1851 rediret.

963 1869 1059 1897 Verum
1075 1870 1267 1897 Constantinus
1279 1869 1386 1904 quidem
1405 1875 1455 1903 pro
1467 1869 1565 1895 eximia
1581 1876 1631 1903 qua
1646 1869 1745 1903 prtcdi—

959 1920 1002 1943 tus
1019 1920 1077 1942 erat
1092 1915 1271 1946 humanitate,
1290 1915 1346 1941 ltzec
1361 1914 1397 1940 ita
1413 1914 1589 1941 existimabat
1605 1921 1652 1942 :et
1670 1915 1741 1950 inju-

962 1962 1016 1988 rias
1034 1962 1167 1996 patienter
1184 1960 1266 1992 ferre,
1281 1968 1312 1987 ac
1331 1961 1394 1987 licet
1414 1969 1466 1987 non
1495 1961 1607 1988 merenti
1633 1961 1741 1988 veniam

961 2007 1036 2039 dare,
1060 2005 1086 2033 in
1115 2007 1234 2032 animum
1259 2005 1412 2034 induxerat.
1432 2006 1466 2032 At
1496 2007 1619 2033 Licinius
1636 2010 1740 2033 tantum

960 2055 1036 2082 abest
1060 2059 1089 2081 ut
1114 2062 1128 2080 a
1156 2054 1278 2088 pristima
1304 2054 1479 2087 improbitate
1503 2055 1646 2085 destiterit,
1673 2054 1738 2088 quin

960 2101 1048 2136 potius
1063 2100 1131 2128 mala
1145 2100 1224 2126 malis
1236 2107 1412 2134 exaggerans,
1426 2099 1516 2134 pejora
1532 2101 1558 2126 in
1576 2100 1632 2126 dies
1646 2107 1738 2134 aggre-

958 2148 1090 2174 diebatur.
1106 2146 1175 2179 Quin
1186 2146 1266 2172 etiam
1283 2146 1316 2172 ad
1331 2153 1468 2180 magorum
1477 2147 1650 2173 detestandas
1667 2150 1738 2172 artes

120 2194 210 2219 denuo
229 2192 396 2227 confugiens,
416 2193 508 2220 ell'erri
529 2193 688 2220 insolentius
704 2194 795 2228 cmpit.
816 2195 852 2221 Ae
875 2195 907 2222 de
925 2195 967 2222 illo
1000 2195 1069 2222 idem
1096 2193 1194 2221 merito
1224 2193 1276 2220 dici
1303 2198 1408 2228 poterat
1434 2193 1503 2228 quod
1529 2193 1561 2220 de
1577 2199 1668 2220 vetere
1693 2192 1738 2219 illo

119 2245 249 2274 tyranno,
259 2239 423 2271 conscilicet
440 2240 523 2274 ipsius
537 2248 551 2265 a
571 2241 624 2266 Deo
638 2241 792 2267 induratum
809 2240 902 2267 fuisse.

381 2287 580 2314 ΚΕΦΑΛΑῘΟΝ
592 2287 642 2314 1Β’.

117 2333 213 2366 Ὅπως
237 2333 515 2394 Κώνσταν-τίνος.ἐῖ
532 2332 632 2367 σκηνῇ
660 2334 899 2369 ποοσευχόμενος

460 2376 495 2394 εν
508 2377 556 2394 κα.

460 2376 556 2395 ενικα.

159 2413 230 2440 Ἀλλ’
247 2414 261 2440 ὁ
278 2414 325 2449 μὲν
339 2414 469 2444 τοιούτοις
482 2413 626 2449 ἐμπλέκων
645 2414 750 2445 ἑαυτὸν,
767 2414 836 2440 κατὰ
852 2414 900 2449 βα-

121 2459 226 2496 ράθρων
236 2459 372 2492 ἀπωλείας
384 2459 457 2486 ὤθει·
474 2460 599 2495 βασιλεὺς
614 2460 636 2486 δ’
650 2460 711 2486 ἐπεὶ
724 2459 797 2496 ἑώρα
809 2461 899 2487 δευτέ-

117 2514 166 2541 ρας
176 2505 250 2540 αὑτῴ
261 2505 363 2532 δεῖσθαι
374 2505 490 2541 πολέμου
499 2506 675 2542 παρατάξεως
690 2506 755 2541 (44),
766 2506 804 2542 τῷ
816 2506 897 2533 αὐτοῦ

150 2606 208 2641 (42)
232 2606 310 2640 Πρὸς
327 2606 446 2640 φιλικὰς
470 2607 606 2640 κλήσεις.
635 2607 812 2635 Scrihendum
831 2612 895 2641 puto

117 2639 230 2678 φιλικὰς
245 2639 426 2678 προσκλήσεις
448 2639 652 2678 προϊσχόμενος,
672 2642 697 2669 id
724 2647 773 2672 est.
792 2639 895 2678 blandis

116 2682 140 2703 et
152 2677 245 2704 amicis
268 2677 351 2711 verbis
368 2684 409 2702 eos
423 2677 592 2710 compellans.
620 2678 703 2704 Porro
717 2685 776 2711 qua:
794 2677 818 2702 in
845 2677 895 2704 hoc

115 2712 204 2746 capite
218 2716 310 2746 narrat
328 2710 470 2742 Eusebius,
489 2713 624 2744 pertinere
641 2710 765 2739 videntur
784 2713 817 2738 ad
841 2713 895 2745 pri-

115 2755 187 2774 mum
212 2745 332 2780 prndium
351 2747 376 2781 in
396 2753 490 2778 eampo
511 2746 657 2780 Cibalensi,
684 2748 715 2774 de
739 2755 792 2781 quo
814 2754 892 2781 supra

115 2782 180 2809 dixi.
197 2781 279 2814 idque
291 2780 468 2808 conﬁrmatur
479 2788 511 2815 ex
529 2783 715 2815 sequentibus.

150 2817 205 2848 (45)
220 2816 304 2850 Παρὰ
320 2815 379 2843 τῶν
393 2814 521 2842 οἰκετῶν.
546 2815 619 2843 Novo
632 2825 706 2844 more
719 2818 827 2849 οἰκέτας
845 2825 893 2850 pro

115 2851 244 2889 militibus
254 2857 365 2886 usurpat
375 2851 515 2889 Eusebius.
528 2850 591 2877 Erat
601 2852 707 2889 quidem
715 2854 815 2889 Amilitia
831 2860 890 2889 spe-

115 2887 171 2915 cies
194 2885 324 2919 qutedam'
339 2885 476 2914 servitutis
498 2887 678 2920 temporariae.
709 2887 785 2921 Quod
808 2885 889 2916 etiam

1249 2286 1362 2314 CAPUT
1383 2286 1438 2314 XII.

955 2334 1092 2367 Quomodo
1105 2334 1292 2360 Constantinus
1315 2341 1393 2359 orans
1415 2334 1441 2359 in
1465 2334 1640 2367 tabernaculo,
1655 2334 1735 2360 victo-

1218 2370 1283 2394 rium
1294 2369 1402 2402 adeptus
1417 2374 1464 2395 est.

990 2415 1109 2442 Licinius
1121 2415 1205 2449 Igitur
1219 2414 1370 2448 hujusmodi
1385 2414 1518 2441 scelerum
1542 2414 1654 2442 vinculis
1674 2422 1735 2442 sese

953 2461 1009 2495 ipse
1034 2461 1236 2495 constringens,
1255 2461 1281 2486 in
1298 2460 1374 2487 exitii
1391 2460 1547 2487 barathrum
1568 2460 1732 2495 prmcipilem

953 2506 1035 2534 dedit.
1048 2506 1244 2534 Constantinus
1256 2513 1320 2533 vero
1332 2513 1393 2533 cutn
1405 2505 1489 2531 altero
1500 2505 1592 2539 prmlio
1602 2505 1654 2532 sibi
1663 2513 1733 2540 opus

948 2610 1028 2637 docet
1041 2607 1139 2636 Suidas
1157 2608 1183 2634 in
1198 2615 1263 2634 voce
1278 2607 1453 2642 Βετεράνοςο
1469 2607 1543 2643 παρὰ
1557 2607 1702 2643 Ῥωμαίοις
1718 2609 1733 2634 ὁ

950 2643 1094 2675 ἀπολυθεὶς
1115 2643 1165 2678 τῆς
1183 2643 1337 2678 στρατείας·
1349 2641 1408 2670 νὲπὶ
1427 2641 1593 2670 εἰκοσαετίαν
1608 2641 1642 2678 δὲ
1660 2641 1731 2670 οὗτοι

949 2680 1098 2706 ἐδούλευον.
1116 2678 1183 2705 Hinc
1204 2677 1244 2704 est
1264 2679 1334 2711 quod
1357 2679 1459 2705 tirones
1479 2679 1551 2704 uotis
1569 2677 1729 2710 quibusdam

949 2715 974 2742 in
994 2719 1055 2741 cute
1070 2713 1245 2748 signabantur
1267 2714 1490 2748 tanquamrservi.
1513 2713 1604 2740 Missio
1621 2721 1729 2746 quoque

948 2747 1154 2776 manumissioni
1174 2748 1362 2780 respondebat.
1386 2747 1442 2774 Non
1464 2749 1524 2774 sine
1547 2755 1626 2774 causa
1647 2748 1729 2781 ig-tnr

948 2785 1082 2811 Eusebius
1103 2783 1201 2811 milites
1217 2783 1353 2810 “ornatius
1375 2783 1491 2817 appellat
1507 2783 1624 2814 οἰκέτας.
1650 2783 1727 2815 Quot

943 2819 964 2845 si
981 2820 1049 2845 forte
1061 2818 1140 2845 alicui
1153 2818 1288 2852 displicet,
1300 2819 1325 2844 in
1339 2817 1727 2852 promptuestemeudareuiw

941 2855 1057 2880 οἰκείων.

976 2890 1031 2924 (ii)
1050 2888 1224 2923 Δευτέγας...
1249 2890 1379 2924 πιλέμου
1396 2888 1597 2923 παρατάξεως.
1621 2889 1656 2916 Ex
1683 2888 1725 2916 bis
