2000 3167
292 164 342 192 991

642 160 776 188 EUSEBH
795 161 1034 197 CASSARlENSlS
1049 161 1124 189 Ol‘P.
1145 163 1234 190 PARS
1253 163 1274 190 1.
1297 178 1331 184 ——
1352 163 1543 192 IllSTORlCA.

1849 164 1905 192 992

293 224 491 250 essecerneret,
499 219 651 246 Servatoris
659 220 700 246 sui
714 220 946 256 cultui-diligenter
957 222 1061 249 vacavit

1124 223 1227 258 Σωτῆρι
1252 223 1301 258 τὴν
1319 223 1415 258 σχολὴν
1430 223 1556 255 ἀνετίθει,
1573 222 1620 250 τοῦ
1642 223 1690 259 μὲν
1713 223 1829 260 σταυροῦ
1851 224 1902 259 τὴν

293 267 325 293 Et
354 266 442 293 crucis
455 266 562 300 quidem
587 265 788 292 tabernaculum
806 267 864 294 fixit
880 273 953 294 extra
968 273 1068 301 castra,

291 312 334 337 ubi
350 319 416 345 pttre
431 316 457 337 et
470 316 545 338 caste
560 311 670 346 degens,
683 319 777 346 preces
786 313 818 339 ad
834 313 916 340 Deum
928 313 1067 346 fundebat;

290 356 413 390 exemplo
427 357 529 384 veteris
543 357 615 384 illius
630 358 776 392 prophetat.
794 366 873 392 quem
893 364 968 386 extra
980 365 1070 387 castra

293 401 495 428 tabernaculum
517 403 691 430 consuluisse
704 403 790 430 dit-ina
801 408 933 431 testantur
947 406 1066 433 oracula.

289 447 411 474 Aderant
427 452 515 474 autem
533 449 632 474 assidui
646 456 698 475 una
712 457 772 475 cum
788 449 847 483 ipso
863 449 1067 484 pattriqttidam,

291 492 365 524 tidei,
387 493 494 526 pietatis
520 501 550 520 ac
581 493 773 520 benevolentia:
800 495 882 528 probe
913 500 1066 528 compertae.

288 539 376 572 Atque
390 539 414 565 id
429 547 534 573 semper
546 539 635 566 facere
648 545 838 572 consueverat,
857 541 1068 575 quotiescunque

289 590 425 611 t'ertamen
438 589 508 611 esset
525 585 651 611 initurus.
665 585 756 616 Neque
771 586 842 612 enim
864 594 983 620 praeceps
996 591 1066 619 erat,

289 629 388 663 quippe
401 630 446 664 qui
461 631 557 657 tutiora
571 638 677 664 semper
690 631 810 665 eligeret.
826 632 925 659 At”th
939 632 983 659 Dei
1001 640 1066 660 con-

289 674 350 701 silio
363 680 458 701 cuncta
476 683 570 709 gerere
594 676 688 702 solitus
709 681 776 703 erat.
791 676 877 704 Porro
891 685 950 704 cum
974 677 1066 705 sedulo

288 725 370 754 atqtte
388 720 507 754 impense
534 721 586 748 Deo
604 729 653 748 suo
671 721 848 756 supplicaret,
873 730 979 757 semper
996 724 1065 752 Deus

288 765 313 793 ei
336 766 505 800 praesentiam
530 774 605 793 suam
623 767 755 794 exhibere
781 768 906 802 dignatus
918 773 968 795 est.
985 768 1066 804 550

289 810 402 842 Exinde,
419 811 491 838 velut
507 813 638 839 diviniore
657 818 733 840 actus
748 813 873 846 impulsu,
891 815 1017 848 prosilire
1031 824 1064 842 ex

289 856 462 884 tabernaculo
486 858 598 890 solebat,
625 863 652 885 et
680 859 757 893 signo
783 859 816 886 ad
840 860 1063 894 proficiscendum

1122 268 1223 302 σκηνὴν
1239 268 1292 302 (45)
1314 269 1390 300 ἐκτὸς
1403 268 1448 294 καὶ
1463 269 1631 304 πορρωτάτω
1647 269 1813 304 πηξάμενος,
1830 270 1901 305 ἁγνῇ

1120 313 1142 339 δ’
1159 314 1281 340 ἐνταυθοῖ
1294 313 1431 350 χρώμενος
1448 314 1494 341 καὶ
1510 314 1616 350 καθαρᾷ
1628 314 1725 350 διαίτῃ,
1741 315 1780 350 τῷ
1796 324 1825 341 τε
1841 315 1903 350 Θεῷ

1120 356 1168 387 τὰς
1185 356 1266 391 εὐχὰς
1279 358 1430 390 ἀποδιδοὺς,
1448 358 1507 385 κατ’
1518 359 1597 385 αὐτὸν
1613 359 1714 386 ἐκεῖνον
1726 359 1771 386 τὸν
1785 360 1902 387 παλαιὸν

1120 401 1166 427 τοῦ
1183 401 1249 428 Θεοῦ
1260 403 1410 439 προφήτην,
1425 402 1454 429 ὃν
1469 403 1518 438 τῆς
1529 403 1701 439 παρεμϐολῆς
1718 405 1795 436 ἐκτὸς
1809 405 1901 440 πήξα-

1124 447 1184 473 σθαι
1208 447 1256 482 τὴν
1280 448 1391 483 σκηνὴν,
1412 448 1446 475 τὰ
1470 448 1528 475 θεῖα
1550 448 1705 476 πιστοῦνται
1717 450 1802 484 λόγια.
1811 450 1901 486 Προσ-

1120 491 1285 529 εκαρτὲρουν
1317 494 1339 520 δ’
1358 494 1431 529 αὐτῷ
1449 495 1566 530 βραχεῖς,
1584 496 1608 521 οἱ
1628 495 1716 522 πίστει
1734 496 1780 522 καὶ
1804 496 1900 522 θεοσε-

1120 537 1194 568 ϐείας
1210 537 1298 574 εὐνοίᾳ
1309 538 1363 574 (46)
1375 540 1440 575 παρ’
1449 539 1521 574 αὑτῷ
1528 540 1758 576 δεδοκιμασμένοι.
1776 541 1862 568 Τοῦτο
1876 543 1900 569 δ’

1121 583 1194 618 αὐτῷ
1205 583 1317 618 σύνηθες
1331 582 1363 620 ἦν
1377 585 1515 619 πράττειν,
1537 586 1582 612 καὶ
1597 585 1686 613 εἴποτε
1702 587 1794 614 ἄλλοτε
1811 596 1899 623 παρα-

1118 628 1192 661 τάξει
1208 629 1331 665 πολέμων
1351 631 1461 666 ὡρμᾶτο
1486 631 1640 666 συμϐαλεῖν.
1656 633 1758 667 Βραδὺς
1775 634 1825 669 μὲν
1842 634 1898 670 γὰρ

1118 672 1151 709 ἦν
1176 674 1209 701 δι’
1231 675 1388 709 ἀσφάλειαν,
1410 676 1476 703 Θεοῦ
1501 677 1528 703 δὲ
1551 677 1629 714 βουλῇ
1656 679 1743 705 πάντα
1767 679 1898 714 πράττειν

1117 719 1202 754 ἠξίου.
1226 720 1286 747 Ἐπὶ
1308 721 1405 756 σχολῆς
1420 722 1448 748 δὲ
1463 722 1501 756 τῷ
1517 723 1597 749 αὑτοῦ
1613 723 1671 759 Θεῷ
1686 724 1735 756 τὰς
1757 725 1898 760 ἱκετηρίας

1118 765 1286 800 ποιούμενος,
1307 767 1414 799 πάντως
1429 776 1479 794 που
1499 768 1543 794 καὶ
1563 768 1719 804 θεοφανείας
1738 769 1895 805 ἐτύγχανεν·

1117 809 1166 838 εἶθ’
1185 811 1278 847 ὥσπερ
1291 813 1411 849 θειοτέρα
1427 814 1546 849 κινηθεὶς
1561 815 1715 850 ὲμτωεύσει,
1727 816 1776 851 τῆς
1792 816 1898 851 σκηνῆς

1117 857 1301 893 ἀναπηδήσας,
1312 858 1438 894 ἐξαίφνης
1455 861 1538 886 κινεῖν
1554 861 1651 888 αὐτίκα
1669 862 1702 888 τὰ
1714 863 1897 897 στρατιωτικὰ

289 901 360 932 dato,
379 901 468 928 statim
487 903 616 929 militibus
638 903 788 937 imperabat
813 909 840 931 ut
863 905 964 938 absque
990 913 1062 932 ntora

1117 903 1162 929 καὶ
1173 903 1209 938 μὴ
1223 903 1339 938 μέλλειν,
1349 904 1417 931 ἀλλὰ
1428 905 1474 931 καὶ
1487 905 1570 941 αὐτῆς
1583 906 1656 942 ὥρας
1671 907 1754 942 ξιφῶν
1763 907 1896 935 ἅπτεσθαι

287 945 390 978 gladios
405 946 577 980 stringerent.
591 947 640 980 Qui
653 949 796 975 confestim
808 949 908 983 impetu
920 949 946 975 in
961 949 1064 977 hostem

287 989 368 1023 facto,
398 991 490 1019 obvios
518 999 611 1019 ontnes
635 994 694 1020 sine
720 993 774 1020 ullo
799 995 888 1021 aetatis
909 995 1065 1022 discrimine

286 1036 503 1069 obtruncabant;
532 1038 617 1065 donec
650 1039 745 1074 exiguo
775 1041 904 1074 temporis
930 1046 1066 1068 momento

286 1087 361 1116 parta
381 1083 504 1116 victoria,
526 1087 625 1120 troptea
649 1085 682 1113 de
709 1085 787 1112 victis
815 1085 938 1114 hostibus
961 1087 1062 1114 erexis-

286 1133 357 1156 seut.

572 1173 684 1203 CAPUT
703 1174 770 1202 ΧΙΙΙ.

371 1219 540 1248 Constantini
553 1221 703 1248 humanitas
716 1221 742 1247 in
754 1221 849 1249 milites
864 1226 965 1256 captos.

322 1304 376 1332 lloc
395 1306 474 1332 modo
501 1306 646 1340 imperator
662 1311 724 1333 ante
742 1314 836 1342 pugna:
857 1307 1023 1340 conflictum,
1037 1313 1065 1335 et

283 1351 401 1385 seipsuut
433 1359 539 1386 gerere,
567 1356 594 1378 et
623 1352 772 1379 exercitum
799 1360 876 1379 suum
910 1353 1062 1386 instituere,

282 1397 367 1423 etiam
399 1402 477 1424 antea
501 1397 596 1424 solitus
615 1399 806 1432 erat:qttippe
830 1399 876 1433 qui
903 1399 985 1425 Deum
1001 1399 1062 1426 vita:

285 1449 339 1468 sua:
362 1448 468 1475 semper
491 1446 676 1476 anteponeret,
691 1447 843 1476 cunctaque
869 1443 927 1477 ejus
953 1448 1018 1470 nutu
1036 1448 1062 1471 CI

285 1488 402 1514 cou~ilio
428 1495 508 1522 agere
532 1491 662 1521 studeret,
691 1493 719 1514 et
750 1488 893 1515 multorum
922 1488 1060 1516 hominum

285 1534 383 1559 ctcdem
403 1533 492 1560 facere
515 1533 636 1568 religioni
654 1534 774 1560 duceret.
795 1534 926 1566 Quocirca
941 1543 992 1561 non
1007 1536 1060 1561 mi-

1119 949 1324 985 παρεκελεύετο.
1338 951 1369 977 Οἱ
1387 951 1409 976 δ’
1426 951 1530 986 ἀθρόως
1542 953 1705 989 ἐπιθέμενοι,
1718 953 1816 989 ἡϐηδὸν
1832 954 1896 981 ἑκο-

1116 1003 1190 1027 πτον,
1207 995 1245 1027 εἰς
1257 995 1294 1022 ὅτ’
1307 995 1340 1022 ἂν
1359 996 1408 1032 τὴν
1424 997 1501 1033 νίκην
1515 999 1543 1024 ἐν
1554 998 1627 1034 ὧρας
1646 999 1743 1034 ἀκαρεῖ
1751 1000 1820 1034 ῥοπῇ
1838 1000 1894 1035 (47)

1115 1040 1303 1074 ἀπολαϐόντες,
1330 1042 1447 1078 τρόπαια
1475 1045 1534 1071 κατ’
1559 1044 1662 1081 ἐχθρῶν
1693 1045 1808 1072 ἀνίστων
1832 1047 1894 1073 ἑπι-

1117 1085 1196 1112 νίκια.

1372 1178 1567 1204 ΚΕΦΔΛΔΙΟΝ
1581 1179 1630 1205 Il".

1114 1222 1317 1256 Φιλανορωπία
1327 1224 1391 1256 περὶ
1406 1224 1790 1267 τοὺς-’συλλαμϐανομένους
1803 1233 1894 1260 στρα-

1444 1267 1557 1292 τιωτας.

1148 1301 1225 1327 Οὕτω
1236 1301 1284 1337 μὲν
1297 1302 1328 1338 δὴ
1340 1302 1463 1337 βασιλεὺς
1477 1304 1552 1338 ἄγειν
1569 1305 1663 1332 ἑαυτόν
1680 1314 1709 1332 τε
1723 1306 1769 1332 καὶ
1784 1306 1830 1332 τὸν
1842 1307 1894 1334 αὐ-

1111 1346 1160 1372 τοῦ
1183 1347 1294 1382 στρατὸν
1309 1348 1336 1374 ὲν
1352 1349 1411 1380 ταῖς
1433 1349 1486 1375 τῶν
1506 1349 1630 1385 πολέμων
1645 1350 1822 1386 παρατάξεσι,
1845 1353 1895 1378 καὶ

1113 1392 1195 1419 πάλαι
1208 1393 1338 1429 πρότερον
1352 1394 1451 1426 εἰώθει,
1465 1395 1510 1422 τὸν
1529 1396 1622 1422 ἑαυτοῦ
1636 1397 1701 1423 Θεὸν
1713 1397 1765 1432 πρὸ
1778 1397 1828 1432 τῆς
1841 1397 1894 1432 ψυ-

1112 1439 1162 1474 χῆς
1186 1439 1228 1466 ἀεὶ
1244 1440 1391 1475 τιθέμενος,
1415 1442 1461 1467 καὶ
1485 1443 1544 1473 ταῖς
1571 1443 1651 1469 αὐτοῦ
1679 1443 1784 1478 βουλαῖς
1804 1443 1895 1471 πάντα

1112 1484 1239 1520 πράττειν
1258 1485 1364 1518 ἐθέλων,
1380 1487 1412 1512 δι’
1429 1487 1569 1519 εὐλαϐείας
1577 1497 1607 1514 τε
1622 1489 1758 1524 τιθέμενος
1772 1489 1816 1515 τὸν
1839 1489 1894 1516 τῶν

1111 1530 1214 1556 πολλῶν
1231 1530 1354 1558 θάνατον.
1367 1532 1461 1559 Ἔνθεν
1471 1534 1500 1559 οὺ
1520 1534 1619 1569 μᾶλλον
1635 1534 1684 1568 τῆς
1698 1534 1751 1561 τῶν
1773 1535 1891 1568 οἰκείων,

285 1585 335 1603 ttns
363 1578 478 1605 hostium
505 1586 584 1613 quant
613 1579 726 1605 militum
760 1587 870 1606 suorum
898 1580 1059 1607 consulebat

1115 1576 1128 1610 ἢ
1143 1576 1196 1602 τῶν
1212 1576 1314 1611 ἐχθρῶν
1329 1578 1453 1613 προὺνόει
1477 1565 1620 1615 σωτηρίας.
1637 1565 1680 1606 Διὸ
1692 1580 1738 1606 καὶ
1752 1565 1893 1615 κρατήσειζ

285 1622 375 1649 δειιιιιῑ.
391 1622 486 1657 Itaque
512 1623 568 1650 suis
584 1623 724 1650 victoriam
748 1625 853 1659 adeptis
877 1625 1060 1660 praecipiebat,

286 1674 314 1695 ttt
327 1669 405 1696 victis
419 1674 573 1704 parcerent,
592 1675 675 1706 utque
688 1670 810 1697 homines
826 1671 891 1702 ttati,
910 1671 1062 1698 communis

286 1715 425 1742 hominum
441 1719 544 1742 naturte
568 1717 763 1743 meminissent.
779 1716 855 1749 Quod
870 1717 891 1744 si
909 1716 980 1744 forte
992 1717 1062 1744 tnili-

287 1765 342 1786 tttnt
357 1761 462 1787 animos
476 1760 626 1788 obstinatos
639 1762 671 1788 ad
691 1761 790 1788 catdcm
805 1762 919 1796 videret,
933 1763 992 1789 auri
1010 1763 1062 1789 lar-

286 1805 388 1840 gitione
413 1813 461 1833 eos
484 1806 775 1841 repritttebat;jttbetts
790 1811 818 1833 ttt
833 1807 878 1841 qtti
901 1807 1006 1834 hostem
1022 1807 1063 1833 vi-

287 1858 346 1876 vum
363 1850 488 1885 cepisset,
501 1856 576 1879 certo
591 1852 650 1878 auri
665 1851 782 1886 pondere
793 1852 949 1879 donaretur.
969 1851 1056 1887 Atque

286 1895 354 1922 hanc
386 1896 537 1924 illeeebram
553 1897 586 1924 ad
603 1896 716 1924 salutem
740 1897 878 1923 hominum
900 1903 1062 1923 conservan-

284 1938 344 1964 dum
360 1938 533 1973 imperatoris
548 1940 710 1975 excogitavit
726 1941 836 1968 solertia
852 1950 858 1968 :
876 1941 943 1968 adeo
958 1945 988 1968 ut
1003 1941 1063 1976 plu-

285 1986 346 2012 rinti
366 1994 398 2013 ex
416 1986 482 2020 ipsis
499 1987 580 2014 etiam
600 1987 723 2015 barbaris
739 1988 838 2015 servati
858 1987 923 2019 sint,
937 1995 998 2014 cum
1013 1987 1064 2015 int-

284 2032 416 2066 pcratoris
430 2040 526 2060 aurum
544 2033 625 2060 vitam
643 2034 763 2066 ipsorum
781 2034 948 2061 redemisset.

574 2079 688 2107 CAPUT
709 2079 777 2108 XIV.

419 2121 518 2149 Iterum
534 2123 566 2150 de
579 2125 696 2150 oratione
708 2125 733 2150 in
746 2123 926 2151 tabernaculo.

321 2167 383 2195 llaec
399 2172 427 2195 et
447 2169 497 2196 alia
523 2169 639 2204 plurima
667 2169 763 2196 ltorum
789 2169 886 2196 sitnilia
915 2169 1060 2203 imperator

1113 1629 1154 1647 σιν
1168 1621 1196 1648 ὲν
1213 1622 1284 1657 μάχῃ
1297 1624 1352 1654 τοῖς
1375 1623 1491 1655 οἰκείοις,
1505 1624 1558 1651 τῶν
1578 1625 1694 1651 ἁλόντων
1713 1625 1793 1660 φειδὼ
1808 1627 1895 1652 ποιεῖ-

1112 1666 1172 1692 σθαι
1189 1667 1313 1702 παρῄνει,
1331 1668 1390 1703 μηδ’
1405 1668 1564 1704 ἀνθρώπους
1576 1670 1664 1702 ὄντας,
1684 1671 1732 1706 τῆς
1745 1671 1894 1706 ὁμογενοῦς

1112 1711 1217 1746 φύσεως
1230 1713 1257 1738 ἐν
1265 1713 1332 1749 λήθῃ
1348 1713 1496 1747 γίγνεσθαι.
1512 1714 1544 1740 El
1559 1714 1588 1741 δὲ
1601 1715 1646 1741 καί
1664 1724 1728 1741 ποτε
1743 1715 1796 1742 τῶν
1817 1715 1894 1742 ὁπλι-

1111 1758 1164 1784 τῶν
1178 1759 1239 1789 τοὺς
1251 1758 1351 1793 θυμοὺς
1359 1759 1486 1794 ἀκρατεῖς
1498 1759 1580 1795 ἑώρα,
1592 1760 1690 1796 χρυσοῦ
1698 1761 1769 1787 δόσει
1780 1760 1894 1792 τούτους

1111 1803 1243 1838 ἐχαλίνου,
1268 1804 1315 1830 τὸν
1331 1804 1486 1840 ζωγροῦντά
1501 1814 1560 1832 τινα
1584 1805 1637 1832 τῶν
1660 1806 1804 1841 πολεμίων,
1829 1806 1894 1841 ὠρι-

1112 1848 1196 1885 σμένῃ
1208 1849 1308 1884 χρυσοῦ
1323 1850 1453 1886 τιμᾶσθαι
1469 1851 1641 1887 προστάττων
1653 1852 1728 1888 ὁλκῇ.
1744 1853 1798 1879 Καὶ
1812 1852 1894 1879 τοῦτο

1109 1893 1204 1930 δέλεαρ
1219 1894 1367 1930 ἀνθρώπων
1383 1896 1517 1931 σωτηρίας
1531 1897 1547 1932 ή
1565 1897 1693 1932 βασιλέως
1718 1897 1815 1932 εὕρατο
1830 1897 1894 1923 σύν.

1111 1948 1177 1971 επις,
1188 1940 1250 1966 ὥστ’
1261 1941 1310 1975 ἤδη
1323 1940 1413 1976 μυρίοι
1429 1941 1476 1967 καὶ
1489 1941 1576 1968 αὐτῶν
1592 1941 1723 1973 ἐσώζοντο
1735 1941 1892 1978 βαρϐάρων,

1111 1985 1202 2020 χρυσῴ
1218 1985 1347 2019 βασιλέως
1363 1985 1411 2021 τὴν
1427 1985 1498 2021 ζωὴν
1508 1987 1597 2018 αὐτοῖς
1611 1986 1800 2021 ὲξωνουμένου.

1374 2077 1568 2104 ΚΕΦΑΛΑΙΟΝ
1580 2078 1626 2104 IA’.

1216 2123 1279 2149 Ἔτι
1290 2130 1356 2156 περι
1372 2122 1432 2149 τῶν
1445 2123 1480 2149 ἑν
1493 2123 1592 2157 σκηνῇ
1603 2123 1788 2158 προσευχῶν.

1147 2167 1238 2195 Ταῦτα
1251 2169 1299 2204 μὲν
1313 2166 1358 2195 οὖν
1377 2169 1423 2195 καὶ
1436 2169 1539 2201 τούτοις
1546 2169 1647 2204 ἀδελφὰ
1663 2170 1746 2205 μυρία
1771 2169 1836 2204 φίλα
1856 2169 1893 2206 ἦν

282 2214 368 2240 etiam
393 2213 460 2241 alias
485 2214 610 2242 factitare
627 2219 815 2242 consueverat.
831 2214 907 2241 Tunc
931 2215 1059 2249 temporis

1115 2213 1240 2249 πράττειν
1269 2213 1372 2248 βασιλεῖ
1397 2213 1517 2241 κᾶλλοτε.
1540 2214 1616 2240 Κὰπὶ
1639 2213 1685 2240 τοῦ
1709 2215 1839 2250 παρόντος
1862 2215 1892 2242 δὲ

285 2268 348 2286 vero
377 2265 521 2294 antequam
551 2261 672 2295 przelium
694 2265 860 2292 consereret,
880 2267 1003 2287 seorsum
1033 2261 1058 2286 in

282 2304 458 2331 tabernaculo
475 2305 587 2340 positus.
600 2305 792 2339 ,orationibus,
805 2311 834 2331 ut
847 2305 961 2337 solebat,
979 2313 1058 2332 vaca-

285 2351 322 2376 tit
346 2351 380 2377 ab
404 2351 476 2377 omni
492 2352 598 2384 quidem
614 2351 676 2386 joco
695 2356 722 2378 et
735 2351 886 2378 delicatiori
905 2352 969 2379 vita:
984 2352 1058 2378 cultu

283 2396 434 2427 abstinens,
448 2396 559 2430 jejttttiis
575 2403 639 2423 vero
661 2397 775 2430 aliisque
791 2396 944 2430 huiusmodi
960 2397 1060 2423 exerci-

285 2439 428 2466 tationibus
443 2446 542 2472 corpus
561 2439 686 2474 fatigans,
712 2445 740 2466 et
765 2440 1002 2474 supplicationibus
1027 2449 1059 2468 ac

283 2483 407 2518 precibus
428 2483 465 2510 ita
488 2483 570 2510 Deum
587 2485 708 2518 placans,
722 2490 752 2512 ut
768 2485 912 2515 benignum
938 2486 1011 2512 illum
1026 2493 1058 2512 ac

283 2529 426 2563 propitiant
464 2536 573 2556 suarum
612 2531 728 2564 partium
757 2531 904 2564 atljutoretn
936 2531 1057 2564 haberet,

282 2582 366 2609 caque
381 2578 473 2608 ageret
487 2581 547 2608 quae
562 2573 607 2601 ille
634 2575 717 2603 menti
743 2582 798 2603 sua;
821 2576 1010 2611 suggessisset.
1026 2575 1058 2602 Et

281 2661 407 2694 apparet,
423 2665 516 2694 verum
539 2665 601 2686 esse
615 2658 686 2694 quod
705 2667 786 2694 supra
801 2660 893 2686 notavi
909 2659 940 2686 ad
966 2667 991 2687 e.
1010 2659 1054 2691 10,

283 2691 461 2729 illic‘scilicet
477 2691 630 2729 Eusebium'
638 2693 709 2727 loqui
726 2691 759 2722 de
774 2695 865 2729 priore
880 2694 973 2728 prelio
985 2696 1056 2729 quod

282 2727 315 2752 ad
333 2726 439 2753 Cibalas
447 2728 624 2755 commissum
639 2726 690 2755 est.

319 2761 373 2795 (55)
391 2762 445 2790 Τοῦ
462 2763 594 2796 σταυροῦ
608 2762 665 2797 τὴν
684 2763 813 2797 σκηνήν.
826 2763 863 2790 De
874 2763 1059 2790 hoctahertta-

282 2797 342 2833 culo
355 2798 425 2833 quod
437 2797 629 2833 Constantinus
646 2805 736 2825 secum
753 2806 858 2832 setnper
873 2799 899 2824 in
913 2799 1059 2833 expeditiu-

283 2831 597 2892 nihusscircumferebat,
629 2834 724 2861 scribit
746 2831 911 2861 Sezomeuus
929 2831 954 2860 in
973 2833 1018 2860 lib.
1039 2841 1056 2865 ι,

283 2871 342 2892 can.
378 2888 383 2892 .

282 2871 342 2898 Cap.
357 2871 383 2892 δ.

1112 2259 1232 2294 συνήθως
1249 2259 1289 2293 ἐφ’
1304 2258 1391 2294 ἑαυτῷ
1406 2259 1458 2294 πρὸ
1468 2259 1518 2293 τῆς
1533 2259 1621 2294 μάχης
1638 2259 1890 2302 σκηνοποιούμενος,

1111 2304 1170 2335 ταῖς
1180 2304 1246 2339 πρὸς
1257 2303 1302 2330 τὸν
1313 2304 1378 2331 Θεὸν
1388 2305 1479 2339 εὐχαῖς
1488 2304 1535 2339 τὴν
1544 2304 1640 2340 σχολὴν
1651 2305 1776 2331 ἀνετίθει·
1786 2306 1892 2340 ῥᾳστώ-

1111 2357 1159 2384 νης
1175 2348 1223 2383 μὲν
1238 2349 1345 2384 ἁπάσης
1360 2350 1406 2376 καὶ
1419 2350 1558 2386 τρυφηλῆς
1582 2350 1684 2386 διαίτης
1701 2350 1891 2387 ἀλλοτριούμε-

1111 2403 1165 2426 νος,
1180 2394 1296 2427 ἀσιτίαις
1321 2395 1348 2421 δὲ
1369 2395 1415 2421 καὶ
1440 2396 1557 2422 κακώσει
1578 2396 1624 2422 τοῦ
1647 2396 1769 2431 σώματος
1789 2397 1891 2428 πιέζων

1111 2439 1217 2471 ἑαυτὸν,
1243 2439 1328 2475 ταύτῃ
1344 2447 1372 2465 τε
1389 2439 1434 2466 τὸν
1462 2439 1528 2466 Θεὸν
1559 2440 1709 2475 ἱκετηρίαις
1733 2440 1780 2466 καὶ
1805 2440 1891 2473 λιταῖς

1111 2484 1181 2511 ζλεού
1185 2493 1273 2520 μενος,
1288 2485 1325 2516 ὡς
1338 2485 1371 2511 ἂν
1380 2485 1464 2518 δεξιὸν
1472 2485 1552 2511 αὐτὸν
1566 2486 1611 2511 καὶ
1619 2485 1715 2520 βοηθὸν
1730 2485 1795 2520 ἔχοι,
1804 2486 1890 2520 πράτ-

1110 2538 1151 2557 τοι
1168 2539 1196 2557 τε
1210 2530 1295 2557 ταῦτα
1317 2530 1387 2566 ειπερ
1402 2531 1475 2565 αὐτῷ
1491 2531 1555 2562 Θεὸς
1578 2530 1706 2566 ἐμϐάλλοι
1722 2532 1755 2566 τῇ
1775 2531 1888 2566 διανοίᾳ.

1117 2576 1184 2602 Ἀλλ’
1201 2577 1215 2602 ὁ
1232 2577 1280 2612 μὲν
1297 2577 1396 2604 ᾶῦπνον
1423 2577 1537 2603 ἐποιεῖτο
1553 2576 1603 2612 τὴν
1625 2577 1695 2611 ὑπὲρ
1720 2576 1775 2603 τῶν
1792 2577 1890 2604 κοινῶν

1127 2695 1132 2702 Ι
1135 2660 1200 2721 1(46)
1218 2661 1391 2721 Θιῖοσεϐείας
1411 2661 1523 2694 εὐνοίᾳ.
1551 2661 1631 2688 Forte
1654 2660 1825 2687 scribendum
1845 2667 1888 2688 est

1127 2703 1134 2721 ι
1153 2704 1240 2721 ικοινε
1255 2704 1281 2721 α.

1110 2703 1180 2721 ειΛικ
1186 2703 1281 2722 οινεια.

1145 2724 1200 2765 (4³1)
1219 2724 1295 2763 Vttig.
1309 2732 1353 2762 εὶς
1362 2729 1639 2763 ὦραςὰκαρεῒροπῇ.
1648 2729 1735 2756 Codex
1750 2729 1850 2764 Regius
1859 2730 1886 2759 ἐς

1111 2764 1308 2805 ὥρας.-8οι·ἱ1)‹)
1322 2766 1350 2791 ἐν
1364 2765 1437 2798 ὥρας
1450 2766 1547 2805 ἀκαρεῖ
1558 2766 1637 2805 ῥοπῇ,
1652 2771 1680 2804 ttt
1703 2765 1729 2805 in
1748 2765 1817 2805 libro
1832 2764 1887 2805 Mo-

1116 2800 1161 2840 t‘a-i
1173 2800 1368 2840 :ttLtnargittettt
1384 2801 1554 2840 etttcntlatttttt
1579 2800 1684 2840 inveni,~
1694 2800 1781 2840 «ξι-εἱο
1803 2800 1886 2840 (Oti-el

1113 2833 1180 2860 νοις.
1200 2833 1280 2859 Paulo
1293 2839 1354 2861 ante
1370 2842 1417 2868 pro
1428 2834 1482 2860 ἔστ’
1496 2834 1529 2861 ἂν
1546 2835 1607 2869 lego
1619 2835 1657 2866 εις
1671 2834 1708 2860 ετ*
1725 2834 1769 2866 ἂν,
1797 2839 1825 2861 ut
1852 2835 1885 2860 lo-

1113 2869 1158 2897 uui
1178 2868 1243 2895 solet
1257 2869 1398 2896 Eusebius.
