2000 3167
121 156 173 185 995

665 158 709 184 DE
727 158 808 186 VlTA
826 157 1058 185 CONSTANTINI
1076 157 1141 185 LIB.
1163 158 1196 185 ll.

1688 157 1740 187 994

117 218 254 255 φροντίδα,
263 218 293 244 οὺ
305 218 404 253 μᾶλλον
415 218 468 244 τῶν
479 217 596 249 οἰκείων,
607 218 624 253 ἢ
641 219 689 254 τῆς
697 219 751 245 τῶν
770 219 903 254 πολεμίων

957 218 1155 246 Constantinus
1168 217 1276 253 quidem
1296 219 1452 254 reipublicae
1472 218 1629 254 pervigilem
1645 227 1736 246 curam

118 263 334 299 ὑπερευχόμενος
346 264 491 299 σωτηρίας.

382 355 579 381 ΚΕΦΑΛΆΙΟΝ
605 355 656 381 lE’.

117 400 252 427 Λικινίου
273 399 339 434 περὶ
365 401 467 439 φιλίας
490 400 590 433 δόλος,
613 401 661 427 καὶ
680 400 899 435 είδωλολατρία.

159 445 235 471 Ἐπεὶ
252 445 274 471 δ’
290 446 304 471 ὁ
322 445 417 481 μικρῷ
433 446 551 481 πρόσθεν
566 446 671 480 φυγὰς,
689 447 813 482 εἰρωνείᾳ
834 450 901 474 καθ-

119 491 289 526 υπεκρίνετο,
302 491 410 525 φιλικὰς
426 491 503 524 αὖθις
516 492 663 519 ἀντιϐολῶν
683 493 843 519 σπείσασθαι
862 493 905 519 δε-

120 535 187 568 ξιὰς,
199 536 244 563 καὶ
258 536 356 568 ταύτας
371 536 444 572 αὐτῷ
463 537 592 573 παρέχειν
608 537 683 572 ἠξίου
699 538 745 564 ἐπὶ
761 537 902 572 συνθηκῶν

118 583 191 618 ὅροις
204 582 343 617 βιωφελῶς
362 584 408 609 καὶ
423 583 461 619 τῷ
476 584 557 610 παντὶ
569 583 713 615 λυσιτελῶς
727 585 903 620 προτεινομὲ-

117 637 177 660 νας.
188 629 252 660 Ταῖς
262 629 312 664 μὲν
321 627 366 655 οὖν
378 629 522 666 συνθήκαις
534 629 589 664 (48)
598 629 744 665 προθύμως
757 630 903 657 ὑπακούειν

117 675 132 701 ὁ
146 674 273 710 δηλωθεὶς
291 675 475 711 ὑπεκορίζετο,
491 676 582 712 ὅρκοις
600 675 715 711 βεϐαιῶν
731 676 780 711 τὴν
802 676 902 702 πίστιν’

117 719 248 755 λαθραίαν
271 720 293 747 δ’
307 719 384 752 αὖθις
398 721 514 748 ὁπλιτῶν
530 722 628 757 συνῆγε
645 722 835 758 παρασκευήν·
857 721 904 748 καὶ

119 766 199 792 πάλιν
212 766 330 802 πολέμου
344 767 390 793 καὶ
404 767 493 803 μάχης
512 767 644 802 κατῆρχε,
661 767 843 802 βαρϐάρουςτ³
857 766 903 793 ἄν-

117 811 184 848 δρας
196 812 352 839 ἀνεκαλεῖτο
374 814 542 849 συμμάχους,
558 813 635 846 Θεούς
647 822 676 840 τε
690 813 779 848 ζητῶν
797 813 903 849 περιῄει

119 857 238 893 ἑτέρους,
253 857 290 890 ὼς
303 858 335 884 ἂν
350 858 395 885 ἐπὶ
407 859 463 890 τοῖς
479 858 621 894 προτέροις
638 858 821 894 ὴπατημένος.
848 858 904 884 Καὶ

954 265 1080 300 gerebat,
1099 271 1150 291 n0n
1167 265 1251 299 magis
1263 272 1313 299 pro
1330 272 1441 292 suorum
1457 272 1537 300 quam
1554 273 1602 300 pro
1619 266 1736 292 hostium

954 311 1040 338 salute
1057 315 1117 337 vota
1131 309 1245 338 faciens.

1199 355 1278 391 [.51
1301 355 1416 383 CAPUT
1431 355 1489 382 xv.

1007 401 1103 428 Licinii
1114 401 1238 427 simulata
1252 401 1369 427 unticitia
1382 421 1389 433 ,
1409 408 1432 427 et
1445 401 1575 428 idolorum
1587 401 1684 430 cultus.

991 446 1124 480 Quoniam
1148 454 1213 473 vero
1245 447 1364 474 Licinius
1387 446 1433 481 qui
1455 446 1533 480 paulo
1557 452 1620 473 ante
1647 447 1736 481 fugam

955 491 1073 523 inierat,
1098 491 1271 518 simulatione
1290 496 1368 518 utens
1382 511 1390 523 ,
1409 492 1506 518 iterum
1531 492 1678 519 amicitiam
1704 500 1737 519 ac

955 537 1059 564 foedera
1085 539 1208 565 renovari
1233 537 1379 571 poscebat;
1409 538 1554 572 imperator
1573 538 1598 564 id
1621 546 1635 565 e
1658 547 1739 574 repu-

955 583 1023 610 blica
1039 591 1109 615 esse,
1125 588 1152 610 et
1167 584 1257 618 generi
1275 584 1394 611 humano
1412 585 1566 612 conducere
1589 591 1674 618 ratus,
1688 593 1738 620 pa-

954 636 1012 655 cem
1035 629 1072 656 illi
1087 629 1136 656 sub
1151 630 1233 655 certis
1246 629 1444 656 conditionibus
1469 629 1607 664 indulgere
1624 638 1675 657 non
1696 639 1739 658 re-

954 675 1069 701 cusavit.
1082 675 1117 701 At
1134 674 1254 702 Licinius
1269 695 1276 706 ,
1295 675 1385 708 specie
1402 675 1512 709 quidem
1537 675 1592 710 ipsa
1609 676 1737 710 ﬁngebat,

955 718 1028 753 leges
1044 726 1074 746 se
1100 719 1216 747 libenter
1241 720 1386 754 amplecti,
1408 725 1435 747 et
1460 720 1538 747 ﬁdem
1565 721 1740 755 jurejurando

955 765 1096 799 ﬁrmabat;
1115 773 1211 793 verum
1230 765 1335 792 occulte
1359 766 1503 793 militarem
1525 773 1681 801 apparatum
1699 768 1742 793 in-

955 811 1093 843 struebat,
1108 817 1190 845 atque
1211 812 1308 839 iterum
1326 812 1422 840 bellum
1443 813 1559 846 inferre,
1574 814 1670 840 iterum
1689 821 1740 848 pu-

956 864 1035 891 gnam
1051 857 1206 884 instaurare
1230 858 1424 885 meditabatur.
1442 858 1493 885 Sed
1518 863 1544 885 et
1559 859 1739 886 barbarorum

118 902 172 929 τῶν
189 903 328 939 αὐτῷ’πρὸ
343 903 441 939 μικροῦ
467 904 531 939 περὶ
544 904 611 930 θεῶν
625 904 817 939 ὁμιληθὲντων,
830 904 903 930 οὐδε-

956 902 1055 929 auxilia
1072 903 1190 937 undique
1206 904 1400 938 conquirebat,
1422 909 1449 931 et
1467 912 1552 931 novos
1566 905 1739 940 circumqua-

120 948 184 984 μίαν
201 949 229 974 ὲν
244 949 280 984 νῷ
287 949 467 987 κατεϐάλλετο
482 951 602 986 μνήμην,
617 950 677 976 οὐδὲ
689 950 734 976 τὸν
749 949 907 985 ὑπέρμαχον

119 994 322 1021 Κωνστειντίνου
335 995 401 1022 Θεὸν
421 995 564 1031 γνωρίζειν
575 995 665 1032 ἤθελε,
676 996 784 1028 πλείους
798 995 820 1022 δ’
831 995 906 1031 αὺτῷ

119 1040 166 1066 καὶ
182 1041 332 1077 καινότεροι
348 1041 459 1075 γελοίως
474 1041 661 1078 ἀνεζητοῦντο.

955 956 1008 983 qtte
1022 949 1200 983 investigabat
1221 950 1285 976 deos
1301 959 1307 976 :
1325 953 1417 984 utpote
1431 958 1445 976 a
1459 950 1596 984 prioribus
1618 951 1644 977 in
1666 950 1741 976 frau-

955 995 1015 1022 dem
1033 996 1167 1023 inductus.
1183 995 1236 1023 Nec
1260 997 1390 1023 memoria
1405 997 1544 1030 repetebat
1555 1016 1563 1029 ,
1579 1005 1639 1032 quae
1654 997 1735 1032 paulo

956 1046 1020 1068 ante
1035 1042 1067 1068 de
1082 1042 1132 1069 diis
1145 1043 1170 1069 in
1188 1043 1317 1070 concione
1331 1043 1457 1073 dixisset,
1476 1050 1526 1071 nec
1534 1044 1617 1070 Deum
1633 1045 1678 1079 qui
1691 1051 1742 1078 pro

119 1086 298 1116 Constantino
325 1095 519 1124 propugnasset
530 1111 538 1123 ,
570 1098 718 1126 agnoscere
750 1091 856 1118 volebat
873 1099 880 1118 :
897 1089 943 1117 sed
960 1089 1044 1116 tnulto
1059 1090 1149 1124 plures
1164 1098 1196 1129 ac
1219 1091 1386 1118 recentiores
1402 1090 1466 1118 deos
1485 1098 1538 1118 non
1555 1091 1615 1118 sine
1639 1091 1694 1118 risu
1708 1098 1741 1118 ac

122 1134 242 1163 ludibrio
259 1136 342 1171 cmpit
356 1137 527 1175 conquirere.

381 1184 577 1211 ΚΕΦΛΛΑΙΟΝ
589 1185 646 1218 tq'.

120 1229 214 1261 Ὅπως
227 1227 270 1263 μὴ
288 1229 497 1264 ἀντιπολεμεῖν
513 1229 552 1262 τῷ
566 1229 683 1263 σταυρῷ
692 1230 822 1263 Λικίνιος
833 1238 906 1263 παρ-

331 1265 395 1299 ῄνει
415 1265 475 1298 τοῖς
492 1265 692 1298 στρατιώταις,

152 1309 209 1336 Εἶτ’
224 1310 296 1346 ἔργῳ
306 1311 408 1346 μαθὼν,
422 1311 508 1346 ὁπόση
526 1320 568 1343 τις
585 1309 618 1347 ἦν
632 1311 708 1347 θεῖκὴ
724 1311 769 1338 καὶ
783 1311 906 1347 ἀπόρρη-

117 1363 163 1387 τος
171 1356 199 1382 ἐν
211 1356 248 1391 τῷ
261 1356 383 1393 σωτηρίῳ
394 1358 515 1392 τροπαίῳ
523 1357 645 1392 δύναμις,
654 1357 686 1383 δι’
695 1354 727 1392 ἦς
738 1358 752 1383 ὁ
761 1358 906 1383 Κωνσταν-

117 1401 190 1427 τῖνου
207 1401 291 1436 ἔμαθε
309 1402 422 1437 στρατὸς
447 1404 567 1438 κρατεῖν,
584 1404 639 1434 τοῖς
650 1403 717 1438 ἀμφ’
731 1403 812 1429 αὑτὸν
827 1403 905 1429 ὁπλί-

117 1455 179 1478 ταις
193 1446 317 1483 παρῄνει,
337 1447 468 1483 μηδαμῶς
479 1446 630 1480 ἐξεναντίας
645 1448 712 1474 ἱέναι
729 1448 825 1483 τούτῳ,
844 1449 905 1483 μηδ’

119 1491 157 1522 ὡς
172 1491 276 1527 ἔτυχεν,
297 1492 505 1528 ἀπερισκέπτως
520 1492 574 1527 (49)
587 1494 651 1528 ὸρᾷν
664 1493 706 1519 ἐπ’
721 1493 803 1528 αὺτῷ-
821 1493 905 1520 δεινὸν

119 1537 173 1572 γὰρ
194 1535 363 1572 εἷναιξίσχύῖ,
389 1537 461 1572 αὐτῷ
475 1547 504 1563 τε
519 1537 614 1573 ἐχθρὸν
630 1538 676 1564 καὶ
701 1538 837 1573 πολέμιον·
866 1538 905 1564 διδ

117 1582 217 1617 χρῆναι
243 1582 424 1617 φυλάττεσθαι
441 1582 489 1618 τὴν
505 1582 573 1618 πρὸς
588 1582 653 1608 αὐτὸ
679 1582 826 1618 συμϐολήν.
849 1583 904 1610 Καὶ

117 1626 150 1662 δὴ
160 1627 245 1653 ταῦτα
255 1627 462 1663 συνταξάμενος,
475 1628 514 1663 τῷ
528 1628 571 1655 διὰ
581 1628 782 1664 φιλανθρωπίαν
798 1629 908 1656 ὀκνοῦν-

116 1682 144 1699 τι
159 1673 264 1700 καὶτὸν
281 1674 340 1700 κατ’
356 1673 436 1700 αὐτοῦ
455 1673 567 1700 θάνατον
590 1674 807 1709 ἀναϐαλλομένη),
832 1675 907 1710 μάχῃ

118 1718 265 1754 συμΰαλεῖν
288 1719 408 1756 ὡρμᾶτο.
431 1719 489 1746 Οἵδε
512 1720 558 1755 μὲν
578 1718 624 1746 οὖν
635 1720 819 1756 πολυπληθείᾳ
837 1720 905 1747 θεῶν

118 1764 292 1799 θαρροῦντες,
310 1765 358 1792 σὺν
370 1764 453 1801 πολλῇ
469 1765 581 1799 δυνάμει
595 1766 684 1801 χειρὸς
708 1765 905 1801 στρατιωτικῆς

117 1810 248 1846 ἐπῄεσαν,
266 1811 369 1847 νεκρῶν
386 1811 482 1838 εἴδωλα
492 1811 625 1838 θανόντων
646 1812 674 1837 ἐν
690 1811 802 1846 ἀψύχοις
817 1811 903 1845 ἁγάλ-

120 1865 186 1892 μασι
200 1856 425 1892 προϐεϐλημένοι.
445 1858 473 1884 Ὀ
487 1857 510 1883 δ’
524 1856 663 1889 εὐσεϐείας
674 1856 777 1892 θώρακι
791 1865 905 1892 περιπε-

118 1901 284 1936 φραγμένας,
297 1902 327 1928 τὸ
340 1902 471 1937 σωτήριον
485 1903 531 1928 καὶ
538 1901 667 1934 ζωοποιὸν
684 1910 716 1936 ση
722 1901 905 1937 μεῖον,ὥσπερ

117 1955 145 1973 τι
163 1947 296 1984 φόόητρον
313 1947 359 1974 καὶ
378 1947 469 1974 κακῶν
486 1948 661 1982 ἀμυντήριον,
677 1946 715 1983 τῷ
731 1946 825 1983 πλήθει
852 1946 905 1973 τῶν

117 1992 247 2020 ἐναντίων
275 1987 434 2028 παρέταττε.
456 1994 512 2020 Καὶ
533 1993 599 2025 τέως
620 1993 668 2028 μὲν
692 1994 794 2028 ἐπεῖχε,
822 1993 906 2028 φειδοῖ

117 2037 258 2073 χρώμενος
280 2038 314 2065 τὰ
339 2039 442 2074 πρῶτα,
457 2039 495 2071 ὡς
508 2039 540 2065 ἂν
555 2039 592 2075 μὴ
609 2039 740 2074 πρότερος
759 2039 901 2075 κατάρχοι,

116 2083 172 2111 τῶν
189 2084 253 2120 περὶ
265 2081 303 2111 ὧν
316 2085 446 2121 πεποίητο
463 2084 604 2120 συνθηκῶν
621 2085 712 2111 ἕνεκα.
789 2077 794 2083 ’

1243 1179 1356 1207 CAPUT
1377 1179 1447 1207 XVI.

955 1227 1091 1261 Quomodo
1108 1227 1225 1254 Licinius
1240 1227 1367 1253 militibus
1378 1232 1540 1260 prmceperit.
1564 1234 1595 1252 ue
1614 1225 1740 1252 adversus

1107 1262 1192 1289 crucis
1205 1263 1308 1296 siyuum
1319 1263 1415 1294 impetu
1421 1271 1444 1288 nt
1459 1263 1583 1295 facerent.

988 1308 1109 1336 Posthmc
1121 1315 1182 1335 cum
1198 1309 1283 1342 reipsa
1300 1307 1439 1334 didicisset
1454 1315 1581 1334 arcanam
1591 1307 1736 1341 quamdam

954 1361 986 1381 ac
1000 1355 1119 1380 divinam
1145 1353 1292 1388 potentiam
1322 1354 1349 1380 in
1375 1353 1485 1380 salutari
1511 1358 1612 1386 "'0me
1638 1352 1739 1384 inesse,

956 1400 1034 1435 cujus
1049 1407 1100 1435 ope
1124 1399 1294 1427 Constantini
1319 1400 1456 1426 exercitus
1470 1399 1612 1426 victoriatn
1638 1400 1740 1426 referre

957 1447 1159 1479 consuevisset;
1175 1446 1274 1474 milites
1289 1454 1352 1473 suos
1368 1446 1516 1477 admonuit,
1534 1454 1567 1473 ne
1579 1454 1611 1472 ex
1624 1446 1741 1472 adverso

957 1494 992 1520 ili
1012 1493 1250 1524 congrederentur,
1262 1499 1327 1519 neve
1343 1493 1367 1519 in
1386 1493 1449 1519 illud
1465 1497 1566 1519 temere
1582 1500 1613 1518 ac
1627 1491 1742 1518 fortuito

956 1539 1048 1566 oculos
1065 1538 1242 1573 conjicerenl.
1259 1538 1362 1572 Quippe
1382 1538 1446 1564 illud
1465 1538 1571 1571 signum
1588 1537 1742 1564 incredibili

920 1593 939 1620 C
956 1585 982 1611 vi
999 1584 1098 1619 pollere
1110 1605 1117 1618 ,
1132 1592 1164 1611 ac
1178 1584 1230 1610 sibi
1256 1584 1383 1618 privatim
1400 1583 1527 1610 infestum
1545 1583 1742 1617 adversamque

959 1638 1020 1657 esse
1041 1630 1151 1663 aiebat,
1170 1635 1252 1665 atque
1266 1630 1366 1656 idcirco
1383 1629 1532 1656 cavendum
1547 1636 1606 1656 esse
1619 1648 1626 1660 ,
1644 1636 1677 1656 ne
1693 1629 1741 1655 ad-

958 1683 1052 1704 versus
1070 1677 1157 1711 ipsum
1180 1683 1269 1711 pugna
1292 1676 1416 1703 iniretur.
1432 1675 1480 1702 His
1502 1676 1539 1702 ita
1563 1675 1741 1710 compositis,

958 1724 1088 1750 adversus
1105 1723 1178 1750 illum
1193 1723 1238 1757 qui
1254 1730 1303 1757 pro
1316 1722 1408 1749 innata
1433 1722 1575 1748 clementia
1590 1721 1742 1748 cunctaba—

958 1773 1010 1802 tur,
1026 1773 1052 1795 et
1067 1769 1112 1802 qtti
1128 1768 1274 1795 imminens
1286 1768 1337 1801 ipsi
1354 1767 1467 1794 exitium
1486 1767 1630 1794 dilferebat
1641 1786 1649 1799 ,
1666 1775 1741 1802 pra:-

955 1814 1014 1840 liari
1031 1814 1180 1841 constituit.
1197 1813 1231 1840 Et
1242 1813 1372 1839 Liciniaui
1390 1812 1510 1846 quidem,
1523 1812 1634 1838 deorum
1646 1811 1739 1837 multi-

957 1849 1048 1886 tudine
1060 1859 1167 1892 conﬁsi,
1187 1866 1246 1886 cum
1264 1860 1417 1895 ingentibus
1432 1859 1515 1893 copiis
1529 1857 1741 1893 progredieban-

956 1911 1016 1937 tur,
1036 1905 1129 1932 nescio
1142 1913 1202 1940 quze
1220 1911 1389 1932 mortuorum
1417 1905 1562 1932 simulacra
1587 1908 1614 1930 et
1635 1907 1741 1929 statuas

957 1951 1090 1979 inanimes
1109 1952 1226 1986 prmsidii
1240 1959 1320 1979 causa
1341 1951 1525 1986 prmfercntes.
1546 1949 1740 1977 Constantinus

956 2004 1021 2024 vero
1036 1997 1145 2032 pietatis
1160 1997 1242 2025 lorica
1258 2002 1410 2030 contectus,
1422 1996 1544 2023 salutare
1557 2000 1585 2023 et
1602 1994 1741 2021 viviﬁcum

956 2043 1044 2070 crucis
1061 2043 1180 2077 signum,
1201 2043 1275 2070 velut
1293 2043 1544 2070 terriculamentum
1559 2041 1693 2075 quoddam
1712 2045 1739 2066 et

956 2088 1172 2122 potentissimum
1199 2089 1232 2115 ad
1256 2088 1415 2122 depellenda
1433 2086 1501 2114 mala
1521 2086 1715 2112 munimentum
1729 2103 1739 2115 ,

117 2131 237 2160 hostium
255 2132 417 2159 multitudini
436 2132 546 2167 objecit.
568 2132 608 2159 Ac
631 2132 762 2167 principio
788 2133 896 2167 quidem
914 2136 1073 2168 sustinebat,
1100 2143 1214 2171 parcens
1240 2136 1346 2164 interim
1373 2135 1456 2169 ferro,
1469 2142 1502 2162 ne
1515 2135 1653 2162 videretur
1665 2132 1737 2159 orior

118 2186 234 2214 pugnam
259 2180 353 2208 iniisse
367 2200 375 2213 ,
393 2180 473 2215 idque
488 2181 522 2208 ob
537 2180 668 2208 foedernm
682 2188 740 2215 qua:
763 2181 901 2216 pepigerat
916 2183 1075 2218 religionem

380 2229 577 2255 ΚΕΦΑΛΑΙΟΝ
593 2228 642 2256 IZ'.

345 2275 420 2308 Νίκη
433 2276 672 2302 Κωνσταντίνου.

160 2319 205 2350 Ὦς
213 2319 235 2345 δ’
251 2319 387 2355 ὲτιιμόνως
401 2319 510 2355 ἔχοντας
527 2320 589 2351 τοὺς
605 2321 792 2352 ὑπεναντιους,
805 2321 854 2356 ἤδη
872 2321 900 2347 δὲ

120 2364 204 2399 ξιφῶν
220 2366 386 2402 ἁπτομένους
407 2366 489 2402 ἑώρα,
509 2367 658 2402 τηνικαῦτα
673 2368 902 2401 διαγανακτήσας,

120 2410 170 2446 βοῇ
184 2419 214 2437 τε
241 2412 290 2447 μιᾷ
303 2412 348 2438 καὶ
373 2413 442 2448 ῥοπῇ
458 2412 512 2448 (5οἸ
528 2413 618 2438 πᾶσαν
644 2413 693 2448 τὴν
711 2412 764 2439 τῶν
777 2412 904 2439 ἐναντίων

156 2488 212 2524 (ιδ)
231 2489 296 2523 Ταῖς
309 2489 367 2524 μὲν
376 2488 433 2518 οὖν
445 2491 621 2524 συνθήκαις.
640 2490 718 2517 Pacis
733 2491 900 2519 conditiones

118 2524 162 2560 lite
179 2523 294 2560 fuerunt.
310 2523 341 2551 ut
357 2525 477 2553 Licinius
492 2523 602 2560 quidem
627 2526 778 2558 Orientem,
795 2526 898 2557 Asiam,

118 2559 276 2596 Thraciam.
288 2559 408 2588 Mwsiam
422 2568 454 2587 ac
472 2559 600 2596 minorem
617 2561 757 2596 Scythiam
779 2561 900 2596 posside-

118 2597 177 2626 ret;
194 2594 328 2621 Dardania
345 2602 411 2621 vero
426 2599 454 2621 et
478 2595 632 2622 Macedonia
653 2594 681 2622 et
701 2595 813 2627 Achaia,
832 2595 900 2622 Pan-

118 2629 201 2654 nonia
220 2637 327 2663 quoque
351 2637 411 2657 cttm
425 2629 517 2657 Mmsia
534 2635 562 2657 et.
579 2631 657 2657 Dacia
675 2630 843 2658 Constantini
859 2630 900 2657 di-

119 2663 187 2690 tioni
200 2664 370 2697 accederent,
380 2670 410 2691 ut
418 2669 528 2692 narrant
541 2665 664 2692 Zosimus
682 2671 709 2692 et
733 2665 900 2693 Sozomenus

119 2704 148 2724 et
161 2703 258 2726 auctor
272 2703 462 2732 excerptorum
474 2701 506 2726 de
521 2699 606 2727 Gestir
621 2701 798 2728 Constantini.

155 2732 469 2772 (49)_‘Aerepménmc_.
487 2733 515 2760 tn
524 2735 637 2772 _sched_is
654 2735 744 2770 Regiis
754 2735 897 2772 ἀπερισλέ-

121 2777 196 2800 πτως
218 2768 326 2803 legitur‘,
347 2769 480 2802 quomodo
495 2769 576 2796 etiam
599 2768 740 2797 Turnebus
764 2771 798 2798 ad
811 2768 896 2798 'oram

121 2805 162 2831 sui
178 2804 281 2830 codicis
296 2803 464 2831 emendaret.
483 2803 520 2830 lla
533 2805 615 2831 etiam
628 2805 712 2832 codex
728 2805 809 2833 Fuk.’

157 2839 213 2874 (50)
230 2837 319 2873 νυιεη
333 2837 396 2872 Βοῇ
412 2846 443 2864 τε
455 2837 509 2872 μιᾷ
522 2838 612 2874 ῥοπῇ.
633 2839 812 2868 Scribendum
824 2841 898 2868 vitle—

122 2878 166 2902 tur
177 2873 225 2910 βοῇ
241 2882 271 2900 τε
287 2874 336 2910 μιᾷ
350 2873 396 2900 καὶ
413 2874 494 2910 ῥοπῇ.
513 2875 601 2909 Atque
615 2875 651 2903 ita
671 2875 756 2904 codex
780 2875 848 2904 Fuk.
872 2881 899 2904 et

1189 2232 1269 2268 [.52
1290 2231 1402 2259 CAPUT
1419 2230 1501 2258 xrn.

1196 2279 1364 2306 Constantini
1375 2278 1494 2305 victoria.

991 2323 1043 2351 Sed
1058 2329 1232 2359 posteaquam
1247 2325 1338 2351 hostes
1347 2323 1488 2351 obstinato
1503 2321 1593 2349 animo
1605 2325 1738 2356 perstare,

954 2366 1062 2402 jamque
1075 2368 1178 2403 gladios
1198 2369 1363 2404 distringere
1384 2367 1577 2395 animadvertit
1592 2387 1599 2398 ,
1615 2366 1737 2400 indigna.

958 2411 1030 2439 tione
1044 2418 1194 2440 commotus
1208 2435 1214 2446 ,
1230 2413 1288 2440 solo
1302 2414 1420 2441 clamore
1431 2421 1463 2441 ae
1481 2413 1593 2440 tninitno
1610 2412 1737 2446 temporis

952 2491 1014 2520 Sav.
1029 2490 1113 2518 Porro
1124 2492 1308 2525 baecinsignis
1328 2493 1498 2520 Constantini
1514 2493 1627 2520 victoria
1654 2494 1739 2519 conti-

951 2527 992 2560 git
1017 2526 1111 2560 Crispo
1135 2531 1176 2553 ter
1190 2532 1217 2554 et
1235 2529 1414 2555 Constantino
1441 2533 1481 2554 ter
1500 2536 1583 2556 coss...
1608 2535 1622 2552 ν
1647 2527 1738 2554 Nonas

951 2560 1048 2598 Julias,
1060 2562 1136 2598 juxta
1149 2562 1362 2598 Adriauopolim,
1373 2569 1402 2589 ut
1421 2563 1518 2598 legitur
1533 2564 1558 2589 in
1573 2561 1662 2589 Fastis
1679 2562 1737 2588 Ita—

951 2597 1041 2623 tii.At
1059 2597 1193 2623 Barouius
1222 2597 1272 2623 hor:
1304 2598 1424 2631 praelium
1452 2597 1734 2631 'Adrianopotitantum

952 2631 1057 2658 confert
1074 2633 1099 2657 iu
1125 2640 1223 2657 annum
1246 2632 1346 2659 Christi
1370 2632 1432 2664 518,
1459 2641 1511 2666 quo
1528 2633 1648 2659 Licinius
1671 2641 1685 2658 ν
1709 2639 1737 2659 et

951 2666 1062 2702 Crispus
1076 2674 1146 2693 coss.
1159 2666 1244 2693 fuere.
1260 2667 1344 2699 Cujus
1359 2669 1520 2694 sententiam
1535 2668 1577 2694 bis
1589 2675 1736 2702 argumen—

949 2701 983 2728 tis
996 2709 1028 2728 ac
1044 2702 1204 2728 testimoniis
1225 2703 1387 2735 optimorum
1411 2704 1571 2736 scriptorum
1595 2701 1734 2730 subverti-

948 2743 1020 2772 mus.
1036 2736 1143 2764 Primus
1155 2742 1196 2764 est
1209 2736 1319 2769 ldatius,
1335 2738 1380 2772 qui
1394 2738 1419 2764 in
1434 2737 1524 2764 Fastis
1546 2739 1583 2764 ita
1607 2738 1702 2764 scribit
1725 2746 1733 2764 :

951 2780 960 2797 1
978 2771 1073 2805 Crispo
1085 2779 1113 2798 ut
1127 2777 1154 2799 et
1164 2771 1385 2799 Constantinam
1410 2780 1480 2799 coss.
1495 2772 1542 2800 His
1553 2772 1733 2800 coss.bcllum

947 2806 1218 2841 Adriauopolitanutn
1229 2807 1272 2834 die
1281 2815 1296 2833 v
1308 2806 1494 2838 Nonaslulias,
1504 2814 1530 2833 et
1543 2808 1641 2834 bellum
1650 2807 1733 2833 Cbal-

948 2841 1099 2868 cedouense
1113 2842 1219 2869 decimo
1232 2847 1329 2876 quarto
1345 2842 1478 2870 Kalendas
1494 2844 1634 2869 Octobres.
1650 2852 1659 2867 ι
1677 2842 1731 2869 Ea-

949 2875 1009 2903 dem
1030 2878 1108 2904 verba
1125 2875 1250 2912 leguntur
1275 2878 1300 2904 in
1322 2876 1449 2904 Chronico
1469 2878 1662 2912 Alexandrino,
1684 2878 1731 2905 sed
