  <div class='ocr_page' id='page_1' title='image "/cluster/home/n/w/nwhite01/storage/ocr_20150623/20/njp.32101077772471/526.png"; bbox 0 0 2000 3167; ppageno 0'>
   <div class='ocr_carea' id='block_1_1' title="bbox 150 137 221 185">
    <p class='ocr_par' dir='ltr' id='par_1_1' title="bbox 150 137 221 185">
     <span class='ocr_line' id='line_1_1' title="bbox 150 137 221 185; baseline 0 -22"><span class='ocrx_word' id='word_1_1' title='bbox 150 137 221 185; x_wconf 49' lang='grc'><strong>,11001</strong></span> 
     </span>
    </p>
   </div>
   <div class='ocr_carea' id='block_1_2' title="bbox 680 138 1211 168">
    <p class='ocr_par' dir='ltr' id='par_1_2' title="bbox 680 138 1211 168">
     <span class='ocr_line' id='line_1_2' title="bbox 680 138 1211 168; baseline 0.004 -3"><span class='ocrx_word' id='word_1_2' title='bbox 680 138 724 166; x_wconf 88' lang='lat' dir='ltr'><strong>DE</strong></span> <span class='ocrx_word' id='word_1_3' title='bbox 743 138 824 167; x_wconf 79' lang='lat' dir='ltr'><strong>VlTA</strong></span> <span class='ocrx_word' id='word_1_4' title='bbox 841 139 1072 168; x_wconf 80' lang='lat' dir='ltr'><strong>CONSTANTINI</strong></span> <span class='ocrx_word' id='word_1_5' title='bbox 1093 139 1156 168; x_wconf 84' lang='lat' dir='ltr'><strong>LIB.</strong></span> <span class='ocrx_word' id='word_1_6' title='bbox 1178 140 1211 167; x_wconf 87' lang='lat' dir='ltr'><strong>ll.</strong></span> 
     </span>
    </p>
   </div>
   <div class='ocr_carea' id='block_1_3' title="bbox 1707 142 1780 169">
    <p class='ocr_par' dir='ltr' id='par_1_3' title="bbox 1707 142 1780 169">
     <span class='ocr_line' id='line_1_3' title="bbox 1707 142 1780 169; baseline 0 -1"><span class='ocrx_word' id='word_1_7' title='bbox 1707 142 1780 169; x_wconf 62' lang='lat'><strong>100:!</strong></span> 
     </span>
    </p>
   </div>
   <div class='ocr_carea' id='block_1_4' title="bbox 158 191 936 230">
    <p class='ocr_par' dir='ltr' id='par_1_4' title="bbox 158 191 936 230">
     <span class='ocr_line' id='line_1_4' title="bbox 158 191 936 230; baseline 0.004 -11"><span class='ocrx_word' id='word_1_8' title='bbox 158 201 217 228; x_wconf 87' lang='grc' dir='ltr'>σης.</span> <span class='ocrx_word' id='word_1_9' title='bbox 228 191 334 224; x_wconf 81' lang='grc' dir='ltr'><strong>Μάθοις</strong></span> <span class='ocrx_word' id='word_1_10' title='bbox 349 193 371 219; x_wconf 79' lang='grc' dir='ltr'><strong>δ’</strong></span> <span class='ocrx_word' id='word_1_11' title='bbox 395 192 428 220; x_wconf 72' lang='grc' dir='ltr'><strong>ἂν</strong></span> <span class='ocrx_word' id='word_1_12' title='bbox 439 192 486 219; x_wconf 78' lang='grc' dir='ltr'>τοῦ</span> <span class='ocrx_word' id='word_1_13' title='bbox 502 192 582 227; x_wconf 72' lang='grc' dir='ltr'>λόγου</span> <span class='ocrx_word' id='word_1_14' title='bbox 596 194 646 229; x_wconf 81' lang='grc' dir='ltr'>τὴν</span> <span class='ocrx_word' id='word_1_15' title='bbox 658 194 757 230; x_wconf 61' lang='grc' dir='ltr'>ἀρετὴν</span> <span class='ocrx_word' id='word_1_16' title='bbox 772 194 838 230; x_wconf 76' lang='lat'><strong>(6!),</strong></span> <span class='ocrx_word' id='word_1_17' title='bbox 850 195 936 226; x_wconf 66' lang='lat' dir='ltr'><strong>uorat:</strong></span> 
     </span>
    </p>
   </div>
   <div class='ocr_carea' id='block_1_5' title="bbox 990 191 1778 230">
    <p class='ocr_par' dir='ltr' id='par_1_5' title="bbox 994 196 1778 230">
     <span class='ocr_line' id='line_1_5' title="bbox 994 196 1778 230; baseline -0.001 -7"><span class='ocrx_word' id='word_1_18' title='bbox 994 196 1094 228; x_wconf 79' lang='lat' dir='ltr'><strong>missis.</strong></span> <span class='ocrx_word' id='word_1_19' title='bbox 1108 196 1275 230; x_wconf 61' lang='lat' dir='ltr'><strong>pradicavit.</strong></span> <span class='ocrx_word' id='word_1_20' title='bbox 1292 196 1377 223; x_wconf 84' lang='lat' dir='ltr'><strong>Porro</strong></span> <span class='ocrx_word' id='word_1_21' title='bbox 1393 196 1526 224; x_wconf 84' lang='lat' dir='ltr'><strong>orationis</strong></span> <span class='ocrx_word' id='word_1_22' title='bbox 1536 196 1588 223; x_wconf 85' lang='lat' dir='ltr'><strong>vim</strong></span> <span class='ocrx_word' id='word_1_23' title='bbox 1600 204 1634 223; x_wconf 77' lang='lat' dir='ltr'><strong>nc</strong></span> <span class='ocrx_word' id='word_1_24' title='bbox 1650 196 1778 224; x_wconf 85' lang='lat' dir='ltr'><strong>virtutem</strong></span> 
     </span>
    </p>
   </div>
   <div class='ocr_carea' id='block_1_6' title="bbox 157 239 940 277">
    <p class='ocr_par' dir='ltr' id='par_1_6' title="bbox 157 239 940 277">
     <span class='ocr_line' id='line_1_6' title="bbox 157 239 940 277; baseline 0.004 -11"><span class='ocrx_word' id='word_1_25' title='bbox 157 239 317 276; x_wconf 83' lang='grc' dir='ltr'>προσὸαλὼν</span> <span class='ocrx_word' id='word_1_26' title='bbox 335 240 392 271; x_wconf 84' lang='grc' dir='ltr'>τοῖς</span> <span class='ocrx_word' id='word_1_27' title='bbox 407 240 561 275; x_wconf 84' lang='grc' dir='ltr'>γράμμασι·</span> <span class='ocrx_word' id='word_1_28' title='bbox 576 239 623 267; x_wconf 88' lang='grc' dir='ltr'><strong>δύο</strong></span> <span class='ocrx_word' id='word_1_29' title='bbox 640 240 663 267; x_wconf 84' lang='grc' dir='ltr'><strong>δ’</strong></span> <span class='ocrx_word' id='word_1_30' title='bbox 680 239 713 276; x_wconf 88' lang='grc' dir='ltr'><strong>ἦν</strong></span> <span class='ocrx_word' id='word_1_31' title='bbox 726 241 821 274; x_wconf 80' lang='grc' dir='ltr'>ταῦτα,</span> <span class='ocrx_word' id='word_1_32' title='bbox 846 242 877 268; x_wconf 84' lang='grc' dir='ltr'>τὸ</span> <span class='ocrx_word' id='word_1_33' title='bbox 891 242 940 277; x_wconf 84' lang='grc' dir='ltr'>μὲν</span> 
     </span>
    </p>
   </div>
   <div class='ocr_carea' id='block_1_7' title="bbox 156 286 941 321">
    <p class='ocr_par' dir='ltr' id='par_1_7' title="bbox 156 286 941 321">
     <span class='ocr_line' id='line_1_7' title="bbox 156 286 941 321; baseline 0.004 -8"><span class='ocrx_word' id='word_1_34' title='bbox 156 288 216 319; x_wconf 80' lang='grc' dir='ltr'>ταῖς</span> <span class='ocrx_word' id='word_1_35' title='bbox 228 286 401 321; x_wconf 77' lang='grc' dir='ltr'>Ἐκκλησίαις</span> <span class='ocrx_word' id='word_1_36' title='bbox 409 286 457 313; x_wconf 81' lang='grc' dir='ltr'>τοῦ</span> <span class='ocrx_word' id='word_1_37' title='bbox 471 286 548 317; x_wconf 75' lang='grc' dir='ltr'>Θεοῦ,</span> <span class='ocrx_word' id='word_1_38' title='bbox 561 286 592 313; x_wconf 80' lang='grc' dir='ltr'>τὸ</span> <span class='ocrx_word' id='word_1_39' title='bbox 598 287 627 313; x_wconf 84' lang='grc' dir='ltr'><strong>δὲ</strong></span> <span class='ocrx_word' id='word_1_40' title='bbox 637 288 693 319; x_wconf 77' lang='grc' dir='ltr'>τοῖς</span> <span class='ocrx_word' id='word_1_41' title='bbox 701 288 779 320; x_wconf 77' lang='grc' dir='ltr'>ἐκτὸς</span> <span class='ocrx_word' id='word_1_42' title='bbox 788 289 858 316; x_wconf 84' lang='grc' dir='ltr'>κατὰ</span> <span class='ocrx_word' id='word_1_43' title='bbox 865 289 941 316; x_wconf 82' lang='grc' dir='ltr'>πόλιν</span> 
     </span>
    </p>
   </div>
   <div class='ocr_carea' id='block_1_8' title="bbox 156 332 941 370">
    <p class='ocr_par' dir='ltr' id='par_1_8' title="bbox 156 332 941 370">
     <span class='ocr_line' id='line_1_8' title="bbox 156 332 941 370; baseline 0.004 -11"><span class='ocrx_word' id='word_1_44' title='bbox 156 333 252 369; x_wconf 82' lang='grc' dir='ltr'><strong>δήμοις</strong></span> <span class='ocrx_word' id='word_1_45' title='bbox 266 332 443 367; x_wconf 83' lang='grc' dir='ltr'><strong>διαπεμφθέν-</strong></span> <span class='ocrx_word' id='word_1_46' title='bbox 462 332 475 358; x_wconf 84' lang='grc' dir='ltr'><strong>ὂ</strong></span> <span class='ocrx_word' id='word_1_47' title='bbox 486 332 518 368; x_wconf 84' lang='grc' dir='ltr'><strong>δὴ</strong></span> <span class='ocrx_word' id='word_1_48' title='bbox 533 334 566 368; x_wconf 83' lang='grc' dir='ltr'>τῇ</span> <span class='ocrx_word' id='word_1_49' title='bbox 589 333 713 369; x_wconf 81' lang='grc' dir='ltr'><strong>παρούσῃ</strong></span> <span class='ocrx_word' id='word_1_50' title='bbox 730 334 784 370; x_wconf 71' lang='grc'>(62)</span> <span class='ocrx_word' id='word_1_51' title='bbox 804 335 941 370; x_wconf 83' lang='grc' dir='ltr'>προσῆκον</span> 
     </span>
    </p>
   </div>
   <div class='ocr_carea' id='block_1_9' title="bbox 157 378 942 417">
    <p class='ocr_par' dir='ltr' id='par_1_9' title="bbox 157 378 942 417">
     <span class='ocr_line' id='line_1_9' title="bbox 157 378 942 417; baseline 0.005 -13"><span class='ocrx_word' id='word_1_52' title='bbox 157 378 284 405; x_wconf 81' lang='grc' dir='ltr'>ὑποθέσει</span> <span class='ocrx_word' id='word_1_53' title='bbox 306 378 399 414; x_wconf 78' lang='grc' dir='ltr'>ἔμοιγε</span> <span class='ocrx_word' id='word_1_54' title='bbox 425 379 498 405; x_wconf 77' lang='grc' dir='ltr'>δοκεῖ</span> <span class='ocrx_word' id='word_1_55' title='bbox 521 379 702 414; x_wconf 73' lang='grc' dir='ltr'>παρενοεῖναι,</span> <span class='ocrx_word' id='word_1_56' title='bbox 728 380 765 412; x_wconf 80' lang='grc' dir='ltr'>ὡς</span> <span class='ocrx_word' id='word_1_57' title='bbox 780 380 813 407; x_wconf 81' lang='grc' dir='ltr'>ἂν</span> <span class='ocrx_word' id='word_1_58' title='bbox 832 381 876 408; x_wconf 86' lang='grc' dir='ltr'><strong>διὰ</strong></span> <span class='ocrx_word' id='word_1_59' title='bbox 893 382 942 417; x_wconf 83' lang='grc' dir='ltr'>τῆς</span> 
     </span>
    </p>
   </div>
   <div class='ocr_carea' id='block_1_10' title="bbox 159 424 941 463">
    <p class='ocr_par' dir='ltr' id='par_1_10' title="bbox 159 424 941 463">
     <span class='ocr_line' id='line_1_10' title="bbox 159 424 941 463; baseline 0.004 -13"><span class='ocrx_word' id='word_1_60' title='bbox 159 424 279 459; x_wconf 80' lang='grc' dir='ltr'><strong>ἱστορίας</strong></span> <span class='ocrx_word' id='word_1_61' title='bbox 293 424 367 460; x_wconf 83' lang='grc' dir='ltr'>μένοι</span> <span class='ocrx_word' id='word_1_62' title='bbox 388 424 436 450; x_wconf 66' lang='grc' dir='ltr'>καὶ</span> <span class='ocrx_word' id='word_1_63' title='bbox 462 424 665 459; x_wconf 73' lang='grc' dir='ltr'>διαφυλάττοιτο</span> <span class='ocrx_word' id='word_1_64' title='bbox 686 427 742 458; x_wconf 81' lang='grc' dir='ltr'>τοῖς</span> <span class='ocrx_word' id='word_1_65' title='bbox 764 426 823 461; x_wconf 75' lang='grc' dir='ltr'><strong>μεθ’</strong></span> <span class='ocrx_word' id='word_1_66' title='bbox 834 427 908 462; x_wconf 80' lang='grc' dir='ltr'>ἡμᾶς</span> <span class='ocrx_word' id='word_1_67' title='bbox 924 428 941 463; x_wconf 84' lang='grc' dir='ltr'>ἡ</span> 
     </span>
    </p>
   </div>
   <div class='ocr_carea' id='block_1_11' title="bbox 156 469 941 508">
    <p class='ocr_par' dir='ltr' id='par_1_11' title="bbox 156 469 941 508">
     <span class='ocr_line' id='line_1_11' title="bbox 156 469 941 508; baseline 0.006 -13"><span class='ocrx_word' id='word_1_68' title='bbox 156 469 231 496; x_wconf 84' lang='grc' dir='ltr'>τοῦδε</span> <span class='ocrx_word' id='word_1_69' title='bbox 246 469 292 496; x_wconf 81' lang='grc' dir='ltr'>τοῦ</span> <span class='ocrx_word' id='word_1_70' title='bbox 307 469 467 506; x_wconf 79' lang='grc' dir='ltr'><strong>γράμματος</strong></span> <span class='ocrx_word' id='word_1_71' title='bbox 484 470 600 502; x_wconf 78' lang='grc' dir='ltr'>ἕκθεσις.</span> <span class='ocrx_word' id='word_1_72' title='bbox 618 472 685 505; x_wconf 84' lang='grc' dir='ltr'>πρός</span> <span class='ocrx_word' id='word_1_73' title='bbox 705 472 728 498; x_wconf 76' lang='grc' dir='ltr'>τ’</span> <span class='ocrx_word' id='word_1_74' title='bbox 744 472 872 508; x_wconf 80' lang='grc' dir='ltr'><strong>ἀληθείας</strong></span> <span class='ocrx_word' id='word_1_75' title='bbox 894 474 941 500; x_wconf 79' lang='grc' dir='ltr'><strong>καὶ</strong></span> 
     </span>
    </p>
   </div>
   <div class='ocr_carea' id='block_1_12' title="bbox 156 515 939 554">
    <p class='ocr_par' dir='ltr' id='par_1_12' title="bbox 156 515 939 554">
     <span class='ocr_line' id='line_1_12' title="bbox 156 515 939 554; baseline 0.005 -12"><span class='ocrx_word' id='word_1_76' title='bbox 156 515 209 542; x_wconf 86' lang='grc' dir='ltr'>τῶν</span> <span class='ocrx_word' id='word_1_77' title='bbox 223 515 365 552; x_wconf 80' lang='grc' dir='ltr'><strong>ἡμετέρων</strong></span> <span class='ocrx_word' id='word_1_78' title='bbox 375 516 550 552; x_wconf 79' lang='grc' dir='ltr'><strong>διηγημάτων</strong></span> <span class='ocrx_word' id='word_1_79' title='bbox 571 517 710 543; x_wconf 68' lang='grc' dir='ltr'>πίπτωσιν.</span> <span class='ocrx_word' id='word_1_80' title='bbox 725 518 858 554; x_wconf 80' lang='grc' dir='ltr'>Εἵληπται</span> <span class='ocrx_word' id='word_1_81' title='bbox 877 519 899 545; x_wconf 83' lang='grc' dir='ltr'><strong>δ’</strong></span> <span class='ocrx_word' id='word_1_82' title='bbox 910 519 939 553; x_wconf 80' lang='grc' dir='ltr'><strong>ἐξ</strong></span> 
     </span>
    </p>
   </div>
   <div class='ocr_carea' id='block_1_13' title="bbox 156 561 939 598">
    <p class='ocr_par' dir='ltr' id='par_1_13' title="bbox 156 561 939 598">
     <span class='ocr_line' id='line_1_13' title="bbox 156 561 939 598; baseline 0.004 -10"><span class='ocrx_word' id='word_1_83' title='bbox 156 562 313 589; x_wconf 80' lang='grc' dir='ltr'>αὑθεντικοῦ</span> <span class='ocrx_word' id='word_1_84' title='bbox 329 561 375 589; x_wconf 77' lang='grc' dir='ltr'><strong>τοῦ</strong></span> <span class='ocrx_word' id='word_1_85' title='bbox 398 563 463 597; x_wconf 81' lang='grc' dir='ltr'>παρ’</span> <span class='ocrx_word' id='word_1_86' title='bbox 489 564 553 597; x_wconf 72' lang='grc' dir='ltr'><strong>ἡμῖν</strong></span> <span class='ocrx_word' id='word_1_87' title='bbox 576 563 774 598; x_wconf 78' lang='grc' dir='ltr'><strong>φυλαττομένου</strong></span> <span class='ocrx_word' id='word_1_88' title='bbox 801 563 939 598; x_wconf 81' lang='grc' dir='ltr'><strong>βασιλικοῦ</strong></span> 
     </span>
    </p>
   </div>
   <div class='ocr_carea' id='block_1_14' title="bbox 157 604 945 645">
    <p class='ocr_par' dir='ltr' id='par_1_14' title="bbox 157 604 945 645">
     <span class='ocr_line' id='line_1_14' title="bbox 157 604 945 645; baseline 0.003 -11"><span class='ocrx_word' id='word_1_89' title='bbox 157 608 248 643; x_wconf 82' lang='grc' dir='ltr'>νόμου,</span> <span class='ocrx_word' id='word_1_90' title='bbox 260 604 281 642; x_wconf 83' lang='grc' dir='ltr'>ᾧ</span> <span class='ocrx_word' id='word_1_91' title='bbox 295 608 402 644; x_wconf 74' lang='grc' dir='ltr'>καὶτῆς</span> <span class='ocrx_word' id='word_1_92' title='bbox 418 608 500 635; x_wconf 81' lang='grc' dir='ltr'>αὐτοῦ</span> <span class='ocrx_word' id='word_1_93' title='bbox 515 607 605 640; x_wconf 75' lang='grc' dir='ltr'>δεξιᾶς</span> <span class='ocrx_word' id='word_1_94' title='bbox 621 608 757 644; x_wconf 73' lang='grc' dir='ltr'><strong>ἔγγραφος</strong></span> <span class='ocrx_word' id='word_1_95' title='bbox 777 609 945 645; x_wconf 77' lang='grc' dir='ltr'>ὑποσημειω-</span> 
     </span>
    </p>
   </div>
   <div class='ocr_carea' id='block_1_15' title="bbox 157 653 943 692">
    <p class='ocr_par' dir='ltr' id='par_1_15' title="bbox 157 653 943 692">
     <span class='ocr_line' id='line_1_15' title="bbox 157 653 943 692; baseline 0.004 -12"><span class='ocrx_word' id='word_1_96' title='bbox 157 662 208 685; x_wconf 84' lang='grc' dir='ltr'>σις,</span> <span class='ocrx_word' id='word_1_97' title='bbox 227 654 276 688; x_wconf 86' lang='grc' dir='ltr'>τῆς</span> <span class='ocrx_word' id='word_1_98' title='bbox 286 654 333 681; x_wconf 77' lang='grc' dir='ltr'>τοῦ</span> <span class='ocrx_word' id='word_1_99' title='bbox 355 654 434 689; x_wconf 80' lang='grc' dir='ltr'><strong>λόγου</strong></span> <span class='ocrx_word' id='word_1_100' title='bbox 456 654 614 686; x_wconf 84' lang='grc' dir='ltr'>πιστώσεως</span> <span class='ocrx_word' id='word_1_101' title='bbox 629 653 673 681; x_wconf 77' lang='grc' dir='ltr'><strong>οἷά</strong></span> <span class='ocrx_word' id='word_1_102' title='bbox 691 665 743 682; x_wconf 89' lang='grc' dir='ltr'>τινι</span> <span class='ocrx_word' id='word_1_103' title='bbox 757 656 884 692; x_wconf 75' lang='grc' dir='ltr'>σφραγῖδι</span> <span class='ocrx_word' id='word_1_104' title='bbox 897 665 943 683; x_wconf 74' lang='grc' dir='ltr'><strong>καο</strong></span> 
     </span>
    </p>
   </div>
   <div class='ocr_carea' id='block_1_16' title="bbox 156 700 557 737">
    <p class='ocr_par' dir='ltr' id='par_1_16' title="bbox 156 700 557 737">
     <span class='ocr_line' id='line_1_16' title="bbox 156 700 557 737; baseline 0.005 -10"><span class='ocrx_word' id='word_1_105' title='bbox 156 700 317 736; x_wconf 78' lang='grc' dir='ltr'>τασημαίνει</span> <span class='ocrx_word' id='word_1_106' title='bbox 330 701 379 736; x_wconf 86' lang='grc' dir='ltr'>τὴν</span> <span class='ocrx_word' id='word_1_107' title='bbox 396 701 557 737; x_wconf 74' lang='grc' dir='ltr'><strong>μαρτυρίαν.</strong></span> 
     </span>
    </p>
   </div>
   <div class='ocr_carea' id='block_1_17' title="bbox 994 242 1781 278">
    <p class='ocr_par' dir='ltr' id='par_1_17' title="bbox 994 242 1781 278">
     <span class='ocr_line' id='line_1_17' title="bbox 994 242 1781 278; baseline 0 -9"><span class='ocrx_word' id='word_1_108' title='bbox 994 242 1072 270; x_wconf 77' lang='lat' dir='ltr'><strong>facile</strong></span> <span class='ocrx_word' id='word_1_109' title='bbox 1097 247 1259 277; x_wconf 71' lang='lat' dir='ltr'><strong>cognoscet.</strong></span> <span class='ocrx_word' id='word_1_110' title='bbox 1289 243 1412 277; x_wconf 79' lang='lat' dir='ltr'><strong>quisquis</strong></span> <span class='ocrx_word' id='word_1_111' title='bbox 1437 243 1567 278; x_wconf 61' lang='lat' dir='ltr'><strong>epistolas</strong></span> <span class='ocrx_word' id='word_1_112' title='bbox 1585 243 1674 277; x_wconf 80' lang='lat' dir='ltr'><strong>.ipsas&#39;</strong></span> <span class='ocrx_word' id='word_1_113' title='bbox 1693 243 1781 277; x_wconf 82' lang='lat' dir='ltr'><strong>perle-</strong></span> 
     </span>
    </p>
   </div>
   <div class='ocr_carea' id='block_1_18' title="bbox 993 287 1781 324">
    <p class='ocr_par' dir='ltr' id='par_1_18' title="bbox 993 287 1781 324">
     <span class='ocr_line' id='line_1_18' title="bbox 993 287 1781 324; baseline 0.001 -10"><span class='ocrx_word' id='word_1_114' title='bbox 993 289 1072 323; x_wconf 82' lang='lat' dir='ltr'><strong>gerit.</strong></span> <span class='ocrx_word' id='word_1_115' title='bbox 1094 287 1175 324; x_wconf 56' lang='lat'><strong>555</strong></span> <span class='ocrx_word' id='word_1_116' title='bbox 1196 288 1265 315; x_wconf 86' lang='lat' dir='ltr'><strong>Sunt</strong></span> <span class='ocrx_word' id='word_1_117' title='bbox 1292 294 1381 316; x_wconf 83' lang='lat' dir='ltr'><strong>autem</strong></span> <span class='ocrx_word' id='word_1_118' title='bbox 1405 289 1487 316; x_wconf 73' lang='lat' dir='ltr'><strong>dum:</strong></span> <span class='ocrx_word' id='word_1_119' title='bbox 1507 289 1590 316; x_wconf 89' lang='lat' dir='ltr'><strong>altera</strong></span> <span class='ocrx_word' id='word_1_120' title='bbox 1624 289 1657 316; x_wconf 83' lang='lat' dir='ltr'><strong>ad</strong></span> <span class='ocrx_word' id='word_1_121' title='bbox 1688 287 1781 315; x_wconf 85' lang='lat' dir='ltr'><strong>Eccle-</strong></span> 
     </span>
    </p>
   </div>
   <div class='ocr_carea' id='block_1_19' title="bbox 994 334 1781 371">
    <p class='ocr_par' dir='ltr' id='par_1_19' title="bbox 994 334 1781 371">
     <span class='ocr_line' id='line_1_19' title="bbox 994 334 1781 371; baseline -0.001 -10"><span class='ocrx_word' id='word_1_122' title='bbox 994 334 1048 362; x_wconf 82' lang='lat' dir='ltr'><strong>sias</strong></span> <span class='ocrx_word' id='word_1_123' title='bbox 1069 335 1171 362; x_wconf 89' lang='lat' dir='ltr'><strong>directa</strong></span> <span class='ocrx_word' id='word_1_124' title='bbox 1185 354 1193 367; x_wconf 93' lang='lat'><strong>,</strong></span> <span class='ocrx_word' id='word_1_125' title='bbox 1214 335 1300 362; x_wconf 84' lang='lat' dir='ltr'><strong>altera</strong></span> <span class='ocrx_word' id='word_1_126' title='bbox 1321 336 1354 362; x_wconf 87' lang='lat' dir='ltr'><strong>ad</strong></span> <span class='ocrx_word' id='word_1_127' title='bbox 1373 336 1539 371; x_wconf 82' lang='lat' dir='ltr'><strong>singularum</strong></span> <span class='ocrx_word' id='word_1_128' title='bbox 1564 336 1671 362; x_wconf 86' lang='lat' dir='ltr'><strong>urbium</strong></span> <span class='ocrx_word' id='word_1_129' title='bbox 1695 341 1781 369; x_wconf 90' lang='lat' dir='ltr'><strong>popu-</strong></span> 
     </span>
    </p>
   </div>
   <div class='ocr_carea' id='block_1_20' title="bbox 994 380 1779 416">
    <p class='ocr_par' dir='ltr' id='par_1_20' title="bbox 994 380 1779 416">
     <span class='ocr_line' id='line_1_20' title="bbox 994 380 1779 416; baseline 0.003 -8"><span class='ocrx_word' id='word_1_130' title='bbox 994 380 1033 409; x_wconf 87' lang='lat' dir='ltr'><strong>los</strong></span> <span class='ocrx_word' id='word_1_131' title='bbox 1048 388 1063 407; x_wconf 87' lang='lat' dir='ltr'><strong>a</strong></span> <span class='ocrx_word' id='word_1_132' title='bbox 1079 386 1171 409; x_wconf 89' lang='lat' dir='ltr'><strong>nostra</strong></span> <span class='ocrx_word' id='word_1_133' title='bbox 1189 381 1319 416; x_wconf 76' lang='lat' dir='ltr'><strong>religione</strong></span> <span class='ocrx_word' id='word_1_134' title='bbox 1333 382 1444 409; x_wconf 87' lang='lat' dir='ltr'><strong>alienos.</strong></span> <span class='ocrx_word' id='word_1_135' title='bbox 1460 382 1545 415; x_wconf 85' lang='lat' dir='ltr'><strong>Quam</strong></span> <span class='ocrx_word' id='word_1_136' title='bbox 1562 382 1670 416; x_wconf 86' lang='lat' dir='ltr'><strong>quidem</strong></span> <span class='ocrx_word' id='word_1_137' title='bbox 1683 387 1779 416; x_wconf 82' lang='lat' dir='ltr'><strong>utpote</strong></span> 
     </span>
    </p>
   </div>
   <div class='ocr_carea' id='block_1_21' title="bbox 993 427 1778 462">
    <p class='ocr_par' dir='ltr' id='par_1_21' title="bbox 993 427 1778 462">
     <span class='ocr_line' id='line_1_21' title="bbox 993 427 1778 462; baseline 0.003 -8"><span class='ocrx_word' id='word_1_138' title='bbox 993 427 1118 461; x_wconf 75' lang='lat' dir='ltr'><strong>praesenti</strong></span> <span class='ocrx_word' id='word_1_139' title='bbox 1146 432 1305 462; x_wconf 86' lang='lat' dir='ltr'><strong>argumento</strong></span> <span class='ocrx_word' id='word_1_140' title='bbox 1321 428 1615 459; x_wconf 84' lang='lat' dir='ltr'><strong>convenientissimam,</strong></span> <span class='ocrx_word' id='word_1_141' title='bbox 1642 428 1686 456; x_wconf 86' lang='lat' dir='ltr'><strong>hic</strong></span> <span class='ocrx_word' id='word_1_142' title='bbox 1705 430 1778 456; x_wconf 84' lang='lat' dir='ltr'><strong>inse-</strong></span> 
     </span>
    </p>
   </div>
   <div class='ocr_carea' id='block_1_22' title="bbox 992 473 1778 506">
    <p class='ocr_par' dir='ltr' id='par_1_22' title="bbox 992 473 1778 506">
     <span class='ocr_line' id='line_1_22' title="bbox 992 473 1778 506; baseline 0.003 -6"><span class='ocrx_word' id='word_1_143' title='bbox 992 473 1104 501; x_wconf 80' lang='lat' dir='ltr'><strong>rendam</strong></span> <span class='ocrx_word' id='word_1_144' title='bbox 1117 480 1178 500; x_wconf 86' lang='lat' dir='ltr'><strong>esse</strong></span> <span class='ocrx_word' id='word_1_145' title='bbox 1191 473 1272 506; x_wconf 83' lang='lat' dir='ltr'><strong>duxi;</strong></span> <span class='ocrx_word' id='word_1_146' title='bbox 1302 478 1357 500; x_wconf 91' lang='lat' dir='ltr'><strong>tum</strong></span> <span class='ocrx_word' id='word_1_147' title='bbox 1375 477 1405 500; x_wconf 92' lang='lat' dir='ltr'><strong>ut</strong></span> <span class='ocrx_word' id='word_1_148' title='bbox 1434 473 1608 500; x_wconf 73' lang='lat' dir='ltr'><strong>historiarum</strong></span> <span class='ocrx_word' id='word_1_149' title='bbox 1618 482 1778 502; x_wconf 86' lang='lat' dir='ltr'><strong>monumen-</strong></span> 
     </span>
    </p>
   </div>
   <div class='ocr_carea' id='block_1_23' title="bbox 994 518 1778 554">
    <p class='ocr_par' dir='ltr' id='par_1_23' title="bbox 994 518 1778 554">
     <span class='ocr_line' id='line_1_23' title="bbox 994 518 1778 554; baseline 0.001 -8"><span class='ocrx_word' id='word_1_150' title='bbox 994 521 1030 547; x_wconf 90' lang='lat' dir='ltr'><strong>tis</strong></span> <span class='ocrx_word' id='word_1_151' title='bbox 1043 519 1147 554; x_wconf 87' lang='lat' dir='ltr'><strong>prodita</strong></span> <span class='ocrx_word' id='word_1_152' title='bbox 1164 518 1223 554; x_wconf 84' lang='lat' dir='ltr'><strong>ejus</strong></span> <span class='ocrx_word' id='word_1_153' title='bbox 1247 518 1410 553; x_wconf 79' lang='lat' dir='ltr'><strong>exemplaria</strong></span> <span class='ocrx_word' id='word_1_154' title='bbox 1427 538 1434 549; x_wconf 84' lang='lat'><strong>,</strong></span> <span class='ocrx_word' id='word_1_155' title='bbox 1451 519 1519 553; x_wconf 90' lang='lat' dir='ltr'><strong>apud</strong></span> <span class='ocrx_word' id='word_1_156' title='bbox 1537 524 1661 553; x_wconf 80' lang='lat' dir='ltr'><strong>posteros</strong></span> <span class='ocrx_word' id='word_1_157' title='bbox 1680 527 1778 554; x_wconf 89' lang='lat' dir='ltr'><strong>perpe-</strong></span> 
     </span>
    </p>
   </div>
   <div class='ocr_carea' id='block_1_24' title="bbox 994 564 1777 594">
    <p class='ocr_par' dir='ltr' id='par_1_24' title="bbox 994 564 1777 594">
     <span class='ocr_line' id='line_1_24' title="bbox 994 564 1777 594; baseline 0 -2"><span class='ocrx_word' id='word_1_158' title='bbox 994 569 1040 592; x_wconf 87' lang='lat' dir='ltr'><strong>tuo</strong></span> <span class='ocrx_word' id='word_1_159' title='bbox 1053 570 1266 594; x_wconf 87' lang='lat' dir='ltr'><strong>conserventur;</strong></span> <span class='ocrx_word' id='word_1_160' title='bbox 1288 568 1343 591; x_wconf 89' lang='lat' dir='ltr'><strong>tum</strong></span> <span class='ocrx_word' id='word_1_161' title='bbox 1360 568 1390 590; x_wconf 91' lang='lat' dir='ltr'><strong>ut</strong></span> <span class='ocrx_word' id='word_1_162' title='bbox 1408 564 1571 591; x_wconf 84' lang='lat' dir='ltr'><strong>narrationis</strong></span> <span class='ocrx_word' id='word_1_163' title='bbox 1598 570 1696 591; x_wconf 78' lang='lat' dir='ltr'><strong>nostrae</strong></span> <span class='ocrx_word' id='word_1_164' title='bbox 1708 566 1777 592; x_wconf 83' lang='lat' dir='ltr'><strong>tides</strong></span> 
     </span>
    </p>
   </div>
   <div class='ocr_carea' id='block_1_25' title="bbox 997 610 1776 644">
    <p class='ocr_par' dir='ltr' id='par_1_25' title="bbox 997 610 1776 644">
     <span class='ocr_line' id='line_1_25' title="bbox 997 610 1776 644; baseline -0.001 -7"><span class='ocrx_word' id='word_1_165' title='bbox 997 618 1029 638; x_wconf 84' lang='lat' dir='ltr'><strong>ac</strong></span> <span class='ocrx_word' id='word_1_166' title='bbox 1042 610 1141 638; x_wconf 87' lang='lat' dir='ltr'><strong>veritas</strong></span> <span class='ocrx_word' id='word_1_167' title='bbox 1153 610 1337 637; x_wconf 81' lang='lat' dir='ltr'><strong>conﬁrmetur.</strong></span> <span class='ocrx_word' id='word_1_168' title='bbox 1355 610 1494 644; x_wconf 76' lang='lat' dir='ltr'><strong>Descripta</strong></span> <span class='ocrx_word' id='word_1_169' title='bbox 1516 616 1605 637; x_wconf 86' lang='lat' dir='ltr'><strong>autem</strong></span> <span class='ocrx_word' id='word_1_170' title='bbox 1621 615 1708 637; x_wconf 82' lang='lat' dir='ltr'><strong>estex</strong></span> <span class='ocrx_word' id='word_1_171' title='bbox 1728 619 1776 637; x_wconf 88' lang='lat' dir='ltr'><strong>au-</strong></span> 
     </span>
    </p>
   </div>
   <div class='ocr_carea' id='block_1_26' title="bbox 995 655 1775 689">
    <p class='ocr_par' dir='ltr' id='par_1_26' title="bbox 995 655 1775 689">
     <span class='ocr_line' id='line_1_26' title="bbox 995 655 1775 689; baseline 0 -7"><span class='ocrx_word' id='word_1_172' title='bbox 995 655 1115 682; x_wconf 80' lang='lat' dir='ltr'><strong>thentico</strong></span> <span class='ocrx_word' id='word_1_173' title='bbox 1129 655 1277 689; x_wconf 82' lang='lat' dir='ltr'><strong>exemplari</strong></span> <span class='ocrx_word' id='word_1_174' title='bbox 1289 655 1355 689; x_wconf 73' lang='lat' dir='ltr'><strong>legis</strong></span> <span class='ocrx_word' id='word_1_175' title='bbox 1371 655 1532 689; x_wconf 78' lang='lat' dir='ltr'><strong>imperialis,</strong></span> <span class='ocrx_word' id='word_1_176' title='bbox 1545 656 1616 689; x_wconf 89' lang='lat' dir='ltr'><strong>quod</strong></span> <span class='ocrx_word' id='word_1_177' title='bbox 1639 655 1709 687; x_wconf 89' lang='lat' dir='ltr'><strong>apud</strong></span> <span class='ocrx_word' id='word_1_178' title='bbox 1725 663 1775 682; x_wconf 85' lang='lat' dir='ltr'><strong>nos</strong></span> 
     </span>
    </p>
   </div>
   <div class='ocr_carea' id='block_1_27' title="bbox 995 700 1774 742">
    <p class='ocr_par' dir='ltr' id='par_1_27' title="bbox 995 700 1774 742">
     <span class='ocr_line' id='line_1_27' title="bbox 995 700 1774 742; baseline 0 -14"><span class='ocrx_word' id='word_1_179' title='bbox 995 706 1129 742; x_wconf 74' lang='lat' dir='ltr'><strong>servatur.</strong></span> <span class='ocrx_word' id='word_1_180' title='bbox 1147 700 1195 728; x_wconf 89' lang='lat' dir='ltr'><strong>Cui</strong></span> <span class='ocrx_word' id='word_1_181' title='bbox 1214 700 1344 735; x_wconf 87' lang='lat' dir='ltr'><strong>principis</strong></span> <span class='ocrx_word' id='word_1_182' title='bbox 1358 709 1438 727; x_wconf 88' lang='lat' dir='ltr'><strong>manu</strong></span> <span class='ocrx_word' id='word_1_183' title='bbox 1454 701 1574 735; x_wconf 84' lang='lat' dir='ltr'><strong>apposita</strong></span> <span class='ocrx_word' id='word_1_184' title='bbox 1591 700 1754 735; x_wconf 84' lang='lat' dir='ltr'><strong>subscriptio</strong></span> <span class='ocrx_word' id='word_1_185' title='bbox 1765 719 1774 732; x_wconf 83' lang='lat'><strong>,</strong></span> 
     </span>
    </p>
   </div>
   <div class='ocr_carea' id='block_1_28' title="bbox 157 747 1072 783">
    <p class='ocr_par' dir='ltr' id='par_1_28' title="bbox 157 747 1072 783">
     <span class='ocr_line' id='line_1_28' title="bbox 157 747 1072 783; baseline -0.001 -9"><span class='ocrx_word' id='word_1_186' title='bbox 157 747 288 774; x_wconf 88' lang='lat' dir='ltr'><strong>orationis</strong></span> <span class='ocrx_word' id='word_1_187' title='bbox 303 752 405 775; x_wconf 62' lang='lat' dir='ltr'><strong>nostra:</strong></span> <span class='ocrx_word' id='word_1_188' title='bbox 419 748 558 775; x_wconf 90' lang='lat' dir='ltr'><strong>veritatem</strong></span> <span class='ocrx_word' id='word_1_189' title='bbox 575 753 702 783; x_wconf 91' lang='lat' dir='ltr'><strong>tanquam</strong></span> <span class='ocrx_word' id='word_1_190' title='bbox 718 749 806 783; x_wconf 81' lang='lat' dir='ltr'><strong>sigillo</strong></span> <span class='ocrx_word' id='word_1_191' title='bbox 822 749 939 783; x_wconf 86' lang='lat' dir='ltr'><strong>quodam</strong></span> <span class='ocrx_word' id='word_1_192' title='bbox 969 747 1072 774; x_wconf 77' lang='lat' dir='ltr'><strong>astruit.</strong></span> 
     </span>
    </p>
   </div>
   <div class='ocr_carea' id='block_1_29' title="bbox 406 793 688 821">
    <p class='ocr_par' dir='ltr' id='par_1_29' title="bbox 406 793 688 821">
     <span class='ocr_line' id='line_1_29' title="bbox 406 793 688 821; baseline 0.004 -1"><span class='ocrx_word' id='word_1_193' title='bbox 406 793 603 820; x_wconf 75' lang='grc' dir='ltr'><strong>ΚΕΦΔΛΑΙΟΝ</strong></span> <span class='ocrx_word' id='word_1_194' title='bbox 624 793 688 821; x_wconf 83' lang='grc' dir='ltr'><strong>ΚΔ’.</strong></span> 
     </span>
    </p>
   </div>
   <div class='ocr_carea' id='block_1_30' title="bbox 1269 792 1490 820">
    <p class='ocr_par' dir='ltr' id='par_1_30' title="bbox 1269 792 1490 820">
     <span class='ocr_line' id='line_1_30' title="bbox 1269 792 1490 820; baseline 0 0"><span class='ocrx_word' id='word_1_195' title='bbox 1269 792 1383 820; x_wconf 80' lang='lat' dir='ltr'><strong>CAPUT</strong></span> <span class='ocrx_word' id='word_1_196' title='bbox 1395 793 1490 820; x_wconf 75' lang='lat' dir='ltr'><strong>XXIV.</strong></span> 
     </span>
    </p>
   </div>
   <div class='ocr_carea' id='block_1_31' title="bbox 156 825 936 880">
    <p class='ocr_par' dir='ltr' id='par_1_31' title="bbox 156 838 936 880">
     <span class='ocr_line' id='line_1_31' title="bbox 156 838 936 880; baseline 0.001 -15"><span class='ocrx_word' id='word_1_197' title='bbox 156 838 254 873; x_wconf 83' lang='grc' dir='ltr'><em>Νόμος</em></span> <span class='ocrx_word' id='word_1_198' title='bbox 276 839 591 880; x_wconf 37' lang='grc' dir='ltr'><strong>Κωῖᾳταντίνουητξε-Ξρὶ</strong></span> <span class='ocrx_word' id='word_1_199' title='bbox 613 839 669 874; x_wconf 83' lang='grc' dir='ltr'>τῆς</span> <span class='ocrx_word' id='word_1_200' title='bbox 691 840 734 872; x_wconf 82' lang='grc' dir='ltr'><strong>εὶς</strong></span> <span class='ocrx_word' id='word_1_201' title='bbox 754 839 829 880; x_wconf 60' lang='grc' dir='ltr'><strong>θεὸν</strong></span> <span class='ocrx_word' id='word_1_202' title='bbox 852 840 936 866; x_wconf 76' lang='grc' dir='ltr'><strong>εὐσε-</strong></span> 
     </span>
    </p>
   </div>
   <div class='ocr_carea' id='block_1_32' title="bbox 990 825 1775 880">
    <p class='ocr_par' dir='ltr' id='par_1_32' title="bbox 990 836 1775 880">
     <span class='ocr_line' id='line_1_32' title="bbox 990 836 1775 880; baseline 0.004 -17"><span class='ocrx_word' id='word_1_203' title='bbox 990 836 1044 864; x_wconf 70' lang='lat' dir='ltr'><strong>Lex</strong></span> <span class='ocrx_word' id='word_1_204' title='bbox 1063 836 1229 865; x_wconf 74' lang='lat' dir='ltr'><strong>Constantini</strong></span> <span class='ocrx_word' id='word_1_205' title='bbox 1243 839 1275 865; x_wconf 86' lang='lat' dir='ltr'><strong>de</strong></span> <span class='ocrx_word' id='word_1_206' title='bbox 1288 839 1420 880; x_wconf 62' lang='lat' dir='ltr'><strong>pietatem</strong></span> <span class='ocrx_word' id='word_1_207' title='bbox 1431 838 1523 870; x_wconf 76' lang='lat' dir='ltr'><strong>Deum,</strong></span> <span class='ocrx_word' id='word_1_208' title='bbox 1537 842 1560 864; x_wconf 78' lang='lat' dir='ltr'><strong>cl</strong></span> <span class='ocrx_word' id='word_1_209' title='bbox 1577 839 1608 865; x_wconf 79' lang='lat' dir='ltr'><strong>de</strong></span> <span class='ocrx_word' id='word_1_210' title='bbox 1624 838 1775 866; x_wconf 70' lang='lat' dir='ltr'><strong>Christiana</strong></span> 
     </span>
    </p>
   </div>
   <div class='ocr_carea' id='block_1_33' title="bbox 313 874 780 909">
    <p class='ocr_par' dir='ltr' id='par_1_33' title="bbox 313 874 780 909">
     <span class='ocr_line' id='line_1_33' title="bbox 313 874 780 909; baseline 0 -8"><span class='ocrx_word' id='word_1_211' title='bbox 313 874 394 907; x_wconf 76' lang='grc' dir='ltr'>θείας</span> <span class='ocrx_word' id='word_1_212' title='bbox 407 875 455 901; x_wconf 77' lang='grc' dir='ltr'><strong>καὶ</strong></span> <span class='ocrx_word' id='word_1_213' title='bbox 472 875 525 901; x_wconf 87' lang='grc' dir='ltr'>τοῦ</span> <span class='ocrx_word' id='word_1_214' title='bbox 538 874 780 909; x_wconf 79' lang='grc' dir='ltr'>Χριστιανισμοῦ.</span> 
     </span>
    </p>
   </div>
   <div class='ocr_carea' id='block_1_34' title="bbox 195 918 938 954">
    <p class='ocr_par' dir='ltr' id='par_1_34' title="bbox 195 918 938 954">
     <span class='ocr_line' id='line_1_34' title="bbox 195 918 938 954; baseline 0.001 -9"><span class='ocrx_word' id='word_1_215' title='bbox 195 927 205 944; x_wconf 79' lang='grc' dir='ltr'>ι</span> <span class='ocrx_word' id='word_1_216' title='bbox 231 918 353 954; x_wconf 84' lang='grc' dir='ltr'>Νικητὴς</span> <span class='ocrx_word' id='word_1_217' title='bbox 380 919 598 952; x_wconf 82' lang='grc' dir='ltr'>Κωνσταντῖνος,</span> <span class='ocrx_word' id='word_1_218' title='bbox 625 919 758 953; x_wconf 81' lang='grc' dir='ltr'><strong>Μέγιστος</strong></span> <span class='ocrx_word' id='word_1_219' title='bbox 789 919 938 953; x_wconf 78' lang='grc' dir='ltr'>Σεϐαστὸς,</span> 
     </span>
    </p>
   </div>
   <div class='ocr_carea' id='block_1_35' title="bbox 157 964 618 1000">
    <p class='ocr_par' dir='ltr' id='par_1_35' title="bbox 157 964 618 1000">
     <span class='ocr_line' id='line_1_35' title="bbox 157 964 618 1000; baseline 0.002 -9"><span class='ocrx_word' id='word_1_220' title='bbox 157 964 345 1000; x_wconf 76' lang='grc' dir='ltr'><strong>ὲπαρχεώταις</strong></span> <span class='ocrx_word' id='word_1_221' title='bbox 357 964 538 1000; x_wconf 74' lang='grc' dir='ltr'><strong>Παλαιστίνης</strong></span> <span class='ocrx_word' id='word_1_222' title='bbox 552 965 618 1000; x_wconf 78' lang='grc'>(63).</span> 
     </span>
    </p>
   </div>
   <div class='ocr_carea' id='block_1_36' title="bbox 195 1008 940 1049">
    <p class='ocr_par' dir='ltr' id='par_1_36' title="bbox 195 1008 940 1049">
     <span class='ocr_line' id='line_1_36' title="bbox 195 1008 940 1049; baseline 0.004 -13"><span class='ocrx_word' id='word_1_223' title='bbox 195 1019 204 1036; x_wconf 77' lang='grc' dir='ltr'>ι</span> <span class='ocrx_word' id='word_1_224' title='bbox 222 1008 276 1037; x_wconf 87' lang='grc' dir='ltr'><strong>Ἦν</strong></span> <span class='ocrx_word' id='word_1_225' title='bbox 296 1010 345 1045; x_wconf 83' lang='grc' dir='ltr'>μὲν</span> <span class='ocrx_word' id='word_1_226' title='bbox 361 1010 462 1038; x_wconf 81' lang='grc' dir='ltr'><strong>ἄνωθέν</strong></span> <span class='ocrx_word' id='word_1_227' title='bbox 478 1019 507 1038; x_wconf 85' lang='grc' dir='ltr'>τε</span> <span class='ocrx_word' id='word_1_228' title='bbox 523 1011 571 1039; x_wconf 76' lang='grc' dir='ltr'><strong>καὶ</strong></span> <span class='ocrx_word' id='word_1_229' title='bbox 588 1012 672 1039; x_wconf 87' lang='grc' dir='ltr'>πάλαι</span> <span class='ocrx_word' id='word_1_230' title='bbox 688 1012 762 1048; x_wconf 84' lang='grc' dir='ltr'>παρὰ</span> <span class='ocrx_word' id='word_1_231' title='bbox 779 1013 834 1044; x_wconf 84' lang='grc' dir='ltr'>τοῖς</span> <span class='ocrx_word' id='word_1_232' title='bbox 852 1013 940 1049; x_wconf 80' lang='grc' dir='ltr'><strong>ὀρθῶς</strong></span> 
     </span>
    </p>
   </div>
   <div class='ocr_carea' id='block_1_37' title="bbox 157 1055 940 1094">
    <p class='ocr_par' dir='ltr' id='par_1_37' title="bbox 157 1055 940 1094">
     <span class='ocr_line' id='line_1_37' title="bbox 157 1055 940 1094; baseline 0.004 -12"><span class='ocrx_word' id='word_1_233' title='bbox 157 1055 204 1083; x_wconf 79' lang='grc' dir='ltr'><strong>καὶ</strong></span> <span class='ocrx_word' id='word_1_234' title='bbox 218 1055 362 1091; x_wconf 80' lang='grc' dir='ltr'><strong>σωφρόνως</strong></span> <span class='ocrx_word' id='word_1_235' title='bbox 372 1056 435 1092; x_wconf 75' lang='grc' dir='ltr'>περὶ</span> <span class='ocrx_word' id='word_1_236' title='bbox 448 1057 494 1083; x_wconf 77' lang='grc' dir='ltr'><strong>τοῦ</strong></span> <span class='ocrx_word' id='word_1_237' title='bbox 509 1057 665 1093; x_wconf 79' lang='grc' dir='ltr'>Κρείττονος</span> <span class='ocrx_word' id='word_1_238' title='bbox 678 1057 844 1091; x_wconf 77' lang='grc' dir='ltr'><strong>δοξάζουσιν,</strong></span> <span class='ocrx_word' id='word_1_239' title='bbox 861 1058 940 1094; x_wconf 76' lang='grc' dir='ltr'>ἔκδη-</span> 
     </span>
    </p>
   </div>
   <div class='ocr_carea' id='block_1_38' title="bbox 155 1102 940 1140">
    <p class='ocr_par' dir='ltr' id='par_1_38' title="bbox 155 1102 940 1140">
     <span class='ocr_line' id='line_1_38' title="bbox 155 1102 940 1140; baseline 0.001 -11"><span class='ocrx_word' id='word_1_240' title='bbox 155 1103 201 1134; x_wconf 87' lang='grc' dir='ltr'><strong>λος</strong></span> <span class='ocrx_word' id='word_1_241' title='bbox 218 1103 234 1138; x_wconf 80' lang='grc' dir='ltr'><strong>ἡ</strong></span> <span class='ocrx_word' id='word_1_242' title='bbox 251 1102 375 1138; x_wconf 81' lang='grc' dir='ltr'><strong>διαφορὰ,</strong></span> <span class='ocrx_word' id='word_1_243' title='bbox 390 1103 436 1129; x_wconf 81' lang='grc' dir='ltr'><strong>καὶ</strong></span> <span class='ocrx_word' id='word_1_244' title='bbox 450 1104 539 1131; x_wconf 83' lang='grc' dir='ltr'>πᾶσαν</span> <span class='ocrx_word' id='word_1_245' title='bbox 550 1104 715 1139; x_wconf 82' lang='grc' dir='ltr'>ὰνείργουσα</span> <span class='ocrx_word' id='word_1_246' title='bbox 728 1103 783 1139; x_wconf 71' lang='grc'>(64)</span> <span class='ocrx_word' id='word_1_247' title='bbox 798 1104 940 1140; x_wconf 76' lang='grc' dir='ltr'>πόρρωθεν</span> 
     </span>
    </p>
   </div>
   <div class='ocr_carea' id='block_1_39' title="bbox 156 1148 939 1186">
    <p class='ocr_par' dir='ltr' id='par_1_39' title="bbox 156 1148 939 1186">
     <span class='ocr_line' id='line_1_39' title="bbox 156 1148 939 1186; baseline 0.001 -11"><span class='ocrx_word' id='word_1_248' title='bbox 156 1148 334 1184; x_wconf 79' lang='grc' dir='ltr'><strong>ἀμφιὸολίαν·</strong></span> <span class='ocrx_word' id='word_1_249' title='bbox 358 1149 413 1185; x_wconf 81' lang='grc' dir='ltr'><strong>ὅσῳ</strong></span> <span class='ocrx_word' id='word_1_250' title='bbox 430 1149 469 1184; x_wconf 84' lang='grc' dir='ltr'>τῷ</span> <span class='ocrx_word' id='word_1_251' title='bbox 493 1149 567 1185; x_wconf 83' lang='grc' dir='ltr'><strong>μέσῳ</strong></span> <span class='ocrx_word' id='word_1_252' title='bbox 592 1149 744 1185; x_wconf 83' lang='grc' dir='ltr'><strong>διήλλαττεν</strong></span> <span class='ocrx_word' id='word_1_253' title='bbox 766 1151 782 1185; x_wconf 87' lang='grc' dir='ltr'>ὴ</span> <span class='ocrx_word' id='word_1_254' title='bbox 807 1150 871 1184; x_wconf 74' lang='grc' dir='ltr'>περὶ</span> <span class='ocrx_word' id='word_1_255' title='bbox 891 1150 939 1186; x_wconf 81' lang='grc' dir='ltr'>τὴν</span> 
     </span>
    </p>
   </div>
   <div class='ocr_carea' id='block_1_40' title="bbox 157 1195 939 1232">
    <p class='ocr_par' dir='ltr' id='par_1_40' title="bbox 157 1195 939 1232">
     <span class='ocr_line' id='line_1_40' title="bbox 157 1195 939 1232; baseline 0.001 -10"><span class='ocrx_word' id='word_1_256' title='bbox 157 1196 381 1232; x_wconf 76' lang='grc' dir='ltr'>σεϐασμιωτάτην</span> <span class='ocrx_word' id='word_1_257' title='bbox 396 1195 442 1222; x_wconf 82' lang='grc' dir='ltr'><strong>τοῦ</strong></span> <span class='ocrx_word' id='word_1_258' title='bbox 462 1195 675 1231; x_wconf 84' lang='grc' dir='ltr'>Χριστιανισμοῦ</span> <span class='ocrx_word' id='word_1_259' title='bbox 693 1195 839 1231; x_wconf 80' lang='grc' dir='ltr'>Θεραπείαν</span> <span class='ocrx_word' id='word_1_260' title='bbox 861 1197 939 1231; x_wconf 83' lang='grc' dir='ltr'>ἀκρι-</span> 
     </span>
    </p>
   </div>
   <div class='ocr_carea' id='block_1_41' title="bbox 156 1240 940 1278">
    <p class='ocr_par' dir='ltr' id='par_1_41' title="bbox 156 1240 940 1278">
     <span class='ocr_line' id='line_1_41' title="bbox 156 1240 940 1278; baseline 0 -10"><span class='ocrx_word' id='word_1_261' title='bbox 156 1240 206 1278; x_wconf 76' lang='grc' dir='ltr'><strong>ϐὴς</strong></span> <span class='ocrx_word' id='word_1_262' title='bbox 223 1242 428 1278; x_wconf 83' lang='grc' dir='ltr'><strong>παρατήρησις,</strong></span> <span class='ocrx_word' id='word_1_263' title='bbox 445 1242 519 1277; x_wconf 87' lang='grc' dir='ltr'>παρὰ</span> <span class='ocrx_word' id='word_1_264' title='bbox 532 1242 594 1273; x_wconf 85' lang='grc' dir='ltr'>τοὺς</span> <span class='ocrx_word' id='word_1_265' title='bbox 609 1242 676 1277; x_wconf 82' lang='grc' dir='ltr'>πρὸς</span> <span class='ocrx_word' id='word_1_266' title='bbox 696 1242 780 1277; x_wconf 83' lang='grc' dir='ltr'>αὐτὴν</span> <span class='ocrx_word' id='word_1_267' title='bbox 794 1242 940 1269; x_wconf 75' lang='grc' dir='ltr'>ἐκπεπολε-</span> 
     </span>
    </p>
   </div>
   <div class='ocr_carea' id='block_1_42' title="bbox 158 1287 940 1323">
    <p class='ocr_par' dir='ltr' id='par_1_42' title="bbox 158 1287 940 1323">
     <span class='ocr_line' id='line_1_42' title="bbox 158 1287 940 1323; baseline 0 -9"><span class='ocrx_word' id='word_1_268' title='bbox 158 1287 299 1322; x_wconf 83' lang='grc' dir='ltr'><strong>μωμένους</strong></span> <span class='ocrx_word' id='word_1_269' title='bbox 312 1296 341 1314; x_wconf 82' lang='grc' dir='ltr'><strong>τε</strong></span> <span class='ocrx_word' id='word_1_270' title='bbox 358 1288 403 1314; x_wconf 70' lang='grc' dir='ltr'><strong>καὶ</strong></span> <span class='ocrx_word' id='word_1_271' title='bbox 419 1288 660 1323; x_wconf 81' lang='grc' dir='ltr'><strong>καταφρονητικῶς</strong></span> <span class='ocrx_word' id='word_1_272' title='bbox 673 1287 781 1323; x_wconf 74' lang='grc' dir='ltr'>ἔχοντας</span> <span class='ocrx_word' id='word_1_273' title='bbox 794 1288 860 1322; x_wconf 74' lang='grc'>(65).</span> <span class='ocrx_word' id='word_1_274' title='bbox 873 1288 940 1314; x_wconf 78' lang='grc' dir='ltr'><strong>Νυνὶ</strong></span> 
     </span>
    </p>
   </div>
   <div class='ocr_carea' id='block_1_43' title="bbox 155 1333 939 1370">
    <p class='ocr_par' dir='ltr' id='par_1_43' title="bbox 155 1333 939 1370">
     <span class='ocr_line' id='line_1_43' title="bbox 155 1333 939 1370; baseline -0.001 -9"><span class='ocrx_word' id='word_1_275' title='bbox 155 1333 184 1361; x_wconf 79' lang='grc' dir='ltr'><strong>δὲ</strong></span> <span class='ocrx_word' id='word_1_276' title='bbox 198 1334 244 1361; x_wconf 77' lang='grc' dir='ltr'>καὶ</span> <span class='ocrx_word' id='word_1_277' title='bbox 258 1335 358 1370; x_wconf 82' lang='grc' dir='ltr'>μᾶλλον</span> <span class='ocrx_word' id='word_1_278' title='bbox 372 1334 596 1370; x_wconf 82' lang='grc' dir='ltr'>ἐπιφανεστέραις</span> <span class='ocrx_word' id='word_1_279' title='bbox 611 1335 725 1370; x_wconf 79' lang='grc' dir='ltr'>πράξεσι</span> <span class='ocrx_word' id='word_1_280' title='bbox 742 1335 789 1361; x_wconf 76' lang='grc' dir='ltr'>καὶ</span> <span class='ocrx_word' id='word_1_281' title='bbox 801 1333 939 1370; x_wconf 83' lang='grc' dir='ltr'><strong>κατορθώ-</strong></span> 
     </span>
    </p>
   </div>
   <div class='ocr_carea' id='block_1_44' title="bbox 157 1380 941 1416">
    <p class='ocr_par' dir='ltr' id='par_1_44' title="bbox 157 1380 941 1416">
     <span class='ocr_line' id='line_1_44' title="bbox 157 1380 941 1416; baseline -0.001 -9"><span class='ocrx_word' id='word_1_282' title='bbox 157 1388 222 1413; x_wconf 85' lang='grc' dir='ltr'><strong>μασι</strong></span> <span class='ocrx_word' id='word_1_283' title='bbox 232 1380 429 1416; x_wconf 79' lang='grc' dir='ltr'><strong>λαμπροτέροις</strong></span> <span class='ocrx_word' id='word_1_284' title='bbox 442 1381 472 1407; x_wconf 83' lang='grc' dir='ltr'><strong><em>τό</em></strong></span> <span class='ocrx_word' id='word_1_285' title='bbox 494 1389 522 1406; x_wconf 86' lang='grc' dir='ltr'><strong>τε</strong></span> <span class='ocrx_word' id='word_1_286' title='bbox 534 1380 583 1415; x_wconf 84' lang='grc' dir='ltr'><strong>τῆς</strong></span> <span class='ocrx_word' id='word_1_287' title='bbox 595 1380 757 1415; x_wconf 71' lang='grc' dir='ltr'>ἀμφιϐολίας</span> <span class='ocrx_word' id='word_1_288' title='bbox 769 1380 864 1414; x_wconf 79' lang='grc' dir='ltr'><strong>ἄλογον</strong></span> <span class='ocrx_word' id='word_1_289' title='bbox 875 1381 941 1407; x_wconf 79' lang='grc' dir='ltr'>ἀπο-</span> 
     </span>
    </p>
   </div>
   <div class='ocr_carea' id='block_1_45' title="bbox 155 1425 940 1462">
    <p class='ocr_par' dir='ltr' id='par_1_45' title="bbox 155 1425 940 1462">
     <span class='ocr_line' id='line_1_45' title="bbox 155 1425 940 1462; baseline 0 -9"><span class='ocrx_word' id='word_1_290' title='bbox 155 1425 296 1457; x_wconf 78' lang='grc' dir='ltr'>δέδεικται,</span> <span class='ocrx_word' id='word_1_291' title='bbox 308 1427 354 1453; x_wconf 77' lang='grc' dir='ltr'>καὶ</span> <span class='ocrx_word' id='word_1_292' title='bbox 365 1427 450 1462; x_wconf 81' lang='grc' dir='ltr'><strong>ὁπόση</strong></span> <span class='ocrx_word' id='word_1_293' title='bbox 462 1427 503 1458; x_wconf 85' lang='grc' dir='ltr'><strong>τίς</strong></span> <span class='ocrx_word' id='word_1_294' title='bbox 513 1427 585 1453; x_wconf 82' lang='grc' dir='ltr'>ἐστιν</span> <span class='ocrx_word' id='word_1_295' title='bbox 597 1427 613 1461; x_wconf 86' lang='grc' dir='ltr'>ἡ</span> <span class='ocrx_word' id='word_1_296' title='bbox 625 1426 671 1453; x_wconf 80' lang='grc' dir='ltr'><strong>τοῦ</strong></span> <span class='ocrx_word' id='word_1_297' title='bbox 689 1426 805 1462; x_wconf 80' lang='grc' dir='ltr'>μεγάλου</span> <span class='ocrx_word' id='word_1_298' title='bbox 818 1426 884 1453; x_wconf 82' lang='grc' dir='ltr'>Θεοῦ</span> <span class='ocrx_word' id='word_1_299' title='bbox 897 1426 940 1453; x_wconf 85' lang='grc' dir='ltr'><strong>δύ-</strong></span> 
     </span>
    </p>
   </div>
   <div class='ocr_carea' id='block_1_46' title="bbox 155 1471 938 1508">
    <p class='ocr_par' dir='ltr' id='par_1_46' title="bbox 155 1471 938 1508">
     <span class='ocr_line' id='line_1_46' title="bbox 155 1471 938 1508; baseline -0.001 -9"><span class='ocrx_word' id='word_1_300' title='bbox 155 1480 246 1507; x_wconf 85' lang='grc' dir='ltr'>ναμις,</span> <span class='ocrx_word' id='word_1_301' title='bbox 258 1472 339 1508; x_wconf 80' lang='grc' dir='ltr'>ἡνίκα</span> <span class='ocrx_word' id='word_1_302' title='bbox 349 1474 405 1504; x_wconf 79' lang='grc' dir='ltr'>τοῖς</span> <span class='ocrx_word' id='word_1_303' title='bbox 422 1472 470 1507; x_wconf 80' lang='grc' dir='ltr'><strong>μὲν</strong></span> <span class='ocrx_word' id='word_1_304' title='bbox 484 1471 585 1503; x_wconf 82' lang='grc' dir='ltr'>πιστῶς</span> <span class='ocrx_word' id='word_1_305' title='bbox 597 1472 641 1498; x_wconf 83' lang='grc' dir='ltr'>τὸν</span> <span class='ocrx_word' id='word_1_306' title='bbox 657 1472 819 1507; x_wconf 82' lang='grc' dir='ltr'>σεμνότατον</span> <span class='ocrx_word' id='word_1_307' title='bbox 832 1472 938 1499; x_wconf 77' lang='grc' dir='ltr'>σέϐουσι</span> 
     </span>
    </p>
   </div>
   <div class='ocr_carea' id='block_1_47' title="bbox 154 1517 938 1554">
    <p class='ocr_par' dir='ltr' id='par_1_47' title="bbox 154 1517 938 1554">
     <span class='ocr_line' id='line_1_47' title="bbox 154 1517 938 1554; baseline 0 -10"><span class='ocrx_word' id='word_1_308' title='bbox 154 1518 253 1553; x_wconf 84' lang='grc' dir='ltr'>νόμον,</span> <span class='ocrx_word' id='word_1_309' title='bbox 276 1519 323 1544; x_wconf 80' lang='grc' dir='ltr'><strong>καὶ</strong></span> <span class='ocrx_word' id='word_1_310' title='bbox 348 1518 430 1554; x_wconf 77' lang='grc' dir='ltr'>μηδὲν</span> <span class='ocrx_word' id='word_1_311' title='bbox 451 1518 504 1544; x_wconf 85' lang='grc' dir='ltr'>τῶν</span> <span class='ocrx_word' id='word_1_312' title='bbox 526 1518 761 1553; x_wconf 76' lang='grc' dir='ltr'><strong>παραγγελμάτων</strong></span> <span class='ocrx_word' id='word_1_313' title='bbox 788 1517 938 1554; x_wconf 83' lang='grc' dir='ltr'>παραλύειν</span> 
     </span>
    </p>
   </div>
   <div class='ocr_carea' id='block_1_48' title="bbox 155 1564 938 1600">
    <p class='ocr_par' dir='ltr' id='par_1_48' title="bbox 155 1564 938 1600">
     <span class='ocr_line' id='line_1_48' title="bbox 155 1564 938 1600; baseline 0 -10"><span class='ocrx_word' id='word_1_314' title='bbox 155 1564 298 1599; x_wconf 81' lang='grc' dir='ltr'><strong>τολμῶσιν,</strong></span> <span class='ocrx_word' id='word_1_315' title='bbox 319 1564 420 1599; x_wconf 83' lang='grc' dir='ltr'><strong>ἄφθονα</strong></span> <span class='ocrx_word' id='word_1_316' title='bbox 440 1564 474 1591; x_wconf 79' lang='grc' dir='ltr'>τὰ</span> <span class='ocrx_word' id='word_1_317' title='bbox 489 1564 589 1599; x_wconf 81' lang='grc' dir='ltr'>ἀγαθὰ,</span> <span class='ocrx_word' id='word_1_318' title='bbox 606 1565 652 1590; x_wconf 77' lang='grc' dir='ltr'><strong>καὶ</strong></span> <span class='ocrx_word' id='word_1_319' title='bbox 667 1564 734 1600; x_wconf 78' lang='grc' dir='ltr'>πρὸς</span> <span class='ocrx_word' id='word_1_320' title='bbox 749 1564 798 1596; x_wconf 74' lang='grc' dir='ltr'>τὰς</span> <span class='ocrx_word' id='word_1_321' title='bbox 814 1565 938 1600; x_wconf 78' lang='grc' dir='ltr'><strong>ἐγχειρή-</strong></span> 
     </span>
    </p>
   </div>
   <div class='ocr_carea' id='block_1_49' title="bbox 951 1503 972 1531">
    <p class='ocr_par' dir='ltr' id='par_1_49' title="bbox 951 1503 972 1531">
     <span class='ocr_line' id='line_1_49' title="bbox 951 1503 972 1531; baseline 0 0"><span class='ocrx_word' id='word_1_322' title='bbox 951 1503 972 1531; x_wconf 88' lang='lat' dir='ltr'><strong>C</strong></span> 
     </span>
    </p>
   </div>
   <div class='ocr_carea' id='block_1_50' title="bbox 156 1610 939 1646">
    <p class='ocr_par' dir='ltr' id='par_1_50' title="bbox 156 1610 939 1646">
     <span class='ocr_line' id='line_1_50' title="bbox 156 1610 939 1646; baseline 0 -10"><span class='ocrx_word' id='word_1_323' title='bbox 156 1619 212 1642; x_wconf 80' lang='grc' dir='ltr'>σεις</span> <span class='ocrx_word' id='word_1_324' title='bbox 228 1611 302 1645; x_wconf 74' lang='grc' dir='ltr'>ἰσχὺς</span> <span class='ocrx_word' id='word_1_325' title='bbox 316 1611 424 1646; x_wconf 83' lang='grc' dir='ltr'><strong>ἀρίστη,</strong></span> <span class='ocrx_word' id='word_1_326' title='bbox 443 1610 489 1637; x_wconf 79' lang='grc' dir='ltr'>καὶ</span> <span class='ocrx_word' id='word_1_327' title='bbox 511 1611 568 1646; x_wconf 83' lang='grc' dir='ltr'>μετ’</span> <span class='ocrx_word' id='word_1_328' title='bbox 589 1610 703 1636; x_wconf 79' lang='grc' dir='ltr'>ἐλπίδων</span> <span class='ocrx_word' id='word_1_329' title='bbox 724 1610 832 1644; x_wconf 82' lang='grc' dir='ltr'>ἀγαθῶν</span> <span class='ocrx_word' id='word_1_330' title='bbox 853 1612 939 1637; x_wconf 85' lang='grc' dir='ltr'>ἀπαν-</span> 
     </span>
    </p>
   </div>
   <div class='ocr_carea' id='block_1_51' title="bbox 154 1656 939 1693">
    <p class='ocr_par' dir='ltr' id='par_1_51' title="bbox 154 1656 939 1693">
     <span class='ocr_line' id='line_1_51' title="bbox 154 1656 939 1693; baseline 0 -10"><span class='ocrx_word' id='word_1_331' title='bbox 154 1657 239 1688; x_wconf 80' lang='grc' dir='ltr'>τῶσα,</span> <span class='ocrx_word' id='word_1_332' title='bbox 254 1659 309 1688; x_wconf 86' lang='grc' dir='ltr'>τοῖς</span> <span class='ocrx_word' id='word_1_333' title='bbox 323 1657 351 1684; x_wconf 85' lang='grc' dir='ltr'><strong>δὲ</strong></span> <span class='ocrx_word' id='word_1_334' title='bbox 364 1657 412 1691; x_wconf 82' lang='grc' dir='ltr'>τὴν</span> <span class='ocrx_word' id='word_1_335' title='bbox 431 1657 515 1692; x_wconf 82' lang='grc' dir='ltr'><strong>ἀσεόἦ</strong></span> <span class='ocrx_word' id='word_1_336' title='bbox 530 1656 641 1684; x_wconf 78' lang='grc' dir='ltr'>λαϐοῦσι</span> <span class='ocrx_word' id='word_1_337' title='bbox 655 1656 784 1692; x_wconf 86' lang='grc' dir='ltr'>γνώμην,</span> <span class='ocrx_word' id='word_1_338' title='bbox 804 1657 871 1693; x_wconf 87' lang='grc' dir='ltr'>πρὸς</span> <span class='ocrx_word' id='word_1_339' title='bbox 890 1657 939 1689; x_wconf 80' lang='grc' dir='ltr'>τὰς</span> 
     </span>
    </p>
   </div>
   <div class='ocr_carea' id='block_1_52' title="bbox 156 1702 939 1739">
    <p class='ocr_par' dir='ltr' id='par_1_52' title="bbox 156 1702 939 1739">
     <span class='ocr_line' id='line_1_52' title="bbox 156 1702 939 1739; baseline -0.001 -10"><span class='ocrx_word' id='word_1_340' title='bbox 156 1703 327 1739; x_wconf 81' lang='grc' dir='ltr'>προαιρέσεις</span> <span class='ocrx_word' id='word_1_341' title='bbox 340 1702 476 1730; x_wconf 79' lang='grc' dir='ltr'><strong>ἀκόλουθα</strong></span> <span class='ocrx_word' id='word_1_342' title='bbox 498 1703 544 1729; x_wconf 75' lang='grc' dir='ltr'><strong>καὶ</strong></span> <span class='ocrx_word' id='word_1_343' title='bbox 562 1703 595 1729; x_wconf 79' lang='grc' dir='ltr'>τὰ</span> <span class='ocrx_word' id='word_1_344' title='bbox 614 1702 793 1729; x_wconf 72' lang='grc' dir='ltr'>ἀποϐαίνοντα</span> <span class='ocrx_word' id='word_1_345' title='bbox 810 1702 876 1738; x_wconf 85' lang='grc'>(66),</span> <span class='ocrx_word' id='word_1_346' title='bbox 891 1702 939 1734; x_wconf 86' lang='grc' dir='ltr'>Τίς</span> 
     </span>
    </p>
   </div>
   <div class='ocr_carea' id='block_1_53' title="bbox 154 1748 937 1786">
    <p class='ocr_par' dir='ltr' id='par_1_53' title="bbox 154 1748 937 1786">
     <span class='ocr_line' id='line_1_53' title="bbox 154 1748 937 1786; baseline -0.001 -10"><span class='ocrx_word' id='word_1_347' title='bbox 154 1749 209 1786; x_wconf 84' lang='grc' dir='ltr'>γὰρ</span> <span class='ocrx_word' id='word_1_348' title='bbox 220 1748 322 1783; x_wconf 75' lang='grc' dir='ltr'>ἀγαθοῦ</span> <span class='ocrx_word' id='word_1_349' title='bbox 337 1749 413 1785; x_wconf 84' lang='grc' dir='ltr'>τύχοι</span> <span class='ocrx_word' id='word_1_350' title='bbox 424 1749 505 1782; x_wconf 75' lang='grc' dir='ltr'>τινὸς,</span> <span class='ocrx_word' id='word_1_351' title='bbox 526 1749 571 1775; x_wconf 78' lang='grc' dir='ltr'>τὸν</span> <span class='ocrx_word' id='word_1_352' title='bbox 582 1749 635 1775; x_wconf 87' lang='grc' dir='ltr'>τῶν</span> <span class='ocrx_word' id='word_1_353' title='bbox 650 1749 759 1783; x_wconf 85' lang='grc' dir='ltr'>ἀγαθῶν</span> <span class='ocrx_word' id='word_1_354' title='bbox 775 1749 859 1775; x_wconf 75' lang='grc' dir='ltr'>αἴτιον</span> <span class='ocrx_word' id='word_1_355' title='bbox 871 1749 937 1775; x_wconf 83' lang='grc' dir='ltr'>Θεὸν</span> 
     </span>
    </p>
   </div>
   <div class='ocr_carea' id='block_1_54' title="bbox 154 1795 935 1832">
    <p class='ocr_par' dir='ltr' id='par_1_54' title="bbox 154 1795 935 1832">
     <span class='ocr_line' id='line_1_54' title="bbox 154 1795 935 1832; baseline 0 -10"><span class='ocrx_word' id='word_1_356' title='bbox 154 1795 216 1822; x_wconf 79' lang='grc' dir='ltr'>οὒτε</span> <span class='ocrx_word' id='word_1_357' title='bbox 230 1796 379 1832; x_wconf 74' lang='grc' dir='ltr'><strong>γνωρίζων,</strong></span> <span class='ocrx_word' id='word_1_358' title='bbox 397 1795 459 1823; x_wconf 75' lang='grc' dir='ltr'>οὔτε</span> <span class='ocrx_word' id='word_1_359' title='bbox 474 1795 507 1822; x_wconf 80' lang='grc' dir='ltr'>τὰ</span> <span class='ocrx_word' id='word_1_360' title='bbox 530 1796 700 1832; x_wconf 86' lang='grc' dir='ltr'>προσήκοντα</span> <span class='ocrx_word' id='word_1_361' title='bbox 720 1795 807 1822; x_wconf 79' lang='grc' dir='ltr'>σέϐειν</span> <span class='ocrx_word' id='word_1_362' title='bbox 820 1796 935 1828; x_wconf 81' lang='grc' dir='ltr'><strong>ὲθέλων;</strong></span> 
     </span>
    </p>
   </div>
   <div class='ocr_carea' id='block_1_55' title="bbox 154 1840 879 1878">
    <p class='ocr_par' dir='ltr' id='par_1_55' title="bbox 154 1840 879 1878">
     <span class='ocr_line' id='line_1_55' title="bbox 154 1840 879 1878; baseline -0.001 -10"><span class='ocrx_word' id='word_1_363' title='bbox 154 1842 248 1869; x_wconf 85' lang='grc' dir='ltr'>Πίστιν</span> <span class='ocrx_word' id='word_1_364' title='bbox 261 1842 289 1868; x_wconf 79' lang='grc' dir='ltr'><strong>δὲ</strong></span> <span class='ocrx_word' id='word_1_365' title='bbox 301 1842 339 1878; x_wconf 84' lang='grc' dir='ltr'>τῷ</span> <span class='ocrx_word' id='word_1_366' title='bbox 352 1842 408 1878; x_wconf 87' lang='grc'>(67)</span> <span class='ocrx_word' id='word_1_367' title='bbox 423 1841 529 1877; x_wconf 80' lang='grc' dir='ltr'>ῥηθέντι</span> <span class='ocrx_word' id='word_1_368' title='bbox 542 1841 589 1868; x_wconf 72' lang='grc' dir='ltr'><strong>καὶ</strong></span> <span class='ocrx_word' id='word_1_369' title='bbox 600 1840 634 1867; x_wconf 83' lang='grc' dir='ltr'>τὰ</span> <span class='ocrx_word' id='word_1_370' title='bbox 651 1840 718 1877; x_wconf 76' lang='grc' dir='ltr'>ἔργα</span> <span class='ocrx_word' id='word_1_371' title='bbox 733 1841 850 1868; x_wconf 83' lang='grc' dir='ltr'>δίδωσιν.</span> <span class='ocrx_word' id='word_1_372' title='bbox 869 1851 879 1867; x_wconf 75' lang='grc' dir='ltr'>ι</span> 
     </span>
    </p>
   </div>
   <div class='ocr_carea' id='block_1_56' title="bbox 406 1886 684 1915">
    <p class='ocr_par' dir='ltr' id='par_1_56' title="bbox 406 1886 684 1915">
     <span class='ocr_line' id='line_1_56' title="bbox 406 1886 684 1915; baseline -0.004 0"><span class='ocrx_word' id='word_1_373' title='bbox 406 1886 601 1915; x_wconf 77' lang='grc' dir='ltr'><strong>ΚΕΦΑΛΑΙΟΝ</strong></span> <span class='ocrx_word' id='word_1_374' title='bbox 620 1888 684 1914; x_wconf 82' lang='lat' dir='ltr'><strong>KE&#39;.</strong></span> 
     </span>
    </p>
   </div>
   <div class='ocr_carea' id='block_1_57' title="bbox 283 1932 809 1967">
    <p class='ocr_par' dir='ltr' id='par_1_57' title="bbox 283 1932 809 1967">
     <span class='ocr_line' id='line_1_57' title="bbox 283 1932 809 1967; baseline 0 -8"><span class='ocrx_word' id='word_1_375' title='bbox 283 1933 461 1967; x_wconf 81' lang='grc' dir='ltr'><strong>’Υπόδειτμιι</strong></span> <span class='ocrx_word' id='word_1_376' title='bbox 478 1933 512 1959; x_wconf 81' lang='grc' dir='ltr'><strong>ἐκ</strong></span> <span class='ocrx_word' id='word_1_377' title='bbox 529 1932 664 1961; x_wconf 75' lang='grc' dir='ltr'>παλαιῶν</span> <span class='ocrx_word' id='word_1_378' title='bbox 682 1934 809 1967; x_wconf 82' lang='grc' dir='ltr'><strong>χρόνων.</strong></span> 
     </span>
    </p>
   </div>
   <div class='ocr_carea' id='block_1_58' title="bbox 191 1978 935 2015">
    <p class='ocr_par' dir='ltr' id='par_1_58' title="bbox 191 1978 935 2015">
     <span class='ocr_line' id='line_1_58' title="bbox 191 1978 935 2015; baseline 0.003 -11"><span class='ocrx_word' id='word_1_379' title='bbox 191 1987 200 2004; x_wconf 76' lang='grc' dir='ltr'>ι</span> <span class='ocrx_word' id='word_1_380' title='bbox 215 1979 246 2006; x_wconf 81' lang='grc' dir='ltr'><strong>Εἰ</strong></span> <span class='ocrx_word' id='word_1_381' title='bbox 260 1978 325 2005; x_wconf 76' lang='grc' dir='ltr'>νοῦν</span> <span class='ocrx_word' id='word_1_382' title='bbox 338 1987 380 2010; x_wconf 86' lang='grc' dir='ltr'><strong>τις</strong></span> <span class='ocrx_word' id='word_1_383' title='bbox 394 1979 434 2010; x_wconf 84' lang='grc' dir='ltr'>εἰς</span> <span class='ocrx_word' id='word_1_384' title='bbox 452 1978 514 2010; x_wconf 79' lang='grc' dir='ltr'>τοὺς</span> <span class='ocrx_word' id='word_1_385' title='bbox 530 1978 632 2005; x_wconf 83' lang='grc' dir='ltr'>ἄνωθεν</span> <span class='ocrx_word' id='word_1_386' title='bbox 655 1979 703 2005; x_wconf 75' lang='grc' dir='ltr'><strong>καὶ</strong></span> <span class='ocrx_word' id='word_1_387' title='bbox 726 1979 766 2010; x_wconf 84' lang='grc' dir='ltr'><strong>είς</strong></span> <span class='ocrx_word' id='word_1_388' title='bbox 776 1978 855 2015; x_wconf 82' lang='grc' dir='ltr'>δεῦρο</span> <span class='ocrx_word' id='word_1_389' title='bbox 880 1978 935 2014; x_wconf 90' lang='grc'>(68)</span> 
     </span>
    </p>
   </div>
   <div class='ocr_carea' id='block_1_59' title="bbox 190 2037 940 2073">
    <p class='ocr_par' dir='ltr' id='par_1_59' title="bbox 190 2037 940 2073">
     <span class='ocr_line' id='line_1_59' title="bbox 190 2037 940 2073; baseline -0.001 -8"><span class='ocrx_word' id='word_1_390' title='bbox 190 2038 231 2073; x_wconf 81' lang='grc'>(61</span> <span class='ocrx_word' id='word_1_391' title='bbox 237 2037 327 2073; x_wconf 84' lang='lat' dir='ltr'><strong>)Vulg.</strong></span> <span class='ocrx_word' id='word_1_392' title='bbox 338 2037 448 2070; x_wconf 82' lang='grc' dir='ltr'>Μάθοις</span> <span class='ocrx_word' id='word_1_393' title='bbox 454 2037 509 2072; x_wconf 77' lang='grc' dir='ltr'>γὰρ</span> <span class='ocrx_word' id='word_1_394' title='bbox 521 2037 574 2064; x_wconf 87' lang='grc' dir='ltr'><strong>τοῦ</strong></span> <span class='ocrx_word' id='word_1_395' title='bbox 581 2037 673 2072; x_wconf 75' lang='grc' dir='ltr'>λόγου</span> <span class='ocrx_word' id='word_1_396' title='bbox 681 2037 737 2071; x_wconf 76' lang='grc' dir='ltr'><strong>τὴν</strong></span> <span class='ocrx_word' id='word_1_397' title='bbox 743 2038 861 2072; x_wconf 78' lang='grc' dir='ltr'><strong>ἀρετήν.</strong></span> <span class='ocrx_word' id='word_1_398' title='bbox 871 2037 940 2064; x_wconf 87' lang='lat' dir='ltr'><strong>Latt-</strong></span> 
     </span>
    </p>
   </div>
   <div class='ocr_carea' id='block_1_60' title="bbox 154 2073 937 2106">
    <p class='ocr_par' dir='ltr' id='par_1_60' title="bbox 154 2073 937 2106">
     <span class='ocr_line' id='line_1_60' title="bbox 154 2073 937 2106; baseline -0.001 -5"><span class='ocrx_word' id='word_1_399' title='bbox 154 2074 199 2101; x_wconf 90' lang='lat' dir='ltr'><strong>dat</strong></span> <span class='ocrx_word' id='word_1_400' title='bbox 209 2073 340 2101; x_wconf 86' lang='lat' dir='ltr'><strong>Eusebius</strong></span> <span class='ocrx_word' id='word_1_401' title='bbox 351 2073 521 2106; x_wconf 85' lang='lat' dir='ltr'><strong>imperatoris</strong></span> <span class='ocrx_word' id='word_1_402' title='bbox 529 2073 697 2100; x_wconf 84' lang='lat' dir='ltr'><strong>Constantini</strong></span> <span class='ocrx_word' id='word_1_403' title='bbox 705 2073 900 2106; x_wconf 84' lang='lat' dir='ltr'><strong>eloquentiam.</strong></span> <span class='ocrx_word' id='word_1_404' title='bbox 912 2073 937 2099; x_wconf 91' lang='lat' dir='ltr'><strong>id</strong></span> 
     </span>
    </p>
   </div>
   <div class='ocr_carea' id='block_1_61' title="bbox 153 2108 935 2143">
    <p class='ocr_par' dir='ltr' id='par_1_61' title="bbox 153 2108 935 2143">
     <span class='ocr_line' id='line_1_61' title="bbox 153 2108 935 2143; baseline -0.004 -7"><span class='ocrx_word' id='word_1_405' title='bbox 153 2109 226 2136; x_wconf 92' lang='lat' dir='ltr'><strong>enim</strong></span> <span class='ocrx_word' id='word_1_406' title='bbox 243 2109 397 2143; x_wconf 83' lang='lat' dir='ltr'><strong>signiﬁcant</strong></span> <span class='ocrx_word' id='word_1_407' title='bbox 412 2108 469 2135; x_wconf 56' lang='lat' dir='ltr'><strong>haec</strong></span> <span class='ocrx_word' id='word_1_408' title='bbox 489 2108 582 2135; x_wconf 89' lang='lat' dir='ltr'><strong>verba.</strong></span> <span class='ocrx_word' id='word_1_409' title='bbox 613 2108 648 2143; x_wconf 73' lang='lat' dir='ltr'><strong>At</strong></span> <span class='ocrx_word' id='word_1_410' title='bbox 671 2108 935 2142; x_wconf 90' lang='lat' dir='ltr'><strong>Christophorsonus</strong></span> 
     </span>
    </p>
   </div>
   <div class='ocr_carea' id='block_1_62' title="bbox 154 2142 932 2179">
    <p class='ocr_par' dir='ltr' id='par_1_62' title="bbox 154 2142 932 2179">
     <span class='ocr_line' id='line_1_62' title="bbox 154 2142 932 2179; baseline -0.003 -8"><span class='ocrx_word' id='word_1_411' title='bbox 154 2144 253 2179; x_wconf 77' lang='lat' dir='ltr'><strong>legisse</strong></span> <span class='ocrx_word' id='word_1_412' title='bbox 272 2142 394 2179; x_wconf 33' lang='lat' dir='ltr'><strong>’videtur,</strong></span> <span class='ocrx_word' id='word_1_413' title='bbox 405 2142 452 2169; x_wconf 80' lang='grc' dir='ltr'>τοῦ</span> <span class='ocrx_word' id='word_1_414' title='bbox 468 2142 700 2179; x_wconf 23' lang='grc' dir='ltr'><strong>ήμετέρουλλόγου</strong></span> <span class='ocrx_word' id='word_1_415' title='bbox 720 2142 768 2179; x_wconf 80' lang='grc' dir='ltr'>τὴν</span> <span class='ocrx_word' id='word_1_416' title='bbox 793 2143 932 2179; x_wconf 75' lang='grc' dir='ltr'><strong>ἀλήθειαν.</strong></span> 
     </span>
    </p>
   </div>
   <div class='ocr_carea' id='block_1_63' title="bbox 1314 873 1449 907">
    <p class='ocr_par' dir='ltr' id='par_1_63' title="bbox 1314 873 1449 907">
     <span class='ocr_line' id='line_1_63' title="bbox 1314 873 1449 907; baseline 0 -8"><span class='ocrx_word' id='word_1_417' title='bbox 1314 873 1449 907; x_wconf 80' lang='lat' dir='ltr'><strong>religione.</strong></span> 
     </span>
    </p>
   </div>
   <div class='ocr_carea' id='block_1_64' title="bbox 1029 917 1777 955">
    <p class='ocr_par' dir='ltr' id='par_1_64' title="bbox 1029 917 1777 955">
     <span class='ocr_line' id='line_1_64' title="bbox 1029 917 1777 955; baseline 0.005 -11"><span class='ocrx_word' id='word_1_418' title='bbox 1029 927 1038 943; x_wconf 83' lang='grc' dir='ltr'>ι</span> <span class='ocrx_word' id='word_1_419' title='bbox 1056 917 1148 945; x_wconf 84' lang='lat' dir='ltr'><strong>Victor</strong></span> <span class='ocrx_word' id='word_1_420' title='bbox 1166 917 1361 945; x_wconf 87' lang='lat' dir='ltr'><strong>Constantinus</strong></span> <span class='ocrx_word' id='word_1_421' title='bbox 1387 918 1520 945; x_wconf 78' lang='lat' dir='ltr'><strong>Maximus</strong></span> <span class='ocrx_word' id='word_1_422' title='bbox 1540 918 1694 954; x_wconf 76' lang='lat' dir='ltr'><strong>Augustus,</strong></span> <span class='ocrx_word' id='word_1_423' title='bbox 1717 928 1777 955; x_wconf 91' lang='lat' dir='ltr'><strong>pro-</strong></span> 
     </span>
    </p>
   </div>
   <div class='ocr_carea' id='block_1_65' title="bbox 990 964 1326 993">
    <p class='ocr_par' dir='ltr' id='par_1_65' title="bbox 990 964 1326 993">
     <span class='ocr_line' id='line_1_65' title="bbox 990 964 1326 993; baseline 0.003 -2"><span class='ocrx_word' id='word_1_424' title='bbox 990 964 1153 992; x_wconf 90' lang='lat' dir='ltr'><strong>vincialibus</strong></span> <span class='ocrx_word' id='word_1_425' title='bbox 1166 964 1326 993; x_wconf 60' lang='lat' dir='ltr'><strong>Palestina.</strong></span> 
     </span>
    </p>
   </div>
   <div class='ocr_carea' id='block_1_66' title="bbox 1027 1011 1775 1047">
    <p class='ocr_par' dir='ltr' id='par_1_66' title="bbox 1027 1011 1775 1047">
     <span class='ocr_line' id='line_1_66' title="bbox 1027 1011 1775 1047; baseline 0.004 -9"><span class='ocrx_word' id='word_1_426' title='bbox 1027 1021 1036 1037; x_wconf 75' lang='grc' dir='ltr'><strong>ι</strong></span> <span class='ocrx_word' id='word_1_427' title='bbox 1054 1011 1220 1047; x_wconf 80' lang='lat' dir='ltr'><strong>Iampridem</strong></span> <span class='ocrx_word' id='word_1_428' title='bbox 1238 1013 1306 1046; x_wconf 90' lang='lat' dir='ltr'><strong>apud</strong></span> <span class='ocrx_word' id='word_1_429' title='bbox 1325 1020 1370 1039; x_wconf 89' lang='lat' dir='ltr'><strong>eos</strong></span> <span class='ocrx_word' id='word_1_430' title='bbox 1384 1013 1431 1047; x_wconf 90' lang='lat' dir='ltr'><strong>qtti</strong></span> <span class='ocrx_word' id='word_1_431' title='bbox 1447 1017 1520 1040; x_wconf 82' lang='lat' dir='ltr'><strong>recte</strong></span> <span class='ocrx_word' id='word_1_432' title='bbox 1533 1018 1560 1040; x_wconf 93' lang='lat' dir='ltr'><strong>et</strong></span> <span class='ocrx_word' id='word_1_433' title='bbox 1590 1014 1727 1047; x_wconf 87' lang='lat' dir='ltr'><strong>sapienter</strong></span> <span class='ocrx_word' id='word_1_434' title='bbox 1742 1014 1775 1042; x_wconf 87' lang='lat' dir='ltr'><strong>de</strong></span> 
     </span>
    </p>
   </div>
   <div class='ocr_carea' id='block_1_67' title="bbox 990 1056 1774 1094">
    <p class='ocr_par' dir='ltr' id='par_1_67' title="bbox 990 1056 1774 1094">
     <span class='ocr_line' id='line_1_67' title="bbox 990 1056 1774 1094; baseline 0.005 -11"><span class='ocrx_word' id='word_1_435' title='bbox 990 1056 1046 1084; x_wconf 85' lang='lat' dir='ltr'><strong>Deo</strong></span> <span class='ocrx_word' id='word_1_436' title='bbox 1071 1058 1200 1091; x_wconf 85' lang='lat' dir='ltr'><strong>sentiunt,</strong></span> <span class='ocrx_word' id='word_1_437' title='bbox 1229 1058 1346 1085; x_wconf 84' lang='lat' dir='ltr'><strong>evidenti</strong></span> <span class='ocrx_word' id='word_1_438' title='bbox 1385 1059 1555 1091; x_wconf 87' lang='lat' dir='ltr'><strong>discrimine,</strong></span> <span class='ocrx_word' id='word_1_439' title='bbox 1591 1067 1645 1094; x_wconf 91' lang='lat' dir='ltr'><strong>quo</strong></span> <span class='ocrx_word' id='word_1_440' title='bbox 1683 1061 1774 1087; x_wconf 84' lang='lat' dir='ltr'><strong>omnis</strong></span> 
     </span>
    </p>
   </div>
   <div class='ocr_carea' id='block_1_68' title="bbox 990 1102 1775 1139">
    <p class='ocr_par' dir='ltr' id='par_1_68' title="bbox 990 1102 1775 1139">
     <span class='ocr_line' id='line_1_68' title="bbox 990 1102 1775 1139; baseline 0.005 -10"><span class='ocrx_word' id='word_1_441' title='bbox 990 1102 1123 1129; x_wconf 85' lang='lat' dir='ltr'><strong>dubitatio</strong></span> <span class='ocrx_word' id='word_1_442' title='bbox 1138 1108 1304 1135; x_wconf 85' lang='lat' dir='ltr'><strong>removetur,</strong></span> <span class='ocrx_word' id='word_1_443' title='bbox 1320 1104 1444 1138; x_wconf 85' lang='lat' dir='ltr'><strong>apparuit</strong></span> <span class='ocrx_word' id='word_1_444' title='bbox 1472 1109 1603 1139; x_wconf 87' lang='lat' dir='ltr'><strong>quantum</strong></span> <span class='ocrx_word' id='word_1_445' title='bbox 1632 1106 1775 1134; x_wconf 85' lang='lat' dir='ltr'><strong>interesset</strong></span> 
     </span>
    </p>
   </div>
   <div class='ocr_carea' id='block_1_69' title="bbox 990 1147 1774 1179">
    <p class='ocr_par' dir='ltr' id='par_1_69' title="bbox 990 1147 1774 1179">
     <span class='ocr_line' id='line_1_69' title="bbox 990 1147 1774 1179; baseline 0.008 -6"><span class='ocrx_word' id='word_1_446' title='bbox 990 1147 1059 1174; x_wconf 87' lang='lat' dir='ltr'><strong>inter</strong></span> <span class='ocrx_word' id='word_1_447' title='bbox 1072 1148 1207 1175; x_wconf 86' lang='lat' dir='ltr'><strong>studiosos</strong></span> <span class='ocrx_word' id='word_1_448' title='bbox 1222 1149 1411 1176; x_wconf 88' lang='lat' dir='ltr'><strong>observatores</strong></span> <span class='ocrx_word' id='word_1_449' title='bbox 1424 1150 1589 1177; x_wconf 76' lang='lat' dir='ltr'><strong>veneranda:</strong></span> <span class='ocrx_word' id='word_1_450' title='bbox 1604 1151 1774 1179; x_wconf 89' lang='lat' dir='ltr'><strong>Christiano-</strong></span> 
     </span>
    </p>
   </div>
   <div class='ocr_carea' id='block_1_70' title="bbox 990 1192 1775 1231">
    <p class='ocr_par' dir='ltr' id='par_1_70' title="bbox 990 1192 1775 1231">
     <span class='ocr_line' id='line_1_70' title="bbox 990 1192 1775 1231; baseline 0.008 -13"><span class='ocrx_word' id='word_1_451' title='bbox 990 1199 1048 1218; x_wconf 86' lang='lat' dir='ltr'><strong>rum</strong></span> <span class='ocrx_word' id='word_1_452' title='bbox 1067 1192 1216 1227; x_wconf 80' lang='lat' dir='ltr'><strong>religionis,</strong></span> <span class='ocrx_word' id='word_1_453' title='bbox 1231 1197 1258 1219; x_wconf 92' lang='lat' dir='ltr'><strong>et</strong></span> <span class='ocrx_word' id='word_1_454' title='bbox 1273 1193 1345 1221; x_wconf 88' lang='lat' dir='ltr'><strong>inter</strong></span> <span class='ocrx_word' id='word_1_455' title='bbox 1373 1193 1495 1228; x_wconf 83' lang='lat' dir='ltr'><strong>ejusdem</strong></span> <span class='ocrx_word' id='word_1_456' title='bbox 1524 1201 1724 1231; x_wconf 80' lang='lat' dir='ltr'><strong>oppugnatores</strong></span> <span class='ocrx_word' id='word_1_457' title='bbox 1746 1201 1775 1224; x_wconf 89' lang='lat' dir='ltr'><strong>et</strong></span> 
     </span>
    </p>
   </div>
   <div class='ocr_carea' id='block_1_71' title="bbox 989 1239 1774 1276">
    <p class='ocr_par' dir='ltr' id='par_1_71' title="bbox 989 1239 1774 1276">
     <span class='ocr_line' id='line_1_71' title="bbox 989 1239 1774 1276; baseline 0.006 -11"><span class='ocrx_word' id='word_1_458' title='bbox 989 1243 1199 1274; x_wconf 81' lang='lat' dir='ltr'><strong>contemptores.</strong></span> <span class='ocrx_word' id='word_1_459' title='bbox 1211 1239 1289 1266; x_wconf 76' lang='lat' dir='ltr'><strong>Nunc</strong></span> <span class='ocrx_word' id='word_1_460' title='bbox 1300 1247 1363 1268; x_wconf 88' lang='lat' dir='ltr'><strong>vero</strong></span> <span class='ocrx_word' id='word_1_461' title='bbox 1375 1240 1588 1268; x_wconf 87' lang='lat' dir='ltr'><strong>evidentioribus</strong></span> <span class='ocrx_word' id='word_1_462' title='bbox 1597 1244 1774 1276; x_wconf 78' lang='lat' dir='ltr'><strong>argumentis,</strong></span> 
     </span>
    </p>
   </div>
   <div class='ocr_carea' id='block_1_72' title="bbox 989 1287 1774 1321">
    <p class='ocr_par' dir='ltr' id='par_1_72' title="bbox 989 1287 1774 1321">
     <span class='ocr_line' id='line_1_72' title="bbox 989 1287 1774 1321; baseline 0.004 -8"><span class='ocrx_word' id='word_1_463' title='bbox 989 1291 1016 1313; x_wconf 85' lang='lat' dir='ltr'><strong>et</strong></span> <span class='ocrx_word' id='word_1_464' title='bbox 1033 1288 1112 1313; x_wconf 87' lang='lat' dir='ltr'><strong>rebus</strong></span> <span class='ocrx_word' id='word_1_465' title='bbox 1129 1288 1211 1321; x_wconf 79' lang='lat' dir='ltr'><strong>gestis</strong></span> <span class='ocrx_word' id='word_1_466' title='bbox 1225 1287 1308 1314; x_wconf 89' lang='lat' dir='ltr'><strong>mttlto</strong></span> <span class='ocrx_word' id='word_1_467' title='bbox 1326 1287 1529 1321; x_wconf 79' lang='lat' dir='ltr'><strong>illustrioribns,</strong></span> <span class='ocrx_word' id='word_1_468' title='bbox 1544 1293 1600 1315; x_wconf 92' lang='lat' dir='ltr'><strong>tum</strong></span> <span class='ocrx_word' id='word_1_469' title='bbox 1629 1290 1774 1316; x_wconf 83' lang='lat' dir='ltr'><strong>dubitatio-</strong></span> 
     </span>
    </p>
   </div>
   <div class='ocr_carea' id='block_1_73' title="bbox 991 1332 1772 1368">
    <p class='ocr_par' dir='ltr' id='par_1_73' title="bbox 991 1332 1772 1368">
     <span class='ocr_line' id='line_1_73' title="bbox 991 1332 1772 1368; baseline 0.005 -10"><span class='ocrx_word' id='word_1_470' title='bbox 991 1332 1032 1358; x_wconf 90' lang='lat' dir='ltr'><strong>nis</strong></span> <span class='ocrx_word' id='word_1_471' title='bbox 1047 1332 1130 1365; x_wconf 79' lang='lat' dir='ltr'><strong>ipsius</strong></span> <span class='ocrx_word' id='word_1_472' title='bbox 1145 1333 1310 1366; x_wconf 72' lang='lat' dir='ltr'><strong>absurditas,</strong></span> <span class='ocrx_word' id='word_1_473' title='bbox 1330 1338 1385 1360; x_wconf 90' lang='lat' dir='ltr'><strong>tum</strong></span> <span class='ocrx_word' id='word_1_474' title='bbox 1411 1339 1510 1368; x_wconf 79' lang='lat' dir='ltr'><strong>quanta</strong></span> <span class='ocrx_word' id='word_1_475' title='bbox 1539 1335 1575 1361; x_wconf 81' lang='lat' dir='ltr'><strong>sit</strong></span> <span class='ocrx_word' id='word_1_476' title='bbox 1599 1336 1696 1361; x_wconf 88' lang='lat' dir='ltr'><strong>summi</strong></span> <span class='ocrx_word' id='word_1_477' title='bbox 1726 1335 1772 1363; x_wconf 91' lang='lat' dir='ltr'><strong>Dei</strong></span> 
     </span>
    </p>
   </div>
   <div class='ocr_carea' id='block_1_74' title="bbox 989 1378 1771 1416">
    <p class='ocr_par' dir='ltr' id='par_1_74' title="bbox 989 1378 1771 1416">
     <span class='ocr_line' id='line_1_74' title="bbox 989 1378 1771 1416; baseline 0.005 -12"><span class='ocrx_word' id='word_1_478' title='bbox 989 1378 1121 1412; x_wconf 79' lang='lat' dir='ltr'><strong>polentia,</strong></span> <span class='ocrx_word' id='word_1_479' title='bbox 1137 1378 1304 1406; x_wconf 87' lang='lat' dir='ltr'><strong>declaratur.</strong></span> <span class='ocrx_word' id='word_1_480' title='bbox 1321 1380 1424 1414; x_wconf 72' lang='lat' dir='ltr'><strong>Quippe</strong></span> <span class='ocrx_word' id='word_1_481' title='bbox 1440 1380 1481 1407; x_wconf 89' lang='lat' dir='ltr'><strong>his</strong></span> <span class='ocrx_word' id='word_1_482' title='bbox 1500 1381 1607 1415; x_wconf 88' lang='lat' dir='ltr'><strong>quidem</strong></span> <span class='ocrx_word' id='word_1_483' title='bbox 1622 1382 1666 1416; x_wconf 81' lang='lat' dir='ltr'><strong>qui</strong></span> <span class='ocrx_word' id='word_1_484' title='bbox 1690 1390 1771 1409; x_wconf 82' lang='lat' dir='ltr'><strong>vene-</strong></span> 
     </span>
    </p>
   </div>
   <div class='ocr_carea' id='block_1_75' title="bbox 990 1424 1772 1462">
    <p class='ocr_par' dir='ltr' id='par_1_75' title="bbox 990 1424 1772 1462">
     <span class='ocr_line' id='line_1_75' title="bbox 990 1424 1772 1462; baseline 0.005 -12"><span class='ocrx_word' id='word_1_485' title='bbox 990 1424 1102 1451; x_wconf 82' lang='lat' dir='ltr'><strong>randam</strong></span> <span class='ocrx_word' id='word_1_486' title='bbox 1120 1424 1204 1459; x_wconf 82' lang='lat' dir='ltr'><strong>legem</strong></span> <span class='ocrx_word' id='word_1_487' title='bbox 1222 1425 1336 1452; x_wconf 78' lang='lat' dir='ltr'><strong>fideliter</strong></span> <span class='ocrx_word' id='word_1_488' title='bbox 1346 1426 1448 1458; x_wconf 81' lang='lat' dir='ltr'><strong>colunt,</strong></span> <span class='ocrx_word' id='word_1_489' title='bbox 1462 1426 1618 1461; x_wconf 84' lang='lat' dir='ltr'><strong>nullumque</strong></span> <span class='ocrx_word' id='word_1_490' title='bbox 1634 1427 1691 1462; x_wconf 82' lang='lat' dir='ltr'><strong>ejus</strong></span> <span class='ocrx_word' id='word_1_491' title='bbox 1704 1436 1772 1462; x_wconf 71' lang='lat' dir='ltr'><strong>pra:-</strong></span> 
     </span>
    </p>
   </div>
   <div class='ocr_carea' id='block_1_76' title="bbox 990 1471 1772 1504">
    <p class='ocr_par' dir='ltr' id='par_1_76' title="bbox 990 1471 1772 1504">
     <span class='ocr_line' id='line_1_76' title="bbox 990 1471 1772 1504; baseline 0.006 -8"><span class='ocrx_word' id='word_1_492' title='bbox 990 1475 1097 1504; x_wconf 87' lang='lat' dir='ltr'><strong>ceptunt</strong></span> <span class='ocrx_word' id='word_1_493' title='bbox 1112 1471 1213 1498; x_wconf 85' lang='lat' dir='ltr'><strong>audent</strong></span> <span class='ocrx_word' id='word_1_494' title='bbox 1233 1471 1390 1504; x_wconf 86' lang='lat' dir='ltr'><strong>dissolvere,</strong></span> <span class='ocrx_word' id='word_1_495' title='bbox 1412 1472 1532 1498; x_wconf 88' lang='lat' dir='ltr'><strong>omnium</strong></span> <span class='ocrx_word' id='word_1_496' title='bbox 1563 1473 1697 1500; x_wconf 91' lang='lat' dir='ltr'><strong>bonorum</strong></span> <span class='ocrx_word' id='word_1_497' title='bbox 1724 1482 1772 1501; x_wconf 84' lang='lat' dir='ltr'><strong>co-</strong></span> 
     </span>
    </p>
   </div>
   <div class='ocr_carea' id='block_1_77' title="bbox 988 1517 1773 1552">
    <p class='ocr_par' dir='ltr' id='par_1_77' title="bbox 988 1517 1773 1552">
     <span class='ocr_line' id='line_1_77' title="bbox 988 1517 1773 1552; baseline 0.004 -9"><span class='ocrx_word' id='word_1_498' title='bbox 988 1517 1043 1551; x_wconf 85' lang='lat' dir='ltr'><strong>pia,</strong></span> <span class='ocrx_word' id='word_1_499' title='bbox 1060 1521 1086 1544; x_wconf 87' lang='lat' dir='ltr'><strong>ct</strong></span> <span class='ocrx_word' id='word_1_500' title='bbox 1100 1517 1133 1543; x_wconf 88' lang='lat' dir='ltr'><strong>ad</strong></span> <span class='ocrx_word' id='word_1_501' title='bbox 1147 1524 1177 1544; x_wconf 90' lang='lat' dir='ltr'><strong>ea</strong></span> <span class='ocrx_word' id='word_1_502' title='bbox 1197 1525 1256 1550; x_wconf 68' lang='lat' dir='ltr'><strong>qua:</strong></span> <span class='ocrx_word' id='word_1_503' title='bbox 1284 1517 1401 1552; x_wconf 76' lang='lat' dir='ltr'><strong>aggressi</strong></span> <span class='ocrx_word' id='word_1_504' title='bbox 1427 1523 1490 1545; x_wconf 87' lang='lat' dir='ltr'><strong>sunt</strong></span> <span class='ocrx_word' id='word_1_505' title='bbox 1512 1519 1674 1552; x_wconf 74' lang='lat' dir='ltr'><strong>perficienda</strong></span> <span class='ocrx_word' id='word_1_506' title='bbox 1702 1520 1773 1547; x_wconf 76' lang='lat' dir='ltr'><strong>virus</strong></span> 
     </span>
    </p>
   </div>
   <div class='ocr_carea' id='block_1_78' title="bbox 990 1563 1773 1598">
    <p class='ocr_par' dir='ltr' id='par_1_78' title="bbox 990 1563 1773 1598">
     <span class='ocr_line' id='line_1_78' title="bbox 990 1563 1773 1598; baseline 0.005 -9"><span class='ocrx_word' id='word_1_507' title='bbox 990 1563 1091 1590; x_wconf 59' lang='lat' dir='ltr'><strong>idonea?</strong></span> <span class='ocrx_word' id='word_1_508' title='bbox 1108 1571 1168 1590; x_wconf 93' lang='lat' dir='ltr'><strong>cum</strong></span> <span class='ocrx_word' id='word_1_509' title='bbox 1181 1564 1252 1590; x_wconf 87' lang='lat' dir='ltr'><strong>bona</strong></span> <span class='ocrx_word' id='word_1_510' title='bbox 1269 1571 1316 1597; x_wconf 90' lang='lat' dir='ltr'><strong>spe</strong></span> <span class='ocrx_word' id='word_1_511' title='bbox 1330 1571 1361 1590; x_wconf 93' lang='lat' dir='ltr'><strong>ac</strong></span> <span class='ocrx_word' id='word_1_512' title='bbox 1372 1564 1471 1590; x_wconf 82' lang='lat' dir='ltr'><strong>ﬁducia</strong></span> <span class='ocrx_word' id='word_1_513' title='bbox 1487 1569 1643 1598; x_wconf 88' lang='lat' dir='ltr'><strong>suppetunt.</strong></span> <span class='ocrx_word' id='word_1_514' title='bbox 1661 1566 1695 1593; x_wconf 89' lang='lat' dir='ltr'><strong>lis</strong></span> <span class='ocrx_word' id='word_1_515' title='bbox 1708 1574 1773 1593; x_wconf 90' lang='lat' dir='ltr'><strong>vero</strong></span> 
     </span>
    </p>
   </div>
   <div class='ocr_carea' id='block_1_79' title="bbox 990 1602 1774 1645">
    <p class='ocr_par' dir='ltr' id='par_1_79' title="bbox 990 1602 1774 1645">
     <span class='ocr_line' id='line_1_79' title="bbox 990 1602 1774 1645; baseline 0.006 -10"><span class='ocrx_word' id='word_1_516' title='bbox 990 1609 1035 1644; x_wconf 88' lang='lat' dir='ltr'><strong>qui</strong></span> <span class='ocrx_word' id='word_1_517' title='bbox 1052 1610 1160 1643; x_wconf 79' lang='lat' dir='ltr'><strong>impiam</strong></span> <span class='ocrx_word' id='word_1_518' title='bbox 1173 1610 1337 1637; x_wconf 84' lang='lat' dir='ltr'><strong>sententiam</strong></span> <span class='ocrx_word' id='word_1_519' title='bbox 1358 1610 1474 1645; x_wconf 80' lang='lat' dir='ltr'><strong>amplexi</strong></span> <span class='ocrx_word' id='word_1_520' title='bbox 1492 1616 1566 1643; x_wconf 89' lang='lat' dir='ltr'><strong>sunt,</strong></span> <span class='ocrx_word' id='word_1_521' title='bbox 1582 1602 1774 1640; x_wconf 74' lang='lat' dir='ltr'><strong>convenientes</strong></span> 
     </span>
    </p>
   </div>
   <div class='ocr_carea' id='block_1_80' title="bbox 990 1648 1772 1692">
    <p class='ocr_par' dir='ltr' id='par_1_80' title="bbox 990 1648 1772 1692">
     <span class='ocr_line' id='line_1_80' title="bbox 990 1648 1772 1692; baseline 0.004 -10"><span class='ocrx_word' id='word_1_522' title='bbox 990 1663 1080 1683; x_wconf 89' lang='lat' dir='ltr'><strong>rerum</strong></span> <span class='ocrx_word' id='word_1_523' title='bbox 1095 1662 1208 1684; x_wconf 81' lang='lat' dir='ltr'><strong>eventus</strong></span> <span class='ocrx_word' id='word_1_524' title='bbox 1219 1657 1400 1691; x_wconf 66' lang='lat' dir='ltr'><strong>contigerunt.</strong></span> <span class='ocrx_word' id='word_1_525' title='bbox 1414 1656 1480 1683; x_wconf 87' lang='lat' dir='ltr'><strong>Nam</strong></span> <span class='ocrx_word' id='word_1_526' title='bbox 1497 1648 1560 1692; x_wconf 77' lang='lat' dir='ltr'><strong>quis</strong></span> <span class='ocrx_word' id='word_1_527' title='bbox 1574 1662 1626 1690; x_wconf 89' lang='lat' dir='ltr'><strong>est,</strong></span> <span class='ocrx_word' id='word_1_528' title='bbox 1642 1659 1700 1692; x_wconf 84' lang='lat' dir='ltr'><strong>qui,</strong></span> <span class='ocrx_word' id='word_1_529' title='bbox 1711 1666 1772 1686; x_wconf 92' lang='lat' dir='ltr'><strong>cum</strong></span> 
     </span>
    </p>
   </div>
   <div class='ocr_carea' id='block_1_81' title="bbox 990 1701 1774 1740">
    <p class='ocr_par' dir='ltr' id='par_1_81' title="bbox 990 1701 1774 1740">
     <span class='ocr_line' id='line_1_81' title="bbox 990 1701 1774 1740; baseline 0.005 -12"><span class='ocrx_word' id='word_1_530' title='bbox 990 1701 1074 1728; x_wconf 90' lang='lat' dir='ltr'><strong>Deum</strong></span> <span class='ocrx_word' id='word_1_531' title='bbox 1093 1702 1224 1729; x_wconf 89' lang='lat' dir='ltr'><strong>bonorum</strong></span> <span class='ocrx_word' id='word_1_532' title='bbox 1246 1708 1384 1730; x_wconf 84' lang='lat' dir='ltr'><strong>auctorem</strong></span> <span class='ocrx_word' id='word_1_533' title='bbox 1411 1712 1463 1730; x_wconf 79' lang='lat' dir='ltr'><strong>non</strong></span> <span class='ocrx_word' id='word_1_534' title='bbox 1488 1710 1627 1737; x_wconf 80' lang='lat' dir='ltr'><strong>agnoscat,</strong></span> <span class='ocrx_word' id='word_1_535' title='bbox 1656 1712 1774 1740; x_wconf 90' lang='lat' dir='ltr'><strong>eumque</strong></span> 
     </span>
    </p>
   </div>
   <div class='ocr_carea' id='block_1_82' title="bbox 990 1747 1772 1785">
    <p class='ocr_par' dir='ltr' id='par_1_82' title="bbox 990 1747 1772 1785">
     <span class='ocr_line' id='line_1_82' title="bbox 990 1747 1772 1785; baseline 0.005 -11"><span class='ocrx_word' id='word_1_536' title='bbox 990 1747 1082 1774; x_wconf 84' lang='lat' dir='ltr'><strong>debito</strong></span> <span class='ocrx_word' id='word_1_537' title='bbox 1098 1748 1171 1775; x_wconf 92' lang='lat' dir='ltr'><strong>cultu</strong></span> <span class='ocrx_word' id='word_1_538' title='bbox 1189 1749 1312 1775; x_wconf 88' lang='lat' dir='ltr'><strong>venerari</strong></span> <span class='ocrx_word' id='word_1_539' title='bbox 1339 1755 1458 1780; x_wconf 84' lang='lat' dir='ltr'><strong>recuset.</strong></span> <span class='ocrx_word' id='word_1_540' title='bbox 1480 1750 1625 1785; x_wconf 85' lang='lat' dir='ltr'><strong>quidquam</strong></span> <span class='ocrx_word' id='word_1_541' title='bbox 1642 1751 1703 1778; x_wconf 94' lang='lat' dir='ltr'><strong>boni</strong></span> <span class='ocrx_word' id='word_1_542' title='bbox 1722 1760 1772 1778; x_wconf 88' lang='lat' dir='ltr'><strong>nn-</strong></span> 
     </span>
    </p>
   </div>
   <div class='ocr_carea' id='block_1_83' title="bbox 989 1794 1774 1830">
    <p class='ocr_par' dir='ltr' id='par_1_83' title="bbox 989 1794 1774 1830">
     <span class='ocr_line' id='line_1_83' title="bbox 989 1794 1774 1830; baseline 0.008 -11"><span class='ocrx_word' id='word_1_543' title='bbox 989 1800 1070 1827; x_wconf 89' lang='lat' dir='ltr'><strong>quam</strong></span> <span class='ocrx_word' id='word_1_544' title='bbox 1085 1795 1286 1829; x_wconf 81' lang='lat' dir='ltr'><strong>consequatur?</strong></span> <span class='ocrx_word' id='word_1_545' title='bbox 1306 1794 1360 1822; x_wconf 83' lang='lat' dir='ltr'><strong>Res</strong></span> <span class='ocrx_word' id='word_1_546' title='bbox 1379 1800 1455 1822; x_wconf 86' lang='lat' dir='ltr'><strong>certe</strong></span> <span class='ocrx_word' id='word_1_547' title='bbox 1480 1795 1543 1830; x_wconf 68' lang='lat' dir='ltr'><strong>ipsa:</strong></span> <span class='ocrx_word' id='word_1_548' title='bbox 1567 1797 1648 1824; x_wconf 91' lang='lat' dir='ltr'><strong>dictis</strong></span> <span class='ocrx_word' id='word_1_549' title='bbox 1672 1795 1774 1825; x_wconf 84' lang='lat' dir='ltr'><strong>nostris</strong></span> 
     </span>
    </p>
   </div>
   <div class='ocr_carea' id='block_1_84' title="bbox 989 1838 1223 1866">
    <p class='ocr_par' dir='ltr' id='par_1_84' title="bbox 989 1838 1223 1866">
     <span class='ocr_line' id='line_1_84' title="bbox 989 1838 1223 1866; baseline 0 -1"><span class='ocrx_word' id='word_1_550' title='bbox 989 1838 1068 1865; x_wconf 80' lang='lat' dir='ltr'><strong>[idem</strong></span> <span class='ocrx_word' id='word_1_551' title='bbox 1086 1839 1198 1866; x_wconf 71' lang='lat' dir='ltr'><strong>faciunt.</strong></span> <span class='ocrx_word' id='word_1_552' title='bbox 1214 1849 1223 1866; x_wconf 75' lang='grc' dir='ltr'>ι</span> 
     </span>
    </p>
   </div>
   <div class='ocr_carea' id='block_1_85' title="bbox 1277 1885 1484 1913">
    <p class='ocr_par' dir='ltr' id='par_1_85' title="bbox 1277 1885 1484 1913">
     <span class='ocr_line' id='line_1_85' title="bbox 1277 1885 1484 1913; baseline 0 0"><span class='ocrx_word' id='word_1_553' title='bbox 1277 1886 1389 1913; x_wconf 74' lang='lat' dir='ltr'><strong>CAPUT</strong></span> <span class='ocrx_word' id='word_1_554' title='bbox 1403 1885 1484 1913; x_wconf 78' lang='lat' dir='ltr'><strong>XXV.</strong></span> 
     </span>
    </p>
   </div>
   <div class='ocr_carea' id='block_1_86' title="bbox 1134 1931 1630 1967">
    <p class='ocr_par' dir='ltr' id='par_1_86' title="bbox 1134 1931 1630 1967">
     <span class='ocr_line' id='line_1_86' title="bbox 1134 1931 1630 1967; baseline 0.004 -9"><span class='ocrx_word' id='word_1_555' title='bbox 1134 1931 1285 1964; x_wconf 65' lang='lat' dir='ltr'><strong>Exemplum</strong></span> <span class='ocrx_word' id='word_1_556' title='bbox 1300 1941 1315 1958; x_wconf 87' lang='lat' dir='ltr'><strong>a</strong></span> <span class='ocrx_word' id='word_1_557' title='bbox 1339 1933 1446 1959; x_wconf 70' lang='lat' dir='ltr'><strong>vetustis</strong></span> <span class='ocrx_word' id='word_1_558' title='bbox 1461 1933 1630 1967; x_wconf 80' lang='lat' dir='ltr'><strong>temporibus.</strong></span> 
     </span>
    </p>
   </div>
   <div class='ocr_carea' id='block_1_87' title="bbox 1028 1977 1772 2016">
    <p class='ocr_par' dir='ltr' id='par_1_87' title="bbox 1028 1977 1772 2016">
     <span class='ocr_line' id='line_1_87' title="bbox 1028 1977 1772 2016; baseline 0.005 -13"><span class='ocrx_word' id='word_1_559' title='bbox 1028 1977 1124 2011; x_wconf 79' lang='lat' dir='ltr'><strong>IQIIOd</strong></span> <span class='ocrx_word' id='word_1_560' title='bbox 1144 1979 1166 2004; x_wconf 88' lang='lat' dir='ltr'><strong>si</strong></span> <span class='ocrx_word' id='word_1_561' title='bbox 1188 1978 1248 2012; x_wconf 86' lang='lat' dir='ltr'><strong>quis</strong></span> <span class='ocrx_word' id='word_1_562' title='bbox 1263 1979 1401 2016; x_wconf 86' lang='lat' dir='ltr'><strong>superiora</strong></span> <span class='ocrx_word' id='word_1_563' title='bbox 1420 1983 1540 2012; x_wconf 81' lang='lat' dir='ltr'><strong>tempora</strong></span> <span class='ocrx_word' id='word_1_564' title='bbox 1556 1980 1588 2006; x_wconf 89' lang='lat' dir='ltr'><strong>ad</strong></span> <span class='ocrx_word' id='word_1_565' title='bbox 1614 1987 1664 2007; x_wconf 88' lang='lat' dir='ltr'><strong>nos</strong></span> <span class='ocrx_word' id='word_1_566' title='bbox 1688 1988 1772 2016; x_wconf 79' lang='lat' dir='ltr'><strong>usque</strong></span> 
     </span>
    </p>
   </div>
   <div class='ocr_carea' id='block_1_88' title="bbox 1025 2036 1769 2072">
    <p class='ocr_par' dir='ltr' id='par_1_88' title="bbox 1025 2036 1769 2072">
     <span class='ocr_line' id='line_1_88' title="bbox 1025 2036 1769 2072; baseline 0.001 -9"><span class='ocrx_word' id='word_1_567' title='bbox 1025 2037 1080 2072; x_wconf 85' lang='lat'><strong>(65)</strong></span> <span class='ocrx_word' id='word_1_568' title='bbox 1099 2037 1314 2070; x_wconf 76' lang='grc' dir='ltr'>Ἐπαρχεωταις</span> <span class='ocrx_word' id='word_1_569' title='bbox 1328 2036 1544 2072; x_wconf 70' lang='grc' dir='ltr'>Παλαιστίνης.</span> <span class='ocrx_word' id='word_1_570' title='bbox 1560 2036 1587 2063; x_wconf 88' lang='lat' dir='ltr'><strong>In</strong></span> <span class='ocrx_word' id='word_1_571' title='bbox 1609 2037 1701 2064; x_wconf 70' lang='lat' dir='ltr'><strong>codice</strong></span> <span class='ocrx_word' id='word_1_572' title='bbox 1715 2037 1769 2064; x_wconf 79' lang='lat' dir='ltr'><strong>Me-</strong></span> 
     </span>
    </p>
   </div>
   <div class='ocr_carea' id='block_1_89' title="bbox 989 2071 1769 2107">
    <p class='ocr_par' dir='ltr' id='par_1_89' title="bbox 989 2071 1769 2107">
     <span class='ocr_line' id='line_1_89' title="bbox 989 2071 1769 2107; baseline 0.001 -8"><span class='ocrx_word' id='word_1_573' title='bbox 989 2071 1073 2099; x_wconf 64' lang='lat' dir='ltr'><strong>dicaeo</strong></span> <span class='ocrx_word' id='word_1_574' title='bbox 1093 2072 1222 2105; x_wconf 79' lang='lat' dir='ltr'><strong>scriptum</strong></span> <span class='ocrx_word' id='word_1_575' title='bbox 1248 2072 1336 2098; x_wconf 87' lang='lat' dir='ltr'><strong>inveni</strong></span> <span class='ocrx_word' id='word_1_576' title='bbox 1369 2071 1552 2107; x_wconf 79' lang='grc' dir='ltr'>ὲποιρχιώταις</span> <span class='ocrx_word' id='word_1_577' title='bbox 1575 2072 1769 2105; x_wconf 82' lang='grc' dir='ltr'>παλαιστινοῖς.</span> 
     </span>
    </p>
   </div>
   <div class='ocr_carea' id='block_1_90' title="bbox 987 2106 1770 2140">
    <p class='ocr_par' dir='ltr' id='par_1_90' title="bbox 987 2106 1770 2140">
     <span class='ocr_line' id='line_1_90' title="bbox 987 2106 1770 2140; baseline 0 -6"><span class='ocrx_word' id='word_1_578' title='bbox 987 2106 1072 2134; x_wconf 83' lang='lat' dir='ltr'><strong>Porro</strong></span> <span class='ocrx_word' id='word_1_579' title='bbox 1083 2106 1117 2132; x_wconf 83' lang='lat' dir='ltr'><strong>ab</strong></span> <span class='ocrx_word' id='word_1_580' title='bbox 1130 2106 1170 2132; x_wconf 85' lang='lat' dir='ltr'><strong>itis</strong></span> <span class='ocrx_word' id='word_1_581' title='bbox 1184 2107 1271 2132; x_wconf 82' lang='lat' dir='ltr'><strong>verbis</strong></span> <span class='ocrx_word' id='word_1_582' title='bbox 1296 2114 1356 2140; x_wconf 83' lang='lat' dir='ltr'><strong>cap.</strong></span> <span class='ocrx_word' id='word_1_583' title='bbox 1382 2106 1567 2138; x_wconf 38' lang='lat' dir='ltr'><strong>24&#39;tuehoavi,</strong></span> <span class='ocrx_word' id='word_1_584' title='bbox 1581 2112 1770 2135; x_wconf 74' lang='lat' dir='ltr'><strong>auctontatcnt</strong></span> 
     </span>
    </p>
   </div>
   <div class='ocr_carea' id='block_1_91' title="bbox 992 2140 1770 2174">
    <p class='ocr_par' dir='ltr' id='par_1_91' title="bbox 992 2140 1770 2174">
     <span class='ocr_line' id='line_1_91' title="bbox 992 2140 1770 2174; baseline 0.001 -5"><span class='ocrx_word' id='word_1_585' title='bbox 992 2148 1100 2169; x_wconf 79' lang='lat' dir='ltr'><strong>secutus</strong></span> <span class='ocrx_word' id='word_1_586' title='bbox 1113 2141 1191 2168; x_wconf 82' lang='lat' dir='ltr'><strong>codd.</strong></span> <span class='ocrx_word' id='word_1_587' title='bbox 1204 2140 1279 2174; x_wconf 72' lang='lat' dir='ltr'><strong>Regii</strong></span> <span class='ocrx_word' id='word_1_588' title='bbox 1302 2147 1330 2168; x_wconf 84' lang='lat' dir='ltr'><strong>et</strong></span> <span class='ocrx_word' id='word_1_589' title='bbox 1361 2141 1456 2169; x_wconf 86' lang='lat' dir='ltr'><strong>Fnket.</strong></span> <span class='ocrx_word' id='word_1_590' title='bbox 1480 2142 1510 2169; x_wconf 83' lang='lat' dir='ltr'><strong>In</strong></span> <span class='ocrx_word' id='word_1_591' title='bbox 1531 2142 1666 2169; x_wconf 85' lang='lat' dir='ltr'><strong>veteribus</strong></span> <span class='ocrx_word' id='word_1_592' title='bbox 1688 2144 1770 2170; x_wconf 87' lang='lat' dir='ltr'><strong>etiam</strong></span> 
     </span>
    </p>
   </div>
   <div class='ocr_carea' id='block_1_92' title="bbox 155 2175 936 2215">
    <p class='ocr_par' dir='ltr' id='par_1_92' title="bbox 155 2175 933 2215">
     <span class='ocr_line' id='line_1_92' title="bbox 155 2175 933 2215; baseline -0.005 -8"><span class='ocrx_word' id='word_1_593' title='bbox 155 2175 333 2215; x_wconf 69' lang='lat' dir='ltr'><strong>scribendum</strong></span> <span class='ocrx_word' id='word_1_594' title='bbox 346 2175 429 2215; x_wconf 79' lang='lat' dir='ltr'><strong>etiam</strong></span> <span class='ocrx_word' id='word_1_595' title='bbox 446 2175 595 2215; x_wconf 56' lang='grc' dir='ltr'><strong>οξϊμάθὸις</strong></span> <span class='ocrx_word' id='word_1_596' title='bbox 606 2177 628 2204; x_wconf 78' lang='grc' dir='ltr'><strong>δ’</strong></span> <span class='ocrx_word' id='word_1_597' title='bbox 646 2175 689 2211; x_wconf 76' lang='grc' dir='ltr'><strong>ἄν,</strong></span> <span class='ocrx_word' id='word_1_598' title='bbox 707 2183 736 2205; x_wconf 80' lang='grc' dir='ltr'>ιιι.</span> <span class='ocrx_word' id='word_1_599' title='bbox 747 2175 876 2215; x_wconf 62' lang='lat' dir='ltr'><strong>adlatus</strong></span> <span class='ocrx_word' id='word_1_600' title='bbox 892 2178 933 2215; x_wconf 79' lang='lat' dir='ltr'><strong>sui</strong></span> 
     </span>
    </p>
   </div>
   <div class='ocr_carea' id='block_1_93' title="bbox 990 2175 1425 2215">
    <p class='ocr_par' dir='ltr' id='par_1_93' title="bbox 990 2176 1425 2215">
     <span class='ocr_line' id='line_1_93' title="bbox 990 2176 1425 2215; baseline 0.002 -13"><span class='ocrx_word' id='word_1_601' title='bbox 990 2177 1215 2215; x_wconf 70' lang='lat' dir='ltr'><strong>schedis__le_gttur</strong></span> <span class='ocrx_word' id='word_1_602' title='bbox 1231 2176 1425 2215; x_wconf 47' lang='grc' dir='ltr'>ὲπαρχιιὲταις.</span> 
     </span>
    </p>
   </div>
   <div class='ocr_carea' id='block_1_94' title="bbox 153 2213 930 2248">
    <p class='ocr_par' dir='ltr' id='par_1_94' title="bbox 153 2213 930 2248">
     <span class='ocr_line' id='line_1_94' title="bbox 153 2213 930 2248; baseline -0.004 -6"><span class='ocrx_word' id='word_1_603' title='bbox 153 2214 255 2242; x_wconf 87' lang='lat' dir='ltr'><strong>codicis</strong></span> <span class='ocrx_word' id='word_1_604' title='bbox 278 2213 432 2241; x_wconf 88' lang='lat' dir='ltr'><strong>emendavit</strong></span> <span class='ocrx_word' id='word_1_605' title='bbox 458 2213 610 2240; x_wconf 85' lang='lat' dir='ltr'><strong>Turnebus.</strong></span> <span class='ocrx_word' id='word_1_606' title='bbox 630 2214 718 2248; x_wconf 76' lang='lat' dir='ltr'><strong>Atque</strong></span> <span class='ocrx_word' id='word_1_607' title='bbox 739 2214 776 2241; x_wconf 87' lang='lat' dir='ltr'><strong>ita</strong></span> <span class='ocrx_word' id='word_1_608' title='bbox 792 2213 891 2248; x_wconf 86' lang='lat' dir='ltr'><strong>legitur</strong></span> <span class='ocrx_word' id='word_1_609' title='bbox 904 2213 930 2239; x_wconf 92' lang='lat' dir='ltr'><strong>in</strong></span> 
     </span>
    </p>
   </div>
   <div class='ocr_carea' id='block_1_95' title="bbox 153 2248 931 2277">
    <p class='ocr_par' dir='ltr' id='par_1_95' title="bbox 153 2248 931 2277">
     <span class='ocr_line' id='line_1_95' title="bbox 153 2248 931 2277; baseline -0.004 0"><span class='ocrx_word' id='word_1_610' title='bbox 153 2257 219 2277; x_wconf 82' lang='lat' dir='ltr'><strong>mss.</strong></span> <span class='ocrx_word' id='word_1_611' title='bbox 239 2249 379 2276; x_wconf 87' lang='lat' dir='ltr'><strong>codicibus</strong></span> <span class='ocrx_word' id='word_1_612' title='bbox 392 2248 459 2275; x_wconf 83' lang='lat' dir='ltr'><strong>Fnk.</strong></span> <span class='ocrx_word' id='word_1_613' title='bbox 474 2253 501 2275; x_wconf 90' lang='lat' dir='ltr'><strong>et</strong></span> <span class='ocrx_word' id='word_1_614' title='bbox 523 2249 586 2275; x_wconf 83' lang='lat' dir='ltr'><strong>Sav.</strong></span> <span class='ocrx_word' id='word_1_615' title='bbox 608 2248 691 2276; x_wconf 85' lang='lat' dir='ltr'><strong>Porro</strong></span> <span class='ocrx_word' id='word_1_616' title='bbox 715 2249 749 2276; x_wconf 86' lang='lat' dir='ltr'><strong>ab</strong></span> <span class='ocrx_word' id='word_1_617' title='bbox 772 2249 813 2276; x_wconf 90' lang='lat' dir='ltr'><strong>his</strong></span> <span class='ocrx_word' id='word_1_618' title='bbox 839 2248 931 2276; x_wconf 87' lang='lat' dir='ltr'><strong>verbis</strong></span> 
     </span>
    </p>
   </div>
   <div class='ocr_carea' id='block_1_96' title="bbox 154 2283 931 2318">
    <p class='ocr_par' dir='ltr' id='par_1_96' title="bbox 154 2283 931 2318">
     <span class='ocr_line' id='line_1_96' title="bbox 154 2283 931 2318; baseline -0.001 -7"><span class='ocrx_word' id='word_1_619' title='bbox 154 2284 297 2312; x_wconf 82' lang='lat' dir='ltr'><strong>inchoatur</strong></span> <span class='ocrx_word' id='word_1_620' title='bbox 310 2291 370 2318; x_wconf 86' lang='lat' dir='ltr'><strong>cap.</strong></span> <span class='ocrx_word' id='word_1_621' title='bbox 385 2283 434 2315; x_wconf 77' lang='grc'><strong>24,</strong></span> <span class='ocrx_word' id='word_1_622' title='bbox 454 2289 509 2310; x_wconf 93' lang='lat' dir='ltr'><strong>tum</strong></span> <span class='ocrx_word' id='word_1_623' title='bbox 525 2284 551 2310; x_wconf 91' lang='lat' dir='ltr'><strong>in</strong></span> <span class='ocrx_word' id='word_1_624' title='bbox 568 2284 660 2311; x_wconf 89' lang='lat' dir='ltr'><strong>codice</strong></span> <span class='ocrx_word' id='word_1_625' title='bbox 672 2284 753 2316; x_wconf 83' lang='lat' dir='ltr'><strong>Fuk.,</strong></span> <span class='ocrx_word' id='word_1_626' title='bbox 771 2288 828 2311; x_wconf 84' lang='lat' dir='ltr'><strong>tutu</strong></span> <span class='ocrx_word' id='word_1_627' title='bbox 842 2284 869 2311; x_wconf 96' lang='lat' dir='ltr'><strong>in</strong></span> <span class='ocrx_word' id='word_1_628' title='bbox 883 2290 931 2310; x_wconf 89' lang='lat' dir='ltr'><strong>ve-</strong></span> 
     </span>
    </p>
   </div>
   <div class='ocr_carea' id='block_1_97' title="bbox 154 2319 383 2347">
    <p class='ocr_par' dir='ltr' id='par_1_97' title="bbox 154 2319 383 2347">
     <span class='ocr_line' id='line_1_97' title="bbox 154 2319 383 2347; baseline -0.013 0"><span class='ocrx_word' id='word_1_629' title='bbox 154 2319 255 2347; x_wconf 82' lang='lat' dir='ltr'><strong>teribus</strong></span> <span class='ocrx_word' id='word_1_630' title='bbox 268 2319 383 2346; x_wconf 79' lang='lat' dir='ltr'><strong>scltedis.</strong></span> 
     </span>
    </p>
   </div>
   <div class='ocr_carea' id='block_1_98' title="bbox 189 2353 932 2389">
    <p class='ocr_par' dir='ltr' id='par_1_98' title="bbox 189 2353 932 2389">
     <span class='ocr_line' id='line_1_98' title="bbox 189 2353 932 2389; baseline 0 -8"><span class='ocrx_word' id='word_1_631' title='bbox 189 2354 247 2389; x_wconf 74' lang='lat'><strong>(62)</strong></span> <span class='ocrx_word' id='word_1_632' title='bbox 273 2355 304 2380; x_wconf 91' lang='lat'><strong>&#39;0</strong></span> <span class='ocrx_word' id='word_1_633' title='bbox 318 2353 357 2387; x_wconf 84' lang='grc' dir='ltr'><strong>δὴ</strong></span> <span class='ocrx_word' id='word_1_634' title='bbox 372 2354 410 2388; x_wconf 81' lang='grc' dir='ltr'>τῇ</span> <span class='ocrx_word' id='word_1_635' title='bbox 425 2354 573 2389; x_wconf 80' lang='grc' dir='ltr'><strong>παρούσῃ.</strong></span> <span class='ocrx_word' id='word_1_636' title='bbox 589 2354 616 2381; x_wconf 89' lang='lat' dir='ltr'><strong>lu</strong></span> <span class='ocrx_word' id='word_1_637' title='bbox 634 2354 727 2381; x_wconf 88' lang='lat' dir='ltr'><strong>codice</strong></span> <span class='ocrx_word' id='word_1_638' title='bbox 748 2353 816 2381; x_wconf 73' lang='lat' dir='ltr'><strong>Fuit.</strong></span> <span class='ocrx_word' id='word_1_639' title='bbox 835 2353 932 2381; x_wconf 83' lang='lat' dir='ltr'><strong>scribi-</strong></span> 
     </span>
    </p>
   </div>
   <div class='ocr_carea' id='block_1_99' title="bbox 154 2389 931 2426">
    <p class='ocr_par' dir='ltr' id='par_1_99' title="bbox 154 2389 931 2426">
     <span class='ocr_line' id='line_1_99' title="bbox 154 2389 931 2426; baseline -0.003 -9"><span class='ocrx_word' id='word_1_640' title='bbox 154 2393 198 2417; x_wconf 92' lang='lat' dir='ltr'><strong>tur</strong></span> <span class='ocrx_word' id='word_1_641' title='bbox 209 2389 227 2416; x_wconf 75' lang='grc' dir='ltr'><strong>ει</strong></span> <span class='ocrx_word' id='word_1_642' title='bbox 240 2390 273 2425; x_wconf 82' lang='grc' dir='ltr'>τῇ</span> <span class='ocrx_word' id='word_1_643' title='bbox 291 2389 415 2426; x_wconf 85' lang='grc' dir='ltr'><strong>παρούσῃ</strong></span> <span class='ocrx_word' id='word_1_644' title='bbox 425 2410 432 2422; x_wconf 90' lang='grc'><em>,</em></span> <span class='ocrx_word' id='word_1_645' title='bbox 456 2391 590 2426; x_wconf 82' lang='lat' dir='ltr'><strong>quomodo</strong></span> <span class='ocrx_word' id='word_1_646' title='bbox 604 2391 684 2416; x_wconf 88' lang='lat' dir='ltr'><strong>etiam</strong></span> <span class='ocrx_word' id='word_1_647' title='bbox 704 2389 879 2426; x_wconf 81' lang='lat' dir='ltr'><strong>Genevenses</strong></span> <span class='ocrx_word' id='word_1_648' title='bbox 904 2389 931 2415; x_wconf 92' lang='lat' dir='ltr'><strong>in</strong></span> 
     </span>
    </p>
   </div>
   <div class='ocr_carea' id='block_1_100' title="bbox 153 2424 932 2459">
    <p class='ocr_par' dir='ltr' id='par_1_100' title="bbox 153 2424 932 2459">
     <span class='ocr_line' id='line_1_100' title="bbox 153 2424 932 2459; baseline -0.003 -7"><span class='ocrx_word' id='word_1_649' title='bbox 153 2425 313 2459; x_wconf 85' lang='lat' dir='ltr'><strong>quibusdam</strong></span> <span class='ocrx_word' id='word_1_650' title='bbox 329 2424 468 2453; x_wconf 67' lang='lat' dir='ltr'><strong>codicibus</strong></span> <span class='ocrx_word' id='word_1_651' title='bbox 485 2424 536 2459; x_wconf 86' lang='lat' dir='ltr'><strong>legi</strong></span> <span class='ocrx_word' id='word_1_652' title='bbox 553 2425 727 2451; x_wconf 87' lang='lat' dir='ltr'><strong>adnotarunt.</strong></span> <span class='ocrx_word' id='word_1_653' title='bbox 750 2424 850 2451; x_wconf 89' lang='lat' dir='ltr'><strong>Verum</strong></span> <span class='ocrx_word' id='word_1_654' title='bbox 873 2424 932 2451; x_wconf 56' lang='lat' dir='ltr'><strong>haec</strong></span> 
     </span>
    </p>
   </div>
   <div class='ocr_carea' id='block_1_101' title="bbox 153 2459 931 2495">
    <p class='ocr_par' dir='ltr' id='par_1_101' title="bbox 153 2459 931 2495">
     <span class='ocr_line' id='line_1_101' title="bbox 153 2459 931 2495; baseline -0.003 -7"><span class='ocrx_word' id='word_1_655' title='bbox 153 2461 286 2494; x_wconf 83' lang='lat' dir='ltr'><strong>scriptura</strong></span> <span class='ocrx_word' id='word_1_656' title='bbox 304 2459 369 2487; x_wconf 88' lang='lat' dir='ltr'><strong>l&#39;erri</strong></span> <span class='ocrx_word' id='word_1_657' title='bbox 386 2467 438 2487; x_wconf 93' lang='lat' dir='ltr'><strong>non</strong></span> <span class='ocrx_word' id='word_1_658' title='bbox 453 2464 549 2495; x_wconf 87' lang='lat' dir='ltr'><strong>potest.</strong></span> <span class='ocrx_word' id='word_1_659' title='bbox 571 2459 697 2493; x_wconf 83' lang='lat' dir='ltr'><strong>Sequitur</strong></span> <span class='ocrx_word' id='word_1_660' title='bbox 708 2460 779 2487; x_wconf 90' lang='lat' dir='ltr'><strong>enim</strong></span> <span class='ocrx_word' id='word_1_661' title='bbox 794 2459 931 2495; x_wconf 82' lang='grc' dir='ltr'>προσῆκον</span> 
     </span>
    </p>
   </div>
   <div class='ocr_carea' id='block_1_102' title="bbox 154 2495 932 2530">
    <p class='ocr_par' dir='ltr' id='par_1_102' title="bbox 154 2495 932 2530">
     <span class='ocr_line' id='line_1_102' title="bbox 154 2495 932 2530; baseline -0.001 -8"><span class='ocrx_word' id='word_1_662' title='bbox 154 2496 180 2522; x_wconf 93' lang='lat' dir='ltr'><strong>in</strong></span> <span class='ocrx_word' id='word_1_663' title='bbox 201 2495 341 2530; x_wconf 84' lang='lat' dir='ltr'><strong>singulari.</strong></span> <span class='ocrx_word' id='word_1_664' title='bbox 368 2495 468 2522; x_wconf 89' lang='lat' dir='ltr'><strong>Deinde</strong></span> <span class='ocrx_word' id='word_1_665' title='bbox 497 2495 627 2522; x_wconf 76' lang='lat' dir='ltr'><strong>Eusebius</strong></span> <span class='ocrx_word' id='word_1_666' title='bbox 655 2496 763 2522; x_wconf 87' lang='lat' dir='ltr'><strong>unicam</strong></span> <span class='ocrx_word' id='word_1_667' title='bbox 786 2495 830 2522; x_wconf 86' lang='lat' dir='ltr'><strong>hic</strong></span> <span class='ocrx_word' id='word_1_668' title='bbox 852 2495 932 2522; x_wconf 85' lang='lat' dir='ltr'><strong>all&#39;ert</strong></span> 
     </span>
    </p>
   </div>
   <div class='ocr_carea' id='block_1_103' title="bbox 151 2530 932 2565">
    <p class='ocr_par' dir='ltr' id='par_1_103' title="bbox 151 2530 932 2565">
     <span class='ocr_line' id='line_1_103' title="bbox 151 2530 932 2565; baseline -0.003 -8"><span class='ocrx_word' id='word_1_669' title='bbox 151 2530 322 2558; x_wconf 75' lang='lat' dir='ltr'><strong>Constantini</strong></span> <span class='ocrx_word' id='word_1_670' title='bbox 335 2530 565 2562; x_wconf 85' lang='lat' dir='ltr'><strong>constitutionem,</strong></span> <span class='ocrx_word' id='word_1_671' title='bbox 575 2537 634 2556; x_wconf 91' lang='lat' dir='ltr'><strong>eam</strong></span> <span class='ocrx_word' id='word_1_672' title='bbox 643 2530 746 2557; x_wconf 80' lang='lat' dir='ltr'><strong>scilicet</strong></span> <span class='ocrx_word' id='word_1_673' title='bbox 756 2538 816 2565; x_wconf 63' lang='lat' dir='ltr'><strong>quae</strong></span> <span class='ocrx_word' id='word_1_674' title='bbox 825 2531 857 2556; x_wconf 81' lang='lat' dir='ltr'><strong>ad</strong></span> <span class='ocrx_word' id='word_1_675' title='bbox 870 2537 932 2563; x_wconf 85' lang='lat' dir='ltr'><strong>pro-</strong></span> 
     </span>
    </p>
   </div>
   <div class='ocr_carea' id='block_1_104' title="bbox 152 2565 932 2599">
    <p class='ocr_par' dir='ltr' id='par_1_104' title="bbox 152 2565 932 2599">
     <span class='ocr_line' id='line_1_104' title="bbox 152 2565 932 2599; baseline -0.001 -7"><span class='ocrx_word' id='word_1_676' title='bbox 152 2565 284 2593; x_wconf 87' lang='lat' dir='ltr'><strong>vinciales</strong></span> <span class='ocrx_word' id='word_1_677' title='bbox 298 2566 379 2593; x_wconf 85' lang='lat' dir='ltr'><strong>missa</strong></span> <span class='ocrx_word' id='word_1_678' title='bbox 392 2565 480 2592; x_wconf 84' lang='lat' dir='ltr'><strong>fuerat</strong></span> <span class='ocrx_word' id='word_1_679' title='bbox 496 2573 511 2592; x_wconf 91' lang='lat' dir='ltr'><strong>a</strong></span> <span class='ocrx_word' id='word_1_680' title='bbox 526 2565 714 2592; x_wconf 87' lang='lat' dir='ltr'><strong>Constantino.</strong></span> <span class='ocrx_word' id='word_1_681' title='bbox 733 2566 772 2592; x_wconf 83' lang='lat' dir='ltr'><strong>Ac</strong></span> <span class='ocrx_word' id='word_1_682' title='bbox 787 2566 854 2592; x_wconf 90' lang='lat' dir='ltr'><strong>duas</strong></span> <span class='ocrx_word' id='word_1_683' title='bbox 873 2565 932 2599; x_wconf 82' lang='lat' dir='ltr'><strong>qni-</strong></span> 
     </span>
    </p>
   </div>
   <div class='ocr_carea' id='block_1_105' title="bbox 153 2600 931 2635">
    <p class='ocr_par' dir='ltr' id='par_1_105' title="bbox 153 2600 931 2635">
     <span class='ocr_line' id='line_1_105' title="bbox 153 2600 931 2635; baseline -0.003 -8"><span class='ocrx_word' id='word_1_684' title='bbox 153 2601 212 2627; x_wconf 87' lang='lat' dir='ltr'><strong>dem</strong></span> <span class='ocrx_word' id='word_1_685' title='bbox 225 2601 298 2635; x_wconf 86' lang='lat' dir='ltr'><strong>leges</strong></span> <span class='ocrx_word' id='word_1_686' title='bbox 312 2600 393 2628; x_wconf 89' lang='lat' dir='ltr'><strong>simul</strong></span> <span class='ocrx_word' id='word_1_687' title='bbox 411 2601 523 2628; x_wconf 83' lang='lat' dir='ltr'><strong>emissas</strong></span> <span class='ocrx_word' id='word_1_688' title='bbox 542 2600 625 2627; x_wconf 86' lang='lat' dir='ltr'><strong>inisse</strong></span> <span class='ocrx_word' id='word_1_689' title='bbox 640 2604 755 2627; x_wconf 85' lang='lat' dir='ltr'><strong>testatur</strong></span> <span class='ocrx_word' id='word_1_690' title='bbox 767 2600 794 2626; x_wconf 92' lang='lat' dir='ltr'><strong>in</strong></span> <span class='ocrx_word' id='word_1_691' title='bbox 816 2600 931 2634; x_wconf 83' lang='lat' dir='ltr'><strong>gratiam</strong></span> 
     </span>
    </p>
   </div>
   <div class='ocr_carea' id='block_1_106' title="bbox 151 2634 928 2664">
    <p class='ocr_par' dir='ltr' id='par_1_106' title="bbox 151 2634 928 2664">
     <span class='ocr_line' id='line_1_106' title="bbox 151 2634 928 2664; baseline -0.001 0"><span class='ocrx_word' id='word_1_692' title='bbox 151 2634 386 2664; x_wconf 80' lang='lat' dir='ltr'><strong>Christianorum:</strong></span> <span class='ocrx_word' id='word_1_693' title='bbox 409 2636 520 2663; x_wconf 88' lang='lat' dir='ltr'><strong>alteram</strong></span> <span class='ocrx_word' id='word_1_694' title='bbox 533 2636 565 2661; x_wconf 86' lang='lat' dir='ltr'><strong>ad</strong></span> <span class='ocrx_word' id='word_1_695' title='bbox 579 2635 727 2662; x_wconf 87' lang='lat' dir='ltr'><strong>Ecclesiam</strong></span> <span class='ocrx_word' id='word_1_696' title='bbox 748 2635 908 2662; x_wconf 89' lang='lat' dir='ltr'><strong>catholicam</strong></span> <span class='ocrx_word' id='word_1_697' title='bbox 919 2651 928 2663; x_wconf 69' lang='grc' dir='ltr'><strong>ν</strong></span> 
     </span>
    </p>
   </div>
   <div class='ocr_carea' id='block_1_107' title="bbox 152 2670 931 2704">
    <p class='ocr_par' dir='ltr' id='par_1_107' title="bbox 152 2670 931 2704">
     <span class='ocr_line' id='line_1_107' title="bbox 152 2670 931 2704; baseline -0.003 -7"><span class='ocrx_word' id='word_1_698' title='bbox 152 2670 266 2698; x_wconf 85' lang='lat' dir='ltr'><strong>alteram</strong></span> <span class='ocrx_word' id='word_1_699' title='bbox 293 2670 326 2697; x_wconf 85' lang='lat' dir='ltr'><strong>ad</strong></span> <span class='ocrx_word' id='word_1_700' title='bbox 342 2671 531 2704; x_wconf 84' lang='lat' dir='ltr'><strong>provinciales.</strong></span> <span class='ocrx_word' id='word_1_701' title='bbox 553 2671 650 2697; x_wconf 88' lang='lat' dir='ltr'><strong>Verum</strong></span> <span class='ocrx_word' id='word_1_702' title='bbox 673 2670 785 2697; x_wconf 89' lang='lat' dir='ltr'><strong>alterius</strong></span> <span class='ocrx_word' id='word_1_703' title='bbox 801 2671 931 2697; x_wconf 80' lang='lat' dir='ltr'><strong>duntaxat</strong></span> 
     </span>
    </p>
   </div>
   <div class='ocr_carea' id='block_1_108' title="bbox 152 2704 932 2740">
    <p class='ocr_par' dir='ltr' id='par_1_108' title="bbox 152 2704 932 2740">
     <span class='ocr_line' id='line_1_108' title="bbox 152 2704 932 2740; baseline -0.001 -8"><span class='ocrx_word' id='word_1_704' title='bbox 152 2706 304 2740; x_wconf 79' lang='lat' dir='ltr'><strong>exemplum</strong></span> <span class='ocrx_word' id='word_1_705' title='bbox 328 2705 446 2740; x_wconf 83' lang='lat' dir='ltr'><strong>subjicit,</strong></span> <span class='ocrx_word' id='word_1_706' title='bbox 468 2706 526 2739; x_wconf 89' lang='lat' dir='ltr'><strong>ejus</strong></span> <span class='ocrx_word' id='word_1_707' title='bbox 541 2705 646 2732; x_wconf 88' lang='lat' dir='ltr'><strong>scilicet</strong></span> <span class='ocrx_word' id='word_1_708' title='bbox 662 2713 721 2740; x_wconf 60' lang='lat' dir='ltr'><strong>qua</strong></span> <span class='ocrx_word' id='word_1_709' title='bbox 734 2706 794 2732; x_wconf 86' lang='lat' dir='ltr'><strong>data</strong></span> <span class='ocrx_word' id='word_1_710' title='bbox 817 2710 875 2732; x_wconf 89' lang='lat' dir='ltr'><strong>erat</strong></span> <span class='ocrx_word' id='word_1_711' title='bbox 898 2704 932 2731; x_wconf 87' lang='lat' dir='ltr'><strong>ad</strong></span> 
     </span>
    </p>
   </div>
   <div class='ocr_carea' id='block_1_109' title="bbox 153 2739 930 2775">
    <p class='ocr_par' dir='ltr' id='par_1_109' title="bbox 153 2739 930 2775">
     <span class='ocr_line' id='line_1_109' title="bbox 153 2739 930 2775; baseline -0.001 -8"><span class='ocrx_word' id='word_1_712' title='bbox 153 2739 333 2775; x_wconf 85' lang='lat' dir='ltr'><strong>provinciales</strong></span> <span class='ocrx_word' id='word_1_713' title='bbox 356 2739 653 2775; x_wconf 45' lang='lat' dir='ltr'><strong>PalaestinaaLAlteram</strong></span> <span class='ocrx_word' id='word_1_714' title='bbox 670 2739 743 2773; x_wconf 83' lang='lat' dir='ltr'><strong>vero,</strong></span> <span class='ocrx_word' id='word_1_715' title='bbox 770 2748 830 2775; x_wconf 68' lang='lat' dir='ltr'><strong>qua:</strong></span> <span class='ocrx_word' id='word_1_716' title='bbox 850 2740 930 2766; x_wconf 89' lang='lat' dir='ltr'><strong>missa</strong></span> 
     </span>
    </p>
   </div>
   <div class='ocr_carea' id='block_1_110' title="bbox 153 2774 929 2810">
    <p class='ocr_par' dir='ltr' id='par_1_110' title="bbox 153 2774 929 2810">
     <span class='ocr_line' id='line_1_110' title="bbox 153 2774 929 2810; baseline -0.004 -7"><span class='ocrx_word' id='word_1_717' title='bbox 153 2774 213 2803; x_wconf 73' lang='lat' dir='ltr'><strong>erat</strong></span> <span class='ocrx_word' id='word_1_718' title='bbox 239 2775 383 2807; x_wconf 82' lang='lat' dir='ltr'><strong>Ecclesiis.</strong></span> <span class='ocrx_word' id='word_1_719' title='bbox 398 2775 489 2802; x_wconf 85' lang='lat' dir='ltr'><strong>omisit</strong></span> <span class='ocrx_word' id='word_1_720' title='bbox 508 2774 639 2803; x_wconf 79' lang='lat' dir='ltr'><strong>Eusebius</strong></span> <span class='ocrx_word' id='word_1_721' title='bbox 657 2785 664 2803; x_wconf 89' lang='lat'>:</span> <span class='ocrx_word' id='word_1_722' title='bbox 684 2775 727 2803; x_wconf 86' lang='lat' dir='ltr'><strong>vel</strong></span> <span class='ocrx_word' id='word_1_723' title='bbox 751 2774 813 2810; x_wconf 81' lang='lat' dir='ltr'><strong>quia</strong></span> <span class='ocrx_word' id='word_1_724' title='bbox 836 2775 929 2810; x_wconf 85' lang='lat' dir='ltr'><strong>eodem</strong></span> 
     </span>
    </p>
   </div>
   <div class='ocr_carea' id='block_1_111' title="bbox 153 2809 931 2846">
    <p class='ocr_par' dir='ltr' id='par_1_111' title="bbox 153 2809 931 2846">
     <span class='ocr_line' id='line_1_111' title="bbox 153 2809 931 2846; baseline -0.003 -8"><span class='ocrx_word' id='word_1_725' title='bbox 153 2811 275 2846; x_wconf 82' lang='lat' dir='ltr'><strong>exemplo</strong></span> <span class='ocrx_word' id='word_1_726' title='bbox 288 2811 388 2844; x_wconf 83' lang='lat' dir='ltr'><strong>scripta</strong></span> <span class='ocrx_word' id='word_1_727' title='bbox 403 2814 473 2842; x_wconf 86' lang='lat' dir='ltr'><strong>erat,</strong></span> <span class='ocrx_word' id='word_1_728' title='bbox 488 2817 541 2845; x_wconf 91' lang='lat' dir='ltr'><strong>quo</strong></span> <span class='ocrx_word' id='word_1_729' title='bbox 559 2811 603 2837; x_wconf 86' lang='lat' dir='ltr'><strong>illa</strong></span> <span class='ocrx_word' id='word_1_730' title='bbox 615 2812 649 2838; x_wconf 89' lang='lat' dir='ltr'><strong>ad</strong></span> <span class='ocrx_word' id='word_1_731' title='bbox 666 2809 845 2846; x_wconf 77' lang='lat' dir='ltr'><strong>provinciales</strong></span> <span class='ocrx_word' id='word_1_732' title='bbox 858 2819 866 2844; x_wconf 80' lang='lat'><strong>;</strong></span> <span class='ocrx_word' id='word_1_733' title='bbox 888 2809 931 2837; x_wconf 87' lang='lat' dir='ltr'><strong>vel</strong></span> 
     </span>
    </p>
   </div>
   <div class='ocr_carea' id='block_1_112' title="bbox 153 2846 416 2875">
    <p class='ocr_par' dir='ltr' id='par_1_112' title="bbox 153 2846 416 2875">
     <span class='ocr_line' id='line_1_112' title="bbox 153 2846 416 2875; baseline -0.011 -1"><span class='ocrx_word' id='word_1_734' title='bbox 153 2848 188 2875; x_wconf 88' lang='lat' dir='ltr'><strong>ob</strong></span> <span class='ocrx_word' id='word_1_735' title='bbox 200 2846 279 2874; x_wconf 86' lang='lat' dir='ltr'><strong>aliam</strong></span> <span class='ocrx_word' id='word_1_736' title='bbox 296 2852 416 2873; x_wconf 83' lang='lat' dir='ltr'><strong>causam.</strong></span> 
     </span>
    </p>
   </div>
   <div class='ocr_carea' id='block_1_113' title="bbox 310 2892 650 2924">
    <p class='ocr_par' dir='ltr' id='par_1_113' title="bbox 310 2892 650 2924">
     <span class='ocr_line' id='line_1_113' title="bbox 310 2892 650 2924; baseline 0 -1"><span class='ocrx_word' id='word_1_737' title='bbox 310 2893 445 2924; x_wconf 71' lang='grc' dir='ltr'>ΡΔτιιοι..</span> <span class='ocrx_word' id='word_1_738' title='bbox 465 2892 524 2924; x_wconf 78' lang='lat' dir='ltr'><strong>Gn.</strong></span> <span class='ocrx_word' id='word_1_739' title='bbox 546 2893 615 2924; x_wconf 78' lang='lat' dir='ltr'><strong>XX.</strong></span> <span class='ocrx_word' id='word_1_740' title='bbox 645 2896 650 2905; x_wconf 86' lang='lat'><strong><em>’</em></strong></span> 
     </span>
    </p>
   </div>
   <div class='ocr_carea' id='block_1_114' title="bbox 982 2210 1769 2246">
    <p class='ocr_par' dir='ltr' id='par_1_114' title="bbox 982 2210 1769 2246">
     <span class='ocr_line' id='line_1_114' title="bbox 982 2210 1769 2246; baseline 0 -7"><span class='ocrx_word' id='word_1_741' title='bbox 982 2212 1074 2246; x_wconf 60' lang='lat'><strong>15(64)</strong></span> <span class='ocrx_word' id='word_1_742' title='bbox 1092 2211 1169 2245; x_wconf 88' lang='lat' dir='ltr'><strong>Vulg.</strong></span> <span class='ocrx_word' id='word_1_743' title='bbox 1184 2210 1420 2246; x_wconf 58' lang='lat' dir='ltr'><strong>8tagpoﬁéa¢iaar</strong></span> <span class='ocrx_word' id='word_1_744' title='bbox 1435 2212 1625 2246; x_wconf 77' lang='grc' dir='ltr'><strong>ἀνείργουσα.</strong></span> <span class='ocrx_word' id='word_1_745' title='bbox 1635 2211 1769 2240; x_wconf 79' lang='lat' dir='ltr'><strong>Scribeex</strong></span> 
     </span>
    </p>
   </div>
   <div class='ocr_carea' id='block_1_115' title="bbox 982 2247 1770 2283">
    <p class='ocr_par' dir='ltr' id='par_1_115' title="bbox 982 2247 1770 2283">
     <span class='ocr_line' id='line_1_115' title="bbox 982 2247 1770 2283; baseline -0.004 -7"><span class='ocrx_word' id='word_1_746' title='bbox 982 2248 1075 2276; x_wconf 84' lang='lat' dir='ltr'><strong>codice</strong></span> <span class='ocrx_word' id='word_1_747' title='bbox 1089 2247 1215 2274; x_wconf 70' lang='lat' dir='ltr'><strong>Medicam</strong></span> <span class='ocrx_word' id='word_1_748' title='bbox 1223 2248 1270 2274; x_wconf 71' lang='grc' dir='ltr'><strong>καὶ</strong></span> <span class='ocrx_word' id='word_1_749' title='bbox 1282 2248 1371 2274; x_wconf 78' lang='grc' dir='ltr'>πᾶσαν</span> <span class='ocrx_word' id='word_1_750' title='bbox 1382 2247 1554 2283; x_wconf 73' lang='grc' dir='ltr'><strong>ᾁνείργουσα.</strong></span> <span class='ocrx_word' id='word_1_751' title='bbox 1571 2247 1604 2274; x_wconf 85' lang='grc' dir='ltr'>Ει</span> <span class='ocrx_word' id='word_1_752' title='bbox 1617 2247 1696 2283; x_wconf 84' lang='lat' dir='ltr'><strong>paulo</strong></span> <span class='ocrx_word' id='word_1_753' title='bbox 1709 2254 1770 2282; x_wconf 89' lang='lat' dir='ltr'><strong>post</strong></span> 
     </span>
    </p>
   </div>
   <div class='ocr_carea' id='block_1_116' title="bbox 982 2281 1767 2319">
    <p class='ocr_par' dir='ltr' id='par_1_116' title="bbox 982 2281 1767 2319">
     <span class='ocr_line' id='line_1_116' title="bbox 982 2281 1767 2319; baseline -0.003 -8"><span class='ocrx_word' id='word_1_754' title='bbox 982 2291 1015 2311; x_wconf 79' lang='lat' dir='ltr'><strong>ex</strong></span> <span class='ocrx_word' id='word_1_755' title='bbox 1030 2284 1123 2310; x_wconf 89' lang='lat' dir='ltr'><strong>eodem</strong></span> <span class='ocrx_word' id='word_1_756' title='bbox 1140 2283 1200 2319; x_wconf 73' lang='lat' dir='ltr'><strong>cod.</strong></span> <span class='ocrx_word' id='word_1_757' title='bbox 1241 2282 1303 2318; x_wconf 91' lang='lat' dir='ltr'><strong>(pro</strong></span> <span class='ocrx_word' id='word_1_758' title='bbox 1316 2281 1546 2319; x_wconf 53' lang='lat' dir='ltr'><strong>napaOsPu-nalav</strong></span> <span class='ocrx_word' id='word_1_759' title='bbox 1556 2281 1664 2318; x_wconf 71' lang='lat' dir='ltr'><strong>Steph.)</strong></span> <span class='ocrx_word' id='word_1_760' title='bbox 1674 2281 1767 2319; x_wconf 71' lang='lat' dir='ltr'><strong>legen-</strong></span> 
     </span>
    </p>
   </div>
   <div class='ocr_carea' id='block_1_117' title="bbox 983 2316 1769 2353">
    <p class='ocr_par' dir='ltr' id='par_1_117' title="bbox 983 2316 1769 2353">
     <span class='ocr_line' id='line_1_117' title="bbox 983 2316 1769 2353; baseline -0.003 -8"><span class='ocrx_word' id='word_1_761' title='bbox 983 2319 1045 2345; x_wconf 90' lang='lat' dir='ltr'><strong>dum</strong></span> <span class='ocrx_word' id='word_1_762' title='bbox 1066 2323 1107 2344; x_wconf 85' lang='lat' dir='ltr'><strong>est</strong></span> <span class='ocrx_word' id='word_1_763' title='bbox 1120 2316 1167 2343; x_wconf 85' lang='grc' dir='ltr'><strong>τοῦ</strong></span> <span class='ocrx_word' id='word_1_764' title='bbox 1184 2316 1397 2353; x_wconf 79' lang='grc' dir='ltr'>Χριστιανισμοῦ</span> <span class='ocrx_word' id='word_1_765' title='bbox 1423 2316 1591 2353; x_wconf 63' lang='grc' dir='ltr'>Όεραπτίαν,</span> <span class='ocrx_word' id='word_1_766' title='bbox 1621 2316 1659 2344; x_wconf 82' lang='grc' dir='ltr'>υι’</span> <span class='ocrx_word' id='word_1_767' title='bbox 1673 2318 1769 2352; x_wconf 78' lang='lat' dir='ltr'><strong>legitur</strong></span> 
     </span>
    </p>
   </div>
   <div class='ocr_carea' id='block_1_118' title="bbox 982 2351 1676 2387">
    <p class='ocr_par' dir='ltr' id='par_1_118' title="bbox 982 2351 1676 2387">
     <span class='ocr_line' id='line_1_118' title="bbox 982 2351 1676 2387; baseline -0.004 -6"><span class='ocrx_word' id='word_1_768' title='bbox 982 2355 1062 2381; x_wconf 91' lang='lat' dir='ltr'><strong>etiam</strong></span> <span class='ocrx_word' id='word_1_769' title='bbox 1085 2352 1111 2378; x_wconf 92' lang='lat' dir='ltr'><strong>in</strong></span> <span class='ocrx_word' id='word_1_770' title='bbox 1133 2351 1240 2379; x_wconf 82' lang='lat' dir='ltr'><strong>schedis</strong></span> <span class='ocrx_word' id='word_1_771' title='bbox 1255 2351 1353 2387; x_wconf 74' lang='lat' dir='ltr'><strong>Regiis</strong></span> <span class='ocrx_word' id='word_1_772' title='bbox 1363 2358 1390 2379; x_wconf 87' lang='lat' dir='ltr'><strong>et</strong></span> <span class='ocrx_word' id='word_1_773' title='bbox 1409 2351 1502 2380; x_wconf 76' lang='lat' dir='ltr'><strong>codice</strong></span> <span class='ocrx_word' id='word_1_774' title='bbox 1517 2351 1676 2380; x_wconf 82' lang='lat' dir='ltr'><strong>Fuketiano.</strong></span> 
     </span>
    </p>
   </div>
   <div class='ocr_carea' id='block_1_119' title="bbox 1017 2387 1768 2422">
    <p class='ocr_par' dir='ltr' id='par_1_119' title="bbox 1017 2387 1768 2422">
     <span class='ocr_line' id='line_1_119' title="bbox 1017 2387 1768 2422; baseline -0.001 -7"><span class='ocrx_word' id='word_1_775' title='bbox 1017 2387 1073 2422; x_wconf 83' lang='lat'><strong>(65)</strong></span> <span class='ocrx_word' id='word_1_776' title='bbox 1083 2387 1350 2421; x_wconf 55' lang='lat' dir='ltr'><strong>Katagpornrmcbq</strong></span> <span class='ocrx_word' id='word_1_777' title='bbox 1366 2389 1502 2422; x_wconf 80' lang='grc' dir='ltr'><strong>ἔχοντας.</strong></span> <span class='ocrx_word' id='word_1_778' title='bbox 1523 2388 1612 2414; x_wconf 74' lang='lat' dir='ltr'><strong>Codex</strong></span> <span class='ocrx_word' id='word_1_779' title='bbox 1625 2387 1768 2414; x_wconf 72' lang='lat' dir='ltr'><strong>Medicazus</strong></span> 
     </span>
    </p>
   </div>
   <div class='ocr_carea' id='block_1_120' title="bbox 982 2422 1724 2457">
    <p class='ocr_par' dir='ltr' id='par_1_120' title="bbox 982 2422 1724 2457">
     <span class='ocr_line' id='line_1_120' title="bbox 982 2422 1724 2457; baseline -0.003 -6"><span class='ocrx_word' id='word_1_780' title='bbox 982 2424 1063 2452; x_wconf 90' lang='lat' dir='ltr'><strong>habet</strong></span> <span class='ocrx_word' id='word_1_781' title='bbox 1078 2422 1150 2457; x_wconf 62' lang='grc' dir='ltr'>ἔχειν</span> <span class='ocrx_word' id='word_1_782' title='bbox 1164 2423 1313 2454; x_wconf 73' lang='grc' dir='ltr'>ἐθέλοντας,</span> <span class='ocrx_word' id='word_1_783' title='bbox 1326 2426 1397 2457; x_wconf 88' lang='lat' dir='ltr'><strong>quod</strong></span> <span class='ocrx_word' id='word_1_784' title='bbox 1411 2425 1511 2450; x_wconf 88' lang='lat' dir='ltr'><strong>rectius</strong></span> <span class='ocrx_word' id='word_1_785' title='bbox 1524 2423 1589 2449; x_wconf 86' lang='lat' dir='ltr'><strong>mihi</strong></span> <span class='ocrx_word' id='word_1_786' title='bbox 1608 2424 1724 2450; x_wconf 88' lang='lat' dir='ltr'><strong>videtur.</strong></span> 
     </span>
    </p>
   </div>
   <div class='ocr_carea' id='block_1_121' title="bbox 1018 2456 1769 2495">
    <p class='ocr_par' dir='ltr' id='par_1_121' title="bbox 1018 2456 1769 2495">
     <span class='ocr_line' id='line_1_121' title="bbox 1018 2456 1769 2495; baseline -0.003 -10"><span class='ocrx_word' id='word_1_787' title='bbox 1018 2456 1146 2495; x_wconf 19' lang='lat' dir='ltr'><strong>(66)”Karl</strong></span> <span class='ocrx_word' id='word_1_788' title='bbox 1162 2459 1197 2495; x_wconf 71' lang='grc' dir='ltr'>τζι</span> <span class='ocrx_word' id='word_1_789' title='bbox 1211 2456 1420 2495; x_wconf 76' lang='grc' dir='ltr'><strong>ἀποϐαίνοντα.</strong></span> <span class='ocrx_word' id='word_1_790' title='bbox 1443 2458 1534 2493; x_wconf 86' lang='lat' dir='ltr'><strong>Longe</strong></span> <span class='ocrx_word' id='word_1_791' title='bbox 1549 2457 1649 2495; x_wconf 71' lang='lat' dir='ltr'><strong>rectior</strong></span> <span class='ocrx_word' id='word_1_792' title='bbox 1665 2462 1711 2495; x_wconf 72' lang='lat' dir='ltr'><strong>est</strong></span> <span class='ocrx_word' id='word_1_793' title='bbox 1723 2466 1769 2495; x_wconf 56' lang='lat' dir='ltr'><strong>eo-</strong></span> 
     </span>
    </p>
   </div>
   <div class='ocr_carea' id='block_1_122' title="bbox 982 2493 1769 2526">
    <p class='ocr_par' dir='ltr' id='par_1_122' title="bbox 982 2493 1769 2526">
     <span class='ocr_line' id='line_1_122' title="bbox 982 2493 1769 2526; baseline -0.001 -6"><span class='ocrx_word' id='word_1_794' title='bbox 982 2493 1050 2521; x_wconf 81' lang='lat' dir='ltr'><strong>dicis</strong></span> <span class='ocrx_word' id='word_1_795' title='bbox 1071 2493 1190 2520; x_wconf 72' lang='lat' dir='ltr'><strong>Mediczui</strong></span> <span class='ocrx_word' id='word_1_796' title='bbox 1215 2493 1360 2526; x_wconf 87' lang='lat' dir='ltr'><strong>scriptura.</strong></span> <span class='ocrx_word' id='word_1_797' title='bbox 1390 2494 1438 2520; x_wconf 86' lang='lat' dir='ltr'><strong>Sic</strong></span> <span class='ocrx_word' id='word_1_798' title='bbox 1461 2494 1532 2520; x_wconf 90' lang='lat' dir='ltr'><strong>enim</strong></span> <span class='ocrx_word' id='word_1_799' title='bbox 1556 2493 1636 2519; x_wconf 84' lang='lat' dir='ltr'><strong>habet</strong></span> <span class='ocrx_word' id='word_1_800' title='bbox 1659 2501 1666 2520; x_wconf 89' lang='lat'>:</span> <span class='ocrx_word' id='word_1_801' title='bbox 1691 2493 1769 2519; x_wconf 77' lang='grc' dir='ltr'><strong>Ἀκό-</strong></span> 
     </span>
    </p>
   </div>
   <div class='ocr_carea' id='block_1_123' title="bbox 981 2526 1768 2564">
    <p class='ocr_par' dir='ltr' id='par_1_123' title="bbox 981 2526 1768 2564">
     <span class='ocr_line' id='line_1_123' title="bbox 981 2526 1768 2564; baseline -0.001 -9"><span class='ocrx_word' id='word_1_802' title='bbox 981 2529 1063 2555; x_wconf 88' lang='grc' dir='ltr'>λουθα</span> <span class='ocrx_word' id='word_1_803' title='bbox 1085 2529 1131 2555; x_wconf 73' lang='grc' dir='ltr'><strong>κα)⁴</strong></span> <span class='ocrx_word' id='word_1_804' title='bbox 1151 2528 1186 2554; x_wconf 76' lang='grc' dir='ltr'>τὰ</span> <span class='ocrx_word' id='word_1_805' title='bbox 1208 2527 1387 2564; x_wconf 66' lang='grc' dir='ltr'>ἀποβαίνοντα</span> <span class='ocrx_word' id='word_1_806' title='bbox 1408 2526 1453 2564; x_wconf 86' lang='grc' dir='ltr'><strong>ἦν,</strong></span> <span class='ocrx_word' id='word_1_807' title='bbox 1473 2527 1596 2564; x_wconf 22' lang='grc' dir='ltr'>Τίςᾼγὰρ</span> <span class='ocrx_word' id='word_1_808' title='bbox 1619 2527 1651 2554; x_wconf 85' lang='grc' dir='ltr'>ἃν</span> <span class='ocrx_word' id='word_1_809' title='bbox 1664 2528 1768 2562; x_wconf 77' lang='grc' dir='ltr'><strong>ἀγαθοῦ</strong></span> 
     </span>
    </p>
   </div>
   <div class='ocr_carea' id='block_1_124' title="bbox 981 2562 1768 2600">
    <p class='ocr_par' dir='ltr' id='par_1_124' title="bbox 981 2562 1768 2600">
     <span class='ocr_line' id='line_1_124' title="bbox 981 2562 1768 2600; baseline -0.001 -9"><span class='ocrx_word' id='word_1_810' title='bbox 981 2565 1057 2600; x_wconf 83' lang='grc' dir='ltr'>τύχοι</span> <span class='ocrx_word' id='word_1_811' title='bbox 1073 2563 1154 2595; x_wconf 73' lang='grc' dir='ltr'>τινός,</span> <span class='ocrx_word' id='word_1_812' title='bbox 1179 2569 1231 2590; x_wconf 89' lang='lat' dir='ltr'><strong>etc.</strong></span> <span class='ocrx_word' id='word_1_813' title='bbox 1254 2563 1365 2600; x_wconf 21' lang='lat' dir='ltr'><strong>Etrpost</strong></span> <span class='ocrx_word' id='word_1_814' title='bbox 1393 2562 1484 2591; x_wconf 81' lang='lat' dir='ltr'><strong>vocent</strong></span> <span class='ocrx_word' id='word_1_815' title='bbox 1510 2562 1610 2590; x_wconf 79' lang='grc' dir='ltr'>ἐθέλων</span> <span class='ocrx_word' id='word_1_816' title='bbox 1636 2569 1768 2598; x_wconf 88' lang='lat' dir='ltr'><strong>punctum</strong></span> 
     </span>
    </p>
   </div>
   <div class='ocr_carea' id='block_1_125' title="bbox 982 2599 1523 2633">
    <p class='ocr_par' dir='ltr' id='par_1_125' title="bbox 982 2599 1523 2633">
     <span class='ocr_line' id='line_1_125' title="bbox 982 2599 1523 2633; baseline -0.006 -6"><span class='ocrx_word' id='word_1_817' title='bbox 982 2601 1073 2631; x_wconf 85' lang='lat' dir='ltr'><strong>habet,</strong></span> <span class='ocrx_word' id='word_1_818' title='bbox 1088 2606 1148 2632; x_wconf 76' lang='lat' dir='ltr'><strong>qua:</strong></span> <span class='ocrx_word' id='word_1_819' title='bbox 1162 2604 1224 2625; x_wconf 88' lang='lat' dir='ltr'><strong>nota</strong></span> <span class='ocrx_word' id='word_1_820' title='bbox 1241 2603 1282 2625; x_wconf 86' lang='lat' dir='ltr'><strong>est</strong></span> <span class='ocrx_word' id='word_1_821' title='bbox 1293 2599 1523 2633; x_wconf 82' lang='lat' dir='ltr'><strong>interrogationis.</strong></span> 
     </span>
    </p>
   </div>
   <div class='ocr_carea' id='block_1_126' title="bbox 1018 2633 1767 2670">
    <p class='ocr_par' dir='ltr' id='par_1_126' title="bbox 1018 2633 1767 2670">
     <span class='ocr_line' id='line_1_126' title="bbox 1018 2633 1767 2670; baseline 0 -9"><span class='ocrx_word' id='word_1_822' title='bbox 1018 2634 1073 2670; x_wconf 84' lang='lat'><strong>(67)</strong></span> <span class='ocrx_word' id='word_1_823' title='bbox 1096 2633 1173 2668; x_wconf 87' lang='lat' dir='ltr'><strong>Vulg.</strong></span> <span class='ocrx_word' id='word_1_824' title='bbox 1187 2633 1293 2670; x_wconf 55' lang='grc' dir='ltr'>πίστιν</span> <span class='ocrx_word' id='word_1_825' title='bbox 1316 2633 1366 2665; x_wconf 86' lang='grc' dir='ltr'><strong>τῷ.</strong></span> <span class='ocrx_word' id='word_1_826' title='bbox 1393 2634 1658 2670; x_wconf 29' lang='grc' dir='ltr'><strong>ιλοιιδοηοιοξξοῃιίιιᾳ</strong></span> <span class='ocrx_word' id='word_1_827' title='bbox 1681 2634 1767 2661; x_wconf 78' lang='lat' dir='ltr'><strong>codex</strong></span> 
     </span>
    </p>
   </div>
   <div class='ocr_carea' id='block_1_127' title="bbox 982 2668 1707 2703">
    <p class='ocr_par' dir='ltr' id='par_1_127' title="bbox 982 2668 1707 2703">
     <span class='ocr_line' id='line_1_127' title="bbox 982 2668 1707 2703; baseline -0.001 -7"><span class='ocrx_word' id='word_1_828' title='bbox 982 2668 1124 2696; x_wconf 71' lang='lat' dir='ltr'><strong>Medicacus</strong></span> <span class='ocrx_word' id='word_1_829' title='bbox 1140 2669 1271 2701; x_wconf 89' lang='lat' dir='ltr'><strong>scriptum</strong></span> <span class='ocrx_word' id='word_1_830' title='bbox 1287 2669 1367 2695; x_wconf 85' lang='lat' dir='ltr'><strong>habet</strong></span> <span class='ocrx_word' id='word_1_831' title='bbox 1382 2670 1472 2696; x_wconf 80' lang='grc' dir='ltr'>πίστιν</span> <span class='ocrx_word' id='word_1_832' title='bbox 1488 2669 1516 2695; x_wconf 83' lang='grc' dir='ltr'>δὲ</span> <span class='ocrx_word' id='word_1_833' title='bbox 1526 2668 1565 2703; x_wconf 83' lang='grc' dir='ltr'>τῷ</span> <span class='ocrx_word' id='word_1_834' title='bbox 1589 2668 1707 2703; x_wconf 75' lang='grc' dir='ltr'><strong>ῥηθέντι.</strong></span> 
     </span>
    </p>
   </div>
   <div class='ocr_carea' id='block_1_128' title="bbox 1018 2703 1768 2740">
    <p class='ocr_par' dir='ltr' id='par_1_128' title="bbox 1018 2703 1768 2740">
     <span class='ocr_line' id='line_1_128' title="bbox 1018 2703 1768 2740; baseline 0 -9"><span class='ocrx_word' id='word_1_835' title='bbox 1018 2705 1073 2740; x_wconf 84' lang='grc'>(68)</span> <span class='ocrx_word' id='word_1_836' title='bbox 1091 2705 1216 2740; x_wconf 68' lang='grc' dir='ltr'><strong>Ἀνῳοεν</strong></span> <span class='ocrx_word' id='word_1_837' title='bbox 1231 2704 1281 2730; x_wconf 82' lang='grc' dir='ltr'><strong>καὶ</strong></span> <span class='ocrx_word' id='word_1_838' title='bbox 1296 2705 1339 2736; x_wconf 81' lang='grc' dir='ltr'><strong>εἰς</strong></span> <span class='ocrx_word' id='word_1_839' title='bbox 1352 2704 1450 2738; x_wconf 85' lang='grc' dir='ltr'><strong>δεῦρο.</strong></span> <span class='ocrx_word' id='word_1_840' title='bbox 1475 2704 1610 2731; x_wconf 84' lang='lat' dir='ltr'><strong>Particula</strong></span> <span class='ocrx_word' id='word_1_841' title='bbox 1629 2703 1675 2740; x_wconf 80' lang='grc' dir='ltr'>καί</span> <span class='ocrx_word' id='word_1_842' title='bbox 1691 2703 1768 2731; x_wconf 80' lang='lat' dir='ltr'><strong>deest</strong></span> 
     </span>
    </p>
   </div>
   <div class='ocr_carea' id='block_1_129' title="bbox 983 2739 1766 2770">
    <p class='ocr_par' dir='ltr' id='par_1_129' title="bbox 983 2739 1766 2770">
     <span class='ocr_line' id='line_1_129' title="bbox 983 2739 1766 2770; baseline -0.001 -3"><span class='ocrx_word' id='word_1_843' title='bbox 983 2740 1009 2767; x_wconf 92' lang='lat' dir='ltr'><strong>in</strong></span> <span class='ocrx_word' id='word_1_844' title='bbox 1025 2739 1119 2767; x_wconf 83' lang='lat' dir='ltr'><strong>codice</strong></span> <span class='ocrx_word' id='word_1_845' title='bbox 1132 2739 1260 2766; x_wconf 77' lang='lat' dir='ltr'><strong>Mediczeo</strong></span> <span class='ocrx_word' id='word_1_846' title='bbox 1271 2759 1278 2770; x_wconf 89' lang='lat'><strong>,</strong></span> <span class='ocrx_word' id='word_1_847' title='bbox 1296 2748 1347 2766; x_wconf 86' lang='lat' dir='ltr'><strong>nec</strong></span> <span class='ocrx_word' id='word_1_848' title='bbox 1361 2740 1505 2767; x_wconf 83' lang='lat' dir='ltr'><strong>admodum</strong></span> <span class='ocrx_word' id='word_1_849' title='bbox 1533 2739 1686 2765; x_wconf 59' lang='lat' dir='ltr'><strong>necessaria</strong></span> <span class='ocrx_word' id='word_1_850' title='bbox 1713 2744 1766 2767; x_wconf 87' lang='lat' dir='ltr'><strong>est.</strong></span> 
     </span>
    </p>
   </div>
   <div class='ocr_carea' id='block_1_130' title="bbox 983 2774 1766 2810">
    <p class='ocr_par' dir='ltr' id='par_1_130' title="bbox 983 2774 1766 2810">
     <span class='ocr_line' id='line_1_130' title="bbox 983 2774 1766 2810; baseline -0.003 -8"><span class='ocrx_word' id='word_1_851' title='bbox 983 2775 1042 2802; x_wconf 83' lang='lat' dir='ltr'><strong>Mox</strong></span> <span class='ocrx_word' id='word_1_852' title='bbox 1055 2776 1099 2802; x_wconf 91' lang='lat' dir='ltr'><strong>ttbi</strong></span> <span class='ocrx_word' id='word_1_853' title='bbox 1113 2775 1214 2810; x_wconf 77' lang='lat' dir='ltr'><strong>legitur</strong></span> <span class='ocrx_word' id='word_1_854' title='bbox 1230 2782 1238 2800; x_wconf 70' lang='grc' dir='ltr'>ι</span> <span class='ocrx_word' id='word_1_855' title='bbox 1253 2774 1300 2801; x_wconf 73' lang='grc' dir='ltr'><strong>καὶ</strong></span> <span class='ocrx_word' id='word_1_856' title='bbox 1312 2775 1361 2807; x_wconf 77' lang='grc' dir='ltr'>τὰς</span> <span class='ocrx_word' id='word_1_857' title='bbox 1374 2774 1506 2810; x_wconf 84' lang='grc' dir='ltr'>πρότερον</span> <span class='ocrx_word' id='word_1_858' title='bbox 1522 2774 1682 2808; x_wconf 83' lang='grc' dir='ltr'>γενομένας,</span> <span class='ocrx_word' id='word_1_859' title='bbox 1696 2774 1766 2810; x_wconf 82' lang='lat' dir='ltr'><strong>idum</strong></span> 
     </span>
    </p>
   </div>
   <div class='ocr_carea' id='block_1_131' title="bbox 983 2809 1766 2845">
    <p class='ocr_par' dir='ltr' id='par_1_131' title="bbox 983 2809 1766 2845">
     <span class='ocr_line' id='line_1_131' title="bbox 983 2809 1766 2845; baseline -0.001 -8"><span class='ocrx_word' id='word_1_860' title='bbox 983 2811 1067 2837; x_wconf 82' lang='lat' dir='ltr'><strong>codex</strong></span> <span class='ocrx_word' id='word_1_861' title='bbox 1089 2811 1169 2845; x_wconf 85' lang='lat' dir='ltr'><strong>habet</strong></span> <span class='ocrx_word' id='word_1_862' title='bbox 1190 2810 1237 2837; x_wconf 74' lang='grc' dir='ltr'>καὶ</span> <span class='ocrx_word' id='word_1_863' title='bbox 1251 2810 1301 2842; x_wconf 75' lang='grc' dir='ltr'>τὰς</span> <span class='ocrx_word' id='word_1_864' title='bbox 1314 2809 1423 2837; x_wconf 80' lang='grc' dir='ltr'>πώποτε</span> <span class='ocrx_word' id='word_1_865' title='bbox 1436 2809 1466 2844; x_wconf 61' lang='grc' dir='ltr'>γέ</span> <span class='ocrx_word' id='word_1_866' title='bbox 1491 2811 1557 2837; x_wconf 87' lang='lat' dir='ltr'><strong>Itent</strong></span> <span class='ocrx_word' id='word_1_867' title='bbox 1581 2817 1628 2845; x_wconf 78' lang='lat' dir='ltr'><strong>pro</strong></span> <span class='ocrx_word' id='word_1_868' title='bbox 1642 2809 1766 2845; x_wconf 78' lang='grc' dir='ltr'><strong>ἐγχειρή-</strong></span> 
     </span>
    </p>
   </div>
   <div class='ocr_carea' id='block_1_132' title="bbox 984 2844 1766 2881">
    <p class='ocr_par' dir='ltr' id='par_1_132' title="bbox 984 2844 1766 2881">
     <span class='ocr_line' id='line_1_132' title="bbox 984 2844 1766 2881; baseline -0.001 -9"><span class='ocrx_word' id='word_1_869' title='bbox 984 2853 1052 2877; x_wconf 84' lang='grc' dir='ltr'>σεως</span> <span class='ocrx_word' id='word_1_870' title='bbox 1073 2844 1174 2880; x_wconf 79' lang='grc' dir='ltr'>πέρας,</span> <span class='ocrx_word' id='word_1_871' title='bbox 1202 2846 1298 2873; x_wconf 83' lang='lat' dir='ltr'><strong>scribit</strong></span> <span class='ocrx_word' id='word_1_872' title='bbox 1319 2846 1368 2878; x_wconf 83' lang='grc' dir='ltr'><strong>τὰς</strong></span> <span class='ocrx_word' id='word_1_873' title='bbox 1385 2847 1554 2881; x_wconf 79' lang='grc' dir='ltr'><strong>ἑγχειρήσεις</strong></span> <span class='ocrx_word' id='word_1_874' title='bbox 1577 2844 1674 2880; x_wconf 81' lang='grc' dir='ltr'><strong>πέρας,</strong></span> <span class='ocrx_word' id='word_1_875' title='bbox 1699 2853 1766 2879; x_wconf 78' lang='lat' dir='ltr'><strong>quu-</strong></span> 
     </span>
    </p>
   </div>
   <div class='ocr_carea' id='block_1_133' title="bbox 1570 2893 1610 2922">
    <p class='ocr_par' dir='ltr' id='par_1_133' title="bbox 1570 2893 1610 2922">
     <span class='ocr_line' id='line_1_133' title="bbox 1570 2893 1610 2922; baseline -0.025 0"><span class='ocrx_word' id='word_1_876' title='bbox 1570 2893 1610 2922; x_wconf 76' lang='grc'><strong>32</strong></span> 
     </span>
    </p>
   </div>
  </div>
