2000 3167
256 137 325 166 1005

612 132 745 161 EUSEBII
764 132 1001 161 CJESABIENSIS
1019 132 1093 160 OPP.
1113 133 1203 161 PARS
1222 133 1244 161 l.
1263 149 1299 154 —
1315 133 1508 161 HISTORICA.

1802 133 1873 161 100-5

256 199 372 226 deducta
389 195 552 231 cogitatione
579 198 697 228 repetat.
725 198 753 221 et
780 201 824 221 res
849 194 913 221 olim
946 197 1033 228 gestas

1087 193 1303 229 παρατείναντας
1331 194 1443 229 χρόνους
1465 192 1614 229 ἀναδράμοι
1636 193 1675 229 τῷ
1693 193 1742 229 νῷ,
1757 194 1804 221 καὶ
1823 195 1873 223 τὰς

255 242 454 277 contempletur
466 241 567 273 animo,
585 240 698 268 omnino
717 240 852 274 reperiet.
868 247 915 267 eos
930 240 1037 274 quidem

255 290 300 324 qui
315 288 448 323 justitiam
464 295 495 314 ac
509 286 675 322 probitatem
694 285 897 313 fundamentum
917 285 969 312 sibi
993 293 1037 312 re.-

256 342 314 362 rum
334 334 498 369 agendarum
525 332 734 364 constituerunt,
751 331 833 367 456
853 330 957 358 felicem
972 338 1037 357 con-

255 379 377 407 siliorum
396 379 498 405 exitum
513 378 623 405 sortitos
636 385 706 408 esse,
721 381 748 404 et
771 382 899 410 tanquam
919 384 951 402 cx
967 375 1037 402 dulci

254 423 369 458 quadam
385 422 476 449 radice
489 421 678 449 suavissimum
688 429 795 456 quoque
811 421 928 447 fructum
942 428 1037 455 perce-

255 469 341 503 pisse;
351 468 412 496 illos
425 475 491 495 vero
510 468 555 502 qui
568 467 668 503 injusta
684 467 801 494 facinora
811 474 879 493 ausu
894 467 1037 494 temerario

254 514 425 547 attentarint,
454 518 482 540 et
508 514 554 548 qui
570 514 700 540 adversus
726 513 808 540 Deum
826 513 911 548 ipsum
926 514 1037 540 vesania

255 560 356 588 mentis
373 560 476 587 fuerint
489 560 564 591 elati,
577 559 735 593 nullumque
748 559 860 593 pietatis
875 566 937 593 erga
954 566 1037 593 genus

254 607 401 634 humanutn
414 613 522 633 sensum
539 605 678 632 habuerint
692 605 755 637 ;sed
771 604 875 636 exsilia,
887 604 1035 639 infamiam,

252 653 382 680 bonorum
390 652 593 687 publicationcs,
602 651 876 685 caedesethujusmodi
884 651 996 685 plurima
1005 651 1038 677 ir-

253 699 407 734 rogaverint
417 698 532 733 ;quique
544 705 593 725 nec
601 698 786 733 paenitentiam
796 697 899 732 egerint
908 704 1035 730 unquam,

253 752 303 771 nec
314 745 346 771 ad
358 744 495 771 meliorem
505 743 608 778 frugem
618 743 736 769 animutn
746 750 823 769 suum
838 742 1036 773 revncaverinl,

252 798 346 824 parem
362 797 469 824 quoque
488 789 641 816 mercedem
654 788 787 815 retulisse.
802 788 889 822 Atque
904 788 961 815 htcc
983 795 1036 814 non

253 835 380 868 absurde,
395 842 444 862 nec
456 840 553 870 praeter
566 834 697 862 rationem
710 834 846 862 eveniunt.
871 844 881 860 ι

532 902 644 930 CAPUT
662 901 755 929 XXVI.

253 949 292 977 De
307 950 341 977 iis
360 950 405 985 qui
422 949 626 985 persecutionem
641 945 722 988 l'pasu'
733 953 805 982 sunt,
822 953 847 975 et
861 949 894 975 de
919 956 1038 983 persecu-

595 987 706 1010 toribus.

292 1031 383 1066 (Nam
401 1031 555 1066 quicunque
572 1037 633 1057 cum
647 1030 719 1064 justo
735 1028 816 1057 animi
842 1028 981 1064 proposito
1004 1028 1037 1056 ad

252 1077 385 1112 agendum
424 1076 567 1107 accedunt,
611 1079 639 1102 et
669 1075 796 1102 timoretn
829 1074 876 1101 Dei
906 1077 1038 1109 perpetuo

252 1131 310 1158 prae
327 1121 414 1150 oculis
441 1121 559 1153 habent,
580 1124 750 1148 constantem
778 1127 842 1155 erga
868 1119 943 1146 illum
974 1119 1038 1146 reti-

251 1173 347 1195 nentes
380 1167 590 1201 tidem;quique
619 1165 762 1200 prtesentis
797 1166 860 1192 vita:
891 1165 978 1192 minas
1005 1172 1037 1191 ac

252 1214 383 1250 pericula,
399 1213 455 1247 spei
473 1212 626 1239 futurorunt
640 1213 772 1239 bonorum
794 1211 906 1238 minime
926 1216 1038 1245 antepo-

252 1264 339 1287 nunt:
355 1258 394 1291 hi,
417 1257 540 1293 quamvis
565 1257 648 1284 multa
668 1258 765 1284 acerba
786 1264 818 1284 ac
834 1256 944 1284 molesta
963 1256 1036 1283 brevi

252 1305 382 1339 temporis
395 1303 482 1339 spatio
496 1303 600 1338 experti
631 1303 694 1335 sint,
721 1309 809 1330 tamen
827 1310 874 1337 spe
903 1302 1035 1337 majorum

251 1350 423 1386 prmmiorum
455 1357 514 1384 qua:
547 1350 598 1376 sibi
629 1349 767 1376 recondita
793 1356 853 1376 esse
882 1348 1036 1376 firmissime

250 1397 373 1429 credunt,
391 1395 543 1430 ingruentia
561 1395 631 1422 mala
662 1402 832 1429 nequaquam
847 1402 920 1429 aegro
946 1395 1036 1421 anitno

250 1442 434 1477 pertulerunt;
454 1442 503 1468 sed
520 1448 573 1476 quo
587 1441 724 1475 graviores
734 1441 836 1475 experti
849 1445 911 1467 sunt
926 1440 1037 1467 calami-

251 1493 333 1520 tales,
351 1495 388 1515 eo
406 1487 547 1514 clariorem
565 1486 677 1521 gloriam
694 1490 877 1520 reportarunt.
893 1485 943 1519 Qui
971 1493 1035 1512 vero

1090 239 1219 275 πρότερον
1244 239 1393 274 γενομένας
1416 239 1530 275 πραξεις
1554 240 1655 266 κατίδοι
1679 240 1718 275 τῷ
1739 240 1873 276 λογισμῷ,

1089 285 1189 316 πάντας
1207 285 1239 311 ἂν
1262 285 1336 321 εὖροι
1358 285 1420 317 τοὺς
1437 285 1485 320 μὲν
1503 286 1559 312 ὅσοι
1580 286 1686 313 δικαίαν
1707 286 1753 313 καὶ
1768 287 1873 323 ἀγαθὴν

1088 330 1335 364 προκατεϐάλλοντο
1348 330 1402 356 τῶν
1416 330 1584 365 πραγμάτων
1601 331 1729 366 κρηπῖδα,
1752 333 1791 363 εἰς
1804 332 1873 366 ἀγα-

1089 377 1133 404 θὸν
1152 378 1198 404 καὶ
1220 379 1424 413 προαγαγόντας
1448 378 1496 410 τὰς
1518 379 1686 415 ἐγχειρήσεις
1704 380 1800 415 πέρας,
1825 380 1874 407 καὶ

1088 420 1142 449 οἷον
1164 423 1216 449 ἀπὸ
1241 424 1318 459 ῥίζης
1339 424 1409 454 τινος
1431 424 1520 459 ἡδείας
1540 425 1740 459 κομισαμένους
1760 426 1806 452 καὶ
1827 426 1873 454 τὸν

1089 469 1195 495 καρπὸν
1205 468 1317 503 γλυκὺν·
1338 469 1399 500 τοὺς
1412 469 1433 495 δ’
1449 469 1549 501 ἀδίκοις
1567 471 1791 506 ἐπιχειρήσαντας
1813 472 1874 498 τόλ-

1089 523 1163 549 μαις,
1180 515 1226 541 καὶ
1238 514 1254 549 ἢ
1273 514 1339 549 πρὸς
1351 515 1380 541 τὸ
1395 517 1517 550 κρεῖττον
1535 516 1653 551 ἀνοήτως
1667 516 1842 551 ἑκμανέντας,
1854 517 1872 552 ἢ

1088 560 1156 596 πρὸς
1166 560 1196 586 τὺ
1213 560 1380 595 ἀνθρώπινον
1391 562 1467 594 γένος
1481 562 1535 596 (69)
1550 562 1677 596 λογισμὸν
1690 562 1761 588 ὅσιον
1777 562 1873 589 οὐδένα

1087 606 1226 638 λαὸόντας,
1247 607 1313 633 ἀλλὰ
1335 608 1431 641 ψυγας,
1449 608 1566 642 ἀτιμίας,
1584 608 1737 642 δημεύσεις,
1752 608 1871 643 σφαγὰς,

1087 652 1197 678 τοιαῦτα
1217 652 1301 678 πολλὰ
1318 653 1513 688 τολμήσαντας,
1529 654 1574 679 καὶ
1590 653 1647 679 οὐδὲ
1671 653 1872 689 μεταμεληθέν-

1087 707 1135 731 τας
1154 699 1229 731 ποτὲ,
1252 698 1310 725 οὺδέ
1324 699 1369 725 τὺν
1380 699 1440 725 νοῦν
1457 699 1671 735 ἐπιστρέψαντας
1685 700 1751 734 πρὸς
1761 700 1795 726 τὰ
1806 700 1873 727 καλ-

1087 745 1145 776 λίω,
1161 745 1224 771 ἰσων
1238 745 1284 771 καὶ
1296 745 1350 771 τῶν
1364 746 1511 780 ἀμοιϐαίων
1523 746 1662 781 τυχόντας.
1674 747 1729 773 Καὶ
1742 746 1828 773 ταῦτά
1839 754 1872 781 γε

1087 792 1135 817 οὐκ
1146 792 1295 823 ἀπεικότως
1313 792 1377 826 (70),
1390 791 1442 818 οὐδ’
1457 791 1489 818 ἂν
1503 792 1555 819 ἀπὸ
1568 792 1647 827 λόγου
1662 793 1815 828 συμϐαίνοι.
1827 803 1837 820 ο

1337 907 1535 935 ΚΕΦΑΛΛΙΟΝ
1553 909 1624 942 κςν.

1226 954 1296 989 Περὶ
1318 955 1502 990 διωχθέντων
1521 955 1571 982 καὶ
1588 955 1727 982 διωκτῶν.

1125 1043 1134 1060 ι
1149 1033 1224 1060 Ὅσοι
1246 1034 1293 1069 μὲν
1309 1034 1363 1069 γὰρ
1384 1034 1438 1069 (71)
1455 1034 1522 1069 μετὰ
1534 1034 1638 1065 δικαίας
1649 1033 1758 1070 γνώμης
1770 1034 1814 1061 ἐπί
1827 1043 1869 1061 τι-

1088 1087 1135 1110 νας
1154 1079 1278 1115 ἔρχονται
1293 1078 1417 1115 πράξεις,
1435 1080 1482 1106 καὶ
1498 1079 1542 1106 τὸν
1552 1079 1598 1105 τοῦ
1619 1078 1773 1115 Κρείττονος
1788 1079 1870 1113 φόϐον

1086 1125 1215 1161 διηνεκῶς
1232 1125 1336 1160 ἔχουσιν
1350 1126 1376 1151 ἐν
1392 1125 1439 1160 νῷ,
1458 1125 1568 1160 βεὸαίαν
1584 1125 1630 1160 τὴν
1645 1125 1709 1160 περ)¹
1723 1124 1802 1151 αὑτὸν
1818 1133 1870 1159 φυ-

1086 1170 1227 1202 λάττοντες
1243 1170 1343 1202 πίστιν,
1364 1172 1410 1198 καὶ
1429 1171 1490 1202 τοὺς
1506 1171 1639 1206 παρόντας
1659 1170 1757 1204 φόϐους
1770 1179 1799 1196 τε
1822 1170 1870 1197 καὶ

1087 1216 1224 1248 κινδύνους
1239 1217 1288 1243 οὐκ
1307 1217 1401 1251 ἄγουσι
1421 1217 1475 1243 τῶν
1494 1216 1644 1252 μελλουσῶν
1658 1217 1769 1243 ἐκείνων
1791 1216 1869 1242 ἐλπί-

1085 1261 1137 1288 δων
1161 1261 1388 1297 προτιμοτέρους’
1412 1262 1460 1288 κᾶν
1481 1263 1505 1288 εἰ
1525 1262 1592 1298 πρὸς
1616 1261 1708 1297 καιρὸν
1731 1261 1869 1296 δυσ-χερῶν

1086 1316 1165 1334 τινων
1189 1307 1359 1343 πειραθεῖεν,
1379 1307 1418 1342 τῷ
1444 1307 1568 1342 μείζονας
1585 1306 1688 1338 ἑαυτοῖς
1706 1307 1869 1334 ἀποκεῖσθαι

1086 1352 1222 1379 πιστεύειν
1234 1353 1325 1388 τιμὰς,
1343 1352 1403 1379 ούδέ
1418 1352 1450 1378 τὰ
1466 1352 1654 1388 προσπεσόντα
1671 1351 1773 1387 βαρέως
1789 1352 1870 1387 ἠνεγ-

1086 1407 1150 1431 καν,
1174 1398 1240 1425 ἀλλὰ
1262 1398 1372 1434 τοιούτῳ
1400 1398 1589 1434 λαμπροτέρας
1614 1398 1706 1433 ἔτυχον
1732 1398 1868 1432 εὐκλείας,

1084 1444 1139 1480 ὅσῳ
1169 1445 1216 1471 καὶ
1247 1444 1403 1480 βαρυτέρων
1432 1444 1486 1470 τῶν
1516 1444 1641 1479 χαλεπῶν
1672 1444 1866 1480 ἐπειράθησαν.

1087 1490 1163 1517 Ὅσοι
1190 1490 1218 1516 δὲ
1238 1488 1301 1525 ἣτδ
1317 1490 1419 1517 δίκαιον
1441 1489 1545 1525 ἀτίμως
1567 1490 1623 1526 (72)
1644 1490 1781 1526 παρεῖδον,
1798 1490 1814 1525 ἢ
1837 1489 1868 1516 τὸ

252 1533 386 1568 justitiam
400 1537 428 1559 et
442 1533 597 1566 aequitatem
611 1536 841 1565 contempserunt,
871 1536 899 1558 et
912 1532 959 1566 qui
986 1539 1033 1559 nec

1086 1536 1216 1571 Κρεῖττον
1232 1536 1281 1562 οὐκ
1293 1536 1412 1571 ἔγνωσαν
1424 1555 1430 1567 ,
1446 1536 1492 1562 καὶ
1511 1536 1574 1567 τοὺς
1591 1536 1669 1563 τοῦτο
1684 1535 1786 1567 πιστῶς
1803 1544 1868 1571 μετ-

251 1581 335 1607 Deum
351 1579 400 1614 ipsi
416 1582 592 1613 agnoverunt,
606 1585 654 1605 nec
673 1585 718 1605 eos
745 1578 789 1612 qui
805 1577 888 1604 Deum
917 1578 1032 1612 ﬁdeliter

249 1626 381 1658 colerent.
398 1624 570 1652 contumeliis
583 1631 615 1651 ac
637 1624 775 1659 suppliciis
794 1623 977 1651 acerbissimis
991 1623 1032 1651 af-

249 1672 331 1699 ficere
343 1671 501 1699 dubitarunt
517 1678 524 1697 :
542 1674 569 1697 et
591 1670 636 1704 qui
666 1670 769 1704 seipsos
785 1668 904 1704 quidem,
927 1671 971 1704 qui
997 1671 1031 1698 ob

250 1717 405 1752 hujuSmodi
420 1724 531 1744 causam
554 1716 679 1743 homines
695 1716 720 1743 in
743 1715 875 1751 judicium
901 1717 1031 1743 adductos

249 1770 328 1797 paena
346 1762 493 1795 aﬂicerenl,
511 1762 624 1789 miseros
636 1769 696 1789 esse
713 1769 764 1789 non
776 1763 930 1798 judicarttnl
945 1784 952 1795 ,
972 1762 1031 1788 illos

249 1815 313 1835 vero
328 1807 373 1842 qui
388 1807 414 1834 in
433 1808 514 1833 tantis
533 1807 610 1834 malis
642 1807 773 1842 integrant
795 1815 858 1843 erga
879 1807 962 1835 Deum
975 1808 1032 1842 pie-

249 1858 331 1880 tatem
354 1852 529 1880 nihilominus
542 1856 752 1884 conservarent,
768 1851 860 1880 felices
884 1861 916 1880 ac
938 1853 1031 1880 beatos

247 1907 308 1927 esse
323 1908 329 1925 :
344 1899 439 1926 horum
452 1898 588 1926 exercitus
599 1898 696 1933 partim
711 1899 782 1931 cesi.
797 1899 930 1933 partimin
940 1898 1028 1933 fugam

246 1945 339 1975 versi;
358 1944 463 1971 cunctis
493 1942 609 1979 denique
628 1944 726 1980 praeliis
751 1945 825 1978 victi,
848 1944 899 1980 ipsi
923 1944 1029 1972 tandem

247 1989 462 2016 succubuerunt.

521 2033 635 2062 CAPUT
651 2033 756 2063 XXVII.

248 2080 324 2113 Quod
342 2080 487 2114 persecutio
512 2080 608 2107 bellum
632 2081 786 2122 gerentibus
805 2080 934 2107 malorum
949 2088 1030 2108 causa

570 2120 708 2142 exstiterit.

285 2171 294 2187 ι
305 2161 345 2188 Ex
361 2161 515 2196 bujusmodi
533 2162 679 2190 sceleribus
693 2167 751 2189 orta
766 2165 830 2189 sunt
843 2161 910 2189 bella
925 2161 1027 2196 gravia.

194 2235 197 2238 ,
246 2212 274 2235 et
285 2207 409 2234 exitiales
420 2207 596 2234 vastationes.
610 2206 679 2234 [line
695 2207 902 2241 rerumquidem
915 2207 949 2234 ad
962 2214 1029 2241 quo-

247 2253 379 2280 tidianum
397 2252 458 2279 vita:
471 2260 550 2279 usum
565 2253 780 2279 necessariarum
794 2251 905 2286 penuria
918 2260 926 2284 ;
942 2251 1027 2279 malo-

247 2307 306 2326 rum
321 2306 384 2326 vero
400 2298 580 2333 ingruentium
594 2298 681 2332 copia.
702 2297 771 2324 Hinc
799 2302 840 2324 est
853 2299 923 2331 quod
948 2302 1027 2325 tanta;

247 2343 395 2378 impietatis
408 2348 532 2371 auctores
548 2343 574 2370 in
593 2347 731 2370 extremas
741 2342 822 2378 457
835 2343 937 2378 delapsi
951 2345 1026 2370 cala-

247 2422 327 2448 modo
352 2422 434 2448 etiam
464 2421 491 2447 in
527 2420 635 2447 sehedis
658 2420 786 2454 scriptum
819 2420 923 2455 reperi,
945 2425 972 2448 et
998 2421 1025 2447 in
1043 2424 1064 2452 1)
1079 2421 1172 2447 codice
1187 2419 1313 2446 Medica-.0
1338 2419 1434 2453 legitur
1462 2420 1514 2455 hoc
1537 2420 1616 2446 modo
1637 2428 1643 2446 :

246 2458 345 2484 codice'
354 2456 421 2484 Fuit.

283 2490 419 2525 (69)Vulg.
430 2490 479 2517 καὶ
493 2490 568 2524 πρὸς
579 2490 612 2516 τὸ
620 2489 805 2524 ἀνθρώπινον
813 2490 908 2525 γένος.
918 2491 1026 2518 Mutilus

245 2531 287 2553 est
299 2527 341 2552 hic
349 2526 431 2557 locus,
440 2527 485 2560 qui
496 2534 527 2552 ex
539 2526 631 2552 codice
642 2525 766 2552 Medicam
776 2527 809 2552 ita
819 2527 921 2552 restitui
930 2527 1023 2552 debet:

245 2562 300 2601 tot
345 2561 410 2601 πρὸς
425 2559 591 2601 τοΚρεῖττον
607 2560 728 2601 ἀνοήτως,
739 2561 768 2586 ἐκ
774 2561 913 2601 μανέντας,
958 2560 1025 2601 πρὸς

245 2597 275 2622 τὺ
289 2595 456 2631 ἀνθρώπινον
473 2595 549 2630 γένος
571 2595 699 2630 λογισμὸν
716 2596 788 2621 ὅσιον
807 2596 908 2630 μηδένα
928 2595 1024 2622 λαϐόν-

245 2639 305 2662 τας,
321 2639 375 2657 etc.

281 2665 337 2701 (70)
355 2667 415 2692 Οὐκ
427 2666 599 2698 ἀπεικότως.
618 2664 644 2691 lu
658 2665 749 2701 codice
757 2665 883 2701 Medicago
892 2665 1024 2701 scribitur

244 2699 295 2727 οὐκ
310 2699 342 2727 ἂν
353 2702 513 2732 ἀπεικότως,
528 2701 580 2727 οὐδ’
594 2700 627 2726 ἂν
641 2700 693 2726 ἀπὸ
708 2699 785 2733 λόγου
797 2699 947 2735 συμϐαίνοι.
959 2699 1025 2726 Cer-

247 2741 273 2762 te
288 2737 371 2762 eodcx
391 2736 490 2771 Regius
515 2736 656 2769 συμϐαίνοι
668 2743 774 2771 quoque
788 2740 921 2771 scriptum
931 2735 1024 2771 habet.

282 2770 337 2804 (71)
355 2769 506 2805 Ὅσοῐμὲνν
516 2770 579 2804 γάρ.
607 2771 644 2799 Ab
672 2770 714 2797 his
738 2770 828 2805 verbis
850 2777 910 2804 cap.
927 2770 961 2796 26
985 2769 1027 2796 in-

246 2805 340 2831 choavi
353 2813 386 2831 ex
402 2804 495 2832 codice
508 2805 574 2833 Fuk.
589 2811 618 2832 et
633 2805 739 2832 schedis
756 2804 822 2838 Reg.

282 2839 339 2874 (72)
353 2839 429 2875 Vulg.
445 2841 512 2867 ὅσοι
523 2840 557 2867 δὲ
571 2840 603 2867 τὸ
614 2839 730 2869 δίκαιον
744 2840 862 2875 ἀῑίμως.
879 2838 988 2872 [lectius
999 2838 1025 2871 in

1085 1582 1172 1614 ιόντας
1197 1581 1290 1618 ὕϐρεσι
1314 1583 1361 1608 καὶ
1381 1582 1521 1609 κολάσεσιν
1545 1582 1703 1618 ἀνηκέστοις
1722 1582 1868 1609 ὑποϐαλεῖν

1083 1628 1245 1663 ἐτόλμησαν,
1266 1628 1314 1654 καὶ
1327 1628 1376 1663 οὐχ
1391 1628 1502 1659 ἑαυτοὺς
1523 1628 1570 1663 μὲν
1588 1628 1695 1660 ἀθλίους
1707 1629 1748 1662 ἐφ’
1762 1626 1802 1660 οἷς
1823 1628 1867 1655 διὰ

1083 1673 1131 1705 τὰς
1143 1672 1268 1703 τοιαύτας
1285 1672 1411 1705 ἐκόλαζον
1427 1673 1575 1708 προφάσεις
1592 1672 1657 1709 (73),
1681 1673 1800 1708 ἔκριναν,
1822 1673 1868 1698 εὑ-

1083 1719 1210 1754 δαίμονας
1230 1719 1257 1744 δὲ
1285 1719 1331 1745 καὶ
1352 1719 1535 1754 μακαριστοὺς
1557 1719 1619 1750 τοὺς
1638 1719 1685 1745 καὶ
1705 1719 1787 1755 μέχρι
1812 1718 1867 1745 τῶν

1083 1764 1207 1791 τοιούτων
1222 1764 1270 1800 τὴν
1287 1764 1354 1800 πρὸς
1370 1764 1398 1790 τὸ
1410 1765 1539 1799 Κρεῖττον
1560 1764 1774 1800 διασωζομένους
1787 1765 1866 1791 εὐσέ-

1084 1810 1174 1836 ϐειαν·
1192 1809 1291 1836 τούτων
1316 1809 1411 1836 πολλαὶ
1428 1810 1476 1845 μὲν
1492 1809 1588 1836 ἔπεσον
1608 1811 1742 1846 στρατιαὶ,
1769 1811 1867 1837 πολλαὶ

1083 1852 1104 1879 δ’
1120 1853 1159 1884 είς
1182 1852 1269 1888 φυγὴν
1293 1853 1449 1889 ἐτράπησαν
1461 1874 1468 1886 ,
1486 1855 1560 1882 πᾶσα
1585 1854 1612 1880 δὲ
1627 1855 1728 1881 τούτων
1745 1855 1865 1890 πολέμου

1083 1898 1234 1933 παράταξις
1248 1899 1287 1930 εἰς
1303 1899 1419 1934 ἐσχάτην
1436 1898 1527 1935 ἔληξεν
1544 1897 1653 1935 ἧτταν.»

1337 2032 1533 2059 ΚΕΦΑΛΑῙΟΝ
1547 2032 1610 2060 KZ'.

1081 2078 1180 2112 Ὅπως
1197 2079 1213 2105 ό
1228 2078 1354 2113 διωγμὸς
1372 2079 1469 2139 αἵτιοὲ
1482 2078 1581 2105 κακῶν
1596 2078 1656 2111 τοῖς
1671 2078 1865 2114 πολεμήσιωί

1399 2122 1453 2139 κατ
1471 2121 1528 2139 om

1399 2121 1528 2147 κατεστη

1119 2169 1129 2185 ι
1150 2160 1197 2187 Ἐκ
1211 2159 1265 2186 τῶν
1281 2158 1407 2185 τοιούτων
1422 2158 1566 2193 ἀνεφύοντο
1578 2159 1688 2194 πόλεμοι
1707 2158 1808 2194 βαρεῖς·
1832 2159 1865 2185 ἐκ

1081 2205 1134 2233 τῶν
1149 2205 1276 2231 τοιούτων
1293 2204 1438 2240 πορθήσεις
1452 2204 1631 2240 πανώλεθρον
1644 2204 1767 2231 ἐντεῦθεν
1782 2204 1863 2231 ἐλατ-

1080 2251 1177 2283 τώσεις
1194 2251 1242 2286 μὲν
1256 2250 1309 2278 τῶν
1324 2250 1391 2285 πρὸς
1406 2250 1454 2281 τὰς
1471 2250 1564 2285 χρείας
1580 2250 1744 2284 ἀναγκαίων,
1760 2249 1863 2285 πλῆθος

1079 2297 1108 2324 δὲ
1127 2297 1181 2323 τῶν
1199 2296 1394 2332 ἐπηρτημένων
1413 2296 1504 2322 κακῶν
1529 2296 1599 2331 (74)·
1624 2296 1746 2322 ἐντεῦθεν
1765 2296 1789 2322 οἱ
1811 2295 1863 2330 τῆς

1079 2343 1212 2378 τοσαύτης
1240 2342 1355 2378 ἀρχηγοὶ
1385 2341 1558 2374 δυσσεϐείας,
1590 2343 1607 2377 ἢ
1638 2342 1799 2372 ἀνατλάντες
1827 2341 1863 2367 τὰ

1667 2421 1723 2447 ὅσοι
1739 2420 1767 2446 δέ
1791 2420 1807 2447 ἦ
1830 2420 1863 2446 τὸ

1079 2421 1172 2447 codice
1187 2420 1313 2446 Medica-.0
1338 2420 1434 2453 legitur
1462 2420 1514 2446 hoc
1537 2420 1616 2446 modo
1637 2428 1643 2446 :
1667 2421 1723 2447 ὅσοι
1739 2420 1767 2446 δέ
1791 2420 1807 2455 ἢ
1830 2420 1861 2446 τὸ

1078 2456 1179 2482 δίκαιον
1194 2455 1297 2490 ἀτίμως
1313 2455 1445 2489 παρεῖδον,
1461 2454 1476 2488 ἢ
1490 2455 1520 2480 τὸ
1530 2456 1658 2490 Κρεῖττον
1669 2456 1717 2482 οὐκ
1729 2455 1861 2489 ἔγνωσαν.

1078 2490 1135 2517 Hoc
1150 2495 1192 2517 est
1206 2491 1276 2524 quod
1294 2499 1374 2523 supra
1388 2491 1456 2516 dixit
1472 2498 1498 2516 Ill
1512 2498 1570 2523 cap.
1587 2491 1622 2516 ‘25
1636 2511 1642 2521 ,
1668 2495 1695 2516 ut
1709 2498 1789 2525 Supra
1809 2498 1861 2525 no-

1079 2525 1150 2557 tavi,
1170 2526 1232 2556 τοὺς
1253 2524 1275 2550 δ’
1295 2524 1396 2555 ἀδίκοις
1415 2525 1640 2559 ἐπιχειρήσαντας
1665 2526 1794 2559 τόλμαις,
1813 2524 1862 2551 καὶ

1077 2561 1093 2595 ἢ
1112 2560 1178 2595 πρὸς
1191 2560 1220 2586 τὸ
1233 2559 1357 2595 Κρεῖττον
1374 2560 1493 2593 ἀνοήτως
1509 2561 1688 2594 ἐκμανέντας,
1710 2559 1725 2595 ἢ
1743 2560 1811 2595 πρὸς
1830 2560 1862 2586 τὸ

1078 2594 1245 2637 ἀνθρώπινον
1251 2595 1332 2637 ’γένεος
1346 2594 1472 2636 λογισμὸν
1487 2596 1557 2621 ὅσιον
1569 2596 1661 2621 οὐδένα
1673 2594 1801 2626 λαὸόντας

1114 2628 1170 2664 (Ἷὸ)
1192 2628 1345 2658 Ἐκόλαζόν
1370 2630 1542 2663 προφάσεις.
1570 2631 1595 2656 lu
1617 2632 1709 2657 rmliee
1732 2630 1862 2657 Medicao

1079 2665 1174 2699 legitur
1188 2665 1228 2698 ἐφ’
1244 2673 1284 2695 οπς
1307 2664 1350 2689 δ.ὰ
1373 2665 1421 2695 τὰς
1443 2665 1567 2696 τοιαύτας
1582 2666 1734 2697 κολάζοιντο
1757 2666 1863 2699 προφά-

1081 2708 1136 2730 σεις
1147 2719 1153 2730 ,
1173 2700 1293 2735 νιιιειὶιιδἱ
1305 2699 1444 2735 ni_l'allor.
1462 2699 1523 2726 Mox
1540 2701 1609 2727 idem
1625 2704 1707 2735 eglex
1723 2701 1801 2727 habet
1817 2702 1861 2733 εὶς

1079 2735 1221 2768 αἰσχίστην
1233 2733 1324 2768 ἔληξεν
1337 2731 1431 2768 ἧτταν.

1115 2770 1169 2804 (74)
1193 2769 1413 2804 Ἐπηρτημένων
1426 2769 1534 2797 κακῶν.
1549 2770 1638 2803 Codex
1655 2769 1796 2797 Medicaaus
1811 2770 1860 2796 ha-

1080 2804 1125 2831 bet
1140 2804 1221 2839 ἐπηρ.
1239 2803 1343 2839 δεινῶν.
1359 2804 1401 2839 νΕι
1425 2806 1504 2838 paulo
1518 2810 1584 2831 'ante
1604 2806 1629 2831 iu
1652 2807 1745 2833 eodem
1762 2806 1860 2833 codice

1080 2839 1177 2875 legitur
1186 2837 1220 2865 ἐκ
1231 2837 1283 2866 τῶν
1294 2837 1612 2873 τοιούτωνὰναφύονται.
1628 2846 1681 2868 etc.
