2000 3167
156 188 228 217 1009

646 199 651 205 ·
685 191 728 218 DE
748 190 828 218 VITA
846 186 1078 218 CONSTANTINI
1097 191 1161 218 LIB.
1182 191 1213 219 ll.

1709 192 1778 221 IOIO

154 249 296 284 τάττομεν,
317 248 391 280 ὅπως
409 249 434 275 οἱ
450 249 532 285 μέχρι
557 249 604 276 νῦν
620 250 676 285 (92)
695 250 766 286 ὀρῶν
788 259 817 277 τε
838 251 939 286 δυσχω-

994 259 1044 278 ntts
1066 251 1196 278 montium
1228 251 1438 285 asperitatibus,
1462 254 1489 278 et
1513 250 1678 278 circumfuso
1709 251 1777 278 mari

156 294 226 330 ρίαις
241 294 287 321 καὶ
301 294 459 330 περιρρύτῳ
479 296 730 332 περικεκλεισμένω
747 297 879 334 Θαλάσσῃ,
893 298 942 333 τῆς

155 340 319 376 σκυθρωπῆς
338 341 383 366 καὶ
406 341 587 376 ἀπανθρώπου
619 343 735 379 ἐρημίας
756 343 943 378 ἐλευθερωθέν-

153 394 208 417 τες,
218 387 273 418 τοῖς
285 386 422 421 φιλτάτοις
434 388 503 421 σφᾶς
514 388 610 420 αὐτοὺς
621 388 753 423 ἁποδῷεν,
762 389 807 414 τὸν
818 390 943 415 εὐκταῖον

154 431 235 458 πόθον
252 431 458 467 πληρώσαντες·
473 433 499 458 οἵ
506 441 534 458 τε
547 433 676 468 πενιχρὰν
693 433 738 459 ἐπὶ
752 433 833 461 πολὺν
849 434 942 470 χρόνον

153 476 226 513 ζωὴν
253 478 322 512 μετὰ
348 488 418 510 τινος
445 479 630 515 ἀποτροπαίου
649 480 734 516 ῥύπου
760 480 814 514 (95)
838 481 940 515 διῆγον,

153 520 208 550 οἷον
223 524 358 560 ἆρπαγμά
373 534 398 551 τι
412 526 460 560 τὴν
477 526 604 552 ἐπάνοδον
620 526 808 562 ποιησάμενοι,
826 527 872 553 καὶ
889 526 941 553 τῶν

153 569 300 605 φροντίδων
315 572 353 602 εἰς
368 571 397 597 τὸ
411 572 502 598 λοιπὸν
519 572 732 607 ἀπηλλαγμένοι,
748 573 784 608 μὴ
804 573 871 608 μετὰ.
890 573 938 608 φό-

154 615 200 642 ϐου
218 616 265 642 σὺν
284 616 348 651 ἡμῖν
365 617 419 651 (III)
436 617 531 652 βιῷεν·
552 618 619 653 μετὰ
646 619 727 653 φόϐου
748 619 802 654 γὰρ
816 620 860 652 frg‘
874 620 940 654 ἡμῖν

154 661 239 695 βιοῦν,
252 661 277 688 οἳ
297 662 363 688 Θεοῦ
379 663 542 697 [θεράποντες
553 662 621 690 εἶναι
639 664 775 699 αὑχοῦμέν
790 673 819 690 τε
837 664 883 691 καὶ
901 674 942 692 πι-

153 707 293 743 στεύομεν,
312 709 359 734 καὶ
375 709 414 740 εἰς
429 709 513 744 ἀκοὴν
535 709 620 736 ἐλθεῖν
640 711 728 745 μόνον,
747 710 788 745 εἴη
807 711 860 737 τῶν
879 711 940 737 ἀτο-

153 754 296 786 πωτάτων,
323 755 420 790 μήτιγε
444 756 491 782 καὶ
513 756 674 783 πιστεῦσαι·
697 757 722 784 οἳ
738 757 784 783 καὶ
800 757 849 788 τὰς
865 757 941 783 ἀλλο-

153 800 230 835 τρίας
241 800 377 836 ἁμαρτίας
387 802 509 838 διορθοῦν
525 803 696 838 πεφύκαμεν.
717 813 723 829 ι

409 848 605 875 ΚΕΦΑΛΛΙΟΝ
624 849 681 875 ΛΒ’.

155 892 229 925 Τοὺς
244 892 279 920 ὲν
289 893 450 927 μετάλλοις
465 894 513 920 καί
534 893 689 928 δημοσίοις
710 895 937 930 ἀτιμασθέντας.
954 925 975 952 Β

190 979 198 995 ι
213 970 288 996 Ὅσοι
307 970 356 1005 μὲν
370 967 416 996 οὖν
430 971 446 1005 ἢ
462 971 611 1006 μοχθηραῖς
627 971 797 1006 μεταλλείαις
813 973 940 1007 ὲμπονεῖν

153 1013 389 1050 κατεγνώσθησαν,
414 1015 430 1050 ἦ
451 1015 501 1047 τὰς
521 1016 588 1051 πρὸς
610 1017 666 1049 τοῖς
690 1017 829 1052 δημοσίοις
851 1016 940 1052 ἔργοις

153 1060 303 1095 ὑπηρεσίας
325 1061 455 1096 πληροῦν,
478 1061 531 1088 τῶν
551 1062 670 1098 διαρκῶν
686 1063 792 1098 μόχῠων
809 1063 858 1098 τὴν
876 1063 940 1097 γλυ-

153 1108 228 1133 κεῖαν
250 1106 346 1142 σχολὴν
367 1107 422 1142 (95)
441 1108 632 1143 ἀμειψάμενοι1
651 1108 814 1144 κουφότερον
835 1108 940 1135 καὶτὸν

153 1153 211 1186 μετ’
225 1153 348 1185 ἐξουσίας
435 1154 564 1189 βιούντων
582 1156 648 1191 βίον,
666 1155 715 1187 τὰς
736 1155 872 1190 ἀμέτρους
886 1155 939 1181 τῶν

152 1199 241 1226 πόνων
261 1199 356 1235 ἀηδίας
378 1190 418 1232 είς
436 1202 551 1236 πραεῖαν
568 1200 659 1227 ἄνεσιν
675 1200 885 1231 καταλύσαντες.
908 1200 938 1226 EI

152 1244 179 1271 δὲ
191 1245 236 1271 καὶ
250 1245 300 1280 τῆς
314 1247 411 1281 κοινῆς.
422 1246 476 1281 (96)
489 1246 645 1282 παρρησίας
656 1245 838 1277 ἀποπεσόντες
852 1245 940 1281 ὑπάρ-

153 1290 224 1325 χοιέν
254 1299 327 1323 τινες
347 1292 396 1318 καὶ
418 1292 633 1327 δυστυχήσαντες
659 1291 787 1326 ἀτιμίαν,
812 1292 871 1327 μετ’
895 1292 939 1318 εὑ-

152 1336 289 1372 φροσύνης
303 1338 351 1371 τῆς
370 1338 573 1373 προσηκούσης,
587 1335 642 1364 οἷον
656 1338 797 1374 ἀποδημίᾳ,
812 1338 864 1364 τινὶ
876 1346 938 1374 χρο-

152 1382 201 1417 νίῳ
219 1382 398 1418 χωρισθεῖσαν
422 1383 470 1418 τὴν
490 1383 628 1419 προτέραν
650 1383 727 1415 ἀξίαν
749 1383 936 1417 ἀναλαόόντες,

152 1426 197 1453 ἐπὶ
210 1426 261 1459 τὰς
277 1427 369 1454 αὐτῶν
382 1428 584 1462 ὲπειγέσθωσαν
601 1428 744 1464 πατρίδας.
774 1437 784 1454 ι

405 1474 603 1502 ΚΕΦΑΛΑΙΘΝ
621 1475 682 1502 AI".

256 1521 327 1555 Περὶ
346 1521 537 1557 ὀμολογητῶν
554 1521 831 1556 στρατευσαμένων.

190 1576 200 1592 α
220 1567 257 1594 Οὐ
272 1567 325 1602 μὴν
341 1566 409 1594 ἀλλὰ
425 1568 473 1594 καὶ
491 1569 546 1600 τοῖς
560 1567 724 1601 ἐξετασθεῖσι
733 1567 781 1603 μὲν
795 1568 840 1594 ἐπὶ
855 1576 937 1604 στρα-

153 1600 291 1643 τιωτικαῖς
302 1600 391 1644 αξίαις
408 1612 464 1647 (97)
478 1612 553 1644 ποτὲ,
569 1600 671 1639 τούτων
685 1612 713 1639 δὲ
723 1600 768 1650 διὰ
781 1612 830 1648 τὴν
847 1600 936 1648 ἀπηνῆ
952 1600 974 1632 c

152 1664 180 1682 τε
196 1656 243 1682 καὶ
253 1656 343 1683 ἄδικον
356 1656 491 1692 πρόφασιν
507 1656 680 1689 ἐκπεσοῦσιν,
696 1657 779 1683 ὅτιτὸ
795 1656 938 1690 γινώσκειν

152 1701 183 1728 τδ
195 1703 325 1737 Κρεϊττον
335 1702 540 1739 ὁμολογοῦντες,
553 1703 740 1738 προύτίμησαν
755 1703 810 1739 (98)
822 1701 855 1739 ἦς
867 1702 937 1738 εἶχον

152 1748 239 1781 ἀξίας,
256 1749 361 1785 αἱρετὸν
375 1749 445 1776 ἔστω
464 1749 533 1785 πρὸς
561 1749 702 1785 βούλησιν,
718 1750 734 1784 ἢ
751 1749 785 1776 τὰ
808 1758 939 1785 στρατιω-

152 1793 215 1820 τικὰ
228 1794 385 1829 στέργουσιν
399 1794 441 1829 ἐφ’
454 1791 538 1830 οὗπερ
554 1792 625 1830 ἦσαν
647 1795 785 1830 σχήματος
804 1795 902 1830 μένειν,

152 1840 222 1875 μετὰ
238 1840 361 1875 ἀφέσεως
375 1841 483 1876 ἐντίμου
496 1840 641 1876 ἐλευθέραν
658 1841 734 1875 ἄγειν
747 1841 802 1875 (99)
821 1841 918 1876 σχολήν
928 1850 935 1857 ·

151 1885 257 1921 πρέπον
275 1885 329 1922 γὰρ
352 1886 385 1913 ἂν
397 1885 439 1921 εἴη
455 1886 502 1913 καὶ
515 1885 670 1918 ἀκόλουθον,
685 1887 730 1912 τὸν
742 1886 875 1921 τοσαύτην
894 1895 937 1922 με·

151 1930 317 1966 γαλοψυχίαν
334 1932 381 1959 καὶ
405 1931 552 1967 καρτερίαν
572 1931 640 1967 πρὸς
661 1932 723 1963 τοὺς
743 1931 936 1967 ἐπενεχθέντας

152 1977 290 2009 κινδύνους
315 1977 532 2013 ἐπιδειξάμενον,
549 1979 597 2005 καὶ
621 1978 728 2013 «ξι-χολῆς,
752 1978 775 2004 εἰ
801 1978 935 2013 βούλοιτο,

152 2024 200 2051 καὶ
213 2024 295 2060 τιμῆς
311 2024 378 2061 πρὸς
394 2024 442 2060 τὴν
453 2023 558 2060 αἵρεσιν
575 2024 730 2050 ἀπολαύειν.
747 2034 756 2049 ›

153 2156 212 2185 Non
228 2156 287 2184 sine
306 2164 387 2184 causa
402 2157 470 2184 dixit
483 2158 514 2183 οὐ
534 2157 720 2192 βουλομένους,
741 2162 853 2191 propter
876 2164 935 2184 mo-

154 2192 255 2220 nachos
266 2192 312 2225 qui
329 2193 355 2218 in
368 2193 464 2219 insulis
477 2193 626 2219 solitariam
642 2193 725 2219 vitam
738 2193 882 2227 degebant.

995 296 1211 333 559lconclusi
1232 296 1433 330 fuerunt,tristi
1452 296 1557 324 tandem
1579 300 1606 323 et
1632 297 1777 323 inhumana

994 341 1140 369 solitudine
1153 342 1274 374 liberali,
1289 342 1392 376 seipsos
1408 342 1567 376 propinquis
1581 347 1608 369 et
1625 341 1721 368 amicis
1730 347 1776 368 re-

994 388 1122 420 stituant,
1137 395 1286 422 eorumque
1301 392 1363 415 vola
1383 396 1414 415 ac
1425 387 1558 416 desideria
1584 387 1718 422 expleant.
1744 386 1777 413 Et

993 433 1038 468 qui
1059 433 1085 460 in
1103 441 1208 460 summa
1220 437 1340 468 egestate
1354 440 1385 460 ac
1400 433 1527 467 squalore
1556 432 1704 460 miserabili
1717 431 1777 459 diu-

992 479 1097 506 tissime
1121 479 1259 510 vixerunt,
1284 479 1372 505 reditu
1389 484 1516 513 tanquam
1544 480 1634 513 praeda
1659 478 1775 512 quadam

993 525 1059 560 ipsis
1081 524 1170 553 oblata
1186 524 1276 559 potiti,
1293 525 1420 559 curisque
1435 524 1461 551 in
1476 529 1614 559 posterum
1646 524 1775 555 absoluti,

992 572 1094 605 absque
1120 577 1192 598 metu
1218 571 1316 605 degant
1341 571 1492 598 nobiscum.
1523 570 1589 597 Nam
1614 578 1675 597 cum
1705 575 1776 597 metu

992 625 1152 652 quemquam
1175 617 1273 652 degere
1288 616 1367 644 nobis
1386 616 1575 651 regnantibus,
1595 615 1641 651 qui
1663 615 1777 643 famulos

993 665 1039 691 Dei
1056 672 1105 691 nos
1116 671 1177 691 esse
1199 668 1224 690 et
1240 664 1389 698 gloriantur
1403 668 1431 690 et
1446 662 1592 694 credimus,
1610 671 1653 690 res
1671 669 1711 692 est
1736 663 1777 690 vel

992 710 1083 737 auditu
1106 710 1164 744 ipso
1179 709 1386 742 absurdissima,
1408 709 1506 736 nedum
1526 713 1557 735 ut
1581 709 1656 736 credi
1680 709 1775 744 possit.

992 756 1097 789 Quippe
1111 756 1146 781 ita
1162 755 1310 790 comparati
1325 761 1429 788 sumus,
1441 759 1470 781 ut
1482 754 1568 782 aliena
1580 754 1675 782 delicta
1686 761 1777 782 emen-

992 802 1096 828 denttts.
1114 811 1124 827 ι

1263 845 1376 874 CAPUT
1394 845 1501 873 XXXII.

998 894 1062 921 Item
1076 903 1120 921 eos
1139 894 1184 928 qui
1201 894 1235 920 ad
1249 894 1356 920 metalla
1373 898 1396 920 et
1420 893 1455 919 ad
1476 892 1582 926 publica
1600 900 1679 926 opera
1701 892 1777 927 igno-

1194 929 1302 955 miniose
1316 928 1435 954 damnati
1450 928 1566 962 fuerant.

1027 984 1037 1001 ι
1050 974 1209 1008 Quicunque
1225 974 1306 1001 etiam
1321 979 1367 1000 aut
1380 974 1411 1000 ad
1424 973 1588 1000 laboriosum
1597 979 1664 1007 opus
1676 973 1775 999 metal-

991 1019 1090 1053 lorum,
1107 1024 1154 1046 aut
1171 1020 1205 1046 ad
1220 1020 1389 1054 publicorum
1406 1025 1518 1053 operum
1533 1017 1684 1044 ministeria
1700 1017 1775 1044 dam-

992 1065 1047 1093 nati
1059 1070 1133 1098 sunt,
1160 1066 1188 1092 hi
1214 1064 1351 1093 continuis
1378 1064 1518 1091 laboribus
1542 1070 1603 1091 cum
1629 1062 1699 1091 dulci
1718 1064 1774 1090 otio

991 1111 1174 1143 commutatis,
1203 1111 1331 1138 leviorem
1365 1111 1491 1145 deinceps
1517 1114 1545 1137 et
1566 1117 1599 1137 ex
1623 1110 1706 1137 animi
1732 1111 1773 1137 sui

991 1157 1125 1185 sententia
1142 1157 1223 1184 vitam
1239 1161 1332 1191 agant,
1347 1161 1375 1183 et
1395 1155 1569 1183 immoderati
1596 1155 1699 1183 laboris
1714 1163 1774 1183 mo-

990 1202 1081 1230 lestias
1102 1202 1175 1229 molli
1196 1209 1227 1230 ac
1245 1201 1349 1236 placida
1367 1201 1458 1236 quiete
1484 1200 1657 1229 concludant.
1682 1201 1715 1229 Et
1733 1206 1773 1228 ta-

991 1249 1067 1276 metsi
1080 1248 1200 1275 nonnulli
1215 1255 1308 1275 eorum
1320 1248 1456 1275 communi
1471 1248 1596 1276 libertate
1609 1247 1772 1284 exciderint,

989 1298 1016 1321 et
1029 1294 1138 1321 infantia
1152 1294 1235 1321 notati
1256 1294 1321 1325 sint,
1353 1293 1496 1328 pristinam
1516 1293 1675 1328 dignitatem
1699 1292 1774 1319 velut

989 1339 1115 1367 diuturna
1134 1339 1356 1374 peregrinatione
1371 1339 1405 1365 ab
1427 1339 1493 1373 ipsis
1515 1343 1725 1374 sequestratam,
1740 1345 1773 1365 eo

989 1392 1043 1418 quo
1061 1385 1139 1411 decet
1163 1383 1261 1418 gaudio
1283 1388 1489 1417 recuperantes,
1507 1384 1535 1411 in
1548 1391 1626 1411 suam
1654 1384 1772 1418 patriam

990 1431 1078 1459 redire
1093 1430 1231 1458 festinent.
1252 1439 1261 1456 ι

1252 1475 1366 1503 CAPUT
1387 1475 1506 1503 XXXIII.

1129 1525 1167 1550 De
1178 1522 1370 1556 confeswribus
1386 1523 1431 1557 qui
1446 1522 1632 1548 militaverant.

1026 1578 1037 1595 ‹
1049 1568 1103 1595 Illis
1112 1573 1243 1603 praeterea
1255 1568 1300 1602 qui
1309 1567 1419 1594 militari
1429 1567 1560 1602 dignitate
1568 1566 1632 1593 olim
1642 1565 1772 1597 decorati,

990 1614 1093 1642 crudeli
1112 1614 1228 1649 quodam
1247 1618 1327 1648 atque
1340 1614 1433 1648 iniquo
1450 1617 1583 1647 prmtextu
1607 1619 1638 1639 ea
1662 1611 1774 1640 excide-

991 1664 1074 1692 runt,
1094 1659 1153 1686 ideo
1178 1658 1283 1686 scilicet
1307 1659 1378 1692 quod
1404 1657 1507 1684 cultum
1528 1656 1576 1683 Dei
1600 1655 1774 1691 profitentes,

991 1704 1115 1740 dignitati
1140 1711 1195 1732 suae
1220 1707 1439 1738 anteponerent,
1474 1702 1589 1730 liberum
1615 1702 1651 1728 sit
1676 1700 1775 1735 eligere

991 1755 1082 1777 utrum
1103 1749 1210 1782 malint,
1228 1757 1262 1776 an
1278 1749 1403 1776 militiam
1418 1752 1571 1782 repetentes
1586 1747 1613 1773 in
1636 1745 1730 1773 eodem
1748 1746 1774 1772 in

992 1803 1046 1831 quo
1060 1796 1136 1830 prius
1152 1795 1260 1822 fuerant
1273 1800 1345 1822 statu
1358 1801 1518 1828 permanere
1533 1801 1540 1826 ;
1556 1800 1589 1820 an
1606 1800 1667 1819 cttm
1688 1792 1775 1819 hone—

992 1846 1032 1868 sta
1049 1841 1179 1868 missione
1199 1839 1282 1867 libere
1298 1846 1390 1873 agere.
1411 1838 1531 1872 (Equum
1548 1838 1620 1864 enim
1634 1841 1662 1864 et
1675 1836 1775 1863 rationi

990 1891 1205 1915 consentaneum
1227 1885 1319 1919 fuerit,
1340 1889 1369 1912 ut
1391 1886 1414 1912 is
1434 1884 1479 1919 qui
1495 1883 1522 1911 in
1549 1882 1691 1911 tormentis
1715 1889 1775 1916 quat

991 1933 1045 1968 ipsi
1056 1932 1130 1960 illata
1144 1937 1208 1960 sunt
1221 1930 1401 1966 perferendis,
1419 1934 1522 1956 tantam
1537 1928 1619 1956 animi
1639 1928 1775 1961 magnitu-

990 1979 1080 2005 dinem
1109 1982 1137 2005 et
1163 1976 1346 2004 constantiam
1371 1975 1530 2008 declaravit,
1545 1974 1589 2002 vel
1601 1974 1657 2001 otio
1672 1973 1714 2001 vel
1731 1973 1774 2001 dl-

988 2025 1089 2059 gnitate
1106 2031 1153 2059 pro
1168 2024 1300 2051 arbitratu
1315 2030 1365 2050 suo
1378 2022 1504 2057 potiatur.
1528 2031 1537 2046 ι

991 2166 1038 2184 mu
1051 2158 1191 2185 sustineat.
1207 2157 1272 2190 Quae
1289 2156 1372 2184 lectio
1384 2156 1519 2184 sincerior
1536 2156 1603 2184 mihi
1616 2156 1725 2184 videtur
1743 2165 1774 2185 ac

991 2193 1097 2226 planior
1119 2199 1199 2226 quam
1218 2192 1336 2227 vulgata.

190 2226 407 2267 (92)_"0:t_o)c__ol
425 2227 513 2267 μέχρι
527 2227 699 2267 νῦνεᾉιίιθι·
715 2226 845 2267 scriptum
861 2227 938 2267 exhi-

991 2262 996 2267 _
1025 2227 1082 2267 (95)
1102 2226 1406 2267 ΝυΙξτὴζΥλύκεον
1430 2226 1561 2267 σχοᾼήν.
1585 2227 1675 2255 Codex
1703 2226 1773 2255 Med.

154 2260 200 2289 bet
211 2262 301 2297 codex_
312 2260 529 2297 Medicreus,"lioc
547 2262 651 2289 scilicet
664 2263 743 2290 modo
762 2260 778 2289 τί
789 2262 863 2293 ὅπως
887 2261 936 2297 μὸ-

991 2260 1222 2296 Ιηῦθίγλυκέῖαν,
1230 2260 1406 2290 Ἑιιίιειῐιιηυε
1420 2260 1535 2296 γλυκίωζ

153 2297 195 2328 λις
210 2297 274 2323 ποτὲ
290 2295 360 2332 ὁρῶν
376 2305 415 2329 τε,
429 2302 482 2323 etc.
500 2297 533 2323 Et
559 2297 638 2329 paulo
663 2302 722 2332 post
743 2297 842 2328 αὐτοὺς
866 2295 935 2323 ἀπο-

153 2332 233 2358 δοῖεν.
253 2332 317 2358 Item
331 2332 355 2358 οἳ
371 2332 511 2366 πενιχράν,
531 2336 584 2358 etc.

190 2366 245 2402 (95)
270 2367 484 2401 Ἀποτροπηίου
505 2368 615 2401 ῥύπου.
641 2366 669 2402 In
689 2367 783 2394 Codice
807 2367 936 2395 llledicmo

154 2402 284 2435 scriptum
300 2402 388 2438 inveni
400 2402 603 2438 προστροπαίου
617 2401 712 2437 ῥύπου.
721 2402 806 2438 Quod
817 2402 936 2430 fortasse

156 2438 258 2473 rectius
272 2441 324 2473 est.
337 2437 363 2463 Id
383 2442 473 2464 autem
490 2437 704 2472 signiticat,cum
719 2437 853 2464 invidioso
868 2446 937 2473 quo-

156 2471 217 2498 dam
231 2471 367 2505 squalore.

191 2505 246 2541 (94)
282 2506 331 2540 Μὴ
370 2506 444 2540 μετὰ
481 2507 576 2540 φόϐου
611 2506 672 2533 σὺν
714 2506 796 2540 ἡμῖν.
845 2507 935 2540 Longe

155 2541 232 2568 aliter
249 2545 320 2567 totus
333 2541 376 2567 Itic
393 2542 468 2567 locus
483 2542 612 2568 scribitur
632 2542 657 2568 in
679 2542 772 2568 codice
798 2541 935 2569 Medicam.

153 2576 289 2612 Punc_tum
302 2576 373 2612 enim
389 2576 564 2612 finalerhabet
579 2582 639 2612 post
656 2584 749 2612 vocem
765 2577 938 2612 ἀπηλλαγμὲ-

154 2619 212 2648 νοιζ
225 2610 326 2648 Deinde
341 2611 490 2648 ita_scribit
509 2620 515 2638 :
539 2611 616 2648 Μετὰ
634 2611 717 2648 φοϐου
730 2611 783 2648 γὰρ
800 2610 844 2647 ὑφ’
871 2610 936 2647 ἡμῖν

155 2644 239 2681 βὶοὖν,
255 2644 280 2670 οἳ
296 2644 361 2681 Θεού
378 2644 539 2681 θεράποντες
553 2644 622 2673 εἶναι
633 2644 814 2681 αὐχοῦμζέντε
824 2644 938 2673 ’καιτα-

114 2714 122 2719 _
155 2679 285 2719 στεύομξν
295 2687 301 2694 ·
312 2679 359 2719 κα)
371 2679 415 2711 εἰς
424 2679 506 2719 ἀκοὴν
520 2681 606 2719 ἐλθεῖν
622 2679 701 2719 μόνον
714 2679 824 2719 εἴην-τῶν
832 2683 938 2719 ἀτοπω-

153 2717 242 2753 τάτων
258 2714 301 2745 ἂν,
321 2715 357 2753 μέ,
375 2723 400 2741 τι
415 2723 446 2753 γε
467 2715 518 2753 μὴν
535 2715 551 2750 ἢ
572 2714 728 2753 μοχθηρίας,
797 2718 846 2749 τὰς
871 2717 938 2753 πρὸς

155 2752 210 2787 τοῖς
231 2749 322 2785 ἔργοις
336 2749 474 2787 δημοσίοις
491 2749 641 2787 ὑπηρεσίας
650 2749 788 2787 πληροῦν.
808 2753 834 2779 ltl
858 2749 910 2780 est.
928 2761 936 2779 :

157 2784 229 2822 Νηιιι
245 2784 305 2822 eant
319 2790 387 2811 metu
400 2784 446 2810 sub
462 2785 536 2822 nobis
551 2784 881 2822 principibus'degere,qui
896 2787 938 2821 [a-

154 2820 240 2856 mulos
259 2819 306 2846 Dei
329 2827 376 2856 nos
388 2827 446 2856 esse
462 2824 484 2856 et
502 2820 648 2856 gloriamur
667 2827 692 2848 et
711 2819 877 2856 conﬁdimns.
896 2819 938 2848 ’ποί

154 2854 210 2881 Iulo
226 2855 319 2881 auditu
339 2854 527 2893 absurdissima
537 2862 576 2880 res
596 2855 694 2893 fauit;
711 2854 805 2884 nedum
818 2857 933 2893 nl'quis-

154 2897 234 2916 uuam
258 2894 302 2916 aut
314 2889 489 2922 metallorum,
501 2895 546 2916 aut
554 2890 717 2923 publicarum
728 2900 833 2925 operum
844 2889 938 2920 (erutu-

1023 2297 1079 2333 (96)
1096 2298 1175 2331 Vulg.
1198 2298 1232 2325 El
1252 2297 1302 2324 καὶ
1315 2297 1370 2331 τῆς
1383 2298 1497 2331 κοινῆς.
1516 2297 1613 2333 Scribe
1632 2305 1666 2325 ex
1680 2297 1774 2326 codice

987 2332 1115 2360 Medicam
1134 2334 1158 2359 εἰ
1174 2333 1202 2359 δὲ
1217 2333 1264 2359 καί
1280 2333 1360 2366 longe
1384 2334 1496 2359 rectius.
1521 2332 1667 2360 Turnebus
1682 2333 1708 2359 in
1723 2340 1774 2359 stto

987 2368 1081 2395 codice
1106 2369 1297 2395 emendaverat
1315 2368 1363 2394 καὶ
1386 2368 1410 2394 εἰ
1426 2367 1477 2402 τῆς
1494 2367 1586 2403 κοινῇς
1605 2367 1774 2403 παρρησίας,

986 2409 1040 2430 etc.
1056 2403 1109 2429 Sed
1132 2403 1221 2430 verior
1236 2407 1278 2429 est
1303 2403 1382 2429 lectio
1408 2403 1509 2429 codicis
1535 2401 1671 2435 Medieaai,‘
1692 2401 1774 2437 quam

987 2438 1132 2465 confirmat
1147 2438 1228 2465 etiam
1248 2438 1333 2464 codex
1350 2437 1526 2464 Fuketiauus.

1022 2472 1078 2507 (97)
1114 2472 1176 2499 Ἐπὶ
1193 2472 1416 2506 στρατιωτικαῖς
1438 2472 1547 2505 ἀξίαις.
1574 2473 1665 2500 Codex
1695 2472 1770 2499 Medi-

987 2515 1058 2543 caaus
1078 2507 1159 2543 habet
1169 2508 1199 2534 ὲν
1216 2509 1425 2543 στρατιωτικαῖς
1443 2507 1487 2540 ἀξ.
1503 2508 1534 2534 Ει
1549 2508 1628 2542 paulo
1646 2512 1707 2543 post
1730 2507 1774 2534 διὰ

986 2542 1035 2578 τὴν
1054 2542 1156 2577 ἀπηνῆ,
1171 2548 1223 2578 etc.

1025 2578 1081 2613 (98)
1105 2576 1327 2613 Προὺτέμησαν.
1354 2578 1383 2604 In
1411 2579 1506 2613 codice
1525 2577 1652 2605 Medicam
1675 2576 1774 2613 legitur

987 2610 1181 2676 Ξτροτιμὸτέρον
1247 2610 1319 2648 εἶχον
1343 2613 1421 2645 ἀξίας
1433 2611 1511 2649 ἦγον,
1529 2613 1598 2640 ἔστω
1623 2613 1691 2649 πρὸς
1705 2610 1774 2647 βού-

1004 2657 1076 2676 now.

1024 2657 1076 2675 σιν.

1096 2682 1181 2719 Vulg:
1192 2683 1372 2719 ἐλευθερίαν
1388 2683 1488 2719 ἄγειν.
1526 2683 1713 2719 εστίικξηιίυιηᾲ
1733 2689 1773 2711 est

989 2717 1032 2745 ρκ’
1047 2718 1141 2745 codice
1155 2718 1285 2754 Illedicaro
1301 2718 1445 2754 ἐλευθέραν
1469 2719 1545 2753 ἄγειν
1568 2718 1677 2754 σχολήν.
1696 2717 1773 2751 Quod

989 2755 1133 2780 continuat
1151 2753 1321 2781 Sozomenus
1345 2754 1371 2780 itt
1398 2754 1444 2781 lib.
1463 2762 1483 2784 ι.
1512 2762 1572 2788 cap.
1589 2754 1616 2785 8,
1642 2754 1685 2780 ubi
1704 2754 1774 2780 Itane

988 2788 1161 2815 Constantini
1183 2788 1266 2823 legem
1284 2789 1309 2815 in
1321 2789 1512 2822 compendium
1524 2788 1627 2815 retulit.
1639 2788 1667 2815 In
1680 2789 1774 2815 codice

989 2823 1056 2860 [ιλιι.
1084 2824 1213 2857 scriptum
1244 2823 1332 2860 inveni
1361 2823 1478 2860 ἐντίμως
1502 2823 1658 2860 ἐλευθερίαν
1682 2823 1771 2860 ἄγειν.

989 2858 1138 2895 Medicaeus
1151 2866 1216 2895 vero
1237 2859 1370 2894 scriptum
1397 2859 1479 2886 habet
1498 2858 1604 2895 ἔντιμοί
1629 2859 1772 2895 ἐλεύθεραι

990 2894 1066 2925 ἄγειν
1083 2892 1191 2926 σγολήν.
