2000 3167
169 151 239 178 1029

711 147 755 175 DE
775 147 855 176 V'iTA
873 145 1102 175 CONSTANTINI
1121 145 1186 175 LIB.
1204 146 1236 175 ll.

1711 148 1725 174 l
1730 147 1781 176 050

169 209 270 235 ίστατο·
282 207 440 244 σωφροσύνη
451 208 473 234 δ’
483 209 515 244 ἢν
532 207 584 234 τῶν
595 207 730 242 πολεμίων
744 207 830 239 οὐδεὶς
843 207 954 241 ἠδίκησε

1007 211 1077 233 rent.
1093 205 1196 240 Quippe
1226 205 1393 238 modestiam,
1410 213 1490 240 quam
1509 205 1592 241 468
1615 213 1664 233 nec
1692 206 1782 234 hostes

168 253 287 286 πώποτε,
305 254 420 289 ὀργίλων
443 253 559 280 πολιτῶν
583 253 725 288 παροινίας
747 254 884 289 πάρεργον
899 253 953 287 ἐγί-

168 309 226 326 νετο
237 299 303 335 (65).
322 300 400 326 Ποῖον
417 298 482 334 πῦρ,
501 300 574 327 ποῖαι
591 299 711 334 βάσανοι,
730 300 803 326 ποῖον
819 298 951 334 στρεϐλω-

167 347 268 382 τηρίων
285 345 352 378 εἶδος
363 347 423 382 οῦχὶ
433 346 516 372 παντὶ
527 344 631 380 σώματι
646 346 692 372 καὶ
704 345 796 380 ἡλικία
812 345 884 380 πάσῃ
895 341 950 380 (64)

168 393 331 428 ἀδιακρίτως
347 392 516 427 προσήγετο;
541 391 577 418 Τὸ
602 390 751 426 τηνικαῦτα
770 391 883 426 ἐδάκρυε
902 391 951 426 μὲν

167 439 358 474 ἀναμφιϐόλως
430 439 477 473 γῆ,
495 439 508 465 ό
530 438 558 465 δὲ
586 438 621 464 τὰ
649 437 792 472 σύμπαντα
817 438 951 473 περιέχων

168 485 270 520 κόσμος
292 484 332 519 τῷ
342 484 431 521 λύθρῳ
442 484 618 520 χραινόμενος
633 484 799 518 ἀπεκλᾲετο·
851 492 881 517 γε
899 483 950 519 μὴν

167 530 258 566 ἡμέρα
273 530 340 566 αὐτὴ
357 529 396 565 τῷ
413 529 504 556 πένθει
523 529 716 565 τοῦ-θαύματος
728 528 949 556 ἐνεκαλύπτετο.»

420 662 618 689 ΚΕΦΑΛΜΟΝ
638 662 700 688 NI".

241 708 303 734 Ὅτι
313 707 457 742 ,βάρϐαροι
474 708 669 741 Χριστιανοὺς
685 707 879 740 ὑπεδέξαντο.

206 766 215 781 ‹
233 755 311 782 Ἀλλὰ
327 756 352 782 τί
360 755 458 786 ταῦτας
475 755 591 789 Αῦχοῦσι
599 754 645 782 νῦν
662 756 704 781 ἐπ’
724 755 837 786 ἐκείνοις
851 755 875 780 οἱ
892 754 954 789 βὰρ·

170 801 258 836 ὗαροι,
274 802 298 827 οἱ
312 802 373 832 τοὺς
386 802 445 828 κατ’
460 802 546 826 ἐκεῖνο
560 800 654 836 καιροῦ
669 799 699 832 ἐξ
713 800 791 835 ἡμῶν
804 799 952 834 φεύγοντας

170 847 393 882 ὑποδεδεγμένοι,
427 847 473 873 καὶ
511 845 752 890 φιλανθρωποτάτη
785 846 953 881 τηρήσαντες

170 893 356 928 αἰχμαλωσίᾳ·
374 893 412 919 ὅτι
432 894 459 919 οὐ
487 883 565 928 μόνον
589 892 639 927 τὴν
657 891 800 927 σωτηρίαν,
819 891 885 917 ἀλλὰ
907 891 953 917 καὶ
969 877 990 904 Β

169 939 204 965 τὰ
223 939 271 974 τῆς
298 939 459 973 σεμνότητος
485 939 575 970 αὐτοῖς
591 937 759 973 κατέστησαν
776 939 804 964 ἐν
820 937 953 971 ἀσφαλείᾳ

171 984 252 1019 ἔχειν.
280 986 336 1011 Καὶ
355 985 403 1011 νῦν
427 985 456 1010 τὸ
479 984 619 1019 Ῥωμαίων
644 983 722 1018 γένος
742 983 838 1018 κηλῖδα
853 982 953 1016 ταύτην

170 1030 280 1065 διηνεκῆ
300 1030 387 1065 φέρει,
411 1030 444 1065 ἢν
457 1031 482 1056 οἱ
505 1031 565 1056 κατ’
592 1030 679 1056 ἐκεῖνο
700 1029 795 1064 καιροῦ
813 1029 863 1063 τῆς
889 1028 954 1054 Ῥω-

172 1075 271 1110 μαῖκῆς
284 1075 445 1111 οἰκουμένης
459 1075 630 1110 ἐλαυνόμενοι
650 1073 807 1110 Χριστιανοὶ
831 1074 877 1101 καὶ
889 1073 954 1110 βαρ-

171 1120 265 1155 ϐάροις
280 1120 497 1156 προσφεύγοντες
511 1119 734 1156 προσετρίψαντο.
753 1128 762 1145 ι

425 1208 622 1235 ΚΕΦΑΛΑΙΟΝ
635 1208 696 1234 NA’.

170 1255 245 1282 Ποία
256 1254 387 1289 μετῆλθε
403 1255 470 1288 δίκη
488 1254 558 1286 τοὺς
582 1253 630 1280 διὰ
650 1254 707 1288 τὴν
726 1254 870 1288 μαντείαν
890 1253 954 1280 διώ-

503 1298 583 1322 κτοις.

208 1345 217 1360 ι
239 1335 318 1361 Ἀλλὰ
332 1335 358 1361 τί
372 1335 425 1362 τῶν
440 1335 545 1371 Θρήνων
556 1335 665 1362 ἐκείνων
679 1336 724 1362 καὶ
732 1334 779 1362 τοῦ
795 1335 884 1362 κοινοῦ
904 1336 955 1371 τῆς

171 1381 333 1416 οἰκουμένης
349 1380 474 1412 πένθους,
492 1382 538 1407 ἐπὶ
556 1381 636 1408 πλέον
662 1380 815 1416 μεμνῆσθαί
840 1390 874 1417 με
897 1381 953 1414 δεῖ;

172 1427 297 1462 Οἰχονται
312 1427 403 1454 λοιπὸν
418 1428 465 1453 καὶ
476 1428 573 1454 ἐκεῖνοι
590 1428 614 1453 oi
632 1427 679 1454 τοῦ
702 1427 801 1463 μύσους
817 1427 953 1459 αὐθένται,

172 1472 241 1508 πρὸς
252 1472 362 1507 διηνεκῆ
377 1472 486 1499 κόλασιν
500 1474 555 1505 τοῖς
574 1473 728 1509 Ἀχέροντος
746 1473 890 1509 βαράθροις
910 1475 956 1500 ὲκ-

171 1517 303 1549 δοθέντες,
319 1518 366 1544 σὺν
381 1518 485 1554 αἰσχρῷ
501 1518 581 1545 τέλει.
600 1519 730 1554 Πολέμοις
746 1519 799 1555 γὰρ
815 1520 954 1555 ἐμφυλίοις

172 1563 380 1597 καταμιγέντες,
396 1562 450 1589 οὔτ’
466 1563 558 1598 ὄνομα,
569 1563 631 1590 οὔτε
647 1565 724 1599 γένος
737 1564 825 1591 αὐτῶν
839 1566 954 1592 καταλε-

172 1607 306 1634 λοίπασιν.
327 1608 359 1634 Ὃ
373 1608 405 1644 δὴ
421 1609 470 1635 οὐκ
485 1609 518 1635 ἂν
536 1609 628 1640 αὐτοῖς
647 1609 824 1645 συμϐεϐήκει,
839 1611 863 1636 εί
883 1610 920 1646 μὴ
937 1611 953 1646 ἡ

172 1653 274 1688 ἀσεϐὴς
290 1654 380 1689 ἐκείνη
396 1654 449 1680 τῶν
465 1654 512 1680 τοῦ
529 1654 629 1681 Πυθίου
650 1656 823 1691 χρηστηρίων
844 1657 955 1691 μαντεία

173 1698 298 1734 κίϐδηλον
308 1699 420 1735 δύναμιν
435 1701 555 1736 ὲσχήκει.
564 1710 572 1725 ι

430 1745 626 1771 ΚΕΦΑΔΛΙΟΝ
645 1746 707 1771 NE'.

172 1790 576 1827 ΔοξολοτιαγΚωνσταντίν-ρυ
593 1792 636 1824 εὶς
650 1791 732 1827 Geor,
749 1791 797 1818 καὶ
813 1793 955 1827 ὀμολογΙα

209 1825 277 1862 περὶ
294 1826 346 1852 τοῦ
362 1826 487 1862 σημείου
502 1825 555 1862 τοῦ
574 1826 716 1860 στιιιςρῡῦ,
730 1827 779 1853 καὶ
793 1825 868 1862 εὐχὴ
888 1825 955 1862 περὶ

215 1860 402 1895 Ἐκκλησιῶν
413 1859 462 1887 καὶ
474 1860 564 1887 λαῶν.
650 1859 655 1860 ⁷
821 1863 824 1866 ’

212 1915 221 1930 ε
236 1906 269 1932 Σὲ
280 1906 337 1938 νῦν,
351 1906 396 1933 τὸν
409 1906 534 1942 μέγιστον
544 1907 780 1943 Θεὺν,παρακαλῶ,
798 1908 857 1943 sing
869 1909 955 1944 πρᾶός

173 1960 203 1977 τε
217 1951 263 1977 καὶ
279 1952 396 1987 εὐμενὴς
410 1953 465 1983 τοῖς
483 1953 538 1983 σοῖς
555 1952 722 1984 ἀνατολικοῖς
732 1961 738 1968 ·
755 1953 812 1988 εἴης
825 1954 890 1980 πᾶσι
899 1956 955 1986 τοῖς

174 1999 230 2029 σοῖς
258 1997 454 2033 ἐπαρχεώταις,
472 1998 525 2024 ὑπὸ
554 1999 660 2033 χρονίου
685 2001 825 2035 συμφορᾶς
850 2009 955 2036 συντρι-

174 2044 254 2075 ὃεῖσι,
265 2043 297 2070 δι’
310 2043 377 2079 ἐμοῦ
392 2043 438 2070 τοῦ
450 2043 496 2070 σοῦ
514 2043 675 2080 θεράποντος
689 2045 791 2081 ὀρέγων
807 2047 888 2074 ἴασιν.
901 2048 955 2074 Καὶ

172 2090 260 2116 ταῦτά
273 2098 304 2124 γε
318 2090 385 2116 αἰτῶ
401 2090 451 2117 οὐκ
467 2091 627 2123 ἀπεικότως,
643 2089 664 2117 ὦ
684 2092 805 2119 Δέσποτα
821 2093 873 2119 τῶν
886 2094 954 2120 ὅλων

174 2135 235 2169 ἅγιε
260 2135 328 2162 Θεέ·
348 2136 408 2167 ταῖς
423 2136 481 2166 σαῖς
507 2135 560 2171 γὰρ
577 2136 744 2172 ὑφηγήσεσιν
766 2138 954 2174 ἐνεστησάμην

175 2180 331 2216 σωτηριώδη
357 2181 506 2216 πράγματα
523 2181 569 2207 καὶ
584 2181 709 2217 διήνυσα·
728 2182 778 2218 τὴν
795 2183 845 2218 σὴν
869 2192 954 2218 σφρα-

173 2228 234 2262 γῖδα
245 2227 379 2262 πανταχοῦ
394 2227 620 2263 προϐαλλόμενος,
641 2228 793 2255 καλλινίκου
808 2229 955 2265 ἡγησάμην

175 2273 289 2308 στρατοῦ
300 2282 306 2288 ·
320 2273 370 2300 κᾶν
382 2273 432 2299 πού
443 2281 485 2304 τις
498 2272 550 2299 τῶν
567 2272 702 2308 δημοσίων
716 2273 784 2310 καλῇ
799 2275 887 2310 χρεία,
901 2277 957 2307 τοῖς

174 2319 266 2351 αὐτοῖς
284 2319 334 2354 τῆς
351 2319 401 2354 σῆς
427 2319 526 2354 ἀρετῆς
548 2319 679 2353 ἑπόμενος
703 2319 884 2354 συνθήμασιν,
910 2321 956 2346 ἐπὶ

174 2366 237 2396 τοὺς
254 2365 398 2400 πολεμίους
410 2365 531 2400 πρόειμι.
551 2364 599 2390 Διὰ
615 2364 701 2391 ταῦτά
715 2373 756 2391 τοι
779 2365 898 2401 ἁνέθηκά
916 2374 956 2392 σοι

173 2410 223 2446 τὴν
234 2411 351 2446 ἐμαυτοῦ
363 2411 461 2446 ψυχὴν,
473 2410 553 2446 ἔρωτι
565 2411 611 2436 καὶ
618 2410 691 2445 φόϐῳ
703 2410 829 2446 καθαρῶς
841 2412 957 2446 ἀνακρα-

176 2457 266 2484 θεῖσαν
276 2465 283 2473 ν
301 2457 331 2483 τὺ
346 2457 395 2492 μὲν
409 2456 463 2492 γὰρ
478 2456 564 2492 ὄνομα
583 2465 628 2483 σου
643 2456 761 2491 γνησίως
777 2457 886 2491 ἀγαπῶ,
907 2458 955 2492 τὴν

175 2502 202 2529 δὲ
226 2502 339 2538 δύναμιν
358 2502 533 2538 εὐλαϐοῦμαι,
546 2503 579 2538 ἢν
595 2502 700 2534 πολλοῖς
716 2503 874 2539 τεκμηρίοις
890 2503 957 2530 ἔδει·

176 2547 244 2580 ξας,
266 2549 313 2574 καὶ
333 2548 382 2583 τὴν
407 2548 475 2583 ἐμὴν
502 2549 593 2575 πίστιν
622 2547 796 2584 βεϐαιοτέραν
825 2549 955 2584 εἰργάσω.

182 2593 340 2628 Ἐπείγομαι
356 2594 419 2627 γοῦν
429 2595 475 2620 καὶ
488 2596 550 2627 τοὺς
564 2594 654 2630 ὤμους
668 2595 747 2626 αὐτὸς
759 2594 884 2630 ὑποσχὼν
894 2596 956 2627 τοὺς

175 2640 268 2676 ἐμοὺς,
286 2640 330 2666 τὸν
355 2640 502 2673 ἁγιώτατόν
519 2649 560 2667 σοι
574 2639 646 2668 οἷκον
661 2641 716 2677 (65)
743 2640 955 2674 ἀνανεώσασθαι,

212 2717 267 2753 (65)
287 2718 445 2750 Παροινίας
463 2717 610 2753 πάρεργον
629 2719 753 2753 ἐγένετο.
770 2717 816 2745 Sic
832 2726 911 2752 supra
928 2718 954 2745 in

177 2753 247 2780 libro
262 2753 348 2789 primo
360 2753 393 2778 de
407 2753 505 2789 Severo
523 2754 628 2789 (Lassare
649 2755 718 2781 dixit
737 2753 869 2789 Eusebius
880 2753 955 2789 fith-

177 2796 256 2822 εργον
274 2788 380 2821 ἐγένετο
403 2787 527 2823 θανάτου,
545 2788 588 2814 ubi
605 2789 666 2816 vide
682 2797 741 2823 quas
764 2789 796 2815 de
812 2788 863 2814 hac
879 2787 954 2814 iocu—

178 2821 251 2885 hicne
274 2823 474 2851 adnotavimus.
496 2821 562 2850 Nam
580 2821 740 2858 interpretes
761 2823 826 2851 nihil
850 2823 894 2851 hic
911 2824 953 2851 vi-

196 2863 284 2885 erunt.

196 2863 284 2886 erunt.

1003 251 1053 285 ipsi
1082 251 1133 276 ulla
1160 259 1276 284 unquam
1292 251 1441 278 atl‘ecerunt
1459 255 1567 286 nqurra;
1590 251 1693 278 etfcrati
1709 251 1781 278 cives

1002 297 1108 330 probris
1137 296 1262 323 omnibus
1290 296 1425 324 incessere
1448 304 1496 331 pro
1523 297 1606 324 nihilo
1634 297 1779 325 duxerunt.

1001 341 1142 375 Quodnam
1158 341 1324 374 incendium,
1339 343 1409 376 quod
1425 342 1593 370 cruciatuum
1613 347 1640 370 et
1661 349 1782 371 tormen-

1003 392 1090 414 torum
1106 395 1190 422 genus
1204 387 1291 415 cuivis
1304 389 1409 422 corpori
1420 393 1446 414 et
1461 389 1531 415 aetati
1547 388 1649 423 absque
1661 389 1715 416 ullo
1726 389 1781 416 dis-

1002 432 1115 460 crimine
1135 433 1273 460 admotum
1299 440 1351 459 non
1375 433 1445 459 fuit?
1470 433 1506 460 Ea
1522 438 1679 468 tempestate
1702 434 1782 461 tellus

1002 478 1108 512 quidem
1126 478 1182 512 ipsa
1197 478 1288 513 procul
1311 478 1393 506 dubio
1409 478 1544 514 lacrymas
1561 480 1645 507 edidit
1660 489 1666 507 :
1682 480 1780 507 caelum

1001 531 1066 550 vero
1076 525 1147 558 quod
1159 524 1283 551 universa
1295 531 1344 551 suo
1357 524 1457 551 ambitu
1473 524 1671 559 complectitur,
1683 532 1781 552 cruore

1002 569 1171 603 inquinatum
1199 570 1342 605 ingemuit.
1372 570 1430 604 Ipsa
1453 577 1560 604 quoque
1586 570 1637 597 diei
1658 571 1701 597 lux
1727 579 1781 606 prae

1002 613 1075 642 luctu
1091 619 1171 650 atque
1182 615 1296 643 horrore
1308 615 1373 641 tanti
1389 614 1502 649 prodigii
1517 615 1661 642 obscurata
1680 619 1732 641 est.
1753 623 1763 640 ι

1288 659 1401 687 CAPUT
1428 659 1494 685 Llli.

1080 704 1217 737 Quomodo
1231 705 1344 732 Barbari
1359 705 1525 732 Christianos
1540 709 1705 739 exceperunt.

1039 760 1049 776 ι
1064 750 1115 777 Sed
1141 752 1205 785 quid
1222 752 1272 778 ista
1295 751 1493 778 commemoro?
1506 751 1662 778 Gloriantur
1677 751 1711 778 ob
1726 750 1784 778 haec

1003 805 1073 824 nunc
1098 797 1220 830 Barbari,
1235 798 1281 831 qui
1298 798 1420 824 homines
1441 805 1473 824 ex
1502 797 1603 824 nostris
1630 797 1784 831 regionibus

1004 842 1133 877 profugos
1149 847 1212 869 tunc
1228 843 1356 877 temporis
1370 846 1545 877 exceperunt,
1560 846 1588 868 et.
1602 843 1723 877 captivos
1734 843 1784 869 htt-

1004 889 1121 916 maniter
1149 888 1323 915 habuerunt:
1340 888 1437 923 quippe
1463 895 1522 915 cum
1549 887 1603 915 illis
1629 895 1681 914 non
1704 890 1783 914 modo

1003 935 1129 966 salutem,
1152 941 1245 961 verum
1260 934 1341 961 etiam
1359 933 1496 968 religionis
1522 940 1577 960 sua:-
1591 933 1691 960 cullum
1715 933 1784 960 inle«

1004 991 1080 1018 grum
1099 982 1168 1017 apud
1190 989 1218 1008 se
1236 982 1352 1008 retinere
1367 981 1550 1015 permiserint.
1571 980 1664 1015 Itaque
1684 987 1783 1015 perpe-

1004 1032 1076 1054 tuant
1094 1028 1162 1054 hanc
1186 1027 1303 1054 infamia:
1319 1032 1409 1053 notam
1437 1027 1548 1053 Romani
1573 1034 1643 1053 nunc
1664 1031 1782 1060 gestant,

1004 1082 1083 1109 quam
1109 1073 1256 1101 Christiani
1273 1081 1307 1101 ex
1324 1074 1390 1101 orbe
1414 1074 1535 1101 Romano
1560 1080 1607 1108 per
1634 1073 1660 1100 id
1679 1077 1783 1107 tempus

1003 1120 1098 1154 fugati,
1116 1124 1143 1147 et
1159 1120 1199 1155 ad,
1214 1121 1347 1148 Barbaros
1370 1120 1572 1154 confugientes,
1590 1119 1657 1154 ipsis
1676 1119 1782 1147 inusse—

1003 1170 1076 1194 runt.
1102 1175 1112 1192 ι

1292 1211 1405 1239 CAPUT
1426 1210 1492 1238 LIV.

1005 1258 1140 1291 Quomodo
1163 1259 1250 1285 divina
1271 1258 1370 1298 ultione
1389 1258 1474 1292 puniti
1488 1257 1551 1287 sint,
1569 1257 1614 1291 qui
1627 1264 1660 1284 ea;
1675 1255 1783 1283 oraculo

1178 1297 1381 1328 persecutionem
1405 1297 1607 1319 commoverant.

1044 1346 1054 1363 ι
1069 1337 1120 1365 Sed
1138 1338 1201 1372 quid
1215 1345 1281 1372 opus
1289 1341 1330 1364 est
1345 1337 1510 1364 lamentaiiia
1523 1342 1549 1364 et
1564 1344 1730 1364 communem
1743 1340 1784 1363 to-

1005 1384 1057 1411 tius
1083 1385 1156 1411 orbis
1179 1383 1279 1411 luctum
1303 1383 1426 1418 pluribus
1446 1383 1535 1410 verbis
1552 1383 1784 1410 commemorare?

1005 1430 1045 1456 illi
1074 1429 1139 1456 tanti
1184 1428 1295 1455 sceleris
1313 1432 1451 1460 auctores,
1475 1428 1594 1462 posthaec
1619 1428 1689 1462 turpi
1710 1428 1783 1454 exitu

1004 1476 1121 1510 periere,
1138 1475 1163 1501 in
1175 1473 1335 1501 Acherontis
1348 1473 1504 1500 barathrum
1518 1473 1552 1500 ad
1565 1478 1707 1508 perpetuos
1719 1481 1785 1500 cru-

1006 1521 1091 1548 ciatus
1107 1520 1221 1548 detrusi.
1237 1519 1303 1546 Nam
1319 1519 1444 1546 civilibus
1458 1519 1529 1546 inter
1545 1527 1574 1546 se
1595 1519 1681 1546 collisi
1694 1519 1783 1551 bellis,

1007 1574 1056 1593 nec
1070 1565 1195 1597 nominis,
1206 1572 1255 1592 nec
1266 1565 1372 1600 generis
1384 1565 1425 1592 sui
1436 1564 1593 1592 memoriam
1607 1564 1783 1599 reliquerunt.

1004 1612 1082 1644 Quod
1093 1611 1215 1647 profecto
1232 1618 1368 1645 nunquam
1383 1610 1626 1645 ipsis‘contigisset,
1637 1611 1688 1637 nisi
1703 1610 1783 1644 impia

1005 1657 1050 1684 illa
1066 1657 1196 1692 Apollinis
1207 1656 1294 1692 Pythii
1312 1656 1481 1688 vaticinatio,
1492 1655 1588 1683 falsam
1601 1656 1746 1690 quamdam
1758 1661 1786 1684 et

1005 1702 1185 1730 adulterinam
1202 1703 1255 1729 vim
1272 1702 1396 1729 haberet.
1415 1711 1424 1728 ι

1295 1747 1409 1775 CAPUT
1440 1746 1496 1774 LV.

1034 1803 1224 1832 Constantinus
1239 1803 1294 1831 Deo
1309 1804 1421 1839 gloriam
1435 1803 1654 1839 lribuiILsignum
1669 1803 1754 1830 crucis

1134 1839 1284 1873 conﬁtetur,
1302 1836 1325 1866 ἐι
1336 1845 1460 1874 precatur
1474 1847 1519 1871 pro
1527 1836 1661 1865 Ecclesia.

1042 1915 1051 1931 ‹
1070 1905 1146 1933 hunc
1160 1905 1273 1936 te,Deus
1286 1904 1484 1940 0pt.Max.,nro
1498 1910 1579 1940 atque
1600 1906 1722 1938 obsecro,
1748 1906 1785 1934 sis

1006 1951 1126 1979 clemens
1141 1959 1172 1978 ac
1188 1952 1322 1986 propitius
1334 1958 1396 1985 erga
1412 1956 1471 1978 tuos
1482 1951 1629 1978 orientales
1644 1960 1651 1978 :
1669 1951 1706 1979 sis
1722 1959 1784 1986 erga

1005 2002 1116 2025 cunctos
1140 1997 1322 2032 provinciales
1344 1997 1479 2025 diuturnis
1494 1998 1693 2025 calamitatibus
1708 1999 1784 2025 attri-

1005 2048 1047 2070 tos
1060 2052 1067 2071 :
1084 2044 1169 2078 iisque
1184 2051 1232 2078 per
1246 2051 1288 2070 me
1306 2043 1435 2070 famulum
1452 2049 1526 2070 tuum
1540 2043 1653 2080 salutem
1663 2043 1786 2072 conferre

1005 2090 1080 2117 retis.
1106 2090 1194 2124 Atque
1216 2089 1273 2116 haec
1296 2097 1348 2116 non
1372 2089 1430 2117 sine
1454 2097 1534 2116 causa
1558 2090 1606 2117 abs
1625 2094 1651 2117 te
1668 2090 1783 2124 postulo,

1005 2137 1125 2163 omnium
1151 2136 1265 2163 Domine
1278 2135 1360 2171 5.69
1373 2139 1401 2162 et
1424 2141 1516 2163 sancte
1537 2136 1619 2163 Deus.
1635 2135 1693 2162 Tuo
1713 2136 1784 2163 enim

1007 2184 1088 2209 ductu
1113 2187 1193 2217 atque
1219 2183 1339 2217 auspicio
1356 2189 1400 2209 res
1425 2182 1555 2208 salutares
1578 2182 1683 2216 suscepi
1705 2187 1786 2216 atque

1008 2228 1120 2262 perfeci.
1135 2228 1220 2255 Tuum
1236 2228 1342 2263 signum
1363 2228 1462 2262 ubique
1479 2227 1635 2263 praeferens,
1655 2227 1785 2254 victorem

1008 2275 1158 2301 exercitum
1184 2274 1257 2302 duxi.
1286 2274 1319 2301 Et
1340 2274 1554 2309 quotiescunque
1574 2273 1680 2308 publica
1704 2272 1787 2307 exigit

1009 2319 1175 2350 necessitas,
1195 2324 1246 2345 tua:
1259 2318 1369 2345 virtutis
1387 2318 1502 2353 insignia
1518 2325 1645 2353 sequens,
1659 2318 1787 2344 adversus

1007 2364 1099 2391 hostes
1111 2365 1280 2399 progredior.
1290 2363 1343 2391 llas
1353 2365 1387 2391 ob
1400 2371 1495 2391 causas
1505 2363 1552 2391 tibi
1564 2363 1683 2390 animum
1697 2370 1786 2390 meum

1007 2410 1105 2441 dicavi,
1122 2416 1213 2436 amore
1234 2409 1315 2436 simul
1330 2416 1361 2437 ac
1381 2410 1477 2437 timore
1490 2409 1573 2445 probe
1597 2414 1785 2443 temperatum.

1007 2456 1073 2483 Nam
1098 2460 1198 2484 nOmen
1225 2457 1332 2491 quidem
1351 2461 1425 2484 tuum
1445 2457 1549 2484 sincere
1571 2457 1652 2491 diligo
1669 2466 1675 2484 :
1693 2462 1788 2492 poten-

1009 2503 1072 2530 tiam
1095 2507 1183 2529 autem
1206 2510 1286 2536 quam
1302 2502 1393 2529 multis
1411 2502 1577 2530 documentis
1592 2503 1747 2536 declarasti,
1761 2508 1787 2528 et

1008 2557 1059 2584 qua
1090 2549 1168 2574 ﬁdem
1195 2555 1282 2574 meam
1309 2549 1485 2580 conﬁrmasti,
1513 2549 1637 2583 religiose
1660 2549 1786 2576 formido.

1010 2595 1119 2622 Festino
1136 2595 1225 2628 itaque
1242 2602 1315 2621 meos
1328 2595 1384 2629 ipse
1397 2596 1522 2622 humeros
1537 2595 1610 2630 operi
1623 2597 1787 2629 supponens,

1011 2647 1042 2668 nt
1063 2641 1264 2668 sanctissimam
1281 2641 1388 2667 domum
1420 2645 1503 2673 tuam,
1534 2649 1613 2676 quam
1629 2642 1723 2669 nefarii
1750 2641 1788 2668 illi

1044 2718 1100 2752 (64)
1115 2718 1170 2745 Καὶ
1187 2719 1290 2753 ἡλικίᾳ
1311 2717 1515 2753 πάσῃηϐοᾱοκ
1533 2718 1788 2753 Fuketii~seriptum

1006 2753 1115 2789 exhibet
1129 2754 1178 2788 οὐχ
1195 2754 1289 2789 ἡλικίᾳ
1306 2753 1390 2789 πάσῃ.
1411 2752 1494 2789 Paulo
1513 2759 1572 2788 post
1588 2755 1613 2780 in
1630 2752 1723 2789 eodem
1741 2761 1791 2789 cor-

1005 2788 1064 2824 di_ce
1084 2789 1152 2824 etin
1168 2788 1281 2824 sctieilis'
1291 2788 1382 2824 Regiis
1396 2788 1525 2815 scribitur
1541 2788 1558 2823 ἦ
1574 2797 1605 2822 γε
1619 2788 1708 2824 ἡμέρα
1719 2789 1753 2815 ab

1006 2822 1044 2857 τῷ
1057 2823 1148 2850 πένθει
1165 2823 1210 2850 τοῦ
1226 2823 1252 2851 θ.
1268 2822 1473 2857 ἐνεκαλύπτετο.

1042 2858 1099 2892 (65)
1121 2858 1176 2886 Τὸν
1190 2858 1351 2893 ἁγιώτατόν
1363 2865 1412 2886 σοι
1423 2856 1516 2886 οἷκον.
1531 2858 1680 2888 Ecclesiam
1695 2857 1788 2888 catho-
