2000 3167
235 141 304 170 1031

589 139 724 169 EUSEBII
741 140 979 170 CESARIENSIS
997 141 1074 169 OPP.
1095 141 1186 169 PARS
1205 142 1225 169 Ι.
1245 157 1279 162 -
1298 141 1494 170 HISTORICA.

1784 145 1861 173 103‘!

235 205 316 235 atque
341 199 414 234 impii
433 199 563 228 scelerata
589 206 735 228 eversione
758 204 909 233 vastarunt,
929 202 998 228 denu

1069 200 1099 226 ὃν
1110 201 1134 226 οἱ
1153 201 1269 236 μυσαροὶ
1283 201 1381 228 ἐκεῖνοι
1393 203 1440 229 καὶ
1454 202 1630 229 ἀσεϐέστατοι
1644 201 1684 238 τῷ
1701 202 1788 239 ἁτοπή
1794 212 1864 239 ματι

235 245 394 273 instaurem.
417 253 428 270 ι

522 289 636 318 CAPUT
663 289 728 318 LVI.

252 336 391 370 Quomodo
404 343 492 363 annm
506 336 612 371 quidem
633 335 799 363 Christianos
815 343 871 363 esse
891 337 999 371 optauit,

453 372 582 398 neminem
598 377 685 398 autem
702 371 796 406 coegit.

274 428 284 446 ι
297 417 427 454 Equidem
442 416 568 452 populum
587 421 660 444 tuum
676 421 770 452 pacate
784 424 817 445 ac
833 418 891 446 sine
907 418 958 445 ulla
976 426 1018 447 se-

234 465 336 494 ditione
355 464 463 500 degere,
477 470 527 498 pro
548 463 685 491 communi
702 463 785 492 totius
799 464 873 492 orbis
888 469 916 492 et
932 472 1016 492 cunc-

233 515 323 539 torum
338 509 491 538 mortalium
505 509 623 536 utilitate
637 509 771 538 desidero.
785 509 835 543 Qui
848 514 936 538 autent
950 518 1016 545 gen-

233 556 336 585 tilitatis
348 563 442 584 errore
459 553 589 589 implicati
602 558 676 587 Sunt,
700 555 748 589 ipsi
765 562 873 590 quoque
892 556 1015 584 eamdem

232 611 294 631 cum
309 601 433 630 iidelibus
459 600 534 636 pacis
556 604 584 627 et
605 600 706 635 quietis
730 600 939 629 oblectationem
961 601 1015 630 ιτειί

231 648 394 684 percipiant.
420 646 483 674 llaec
507 645 579 674 enim
606 646 806 675 cammttnionis
826 654 858 675 ac
875 647 1014 675 societatis

232 697 331 721 mutuae
345 691 493 726 reparatio,
513 690 546 718 ad
569 690 692 719 homines
708 691 735 718 in
754 697 855 719 rectam
882 692 953 719 viam
969 699 1013 720 re-

230 738 369 766 ducendos
390 737 536 772 plurimum
556 737 638 764 valet.
661 736 747 765 Nemo
763 737 842 765 alteri
859 738 1012 766 molestiam

230 783 355 811 facessat.
371 782 448 815 Quod
462 781 562 816 cuique
575 781 681 810 libitum
699 782 796 815 fuerit,
813 783 839 810 id
856 787 927 818 agat.
946 782 1012 810 lllud

231 833 320 856 tamen
335 829 405 863 apud
421 835 469 855 eos
484 828 529 862 qui
544 833 617 856 recte
629 828 752 856 sentiunt
764 827 847 855 lixum
869 833 1013 863 ratumque

1067 246 1118 282 τῆς
1131 246 1317 282 καθαιρέσεως
1327 247 1506 282 ἐλυμήναντο.
1527 257 1536 273 ι

1324 293 1522 320 ΚΕΦΛΛΛΙΟΝ
1538 294 1608 328 Νςν.

1068 336 1133 363 ὀτι
1145 337 1343 371 προσεύχεται
1356 337 1415 371 μὲν
1427 339 1624 372 Χριστιανοὺς
1635 337 1712 366 εἶναι
1727 339 1858 373 πάντας,

1312 373 1367 399 οὐκ
1386 372 1542 407 ἀναγκάζει
1555 374 1598 401 δέ.

1105 427 1114 443 ι
1127 418 1284 453 Εἰρηνεύειν
1303 427 1349 445 σου
1362 418 1410 445 τὸν
1423 419 1486 446 λαὸν
1503 421 1550 447 καὶ
1569 421 1748 448 ἀστασίαστον
1763 422 1857 457 μένειν

1066 463 1202 499 ἐπιθυμῶ,
1222 464 1292 499 ὑπὲρ
1313 464 1360 491 τοῦ
1384 465 1474 492 κοινοῦ
1497 466 1548 501 τῆς
1568 468 1729 503 οἰκουμένης
1744 469 1790 495 καὶ
1807 469 1856 496 τοῦ

1066 509 1174 536 πάντων
1190 510 1339 545 ἀνθρώπων
1357 511 1502 547 χρησίμου.
1519 513 1629 548 Ὀμοίαν
1638 515 1695 546 τοῖς
1710 514 1857 541 πιστεύουο

1067 563 1108 582 σιν
1128 556 1152 582 οἱ
1169 555 1338 590 πλανώμενοι
1356 556 1496 592 χαίροντες
1518 557 1728 593 λαμϐανέτωσαν
1740 561 1857 596 εἰρήνης

1063 610 1094 628 τε
1108 602 1155 627 καὶ
1167 601 1281 637 ἡσυχίας
1292 601 1451 630 ἀπόλαυσιν.
1465 603 1539 639 Αὕτη
1549 604 1603 640 γὰρ
1614 606 1630 640 ἠ
1645 604 1695 640 τῆς
1710 607 1854 639 κοινωνίας

1065 646 1267 682 ἐπανόρθωσις,
1297 648 1344 674 καὶ
1367 648 1436 683 πρὸς
1462 649 1512 685 τὴν
1534 650 1642 677 εὐθεῖαν
1665 651 1777 685 ἀγαγεῖν
1793 653 1853 679 ὁδὸν

1066 693 1151 728 ἰσχύει
1171 693 1237 729 (66).
1255 694 1360 729 Μηδεὶς
1376 695 1422 722 τὸν
1444 696 1536 732 ἕτερον
1553 697 1766 733 παρενοχλείτω·
1787 699 1853 726 ’ἑκα-

1064 748 1126 772 στος
1137 741 1204 776 ὅπερ
1219 741 1317 777 ἡψυχὴ
1327 741 1461 776 βούλεται,
1477 744 1555 770 τοῦτο
1567 745 1614 771 καὶ
1626 746 1768 780 πραττέτω
1782 747 1850 782 (67).

1063 785 1132 818 Τοὺς
1144 786 1166 813 δ’
1181 784 1210 813 εὖ
1226 788 1390 823 φρονοῦντας
1403 790 1548 817 πεπεῖσθαι
1559 791 1623 826 χρὴ,
1637 791 1675 823 ὡς
1689 789 1760 819 οὗτοι
1774 793 1851 828 μόνοι

1063 831 1147 865 ἁγίως
1173 833 1220 859 καὶ
1248 833 1375 869 καθαρῶς
1403 835 1558 870 βιώσονται,
1582 836 1629 868 οὓς
1653 837 1735 870 αὐτὸς
1757 838 1852 870 καλεῖς

229 881 290 901 esse
302 878 420 908 oportet,
436 873 510 901 solos
522 873 582 901 illos
596 877 692 902 sancte
702 879 833 908 casteque
848 881 908 902 esse
921 875 1002 902 vicu-

1062 875 1283 904 ὲπαναπαύεσθαι
1298 881 1353 911 τοῖς
1371 881 1426 912 σοῖς
1443 880 1530 915 ἁγίοις
1545 881 1646 916 νόμοις.
1659 883 1690 909 Οἱ
1703 882 1725 908 δ’
1736 884 1851 916 ἑαυτοὺς

229 927 285 952 ros,
298 926 365 953 qttos
384 924 411 946 tu
429 920 487 954 ipse
501 920 534 947 ad
549 919 600 947 hoc
622 919 765 951 vocavisti,
783 924 812 946 ut
826 920 1010 947 sacrosanctis

227 966 281 993 tuis
302 965 403 1001 legibus
419 966 605 1001 acquiescant.
617 965 668 1000 Qui
687 973 755 994 vero
777 966 881 1000 seipsos
903 965 1011 994 subtrao

228 1012 306 1044 hunt.
321 1012 441 1040 habeant
460 1012 512 1040 sibi
535 1012 739 1039 mendaciorum
764 1011 887 1045 delubra,
903 1012 1010 1046 quando

226 1058 264 1086 ita
289 1058 390 1086 volunt.
408 1057 463 1086 Nos
484 1057 731 1092 splendidissimam
752 1057 862 1086 domum
886 1058 1010 1086 veritatis

226 1109 278 1133 tute
293 1112 375 1140 quam
391 1105 567 1133 nascentibus
581 1103 661 1132 nobis
676 1103 793 1136 donasti,
808 1104 966 1131 retinemus.
980 1104 1009 1131 id

1063 921 1235 956 ἀφέλκοντες.
1254 925 1369 960 ἑχόντων
1386 926 1540 961 βουλόμενοι
1557 928 1591 955 τὰ
1610 928 1659 963 τῆς
1675 929 1851 964 ψευδολογίας

1062 967 1161 1003 τεμένη
1171 976 1177 982 '
1194 969 1276 1004 ἡμεῖς
1293 969 1390 1006 ἔχομεν
1405 971 1451 998 τὸν
1467 972 1645 1008 φαιδρότατον
1658 974 1707 1009 τῆς
1720 975 1769 1010 σῆς
1783 975 1851 1010 άλη-

1062 1013 1138 1046 Θείας
1150 1012 1233 1048 οἷκον,
1249 1016 1332 1052 ὅνπερ
1345 1017 1415 1044 κατὰ
1429 1017 1510 1052 φύσιν
1519 1018 1648 1050 δέδωκας.
1660 1019 1744 1047 Τοῦτο
1758 1021 1850 1048 κάκεί-

1061 1068 1118 1092 νοις
1133 1061 1278 1097 εὐχόμεθα,
1294 1063 1338 1090 ἵνα
1348 1063 1449 1099 δηλαδὴ
1469 1064 1513 1091 διὰ
1535 1065 1585 1100 τῆς
1607 1066 1700 1101 κοινῆς
1721 1067 1849 1102 ὁμονοίας

1061 1106 1109 1133 καὶ
1125 1108 1201 1134 αὐτοὶ
1214 1108 1262 1144 τὴν
1278 1109 1410 1145 θυμηδίαν
1426 1111 1626 1147 ἀναφέρωνται.
1646 1122 1656 1138 ι

225 1150 312 1186 ipsum
327 1150 380 1179 illis
390 1158 499 1186 quoque
518 1155 655 1187 optamus,
676 1154 706 1178 ut
733 1151 836 1178 scilicet
848 1158 882 1178 ex
904 1151 1040 1178 communi
1069 1153 1188 1181 omnitun
1209 1162 1340 1183 consensu
1366 1161 1447 1191 atque
1464 1158 1622 1190 c0ncordia,
1640 1157 1783 1185 maxinmm
1798 1166 1846 1185 ca-

228 1198 306 1234 piant
319 1198 494 1234 voluptatem.
508 1208 518 1225 ι

510 1243 626 1272 CAPUT
648 1243 726 1272 LVII.

223 1289 340 1318 Gloriam
365 1290 456 1317 tribuit
476 1289 532 1317 Deo
545 1290 590 1324 qui
608 1298 654 1323 per
677 1289 778 1317 Filium
793 1298 870 1317 suum
889 1294 1006 1318 errantes

527 1325 698 1352 illuminavit.

260 1381 270 1398 ι
282 1371 375 1406 Neque
388 1371 460 1398 enim
477 1379 544 1398 u0va
560 1379 592 1398 ac
615 1378 709 1398 recens
721 1375 762 1398 est
778 1375 870 1397 nostra
888 1370 982 1405 religio
997 1378 1004 1396 :

222 1418 269 1446 sed
284 1425 318 1445 ex
333 1425 387 1452 quo
400 1417 481 1452 hujus
498 1418 591 1445 mundi
608 1417 740 1444 fabricam
756 1421 819 1450 apte
843 1416 1003 1451 dispositam

220 1462 330 1490 stetisse
343 1461 490 1494 credimus,
516 1465 544 1488 tu
568 1461 637 1488 hanc
655 1461 811 1496 religionem
828 1468 889 1487 cum
912 1461 1003 1488 debita

1316 1247 1513 1274 ΚΕΦΔΛΛΙΟΝ
1535 1248 1597 1274 ΝΖ’.

1059 1291 1222 1327 Δοξολοτία
1242 1293 1285 1325 εις
1306 1292 1380 1320 Θεὸν
1402 1293 1439 1320 δι’
1466 1292 1535 1321 Υῐυῦ
1565 1294 1751 1329 φωτίσαντος
1776 1295 1847 1329 τοὺς

1336 1330 1560 1362 πλανωμένους.

1098 1379 1108 1395 ε
1123 1370 1190 1397 Οὐδὲ
1201 1370 1255 1406 γάρ
1263 1371 1320 1397 ἐστι
1332 1372 1423 1398 καινὸν
1432 1372 1486 1408 (68)
1498 1373 1557 1400 οὐδέ
1565 1382 1591 1400 τι
1599 1374 1728 1410 νεώτερον
1740 1375 1771 1402 τδ
1783 1376 1846 1403 καθ’

1057 1415 1140 1450 ἡμᾶς·
1148 1415 1203 1442 ἀλλ’
1213 1415 1242 1449 ἐξ
1253 1412 1337 1452 οὗπερ
1344 1416 1392 1453 τὴν
1403 1418 1456 1445 τῶν
1464 1418 1532 1446 ὅλων
1545 1419 1726 1456 διακόσμησιν
1735 1422 1844 1456 παγίως

1056 1461 1218 1496 γεγενῆσθαι
1233 1462 1464 1499 πεπιστεύκαμεν,
1482 1464 1551 1498 μετά
1563 1464 1610 1491 τοῦ
1627 1465 1776 1501 πρέποντός
1792 1475 1842 1492 σου

221 1508 258 1534 ιιιί
274 1508 393 1534 nttminis
401 1507 573 1535 observantia
588 1506 741 1534 instituisti.
757 1506 843 1533 Porro
858 1506 1002 1533 humanum

1058 1508 1225 1544 σεδάσματος
1241 1508 1320 1535 τοῦτο
1341 1509 1550 1544 παρεκελεύσω’
1566 1511 1670 1546 ἐσφάλη
1692 1512 1720 1538 δὲ
1741 1512 1773 1538 τὸ
1793 1513 1843 1539 ἀν-

220 1559 305 1588 genus
320 1553 404 1579 variis
415 1552 555 1579 seductum
568 1551 706 1579 erroribus
717 1551 800 1588 470
817 1552 934 1586 impegit.
950 1551 1002 1579 Sed

221 1602 248 1624 tu
264 1605 297 1624 ne
312 1598 362 1625 hoc
380 1597 480 1624 malum
495 1596 612 1632 amplius
627 1597 838 1632 ingravesceret.
850 1595 1000 1630 perFiIinn

220 1648 295 1670 tuum
319 1643 564 1678 splendidissimam
580 1642 706 1670 attollens
727 1642 826 1674 facem,
842 1646 955 1670 cunctos
969 1643 1002 1669 de

219 1691 339 1718 numinis
355 1691 393 1718 tui
409 1690 482 1718 cultu
498 1690 673 1717 admonuisti.
689 1699 699 1716 ι

497 1736 612 1764 CAPUT
631 1735 720 1763 LVIII.

236 1784 335 1812 Iterum
355 1783 410 1811 Deo
433 1781 547 1817 gloriam
569 1783 660 1843 tt'ib‘tltit
686 1791 718 1810 ea:
736 1783 880 1811 ministerio
903 1783 983 1810 totius

556 1826 618 1843 mnn
639 1826 658 1843 ι.

556 1826 634 1844 mnnu
639 1826 646 1844 ι
651 1838 658 1844 .

254 1873 264 1891 ι
279 1863 362 1899 Hujus
377 1863 415 1892 rei
432 1863 511 1891 iidem
532 1863 633 1890 faciunt
648 1871 728 1898 opera
746 1869 800 1890 ttta.
816 1862 872 1890 Tua
892 1871 940 1890 nos
953 1870 1001 1898 po-

218 1915 303 1938 testas
321 1911 478 1937 innocentes
490 1908 572 1936 cﬂicit
584 1917 616 1936 ac
630 1910 732 1936 iideles.
749 1902 795 1937 Sol
810 1915 837 1936 et
852 1909 914 1936 luna
933 1909 1000 1936 ratis

217 1964 249 1983 ac
263 1955 381 1983 deiln'ttis
396 1954 523 1982 cursibus
539 1954 678 1988 feruntur;
691 1962 741 1982 nec
752 1955 811 1982 sine
821 1955 916 1982 ordine
927 1954 1000 1982 circa

216 2001 308 2029 mundi
327 2001 408 2028 totius
421 2007 498 2028 axem
515 2000 604 2027 sidera
618 2000 772 2027 volvuntur.
789 2000 868 2027 Certa
885 2000 943 2035 lege
955 2007 999 2027 re-

215 2053 324 2075 currunt
343 2053 493 2083 temporum
510 2047 595 2074 vices.
611 2046 669 2074 Tuo
687 2048 769 2075 verbo
788 2052 842 2075 stat
862 2052 942 2075 terra:
954 2048 1000 2074 llr-

215 2102 258 2122 ma
277 2094 411 2126 soliditas,
423 2099 451 2121 et
466 2094 537 2121 venti
551 2094 700 2128 prmstituto
714 2099 834 2129 tempore
847 2099 998 2125 moventur,

213 2147 240 2169 et
265 2149 394 2176 aquarum
416 2141 535 2176 itnpetns
563 2141 711 2175 irrequieto
739 2140 813 2168 (luxu
832 2139 998 2174 prolabitur.

1057 1554 1190 1590 θρώπινον
1217 1555 1311 1589 γένος,
1341 1555 1455 1587 πλάναις
1483 1556 1623 1588 παντοίαις
1649 1557 1842 1593 παρηγμένον

1055 1601 1123 1628 ἀλλὰ
1139 1600 1170 1627 σύ
1193 1609 1224 1635 γε
1250 1600 1293 1627 διὰ
1315 1601 1362 1627 τοῦ
1381 1602 1427 1629 σοῠ
1445 1603 1522 1634 Υίοῦ,
1536 1603 1580 1629 ἵνα
1600 1603 1637 1638 μὴ
1647 1603 1677 1630 τὸ
1692 1604 1776 1630 κακὸν
1795 1604 1844 1631 ἐπὶ

1056 1647 1137 1673 πλέον
1151 1647 1289 1683 ἐπιϐρίσῃ,
1305 1647 1424 1684 καθαρὸν
1448 1649 1506 1683 φῶς
1522 1649 1657 1685 ἀνασχὼν,
1683 1650 1844 1686 ὑπέμνησας

1055 1693 1120 1729 περ).
1136 1692 1249 1720 σεαυτοῦ
1265 1694 1327 1725 τοὺς
1341 1693 1453 1726 πάντας.
1468 1704 1477 1720 ι

1305 1741 1502 1767 ΚΕΦΔΛΑΙΟΝ
1516 1741 1584 1768 NH’.

1055 1796 1216 1831 Δοξολογία
1230 1796 1322 1823 πάλιν
1334 1796 1368 1823 ἐκ
1383 1796 1437 1830 τῆς
1447 1797 1501 1823 τοῦ
1511 1797 1627 1832 κόσμου
1641 1799 1841 1834 λειτοιψγιάς.

1093 1871 1102 1887 ι
1115 1863 1146 1888 Ai
1160 1863 1204 1889 σαὶ
1216 1861 1329 1898 πράξεις
1344 1862 1430 1889 ταῦτα
1444 1863 1615 1890 πιστοῦνται·
1637 1864 1666 1891 τὸ
1681 1865 1727 1891 σὺν
1739 1866 1841 1901 κράτος

1055 1907 1159 1940 ἀθὼους
1174 1909 1246 1944 ἡμᾶς
1263 1909 1309 1935 καὶ
1331 1909 1442 1941 πιστοὺς
1461 1909 1606 1945 ἐργάζεται
1616 1918 1622 1924 ·
1635 1910 1713 1945 ἥλιος
1728 1911 1775 1938 καὶ
1791 1920 1838 1938 σε-

1054 1953 1119 1991 λήνη
1146 1954 1256 1990 ἔννομον
1279 1954 1370 1990 ἔχουσι
1386 1955 1435 1988 τὴν
1458 1955 1580 1991 πορείαν,
1607 1956 1668 1982 οὐδὲ
1691 1956 1726 1984 τὰ
1750 1957 1839 1993 ἄστρα

1055 2000 1170 2027 ἄτακτον
1185 2000 1241 2036 ἔχει
1255 2001 1305 2036 τὴν
1324 1999 1370 2026 τοῦ
1394 2001 1526 2036 κοσμικοῦ
1550 2001 1650 2028 κύκλου
1667 2003 1818 2039 περιφοράν
1829 2013 1836 2018 -

1055 2048 1082 2073 αἱ
1099 2047 1153 2073 τῶν
1176 2046 1279 2082 καιρῶν
1295 2046 1408 2081 ἀμοιϐαὶ
1431 2047 1553 2082 νομίμως
1577 2048 1804 2075 ἁνακυκλοῦνται’
1819 2049 1837 2085 ἡ

1054 2092 1103 2128 τῆς
1120 2093 1172 2127 γῆς
1193 2092 1286 2128 ἑδραία
1303 2092 1396 2131 στάσις
1407 2092 1446 2128 τῷ
1460 2092 1498 2127 σῷ
1514 2092 1584 2128 λόγῳ
1609 2093 1771 2129 συνέστηκε·
1790 2095 1838 2121 καὶ

1055 2139 1085 2166 τὸ
1096 2138 1202 2174 πνεῦμα
1218 2139 1288 2165 κατὰ
1299 2138 1344 2165 τὸν
1357 2138 1536 2174 ἐπιταχθέν-ια
1549 2139 1643 2174 καιρὸν
1652 2139 1707 2175 (69)
1720 2141 1837 2167 ποιεῖται

213 2188 286 2215 Mare
301 2187 420 2215 immotis
435 2187 590 2215 ccutinetur
608 2186 741 2213 terminis.
757 2186 790 2213 Et
802 2186 933 2220 quidquid
953 2193 1000 2220 per

1058 2185 1101 2221 τὴν
1114 2185 1232 2220 κίνησιν,
1248 2185 1266 2220 ἦ
1281 2193 1311 2211 τε
1327 2184 1381 2211 τῶν
1397 2184 1499 2211 ὑδάτων
1517 2184 1588 2220 φορὰ
1603 2185 1700 2211 θέουσα
1714 2185 1837 2220 πρόεισιν

214 2239 301 2261 terras
324 2240 425 2268 perque
444 2240 577 2260 oceanum
591 2231 766 2264 diffunditur,
783 2232 835 2258 hoc
859 2231 892 2258 ad
915 2232 1001 2258 maxi-

213 2287 271 2306 mos
291 2284 316 2306 et
332 2278 470 2306 mirabiles
483 2286 549 2305 nsns
563 2278 721 2304 fabricatum
735 2282 786 2305 est.
799 2277 874 2310 Quod
888 2277 999 2312 quidem

212 2326 262 2353 nisi
278 2333 311 2353 ex
326 2326 475 2352 voluntatis
492 2331 546 2353 tua:
560 2325 673 2353 arbitrio
690 2325 725 2351 ita
739 2329 891 2359 gereretur,
905 2323 997 2358 procttl

212 2402 293 2430 licam
307 2402 442 2437 intelligit,
460 2411 538 2436 quam
555 2411 614 2437 cap.
627 2403 661 2429 55
689 2402 797 2429 dommn
816 2402 938 2428 veritatis
952 2410 999 2436 ap-

211 2438 303 2472 pellat.
329 2437 356 2464 ln
375 2439 462 2465 sacris
479 2438 555 2465 libris
572 2448 581 2464 ι
604 2437 733 2466 Columna
754 2444 779 2465 ct
797 2438 997 2472 lit'ntatnenttttn

211 2471 333 2507 veritatis
350 2481 359 2498 ι
379 2473 489 2500 dicitur.
505 2472 588 2500 Paulo
607 2479 666 2507 post
678 2474 766 2499 scribe
785 2481 816 2499 ex
831 2473 924 2499 codice
939 2471 996 2498 Fu-

211 2506 286 2536 ketii.
310 2506 404 2534 Snvilii
428 2512 454 2535 et
470 2515 503 2535 ex
526 2509 634 2535 schedis
656 2508 749 2541 Regiis
771 2507 802 2534 ὃν
825 2508 849 2534 οἱ
876 2506 992 2542 μυσαροὶ

210 2542 320 2574 ἐκεῖνοι,
337 2549 389 2570 etc.

245 2578 304 2613 (66)
322 2577 398 2611 Πρὸς
409 2576 472 2613 ζτὴν
487 2575 605 2604 εὐθεῖαν
617 2577 738 2613 ἀγαγεῖν
750 2577 822 2604 ὁδὸν
836 2577 943 2611 ἰσχύει.
962 2575 990 2603 lu

209 2611 279 2648 ίὶἷπο
289 2611 304 2647 ξ
313 2612 392 2639 uketti
409 2611 603 2648 legitimis-15;.
620 2611 671 2639 Sed
680 2611 746 2639 vera
763 2613 843 2639 lectio
855 2617 896 2638 est
909 2619 990 2648 qustu

211 2646 238 2673 in
252 2645 387 2682 veteribus
403 2645 510 2674 schedia
525 2645 693 2675 bibliotheca:
709 2647 799 2682 Regia:
810 2645 992 2682 inveni,th-

211 2681 350 2718 cet._Quod
371 2682 496 2718 profecto
507 2684 584 2717 longe
598 2689 640 2710 est
653 2681 815 2718 elegantius.

247 2716 302 2752 (67)
323 2717 469 2751 Ἕκαστος
485 2715 562 2751 ὅπερ
581 2718 599 2751 ἡ
616 2715 709 2752 ψυχή’
722 2717 877 2749 βούλεται,
901 2715 989 2752 τοῦτο

211 2750 258 2787 καί
269 2752 425 2785 «partem».
444 2750 470 2779 id
485 2750 628 2786 est.7quani
645 2750 753 2787 quisque
764 2751 817 2779 t-ult
836 2751 986 2784 religionem

211 2785 289 2820 colat.
311 2787 414 2819 Quibus
434 2788 523 2814 verbis
545 2785 748 2819 Constantinus,
775 2789 909 2820 integrant
937 2793 985 2812 eo-

212 2819 295 2856 lendi,
309 2827 387 2855 prout
397 2823 510 2856 quisque
526 2823 613 2853 vellet.
630 2822 753 2849 Numinis
765 2819 915 2848 libertatem
928 2820 988 2847 sub.

212 2855 274 2882 ditis
294 2857 350 2884 suis
373 2855 525 2893 dereliquit.
549 2857 652 2891 Quippe
672 2857 892 2891 religiosissimus
913 2863 986 2890 prm-

1054 2231 1168 2258 ἀπλέτου
1193 2231 1326 2266 ῥεύματος
1343 2231 1450 2266 μέτρῳ·
1466 2232 1483 2266 ἡ
1508 2230 1627 2258 θάλασσα
1651 2231 1724 2267 ὅροις
1750 2232 1837 2266 ἐμπε-

1056 2277 1175 2313 ριέχεται
1198 2277 1351 2311 πεπηγόσι·
1377 2278 1423 2303 καὶ
1445 2277 1459 2304 ὅ
1493 2286 1519 2304 τι
1549 2276 1582 2303 ἂν
1605 2278 1637 2312 τῇ
1660 2278 1695 2312 γῇ
1724 2277 1770 2303 καὶ
1794 2278 1835 2313 τῷ

1053 2321 1166 2357 ὠκεανῷ
1185 2322 1462 2358 συμπαρεκτείνεται,
1489 2322 1567 2349 τοῦτο
1588 2323 1642 2349 πᾶν
1666 2322 1836 2358 θαυμασταῖς

1050 2409 1113 2436 ceps
1129 2408 1224 2428 omnes
1232 2401 1338 2436 quidem
1352 2401 1479 2429 mortales
1492 2401 1524 2428 ad
1539 2401 1639 2428 Christi
1651 2401 1730 2429 iidem
1745 2406 1835 2429 trans~

1048 2436 1090 2463 ire
1121 2437 1239 2463 maxime
1264 2438 1420 2471 concupivn
1441 2445 1448 2463 :
1475 2436 1609 2463 neminem
1639 2441 1728 2464 tamen
1752 2439 1785 2464 ad
1805 2437 1833 2464 id

1049 2479 1167 2505 unquam
1185 2472 1283 2505 coegit.
1299 2473 1338 2498 Ac
1350 2471 1464 2506 gentiles
1479 2471 1587 2505 quidem
1608 2471 1721 2506 pristino
1737 2479 1833 2499 errore

1049 2506 1175 2534 liberatos
1191 2508 1294 2538 voluit;
1315 2506 1476 2541 templorum
1498 2510 1587 2532 tamen
1606 2507 1783 2533 caeremonias
1804 2512 1832 2534 et

1048 2542 1182 2568 sacrilicia
1196 2549 1248 2568 non
1266 2542 1644 2576 proltibnit,nl|ipseteutatnr.
1660 2542 1729 2568 intra
1744 2548 1769 2568 c.
1784 2541 1830 2569 δυ.

1080 2577 1138 2612 (68)
1156 2576 1233 2604 Οὺὸὲ
1258 2576 1314 2611 γάρ
1338 2577 1402 2603 ἐστι
1421 2577 1549 2612 mur-dra
1561 2576 1598 2603 De
1613 2576 1718 2611 origine
1733 2581 1760 2612 et
1781 2585 1831 2603 an-

1049 2612 1173 2646 tiquitate
1191 2612 1328 2646 religionis
1345 2612 1507 2639 Cltristianzc
1526 2611 1595 2638 idetn
1619 2612 1717 2638 scribit
1742 2611 1829 2638 Euse-

1044 2645 1106 2681 bjtts
1121 2648 1147 2673 in
1162 2645 1295 2681 principio
1307 2646 1435 2673 Historite
1449 2645 1651 2678 Ecclesiasticw,
1664 2649 1691 2673 e't
1709 2647 1735 2673 in
1750 2647 1830 2674 libris

1050 2678 1090 2707 De
1100 2678 1258 2715 eumigelicav
1266 2682 1501 2708 demonstratione.

1079 2716 1135 2751 (69)
1157 2717 1232 2750 Vulg.
1246 2716 1319 2743 κατὰ
1333 2716 1382 2742 τὸν
1399 2715 1614 2750 ἑπεισαχθέντα
1628 2716 1740 2750 καιρόν.
1755 2715 1832 2751 Lego

1044 2752 1115 2778 κατὰ
1123 2752 1168 2778 τὸν
1176 2751 1366 2786 ἐπιταχθέντα.
1382 2756 1410 2777 ιιι
1419 2752 1514 2786 legisse
1523 2751 1831 2786 νίιιειιιιχίξιπιςιοιιιιον-

1041 2794 1135 2822 sonus.
1152 2787 1240 2822 Atque
1257 2784 1292 2814 ita
1309 2784 1779 2821 scriptum‘exltibentcodd.Fuketii
1803 2793 1830 2813 et

1041 2821 1126 2849 Savili
1133 2822 1150 2849 i.
