  <div class='ocr_page' id='page_1' title='image "/cluster/home/n/w/nwhite01/storage/ocr_20150623/20/njp.32101077772471/547.png"; bbox 0 0 2000 3167; ppageno 0'>
   <div class='ocr_carea' id='block_1_1' title="bbox 249 143 316 170">
    <p class='ocr_par' dir='ltr' id='par_1_1' title="bbox 249 143 316 170">
     <span class='ocr_line' id='line_1_1' title="bbox 249 143 316 170; baseline -0.015 0"><span class='ocrx_word' id='word_1_1' title='bbox 249 143 316 170; x_wconf 68' lang='grc'><strong>,043</strong></span> 
     </span>
    </p>
   </div>
   <div class='ocr_carea' id='block_1_2' title="bbox 617 144 1521 175">
    <p class='ocr_par' dir='ltr' id='par_1_2' title="bbox 617 144 1521 175">
     <span class='ocr_line' id='line_1_2' title="bbox 617 144 1521 175; baseline 0.003 -4"><span class='ocrx_word' id='word_1_2' title='bbox 617 144 751 172; x_wconf 77' lang='lat' dir='ltr'><strong>EUSEBII</strong></span> <span class='ocrx_word' id='word_1_3' title='bbox 772 145 1014 174; x_wconf 63' lang='lat' dir='ltr'><strong>CzESARIENSIS</strong></span> <span class='ocrx_word' id='word_1_4' title='bbox 1032 146 1107 174; x_wconf 88' lang='lat' dir='ltr'><strong>OPP.</strong></span> <span class='ocrx_word' id='word_1_5' title='bbox 1126 146 1217 174; x_wconf 83' lang='lat' dir='ltr'><strong>PARS</strong></span> <span class='ocrx_word' id='word_1_6' title='bbox 1234 147 1254 175; x_wconf 92' lang='lat' dir='ltr'><strong>l.</strong></span> <span class='ocrx_word' id='word_1_7' title='bbox 1275 162 1310 167; x_wconf 95' lang='lat'><strong>—</strong></span> <span class='ocrx_word' id='word_1_8' title='bbox 1328 146 1521 175; x_wconf 81' lang='lat' dir='ltr'><strong>HISTORICA.</strong></span> 
     </span>
    </p>
   </div>
   <div class='ocr_carea' id='block_1_3' title="bbox 1804 150 1874 176">
    <p class='ocr_par' dir='ltr' id='par_1_3' title="bbox 1804 150 1874 176">
     <span class='ocr_line' id='line_1_3' title="bbox 1804 150 1874 176; baseline 0 0"><span class='ocrx_word' id='word_1_9' title='bbox 1804 150 1874 176; x_wconf 67' lang='lat' dir='ltr'><strong>10H</strong></span> 
     </span>
    </p>
   </div>
   <div class='ocr_carea' id='block_1_4' title="bbox 247 204 1031 246">
    <p class='ocr_par' dir='ltr' id='par_1_4' title="bbox 247 204 1031 242">
     <span class='ocr_line' id='line_1_4' title="bbox 247 204 1031 242; baseline 0.006 -11"><span class='ocrx_word' id='word_1_10' title='bbox 247 204 397 238; x_wconf 86' lang='lat' dir='ltr'><strong>periculum</strong></span> <span class='ocrx_word' id='word_1_11' title='bbox 431 205 585 238; x_wconf 69' lang='lat' dir='ltr'><strong>gravissimi</strong></span> <span class='ocrx_word' id='word_1_12' title='bbox 618 206 710 240; x_wconf 85' lang='lat' dir='ltr'><strong>lapsus</strong></span> <span class='ocrx_word' id='word_1_13' title='bbox 744 208 833 242; x_wconf 83' lang='lat' dir='ltr'><strong>possit</strong></span> <span class='ocrx_word' id='word_1_14' title='bbox 864 209 1031 237; x_wconf 78' lang='lat' dir='ltr'><strong>consistere?</strong></span> 
     </span>
    </p>
   </div>
   <div class='ocr_carea' id='block_1_5' title="bbox 1085 204 1874 246">
    <p class='ocr_par' dir='ltr' id='par_1_5' title="bbox 1085 209 1874 246">
     <span class='ocr_line' id='line_1_5' title="bbox 1085 209 1874 246; baseline 0.003 -10"><span class='ocrx_word' id='word_1_15' title='bbox 1085 210 1134 246; x_wconf 85' lang='grc' dir='ltr'>τῆς</span> <span class='ocrx_word' id='word_1_16' title='bbox 1158 209 1329 237; x_wconf 77' lang='grc' dir='ltr'><strong>ἐπικινδύνου</strong></span> <span class='ocrx_word' id='word_1_17' title='bbox 1353 210 1574 246; x_wconf 78' lang='grc' dir='ltr'>παρολισθήσεως</span> <span class='ocrx_word' id='word_1_18' title='bbox 1591 211 1746 246; x_wconf 54' lang='lat' dir='ltr'><strong>diruta-tale;</strong></span> <span class='ocrx_word' id='word_1_19' title='bbox 1768 211 1874 238; x_wconf 73' lang='grc' dir='ltr'>Οὐκοῦν</span> 
     </span>
    </p>
   </div>
   <div class='ocr_carea' id='block_1_6' title="bbox 247 250 1033 290">
    <p class='ocr_par' dir='ltr' id='par_1_6' title="bbox 247 250 1033 290">
     <span class='ocr_line' id='line_1_6' title="bbox 247 250 1033 290; baseline 0.009 -14"><span class='ocrx_word' id='word_1_20' title='bbox 247 250 380 283; x_wconf 77' lang='lat' dir='ltr'><strong>Quocirca</strong></span> <span class='ocrx_word' id='word_1_21' title='bbox 413 251 439 277; x_wconf 93' lang='lat' dir='ltr'><strong>ln</strong></span> <span class='ocrx_word' id='word_1_22' title='bbox 472 251 628 286; x_wconf 85' lang='lat' dir='ltr'><strong>ltujusmodi</strong></span> <span class='ocrx_word' id='word_1_23' title='bbox 654 254 850 287; x_wconf 63' lang='lat' dir='ltr'><strong>questionibus</strong></span> <span class='ocrx_word' id='word_1_24' title='bbox 882 255 1033 290; x_wconf 75' lang='lat' dir='ltr'><strong>loquacitas</strong></span> 
     </span>
    </p>
   </div>
   <div class='ocr_carea' id='block_1_7' title="bbox 247 297 1033 335">
    <p class='ocr_par' dir='ltr' id='par_1_7' title="bbox 247 297 1033 335">
     <span class='ocr_line' id='line_1_7' title="bbox 247 297 1033 335; baseline 0.009 -13"><span class='ocrx_word' id='word_1_25' title='bbox 247 297 450 330; x_wconf 82' lang='lat' dir='ltr'><strong>comprimenda</strong></span> <span class='ocrx_word' id='word_1_26' title='bbox 466 302 525 330; x_wconf 87' lang='lat' dir='ltr'><strong>est;</strong></span> <span class='ocrx_word' id='word_1_27' title='bbox 541 305 575 326; x_wconf 92' lang='lat' dir='ltr'><strong>ne</strong></span> <span class='ocrx_word' id='word_1_28' title='bbox 591 297 660 326; x_wconf 86' lang='lat' dir='ltr'><strong>forte</strong></span> <span class='ocrx_word' id='word_1_29' title='bbox 675 304 721 325; x_wconf 90' lang='lat' dir='ltr'><strong>aut</strong></span> <span class='ocrx_word' id='word_1_30' title='bbox 736 300 813 327; x_wconf 91' lang='lat' dir='ltr'><strong>nobis</strong></span> <span class='ocrx_word' id='word_1_31' title='bbox 837 301 863 328; x_wconf 95' lang='lat' dir='ltr'><strong>id</strong></span> <span class='ocrx_word' id='word_1_32' title='bbox 883 302 954 335; x_wconf 90' lang='lat' dir='ltr'><strong>quod</strong></span> <span class='ocrx_word' id='word_1_33' title='bbox 971 310 1033 335; x_wconf 92' lang='lat' dir='ltr'><strong>pro-</strong></span> 
     </span>
    </p>
   </div>
   <div class='ocr_carea' id='block_1_8' title="bbox 246 342 1032 378">
    <p class='ocr_par' dir='ltr' id='par_1_8' title="bbox 246 342 1032 378">
     <span class='ocr_line' id='line_1_8' title="bbox 246 342 1032 378; baseline 0.008 -10"><span class='ocrx_word' id='word_1_34' title='bbox 246 342 363 376; x_wconf 84' lang='lat' dir='ltr'><strong>positum</strong></span> <span class='ocrx_word' id='word_1_35' title='bbox 381 347 422 370; x_wconf 87' lang='lat' dir='ltr'><strong>est</strong></span> <span class='ocrx_word' id='word_1_36' title='bbox 443 343 581 378; x_wconf 86' lang='lat' dir='ltr'><strong>explicare</strong></span> <span class='ocrx_word' id='word_1_37' title='bbox 600 347 635 372; x_wconf 82' lang='lat' dir='ltr'><strong>ob</strong></span> <span class='ocrx_word' id='word_1_38' title='bbox 651 350 754 372; x_wconf 59' lang='lat' dir='ltr'><strong>natura</strong></span> <span class='ocrx_word' id='word_1_39' title='bbox 776 351 875 373; x_wconf 67' lang='lat' dir='ltr'><strong>nostrae</strong></span> <span class='ocrx_word' id='word_1_40' title='bbox 891 347 1032 374; x_wconf 86' lang='lat' dir='ltr'><strong>infirmita-</strong></span> 
     </span>
    </p>
   </div>
   <div class='ocr_carea' id='block_1_9' title="bbox 247 387 1032 427">
    <p class='ocr_par' dir='ltr' id='par_1_9' title="bbox 247 387 1032 427">
     <span class='ocr_line' id='line_1_9' title="bbox 247 387 1032 427; baseline 0.009 -14"><span class='ocrx_word' id='word_1_41' title='bbox 247 391 300 413; x_wconf 84' lang='lat' dir='ltr'><strong>tem</strong></span> <span class='ocrx_word' id='word_1_42' title='bbox 316 394 369 414; x_wconf 91' lang='lat' dir='ltr'><strong>non</strong></span> <span class='ocrx_word' id='word_1_43' title='bbox 385 387 599 421; x_wconf 73' lang='lat' dir='ltr'><strong>sufﬁcientibus.</strong></span> <span class='ocrx_word' id='word_1_44' title='bbox 616 395 664 417; x_wconf 89' lang='lat' dir='ltr'><strong>aut</strong></span> <span class='ocrx_word' id='word_1_45' title='bbox 676 391 856 424; x_wconf 85' lang='lat' dir='ltr'><strong>auditoribus.</strong></span> <span class='ocrx_word' id='word_1_46' title='bbox 877 394 913 420; x_wconf 87' lang='lat' dir='ltr'><strong>ob</strong></span> <span class='ocrx_word' id='word_1_47' title='bbox 933 393 1032 427; x_wconf 77' lang='lat' dir='ltr'><strong>Ingenii</strong></span> 
     </span>
    </p>
   </div>
   <div class='ocr_carea' id='block_1_10' title="bbox 247 433 1031 473">
    <p class='ocr_par' dir='ltr' id='par_1_10' title="bbox 247 433 1031 473">
     <span class='ocr_line' id='line_1_10' title="bbox 247 433 1031 473; baseline 0.009 -14"><span class='ocrx_word' id='word_1_48' title='bbox 247 433 404 461; x_wconf 71' lang='lat' dir='ltr'><strong>tarditatem</strong></span> <span class='ocrx_word' id='word_1_49' title='bbox 417 442 450 463; x_wconf 81' lang='lat' dir='ltr'><strong>ea</strong></span> <span class='ocrx_word' id='word_1_50' title='bbox 461 443 523 469; x_wconf 62' lang='lat' dir='ltr'><strong>qua</strong></span> <span class='ocrx_word' id='word_1_51' title='bbox 534 436 662 463; x_wconf 89' lang='lat' dir='ltr'><strong>dicuntur</strong></span> <span class='ocrx_word' id='word_1_52' title='bbox 677 437 788 465; x_wconf 88' lang='lat' dir='ltr'><strong>minime</strong></span> <span class='ocrx_word' id='word_1_53' title='bbox 804 439 1014 473; x_wconf 80' lang='lat' dir='ltr'><strong>assequentibus</strong></span> <span class='ocrx_word' id='word_1_54' title='bbox 1024 458 1031 470; x_wconf 91' lang='lat'><em>,</em></span> 
     </span>
    </p>
   </div>
   <div class='ocr_carea' id='block_1_11' title="bbox 245 480 1032 518">
    <p class='ocr_par' dir='ltr' id='par_1_11' title="bbox 245 480 1032 518">
     <span class='ocr_line' id='line_1_11' title="bbox 245 480 1032 518; baseline 0.01 -14"><span class='ocrx_word' id='word_1_55' title='bbox 245 486 278 505; x_wconf 79' lang='lat' dir='ltr'><strong>ex</strong></span> <span class='ocrx_word' id='word_1_56' title='bbox 308 480 441 513; x_wconf 75' lang='lat' dir='ltr'><strong>alterutro</strong></span> <span class='ocrx_word' id='word_1_57' title='bbox 465 482 562 509; x_wconf 88' lang='lat' dir='ltr'><strong>borum</strong></span> <span class='ocrx_word' id='word_1_58' title='bbox 587 487 634 509; x_wconf 74' lang='lat' dir='ltr'><strong>aut</strong></span> <span class='ocrx_word' id='word_1_59' title='bbox 662 483 688 510; x_wconf 94' lang='lat' dir='ltr'><strong>in</strong></span> <span class='ocrx_word' id='word_1_60' title='bbox 710 483 904 518; x_wconf 65' lang='lat' dir='ltr'><strong>blasphemiae,</strong></span> <span class='ocrx_word' id='word_1_61' title='bbox 930 489 978 511; x_wconf 90' lang='lat' dir='ltr'><strong>aut</strong></span> <span class='ocrx_word' id='word_1_62' title='bbox 1005 487 1032 512; x_wconf 85' lang='lat' dir='ltr'><strong>in</strong></span> 
     </span>
    </p>
   </div>
   <div class='ocr_carea' id='block_1_12' title="bbox 246 525 924 563">
    <p class='ocr_par' dir='ltr' id='par_1_12' title="bbox 246 525 924 563">
     <span class='ocr_line' id='line_1_12' title="bbox 246 525 924 563; baseline 0.006 -11"><span class='ocrx_word' id='word_1_63' title='bbox 246 525 404 552; x_wconf 80' lang='lat' dir='ltr'><strong>schismatis</strong></span> <span class='ocrx_word' id='word_1_64' title='bbox 424 528 613 555; x_wconf 80' lang='lat' dir='ltr'><strong>necessitatem</strong></span> <span class='ocrx_word' id='word_1_65' title='bbox 636 529 750 563; x_wconf 84' lang='lat' dir='ltr'><strong>populus</strong></span> <span class='ocrx_word' id='word_1_66' title='bbox 767 529 899 558; x_wconf 84' lang='lat' dir='ltr'><strong>incurrat.</strong></span> <span class='ocrx_word' id='word_1_67' title='bbox 915 539 924 556; x_wconf 82' lang='lat' dir='ltr'><strong>I</strong></span> 
     </span>
    </p>
   </div>
   <div class='ocr_carea' id='block_1_13' title="bbox 525 584 754 613">
    <p class='ocr_par' dir='ltr' id='par_1_13' title="bbox 525 584 754 613">
     <span class='ocr_line' id='line_1_13' title="bbox 525 584 754 613; baseline 0.004 -1"><span class='ocrx_word' id='word_1_68' title='bbox 525 584 638 613; x_wconf 75' lang='lat' dir='ltr'><strong>CAPUT</strong></span> <span class='ocrx_word' id='word_1_69' title='bbox 673 586 754 613; x_wconf 80' lang='lat' dir='ltr'><strong>LXX.</strong></span> 
     </span>
    </p>
   </div>
   <div class='ocr_carea' id='block_1_14' title="bbox 436 630 850 660">
    <p class='ocr_par' dir='ltr' id='par_1_14' title="bbox 436 630 850 660">
     <span class='ocr_line' id='line_1_14' title="bbox 436 630 850 660; baseline 0.007 -3"><span class='ocrx_word' id='word_1_70' title='bbox 436 630 592 658; x_wconf 71' lang='lat' dir='ltr'><strong>Exhortatio</strong></span> <span class='ocrx_word' id='word_1_71' title='bbox 616 633 650 658; x_wconf 81' lang='lat' dir='ltr'><strong>ad</strong></span> <span class='ocrx_word' id='word_1_72' title='bbox 668 633 850 660; x_wconf 79' lang='lat' dir='ltr'><strong>concordiam.</strong></span> 
     </span>
    </p>
   </div>
   <div class='ocr_carea' id='block_1_15' title="bbox 286 674 1033 713">
    <p class='ocr_par' dir='ltr' id='par_1_15' title="bbox 286 674 1033 713">
     <span class='ocr_line' id='line_1_15' title="bbox 286 674 1033 713; baseline 0.007 -12"><span class='ocrx_word' id='word_1_73' title='bbox 286 674 425 703; x_wconf 69' lang='lat' dir='ltr'><strong>«Proinde</strong></span> <span class='ocrx_word' id='word_1_74' title='bbox 441 681 468 703; x_wconf 85' lang='lat' dir='ltr'><strong>et</strong></span> <span class='ocrx_word' id='word_1_75' title='bbox 493 677 600 704; x_wconf 85' lang='lat' dir='ltr'><strong>incauta</strong></span> <span class='ocrx_word' id='word_1_76' title='bbox 627 678 812 713; x_wconf 80' lang='lat' dir='ltr'><strong>interrogatio.</strong></span> <span class='ocrx_word' id='word_1_77' title='bbox 838 683 866 705; x_wconf 87' lang='lat' dir='ltr'><strong>et</strong></span> <span class='ocrx_word' id='word_1_78' title='bbox 882 679 1033 706; x_wconf 83' lang='lat' dir='ltr'><strong>inconsulta</strong></span> 
     </span>
    </p>
   </div>
   <div class='ocr_carea' id='block_1_16' title="bbox 247 722 1034 758">
    <p class='ocr_par' dir='ltr' id='par_1_16' title="bbox 247 722 1034 758">
     <span class='ocr_line' id='line_1_16' title="bbox 247 722 1034 758; baseline 0.004 -11"><span class='ocrx_word' id='word_1_79' title='bbox 247 722 398 755; x_wconf 82' lang='lat' dir='ltr'><strong>responsio,</strong></span> <span class='ocrx_word' id='word_1_80' title='bbox 415 722 441 749; x_wconf 89' lang='lat' dir='ltr'><strong>in</strong></span> <span class='ocrx_word' id='word_1_81' title='bbox 464 727 580 758; x_wconf 84' lang='lat' dir='ltr'><strong>utroque</strong></span> <span class='ocrx_word' id='word_1_82' title='bbox 602 729 722 751; x_wconf 77' lang='lat' dir='ltr'><strong>vestrum</strong></span> <span class='ocrx_word' id='word_1_83' title='bbox 747 725 854 751; x_wconf 86' lang='lat' dir='ltr'><strong>veniam</strong></span> <span class='ocrx_word' id='word_1_84' title='bbox 875 725 926 751; x_wconf 86' lang='lat' dir='ltr'><strong>sibi</strong></span> <span class='ocrx_word' id='word_1_85' title='bbox 941 730 1034 752; x_wconf 90' lang='lat' dir='ltr'><strong>mutuo</strong></span> 
     </span>
    </p>
   </div>
   <div class='ocr_carea' id='block_1_17' title="bbox 247 766 1033 804">
    <p class='ocr_par' dir='ltr' id='par_1_17' title="bbox 247 766 1033 804">
     <span class='ocr_line' id='line_1_17' title="bbox 247 766 1033 804; baseline 0.006 -12"><span class='ocrx_word' id='word_1_86' title='bbox 247 767 408 794; x_wconf 86' lang='lat' dir='ltr'><strong>concedant.</strong></span> <span class='ocrx_word' id='word_1_87' title='bbox 424 766 516 802; x_wconf 80' lang='lat' dir='ltr'><strong>Neque</strong></span> <span class='ocrx_word' id='word_1_88' title='bbox 528 770 599 795; x_wconf 88' lang='lat' dir='ltr'><strong>enim</strong></span> <span class='ocrx_word' id='word_1_89' title='bbox 613 769 645 796; x_wconf 92' lang='lat' dir='ltr'><strong>de</strong></span> <span class='ocrx_word' id='word_1_90' title='bbox 663 770 799 804; x_wconf 64' lang='lat' dir='ltr'><strong>praecipuo</strong></span> <span class='ocrx_word' id='word_1_91' title='bbox 809 775 836 796; x_wconf 89' lang='lat' dir='ltr'><strong>et</strong></span> <span class='ocrx_word' id='word_1_92' title='bbox 849 777 954 797; x_wconf 91' lang='lat' dir='ltr'><strong>summo</strong></span> <span class='ocrx_word' id='word_1_93' title='bbox 968 770 1033 803; x_wconf 83' lang='lat' dir='ltr'><strong>legis</strong></span> 
     </span>
    </p>
   </div>
   <div class='ocr_carea' id='block_1_18' title="bbox 248 814 1034 850">
    <p class='ocr_par' dir='ltr' id='par_1_18' title="bbox 248 814 1034 850">
     <span class='ocr_line' id='line_1_18' title="bbox 248 814 1034 850; baseline 0.006 -12"><span class='ocrx_word' id='word_1_94' title='bbox 248 816 348 839; x_wconf 78' lang='lat' dir='ltr'><strong>nostra:</strong></span> <span class='ocrx_word' id='word_1_95' title='bbox 363 815 487 844; x_wconf 83' lang='lat' dir='ltr'><strong>mandato</strong></span> <span class='ocrx_word' id='word_1_96' title='bbox 501 814 573 841; x_wconf 90' lang='lat' dir='ltr'><strong>inter</strong></span> <span class='ocrx_word' id='word_1_97' title='bbox 586 822 634 842; x_wconf 88' lang='lat' dir='ltr'><strong>vos</strong></span> <span class='ocrx_word' id='word_1_98' title='bbox 649 819 691 842; x_wconf 88' lang='lat' dir='ltr'><strong>est</strong></span> <span class='ocrx_word' id='word_1_99' title='bbox 705 819 766 842; x_wconf 90' lang='lat' dir='ltr'><strong>orta</strong></span> <span class='ocrx_word' id='word_1_100' title='bbox 782 816 919 844; x_wconf 73' lang='lat' dir='ltr'><strong>contentio</strong></span> <span class='ocrx_word' id='word_1_101' title='bbox 930 824 936 842; x_wconf 94' lang='lat'>:</span> <span class='ocrx_word' id='word_1_102' title='bbox 946 823 1034 850; x_wconf 85' lang='lat' dir='ltr'><strong>neque</strong></span> 
     </span>
    </p>
   </div>
   <div class='ocr_carea' id='block_1_19' title="bbox 247 858 1032 892">
    <p class='ocr_par' dir='ltr' id='par_1_19' title="bbox 247 858 1032 892">
     <span class='ocr_line' id='line_1_19' title="bbox 247 858 1032 892; baseline 0.005 -9"><span class='ocrx_word' id='word_1_103' title='bbox 247 865 346 884; x_wconf 89' lang='lat' dir='ltr'><strong>novum</strong></span> <span class='ocrx_word' id='word_1_104' title='bbox 362 858 472 892; x_wconf 84' lang='lat' dir='ltr'><strong>aliquod</strong></span> <span class='ocrx_word' id='word_1_105' title='bbox 486 867 500 885; x_wconf 90' lang='lat' dir='ltr'><strong>a</strong></span> <span class='ocrx_word' id='word_1_106' title='bbox 512 859 588 886; x_wconf 83' lang='lat' dir='ltr'><strong>vobis</strong></span> <span class='ocrx_word' id='word_1_107' title='bbox 600 860 633 886; x_wconf 87' lang='lat' dir='ltr'><strong>de</strong></span> <span class='ocrx_word' id='word_1_108' title='bbox 647 860 692 887; x_wconf 87' lang='lat' dir='ltr'><strong>Dei</strong></span> <span class='ocrx_word' id='word_1_109' title='bbox 705 859 779 887; x_wconf 90' lang='lat' dir='ltr'><strong>cultu</strong></span> <span class='ocrx_word' id='word_1_110' title='bbox 798 860 980 888; x_wconf 82' lang='lat' dir='ltr'><strong>introductum</strong></span> <span class='ocrx_word' id='word_1_111' title='bbox 992 866 1032 888; x_wconf 90' lang='lat' dir='ltr'><strong>est</strong></span> 
     </span>
    </p>
   </div>
   <div class='ocr_carea' id='block_1_20' title="bbox 247 903 1030 939">
    <p class='ocr_par' dir='ltr' id='par_1_20' title="bbox 247 903 1030 939">
     <span class='ocr_line' id='line_1_20' title="bbox 247 903 1030 939; baseline 0.006 -11"><span class='ocrx_word' id='word_1_112' title='bbox 247 903 357 939; x_wconf 82' lang='lat' dir='ltr'><strong>dogma.</strong></span> <span class='ocrx_word' id='word_1_113' title='bbox 374 903 426 931; x_wconf 90' lang='lat' dir='ltr'><strong>Sed</strong></span> <span class='ocrx_word' id='word_1_114' title='bbox 450 913 532 931; x_wconf 90' lang='lat' dir='ltr'><strong>unam</strong></span> <span class='ocrx_word' id='word_1_115' title='bbox 548 905 725 939; x_wconf 85' lang='lat' dir='ltr'><strong>eamdemque</strong></span> <span class='ocrx_word' id='word_1_116' title='bbox 742 906 903 933; x_wconf 84' lang='lat' dir='ltr'><strong>sententiam</strong></span> <span class='ocrx_word' id='word_1_117' title='bbox 920 907 1030 938; x_wconf 80' lang='lat' dir='ltr'><strong>tenetis,</strong></span> 
     </span>
    </p>
   </div>
   <div class='ocr_carea' id='block_1_21' title="bbox 246 949 1032 980">
    <p class='ocr_par' dir='ltr' id='par_1_21' title="bbox 246 949 1032 980">
     <span class='ocr_line' id='line_1_21' title="bbox 246 949 1032 980; baseline 0.006 -5"><span class='ocrx_word' id='word_1_118' title='bbox 246 949 313 977; x_wconf 80' lang='lat' dir='ltr'><strong>adeo</strong></span> <span class='ocrx_word' id='word_1_119' title='bbox 328 955 357 976; x_wconf 93' lang='lat' dir='ltr'><strong>ut</strong></span> <span class='ocrx_word' id='word_1_120' title='bbox 381 953 414 977; x_wconf 87' lang='lat' dir='ltr'><strong>ad</strong></span> <span class='ocrx_word' id='word_1_121' title='bbox 439 951 639 978; x_wconf 81' lang='lat' dir='ltr'><strong>communionis</strong></span> <span class='ocrx_word' id='word_1_122' title='bbox 662 952 819 979; x_wconf 82' lang='lat' dir='ltr'><strong>societatem</strong></span> <span class='ocrx_word' id='word_1_123' title='bbox 847 953 922 980; x_wconf 89' lang='lat' dir='ltr'><strong>coire</strong></span> <span class='ocrx_word' id='word_1_124' title='bbox 953 952 1032 980; x_wconf 77' lang='lat' dir='ltr'><strong>facile</strong></span> 
     </span>
    </p>
   </div>
   <div class='ocr_carea' id='block_1_22' title="bbox 246 995 397 1029">
    <p class='ocr_par' dir='ltr' id='par_1_22' title="bbox 246 995 397 1029">
     <span class='ocr_line' id='line_1_22' title="bbox 246 995 397 1029; baseline 0 -7"><span class='ocrx_word' id='word_1_125' title='bbox 246 995 367 1029; x_wconf 80' lang='lat' dir='ltr'><strong>possitis.</strong></span> <span class='ocrx_word' id='word_1_126' title='bbox 387 1005 397 1021; x_wconf 77' lang='grc' dir='ltr'><strong>ι</strong></span> 
     </span>
    </p>
   </div>
   <div class='ocr_carea' id='block_1_23' title="bbox 485 1051 804 1088">
    <p class='ocr_par' dir='ltr' id='par_1_23' title="bbox 485 1051 804 1088">
     <span class='ocr_line' id='line_1_23' title="bbox 485 1051 804 1088; baseline -0.003 -8"><span class='ocrx_word' id='word_1_127' title='bbox 485 1052 568 1088; x_wconf 72' lang='grc'><strong>476</strong></span> <span class='ocrx_word' id='word_1_128' title='bbox 584 1051 697 1080; x_wconf 85' lang='lat' dir='ltr'><strong>CAPUT</strong></span> <span class='ocrx_word' id='word_1_129' title='bbox 711 1052 804 1080; x_wconf 75' lang='lat' dir='ltr'><strong>LXXI.</strong></span> 
     </span>
    </p>
   </div>
   <div class='ocr_carea' id='block_1_24' title="bbox 247 1096 1031 1168">
    <p class='ocr_par' dir='ltr' id='par_1_24' title="bbox 247 1096 1031 1168">
     <span class='ocr_line' id='line_1_24' title="bbox 247 1096 1031 1168; baseline 0.001 -45"><span class='ocrx_word' id='word_1_130' title='bbox 247 1096 324 1130; x_wconf 79' lang='lat' dir='ltr'><strong>Quod</strong></span> <span class='ocrx_word' id='word_1_131' title='bbox 336 1098 367 1124; x_wconf 81' lang='lat' dir='ltr'><strong>ob</strong></span> <span class='ocrx_word' id='word_1_132' title='bbox 376 1097 442 1125; x_wconf 74' lang='lat' dir='ltr'><strong>leves</strong></span> <span class='ocrx_word' id='word_1_133' title='bbox 450 1099 578 1133; x_wconf 68' lang='lat' dir='ltr'><strong>quaedam</strong></span> <span class='ocrx_word' id='word_1_134' title='bbox 587 1099 690 1168; x_wconf 50' lang='lat' dir='ltr'><strong>vocalia}</strong></span> <span class='ocrx_word' id='word_1_135' title='bbox 701 1100 868 1133; x_wconf 80' lang='lat' dir='ltr'><strong>pertinaciter</strong></span> <span class='ocrx_word' id='word_1_136' title='bbox 879 1100 1031 1126; x_wconf 78' lang='lat' dir='ltr'><strong>certandum</strong></span> 
     </span>
     <span class='ocr_line' id='line_1_25' title="bbox 580 1139 706 1161; baseline 0 -1"><span class='ocrx_word' id='word_1_137' title='bbox 580 1142 631 1161; x_wconf 84' lang='lat' dir='ltr'><strong>non</strong></span> <span class='ocrx_word' id='word_1_138' title='bbox 659 1139 706 1160; x_wconf 83' lang='lat' dir='ltr'><strong>utt.</strong></span> 
     </span>
    </p>
   </div>
   <div class='ocr_carea' id='block_1_25' title="bbox 580 1139 706 1161">
    <p class='ocr_par' dir='ltr' id='par_1_25' title="bbox 580 1139 706 1161">
     <span class='ocr_line' id='line_1_26' title="bbox 580 1139 706 1161; baseline -0.008 0"><span class='ocrx_word' id='word_1_139' title='bbox 580 1142 631 1161; x_wconf 84' lang='lat' dir='ltr'><strong>non</strong></span> <span class='ocrx_word' id='word_1_140' title='bbox 646 1139 706 1161; x_wconf 76' lang='lat' dir='ltr'><strong>fuit.</strong></span> 
     </span>
    </p>
   </div>
   <div class='ocr_carea' id='block_1_26' title="bbox 288 1177 1033 1212">
    <p class='ocr_par' dir='ltr' id='par_1_26' title="bbox 288 1177 1033 1212">
     <span class='ocr_line' id='line_1_27' title="bbox 288 1177 1033 1212; baseline 0.004 -8"><span class='ocrx_word' id='word_1_141' title='bbox 288 1186 298 1204; x_wconf 83' lang='grc' dir='ltr'>ι</span> <span class='ocrx_word' id='word_1_142' title='bbox 311 1177 396 1206; x_wconf 75' lang='lat' dir='ltr'><strong>Vobis</strong></span> <span class='ocrx_word' id='word_1_143' title='bbox 410 1186 482 1206; x_wconf 80' lang='lat' dir='ltr'><strong>enim</strong></span> <span class='ocrx_word' id='word_1_144' title='bbox 495 1179 670 1212; x_wconf 79' lang='lat' dir='ltr'><strong>pertinaciter</strong></span> <span class='ocrx_word' id='word_1_145' title='bbox 678 1178 903 1206; x_wconf 87' lang='lat' dir='ltr'><strong>contendentibus</strong></span> <span class='ocrx_word' id='word_1_146' title='bbox 912 1179 945 1206; x_wconf 88' lang='lat' dir='ltr'><strong>de</strong></span> <span class='ocrx_word' id='word_1_147' title='bbox 954 1179 1033 1207; x_wconf 82' lang='lat' dir='ltr'><strong>rebus</strong></span> 
     </span>
    </p>
   </div>
   <div class='ocr_carea' id='block_1_27' title="bbox 245 1224 1030 1260">
    <p class='ocr_par' dir='ltr' id='par_1_27' title="bbox 245 1224 1030 1260">
     <span class='ocr_line' id='line_1_28' title="bbox 245 1224 1030 1260; baseline 0 -9"><span class='ocrx_word' id='word_1_148' title='bbox 245 1225 337 1258; x_wconf 83' lang='lat' dir='ltr'><strong>parvis</strong></span> <span class='ocrx_word' id='word_1_149' title='bbox 345 1224 590 1259; x_wconf 85' lang='lat' dir='ltr'><strong>atquelevissimis.</strong></span> <span class='ocrx_word' id='word_1_150' title='bbox 606 1229 707 1252; x_wconf 83' lang='lat' dir='ltr'><strong>tantam</strong></span> <span class='ocrx_word' id='word_1_151' title='bbox 722 1225 812 1260; x_wconf 90' lang='lat' dir='ltr'><strong>populi</strong></span> <span class='ocrx_word' id='word_1_152' title='bbox 829 1225 1030 1252; x_wconf 81' lang='lat' dir='ltr'><strong>multitudinem</strong></span> 
     </span>
    </p>
   </div>
   <div class='ocr_carea' id='block_1_28' title="bbox 245 1269 1031 1305">
    <p class='ocr_par' dir='ltr' id='par_1_28' title="bbox 245 1269 1031 1305">
     <span class='ocr_line' id='line_1_29' title="bbox 245 1269 1031 1305; baseline 0 -9"><span class='ocrx_word' id='word_1_153' title='bbox 245 1274 336 1298; x_wconf 84' lang='lat' dir='ltr'><strong>vestro</strong></span> <span class='ocrx_word' id='word_1_154' title='bbox 362 1269 477 1299; x_wconf 89' lang='lat' dir='ltr'><strong>consilio</strong></span> <span class='ocrx_word' id='word_1_155' title='bbox 493 1270 549 1305; x_wconf 85' lang='lat' dir='ltr'><strong>regi</strong></span> <span class='ocrx_word' id='word_1_156' title='bbox 568 1278 621 1299; x_wconf 94' lang='lat' dir='ltr'><strong>non</strong></span> <span class='ocrx_word' id='word_1_157' title='bbox 643 1271 730 1304; x_wconf 78' lang='lat' dir='ltr'><strong>decet,</strong></span> <span class='ocrx_word' id='word_1_158' title='bbox 754 1271 780 1298; x_wconf 96' lang='lat' dir='ltr'><strong>in</strong></span> <span class='ocrx_word' id='word_1_159' title='bbox 793 1276 867 1298; x_wconf 89' lang='lat' dir='ltr'><strong>tanta</strong></span> <span class='ocrx_word' id='word_1_160' title='bbox 881 1271 1031 1305; x_wconf 80' lang='lat' dir='ltr'><strong>praesertim</strong></span> 
     </span>
    </p>
   </div>
   <div class='ocr_carea' id='block_1_29' title="bbox 244 1312 1031 1348">
    <p class='ocr_par' dir='ltr' id='par_1_29' title="bbox 244 1312 1031 1348">
     <span class='ocr_line' id='line_1_30' title="bbox 244 1312 1031 1348; baseline -0.001 -6"><span class='ocrx_word' id='word_1_161' title='bbox 244 1315 397 1343; x_wconf 84' lang='lat' dir='ltr'><strong>animorum</strong></span> <span class='ocrx_word' id='word_1_162' title='bbox 416 1316 586 1344; x_wconf 80' lang='lat' dir='ltr'><strong>dissensione</strong></span> <span class='ocrx_word' id='word_1_163' title='bbox 603 1325 610 1343; x_wconf 87' lang='lat'><strong>:</strong></span> <span class='ocrx_word' id='word_1_164' title='bbox 628 1323 678 1344; x_wconf 91' lang='lat' dir='ltr'><strong>nec</strong></span> <span class='ocrx_word' id='word_1_165' title='bbox 705 1317 792 1344; x_wconf 88' lang='lat' dir='ltr'><strong>solum</strong></span> <span class='ocrx_word' id='word_1_166' title='bbox 815 1316 840 1343; x_wconf 81' lang='lat' dir='ltr'><strong>id</strong></span> <span class='ocrx_word' id='word_1_167' title='bbox 863 1312 1031 1348; x_wconf 84' lang='lat' dir='ltr'><strong>indecomm,</strong></span> 
     </span>
    </p>
   </div>
   <div class='ocr_carea' id='block_1_30' title="bbox 244 1361 1032 1397">
    <p class='ocr_par' dir='ltr' id='par_1_30' title="bbox 244 1361 1032 1397">
     <span class='ocr_line' id='line_1_31' title="bbox 244 1361 1032 1397; baseline -0.003 -8"><span class='ocrx_word' id='word_1_168' title='bbox 244 1362 291 1389; x_wconf 71' lang='lat' dir='ltr'><strong>sed</strong></span> <span class='ocrx_word' id='word_1_169' title='bbox 307 1369 420 1396; x_wconf 85' lang='lat' dir='ltr'><strong>prorsus</strong></span> <span class='ocrx_word' id='word_1_170' title='bbox 437 1361 514 1390; x_wconf 80' lang='lat' dir='ltr'><strong>nefas</strong></span> <span class='ocrx_word' id='word_1_171' title='bbox 539 1370 600 1390; x_wconf 80' lang='lat' dir='ltr'><strong>esse</strong></span> <span class='ocrx_word' id='word_1_172' title='bbox 616 1363 796 1390; x_wconf 82' lang='lat' dir='ltr'><strong>existimatur.</strong></span> <span class='ocrx_word' id='word_1_173' title='bbox 829 1362 917 1396; x_wconf 82' lang='lat' dir='ltr'><strong>Atque</strong></span> <span class='ocrx_word' id='word_1_174' title='bbox 928 1367 1032 1397; x_wconf 85' lang='lat' dir='ltr'><strong>utprn-</strong></span> 
     </span>
    </p>
   </div>
   <div class='ocr_carea' id='block_1_31' title="bbox 244 1408 1030 1444">
    <p class='ocr_par' dir='ltr' id='par_1_31' title="bbox 244 1408 1030 1444">
     <span class='ocr_line' id='line_1_32' title="bbox 244 1408 1030 1444; baseline -0.001 -8"><span class='ocrx_word' id='word_1_175' title='bbox 244 1408 363 1436; x_wconf 86' lang='lat' dir='ltr'><strong>dentiam</strong></span> <span class='ocrx_word' id='word_1_176' title='bbox 377 1413 493 1436; x_wconf 86' lang='lat' dir='ltr'><strong>vestram</strong></span> <span class='ocrx_word' id='word_1_177' title='bbox 510 1409 614 1436; x_wconf 90' lang='lat' dir='ltr'><strong>minore</strong></span> <span class='ocrx_word' id='word_1_178' title='bbox 633 1409 755 1444; x_wconf 83' lang='lat' dir='ltr'><strong>exemplo</strong></span> <span class='ocrx_word' id='word_1_179' title='bbox 770 1408 1012 1436; x_wconf 81' lang='lat' dir='ltr'><strong>commonefaciam</strong></span> <span class='ocrx_word' id='word_1_180' title='bbox 1023 1429 1030 1441; x_wconf 87' lang='lat'><strong><em>,</em></strong></span> 
     </span>
    </p>
   </div>
   <div class='ocr_carea' id='block_1_32' title="bbox 244 1453 1032 1489">
    <p class='ocr_par' dir='ltr' id='par_1_32' title="bbox 244 1453 1032 1489">
     <span class='ocr_line' id='line_1_33' title="bbox 244 1453 1032 1489; baseline -0.001 -8"><span class='ocrx_word' id='word_1_181' title='bbox 244 1454 322 1482; x_wconf 81' lang='lat' dir='ltr'><strong>scitis</strong></span> <span class='ocrx_word' id='word_1_182' title='bbox 342 1454 415 1488; x_wconf 85' lang='lat' dir='ltr'><strong>ipsos</strong></span> <span class='ocrx_word' id='word_1_183' title='bbox 437 1455 520 1481; x_wconf 91' lang='lat' dir='ltr'><strong>etiam</strong></span> <span class='ocrx_word' id='word_1_184' title='bbox 544 1454 719 1489; x_wconf 86' lang='lat' dir='ltr'><strong>philosophos</strong></span> <span class='ocrx_word' id='word_1_185' title='bbox 739 1454 819 1482; x_wconf 90' lang='lat' dir='ltr'><strong>unius</strong></span> <span class='ocrx_word' id='word_1_186' title='bbox 831 1459 912 1482; x_wconf 69' lang='lat' dir='ltr'><strong>sectte</strong></span> <span class='ocrx_word' id='word_1_187' title='bbox 929 1453 1032 1489; x_wconf 91' lang='lat' dir='ltr'><strong>profes-</strong></span> 
     </span>
    </p>
   </div>
   <div class='ocr_carea' id='block_1_33' title="bbox 243 1490 1030 1532">
    <p class='ocr_par' dir='ltr' id='par_1_33' title="bbox 243 1490 1030 1532">
     <span class='ocr_line' id='line_1_34' title="bbox 243 1490 1030 1532; baseline 0.001 -6"><span class='ocrx_word' id='word_1_188' title='bbox 243 1501 320 1527; x_wconf 82' lang='lat' dir='ltr'><strong>sione</strong></span> <span class='ocrx_word' id='word_1_189' title='bbox 335 1499 406 1527; x_wconf 89' lang='lat' dir='ltr'><strong>inter</strong></span> <span class='ocrx_word' id='word_1_190' title='bbox 430 1507 460 1527; x_wconf 89' lang='lat' dir='ltr'><strong>se</strong></span> <span class='ocrx_word' id='word_1_191' title='bbox 483 1507 577 1527; x_wconf 81' lang='lat' dir='ltr'><strong>omnes</strong></span> <span class='ocrx_word' id='word_1_192' title='bbox 601 1490 747 1532; x_wconf 62' lang='lat' dir='ltr'><strong>foederari;</strong></span> <span class='ocrx_word' id='word_1_193' title='bbox 767 1501 875 1528; x_wconf 85' lang='lat' dir='ltr'><strong>eosdem</strong></span> <span class='ocrx_word' id='word_1_194' title='bbox 893 1505 981 1527; x_wconf 87' lang='lat' dir='ltr'><strong>tamen</strong></span> <span class='ocrx_word' id='word_1_195' title='bbox 1005 1501 1030 1527; x_wconf 92' lang='lat' dir='ltr'><strong>in</strong></span> 
     </span>
    </p>
   </div>
   <div class='ocr_carea' id='block_1_34' title="bbox 1047 883 1069 910">
    <p class='ocr_par' dir='ltr' id='par_1_34' title="bbox 1047 883 1069 910">
     <span class='ocr_line' id='line_1_35' title="bbox 1047 883 1069 910; baseline 0 0"><span class='ocrx_word' id='word_1_196' title='bbox 1047 883 1069 910; x_wconf 89' lang='grc' dir='ltr'>Β</span> 
     </span>
    </p>
   </div>
   <div class='ocr_carea' id='block_1_35' title="bbox 1083 255 1875 291">
    <p class='ocr_par' dir='ltr' id='par_1_35' title="bbox 1083 255 1875 291">
     <span class='ocr_line' id='line_1_36' title="bbox 1083 255 1875 291; baseline 0.003 -9"><span class='ocrx_word' id='word_1_197' title='bbox 1083 256 1211 290; x_wconf 74' lang='grc' dir='ltr'><strong>ἐφεκτέον</strong></span> <span class='ocrx_word' id='word_1_198' title='bbox 1231 257 1304 282; x_wconf 76' lang='grc' dir='ltr'>ἐστὶν</span> <span class='ocrx_word' id='word_1_199' title='bbox 1320 257 1349 282; x_wconf 83' lang='grc' dir='ltr'>ὲν</span> <span class='ocrx_word' id='word_1_200' title='bbox 1363 258 1419 287; x_wconf 83' lang='grc' dir='ltr'>τοῖς</span> <span class='ocrx_word' id='word_1_201' title='bbox 1431 255 1560 288; x_wconf 71' lang='grc' dir='ltr'><strong>τοιούτοις</strong></span> <span class='ocrx_word' id='word_1_202' title='bbox 1577 256 1627 291; x_wconf 78' lang='grc' dir='ltr'>τὴν</span> <span class='ocrx_word' id='word_1_203' title='bbox 1644 256 1813 291; x_wconf 82' lang='grc' dir='ltr'>πολυλογίαν,</span> <span class='ocrx_word' id='word_1_204' title='bbox 1829 257 1875 284; x_wconf 78' lang='grc' dir='ltr'>ἵνα.</span> 
     </span>
    </p>
   </div>
   <div class='ocr_carea' id='block_1_36' title="bbox 1085 302 1874 338">
    <p class='ocr_par' dir='ltr' id='par_1_36' title="bbox 1085 302 1874 338">
     <span class='ocr_line' id='line_1_37' title="bbox 1085 302 1874 338; baseline 0.001 -10"><span class='ocrx_word' id='word_1_205' title='bbox 1085 302 1182 337; x_wconf 83' lang='grc' dir='ltr'><strong>μήπως</strong></span> <span class='ocrx_word' id='word_1_206' title='bbox 1200 302 1216 338; x_wconf 84' lang='grc' dir='ltr'>ἦ</span> <span class='ocrx_word' id='word_1_207' title='bbox 1231 303 1264 337; x_wconf 80' lang='grc' dir='ltr'><strong>τῇ</strong></span> <span class='ocrx_word' id='word_1_208' title='bbox 1278 302 1357 337; x_wconf 85' lang='grc' dir='ltr'>ἡμῶν</span> <span class='ocrx_word' id='word_1_209' title='bbox 1371 302 1498 338; x_wconf 77' lang='grc' dir='ltr'><strong>ἀσθενείᾳ</strong></span> <span class='ocrx_word' id='word_1_210' title='bbox 1511 302 1561 337; x_wconf 80' lang='grc' dir='ltr'>τῆς</span> <span class='ocrx_word' id='word_1_211' title='bbox 1572 303 1678 336; x_wconf 77' lang='grc' dir='ltr'>φύσεως</span> <span class='ocrx_word' id='word_1_212' title='bbox 1689 302 1719 329; x_wconf 78' lang='grc' dir='ltr'><strong>τὸ</strong></span> <span class='ocrx_word' id='word_1_213' title='bbox 1737 303 1874 338; x_wconf 75' lang='grc' dir='ltr'>προταθὲν</span> 
     </span>
    </p>
   </div>
   <div class='ocr_carea' id='block_1_37' title="bbox 1085 348 1875 384">
    <p class='ocr_par' dir='ltr' id='par_1_37' title="bbox 1085 348 1875 384">
     <span class='ocr_line' id='line_1_38' title="bbox 1085 348 1875 384; baseline 0.001 -10"><span class='ocrx_word' id='word_1_214' title='bbox 1085 348 1254 384; x_wconf 72' lang='grc' dir='ltr'>ἑρμηνεῦσαι</span> <span class='ocrx_word' id='word_1_215' title='bbox 1267 348 1304 384; x_wconf 77' lang='grc' dir='ltr'>μὴ</span> <span class='ocrx_word' id='word_1_216' title='bbox 1318 348 1496 384; x_wconf 79' lang='grc' dir='ltr'>δυνηθέντων,</span> <span class='ocrx_word' id='word_1_217' title='bbox 1511 348 1528 383; x_wconf 80' lang='grc' dir='ltr'>ἢ</span> <span class='ocrx_word' id='word_1_218' title='bbox 1538 350 1571 383; x_wconf 84' lang='grc' dir='ltr'>τῇ</span> <span class='ocrx_word' id='word_1_219' title='bbox 1582 348 1636 374; x_wconf 82' lang='grc' dir='ltr'><strong>τῶν</strong></span> <span class='ocrx_word' id='word_1_220' title='bbox 1651 349 1792 384; x_wconf 80' lang='grc' dir='ltr'><strong>ἀκροατῶν</strong></span> <span class='ocrx_word' id='word_1_221' title='bbox 1808 348 1875 384; x_wconf 86' lang='grc' dir='ltr'>βρα-</span> 
     </span>
    </p>
   </div>
   <div class='ocr_carea' id='block_1_38' title="bbox 1084 393 1874 430">
    <p class='ocr_par' dir='ltr' id='par_1_38' title="bbox 1084 393 1874 430">
     <span class='ocr_line' id='line_1_39' title="bbox 1084 393 1874 430; baseline 0 -10"><span class='ocrx_word' id='word_1_222' title='bbox 1084 394 1183 430; x_wconf 77' lang='grc' dir='ltr'>δυτέρα</span> <span class='ocrx_word' id='word_1_223' title='bbox 1207 394 1313 420; x_wconf 80' lang='grc' dir='ltr'><strong>συνέσει</strong></span> <span class='ocrx_word' id='word_1_224' title='bbox 1327 394 1395 430; x_wconf 84' lang='grc' dir='ltr'>πρὸς</span> <span class='ocrx_word' id='word_1_225' title='bbox 1407 394 1507 430; x_wconf 76' lang='grc' dir='ltr'>ἀκριϐῆ</span> <span class='ocrx_word' id='word_1_226' title='bbox 1525 393 1570 420; x_wconf 80' lang='grc' dir='ltr'>τοῦ</span> <span class='ocrx_word' id='word_1_227' title='bbox 1585 393 1711 429; x_wconf 73' lang='grc' dir='ltr'><strong>ῥηθέντος</strong></span> <span class='ocrx_word' id='word_1_228' title='bbox 1720 394 1874 428; x_wconf 70' lang='grc' dir='ltr'>κατάληψιν</span> 
     </span>
    </p>
   </div>
   <div class='ocr_carea' id='block_1_39' title="bbox 1084 439 1873 476">
    <p class='ocr_par' dir='ltr' id='par_1_39' title="bbox 1084 439 1873 476">
     <span class='ocr_line' id='line_1_40' title="bbox 1084 439 1873 476; baseline 0 -10"><span class='ocrx_word' id='word_1_229' title='bbox 1084 439 1170 466; x_wconf 73' lang='grc' dir='ltr'>ἐλθεῖν</span> <span class='ocrx_word' id='word_1_230' title='bbox 1199 440 1236 476; x_wconf 80' lang='grc' dir='ltr'>μὴ</span> <span class='ocrx_word' id='word_1_231' title='bbox 1265 440 1457 476; x_wconf 84' lang='grc' dir='ltr'><strong>χωρησάντων,</strong></span> <span class='ocrx_word' id='word_1_232' title='bbox 1473 440 1502 472; x_wconf 76' lang='grc' dir='ltr'>ἐξ</span> <span class='ocrx_word' id='word_1_233' title='bbox 1515 440 1645 475; x_wconf 78' lang='grc' dir='ltr'><strong>ὁποτέρου</strong></span> <span class='ocrx_word' id='word_1_234' title='bbox 1669 440 1771 466; x_wconf 79' lang='grc' dir='ltr'>τούτων</span> <span class='ocrx_word' id='word_1_235' title='bbox 1794 441 1832 475; x_wconf 79' lang='grc'><strong>(3)</strong></span> <span class='ocrx_word' id='word_1_236' title='bbox 1855 440 1873 475; x_wconf 74' lang='grc' dir='ltr'><strong>ἢ</strong></span> 
     </span>
    </p>
   </div>
   <div class='ocr_carea' id='block_1_40' title="bbox 1086 485 1875 522">
    <p class='ocr_par' dir='ltr' id='par_1_40' title="bbox 1086 485 1875 522">
     <span class='ocr_line' id='line_1_41' title="bbox 1086 485 1875 522; baseline 0 -10"><span class='ocrx_word' id='word_1_237' title='bbox 1086 485 1270 521; x_wconf 78' lang='grc' dir='ltr'><strong>βλασφημίας,</strong></span> <span class='ocrx_word' id='word_1_238' title='bbox 1287 486 1303 521; x_wconf 80' lang='grc' dir='ltr'><strong>ἢ</strong></span> <span class='ocrx_word' id='word_1_239' title='bbox 1321 486 1471 521; x_wconf 70' lang='grc' dir='ltr'>σχίσματος</span> <span class='ocrx_word' id='word_1_240' title='bbox 1485 487 1524 518; x_wconf 78' lang='grc' dir='ltr'>εἰς</span> <span class='ocrx_word' id='word_1_241' title='bbox 1541 486 1662 520; x_wconf 80' lang='grc' dir='ltr'>ἀνάγκην</span> <span class='ocrx_word' id='word_1_242' title='bbox 1673 487 1687 512; x_wconf 85' lang='grc' dir='ltr'>ὁ</span> <span class='ocrx_word' id='word_1_243' title='bbox 1701 486 1787 521; x_wconf 84' lang='grc' dir='ltr'>δῆμος</span> <span class='ocrx_word' id='word_1_244' title='bbox 1800 494 1875 522; x_wconf 85' lang='grc' dir='ltr'>περι-</span> 
     </span>
    </p>
   </div>
   <div class='ocr_carea' id='block_1_41' title="bbox 1086 531 1201 567">
    <p class='ocr_par' dir='ltr' id='par_1_41' title="bbox 1086 531 1201 567">
     <span class='ocr_line' id='line_1_42' title="bbox 1086 531 1201 567; baseline -0.009 -9"><span class='ocrx_word' id='word_1_245' title='bbox 1086 531 1175 567; x_wconf 79' lang='grc' dir='ltr'>σταίη.</span> <span class='ocrx_word' id='word_1_246' title='bbox 1192 541 1201 557; x_wconf 73' lang='grc' dir='ltr'><strong>ι</strong></span> 
     </span>
    </p>
   </div>
   <div class='ocr_carea' id='block_1_42' title="bbox 1348 588 1606 616">
    <p class='ocr_par' dir='ltr' id='par_1_42' title="bbox 1348 588 1606 616">
     <span class='ocr_line' id='line_1_43' title="bbox 1348 588 1606 616; baseline 0 -1"><span class='ocrx_word' id='word_1_247' title='bbox 1348 589 1545 616; x_wconf 79' lang='grc' dir='ltr'><strong>ΚΕΦΛΛΑῙΟΝ</strong></span> <span class='ocrx_word' id='word_1_248' title='bbox 1569 588 1606 615; x_wconf 81' lang='lat'><strong>0’.</strong></span> 
     </span>
    </p>
   </div>
   <div class='ocr_carea' id='block_1_43' title="bbox 1260 635 1698 670">
    <p class='ocr_par' dir='ltr' id='par_1_43' title="bbox 1260 635 1698 670">
     <span class='ocr_line' id='line_1_44' title="bbox 1260 635 1698 670; baseline 0.002 -9"><span class='ocrx_word' id='word_1_249' title='bbox 1260 635 1450 668; x_wconf 79' lang='grc' dir='ltr'>Παραινέσεις</span> <span class='ocrx_word' id='word_1_250' title='bbox 1465 636 1530 669; x_wconf 77' lang='grc' dir='ltr'>περὶ</span> <span class='ocrx_word' id='word_1_251' title='bbox 1550 636 1698 670; x_wconf 72' lang='grc' dir='ltr'>ὁμονοίας.</span> 
     </span>
    </p>
   </div>
   <div class='ocr_carea' id='block_1_44' title="bbox 1123 680 1875 717">
    <p class='ocr_par' dir='ltr' id='par_1_44' title="bbox 1123 680 1875 717">
     <span class='ocr_line' id='line_1_45' title="bbox 1123 680 1875 717; baseline 0.001 -11"><span class='ocrx_word' id='word_1_252' title='bbox 1123 689 1131 705; x_wconf 84' lang='grc' dir='ltr'>ι</span> <span class='ocrx_word' id='word_1_253' title='bbox 1144 680 1242 716; x_wconf 78' lang='grc' dir='ltr'><strong>Διόπερ</strong></span> <span class='ocrx_word' id='word_1_254' title='bbox 1253 681 1300 706; x_wconf 73' lang='grc' dir='ltr'>καὶ</span> <span class='ocrx_word' id='word_1_255' title='bbox 1309 680 1441 716; x_wconf 76' lang='grc' dir='ltr'>ἐρώτησις</span> <span class='ocrx_word' id='word_1_256' title='bbox 1448 681 1666 716; x_wconf 61' lang='grc' dir='ltr'>ἀπωφὺλακτος,</span> <span class='ocrx_word' id='word_1_257' title='bbox 1676 681 1875 717; x_wconf 69' lang='grc' dir='ltr'>καὶξόωτὸκρισις</span> 
     </span>
    </p>
   </div>
   <div class='ocr_carea' id='block_1_45' title="bbox 1085 725 1875 762">
    <p class='ocr_par' dir='ltr' id='par_1_45' title="bbox 1085 725 1875 762">
     <span class='ocr_line' id='line_1_46' title="bbox 1085 725 1875 762; baseline 0 -10"><span class='ocrx_word' id='word_1_258' title='bbox 1085 725 1251 760; x_wconf 83' lang='grc' dir='ltr'>ἀπρονόητος</span> <span class='ocrx_word' id='word_1_259' title='bbox 1268 726 1327 761; x_wconf 81' lang='grc' dir='ltr'>ῐσην</span> <span class='ocrx_word' id='word_1_260' title='bbox 1349 726 1476 761; x_wconf 81' lang='grc' dir='ltr'><strong>ἀλλήλαις</strong></span> <span class='ocrx_word' id='word_1_261' title='bbox 1489 726 1668 753; x_wconf 85' lang='grc' dir='ltr'>ἀντιδότωσαν</span> <span class='ocrx_word' id='word_1_262' title='bbox 1688 726 1730 761; x_wconf 64' lang='lat' dir='ltr'><strong>trp‘</strong></span> <span class='ocrx_word' id='word_1_263' title='bbox 1749 727 1875 762; x_wconf 79' lang='grc' dir='ltr'>ἐκατέρῳ</span> 
     </span>
    </p>
   </div>
   <div class='ocr_carea' id='block_1_46' title="bbox 1085 769 1874 806">
    <p class='ocr_par' dir='ltr' id='par_1_46' title="bbox 1085 769 1874 806">
     <span class='ocr_line' id='line_1_47' title="bbox 1085 769 1874 806; baseline -0.001 -10"><span class='ocrx_word' id='word_1_264' title='bbox 1085 769 1259 805; x_wconf 84' lang='grc' dir='ltr'><strong>συγγνώμην.</strong></span> <span class='ocrx_word' id='word_1_265' title='bbox 1278 770 1344 796; x_wconf 80' lang='grc' dir='ltr'><strong>Οὐδὲ</strong></span> <span class='ocrx_word' id='word_1_266' title='bbox 1357 771 1411 805; x_wconf 88' lang='grc' dir='ltr'>γὰρ</span> <span class='ocrx_word' id='word_1_267' title='bbox 1429 770 1548 806; x_wconf 71' lang='grc' dir='ltr'>περὶτοῦ</span> <span class='ocrx_word' id='word_1_268' title='bbox 1563 770 1709 806; x_wconf 74' lang='grc' dir='ltr'>κορυφαίου</span> <span class='ocrx_word' id='word_1_269' title='bbox 1721 770 1774 796; x_wconf 81' lang='grc' dir='ltr'>τῶν</span> <span class='ocrx_word' id='word_1_270' title='bbox 1789 771 1817 796; x_wconf 81' lang='grc' dir='ltr'>ὲν</span> <span class='ocrx_word' id='word_1_271' title='bbox 1834 770 1874 806; x_wconf 81' lang='grc' dir='ltr'><strong>τῷ</strong></span> 
     </span>
    </p>
   </div>
   <div class='ocr_carea' id='block_1_47' title="bbox 1085 815 1873 851">
    <p class='ocr_par' dir='ltr' id='par_1_47' title="bbox 1085 815 1873 851">
     <span class='ocr_line' id='line_1_48' title="bbox 1085 815 1873 851; baseline -0.001 -9"><span class='ocrx_word' id='word_1_272' title='bbox 1085 815 1160 850; x_wconf 84' lang='grc' dir='ltr'>νόμῳ</span> <span class='ocrx_word' id='word_1_273' title='bbox 1174 816 1410 851; x_wconf 82' lang='grc' dir='ltr'><strong>παραγγελμάτων</strong></span> <span class='ocrx_word' id='word_1_274' title='bbox 1424 816 1487 851; x_wconf 81' lang='grc' dir='ltr'>ὑμῖν</span> <span class='ocrx_word' id='word_1_275' title='bbox 1502 817 1518 851; x_wconf 86' lang='grc' dir='ltr'><strong>ἡ</strong></span> <span class='ocrx_word' id='word_1_276' title='bbox 1532 816 1581 851; x_wconf 79' lang='grc' dir='ltr'>τῆς</span> <span class='ocrx_word' id='word_1_277' title='bbox 1593 816 1757 850; x_wconf 81' lang='grc' dir='ltr'>φιλονεικίας</span> <span class='ocrx_word' id='word_1_278' title='bbox 1769 815 1873 850; x_wconf 74' lang='grc' dir='ltr'>ἐξήφθη</span> 
     </span>
    </p>
   </div>
   <div class='ocr_carea' id='block_1_48' title="bbox 1087 860 1873 896">
    <p class='ocr_par' dir='ltr' id='par_1_48' title="bbox 1087 860 1873 896">
     <span class='ocr_line' id='line_1_49' title="bbox 1087 860 1873 896; baseline -0.001 -9"><span class='ocrx_word' id='word_1_279' title='bbox 1087 860 1234 896; x_wconf 80' lang='grc' dir='ltr'>πρόφασις,</span> <span class='ocrx_word' id='word_1_280' title='bbox 1259 860 1320 887; x_wconf 78' lang='grc' dir='ltr'><strong>οὐδὲ</strong></span> <span class='ocrx_word' id='word_1_281' title='bbox 1337 861 1416 896; x_wconf 84' lang='grc' dir='ltr'>καινή</span> <span class='ocrx_word' id='word_1_282' title='bbox 1439 869 1479 891; x_wconf 86' lang='grc' dir='ltr'><strong>τις</strong></span> <span class='ocrx_word' id='word_1_283' title='bbox 1504 861 1568 896; x_wconf 81' lang='grc' dir='ltr'>ὑμῖν</span> <span class='ocrx_word' id='word_1_284' title='bbox 1587 861 1658 896; x_wconf 74' lang='grc' dir='ltr'>ὑπὲρ</span> <span class='ocrx_word' id='word_1_285' title='bbox 1670 861 1718 896; x_wconf 75' lang='grc' dir='ltr'>τῆς</span> <span class='ocrx_word' id='word_1_286' title='bbox 1734 860 1781 886; x_wconf 72' lang='grc' dir='ltr'>τοῦ</span> <span class='ocrx_word' id='word_1_287' title='bbox 1804 860 1873 886; x_wconf 75' lang='grc' dir='ltr'>Θεοῦ</span> 
     </span>
    </p>
   </div>
   <div class='ocr_carea' id='block_1_49' title="bbox 1084 906 1873 943">
    <p class='ocr_par' dir='ltr' id='par_1_49' title="bbox 1084 906 1873 943">
     <span class='ocr_line' id='line_1_50' title="bbox 1084 906 1873 943; baseline -0.003 -10"><span class='ocrx_word' id='word_1_288' title='bbox 1084 906 1232 942; x_wconf 74' lang='grc' dir='ltr'><strong>θρησκείας</strong></span> <span class='ocrx_word' id='word_1_289' title='bbox 1243 907 1347 943; x_wconf 79' lang='grc' dir='ltr'>αἵρεσις</span> <span class='ocrx_word' id='word_1_290' title='bbox 1363 906 1536 942; x_wconf 81' lang='grc' dir='ltr'>ἀντεισήχθη·</span> <span class='ocrx_word' id='word_1_291' title='bbox 1553 906 1609 933; x_wconf 82' lang='grc' dir='ltr'>ἀλλ’</span> <span class='ocrx_word' id='word_1_292' title='bbox 1618 906 1665 933; x_wconf 75' lang='grc' dir='ltr'>ἕνα</span> <span class='ocrx_word' id='word_1_293' title='bbox 1680 907 1727 933; x_wconf 68' lang='grc' dir='ltr'><strong>κα)⁸</strong></span> <span class='ocrx_word' id='word_1_294' title='bbox 1737 906 1781 932; x_wconf 71' lang='grc' dir='ltr'><strong>τὸν</strong></span> <span class='ocrx_word' id='word_1_295' title='bbox 1792 906 1873 932; x_wconf 81' lang='grc' dir='ltr'>αὐτὸν</span> 
     </span>
    </p>
   </div>
   <div class='ocr_carea' id='block_1_50' title="bbox 1084 951 1872 988">
    <p class='ocr_par' dir='ltr' id='par_1_50' title="bbox 1084 951 1872 988">
     <span class='ocr_line' id='line_1_51' title="bbox 1084 951 1872 988; baseline 0.001 -11"><span class='ocrx_word' id='word_1_296' title='bbox 1084 951 1159 986; x_wconf 68' lang='grc' dir='ltr'>ἔχετε</span> <span class='ocrx_word' id='word_1_297' title='bbox 1173 951 1313 986; x_wconf 80' lang='grc' dir='ltr'>λογισμὸν,</span> <span class='ocrx_word' id='word_1_298' title='bbox 1323 951 1360 983; x_wconf 83' lang='grc' dir='ltr'>ὡς</span> <span class='ocrx_word' id='word_1_299' title='bbox 1370 952 1438 988; x_wconf 79' lang='grc' dir='ltr'>πρὸς</span> <span class='ocrx_word' id='word_1_300' title='bbox 1449 952 1480 978; x_wconf 84' lang='grc' dir='ltr'>τὸ</span> <span class='ocrx_word' id='word_1_301' title='bbox 1491 952 1541 987; x_wconf 79' lang='grc' dir='ltr'>τῆς</span> <span class='ocrx_word' id='word_1_302' title='bbox 1549 952 1689 983; x_wconf 76' lang='grc' dir='ltr'><strong>κοινωνίας</strong></span> <span class='ocrx_word' id='word_1_303' title='bbox 1700 951 1825 986; x_wconf 74' lang='grc' dir='ltr'>σύνθημα</span> <span class='ocrx_word' id='word_1_304' title='bbox 1836 951 1872 986; x_wconf 64' lang='grc' dir='ltr'><strong>ί4)</strong></span> 
     </span>
    </p>
   </div>
   <div class='ocr_carea' id='block_1_51' title="bbox 1083 997 1394 1024">
    <p class='ocr_par' dir='ltr' id='par_1_51' title="bbox 1083 997 1394 1024">
     <span class='ocr_line' id='line_1_52' title="bbox 1083 997 1394 1024; baseline 0 0"><span class='ocrx_word' id='word_1_305' title='bbox 1083 997 1212 1024; x_wconf 82' lang='grc' dir='ltr'>δύνασθαι</span> <span class='ocrx_word' id='word_1_306' title='bbox 1222 997 1368 1024; x_wconf 82' lang='grc' dir='ltr'>συνελθεῖν.</span> <span class='ocrx_word' id='word_1_307' title='bbox 1385 1008 1394 1024; x_wconf 77' lang='grc' dir='ltr'>ι</span> 
     </span>
    </p>
   </div>
   <div class='ocr_carea' id='block_1_52' title="bbox 1336 1055 1615 1082">
    <p class='ocr_par' dir='ltr' id='par_1_52' title="bbox 1336 1055 1615 1082">
     <span class='ocr_line' id='line_1_53' title="bbox 1336 1055 1615 1082; baseline 0 -1"><span class='ocrx_word' id='word_1_308' title='bbox 1336 1055 1532 1082; x_wconf 78' lang='grc' dir='ltr'><strong>ΚΕΦΑΛΑΙΟΝ</strong></span> <span class='ocrx_word' id='word_1_309' title='bbox 1556 1055 1615 1081; x_wconf 79' lang='lat' dir='ltr'><strong>OA&#39;.</strong></span> 
     </span>
    </p>
   </div>
   <div class='ocr_carea' id='block_1_53' title="bbox 1083 1099 1872 1136">
    <p class='ocr_par' dir='ltr' id='par_1_53' title="bbox 1083 1099 1872 1136">
     <span class='ocr_line' id='line_1_54' title="bbox 1083 1099 1872 1136; baseline -0.004 -8"><span class='ocrx_word' id='word_1_310' title='bbox 1083 1100 1130 1135; x_wconf 73' lang='grc' dir='ltr'><strong>Μὴ</strong></span> <span class='ocrx_word' id='word_1_311' title='bbox 1145 1100 1193 1127; x_wconf 83' lang='grc' dir='ltr'><strong>διὰ</strong></span> <span class='ocrx_word' id='word_1_312' title='bbox 1202 1101 1309 1136; x_wconf 81' lang='grc' dir='ltr'>μικρὰς</span> <span class='ocrx_word' id='word_1_313' title='bbox 1320 1101 1420 1134; x_wconf 77' lang='grc' dir='ltr'><strong>λέξεις</strong></span> <span class='ocrx_word' id='word_1_314' title='bbox 1428 1100 1609 1135; x_wconf 68' lang='grc' dir='ltr'><strong>φιλονεικεῖν</strong></span> <span class='ocrx_word' id='word_1_315' title='bbox 1619 1099 1687 1133; x_wconf 77' lang='grc' dir='ltr'>περὶ</span> <span class='ocrx_word' id='word_1_316' title='bbox 1697 1099 1751 1126; x_wconf 86' lang='grc' dir='ltr'>τοῦ</span> <span class='ocrx_word' id='word_1_317' title='bbox 1767 1099 1872 1126; x_wconf 82' lang='grc' dir='ltr'>αὑτοῦ.</span> 
     </span>
    </p>
   </div>
   <div class='ocr_carea' id='block_1_54' title="bbox 1121 1165 1873 1215">
    <p class='ocr_par' dir='ltr' id='par_1_54' title="bbox 1121 1165 1873 1215">
     <span class='ocr_line' id='line_1_55' title="bbox 1121 1165 1873 1215; baseline 0 -11"><span class='ocrx_word' id='word_1_318' title='bbox 1121 1190 1129 1204; x_wconf 79' lang='lat'><strong>.</strong></span> <span class='ocrx_word' id='word_1_319' title='bbox 1157 1179 1247 1215; x_wconf 81' lang='grc' dir='ltr'><strong>’Υμῶν</strong></span> <span class='ocrx_word' id='word_1_320' title='bbox 1270 1179 1324 1214; x_wconf 84' lang='grc' dir='ltr'><strong>γὰρ</strong></span> <span class='ocrx_word' id='word_1_321' title='bbox 1339 1165 1369 1205; x_wconf 58' lang='lat' dir='ltr'><strong>ek?</strong></span> <span class='ocrx_word' id='word_1_322' title='bbox 1384 1179 1508 1215; x_wconf 78' lang='grc' dir='ltr'>ἀλλήλοις</span> <span class='ocrx_word' id='word_1_323' title='bbox 1533 1179 1603 1214; x_wconf 74' lang='grc' dir='ltr'>ὑπὲρ</span> <span class='ocrx_word' id='word_1_324' title='bbox 1620 1178 1724 1214; x_wconf 79' lang='grc' dir='ltr'>μικρῶν</span> <span class='ocrx_word' id='word_1_325' title='bbox 1749 1178 1796 1205; x_wconf 80' lang='grc' dir='ltr'>καὶ</span> <span class='ocrx_word' id='word_1_326' title='bbox 1811 1177 1873 1204; x_wconf 82' lang='grc' dir='ltr'>λίαν</span> 
     </span>
    </p>
   </div>
   <div class='ocr_carea' id='block_1_55' title="bbox 1083 1224 1872 1261">
    <p class='ocr_par' dir='ltr' id='par_1_55' title="bbox 1083 1224 1872 1261">
     <span class='ocr_line' id='line_1_56' title="bbox 1083 1224 1872 1261; baseline -0.003 -9"><span class='ocrx_word' id='word_1_327' title='bbox 1083 1225 1231 1261; x_wconf 73' lang='grc' dir='ltr'><strong>ἐλαχίστων</strong></span> <span class='ocrx_word' id='word_1_328' title='bbox 1240 1225 1471 1259; x_wconf 67' lang='grc' dir='ltr'><strong>φιλονεικούντων,</strong></span> <span class='ocrx_word' id='word_1_329' title='bbox 1480 1225 1604 1252; x_wconf 82' lang='grc' dir='ltr'>τοσοῦτον</span> <span class='ocrx_word' id='word_1_330' title='bbox 1611 1225 1662 1254; x_wconf 76' lang='grc' dir='ltr'>,τὸν</span> <span class='ocrx_word' id='word_1_331' title='bbox 1674 1225 1720 1252; x_wconf 83' lang='grc' dir='ltr'><strong>τοῦ</strong></span> <span class='ocrx_word' id='word_1_332' title='bbox 1731 1224 1798 1251; x_wconf 83' lang='grc' dir='ltr'><strong>Θεοῦ</strong></span> <span class='ocrx_word' id='word_1_333' title='bbox 1807 1225 1872 1251; x_wconf 72' lang='grc' dir='ltr'>λαὸν</span> 
     </span>
    </p>
   </div>
   <div class='ocr_carea' id='block_1_56' title="bbox 1082 1270 1873 1307">
    <p class='ocr_par' dir='ltr' id='par_1_56' title="bbox 1082 1270 1873 1307">
     <span class='ocr_line' id='line_1_57' title="bbox 1082 1270 1873 1307; baseline -0.003 -9"><span class='ocrx_word' id='word_1_334' title='bbox 1082 1273 1142 1304; x_wconf 86' lang='grc' dir='ltr'>ταῖς</span> <span class='ocrx_word' id='word_1_335' title='bbox 1159 1271 1307 1307; x_wconf 77' lang='grc' dir='ltr'><strong>ὑμετέραις</strong></span> <span class='ocrx_word' id='word_1_336' title='bbox 1323 1271 1458 1298; x_wconf 69' lang='grc' dir='ltr'>ἰθύνεσθαι</span> <span class='ocrx_word' id='word_1_337' title='bbox 1473 1271 1567 1307; x_wconf 71' lang='grc' dir='ltr'>φρεσὶν</span> <span class='ocrx_word' id='word_1_338' title='bbox 1579 1272 1609 1298; x_wconf 87' lang='grc' dir='ltr'>οὺ</span> <span class='ocrx_word' id='word_1_339' title='bbox 1627 1271 1771 1307; x_wconf 77' lang='grc' dir='ltr'>προσήκει,</span> <span class='ocrx_word' id='word_1_340' title='bbox 1785 1270 1829 1297; x_wconf 79' lang='grc' dir='ltr'>διὰ</span> <span class='ocrx_word' id='word_1_341' title='bbox 1842 1271 1873 1296; x_wconf 79' lang='grc' dir='ltr'>τὸ</span> 
     </span>
    </p>
   </div>
   <div class='ocr_carea' id='block_1_57' title="bbox 1084 1313 1874 1353">
    <p class='ocr_par' dir='ltr' id='par_1_57' title="bbox 1084 1313 1874 1353">
     <span class='ocr_line' id='line_1_58' title="bbox 1084 1313 1874 1353; baseline -0.001 -10"><span class='ocrx_word' id='word_1_342' title='bbox 1084 1317 1220 1353; x_wconf 81' lang='grc' dir='ltr'><strong>διχονοεῖν·</strong></span> <span class='ocrx_word' id='word_1_343' title='bbox 1237 1317 1293 1343; x_wconf 80' lang='grc' dir='ltr'><strong>ἀλλ’</strong></span> <span class='ocrx_word' id='word_1_344' title='bbox 1309 1315 1369 1343; x_wconf 68' lang='grc' dir='ltr'>οὔτε</span> <span class='ocrx_word' id='word_1_345' title='bbox 1387 1316 1503 1352; x_wconf 83' lang='grc' dir='ltr'>πρέπον,</span> <span class='ocrx_word' id='word_1_346' title='bbox 1517 1315 1579 1342; x_wconf 72' lang='grc' dir='ltr'>οὔτε</span> <span class='ocrx_word' id='word_1_347' title='bbox 1599 1316 1666 1348; x_wconf 77' lang='grc' dir='ltr'>ὅλως</span> <span class='ocrx_word' id='word_1_348' title='bbox 1683 1315 1791 1351; x_wconf 73' lang='grc' dir='ltr'>θεμιτὸν</span> <span class='ocrx_word' id='word_1_349' title='bbox 1803 1313 1874 1342; x_wconf 83' lang='grc' dir='ltr'>εἶναι</span> 
     </span>
    </p>
   </div>
   <div class='ocr_carea' id='block_1_58' title="bbox 1084 1361 1873 1398">
    <p class='ocr_par' dir='ltr' id='par_1_58' title="bbox 1084 1361 1873 1398">
     <span class='ocr_line' id='line_1_59' title="bbox 1084 1361 1873 1398; baseline 0 -9"><span class='ocrx_word' id='word_1_350' title='bbox 1084 1362 1249 1389; x_wconf 70' lang='grc' dir='ltr'>πιστεύεται.</span> <span class='ocrx_word' id='word_1_351' title='bbox 1261 1363 1320 1388; x_wconf 83' lang='grc' dir='ltr'>Ἵνα</span> <span class='ocrx_word' id='word_1_352' title='bbox 1330 1362 1358 1389; x_wconf 80' lang='grc' dir='ltr'><strong>δὲ</strong></span> <span class='ocrx_word' id='word_1_353' title='bbox 1367 1361 1457 1398; x_wconf 82' lang='grc' dir='ltr'>μικρῷ</span> <span class='ocrx_word' id='word_1_354' title='bbox 1467 1362 1668 1398; x_wconf 80' lang='grc' dir='ltr'>παραδείγματι</span> <span class='ocrx_word' id='word_1_355' title='bbox 1678 1362 1727 1397; x_wconf 73' lang='grc' dir='ltr'>τὴν</span> <span class='ocrx_word' id='word_1_356' title='bbox 1737 1362 1873 1397; x_wconf 78' lang='grc' dir='ltr'>ὑμετέραν</span> 
     </span>
    </p>
   </div>
   <div class='ocr_carea' id='block_1_59' title="bbox 1083 1408 1873 1444">
    <p class='ocr_par' dir='ltr' id='par_1_59' title="bbox 1083 1408 1873 1444">
     <span class='ocr_line' id='line_1_60' title="bbox 1083 1408 1873 1444; baseline 0 -10"><span class='ocrx_word' id='word_1_357' title='bbox 1083 1408 1190 1434; x_wconf 82' lang='grc' dir='ltr'>σύνεσιν</span> <span class='ocrx_word' id='word_1_358' title='bbox 1207 1408 1406 1443; x_wconf 84' lang='grc' dir='ltr'>ὑπομνήσαιμι,</span> <span class='ocrx_word' id='word_1_359' title='bbox 1423 1408 1492 1441; x_wconf 80' lang='grc' dir='ltr'>λέξω</span> <span class='ocrx_word' id='word_1_360' title='bbox 1505 1408 1552 1443; x_wconf 78' lang='grc'><strong>(5).</strong></span> <span class='ocrx_word' id='word_1_361' title='bbox 1573 1408 1644 1434; x_wconf 85' lang='grc' dir='ltr'>’ῐστε</span> <span class='ocrx_word' id='word_1_362' title='bbox 1657 1408 1741 1444; x_wconf 78' lang='grc' dir='ltr'>δήπου</span> <span class='ocrx_word' id='word_1_363' title='bbox 1751 1409 1798 1434; x_wconf 68' lang='grc' dir='ltr'>καὶ</span> <span class='ocrx_word' id='word_1_364' title='bbox 1809 1408 1873 1439; x_wconf 73' lang='grc' dir='ltr'>τοὺς</span> 
     </span>
    </p>
   </div>
   <div class='ocr_carea' id='block_1_60' title="bbox 1083 1454 1873 1491">
    <p class='ocr_par' dir='ltr' id='par_1_60' title="bbox 1083 1454 1873 1491">
     <span class='ocr_line' id='line_1_61' title="bbox 1083 1454 1873 1491; baseline 0.003 -11"><span class='ocrx_word' id='word_1_365' title='bbox 1083 1454 1241 1488; x_wconf 75' lang='grc' dir='ltr'>φιλοσόφους</span> <span class='ocrx_word' id='word_1_366' title='bbox 1256 1454 1363 1486; x_wconf 74' lang='grc' dir='ltr'>αὐτοὺς,</span> <span class='ocrx_word' id='word_1_367' title='bbox 1381 1454 1418 1485; x_wconf 84' lang='grc' dir='ltr'><strong>ὡς</strong></span> <span class='ocrx_word' id='word_1_368' title='bbox 1435 1455 1474 1481; x_wconf 73' lang='grc' dir='ltr'>ἑνὶ</span> <span class='ocrx_word' id='word_1_369' title='bbox 1492 1455 1540 1489; x_wconf 80' lang='grc' dir='ltr'><strong>μὲν</strong></span> <span class='ocrx_word' id='word_1_370' title='bbox 1555 1454 1672 1486; x_wconf 74' lang='grc' dir='ltr'>ἅπαντες</span> <span class='ocrx_word' id='word_1_371' title='bbox 1687 1455 1802 1491; x_wconf 72' lang='grc' dir='ltr'>δόγματι</span> <span class='ocrx_word' id='word_1_372' title='bbox 1810 1463 1873 1482; x_wconf 79' lang='grc' dir='ltr'>συν-</span> 
     </span>
    </p>
   </div>
   <div class='ocr_carea' id='block_1_61' title="bbox 1082 1499 1872 1534">
    <p class='ocr_par' dir='ltr' id='par_1_61' title="bbox 1082 1499 1872 1534">
     <span class='ocr_line' id='line_1_62' title="bbox 1082 1499 1872 1534; baseline 0.003 -8"><span class='ocrx_word' id='word_1_373' title='bbox 1082 1499 1200 1527; x_wconf 82' lang='grc' dir='ltr'>τῖθενται</span> <span class='ocrx_word' id='word_1_374' title='bbox 1214 1500 1263 1534; x_wconf 86' lang='grc'><strong>(6),</strong></span> <span class='ocrx_word' id='word_1_375' title='bbox 1279 1500 1409 1532; x_wconf 80' lang='grc' dir='ltr'>πολλάκις</span> <span class='ocrx_word' id='word_1_376' title='bbox 1429 1501 1457 1527; x_wconf 81' lang='grc' dir='ltr'><strong>δὲ</strong></span> <span class='ocrx_word' id='word_1_377' title='bbox 1477 1501 1587 1528; x_wconf 79' lang='grc' dir='ltr'>ἐπειδὰν</span> <span class='ocrx_word' id='word_1_378' title='bbox 1604 1501 1631 1528; x_wconf 75' lang='grc' dir='ltr'>ἐν</span> <span class='ocrx_word' id='word_1_379' title='bbox 1648 1510 1702 1528; x_wconf 88' lang='grc' dir='ltr'>τινι</span> <span class='ocrx_word' id='word_1_380' title='bbox 1725 1501 1780 1528; x_wconf 80' lang='grc' dir='ltr'><strong>τῶν</strong></span> <span class='ocrx_word' id='word_1_381' title='bbox 1802 1502 1872 1528; x_wconf 82' lang='grc' dir='ltr'>ἀπο-</span> 
     </span>
    </p>
   </div>
   <div class='ocr_carea' id='block_1_62' title="bbox 245 1544 1031 1584">
    <p class='ocr_par' dir='ltr' id='par_1_62' title="bbox 245 1544 1031 1580">
     <span class='ocr_line' id='line_1_63' title="bbox 245 1544 1031 1580; baseline 0.003 -9"><span class='ocrx_word' id='word_1_382' title='bbox 245 1545 334 1580; x_wconf 89' lang='lat' dir='ltr'><strong>aliqua</strong></span> <span class='ocrx_word' id='word_1_383' title='bbox 355 1544 537 1572; x_wconf 87' lang='lat' dir='ltr'><strong>assertionum</strong></span> <span class='ocrx_word' id='word_1_384' title='bbox 552 1549 629 1578; x_wconf 85' lang='lat' dir='ltr'><strong>parte</strong></span> <span class='ocrx_word' id='word_1_385' title='bbox 647 1545 781 1572; x_wconf 81' lang='lat' dir='ltr'><strong>interdum</strong></span> <span class='ocrx_word' id='word_1_386' title='bbox 803 1545 967 1580; x_wconf 82' lang='lat' dir='ltr'><strong>discrepare.</strong></span> <span class='ocrx_word' id='word_1_387' title='bbox 981 1545 1031 1573; x_wconf 80' lang='lat' dir='ltr'><strong>Vc-</strong></span> 
     </span>
    </p>
   </div>
   <div class='ocr_carea' id='block_1_63' title="bbox 1085 1544 1872 1584">
    <p class='ocr_par' dir='ltr' id='par_1_63' title="bbox 1085 1545 1872 1583">
     <span class='ocr_line' id='line_1_64' title="bbox 1085 1545 1872 1583; baseline 0.001 -11"><span class='ocrx_word' id='word_1_388' title='bbox 1085 1546 1192 1580; x_wconf 82' lang='grc' dir='ltr'>φάσεων</span> <span class='ocrx_word' id='word_1_389' title='bbox 1209 1546 1287 1582; x_wconf 82' lang='grc' dir='ltr'>μέρει</span> <span class='ocrx_word' id='word_1_390' title='bbox 1313 1545 1492 1580; x_wconf 77' lang='grc' dir='ltr'>διαφωνῶσιν,</span> <span class='ocrx_word' id='word_1_391' title='bbox 1509 1547 1533 1573; x_wconf 78' lang='grc' dir='ltr'><strong>εί</strong></span> <span class='ocrx_word' id='word_1_392' title='bbox 1547 1547 1634 1582; x_wconf 76' lang='grc' dir='ltr'>καὶτῇ</span> <span class='ocrx_word' id='word_1_393' title='bbox 1649 1548 1698 1582; x_wconf 78' lang='grc' dir='ltr'>τῆς</span> <span class='ocrx_word' id='word_1_394' title='bbox 1717 1548 1872 1583; x_wconf 70' lang='grc' dir='ltr'>ἐπιστήμης</span> 
     </span>
    </p>
   </div>
   <div class='ocr_carea' id='block_1_64' title="bbox 245 1590 1032 1625">
    <p class='ocr_par' dir='ltr' id='par_1_64' title="bbox 245 1590 1032 1625">
     <span class='ocr_line' id='line_1_65' title="bbox 245 1590 1032 1625; baseline 0 -7"><span class='ocrx_word' id='word_1_395' title='bbox 245 1598 305 1618; x_wconf 87' lang='lat' dir='ltr'><strong>rum</strong></span> <span class='ocrx_word' id='word_1_396' title='bbox 322 1590 388 1618; x_wconf 86' lang='lat' dir='ltr'><strong>licet</strong></span> <span class='ocrx_word' id='word_1_397' title='bbox 408 1590 435 1617; x_wconf 91' lang='lat' dir='ltr'><strong>in</strong></span> <span class='ocrx_word' id='word_1_398' title='bbox 455 1590 512 1625; x_wconf 86' lang='lat' dir='ltr'><strong>ipsa</strong></span> <span class='ocrx_word' id='word_1_399' title='bbox 529 1591 651 1618; x_wconf 66' lang='lat' dir='ltr'><strong>scientiae</strong></span> <span class='ocrx_word' id='word_1_400' title='bbox 679 1591 844 1625; x_wconf 78' lang='lat' dir='ltr'><strong>perfectione</strong></span> <span class='ocrx_word' id='word_1_401' title='bbox 861 1592 1032 1624; x_wconf 79' lang='lat' dir='ltr'><strong>dissentiant,</strong></span> 
     </span>
    </p>
   </div>
   <div class='ocr_carea' id='block_1_65' title="bbox 245 1635 1032 1666">
    <p class='ocr_par' dir='ltr' id='par_1_65' title="bbox 245 1635 1032 1666">
     <span class='ocr_line' id='line_1_66' title="bbox 245 1635 1032 1666; baseline 0.003 -4"><span class='ocrx_word' id='word_1_402' title='bbox 245 1635 422 1663; x_wconf 84' lang='lat' dir='ltr'><strong>nihilominus</strong></span> <span class='ocrx_word' id='word_1_403' title='bbox 433 1636 468 1663; x_wconf 91' lang='lat' dir='ltr'><strong>ob</strong></span> <span class='ocrx_word' id='word_1_404' title='bbox 478 1641 559 1663; x_wconf 66' lang='lat' dir='ltr'><strong>sectae</strong></span> <span class='ocrx_word' id='word_1_405' title='bbox 574 1637 790 1664; x_wconf 89' lang='lat' dir='ltr'><strong>communionem</strong></span> <span class='ocrx_word' id='word_1_406' title='bbox 803 1645 897 1666; x_wconf 83' lang='lat' dir='ltr'><strong>rursus</strong></span> <span class='ocrx_word' id='word_1_407' title='bbox 911 1638 937 1665; x_wconf 91' lang='lat' dir='ltr'><strong>in</strong></span> <span class='ocrx_word' id='word_1_408' title='bbox 950 1646 1032 1665; x_wconf 83' lang='lat' dir='ltr'><strong>unum</strong></span> 
     </span>
    </p>
   </div>
   <div class='ocr_carea' id='block_1_66' title="bbox 245 1681 1034 1718">
    <p class='ocr_par' dir='ltr' id='par_1_66' title="bbox 245 1681 1034 1718">
     <span class='ocr_line' id='line_1_67' title="bbox 245 1681 1034 1718; baseline 0.004 -10"><span class='ocrx_word' id='word_1_409' title='bbox 245 1681 413 1716; x_wconf 86' lang='lat' dir='ltr'><strong>conspirant.</strong></span> <span class='ocrx_word' id='word_1_410' title='bbox 439 1681 516 1715; x_wconf 86' lang='lat' dir='ltr'><strong>Quod</strong></span> <span class='ocrx_word' id='word_1_411' title='bbox 537 1683 560 1709; x_wconf 91' lang='lat' dir='ltr'><strong>si</strong></span> <span class='ocrx_word' id='word_1_412' title='bbox 587 1683 623 1709; x_wconf 87' lang='lat' dir='ltr'><strong>ita</strong></span> <span class='ocrx_word' id='word_1_413' title='bbox 640 1687 690 1713; x_wconf 86' lang='lat' dir='ltr'><strong>est.</strong></span> <span class='ocrx_word' id='word_1_414' title='bbox 719 1684 855 1718; x_wconf 86' lang='lat' dir='ltr'><strong>quomodo</strong></span> <span class='ocrx_word' id='word_1_415' title='bbox 873 1692 925 1710; x_wconf 88' lang='lat' dir='ltr'><strong>non</strong></span> <span class='ocrx_word' id='word_1_416' title='bbox 948 1684 1034 1711; x_wconf 91' lang='lat' dir='ltr'><strong>multo</strong></span> 
     </span>
    </p>
   </div>
   <div class='ocr_carea' id='block_1_67' title="bbox 243 1727 1033 1764">
    <p class='ocr_par' dir='ltr' id='par_1_67' title="bbox 243 1727 1033 1764">
     <span class='ocr_line' id='line_1_68' title="bbox 243 1727 1033 1764; baseline 0.004 -10"><span class='ocrx_word' id='word_1_417' title='bbox 243 1727 346 1763; x_wconf 76' lang='lat' dir='ltr'><strong>iustius</strong></span> <span class='ocrx_word' id='word_1_418' title='bbox 366 1727 458 1760; x_wconf 82' lang='lat' dir='ltr'><strong>fuerit,</strong></span> <span class='ocrx_word' id='word_1_419' title='bbox 473 1735 522 1756; x_wconf 88' lang='lat' dir='ltr'><strong>vos</strong></span> <span class='ocrx_word' id='word_1_420' title='bbox 540 1729 584 1764; x_wconf 86' lang='lat' dir='ltr'><strong>qui</strong></span> <span class='ocrx_word' id='word_1_421' title='bbox 602 1729 710 1756; x_wconf 78' lang='lat' dir='ltr'><strong>maximi</strong></span> <span class='ocrx_word' id='word_1_422' title='bbox 741 1728 788 1757; x_wconf 84' lang='lat' dir='ltr'><strong>Dei</strong></span> <span class='ocrx_word' id='word_1_423' title='bbox 803 1729 918 1757; x_wconf 88' lang='lat' dir='ltr'><strong>ministri</strong></span> <span class='ocrx_word' id='word_1_424' title='bbox 933 1731 1033 1757; x_wconf 82' lang='lat' dir='ltr'><strong>consti-</strong></span> 
     </span>
    </p>
   </div>
   <div class='ocr_carea' id='block_1_68' title="bbox 245 1772 1030 1810">
    <p class='ocr_par' dir='ltr' id='par_1_68' title="bbox 245 1772 1030 1810">
     <span class='ocr_line' id='line_1_69' title="bbox 245 1772 1030 1810; baseline 0.004 -11"><span class='ocrx_word' id='word_1_425' title='bbox 245 1772 296 1799; x_wconf 92' lang='lat' dir='ltr'><strong>tuti</strong></span> <span class='ocrx_word' id='word_1_426' title='bbox 312 1772 391 1805; x_wconf 84' lang='lat' dir='ltr'><strong>estis,</strong></span> <span class='ocrx_word' id='word_1_427' title='bbox 408 1773 436 1800; x_wconf 91' lang='lat' dir='ltr'><strong>in</strong></span> <span class='ocrx_word' id='word_1_428' title='bbox 455 1773 573 1807; x_wconf 84' lang='lat' dir='ltr'><strong>ejusdem</strong></span> <span class='ocrx_word' id='word_1_429' title='bbox 595 1774 735 1809; x_wconf 77' lang='lat' dir='ltr'><strong>religionis</strong></span> <span class='ocrx_word' id='word_1_430' title='bbox 748 1774 917 1810; x_wconf 86' lang='lat' dir='ltr'><strong>professione</strong></span> <span class='ocrx_word' id='word_1_431' title='bbox 932 1776 1030 1802; x_wconf 87' lang='lat' dir='ltr'><strong>unani-</strong></span> 
     </span>
    </p>
   </div>
   <div class='ocr_carea' id='block_1_69' title="bbox 244 1817 1030 1855">
    <p class='ocr_par' dir='ltr' id='par_1_69' title="bbox 244 1817 1030 1855">
     <span class='ocr_line' id='line_1_70' title="bbox 244 1817 1030 1855; baseline 0.003 -9"><span class='ocrx_word' id='word_1_432' title='bbox 244 1825 303 1846; x_wconf 87' lang='lat' dir='ltr'><strong>mes</strong></span> <span class='ocrx_word' id='word_1_433' title='bbox 315 1817 495 1854; x_wconf 80' lang='lat' dir='ltr'><strong>permanere?</strong></span> <span class='ocrx_word' id='word_1_434' title='bbox 514 1819 567 1846; x_wconf 87' lang='lat' dir='ltr'><strong>Sed</strong></span> <span class='ocrx_word' id='word_1_435' title='bbox 582 1820 773 1853; x_wconf 85' lang='lat' dir='ltr'><strong>accuratius,si</strong></span> <span class='ocrx_word' id='word_1_436' title='bbox 793 1820 928 1855; x_wconf 81' lang='lat' dir='ltr'><strong>plaeet,et</strong></span> <span class='ocrx_word' id='word_1_437' title='bbox 941 1826 1030 1848; x_wconf 87' lang='lat' dir='ltr'><strong>atten-</strong></span> 
     </span>
    </p>
   </div>
   <div class='ocr_carea' id='block_1_70' title="bbox 244 1865 1033 1902">
    <p class='ocr_par' dir='ltr' id='par_1_70' title="bbox 244 1865 1033 1902">
     <span class='ocr_line' id='line_1_71' title="bbox 244 1865 1033 1902; baseline 0.004 -10"><span class='ocrx_word' id='word_1_438' title='bbox 244 1865 299 1892; x_wconf 84' lang='lat' dir='ltr'><strong>tius</strong></span> <span class='ocrx_word' id='word_1_439' title='bbox 314 1865 499 1899; x_wconf 85' lang='lat' dir='ltr'><strong>expendamus</strong></span> <span class='ocrx_word' id='word_1_440' title='bbox 510 1866 536 1893; x_wconf 88' lang='lat' dir='ltr'><strong>id</strong></span> <span class='ocrx_word' id='word_1_441' title='bbox 551 1866 622 1901; x_wconf 89' lang='lat' dir='ltr'><strong>quod</strong></span> <span class='ocrx_word' id='word_1_442' title='bbox 634 1866 691 1901; x_wconf 90' lang='lat' dir='ltr'><strong>jam</strong></span> <span class='ocrx_word' id='word_1_443' title='bbox 705 1867 770 1899; x_wconf 80' lang='lat' dir='ltr'><strong>dixi,</strong></span> <span class='ocrx_word' id='word_1_444' title='bbox 796 1874 940 1902; x_wconf 69' lang='lat' dir='ltr'><strong>aequumne</strong></span> <span class='ocrx_word' id='word_1_445' title='bbox 955 1868 1033 1895; x_wconf 89' lang='lat' dir='ltr'><strong>situt</strong></span> 
     </span>
    </p>
   </div>
   <div class='ocr_carea' id='block_1_71' title="bbox 243 1910 1033 1941">
    <p class='ocr_par' dir='ltr' id='par_1_71' title="bbox 243 1910 1033 1941">
     <span class='ocr_line' id='line_1_72' title="bbox 243 1910 1033 1941; baseline 0.001 -2"><span class='ocrx_word' id='word_1_446' title='bbox 243 1911 279 1939; x_wconf 90' lang='lat' dir='ltr'><strong>ob</strong></span> <span class='ocrx_word' id='word_1_447' title='bbox 295 1910 393 1938; x_wconf 85' lang='lat' dir='ltr'><strong>levium</strong></span> <span class='ocrx_word' id='word_1_448' title='bbox 409 1915 436 1938; x_wconf 86' lang='lat' dir='ltr'><strong>et</strong></span> <span class='ocrx_word' id='word_1_449' title='bbox 453 1911 574 1938; x_wconf 87' lang='lat' dir='ltr'><strong>inanium</strong></span> <span class='ocrx_word' id='word_1_450' title='bbox 595 1912 739 1940; x_wconf 86' lang='lat' dir='ltr'><strong>verborum</strong></span> <span class='ocrx_word' id='word_1_451' title='bbox 755 1912 827 1940; x_wconf 88' lang='lat' dir='ltr'><strong>inter</strong></span> <span class='ocrx_word' id='word_1_452' title='bbox 851 1921 899 1940; x_wconf 90' lang='lat' dir='ltr'><strong>vos</strong></span> <span class='ocrx_word' id='word_1_453' title='bbox 920 1919 1033 1941; x_wconf 84' lang='lat' dir='ltr'><strong>conten-</strong></span> 
     </span>
    </p>
   </div>
   <div class='ocr_carea' id='block_1_72' title="bbox 244 1957 1031 1993">
    <p class='ocr_par' dir='ltr' id='par_1_72' title="bbox 244 1957 1031 1993">
     <span class='ocr_line' id='line_1_73' title="bbox 244 1957 1031 1993; baseline 0.003 -9"><span class='ocrx_word' id='word_1_454' title='bbox 244 1957 343 1990; x_wconf 82' lang='lat' dir='ltr'><strong>tiones,</strong></span> <span class='ocrx_word' id='word_1_455' title='bbox 355 1957 454 1984; x_wconf 77' lang='lat' dir='ltr'><strong>fratres</strong></span> <span class='ocrx_word' id='word_1_456' title='bbox 465 1957 593 1985; x_wconf 87' lang='lat' dir='ltr'><strong>fratribus</strong></span> <span class='ocrx_word' id='word_1_457' title='bbox 607 1958 680 1985; x_wconf 89' lang='lat' dir='ltr'><strong>velut</strong></span> <span class='ocrx_word' id='word_1_458' title='bbox 693 1959 718 1985; x_wconf 92' lang='lat' dir='ltr'><strong>in</strong></span> <span class='ocrx_word' id='word_1_459' title='bbox 735 1958 794 1986; x_wconf 82' lang='lat' dir='ltr'><strong>acie</strong></span> <span class='ocrx_word' id='word_1_460' title='bbox 811 1959 929 1993; x_wconf 85' lang='lat' dir='ltr'><strong>oppositi</strong></span> <span class='ocrx_word' id='word_1_461' title='bbox 942 1964 1031 1991; x_wconf 84' lang='lat' dir='ltr'><strong>stent;</strong></span> 
     </span>
    </p>
   </div>
   <div class='ocr_carea' id='block_1_73' title="bbox 245 2003 1032 2039">
    <p class='ocr_par' dir='ltr' id='par_1_73' title="bbox 245 2003 1032 2039">
     <span class='ocr_line' id='line_1_74' title="bbox 245 2003 1032 2039; baseline 0.003 -10"><span class='ocrx_word' id='word_1_462' title='bbox 245 2008 329 2038; x_wconf 85' lang='lat' dir='ltr'><strong>utque</strong></span> <span class='ocrx_word' id='word_1_463' title='bbox 347 2003 510 2030; x_wconf 81' lang='lat' dir='ltr'><strong>venerabilis</strong></span> <span class='ocrx_word' id='word_1_464' title='bbox 527 2010 687 2036; x_wconf 88' lang='lat' dir='ltr'><strong>conventus,</strong></span> <span class='ocrx_word' id='word_1_465' title='bbox 713 2011 761 2038; x_wconf 88' lang='lat' dir='ltr'><strong>per</strong></span> <span class='ocrx_word' id='word_1_466' title='bbox 777 2011 826 2031; x_wconf 85' lang='lat' dir='ltr'><strong>vos</strong></span> <span class='ocrx_word' id='word_1_467' title='bbox 841 2004 886 2039; x_wconf 90' lang='lat' dir='ltr'><strong>qui</strong></span> <span class='ocrx_word' id='word_1_468' title='bbox 901 2005 933 2032; x_wconf 90' lang='lat' dir='ltr'><strong>de</strong></span> <span class='ocrx_word' id='word_1_469' title='bbox 952 2004 1032 2032; x_wconf 84' lang='lat' dir='ltr'><strong>rebus</strong></span> 
     </span>
    </p>
   </div>
   <div class='ocr_carea' id='block_1_74' title="bbox 244 2091 1032 2127">
    <p class='ocr_par' dir='ltr' id='par_1_74' title="bbox 244 2091 1032 2127">
     <span class='ocr_line' id='line_1_75' title="bbox 244 2091 1032 2127; baseline 0 -9"><span class='ocrx_word' id='word_1_470' title='bbox 244 2092 339 2127; x_wconf 78' lang='lat' dir='ltr'><strong>Regio.</strong></span> <span class='ocrx_word' id='word_1_471' title='bbox 357 2092 425 2120; x_wconf 79' lang='lat' dir='ltr'><strong>Fuit.</strong></span> <span class='ocrx_word' id='word_1_472' title='bbox 441 2097 468 2119; x_wconf 91' lang='lat' dir='ltr'><strong>et</strong></span> <span class='ocrx_word' id='word_1_473' title='bbox 492 2091 577 2119; x_wconf 81' lang='lat' dir='ltr'><strong>Savil.</strong></span> <span class='ocrx_word' id='word_1_474' title='bbox 595 2092 692 2127; x_wconf 72' lang='lat' dir='ltr'><strong>legitur</strong></span> <span class='ocrx_word' id='word_1_475' title='bbox 707 2093 722 2119; x_wconf 72' lang='grc' dir='ltr'><strong>ἢ</strong></span> <span class='ocrx_word' id='word_1_476' title='bbox 740 2092 781 2124; x_wconf 81' lang='grc' dir='ltr'><strong>τίς</strong></span> <span class='ocrx_word' id='word_1_477' title='bbox 796 2094 866 2125; x_wconf 81' lang='grc' dir='ltr'>ταῖς,</span> <span class='ocrx_word' id='word_1_478' title='bbox 886 2097 938 2120; x_wconf 87' lang='lat' dir='ltr'><strong>etc.</strong></span> <span class='ocrx_word' id='word_1_479' title='bbox 956 2093 1032 2126; x_wconf 91' lang='lat' dir='ltr'><strong>Apud</strong></span> 
     </span>
    </p>
   </div>
   <div class='ocr_carea' id='block_1_75' title="bbox 244 2127 1033 2163">
    <p class='ocr_par' dir='ltr' id='par_1_75' title="bbox 244 2127 1033 2163">
     <span class='ocr_line' id='line_1_76' title="bbox 244 2127 1033 2163; baseline -0.001 -9"><span class='ocrx_word' id='word_1_480' title='bbox 244 2127 540 2163; x_wconf 70' lang='lat' dir='ltr'><strong>Nicapborumautem</strong></span> <span class='ocrx_word' id='word_1_481' title='bbox 565 2128 663 2161; x_wconf 79' lang='lat' dir='ltr'><strong>legitur</strong></span> <span class='ocrx_word' id='word_1_482' title='bbox 685 2127 701 2162; x_wconf 82' lang='grc' dir='ltr'>ἢ</span> <span class='ocrx_word' id='word_1_483' title='bbox 726 2127 768 2163; x_wconf 73' lang='grc' dir='ltr'><strong>τίς</strong></span> <span class='ocrx_word' id='word_1_484' title='bbox 791 2127 821 2159; x_wconf 81' lang='grc' dir='ltr'>ὃς</span> <span class='ocrx_word' id='word_1_485' title='bbox 846 2129 906 2159; x_wconf 85' lang='grc' dir='ltr'>ταῖς</span> <span class='ocrx_word' id='word_1_486' title='bbox 931 2129 1033 2155; x_wconf 88' lang='lat' dir='ltr'><strong>rectius</strong></span> 
     </span>
    </p>
   </div>
   <div class='ocr_carea' id='block_1_76' title="bbox 243 2161 1032 2197">
    <p class='ocr_par' dir='ltr' id='par_1_76' title="bbox 243 2161 1032 2197">
     <span class='ocr_line' id='line_1_77' title="bbox 243 2161 1032 2197; baseline 0 -7"><span class='ocrx_word' id='word_1_487' title='bbox 243 2161 324 2197; x_wconf 82' lang='lat' dir='ltr'><strong>quam</strong></span> <span class='ocrx_word' id='word_1_488' title='bbox 345 2163 371 2189; x_wconf 89' lang='lat' dir='ltr'><strong>in</strong></span> <span class='ocrx_word' id='word_1_489' title='bbox 398 2161 514 2196; x_wconf 83' lang='lat' dir='ltr'><strong>vulgatis</strong></span> <span class='ocrx_word' id='word_1_490' title='bbox 537 2161 716 2189; x_wconf 80' lang='lat' dir='ltr'><strong>editiouibus.</strong></span> <span class='ocrx_word' id='word_1_491' title='bbox 738 2162 797 2188; x_wconf 77' lang='lat' dir='ltr'><strong>Mox</strong></span> <span class='ocrx_word' id='word_1_492' title='bbox 830 2163 972 2189; x_wconf 86' lang='lat' dir='ltr'><strong>emendavi</strong></span> <span class='ocrx_word' id='word_1_493' title='bbox 999 2171 1032 2190; x_wconf 75' lang='lat' dir='ltr'><strong>ex</strong></span> 
     </span>
    </p>
   </div>
   <div class='ocr_carea' id='block_1_77' title="bbox 243 2196 1031 2233">
    <p class='ocr_par' dir='ltr' id='par_1_77' title="bbox 243 2196 1031 2233">
     <span class='ocr_line' id='line_1_78' title="bbox 243 2196 1031 2233; baseline 0 -8"><span class='ocrx_word' id='word_1_494' title='bbox 243 2198 322 2233; x_wconf 78' lang='lat' dir='ltr'><strong>codd.</strong></span> <span class='ocrx_word' id='word_1_495' title='bbox 351 2196 419 2233; x_wconf 74' lang='lat' dir='ltr'><strong>Fltk.</strong></span> <span class='ocrx_word' id='word_1_496' title='bbox 441 2203 469 2224; x_wconf 88' lang='lat' dir='ltr'><strong>et</strong></span> <span class='ocrx_word' id='word_1_497' title='bbox 488 2197 598 2233; x_wconf 71' lang='lat' dir='ltr'><strong>Sav.,i}</strong></span> <span class='ocrx_word' id='word_1_498' title='bbox 625 2198 659 2232; x_wconf 80' lang='grc' dir='ltr'><strong>τῇ</strong></span> <span class='ocrx_word' id='word_1_499' title='bbox 682 2197 736 2223; x_wconf 86' lang='grc' dir='ltr'>τῶν</span> <span class='ocrx_word' id='word_1_500' title='bbox 762 2198 904 2233; x_wconf 85' lang='grc' dir='ltr'>ἀκροατῶν</span> <span class='ocrx_word' id='word_1_501' title='bbox 931 2197 1031 2233; x_wconf 83' lang='grc' dir='ltr'>βραδυ-</span> 
     </span>
    </p>
   </div>
   <div class='ocr_carea' id='block_1_78' title="bbox 242 2232 448 2269">
    <p class='ocr_par' dir='ltr' id='par_1_78' title="bbox 242 2232 448 2269">
     <span class='ocr_line' id='line_1_79' title="bbox 242 2232 448 2269; baseline -0.005 -10"><span class='ocrx_word' id='word_1_502' title='bbox 242 2232 310 2269; x_wconf 73' lang='grc' dir='ltr'>τέρα</span> <span class='ocrx_word' id='word_1_503' title='bbox 332 2232 448 2269; x_wconf 80' lang='grc' dir='ltr'>συνέσει.</span> 
     </span>
    </p>
   </div>
   <div class='ocr_carea' id='block_1_79' title="bbox 279 2267 1032 2304">
    <p class='ocr_par' dir='ltr' id='par_1_79' title="bbox 279 2267 1032 2304">
     <span class='ocr_line' id='line_1_80' title="bbox 279 2267 1032 2304; baseline -0.001 -9"><span class='ocrx_word' id='word_1_504' title='bbox 279 2267 318 2304; x_wconf 78' lang='lat'><strong>(3)</strong></span> <span class='ocrx_word' id='word_1_505' title='bbox 345 2267 392 2299; x_wconf 79' lang='grc' dir='ltr'><strong>Ἐξ</strong></span> <span class='ocrx_word' id='word_1_506' title='bbox 414 2267 559 2304; x_wconf 63' lang='grc' dir='ltr'>ὁποτέρου</span> <span class='ocrx_word' id='word_1_507' title='bbox 581 2269 704 2295; x_wconf 77' lang='grc' dir='ltr'>τούτων.</span> <span class='ocrx_word' id='word_1_508' title='bbox 735 2267 762 2304; x_wconf 84' lang='lat' dir='ltr'><strong>In</strong></span> <span class='ocrx_word' id='word_1_509' title='bbox 779 2267 870 2304; x_wconf 78' lang='lat' dir='ltr'><strong>codd.</strong></span> <span class='ocrx_word' id='word_1_510' title='bbox 897 2267 980 2304; x_wconf 78' lang='lat' dir='ltr'><strong>Regio</strong></span> <span class='ocrx_word' id='word_1_511' title='bbox 1005 2273 1032 2294; x_wconf 88' lang='lat' dir='ltr'><strong>et</strong></span> 
     </span>
    </p>
   </div>
   <div class='ocr_carea' id='block_1_80' title="bbox 243 2302 1031 2338">
    <p class='ocr_par' dir='ltr' id='par_1_80' title="bbox 243 2302 1031 2338">
     <span class='ocr_line' id='line_1_81' title="bbox 243 2302 1031 2338; baseline -0.006 -7"><span class='ocrx_word' id='word_1_512' title='bbox 243 2302 312 2331; x_wconf 80' lang='lat' dir='ltr'><strong>Fuk.</strong></span> <span class='ocrx_word' id='word_1_513' title='bbox 326 2303 424 2336; x_wconf 76' lang='lat' dir='ltr'><strong>legitur</strong></span> <span class='ocrx_word' id='word_1_514' title='bbox 439 2302 556 2338; x_wconf 78' lang='grc' dir='ltr'>ποτέρου</span> <span class='ocrx_word' id='word_1_515' title='bbox 572 2303 630 2329; x_wconf 90' lang='lat' dir='ltr'><strong>sine</strong></span> <span class='ocrx_word' id='word_1_516' title='bbox 648 2303 839 2338; x_wconf 68' lang='lat' dir='ltr'><strong>prmpositione</strong></span> <span class='ocrx_word' id='word_1_517' title='bbox 854 2312 860 2330; x_wconf 84' lang='lat'>:</span> <span class='ocrx_word' id='word_1_518' title='bbox 875 2311 936 2338; x_wconf 63' lang='lat' dir='ltr'><strong>qum</strong></span> <span class='ocrx_word' id='word_1_519' title='bbox 951 2303 1031 2329; x_wconf 78' lang='lat' dir='ltr'><strong>lectio</strong></span> 
     </span>
    </p>
   </div>
   <div class='ocr_carea' id='block_1_81' title="bbox 243 2337 1031 2372">
    <p class='ocr_par' dir='ltr' id='par_1_81' title="bbox 243 2337 1031 2372">
     <span class='ocr_line' id='line_1_82' title="bbox 243 2337 1031 2372; baseline 0 -7"><span class='ocrx_word' id='word_1_520' title='bbox 243 2338 308 2366; x_wconf 79' lang='lat' dir='ltr'><strong>ferri</strong></span> <span class='ocrx_word' id='word_1_521' title='bbox 333 2342 433 2372; x_wconf 83' lang='lat' dir='ltr'><strong>potest.</strong></span> <span class='ocrx_word' id='word_1_522' title='bbox 447 2337 469 2364; x_wconf 90' lang='lat' dir='ltr'><strong>si</strong></span> <span class='ocrx_word' id='word_1_523' title='bbox 486 2345 578 2364; x_wconf 84' lang='lat' dir='ltr'><strong>vocem</strong></span> <span class='ocrx_word' id='word_1_524' title='bbox 602 2337 717 2372; x_wconf 82' lang='grc' dir='ltr'>ποτέρου</span> <span class='ocrx_word' id='word_1_525' title='bbox 743 2339 844 2364; x_wconf 84' lang='lat' dir='ltr'><strong>referas</strong></span> <span class='ocrx_word' id='word_1_526' title='bbox 865 2339 898 2364; x_wconf 89' lang='lat' dir='ltr'><strong>ad</strong></span> <span class='ocrx_word' id='word_1_527' title='bbox 918 2345 948 2364; x_wconf 89' lang='lat' dir='ltr'><strong>ea</strong></span> <span class='ocrx_word' id='word_1_528' title='bbox 973 2346 1031 2372; x_wconf 75' lang='lat' dir='ltr'><strong>quae</strong></span> 
     </span>
    </p>
   </div>
   <div class='ocr_carea' id='block_1_82' title="bbox 243 2346 1028 2409">
    <p class='ocr_par' dir='ltr' id='par_1_82' title="bbox 243 2346 1028 2409">
     <span class='ocr_line' id='line_1_83' title="bbox 243 2346 1028 2372; baseline 0 -7"><span class='ocrx_word' id='word_1_529' title='bbox 243 2346 308 2366; x_wconf 86' lang='lat' dir='ltr'><strong>terrt</strong></span> <span class='ocrx_word' id='word_1_530' title='bbox 333 2346 433 2372; x_wconf 81' lang='lat' dir='ltr'><strong>potest.</strong></span> <span class='ocrx_word' id='word_1_531' title='bbox 447 2346 469 2364; x_wconf 89' lang='lat' dir='ltr'><strong>st</strong></span> <span class='ocrx_word' id='word_1_532' title='bbox 486 2346 578 2364; x_wconf 83' lang='lat' dir='ltr'><strong>vocem</strong></span> <span class='ocrx_word' id='word_1_533' title='bbox 602 2346 666 2364; x_wconf 81' lang='grc' dir='ltr'>ποτε</span> <span class='ocrx_word' id='word_1_534' title='bbox 687 2346 717 2364; x_wconf 94' lang='grc' dir='ltr'><strong>ου</strong></span> <span class='ocrx_word' id='word_1_535' title='bbox 743 2346 844 2364; x_wconf 85' lang='lat' dir='ltr'><strong>releras</strong></span> <span class='ocrx_word' id='word_1_536' title='bbox 865 2346 898 2364; x_wconf 87' lang='lat' dir='ltr'><strong>au</strong></span> <span class='ocrx_word' id='word_1_537' title='bbox 918 2346 948 2364; x_wconf 90' lang='lat' dir='ltr'><strong>ea</strong></span> <span class='ocrx_word' id='word_1_538' title='bbox 973 2346 1028 2372; x_wconf 75' lang='lat' dir='ltr'><strong>qua:</strong></span> 
     </span>
     <span class='ocr_line' id='line_1_84' title="bbox 243 2346 1028 2409; baseline -0.003 -9"><span class='ocrx_word' id='word_1_539' title='bbox 243 2372 433 2409; x_wconf 59' lang='lat' dir='ltr'><strong>sequuntur.ﬂ</strong></span> <span class='ocrx_word' id='word_1_540' title='bbox 455 2372 643 2408; x_wconf 83' lang='grc' dir='ltr'>βλασφημίας,</span> <span class='ocrx_word' id='word_1_541' title='bbox 667 2346 685 2408; x_wconf 50' lang='lat' dir='ltr'><strong>ﬁ</strong></span> <span class='ocrx_word' id='word_1_542' title='bbox 709 2373 867 2409; x_wconf 84' lang='grc' dir='ltr'>σχίσματος.</span> <span class='ocrx_word' id='word_1_543' title='bbox 894 2373 1028 2409; x_wconf 73' lang='lat' dir='ltr'><strong>Quorum.</strong></span> 
     </span>
    </p>
   </div>
   <div class='ocr_carea' id='block_1_83' title="bbox 243 2407 1030 2442">
    <p class='ocr_par' dir='ltr' id='par_1_83' title="bbox 243 2407 1030 2442">
     <span class='ocr_line' id='line_1_85' title="bbox 243 2407 1030 2442; baseline 0 -7"><span class='ocrx_word' id='word_1_544' title='bbox 243 2408 352 2442; x_wconf 77' lang='lat' dir='ltr'><strong>inquit.</strong></span> <span class='ocrx_word' id='word_1_545' title='bbox 376 2407 508 2440; x_wconf 83' lang='lat' dir='ltr'><strong>alterum,</strong></span> <span class='ocrx_word' id='word_1_546' title='bbox 530 2413 577 2434; x_wconf 83' lang='lat' dir='ltr'><strong>aut</strong></span> <span class='ocrx_word' id='word_1_547' title='bbox 602 2407 786 2441; x_wconf 71' lang='lat' dir='ltr'><strong>blasplmiiim.</strong></span> <span class='ocrx_word' id='word_1_548' title='bbox 805 2413 850 2434; x_wconf 79' lang='lat' dir='ltr'><strong>aut</strong></span> <span class='ocrx_word' id='word_1_549' title='bbox 875 2408 1030 2435; x_wconf 83' lang='lat' dir='ltr'><strong>schismatis</strong></span> 
     </span>
    </p>
   </div>
   <div class='ocr_carea' id='block_1_84' title="bbox 245 2441 1031 2470">
    <p class='ocr_par' dir='ltr' id='par_1_84' title="bbox 245 2441 1031 2470">
     <span class='ocr_line' id='line_1_86' title="bbox 245 2441 1031 2470; baseline 0.001 -2"><span class='ocrx_word' id='word_1_550' title='bbox 245 2441 375 2470; x_wconf 74' lang='lat' dir='ltr'><strong>itascetur</strong></span> <span class='ocrx_word' id='word_1_551' title='bbox 392 2442 512 2470; x_wconf 86' lang='lat' dir='ltr'><strong>occasio.</strong></span> <span class='ocrx_word' id='word_1_552' title='bbox 527 2443 563 2469; x_wconf 84' lang='lat' dir='ltr'><strong>At</strong></span> <span class='ocrx_word' id='word_1_553' title='bbox 579 2442 706 2469; x_wconf 83' lang='lat' dir='ltr'><strong>Socrates</strong></span> <span class='ocrx_word' id='word_1_554' title='bbox 722 2451 753 2470; x_wconf 83' lang='lat' dir='ltr'><strong>ac</strong></span> <span class='ocrx_word' id='word_1_555' title='bbox 770 2441 894 2470; x_wconf 81' lang='lat' dir='ltr'><strong>Gelasius</strong></span> <span class='ocrx_word' id='word_1_556' title='bbox 910 2448 937 2470; x_wconf 93' lang='lat' dir='ltr'><strong>et</strong></span> <span class='ocrx_word' id='word_1_557' title='bbox 952 2441 1031 2470; x_wconf 88' lang='lat' dir='ltr'><strong>Nice-</strong></span> 
     </span>
    </p>
   </div>
   <div class='ocr_carea' id='block_1_85' title="bbox 191 2476 1029 2512">
    <p class='ocr_par' dir='ltr' id='par_1_85' title="bbox 191 2476 1029 2512">
     <span class='ocr_line' id='line_1_87' title="bbox 191 2476 1029 2512; baseline 0 -8"><span class='ocrx_word' id='word_1_558' title='bbox 191 2492 202 2499; x_wconf 91' lang='lat'><strong><em>-</em></strong></span> <span class='ocrx_word' id='word_1_559' title='bbox 243 2478 345 2512; x_wconf 75' lang='lat' dir='ltr'><strong>pltorus</strong></span> <span class='ocrx_word' id='word_1_560' title='bbox 367 2478 420 2505; x_wconf 88' lang='lat' dir='ltr'><strong>hoc</strong></span> <span class='ocrx_word' id='word_1_561' title='bbox 444 2478 502 2504; x_wconf 89' lang='lat' dir='ltr'><strong>loco</strong></span> <span class='ocrx_word' id='word_1_562' title='bbox 531 2479 662 2512; x_wconf 78' lang='lat' dir='ltr'><strong>scriptum</strong></span> <span class='ocrx_word' id='word_1_563' title='bbox 686 2477 787 2505; x_wconf 85' lang='lat' dir='ltr'><strong>habent</strong></span> <span class='ocrx_word' id='word_1_564' title='bbox 808 2476 884 2510; x_wconf 80' lang='grc' dir='ltr'>αὖθις</span> <span class='ocrx_word' id='word_1_565' title='bbox 910 2478 940 2510; x_wconf 77' lang='grc' dir='ltr'>ἐξ</span> <span class='ocrx_word' id='word_1_566' title='bbox 965 2479 1029 2504; x_wconf 81' lang='grc' dir='ltr'>ἑκα-</span> 
     </span>
    </p>
   </div>
   <div class='ocr_carea' id='block_1_86' title="bbox 241 2512 1030 2548">
    <p class='ocr_par' dir='ltr' id='par_1_86' title="bbox 241 2512 1030 2548">
     <span class='ocr_line' id='line_1_88' title="bbox 241 2512 1030 2548; baseline -0.001 -9"><span class='ocrx_word' id='word_1_567' title='bbox 241 2512 406 2548; x_wconf 29' lang='grc' dir='ltr'>τέρουιΕει</span> <span class='ocrx_word' id='word_1_568' title='bbox 430 2517 503 2539; x_wconf 86' lang='lat' dir='ltr'><strong>certe</strong></span> <span class='ocrx_word' id='word_1_569' title='bbox 529 2513 573 2539; x_wconf 89' lang='lat' dir='ltr'><strong>hic</strong></span> <span class='ocrx_word' id='word_1_570' title='bbox 598 2513 672 2539; x_wconf 84' lang='lat' dir='ltr'><strong>locus</strong></span> <span class='ocrx_word' id='word_1_571' title='bbox 697 2514 731 2540; x_wconf 87' lang='lat' dir='ltr'><strong>ob</strong></span> <span class='ocrx_word' id='word_1_572' title='bbox 757 2520 868 2547; x_wconf 85' lang='lat' dir='ltr'><strong>pravam</strong></span> <span class='ocrx_word' id='word_1_573' title='bbox 895 2514 1030 2548; x_wconf 77' lang='lat' dir='ltr'><strong>syntaxim</strong></span> 
     </span>
    </p>
   </div>
   <div class='ocr_carea' id='block_1_87' title="bbox 244 2535 1029 2582">
    <p class='ocr_par' dir='ltr' id='par_1_87' title="bbox 244 2535 1029 2582">
     <span class='ocr_line' id='line_1_89' title="bbox 244 2535 1029 2582; baseline 0.001 -9"><span class='ocrx_word' id='word_1_574' title='bbox 244 2535 412 2575; x_wconf 40' lang='lat' dir='ltr'><strong>{uinctus—Et</strong></span> <span class='ocrx_word' id='word_1_575' title='bbox 432 2535 581 2575; x_wconf 58' lang='lat' dir='ltr'><strong>Blis&#39;éur&#39;iis&#39;.</strong></span> <span class='ocrx_word' id='word_1_576' title='bbox 598 2535 748 2582; x_wconf 65' lang='grc' dir='ltr'><strong>’ῐιὲιῖιῖιέἷη</strong></span> <span class='ocrx_word' id='word_1_577' title='bbox 758 2535 868 2575; x_wconf 51' lang='grc' dir='ltr'><strong>νὲόέιῖἆέ</strong></span> <span class='ocrx_word' id='word_1_578' title='bbox 891 2535 1029 2582; x_wconf 53' lang='lat' dir='ltr'><strong>tegam</strong></span> 
     </span>
    </p>
   </div>
   <div class='ocr_carea' id='block_1_88' title="bbox 243 2581 1030 2619">
    <p class='ocr_par' dir='ltr' id='par_1_88' title="bbox 243 2581 1030 2619">
     <span class='ocr_line' id='line_1_90' title="bbox 243 2581 1030 2619; baseline 0.003 -11"><span class='ocrx_word' id='word_1_579' title='bbox 243 2582 314 2609; x_wconf 89' lang='lat' dir='ltr'><strong>latus</strong></span> <span class='ocrx_word' id='word_1_580' title='bbox 329 2581 411 2616; x_wconf 86' lang='lat' dir='ltr'><strong>hujus</strong></span> <span class='ocrx_word' id='word_1_581' title='bbox 427 2583 504 2619; x_wconf 76' lang='lat' dir='ltr'><strong>linem</strong></span> <span class='ocrx_word' id='word_1_582' title='bbox 519 2581 662 2617; x_wconf 86' lang='lat' dir='ltr'><strong>apponitur</strong></span> <span class='ocrx_word' id='word_1_583' title='bbox 679 2588 740 2610; x_wconf 89' lang='lat' dir='ltr'><strong>nota</strong></span> <span class='ocrx_word' id='word_1_584' title='bbox 756 2591 774 2617; x_wconf 82' lang='grc' dir='ltr'><strong>φ</strong></span> <span class='ocrx_word' id='word_1_585' title='bbox 788 2588 815 2610; x_wconf 86' lang='lat' dir='ltr'><strong>et</strong></span> <span class='ocrx_word' id='word_1_586' title='bbox 842 2592 870 2619; x_wconf 89' lang='grc' dir='ltr'><strong>ρ,</strong></span> <span class='ocrx_word' id='word_1_587' title='bbox 885 2581 1030 2610; x_wconf 62' lang='grc' dir='ltr'>Ιιοιῐιιιοιιο</span> 
     </span>
    </p>
   </div>
   <div class='ocr_carea' id='block_1_89' title="bbox 242 2618 559 2653">
    <p class='ocr_par' dir='ltr' id='par_1_89' title="bbox 242 2618 559 2653">
     <span class='ocr_line' id='line_1_91' title="bbox 242 2618 559 2653; baseline -0.003 -9"><span class='ocrx_word' id='word_1_588' title='bbox 242 2626 291 2652; x_wconf 82' lang='grc' dir='ltr'><strong>φρ,</strong></span> <span class='ocrx_word' id='word_1_589' title='bbox 309 2619 334 2644; x_wconf 89' lang='lat' dir='ltr'><strong>id</strong></span> <span class='ocrx_word' id='word_1_590' title='bbox 350 2623 395 2653; x_wconf 80' lang='lat' dir='ltr'><strong>est</strong></span> <span class='ocrx_word' id='word_1_591' title='bbox 408 2618 559 2653; x_wconf 74' lang='grc' dir='ltr'>φρόντισον.</span> 
     </span>
    </p>
   </div>
   <div class='ocr_carea' id='block_1_90' title="bbox 280 2652 1028 2687">
    <p class='ocr_par' dir='ltr' id='par_1_90' title="bbox 280 2652 1028 2687">
     <span class='ocr_line' id='line_1_92' title="bbox 280 2652 1028 2687; baseline -0.001 -8"><span class='ocrx_word' id='word_1_592' title='bbox 280 2653 318 2687; x_wconf 72' lang='grc' dir='ltr'><strong>(ι)</strong></span> <span class='ocrx_word' id='word_1_593' title='bbox 340 2652 418 2686; x_wconf 81' lang='grc' dir='ltr'>Πρὸς</span> <span class='ocrx_word' id='word_1_594' title='bbox 448 2653 480 2679; x_wconf 81' lang='grc' dir='ltr'>τὸ</span> <span class='ocrx_word' id='word_1_595' title='bbox 505 2652 560 2685; x_wconf 80' lang='grc' dir='ltr'>τῆς</span> <span class='ocrx_word' id='word_1_596' title='bbox 590 2654 745 2687; x_wconf 60' lang='grc' dir='ltr'>κοινωνίας</span> <span class='ocrx_word' id='word_1_597' title='bbox 776 2654 926 2686; x_wconf 78' lang='grc' dir='ltr'>σύνθημα.</span> <span class='ocrx_word' id='word_1_598' title='bbox 950 2652 1028 2679; x_wconf 77' lang='lat' dir='ltr'><strong>Com-</strong></span> 
     </span>
    </p>
   </div>
   <div class='ocr_carea' id='block_1_91' title="bbox 244 2686 1030 2722">
    <p class='ocr_par' dir='ltr' id='par_1_91' title="bbox 244 2686 1030 2722">
     <span class='ocr_line' id='line_1_93' title="bbox 244 2686 1030 2722; baseline -0.001 -8"><span class='ocrx_word' id='word_1_599' title='bbox 244 2689 376 2714; x_wconf 85' lang='lat' dir='ltr'><strong>munionis</strong></span> <span class='ocrx_word' id='word_1_600' title='bbox 389 2693 516 2714; x_wconf 78' lang='lat' dir='ltr'><strong>tesseram</strong></span> <span class='ocrx_word' id='word_1_601' title='bbox 527 2686 938 2722; x_wconf 55' lang='lat' dir='ltr'><strong>vertuntLangusetMuscutus.</strong></span> <span class='ocrx_word' id='word_1_602' title='bbox 952 2688 1030 2714; x_wconf 71' lang='lat' dir='ltr'><strong>Chri—</strong></span> 
     </span>
    </p>
   </div>
   <div class='ocr_carea' id='block_1_92' title="bbox 244 2723 1029 2756">
    <p class='ocr_par' dir='ltr' id='par_1_92' title="bbox 244 2723 1029 2756">
     <span class='ocr_line' id='line_1_94' title="bbox 244 2723 1029 2756; baseline 0 -8"><span class='ocrx_word' id='word_1_603' title='bbox 244 2723 441 2756; x_wconf 83' lang='lat' dir='ltr'><strong>stopltorsonus</strong></span> <span class='ocrx_word' id='word_1_604' title='bbox 455 2723 647 2749; x_wconf 73' lang='lat' dir='ltr'><strong>communionis</strong></span> <span class='ocrx_word' id='word_1_605' title='bbox 664 2730 827 2750; x_wconf 78' lang='lat' dir='ltr'><strong>consensum.</strong></span> <span class='ocrx_word' id='word_1_606' title='bbox 851 2723 903 2756; x_wconf 78' lang='lat' dir='ltr'><strong>Ego</strong></span> <span class='ocrx_word' id='word_1_607' title='bbox 925 2723 1029 2755; x_wconf 78' lang='lat' dir='ltr'><strong>signum</strong></span> 
     </span>
    </p>
   </div>
   <div class='ocr_carea' id='block_1_93' title="bbox 245 2756 1031 2792">
    <p class='ocr_par' dir='ltr' id='par_1_93' title="bbox 245 2756 1031 2792">
     <span class='ocr_line' id='line_1_95' title="bbox 245 2756 1031 2792; baseline 0.001 -10"><span class='ocrx_word' id='word_1_608' title='bbox 245 2757 354 2792; x_wconf 84' lang='lat' dir='ltr'><strong>mallem</strong></span> <span class='ocrx_word' id='word_1_609' title='bbox 376 2757 563 2792; x_wconf 83' lang='lat' dir='ltr'><strong>interpretari.</strong></span> <span class='ocrx_word' id='word_1_610' title='bbox 585 2756 652 2784; x_wconf 82' lang='lat' dir='ltr'><strong>Nam</strong></span> <span class='ocrx_word' id='word_1_611' title='bbox 672 2761 701 2783; x_wconf 90' lang='lat' dir='ltr'><strong>ttt</strong></span> <span class='ocrx_word' id='word_1_612' title='bbox 725 2757 751 2783; x_wconf 94' lang='lat' dir='ltr'><strong>in</strong></span> <span class='ocrx_word' id='word_1_613' title='bbox 772 2758 910 2791; x_wconf 83' lang='lat' dir='ltr'><strong>gentilium</strong></span> <span class='ocrx_word' id='word_1_614' title='bbox 929 2763 1031 2792; x_wconf 82' lang='lat' dir='ltr'><strong>myste-</strong></span> 
     </span>
    </p>
   </div>
   <div class='ocr_carea' id='block_1_94' title="bbox 248 2791 1027 2827">
    <p class='ocr_par' dir='ltr' id='par_1_94' title="bbox 248 2791 1027 2827">
     <span class='ocr_line' id='line_1_96' title="bbox 248 2791 1027 2827; baseline 0.001 -10"><span class='ocrx_word' id='word_1_615' title='bbox 248 2791 296 2818; x_wconf 85' lang='lat' dir='ltr'><strong>riis</strong></span> <span class='ocrx_word' id='word_1_616' title='bbox 311 2792 431 2827; x_wconf 73' lang='lat' dir='ltr'><strong>qutedam</strong></span> <span class='ocrx_word' id='word_1_617' title='bbox 444 2791 520 2826; x_wconf 75' lang='lat' dir='ltr'><strong>signa</strong></span> <span class='ocrx_word' id='word_1_618' title='bbox 536 2799 567 2819; x_wconf 85' lang='lat' dir='ltr'><strong>ac</strong></span> <span class='ocrx_word' id='word_1_619' title='bbox 579 2791 700 2827; x_wconf 68' lang='lat' dir='ltr'><strong>symbols</strong></span> <span class='ocrx_word' id='word_1_620' title='bbox 718 2793 896 2827; x_wconf 20' lang='lat' dir='ltr'><strong>tradebantur,</strong></span> <span class='ocrx_word' id='word_1_621' title='bbox 906 2791 1027 2825; x_wconf 82' lang='lat' dir='ltr'><strong>initiatis,</strong></span> 
     </span>
    </p>
   </div>
   <div class='ocr_carea' id='block_1_95' title="bbox 247 2826 1028 2862">
    <p class='ocr_par' dir='ltr' id='par_1_95' title="bbox 247 2826 1028 2862">
     <span class='ocr_line' id='line_1_97' title="bbox 247 2826 1028 2862; baseline 0.001 -11"><span class='ocrx_word' id='word_1_622' title='bbox 247 2827 345 2860; x_wconf 85' lang='lat' dir='ltr'><strong>quibus</strong></span> <span class='ocrx_word' id='word_1_623' title='bbox 360 2834 390 2854; x_wconf 82' lang='lat' dir='ltr'><strong>se</strong></span> <span class='ocrx_word' id='word_1_624' title='bbox 405 2826 622 2854; x_wconf 85' lang='lat' dir='ltr'><strong>internoscerent</strong></span> <span class='ocrx_word' id='word_1_625' title='bbox 641 2828 788 2862; x_wconf 74' lang='lat' dir='ltr'><strong>symmista:</strong></span> <span class='ocrx_word' id='word_1_626' title='bbox 803 2836 809 2854; x_wconf 83' lang='lat'>:</span> <span class='ocrx_word' id='word_1_627' title='bbox 829 2828 867 2853; x_wconf 72' lang='lat' dir='ltr'><strong>sic</strong></span> <span class='ocrx_word' id='word_1_628' title='bbox 881 2826 1028 2854; x_wconf 85' lang='lat' dir='ltr'><strong>Christiani</strong></span> 
     </span>
    </p>
   </div>
   <div class='ocr_carea' id='block_1_96' title="bbox 251 2861 1027 2894">
    <p class='ocr_par' dir='ltr' id='par_1_96' title="bbox 251 2861 1027 2894">
     <span class='ocr_line' id='line_1_98' title="bbox 251 2861 1027 2894; baseline 0.001 -7"><span class='ocrx_word' id='word_1_629' title='bbox 251 2861 358 2894; x_wconf 65' lang='lat' dir='ltr'><strong>signum</strong></span> <span class='ocrx_word' id='word_1_630' title='bbox 383 2863 581 2889; x_wconf 86' lang='lat' dir='ltr'><strong>communionis</strong></span> <span class='ocrx_word' id='word_1_631' title='bbox 601 2861 752 2894; x_wconf 74' lang='lat' dir='ltr'><strong>habebant,</strong></span> <span class='ocrx_word' id='word_1_632' title='bbox 775 2862 968 2889; x_wconf 81' lang='lat' dir='ltr'><strong>eucharistiam</strong></span> <span class='ocrx_word' id='word_1_633' title='bbox 987 2862 1027 2888; x_wconf 76' lang='lat' dir='ltr'><strong>vel</strong></span> 
     </span>
    </p>
   </div>
   <div class='ocr_carea' id='block_1_97' title="bbox 1082 1591 1872 1628">
    <p class='ocr_par' dir='ltr' id='par_1_97' title="bbox 1082 1591 1872 1628">
     <span class='ocr_line' id='line_1_99' title="bbox 1082 1591 1872 1628; baseline 0.003 -11"><span class='ocrx_word' id='word_1_634' title='bbox 1082 1591 1166 1627; x_wconf 82' lang='grc' dir='ltr'>ἀρετῇ</span> <span class='ocrx_word' id='word_1_635' title='bbox 1183 1591 1356 1627; x_wconf 78' lang='grc' dir='ltr'>χωρίζονται,</span> <span class='ocrx_word' id='word_1_636' title='bbox 1383 1593 1415 1628; x_wconf 86' lang='grc' dir='ltr'><strong>τῇ</strong></span> <span class='ocrx_word' id='word_1_637' title='bbox 1434 1592 1523 1628; x_wconf 82' lang='grc' dir='ltr'>μέντοι</span> <span class='ocrx_word' id='word_1_638' title='bbox 1547 1592 1592 1619; x_wconf 78' lang='grc' dir='ltr'>τοῦ</span> <span class='ocrx_word' id='word_1_639' title='bbox 1614 1593 1747 1628; x_wconf 79' lang='grc' dir='ltr'>δόγματος</span> <span class='ocrx_word' id='word_1_640' title='bbox 1776 1593 1872 1619; x_wconf 81' lang='grc' dir='ltr'>ὲνώσει</span> 
     </span>
    </p>
   </div>
   <div class='ocr_carea' id='block_1_98' title="bbox 1083 1636 1871 1673">
    <p class='ocr_par' dir='ltr' id='par_1_98' title="bbox 1083 1636 1871 1673">
     <span class='ocr_line' id='line_1_100' title="bbox 1083 1636 1871 1673; baseline 0.003 -11"><span class='ocrx_word' id='word_1_641' title='bbox 1083 1636 1164 1663; x_wconf 78' lang='grc' dir='ltr'>πάλιν</span> <span class='ocrx_word' id='word_1_642' title='bbox 1183 1637 1221 1668; x_wconf 80' lang='grc' dir='ltr'><strong>είς</strong></span> <span class='ocrx_word' id='word_1_643' title='bbox 1238 1636 1368 1672; x_wconf 80' lang='grc' dir='ltr'>ἀλλήλους</span> <span class='ocrx_word' id='word_1_644' title='bbox 1391 1637 1584 1672; x_wconf 78' lang='grc' dir='ltr'>συμπνέουσιν.</span> <span class='ocrx_word' id='word_1_645' title='bbox 1601 1637 1630 1664; x_wconf 72' lang='lat' dir='ltr'><strong>El</strong></span> <span class='ocrx_word' id='word_1_646' title='bbox 1655 1638 1687 1673; x_wconf 80' lang='grc' dir='ltr'><strong>δὴ</strong></span> <span class='ocrx_word' id='word_1_647' title='bbox 1704 1638 1782 1664; x_wconf 80' lang='grc' dir='ltr'>τοῦτο</span> <span class='ocrx_word' id='word_1_648' title='bbox 1802 1637 1871 1670; x_wconf 74' lang='grc' dir='ltr'>ἔστι,</span> 
     </span>
    </p>
   </div>
   <div class='ocr_carea' id='block_1_99' title="bbox 1082 1681 1873 1718">
    <p class='ocr_par' dir='ltr' id='par_1_99' title="bbox 1082 1681 1873 1718">
     <span class='ocr_line' id='line_1_101' title="bbox 1082 1681 1873 1718; baseline 0.003 -11"><span class='ocrx_word' id='word_1_649' title='bbox 1082 1681 1142 1713; x_wconf 81' lang='grc' dir='ltr'>πῶς</span> <span class='ocrx_word' id='word_1_650' title='bbox 1155 1681 1185 1708; x_wconf 79' lang='grc' dir='ltr'>οὺ</span> <span class='ocrx_word' id='word_1_651' title='bbox 1202 1681 1291 1716; x_wconf 77' lang='grc' dir='ltr'>πολλῷ</span> <span class='ocrx_word' id='word_1_652' title='bbox 1312 1681 1489 1717; x_wconf 80' lang='grc' dir='ltr'>δικαιότερον,</span> <span class='ocrx_word' id='word_1_653' title='bbox 1505 1682 1576 1717; x_wconf 81' lang='grc' dir='ltr'>ὑμᾶς</span> <span class='ocrx_word' id='word_1_654' title='bbox 1595 1681 1634 1716; x_wconf 84' lang='lat'><strong>(7)</strong></span> <span class='ocrx_word' id='word_1_655' title='bbox 1648 1682 1712 1714; x_wconf 82' lang='grc' dir='ltr'>τοὺς</span> <span class='ocrx_word' id='word_1_656' title='bbox 1723 1682 1767 1708; x_wconf 78' lang='grc' dir='ltr'>τοῦ</span> <span class='ocrx_word' id='word_1_657' title='bbox 1787 1683 1873 1718; x_wconf 81' lang='grc' dir='ltr'>μεγά-</span> 
     </span>
    </p>
   </div>
   <div class='ocr_carea' id='block_1_100' title="bbox 1081 1725 1872 1762">
    <p class='ocr_par' dir='ltr' id='par_1_100' title="bbox 1081 1725 1872 1762">
     <span class='ocr_line' id='line_1_102' title="bbox 1081 1725 1872 1762; baseline 0 -10"><span class='ocrx_word' id='word_1_658' title='bbox 1081 1726 1128 1752; x_wconf 88' lang='grc' dir='ltr'><strong>λου</strong></span> <span class='ocrx_word' id='word_1_659' title='bbox 1145 1726 1212 1752; x_wconf 82' lang='grc' dir='ltr'>Θεοῦ</span> <span class='ocrx_word' id='word_1_660' title='bbox 1226 1726 1394 1761; x_wconf 82' lang='grc' dir='ltr'>θεράποντας</span> <span class='ocrx_word' id='word_1_661' title='bbox 1404 1726 1586 1758; x_wconf 79' lang='grc' dir='ltr'>καθεστῶτας,</span> <span class='ocrx_word' id='word_1_662' title='bbox 1609 1727 1637 1753; x_wconf 81' lang='grc' dir='ltr'>ὲν</span> <span class='ocrx_word' id='word_1_663' title='bbox 1649 1725 1761 1761; x_wconf 71' lang='grc' dir='ltr'>τοιαύτῃ</span> <span class='ocrx_word' id='word_1_664' title='bbox 1772 1734 1872 1762; x_wconf 83' lang='grc' dir='ltr'>προαι-</span> 
     </span>
    </p>
   </div>
   <div class='ocr_carea' id='block_1_101' title="bbox 1085 1769 1872 1808">
    <p class='ocr_par' dir='ltr' id='par_1_101' title="bbox 1085 1769 1872 1808">
     <span class='ocr_line' id='line_1_103' title="bbox 1085 1769 1872 1808; baseline -0.001 -9"><span class='ocrx_word' id='word_1_665' title='bbox 1085 1773 1158 1808; x_wconf 88' lang='grc' dir='ltr'>ρέσει</span> <span class='ocrx_word' id='word_1_666' title='bbox 1176 1772 1323 1808; x_wconf 76' lang='grc' dir='ltr'>θρησκείας</span> <span class='ocrx_word' id='word_1_667' title='bbox 1335 1772 1488 1808; x_wconf 71' lang='grc' dir='ltr'>ὁμοψύχους</span> <span class='ocrx_word' id='word_1_668' title='bbox 1505 1772 1628 1808; x_wconf 80' lang='grc' dir='ltr'>ἀλλήλοις</span> <span class='ocrx_word' id='word_1_669' title='bbox 1644 1769 1726 1804; x_wconf 83' lang='grc' dir='ltr'>εἶναι;</span> <span class='ocrx_word' id='word_1_670' title='bbox 1746 1769 1872 1799; x_wconf 72' lang='grc' dir='ltr'>Ἐπισκεὶ</span> 
     </span>
    </p>
   </div>
   <div class='ocr_carea' id='block_1_102' title="bbox 1082 1819 1871 1855">
    <p class='ocr_par' dir='ltr' id='par_1_102' title="bbox 1082 1819 1871 1855">
     <span class='ocr_line' id='line_1_104' title="bbox 1082 1819 1871 1855; baseline 0 -9"><span class='ocrx_word' id='word_1_671' title='bbox 1082 1819 1197 1855; x_wconf 74' lang='grc' dir='ltr'>ψιῦμεοα</span> <span class='ocrx_word' id='word_1_672' title='bbox 1213 1820 1245 1855; x_wconf 85' lang='grc' dir='ltr'><strong>δὴ</strong></span> <span class='ocrx_word' id='word_1_673' title='bbox 1261 1819 1384 1855; x_wconf 83' lang='grc' dir='ltr'>λογισμῷ</span> <span class='ocrx_word' id='word_1_674' title='bbox 1407 1819 1520 1854; x_wconf 78' lang='grc' dir='ltr'>μείζονι,</span> <span class='ocrx_word' id='word_1_675' title='bbox 1540 1820 1585 1846; x_wconf 71' lang='grc' dir='ltr'>καὶ</span> <span class='ocrx_word' id='word_1_676' title='bbox 1600 1819 1701 1846; x_wconf 80' lang='grc' dir='ltr'>πλείονι</span> <span class='ocrx_word' id='word_1_677' title='bbox 1722 1819 1828 1846; x_wconf 78' lang='grc' dir='ltr'>συνέσει</span> <span class='ocrx_word' id='word_1_678' title='bbox 1841 1820 1871 1846; x_wconf 83' lang='grc' dir='ltr'><strong>τὺ</strong></span> 
     </span>
    </p>
   </div>
   <div class='ocr_carea' id='block_1_103' title="bbox 1083 1863 1871 1900">
    <p class='ocr_par' dir='ltr' id='par_1_103' title="bbox 1083 1863 1871 1900">
     <span class='ocr_line' id='line_1_105' title="bbox 1083 1863 1871 1900; baseline -0.003 -10"><span class='ocrx_word' id='word_1_679' title='bbox 1083 1864 1175 1900; x_wconf 80' lang='grc' dir='ltr'>ῥηθέν·</span> <span class='ocrx_word' id='word_1_680' title='bbox 1197 1864 1275 1900; x_wconf 68' lang='grc' dir='ltr'>εἴπερ</span> <span class='ocrx_word' id='word_1_681' title='bbox 1286 1863 1373 1900; x_wconf 81' lang='grc' dir='ltr'>ὀρθῶς</span> <span class='ocrx_word' id='word_1_682' title='bbox 1395 1863 1450 1898; x_wconf 73' lang='grc' dir='ltr'>ἔχει</span> <span class='ocrx_word' id='word_1_683' title='bbox 1465 1863 1497 1889; x_wconf 78' lang='grc' dir='ltr'><strong>δι’</strong></span> <span class='ocrx_word' id='word_1_684' title='bbox 1512 1863 1604 1897; x_wconf 77' lang='grc' dir='ltr'>ὀλίγας</span> <span class='ocrx_word' id='word_1_685' title='bbox 1622 1863 1668 1889; x_wconf 77' lang='grc' dir='ltr'><strong>καὶ</strong></span> <span class='ocrx_word' id='word_1_686' title='bbox 1688 1863 1804 1898; x_wconf 81' lang='grc' dir='ltr'>ματαίας</span> <span class='ocrx_word' id='word_1_687' title='bbox 1822 1864 1871 1898; x_wconf 77' lang='grc' dir='ltr'>ρη-</span> 
     </span>
    </p>
   </div>
   <div class='ocr_carea' id='block_1_104' title="bbox 1083 1908 1870 1946">
    <p class='ocr_par' dir='ltr' id='par_1_104' title="bbox 1083 1908 1870 1946">
     <span class='ocr_line' id='line_1_106' title="bbox 1083 1908 1870 1946; baseline -0.005 -8"><span class='ocrx_word' id='word_1_688' title='bbox 1083 1911 1176 1946; x_wconf 80' lang='grc' dir='ltr'>μάτων</span> <span class='ocrx_word' id='word_1_689' title='bbox 1190 1912 1218 1937; x_wconf 81' lang='grc' dir='ltr'>ὲν</span> <span class='ocrx_word' id='word_1_690' title='bbox 1237 1911 1300 1946; x_wconf 82' lang='grc' dir='ltr'>ὑμῖν</span> <span class='ocrx_word' id='word_1_691' title='bbox 1314 1910 1488 1944; x_wconf 83' lang='grc' dir='ltr'>φιλονεικίας,</span> <span class='ocrx_word' id='word_1_692' title='bbox 1507 1909 1637 1944; x_wconf 70' lang='grc' dir='ltr'>ἀδελφοὺς</span> <span class='ocrx_word' id='word_1_693' title='bbox 1653 1908 1776 1943; x_wconf 78' lang='grc' dir='ltr'>ἀδελφοῖς</span> <span class='ocrx_word' id='word_1_694' title='bbox 1795 1908 1870 1935; x_wconf 83' lang='grc' dir='ltr'>ἀντι-</span> 
     </span>
    </p>
   </div>
   <div class='ocr_carea' id='block_1_105' title="bbox 1081 1955 1871 1991">
    <p class='ocr_par' dir='ltr' id='par_1_105' title="bbox 1081 1955 1871 1991">
     <span class='ocr_line' id='line_1_107' title="bbox 1081 1955 1871 1991; baseline -0.005 -7"><span class='ocrx_word' id='word_1_695' title='bbox 1081 1957 1198 1988; x_wconf 80' lang='grc' dir='ltr'>κεῖσθαι,</span> <span class='ocrx_word' id='word_1_696' title='bbox 1213 1957 1260 1983; x_wconf 71' lang='grc' dir='ltr'>καὶ</span> <span class='ocrx_word' id='word_1_697' title='bbox 1278 1957 1309 1983; x_wconf 84' lang='grc' dir='ltr'>τὸ</span> <span class='ocrx_word' id='word_1_698' title='bbox 1333 1956 1382 1991; x_wconf 79' lang='grc' dir='ltr'>τῆς</span> <span class='ocrx_word' id='word_1_699' title='bbox 1410 1957 1516 1983; x_wconf 79' lang='grc' dir='ltr'>συνόδου</span> <span class='ocrx_word' id='word_1_700' title='bbox 1533 1955 1623 1991; x_wconf 89' lang='grc' dir='ltr'>τίμιον</span> <span class='ocrx_word' id='word_1_701' title='bbox 1637 1955 1732 1982; x_wconf 81' lang='grc' dir='ltr'>ἀσεϋεί</span> <span class='ocrx_word' id='word_1_702' title='bbox 1753 1955 1871 1990; x_wconf 67' lang='grc' dir='ltr'>διχονοίᾳ</span> 
     </span>
    </p>
   </div>
   <div class='ocr_carea' id='block_1_106' title="bbox 1081 2001 1870 2040">
    <p class='ocr_par' dir='ltr' id='par_1_106' title="bbox 1081 2001 1870 2040">
     <span class='ocr_line' id='line_1_108' title="bbox 1081 2001 1870 2040; baseline -0.004 -10"><span class='ocrx_word' id='word_1_703' title='bbox 1081 2004 1244 2040; x_wconf 74' lang='grc' dir='ltr'>χωρίζεσθαι</span> <span class='ocrx_word' id='word_1_704' title='bbox 1258 2004 1291 2030; x_wconf 72' lang='grc' dir='ltr'><strong>δι’</strong></span> <span class='ocrx_word' id='word_1_705' title='bbox 1304 2003 1390 2039; x_wconf 83' lang='grc' dir='ltr'>ὑμῶν,</span> <span class='ocrx_word' id='word_1_706' title='bbox 1404 2004 1428 2031; x_wconf 81' lang='grc' dir='ltr'>οἳ</span> <span class='ocrx_word' id='word_1_707' title='bbox 1450 2003 1517 2039; x_wconf 72' lang='grc' dir='ltr'>πρὸς</span> <span class='ocrx_word' id='word_1_708' title='bbox 1531 2003 1661 2038; x_wconf 82' lang='grc' dir='ltr'>ἀλλήλους</span> <span class='ocrx_word' id='word_1_709' title='bbox 1675 2002 1745 2037; x_wconf 80' lang='grc' dir='ltr'>ὑπὲρ</span> <span class='ocrx_word' id='word_1_710' title='bbox 1764 2001 1870 2038; x_wconf 84' lang='grc' dir='ltr'>μικρῶν</span> 
     </span>
    </p>
   </div>
   <div class='ocr_carea' id='block_1_107' title="bbox 1083 2092 1870 2133">
    <p class='ocr_par' dir='ltr' id='par_1_107' title="bbox 1083 2092 1870 2133">
     <span class='ocr_line' id='line_1_109' title="bbox 1083 2092 1870 2133; baseline -0.003 -13"><span class='ocrx_word' id='word_1_711' title='bbox 1083 2094 1257 2133; x_wconf 76' lang='lat' dir='ltr'><strong>baptismum.</strong></span> <span class='ocrx_word' id='word_1_712' title='bbox 1273 2093 1439 2133; x_wconf 74' lang='lat' dir='ltr'><strong>Epiphanius</strong></span> <span class='ocrx_word' id='word_1_713' title='bbox 1461 2099 1534 2120; x_wconf 86' lang='lat' dir='ltr'><strong>certe</strong></span> <span class='ocrx_word' id='word_1_714' title='bbox 1551 2092 1729 2120; x_wconf 85' lang='lat' dir='ltr'><strong>scholasticus</strong></span> <span class='ocrx_word' id='word_1_715' title='bbox 1749 2100 1870 2119; x_wconf 83' lang='lat' dir='ltr'><strong>commu-</strong></span> 
     </span>
    </p>
   </div>
   <div class='ocr_carea' id='block_1_108' title="bbox 1084 2129 1391 2159">
    <p class='ocr_par' dir='ltr' id='par_1_108' title="bbox 1084 2129 1391 2159">
     <span class='ocr_line' id='line_1_110' title="bbox 1084 2129 1391 2159; baseline -0.003 -4"><span class='ocrx_word' id='word_1_716' title='bbox 1084 2129 1170 2155; x_wconf 82' lang='lat' dir='ltr'><strong>ni&#39;onis</strong></span> <span class='ocrx_word' id='word_1_717' title='bbox 1184 2131 1287 2159; x_wconf 69' lang='lat' dir='ltr'><strong>signum</strong></span> <span class='ocrx_word' id='word_1_718' title='bbox 1302 2129 1391 2154; x_wconf 88' lang='lat' dir='ltr'><strong>vertit.</strong></span> 
     </span>
    </p>
   </div>
   <div class='ocr_carea' id='block_1_109' title="bbox 1120 2162 1871 2198">
    <p class='ocr_par' dir='ltr' id='par_1_109' title="bbox 1120 2162 1871 2198">
     <span class='ocr_line' id='line_1_111' title="bbox 1120 2162 1871 2198; baseline -0.004 -8"><span class='ocrx_word' id='word_1_719' title='bbox 1120 2164 1158 2197; x_wconf 87' lang='grc'><strong>(5)</strong></span> <span class='ocrx_word' id='word_1_720' title='bbox 1185 2163 1422 2198; x_wconf 54' lang='grc' dir='ltr'><strong>Ὑποιμινήοίιιμι⁷</strong></span> <span class='ocrx_word' id='word_1_721' title='bbox 1447 2163 1534 2195; x_wconf 77' lang='grc' dir='ltr'>λέξω.</span> <span class='ocrx_word' id='word_1_722' title='bbox 1556 2163 1697 2190; x_wconf 86' lang='lat' dir='ltr'><strong>Postrema</strong></span> <span class='ocrx_word' id='word_1_723' title='bbox 1715 2169 1767 2189; x_wconf 79' lang='lat' dir='ltr'><strong>vox</strong></span> <span class='ocrx_word' id='word_1_724' title='bbox 1794 2162 1871 2198; x_wconf 82' lang='lat' dir='ltr'><strong>deest</strong></span> 
     </span>
    </p>
   </div>
   <div class='ocr_carea' id='block_1_110' title="bbox 1049 2197 1868 2235">
    <p class='ocr_par' dir='ltr' id='par_1_110' title="bbox 1049 2197 1868 2235">
     <span class='ocr_line' id='line_1_112' title="bbox 1049 2197 1868 2235; baseline -0.002 -10"><span class='ocrx_word' id='word_1_725' title='bbox 1049 2208 1070 2235; x_wconf 85' lang='grc' dir='ltr'>ι)</span> <span class='ocrx_word' id='word_1_726' title='bbox 1085 2200 1155 2232; x_wconf 81' lang='lat' dir='ltr'><strong>apud</strong></span> <span class='ocrx_word' id='word_1_727' title='bbox 1171 2198 1308 2235; x_wconf 61' lang='lat' dir='ltr'><strong>Gelasimo</strong></span> <span class='ocrx_word' id='word_1_728' title='bbox 1334 2197 1515 2235; x_wconf 69' lang='lat' dir='ltr'><strong>Cyzicenum.</strong></span> <span class='ocrx_word' id='word_1_729' title='bbox 1534 2206 1583 2235; x_wconf 86' lang='lat' dir='ltr'><strong>nec</strong></span> <span class='ocrx_word' id='word_1_730' title='bbox 1602 2199 1707 2225; x_wconf 82' lang='lat' dir='ltr'><strong>videtur</strong></span> <span class='ocrx_word' id='word_1_731' title='bbox 1724 2197 1868 2235; x_wconf 67' lang='lat' dir='ltr'><strong>admodum</strong></span> 
     </span>
    </p>
   </div>
   <div class='ocr_carea' id='block_1_111' title="bbox 1085 2231 1869 2266">
    <p class='ocr_par' dir='ltr' id='par_1_111' title="bbox 1085 2231 1869 2266">
     <span class='ocr_line' id='line_1_113' title="bbox 1085 2231 1869 2266; baseline -0.003 -7"><span class='ocrx_word' id='word_1_732' title='bbox 1085 2231 1247 2260; x_wconf 73' lang='lat' dir='ltr'><strong>necessaria.</strong></span> <span class='ocrx_word' id='word_1_733' title='bbox 1264 2232 1329 2259; x_wconf 86' lang='lat' dir='ltr'><strong>Eam</strong></span> <span class='ocrx_word' id='word_1_734' title='bbox 1345 2231 1419 2260; x_wconf 77' lang='lat' dir='ltr'><strong>certe</strong></span> <span class='ocrx_word' id='word_1_735' title='bbox 1435 2233 1459 2259; x_wconf 91' lang='lat' dir='ltr'><strong>in</strong></span> <span class='ocrx_word' id='word_1_736' title='bbox 1479 2234 1601 2260; x_wconf 85' lang='lat' dir='ltr'><strong>versione</strong></span> <span class='ocrx_word' id='word_1_737' title='bbox 1621 2241 1668 2260; x_wconf 87' lang='lat' dir='ltr'><strong>sua</strong></span> <span class='ocrx_word' id='word_1_738' title='bbox 1693 2232 1784 2259; x_wconf 90' lang='lat' dir='ltr'><strong>omisit</strong></span> <span class='ocrx_word' id='word_1_739' title='bbox 1805 2231 1869 2266; x_wconf 77' lang='lat' dir='ltr'><strong>Epi-</strong></span> 
     </span>
    </p>
   </div>
   <div class='ocr_carea' id='block_1_112' title="bbox 1092 2269 1207 2295">
    <p class='ocr_par' dir='ltr' id='par_1_112' title="bbox 1092 2269 1207 2295">
     <span class='ocr_line' id='line_1_114' title="bbox 1092 2269 1207 2295; baseline 0.009 -3"><span class='ocrx_word' id='word_1_740' title='bbox 1092 2269 1207 2295; x_wconf 69' lang='lat' dir='ltr'><strong>that-ius.</strong></span> 
     </span>
    </p>
   </div>
   <div class='ocr_carea' id='block_1_113' title="bbox 1085 2276 1868 2338">
    <p class='ocr_par' dir='ltr' id='par_1_113' title="bbox 1085 2276 1868 2338">
     <span class='ocr_line' id='line_1_115' title="bbox 1085 2276 1868 2338; baseline -0.004 -8"><span class='ocrx_word' id='word_1_741' title='bbox 1085 2276 1230 2336; x_wconf 50' lang='grc' dir='ltr'><strong>Ιωίὶῶηιξρς</strong></span> <span class='ocrx_word' id='word_1_742' title='bbox 1245 2303 1289 2329; x_wconf 77' lang='grc' dir='ltr'><strong>ἐνὶ</strong></span> <span class='ocrx_word' id='word_1_743' title='bbox 1304 2301 1362 2336; x_wconf 75' lang='grc' dir='ltr'><strong>μὲν</strong></span> <span class='ocrx_word' id='word_1_744' title='bbox 1381 2303 1510 2336; x_wconf 77' lang='grc' dir='ltr'>ἅπαντες</span> <span class='ocrx_word' id='word_1_745' title='bbox 1525 2302 1646 2338; x_wconf 79' lang='grc' dir='ltr'>δόγματι</span> <span class='ocrx_word' id='word_1_746' title='bbox 1667 2302 1868 2329; x_wconf 70' lang='grc' dir='ltr'>συντίθενται.</span> 
     </span>
    </p>
   </div>
   <div class='ocr_carea' id='block_1_114' title="bbox 1085 2337 1868 2372">
    <p class='ocr_par' dir='ltr' id='par_1_114' title="bbox 1085 2337 1868 2372">
     <span class='ocr_line' id='line_1_116' title="bbox 1085 2337 1868 2372; baseline -0.003 -8"><span class='ocrx_word' id='word_1_747' title='bbox 1085 2338 1152 2370; x_wconf 88' lang='lat' dir='ltr'><strong>Quid</strong></span> <span class='ocrx_word' id='word_1_748' title='bbox 1169 2339 1212 2365; x_wconf 87' lang='lat' dir='ltr'><strong>Itie</strong></span> <span class='ocrx_word' id='word_1_749' title='bbox 1227 2343 1297 2365; x_wconf 59' lang='lat' dir='ltr'><strong>esset</strong></span> <span class='ocrx_word' id='word_1_750' title='bbox 1309 2337 1406 2372; x_wconf 85' lang='grc' dir='ltr'>δόγμα,</span> <span class='ocrx_word' id='word_1_751' title='bbox 1424 2346 1479 2372; x_wconf 84' lang='lat' dir='ltr'><strong>non</strong></span> <span class='ocrx_word' id='word_1_752' title='bbox 1491 2337 1682 2365; x_wconf 76' lang='lat' dir='ltr'><strong>intellexerunt</strong></span> <span class='ocrx_word' id='word_1_753' title='bbox 1695 2337 1868 2371; x_wconf 75' lang='lat' dir='ltr'><strong>interpretes.</strong></span> 
     </span>
    </p>
   </div>
   <div class='ocr_carea' id='block_1_115' title="bbox 1085 2371 1867 2407">
    <p class='ocr_par' dir='ltr' id='par_1_115' title="bbox 1085 2371 1867 2407">
     <span class='ocr_line' id='line_1_117' title="bbox 1085 2371 1867 2407; baseline -0.004 -8"><span class='ocrx_word' id='word_1_754' title='bbox 1085 2380 1200 2407; x_wconf 90' lang='lat' dir='ltr'><strong>quorum</strong></span> <span class='ocrx_word' id='word_1_755' title='bbox 1219 2373 1263 2399; x_wconf 86' lang='lat' dir='ltr'><strong>alii</strong></span> <span class='ocrx_word' id='word_1_756' title='bbox 1278 2372 1374 2406; x_wconf 82' lang='lat' dir='ltr'><strong>dogma</strong></span> <span class='ocrx_word' id='word_1_757' title='bbox 1390 2381 1435 2400; x_wconf 84' lang='lat' dir='ltr'><strong>seu</strong></span> <span class='ocrx_word' id='word_1_758' title='bbox 1451 2371 1578 2405; x_wconf 80' lang='lat' dir='ltr'><strong>plaritum</strong></span> <span class='ocrx_word' id='word_1_759' title='bbox 1602 2372 1771 2406; x_wconf 70' lang='lat' dir='ltr'><strong>interpretati</strong></span> <span class='ocrx_word' id='word_1_760' title='bbox 1787 2376 1867 2403; x_wconf 85' lang='lat' dir='ltr'><strong>sunt;</strong></span> 
     </span>
    </p>
   </div>
   <div class='ocr_carea' id='block_1_116' title="bbox 1084 2406 1870 2442">
    <p class='ocr_par' dir='ltr' id='par_1_116' title="bbox 1084 2406 1870 2442">
     <span class='ocr_line' id='line_1_118' title="bbox 1084 2406 1870 2442; baseline -0.004 -8"><span class='ocrx_word' id='word_1_761' title='bbox 1084 2406 1130 2434; x_wconf 85' lang='lat' dir='ltr'><strong>alii</strong></span> <span class='ocrx_word' id='word_1_762' title='bbox 1150 2406 1521 2442; x_wconf 14' lang='lat' dir='ltr'><strong>disciplina:iprotessiouem.</strong></span> <span class='ocrx_word' id='word_1_763' title='bbox 1545 2408 1626 2441; x_wconf 76' lang='lat' dir='ltr'><strong>Atqui</strong></span> <span class='ocrx_word' id='word_1_764' title='bbox 1646 2415 1697 2434; x_wconf 89' lang='lat' dir='ltr'><strong>non</strong></span> <span class='ocrx_word' id='word_1_765' title='bbox 1722 2414 1804 2442; x_wconf 81' lang='lat' dir='ltr'><strong>unum</strong></span> <span class='ocrx_word' id='word_1_766' title='bbox 1826 2412 1870 2432; x_wconf 70' lang='lat' dir='ltr'><strong>est</strong></span> 
     </span>
    </p>
   </div>
   <div class='ocr_carea' id='block_1_117' title="bbox 1084 2441 1868 2478">
    <p class='ocr_par' dir='ltr' id='par_1_117' title="bbox 1084 2441 1868 2478">
     <span class='ocr_line' id='line_1_119' title="bbox 1084 2441 1868 2478; baseline -0.003 -9"><span class='ocrx_word' id='word_1_767' title='bbox 1084 2443 1182 2478; x_wconf 80' lang='lat' dir='ltr'><strong>dogma</strong></span> <span class='ocrx_word' id='word_1_768' title='bbox 1197 2441 1268 2476; x_wconf 80' lang='lat' dir='ltr'><strong>apud</strong></span> <span class='ocrx_word' id='word_1_769' title='bbox 1292 2441 1475 2478; x_wconf 79' lang='lat' dir='ltr'><strong>philosophos.</strong></span> <span class='ocrx_word' id='word_1_770' title='bbox 1497 2446 1526 2468; x_wconf 84' lang='grc' dir='ltr'>υι</span> <span class='ocrx_word' id='word_1_771' title='bbox 1541 2444 1608 2469; x_wconf 89' lang='lat' dir='ltr'><strong>satis</strong></span> <span class='ocrx_word' id='word_1_772' title='bbox 1634 2446 1749 2478; x_wconf 76' lang='lat' dir='ltr'><strong>constat.</strong></span> <span class='ocrx_word' id='word_1_773' title='bbox 1774 2441 1868 2478; x_wconf 74' lang='lat' dir='ltr'><strong>itaque</strong></span> 
     </span>
    </p>
   </div>
   <div class='ocr_carea' id='block_1_118' title="bbox 1083 2476 1868 2512">
    <p class='ocr_par' dir='ltr' id='par_1_118' title="bbox 1083 2476 1868 2512">
     <span class='ocr_line' id='line_1_120' title="bbox 1083 2476 1868 2512; baseline -0.004 -8"><span class='ocrx_word' id='word_1_774' title='bbox 1083 2476 1180 2504; x_wconf 62' lang='lat' dir='ltr'><strong>seciam</strong></span> <span class='ocrx_word' id='word_1_775' title='bbox 1195 2483 1301 2504; x_wconf 77' lang='lat' dir='ltr'><strong>vertere</strong></span> <span class='ocrx_word' id='word_1_776' title='bbox 1319 2478 1411 2504; x_wconf 90' lang='lat' dir='ltr'><strong>malui.</strong></span> <span class='ocrx_word' id='word_1_777' title='bbox 1427 2477 1527 2504; x_wconf 85' lang='lat' dir='ltr'><strong>Omnes</strong></span> <span class='ocrx_word' id='word_1_778' title='bbox 1550 2479 1622 2504; x_wconf 88' lang='lat' dir='ltr'><strong>enim</strong></span> <span class='ocrx_word' id='word_1_779' title='bbox 1644 2476 1799 2512; x_wconf 81' lang='lat' dir='ltr'><strong>philosophi</strong></span> <span class='ocrx_word' id='word_1_780' title='bbox 1817 2476 1868 2512; x_wconf 76' lang='lat' dir='ltr'><strong>ali—</strong></span> 
     </span>
    </p>
   </div>
   <div class='ocr_carea' id='block_1_119' title="bbox 1083 2510 1867 2547">
    <p class='ocr_par' dir='ltr' id='par_1_119' title="bbox 1083 2510 1867 2547">
     <span class='ocr_line' id='line_1_121' title="bbox 1083 2510 1867 2547; baseline -0.004 -8"><span class='ocrx_word' id='word_1_781' title='bbox 1083 2520 1164 2547; x_wconf 85' lang='lat' dir='ltr'><strong>quant</strong></span> <span class='ocrx_word' id='word_1_782' title='bbox 1190 2514 1291 2539; x_wconf 87' lang='lat' dir='ltr'><strong>habent</strong></span> <span class='ocrx_word' id='word_1_783' title='bbox 1311 2517 1411 2538; x_wconf 84' lang='lat' dir='ltr'><strong>sectam</strong></span> <span class='ocrx_word' id='word_1_784' title='bbox 1437 2512 1490 2547; x_wconf 72' lang='lat' dir='ltr'><strong>cui</strong></span> <span class='ocrx_word' id='word_1_785' title='bbox 1503 2511 1602 2539; x_wconf 89' lang='lat' dir='ltr'><strong>addicti</strong></span> <span class='ocrx_word' id='word_1_786' title='bbox 1626 2510 1705 2542; x_wconf 84' lang='lat' dir='ltr'><strong>sunt,</strong></span> <span class='ocrx_word' id='word_1_787' title='bbox 1730 2511 1773 2537; x_wconf 87' lang='lat' dir='ltr'><strong>alii</strong></span> <span class='ocrx_word' id='word_1_788' title='bbox 1797 2510 1867 2547; x_wconf 82' lang='lat' dir='ltr'><strong>stoi-</strong></span> 
     </span>
    </p>
   </div>
   <div class='ocr_carea' id='block_1_120' title="bbox 1084 2545 1868 2581">
    <p class='ocr_par' dir='ltr' id='par_1_120' title="bbox 1084 2545 1868 2581">
     <span class='ocr_line' id='line_1_122' title="bbox 1084 2545 1868 2581; baseline -0.005 -7"><span class='ocrx_word' id='word_1_789' title='bbox 1084 2545 1160 2578; x_wconf 80' lang='lat' dir='ltr'><strong>cattt,</strong></span> <span class='ocrx_word' id='word_1_790' title='bbox 1181 2548 1227 2574; x_wconf 91' lang='lat' dir='ltr'><strong>alii</strong></span> <span class='ocrx_word' id='word_1_791' title='bbox 1245 2547 1460 2581; x_wconf 84' lang='lat' dir='ltr'><strong>peripateticam.</strong></span> <span class='ocrx_word' id='word_1_792' title='bbox 1477 2545 1534 2573; x_wconf 80' lang='lat' dir='ltr'><strong>Jam</strong></span> <span class='ocrx_word' id='word_1_793' title='bbox 1554 2547 1579 2573; x_wconf 89' lang='lat' dir='ltr'><strong>in</strong></span> <span class='ocrx_word' id='word_1_794' title='bbox 1599 2547 1717 2581; x_wconf 87' lang='lat' dir='ltr'><strong>qualibet</strong></span> <span class='ocrx_word' id='word_1_795' title='bbox 1731 2551 1804 2573; x_wconf 85' lang='lat' dir='ltr'><strong>secta</strong></span> <span class='ocrx_word' id='word_1_796' title='bbox 1825 2545 1868 2572; x_wconf 84' lang='lat' dir='ltr'><strong>iu-</strong></span> 
     </span>
    </p>
   </div>
   <div class='ocr_carea' id='block_1_121' title="bbox 1085 2581 1867 2616">
    <p class='ocr_par' dir='ltr' id='par_1_121' title="bbox 1085 2581 1867 2616">
     <span class='ocr_line' id='line_1_123' title="bbox 1085 2581 1867 2616; baseline -0.004 -7"><span class='ocrx_word' id='word_1_797' title='bbox 1085 2583 1190 2610; x_wconf 88' lang='lat' dir='ltr'><strong>terdum</strong></span> <span class='ocrx_word' id='word_1_798' title='bbox 1209 2583 1344 2610; x_wconf 80' lang='lat' dir='ltr'><strong>exsistunt</strong></span> <span class='ocrx_word' id='word_1_799' title='bbox 1361 2582 1552 2608; x_wconf 71' lang='lat' dir='ltr'><strong>controversiae</strong></span> <span class='ocrx_word' id='word_1_800' title='bbox 1568 2583 1602 2608; x_wconf 89' lang='lat' dir='ltr'><strong>de</strong></span> <span class='ocrx_word' id='word_1_801' title='bbox 1615 2581 1867 2616; x_wconf 56' lang='lat' dir='ltr'><strong>qttibttsdanrQItaa-</strong></span> 
     </span>
    </p>
   </div>
   <div class='ocr_carea' id='block_1_122' title="bbox 1084 2615 1866 2650">
    <p class='ocr_par' dir='ltr' id='par_1_122' title="bbox 1084 2615 1866 2650">
     <span class='ocr_line' id='line_1_124' title="bbox 1084 2615 1866 2650; baseline -0.004 -6"><span class='ocrx_word' id='word_1_802' title='bbox 1084 2618 1218 2645; x_wconf 88' lang='lat' dir='ltr'><strong>stionibus</strong></span> <span class='ocrx_word' id='word_1_803' title='bbox 1242 2618 1314 2644; x_wconf 84' lang='lat' dir='ltr'><strong>inter</strong></span> <span class='ocrx_word' id='word_1_804' title='bbox 1333 2615 1452 2650; x_wconf 78' lang='lat' dir='ltr'><strong>ejusdem</strong></span> <span class='ocrx_word' id='word_1_805' title='bbox 1471 2621 1554 2643; x_wconf 71' lang='lat' dir='ltr'><strong>secta:</strong></span> <span class='ocrx_word' id='word_1_806' title='bbox 1579 2615 1761 2650; x_wconf 83' lang='lat' dir='ltr'><strong>philosophos.</strong></span> <span class='ocrx_word' id='word_1_807' title='bbox 1783 2615 1866 2642; x_wconf 88' lang='lat' dir='ltr'><strong>Iidem</strong></span> 
     </span>
    </p>
   </div>
   <div class='ocr_carea' id='block_1_123' title="bbox 1081 2650 1865 2680">
    <p class='ocr_par' dir='ltr' id='par_1_123' title="bbox 1081 2650 1865 2680">
     <span class='ocr_line' id='line_1_125' title="bbox 1081 2650 1865 2680; baseline 0.003 -4"><span class='ocrx_word' id='word_1_808' title='bbox 1081 2655 1171 2676; x_wconf 73' lang='lat' dir='ltr'><strong>tzutwn</strong></span> <span class='ocrx_word' id='word_1_809' title='bbox 1184 2651 1219 2676; x_wconf 92' lang='lat' dir='ltr'><strong>ob</strong></span> <span class='ocrx_word' id='word_1_810' title='bbox 1227 2653 1308 2676; x_wconf 68' lang='lat' dir='ltr'><strong>secta:</strong></span> <span class='ocrx_word' id='word_1_811' title='bbox 1316 2653 1472 2677; x_wconf 81' lang='lat' dir='ltr'><strong>soctetatcm</strong></span> <span class='ocrx_word' id='word_1_812' title='bbox 1483 2650 1561 2677; x_wconf 79' lang='lat' dir='ltr'><strong>facile</strong></span> <span class='ocrx_word' id='word_1_813' title='bbox 1569 2651 1640 2678; x_wconf 86' lang='lat' dir='ltr'><strong>inter</strong></span> <span class='ocrx_word' id='word_1_814' title='bbox 1649 2659 1677 2677; x_wconf 82' lang='lat' dir='ltr'><strong>se</strong></span> <span class='ocrx_word' id='word_1_815' title='bbox 1687 2651 1865 2680; x_wconf 70' lang='lat' dir='ltr'><strong>conveniunt.</strong></span> 
     </span>
    </p>
   </div>
   <div class='ocr_carea' id='block_1_124' title="bbox 1082 2684 1829 2718">
    <p class='ocr_par' dir='ltr' id='par_1_124' title="bbox 1082 2684 1829 2718">
     <span class='ocr_line' id='line_1_126' title="bbox 1082 2684 1829 2718; baseline 0.001 -7"><span class='ocrx_word' id='word_1_816' title='bbox 1082 2685 1130 2711; x_wconf 76' lang='lat' dir='ltr'><strong>&quot;it&#39;</strong></span> <span class='ocrx_word' id='word_1_817' title='bbox 1144 2689 1185 2711; x_wconf 85' lang='lat' dir='ltr'><strong>est</strong></span> <span class='ocrx_word' id='word_1_818' title='bbox 1199 2691 1307 2714; x_wconf 71' lang='lat' dir='ltr'><strong>sonsus,</strong></span> <span class='ocrx_word' id='word_1_819' title='bbox 1325 2687 1354 2710; x_wconf 90' lang='lat' dir='ltr'><strong>ut</strong></span> <span class='ocrx_word' id='word_1_820' title='bbox 1366 2684 1474 2718; x_wconf 79' lang='lat' dir='ltr'><strong>opinor,</strong></span> <span class='ocrx_word' id='word_1_821' title='bbox 1487 2685 1628 2711; x_wconf 76' lang='lat' dir='ltr'><strong>vcrborum</strong></span> <span class='ocrx_word' id='word_1_822' title='bbox 1646 2685 1829 2712; x_wconf 81' lang='lat' dir='ltr'><strong>Constantini.</strong></span> 
     </span>
    </p>
   </div>
   <div class='ocr_carea' id='block_1_125' title="bbox 1119 2718 1866 2754">
    <p class='ocr_par' dir='ltr' id='par_1_125' title="bbox 1119 2718 1866 2754">
     <span class='ocr_line' id='line_1_127' title="bbox 1119 2718 1866 2754; baseline 0.003 -9"><span class='ocrx_word' id='word_1_823' title='bbox 1119 2720 1157 2750; x_wconf 77' lang='grc' dir='ltr'><strong>(Τ)</strong></span> <span class='ocrx_word' id='word_1_824' title='bbox 1175 2719 1252 2753; x_wconf 87' lang='lat' dir='ltr'><strong>Vulg.</strong></span> <span class='ocrx_word' id='word_1_825' title='bbox 1265 2718 1353 2752; x_wconf 70' lang='grc' dir='ltr'>ἡμᾶς.</span> <span class='ocrx_word' id='word_1_826' title='bbox 1367 2718 1437 2753; x_wconf 82' lang='lat' dir='ltr'><strong>Lege</strong></span> <span class='ocrx_word' id='word_1_827' title='bbox 1448 2719 1519 2753; x_wconf 85' lang='grc' dir='ltr'>ὑμᾶς</span> <span class='ocrx_word' id='word_1_828' title='bbox 1533 2727 1565 2746; x_wconf 81' lang='lat' dir='ltr'><strong>ex</strong></span> <span class='ocrx_word' id='word_1_829' title='bbox 1577 2719 1695 2747; x_wconf 85' lang='lat' dir='ltr'><strong>Gelasio.</strong></span> <span class='ocrx_word' id='word_1_830' title='bbox 1711 2719 1866 2754; x_wconf 78' lang='lat' dir='ltr'><strong>Nit-ephoro</strong></span> 
     </span>
    </p>
   </div>
   <div class='ocr_carea' id='block_1_126' title="bbox 1082 2753 1866 2790">
    <p class='ocr_par' dir='ltr' id='par_1_126' title="bbox 1082 2753 1866 2790">
     <span class='ocr_line' id='line_1_128' title="bbox 1082 2753 1866 2790; baseline 0.001 -9"><span class='ocrx_word' id='word_1_831' title='bbox 1082 2760 1110 2781; x_wconf 81' lang='lat' dir='ltr'><strong>ct</strong></span> <span class='ocrx_word' id='word_1_832' title='bbox 1124 2753 1284 2789; x_wconf 72' lang='lat' dir='ltr'><strong>Epiphanio.</strong></span> <span class='ocrx_word' id='word_1_833' title='bbox 1299 2757 1325 2779; x_wconf 87' lang='lat' dir='ltr'><strong>et</strong></span> <span class='ocrx_word' id='word_1_834' title='bbox 1337 2754 1417 2790; x_wconf 74' lang='lat' dir='ltr'><strong>paulo</strong></span> <span class='ocrx_word' id='word_1_835' title='bbox 1430 2758 1490 2790; x_wconf 70' lang='lat' dir='ltr'><strong>post</strong></span> <span class='ocrx_word' id='word_1_836' title='bbox 1506 2755 1534 2780; x_wconf 77' lang='grc' dir='ltr'>ἐν</span> <span class='ocrx_word' id='word_1_837' title='bbox 1550 2754 1659 2790; x_wconf 22' lang='grc' dir='ltr'><strong>ῥμῖννθχ</strong></span> <span class='ocrx_word' id='word_1_838' title='bbox 1677 2753 1790 2787; x_wconf 80' lang='lat' dir='ltr'><strong>iisdem;</strong></span> <span class='ocrx_word' id='word_1_839' title='bbox 1803 2756 1866 2790; x_wconf 84' lang='lat' dir='ltr'><strong>qui-</strong></span> 
     </span>
    </p>
   </div>
   <div class='ocr_carea' id='block_1_127' title="bbox 1083 2788 1865 2818">
    <p class='ocr_par' dir='ltr' id='par_1_127' title="bbox 1083 2788 1865 2818">
     <span class='ocr_line' id='line_1_129' title="bbox 1083 2788 1865 2818; baseline 0.003 -2"><span class='ocrx_word' id='word_1_840' title='bbox 1083 2791 1133 2817; x_wconf 83' lang='lat' dir='ltr'><strong>bus</strong></span> <span class='ocrx_word' id='word_1_841' title='bbox 1148 2789 1322 2816; x_wconf 83' lang='lat' dir='ltr'><strong>consentiunt</strong></span> <span class='ocrx_word' id='word_1_842' title='bbox 1337 2788 1416 2815; x_wconf 85' lang='lat' dir='ltr'><strong>codd.</strong></span> <span class='ocrx_word' id='word_1_843' title='bbox 1431 2788 1497 2815; x_wconf 82' lang='lat' dir='ltr'><strong>Fuk.</strong></span> <span class='ocrx_word' id='word_1_844' title='bbox 1513 2794 1539 2815; x_wconf 84' lang='lat' dir='ltr'><strong>et</strong></span> <span class='ocrx_word' id='word_1_845' title='bbox 1553 2788 1635 2815; x_wconf 83' lang='lat' dir='ltr'><strong>Savil.</strong></span> <span class='ocrx_word' id='word_1_846' title='bbox 1651 2793 1677 2815; x_wconf 77' lang='lat' dir='ltr'><strong>ct</strong></span> <span class='ocrx_word' id='word_1_847' title='bbox 1689 2790 1796 2817; x_wconf 65' lang='lat' dir='ltr'><strong>scbedae</strong></span> <span class='ocrx_word' id='word_1_848' title='bbox 1810 2788 1865 2818; x_wconf 76' lang='lat' dir='ltr'><strong>Rc-</strong></span> 
     </span>
    </p>
   </div>
   <div class='ocr_carea' id='block_1_128' title="bbox 1083 2823 1864 2859">
    <p class='ocr_par' dir='ltr' id='par_1_128' title="bbox 1083 2823 1864 2859">
     <span class='ocr_line' id='line_1_130' title="bbox 1083 2823 1864 2859; baseline 0.001 -8"><span class='ocrx_word' id='word_1_849' title='bbox 1083 2825 1184 2859; x_wconf 77' lang='lat' dir='ltr'><strong>gi:e.—</strong></span> <span class='ocrx_word' id='word_1_850' title='bbox 1199 2823 1258 2850; x_wconf 78' lang='lat' dir='ltr'><strong>Mox</strong></span> <span class='ocrx_word' id='word_1_851' title='bbox 1275 2823 1466 2859; x_wconf 75' lang='lat' dir='ltr'><strong>rescripsimus</strong></span> <span class='ocrx_word' id='word_1_852' title='bbox 1480 2825 1562 2859; x_wconf 85' lang='lat' dir='ltr'><strong>etiam</strong></span> <span class='ocrx_word' id='word_1_853' title='bbox 1574 2824 1607 2850; x_wconf 78' lang='grc' dir='ltr'><strong>δι’</strong></span> <span class='ocrx_word' id='word_1_854' title='bbox 1622 2824 1698 2858; x_wconf 82' lang='grc' dir='ltr'>ὑμῶν</span> <span class='ocrx_word' id='word_1_855' title='bbox 1709 2828 1736 2851; x_wconf 83' lang='lat' dir='ltr'><strong>et</strong></span> <span class='ocrx_word' id='word_1_856' title='bbox 1747 2824 1864 2859; x_wconf 83' lang='grc' dir='ltr'>φιλονει-</span> 
     </span>
    </p>
   </div>
   <div class='ocr_carea' id='block_1_129' title="bbox 1083 2858 1724 2894">
    <p class='ocr_par' dir='ltr' id='par_1_129' title="bbox 1083 2858 1724 2894">
     <span class='ocr_line' id='line_1_131' title="bbox 1083 2858 1724 2894; baseline -0.003 -8"><span class='ocrx_word' id='word_1_857' title='bbox 1083 2858 1154 2886; x_wconf 78' lang='grc' dir='ltr'>κεῖτε</span> <span class='ocrx_word' id='word_1_858' title='bbox 1173 2866 1222 2893; x_wconf 85' lang='lat' dir='ltr'><strong>pro</strong></span> <span class='ocrx_word' id='word_1_859' title='bbox 1241 2858 1273 2884; x_wconf 77' lang='grc' dir='ltr'>δι’</span> <span class='ocrx_word' id='word_1_860' title='bbox 1289 2858 1367 2893; x_wconf 74' lang='grc' dir='ltr'>ἡμῶν</span> <span class='ocrx_word' id='word_1_861' title='bbox 1382 2863 1405 2886; x_wconf 85' lang='lat' dir='ltr'><strong>et</strong></span> <span class='ocrx_word' id='word_1_862' title='bbox 1421 2858 1632 2894; x_wconf 70' lang='grc' dir='ltr'>φι).ονεικοῦμεν.</span> <span class='ocrx_word' id='word_1_863' title='bbox 1648 2859 1724 2886; x_wconf 78' lang='grc' dir='ltr'>Εοιτ.</span> 
     </span>
    </p>
   </div>
  </div>
