2000 3167
179 162 249 190 11).ίὸ

175 226 247 252 οὕτω
257 223 303 250 καὶ
319 224 448 261 μηδαμῶς
466 225 622 259 ἀναγκαίων
651 226 834 260 φιλονεικεῖτε.
865 228 960 264 Δημώ-

175 268 208 303 δη
226 268 313 296 ταῦτα
340 270 408 303 ἐστι,
433 271 480 298 καὶ
507 270 644 303 παιδικαϊς
667 272 770 305 ἀνοίαις
795 273 961 309 ἁρμόττοντα

179 314 286 350 μᾶλλον1
302 315 318 350 ἢ
335 317 367 350 τῇ
386 315 442 343 τῶν
454 316 549 352 ἱερέων
568 318 616 344 καὶ
633 319 771 353 φρονίμων
787 319 892 355 ἀνδρῶν
901 328 961 346 συν-

176 361 232 388 έσει
251 362 431 397 προσήκοντα.
456 362 630 398 ’Λποστῶμεν
645 364 751 397 ἑκόντες
773 366 827 392 τῶν
846 366 961 393 διαϐολι-

175 408 231 435 κῶν
247 408 416 444 πειρασμῶν.
433 409 461 436 '0
477 409 564 444 μέγας
574 410 651 445 ἡμῶν
661 411 736 443 Θεὸς,
750 413 764 438 ὁ
777 413 864 446 κοινὸς
876 414 961 440 ἀπαν-

175 463 228 482 των
245 455 351 491 Σωτὴρ,
370 455 457 482 κοινὸν
475 455 560 483 ἆπασι
576 457 606 483 τὸ
628 457 685 492 φῶς
703 457 833 490 ἐξέτεινεν
855 459 903 495 (8)·
916 460 959 494 ὑφ’

174 498 205 529 οὗ
219 503 251 537 τῇ
270 502 381 538 προνοίᾳ
390 503 491 539 ταύτην
505 504 565 539 ἐμοὶ
582 504 620 540 τῷ
636 504 789 542 θεραπευτῇ
807 505 959 542 τοῦΚρείτ-

174 557 249 580 τονος
261 549 310 585 τὴν
320 550 435 586 σπουδὴν
444 550 479 585 (9)
489 551 528 582 είς
535 549 610 582 τέλος
619 551 740 585 ἐνεγκεῖν
754 553 958 588 συγχωρήσατε,

174 595 248 626 ὅπως
260 595 358 626 αὐτοὺς
374 595 437 627 τοὺς
457 596 558 623 ἐκείνου
575 596 679 632 δήμους
699 598 752 632 ἐμῇ
770 598 959 633 προσφωνήσει

175 642 222 668 καὶ
238 641 373 678 ὑπηρεσίᾳ
396 642 442 669 καὶ
462 643 601 675 νουθεσίας
615 644 749 677 ὲνστάσει,
766 644 833 679 πρὸς
850 646 897 681 τὴν
910 645 959 681 τῆς

175 689 282 716 συνόδου
291 688 428 715 κοινωνίαν
438 689 612 726 ὲπανάγοιμι.
633 691 740 727 Ἐπειδὴ
755 691 819 727 γὰρ,
833 691 871 724 ὡς
881 692 957 728 ἔφην,

176 735 225 770 μία
238 743 280 766 τις
296 728 368 762 ἐστιν
385 734 449 770 ὑμῖν
468 735 569 768 πίστις,
592 736 639 763 καὶ
666 737 715 772 μία
740 737 791 772 τῆς
812 737 872 764 καθ’
887 738 960 773 ἡμᾶς

174 781 305 817 αἱρέσεως
325 780 440 813 σύνεσις,
453 781 484 808 τό
506 790 534 808 τε
553 781 598 808 τοῦ
614 782 695 817 νόμου
711 783 891 818 παράγγελμα
904 784 958 819 (10)

173 828 229 860 τοῖς
244 828 277 854 δι’
291 827 387 855 ἑαυτοῦ
411 828 522 864 μέρεσιν
540 829 579 860 εἰς
597 828 661 862 μίαν
673 828 762 865 ψυχῆς
779 829 905 865 πρόθεσιν
929 829 959 856 τὸ

172 874 233 900 ὅλον
250 874 395 908 συγκλείει,
413 874 491 901 τοῦτο
506 875 573 910 ὅπερ
587 875 679 910 ὀλίγην
704 876 732 901 ὲν
752 876 815 911 ὑμῖν
836 875 959 912 ἀλλήλοις

174 918 339 954 φιλονεικίαν
353 919 472 954 ἤγειρεν,
489 919 582 955 ἐπειδὴ
597 920 633 956 μὴ
651 921 718 956 πρὸς
729 921 832 956 τὴντοῦ
861 922 959 954 παντὸς

172 963 287 998 δύναμιν
303 964 409 1000 ἀνήκει,
434 964 572 1000 χωρισμόν
585 972 645 991 τινα
659 965 706 991 καὶ
730 965 823 991 στάσιν
840 966 868 992 ὲν
896 966 959 1001 ὑμῖν

176 1009 307 1046 μηδαμῶς
323 1009 443 1037 ποιείτω.
460 1011 515 1037 Καὶ
532 1010 603 1044 λέγω
619 1010 716 1043 ταῦτα,
730 1011 778 1046 οὑχ
791 1011 828 1043 ὡς
841 1012 960 1046 ἀναγκά-

174 1056 228 1088 ζων
248 1056 319 1092 ὑμᾶς
340 1057 488 1089 ὲξάπαντος
503 1058 535 1093 τῇ
553 1057 611 1084 λίαν
633 1057 725 1093 εὐήθει
739 1058 785 1084 καὶ
799 1058 843 1085 οἵα
860 1058 958 1094 δήποτέ

173 1103 246 1129 ἐστιν
263 1103 353 1137 εκείνη
364 1104 381 1138 ὴ
395 1102 516 1139 ζήτησις,
531 1102 708 1130 συντίθεσθαι.
723 1103 837 1130 Δύναται
851 1103 959 1140 γὰρκαὶ

172 1148 204 1175 τὸ
217 1148 267 1183 τῆς
281 1148 388 1175 συνόδου
408 1149 498 1184 τίμιον
513 1149 576 1184 ὑμῖν
598 1148 733 1184 ἀκεραίως
752 1148 895 1182 σώζεσθαι,
912 1151 958 1177 καὶ

175 1193 223 1230 μία
237 1195 283 1221 καὶ
294 1196 311 1229 ὴ
327 1194 395 1230 αὑτὴ
408 1195 477 1222 κατὰ
487 1195 594 1222 πάντων
604 1195 729 1222 κοινωνία
739 1196 890 1232 τηρεῖσθαι,
908 1196 958 1223 κᾶν

172 1241 326 1276 ταμὰλιστά
353 1250 394 1273 τις
419 1242 448 1268 ὲν
474 1241 550 1278 μέρει
576 1241 643 1277 πρὸς
662 1241 792 1278 ἀλλήλους
808 1243 871 1278 ὑμῖν
888 1243 958 1279 ὑπὲρ

174 1287 315 1322 ἐλαχίστου
326 1287 456 1322 διαφωνία
473 1287 594 1324 γένηταυ
617 1288 710 1323 ἐπειδὴ
729 1289 795 1325 μηδὲ
808 1289 906 1322 πάντες
929 1289 957 1316 ἑν

173 1331 258 1359 ἅπασι
272 1332 354 1360 ταυτδ
370 1332 529 1368 βουλόμεθα,
549 1332 616 1368 μηδὲ
635 1333 685 1368 μία
699 1342 741 1365 τις
758 1335 786 1360 ὲν
803 1334 867 1369 ὑμῖν
879 1333 959 1369 φύσις

173 1377 300 1414 1Ιὶγνώμη
320 1377 497 1406 πολιτεύεται.
518 1379 587 1414 Περὶ
611 1379 658 1414 μὲν
674 1377 720 1406 οὖν
740 1380 788 1415 τῆς
799 1379 874 1412 θείας
891 1389 957 1417 προ-

173 1424 247 1456 νοίας
262 1423 310 1460 μία
323 1433 364 1456 τις
381 1425 408 1451 ὲν
429 1424 494 1460 ὑμῖν
511 1424 580 1452 ἔστω
594 1425 694 1458 πίστις,
708 1425 756 1461 μία
772 1425 887 1458 σύνεσις,
909 1425 958 1462 μία

174 1469 293 1506 συνθήκη
308 1469 356 1497 τοῦ
365 1470 533 1506 Κρείττονος·
560 1470 578 1498 ἃ
601 1471 624 1497 δ’
648 1470 719 1505 ὑπὲρ
739 1470 792 1498 τῶν
811 1471 959 1506 ἐλαχίστων

172 1515 274 1543 ⁴τούτων
303 1515 443 1552 ζητήσεων
461 1517 489 1543 ὲν
514 1516 638 1552 ἀλλήλοις
655 1516 884 1552 ἀκριϐολογεῖσθε,
906 1516 958 1545 κᾶν

175 1561 212 1597 μὴ
229 1561 297 1597 πρὸς
312 1562 376 1597 μίαν
399 1561 511 1598 γνώμην
522 1561 705 1598 συμφέρησθε,
729 1562 818 1598 μένειν
836 1562 901 1589 εἴσω
913 1562 958 1590 λο-

173 1607 272 1642 γισμοῦ
286 1608 428 1643 προσήκει,
444 1607 482 1644 τῷ
497 1608 546 1644 τῆς
562 1607 680 1640 διανοίας
703 1608 849 1644 ἀπορρήτῳ
864 1607 959 1644 τηρού-

175 1662 253 1689 μενα.
271 1655 307 1681 Τὸ
328 1655 418 1689 μέντοι
434 1655 484 1690 τῆς
497 1655 588 1690 κοινῆς
606 1655 696 1690 φιλίας
708 1655 853 1692 ἐξαίρετον,
869 1657 915 1684 καὶ
940 1657 957 1693 ἡ

173 1699 222 1735 τῆς
232 1699 360 1735 ἀληθείας
369 1695 470 1732 πίστις.
489 1700 505 1736 ἥ
527 1709 556 1727 τε
572 1701 636 1736 περ)⁹
646 1701 692 1728 τὸν
709 1701 775 1728 Θεδν
789 1702 834 1729 καὶ
847 1702 896 1738 τὴν
910 1701 957 1730 τοῦ

173 1745 255 1782 νόμου
268 1746 413 1782 θρησκείαν
428 1746 506 1782 τιμὴ,
526 1747 629 1781 μενέτω
646 1748 710 1783 παρ’
723 1748 786 1783 ὑμῖν
799 1748 954 1782 ἀσάλευτος·

173 1791 334 1818 ἐπανέλθετε
348 1791 457 1826 δήπρὸς
466 1791 514 1826 τὴν
527 1790 648 1826 ἀλλήλων
659 1790 750 1825 φιλίαν
761 1799 791 1817 τε
807 1792 853 1818 καὶ
865 1792 954 1827 χάριν,

173 1837 286 1864 ἀπόδοτε
309 1835 347 1871 τῷ
371 1835 427 1871 λαῴ
447 1835 581 1871 ξύμπαντι
603 1835 651 1868 τὰς
666 1836 767 1868 οἰκείας
780 1837 954 1872 περιπλοκὰς,

173 1883 252 1918 ὑμεῖς
266 1891 295 1908 τε
310 1882 385 1909 αὐτοὶ
405 1881 530 1917 καθάπερ
543 1882 592 1913 τὰς
611 1881 714 1908 ἑαυτῶν
732 1881 820 1917 ψυχὰς
839 1882 956 1918 ἐκκαθή-

175 1933 270 1960 ραντες
288 1926 353 1962 (Η),
370 1924 447 1959 αὖθις
470 1927 599 1963 ἀλλήλους
619 1926 761 1961 ὲπίγνωτε.
782 1928 877 1954 Ἠδίων
904 1928 958 1964 γὰρ

175 1971 304 2004 πολλάκις
319 1972 393 2007 φιλία
406 1972 509 2007 γίνεται
535 1972 603 2008 μετὰ
619 1973 667 2008 τὴν
688 1973 735 2008 τῆς
751 1973 850 2010 ἔχθρας
862 1974 959 2001 ἀπόθε-

175 2017 291 2052 σινῌΞ),
301 2015 376 2050 αὖθις
391 2020 431 2051 εἰς
441 2019 611 2054 καταλλαγὴν
627 2018 819 2046 ἐπανελθοῦσα.
842 2028 850 2045 ι

210 2084 299 2120 (8)7Td
318 2085 379 2120 φῶς
399 2086 554 2118 ἐξέτεινεν.
591 2086 702 2113 Rectius
724 2087 838 2115 dixisset
855 2087 958 2114 ἁνέτει⁹

178 2128 228 2147 rev.
253 2119 335 2146 Paulo
357 2127 419 2148 ante
444 2121 502 2153 lego
525 2129 559 2148 ex
584 2123 662 2149 codd.
687 2121 754 2149 Fuit.
781 2127 807 2150 et
824 2122 920 2154 Savil.,
943 2122 957 2148 ὁ

174 2154 262 2190 κοινὸς
269 2155 402 2190 Ῠᾲπάντων
416 2157 520 2190 Σωτήρ.

210 2165 262 2186 ινος
277 2165 402 2182 απαντων
416 2165 489 2190 uti-:1]
514 2175 520 2182 .

210 2189 248 2225 (9)
268 2189 346 2224 Vulg.
361 2190 478 2225 Ταύτην
487 2165 560 2226 ἑ)μοῦ
575 2190 633 2225 τὴν
641 2191 791 2224 σπουδήν,
804 2193 829 2218 id
839 2197 889 2225 est,
909 2192 957 2219 ltoc

174 2232 261 2260 meum
279 2226 394 2252 studium
407 2231 483 2260 atque
499 2227 661 2257 institutum.
677 2229 843 2254 concordiam
859 2228 885 2254 in
902 2226 955 2253 Ec-

174 2259 254 2286 clesia
276 2259 445 2290 stabiliendi,
462 2269 602 2296 omnesque
619 2261 737 2289 homines
753 2263 786 2288 ad
809 2263 886 2288 unius
907 2262 955 2289 Dei

174 2295 274 2330 cultum
293 2295 458 2322 traducendi.
484 2295 521 2322 De
537 2304 590 2330 quo
616 2297 705 2323 studio
730 2297 798 2324 dixit
820 2297 954 2324 Constan-

175 2328 248 2369 ti_nus
276 2330 350 2357 initio
377 2329 455 2364 hujus
480 2328 610 2365 epistolae,
633 2336 660 2358 et
678 2331 740 2359 alibi
770 2332 870 2366 passim
895 2332 953 2367 glo-

175 2370 269 2391 natur.

210 2399 265 2436 (10)
281 2399 316 2426 Td
326 2408 356 2426 τε
366 2399 420 2426 τοῦ
429 2400 521 2436 νόμον
540 2400 742 2436 παράγγελμα.
759 2401 814 2429 Lex
831 2401 901 2429 enim
913 2402 954 2429 ni-

175 2434 214 2469 llil
228 2435 298 2461 aliud
311 2435 386 2462 nobis
401 2434 613 2469 prmcipitquam
625 2434 797 2469 'cliaritatem,
811 2442 840 2463 ut
850 2436 956 2464 scilicet

176 2468 258 2506 Deum
278 2470 395 2506 quidem
411 2474 467 2497 toto
484 2468 575 2498 cordis
597 2470 694 2498 aﬂ'ectu
719 2471 872 2505 diligamus,
890 2479 954 2506 pro-

175 2503 275 2530 ximum
299 2511 361 2530 Vero
374 2504 445 2532 sicut
461 2507 649 2539 nosmetipsos.
668 2506 696 2532 ln
713 2506 755 2533 his
768 2503 876 2534 duobus
890 2503 953 2534 'lota

175 2539 217 2564 lex
239 2538 379 2575 consistit.
401 2545 430 2575 ut
454 2541 491 2566 ait
516 2538 644 2568 Dominus
663 2541 689 2567 in
712 2541 867 2575 Evangelio.
893 2541 954 2569 H.130

176 2579 228 2610 non
256 2573 386 2610 intellexit
408 2574 687 2609 Cliristophorsonus,
714 2577 759 2610 qui
787 2573 826 2603 sic
855 2577 952 2608 vertit,

175 2606 313 2646 Unumque
328 2608 394 2641 legas
413 2617 444 2636 ac
463 2606 608 2646 disciplina:
630 2606 777 2637 institutum
800 2612 879 2645 (quod
901 2606 955 2646 qui-

174 2644 234 2668 dem
251 2649 308 2682 cum
330 2647 384 2670 suis
401 2643 517 2682 partibus
536 2646 683 2682 universum
705 2643 829 2672 Ecclesia:
850 2643 953 2682 corpus,

173 2679 350 2717 consentiente
370 2679 534 2717 animorum
547 2681 689 2717 concordia
711 2686 734 2708 et
755 2681 887 2715 proposito
909 2682 954 2708 de-

174 2711 587 2751 uincit).__Rectius__Portesitts:
605 2711 819 2751 Prwceptumqu'e
840 2716 904 2748 iegiv
927 2716 954 2742 in

173 2748 200 2773 id
219 2747 338 2773 omnibus
353 2748 469 2782 partibus
491 2749 625 2781 incumbit,
641 2756 668 2777 ut
686 2747 713 2777 iit
736 2747 815 2777 unum
839 2747 954 2777 animum

174 2783 320 2821 uniuersum
331 2783 477 2821 concludat.
490 2782 567 2821 Forte
577 2786 657 2812 etiam
667 2787 837 2813 scribendum
848 2791 887 2821 est
898 2787 954 2821 τοῖς

171 2816 252 2855 δυσὶν
271 2816 354 2855 αὑτοῦ
373 2817 491 2855 μέρεσιν.
509 2819 571 2846 Duae
595 2825 657 2847 sunt
673 2821 745 2848 enim
763 2827 854 2855 partes
877 2816 954 2852 hujus

174 2852 304 2883 mandati,
322 2852 435 2893 quarum
454 2852 538 2881 altera
555 2855 587 2882 ad
604 2855 699 2888 Deum,
715 2852 800 2883 altera
814 2856 846 2883 ad
864 2857 954 2890 proxi-

173 2895 246 2914 mum
268 2892 392 2921 pertinet.

726 165 769 192 DF.
791 165 869 194 VITA
890 165 1117 194 CONSTANTINI
1137 167 1200 195 LIB.
1222 167 1253 196 ll.

1723 173 1733 200 Ι
1739 173 1790 201 οω

974 231 998 259 Α
1012 229 1079 256 adeo
1093 229 1198 264 exiguis
1210 233 1237 256 et
1254 229 1363 257 minime
1383 231 1545 259 necessariis
1559 231 1693 266 rixamlul,
1709 232 1789 267 impia

1011 275 1179 304 dissensione
1207 275 1345 303 dissideat.
1367 275 1475 304 Plebeia
1496 281 1559 304 sunt
1590 277 1658 310 haec,
1683 282 1711 305 et
1731 285 1791 313 quae

1011 322 1106 357 puerili
1123 322 1208 357 magis
1223 321 1337 349 inseltia:
1354 329 1433 356 quam
1448 323 1617 350 sacerdotum
1633 329 1659 351 et
1672 324 1790 357 pruden-

1011 370 1076 396 tium
1101 369 1224 396 virorum
1255 368 1393 402 sapientia:
1421 374 1582 404 congruant.
1608 370 1791 398 Abscedamus

1011 420 1103 442 nostra
1116 419 1211 449 sponte
1224 422 1238 441 a
1252 414 1351 441 diaboli
1365 414 1566 443 tentationibus.
1577 415 1708 443 Maximus
1721 415 1790 444 Deus

1012 465 1103 488 noster
1118 465 1145 488 et
1161 460 1282 487 omnium
1297 459 1437 493 Servator,
1455 468 1598 489 commune
1612 461 1717 489 cunctis
1727 468 1789 496 pro-

1012 506 1074 534 tulit
1087 506 1191 534 lumen:
1205 507 1254 534 sub
1267 505 1343 541 cujus
1359 507 1479 541 auspicio
1492 515 1523 535 ac
1535 508 1713 542 providentia,
1726 507 1791 535 mihi

1010 551 1068 586 ejus
1096 551 1196 579 famqu
1219 556 1245 579 et
1270 552 1365 580 cultori
1393 553 1541 585 concedite,
1559 561 1660 588 quaeso,
1686 559 1716 581 ut
1740 555 1791 582 hoc

1010 605 1077 633 opus
1093 598 1125 625 ad
1138 598 1239 626 exitum
1256 598 1413 633 perducam,
1434 607 1487 633 quo
1503 599 1578 634 plebs
1593 599 1663 627 illius
1677 607 1735 628 mea
1751 600 1791 627 al-

1011 643 1146 672 locutione
1156 649 1237 679 atque
1251 651 1344 679 opera,
1353 649 1380 672 et
1393 644 1606 672 admonitionum
1621 645 1745 672 instantia
1757 645 1791 673 ad

1010 694 1160 718 conventus
1182 690 1313 717 unitatem
1328 696 1481 718 revocetur.
1499 690 1565 717 Nam
1584 698 1645 718 cum
1661 690 1746 724 vobis,
1762 695 1792 719 ut

1010 736 1077 769 dixi,
1102 743 1155 763 una
1183 735 1331 770 eademque
1357 736 1393 764 sit
1421 736 1498 769 tides,
1524 744 1577 764 una
1604 736 1638 763 de
1664 736 1792 771 religione

1011 787 1103 808 nostra
1118 781 1271 812 sententia;
1289 789 1404 816 cumque
1419 781 1486 816 legis
1499 787 1662 816 praeceptum
1679 787 1792 817 utraque

1011 827 1052 855 sui
1068 834 1144 862 parte
1158 834 1254 855 omnes
1267 828 1292 854 in
1315 835 1394 854 unam
1412 828 1564 855 animorum
1584 828 1791 856 consensionem

1011 872 1198 907 constringat;
1225 872 1295 900 istud
1310 873 1379 907 quod
1400 872 1486 900 levem
1502 873 1570 900 inter
1583 880 1629 900 vos
1642 874 1792 901 contentio.

1010 926 1071 946 nem
1100 918 1251 950 exeitavit,‘
1269 918 1486 953 quandoquidem
1508 919 1540 946 ad
1555 918 1636 946 totius
1653 918 1791 953 religionis
1809 930 1817 937 ι

1010 971 1143 992 Summam
1175 972 1228 992 non
1256 964 1384 999 pertinet,
1404 971 1456 991 non
1477 968 1519 991 est
1547 971 1595 991 cur
1615 964 1696 991 ullum
1721 964 1792 991 inter

1010 1018 1058 1038 vos
1086 1010 1227 1038 discidium
1261 1018 1292 1037 ac
1315 1010 1472 1038 seditionem
1505 1010 1594 1037 iaciat.
1622 1010 1712 1045 Atque
1734 1011 1792 1039 hmo

1010 1063 1064 1084 non
1082 1063 1115 1084 eo
1129 1056 1201 1089 dico,
1215 1060 1244 1083 ut
1256 1063 1305 1084 vos
1317 1055 1351 1083 de
1370 1056 1473 1090 inepta,
1488 1060 1515 1082 et
1534 1055 1727 1091 qualiscunque
1744 1056 1791 1083 de-

1009 1109 1081 1129 mum
1104 1101 1226 1130 vocanda
1243 1106 1285 1129 est
1298 1096 1466 1136 quaestione,
1478 1102 1549 1129 idem
1566 1102 1676 1129 omnino
1690 1102 1791 1129 sentire

1008 1155 1113 1183 cogam.
1126 1148 1216 1177 Potest
1226 1148 1298 1175 enim
1311 1148 1430 1184 gravitas
1444 1152 1592 1176 conventus
1607 1148 1709 1182 integre
1721 1147 1791 1180 apud

1008 1203 1058 1223 vos
1072 1195 1239 1227 conservari,
1253 1199 1282 1222 et
1294 1202 1346 1222 una
1359 1194 1508 1229 eademque
1521 1194 1591 1222 inter
1605 1201 1699 1222 omnes
1709 1194 1790 1230 477

1009 1240 1163 1268 communio
1178 1240 1300 1272 retineri,
1319 1239 1442 1274 quamvis
1464 1240 1579 1267 invicem
1602 1241 1634 1267 de
1650 1247 1679 1266 re
1701 1240 1791 1274 aliqua

975 905 996 932 Β

1009 1286 1255 1314 minimimomenti
1273 1286 1449 1314 dissentiatis.
1476 1285 1615 1321 Siquidem
1644 1292 1694 1312 nec
1718 1285 1788 1312 idem

1008 1339 1102 1360 omnes
1118 1332 1241 1360 volumus
1265 1332 1292 1359 in
1317 1332 1454 1365 omnibus,
1482 1339 1532 1359 nec
1545 1339 1597 1358 una
1613 1330 1733 1358 omnium
1750 1330 1791 1356 in-

1008 1378 1082 1406 doles
1096 1382 1137 1406 est
1152 1383 1234 1414 atque
1251 1378 1394 1406 sententia.
1421 1378 1514 1412 itaque
1530 1378 1562 1406 de
1575 1377 1664 1405 divina
1682 1376 1789 1412 quidem

1008 1417 1181 1452 Providentia
1195 1431 1246 1452 una
1259 1424 1329 1452 inter
1345 1431 1392 1451 vos
1406 1424 1441 1450 sit
1454 1423 1530 1456 ﬁdes,
1541 1431 1611 1451 unus
1626 1423 1789 1457 intellectus,

1009 1478 1063 1498 una
1078 1471 1111 1498 de
1126 1470 1180 1498 Deo
1196 1470 1348 1498 consensio.
1362 1469 1427 1503 Quae
1442 1477 1508 1497 vero
1526 1469 1558 1496 de
1573 1469 1716 1497 levissimis
1728 1469 1788 1496 istis

1010 1515 1204 1551 quaestionibus
1228 1517 1299 1543 inter
1313 1523 1362 1543 vos
1381 1514 1515 1542 subtiliter
1539 1514 1700 1549 disputatis,
1726 1515 1790 1543 licet

972 1577 994 1607 ο
1012 1569 1064 1589 non
1075 1561 1102 1589 in
1111 1561 1234 1589 eamdem
1245 1562 1347 1590 coeatis
1359 1561 1534 1592 sententiam,
1551 1561 1679 1588 interiore
1694 1561 1791 1588 mentis

1012 1608 1176 1644 cogitatione
1193 1607 1332 1634 continere
1355 1612 1383 1634 et
1400 1613 1501 1634 arcano
1513 1606 1631 1640 pectoris
1643 1606 1791 1634 recondere

1013 1653 1124 1681 debetis.
1146 1651 1253 1680 Maneat
1270 1651 1347 1679 ﬁrma
1366 1651 1392 1678 in
1411 1651 1486 1678 vobis
1503 1652 1653 1679 communis
1666 1651 1791 1679 amicitia

1011 1697 1199 1733 prarrogativa,
1213 1701 1241 1724 et
1263 1697 1386 1724 veritatis
1404 1697 1480 1729 tides,
1498 1701 1526 1724 et
1546 1697 1592 1724 Dei
1607 1697 1727 1732 legisque
1738 1697 1790 1724 ub-

1012 1743 1158 1770 servantia.
1184 1742 1325 1771 Recurrite
1352 1742 1385 1769 ad
1419 1747 1538 1769 mutuam
1566 1743 1737 1771 dilectionem
1764 1747 1791 1770 et

1010 1788 1187 1821 cbaritatem;
1201 1788 1304 1816 reddite
1315 1788 1441 1816 universo
1454 1789 1550 1823 populo
1561 1796 1623 1816 suos
1639 1790 1789 1824 aniplexus.

1010 1833 1121 1862 Vosmet
1135 1834 1355 1869 ipsi,expurgatis
1371 1839 1399 1862 ut
1409 1835 1446 1862 ita
1460 1835 1547 1862 dicam
1561 1835 1658 1863 animis
1678 1835 1788 1867 vestris,

1010 1887 1057 1907 vos
1070 1879 1188 1906 vicissim
1208 1880 1354 1914 agnoscite.
1382 1879 1458 1915 Saepe
1476 1881 1546 1908 enim
1568 1885 1627 1915 post
1657 1880 1790 1915 depositas

1010 1925 1165 1952 inimicitias
1191 1925 1364 1952 reconciliata
1395 1926 1492 1953 iterum
1518 1926 1618 1961 gratia,
1642 1925 1790 1960 jucundior

1007 1971 1114 2000 exsistit
1137 1970 1266 1999 amicitia.
1283 1980 1292 1996 ι

1046 2085 1101 2120 (ll)
1125 2086 1228 2119 Ψυχὰς
1243 2084 1470 2120 ἐκκαθήραντες,
1488 2084 1512 2112 id
1529 2090 1584 2117 est.
1604 2085 1705 2111 detersa
1725 2085 1788 2112 cali-

1010 2129 1069 2155 gine
1085 2121 1258 2152 simultatum,
1274 2129 1326 2155 qua
1352 2121 1444 2147 mentis
1469 2124 1561 2147 vestris
1585 2120 1659 2155 aciei
1671 2124 1727 2146 erat
1743 2121 1788 2147 ali-

1010 2154 1088 2183 ducta
1101 2161 1178 2188 atque
1192 2154 1340 2182 obscurata.
1355 2155 1482 2190 Sequitur
1498 2156 1569 2182 enim
1587 2154 1717 2190 ἀλλήλους
1732 2155 1788 2183 ὲπί-
1807 2158 1810 2159 ⁷

1011 2199 1107 2233 Titane,
1123 2191 1148 2218 id
1154 2195 1219 2233 est...
1241 2198 1283 2217 vos
1306 2191 1420 2233 vicissim.
1433 2191 1574 2233 agnoscite,
1590 2191 1786 2233 amplectimini,

971 2246 993 2274 Β
1011 2226 1134 2253 salutate.
1152 2225 1254 2259 Quibus
1271 2225 1361 2252 verbis
1387 2225 1505 2252 alludere
1524 2225 1631 2252 videtur
1656 2225 1788 2253 Constan-

1008 2261 1080 2288 tinus
1094 2261 1127 2288 ad
1141 2268 1242 2288 morem
1262 2260 1476 2288 Christianorum
1493 2260 1534 2287 sui
1553 2260 1682 2293 temporis
1694 2279 1701 2291 ,
1717 2262 1786 2294 apud

987 2300 1073 2330 ‘quos
1089 2296 1114 2322 in
1135 2296 1221 2323 sacris
1246 2296 1434 2327 conventibus,
1453 2295 1516 2322 dum
1534 2295 1647 2329 populus
1668 2295 1701 2321 ad
1725 2302 1787 2329 per-

1006 2331 1155 2365 ceptionem
1171 2330 1359 2365 mysteriorum
1375 2331 1526 2363 accederet,
1542 2330 1670 2356 diaconus
1689 2330 1787 2363 saepius

1006 2364 1182 2401 inclamabat:
1193 2364 1419 2401 ᾙπιγιγνώσκετε
1425 2365 1563 2401 ἀλλήλους,
1571 2372 1603 2391 ne
1615 2365 1676 2401 quis
1684 2364 1788 2392 scilicet

1005 2400 1134 2435 profanus
1147 2405 1192 2427 aut
1207 2399 1313 2427 Judaaus
1327 2401 1360 2426 ad
1375 2399 1490 2427 sacram
1503 2407 1621 2435 mensam
1638 2399 1766 2435 irreperet
1776 2419 1786 2432 ,

1006 2434 1035 2462 ut
1050 2435 1130 2462 docet
1149 2435 1358 2470 Chrysostomus
1378 2436 1404 2462 in
1423 2435 1547 2470 oratione
1574 2434 1658 2468 prima
1687 2434 1786 2461 Contra

1005 2470 1124 2501 .Iudieos,
1144 2469 1279 2504 pagJMO,
1297 2470 1361 2496 tomi
1380 2471 1468 2504 primi.
1495 2469 1594 2496 Eodem
1612 2469 1695 2496 verbo
1719 2476 1784 2496 usus

1005 2511 1045 2531 est
1053 2504 1170 2532 Marcion
1179 2513 1237 2531 cum
1248 2505 1422 2539 Polycarpuni
1433 2504 1576 2538 aliquando
1584 2504 1706 2537 vidisset,
1715 2504 1788 2530 Ἐπι-

1006 2539 1121 2573 γίνωσκε
1142 2540 1225 2574 ἡμᾶς,
1238 2545 1268 2566 ιιι
1280 2538 1313 2566 ex
1333 2538 1432 2566 Iremco
1449 2540 1530 2567 refert
1547 2539 1678 2566 Eusebius
1695 2540 1721 2566 in
1737 2539 1774 2566 lib

1007 2583 1033 2601 IV
1050 2574 1185 2602 Historiae.
1203 2574 1292 2602 Latini
1313 2582 1426 2609 quoque
1451 2575 1581 2609 verbumA
1600 2579 1782 2607 recognoscere

1008 2615 1186 2650 usurpantﬂeo
1201 2617 1294 2638 sensu.
1309 2607 1398 2650 Sic'in
1416 2611 1541 2643 passione
1557 2607 1703 2650 _Fru_ctuosi
1727 2609 1786 2644 epi-

1006 2644 1100 2680 scopi:
1118 2654 1127 2671 (
1141 2644 1206 2672 Cum
1222 2652 1251 2672 se
1264 2644 1578 2680 excalciassettaccessit
1589 2644 1623 2670 ad
1638 2651 1786 2680 eumcom.

1006 2678 1091 2706 tnilito
1106 2680 1190 2706 frater
1206 2685 1298 2707 noster
1322 2680 1430 2706 nomine
1448 2679 1535 2711 Felix,
1553 2678 1785 2714 apprelienditque

1006 2716 1127 2742 dextram
1153 2715 1222 2748 ejus,
1241 2721 1436 2750 recognoscens
1452 2723 1525 2746 eum,
1541 2719 1565 2741 et
1582 2716 1731 2748 deprecans
1756 2718 1786 2741 ut

1005 2751 1046 2777 sui
1066 2757 1169 2777 memor
1183 2755 1264 2777 esset.
1281 2760 1290 2776 ο

1042 2784 1187 2820 μὴνυιε.
1201 2785 1256 2820 τῆς
1270 2785 1379 2820 ἔχθρας
1388 2785 1541 2812 ὑπόθεσιν.
1555 2783 1732 2820 Scribendum
1744 2788 1786 2811 est

1005 2820 1144 2853 ἀπόθεσιν,
1158 2819 1187 2848 ut
1203 2819 1304 2856 legitur
1316 2819 1383 2855 apud
1396 2821 1530 2847 Gelasium
1547 2819 1784 2856 et_N_icephorum.

1006 2858 1093 2889 Atque
1115 2858 1151 2882 ita
1174 2853 1251 2890 plan'e
1267 2853 1394 2890 scriptum
1421 2857 1547 2884 exhibent
1567 2853 1633 2882 Fuit.
1654 2853 1734 2882 codd.
1758 2859 1787 2881 es

1007 2891 1089 2918 Savil.
1104 2897 1129 2918 et
1143 2892 1248 2918 sctieda:
1265 2892 1362 2925 Regia.
