2000 3167
187 156 259 183 1053

732 158 777 186 DE
797 158 878 186 VITA
896 157 1127 186 CONSTANTINI
1145 158 1273 192 LlB.’_lll.

1743 159 1811 187 1058

191 213 277 248 pexa;
295 212 451 247 ἐμφυλίους,
476 213 586 248 εἰρήνης
607 214 635 240 ὲν
653 214 741 250 καιρῷ
761 215 807 242 καὶ
829 214 881 250 μὴν
891 214 976 250 θυμη-

1036 222 1059 241 tc
1075 213 1174 241 laetitia:
1188 219 1309 248 tempore
1325 214 1455 242 tttmnltus
1469 217 1496 241 et
1520 213 1646 241 intestina
1659 215 1726 242 bella
1741 216 1766 242 in
1780 223 1810 242 ca

189 259 248 290 δίας
278 257 436 293 εἰργάζετο·
464 259 510 284 καὶ
539 259 592 294 μὴν
617 258 742 293 βασιλεὺς
766 259 822 293 (16)
853 259 912 295 Θεῷ
932 260 975 294 φί-

189 304 245 336 λος,
278 303 332 330 τῶν
359 303 433 339 αι)τῷ
453 303 611 337 πρεπόντων
638 304 668 330 οὺ
694 303 889 339 κατωλιγώρει,
913 305 977 331 πάν-

137 359 146 369 υ
188 359 222 377 τα
246 349 274 376 δὲ
302 349 429 385 πράττων
448 349 577 376 τάναντία
602 349 656 385 (17)
679 351 734 381 τοῖς
760 349 858 385 μικρὸν
874 349 977 385 ἔμπρο-

191 396 252 422 σθεν
277 395 329 422 ὑπὸ
351 396 400 430 τῆς
410 395 574 430 τυραννικῆς
596 395 736 431 ὠμότητος
756 395 975 431 τετολμημένοις,

191 441 291 473 παντὸς
305 439 339 476 ἦν
356 441 453 477 ἐχθροῦ
468 442 515 468 καὶ
529 442 657 476 πολεμίου
673 441 814 478 κρείττων.
831 442 935 469 Λύτίκα
954 443 976 469 δ’

191 485 238 514 οὖν
250 489 274 514 οἱ
292 487 362 522 (ΓΡ)
376 487 454 519 θεοὺς
470 489 533 519 τοὺς
548 487 585 522 μὴ
598 488 678 519 ὂντας
691 488 832 519 παντοίαις
846 488 978 522 ἀνάγκαις

191 533 330 564 ἐϐιάζοντο
354 533 454 565 σέϐειν,
482 533 529 559 τοῦ
551 533 626 564 ὄντος
656 533 822 567 ἀφεστῶτες,
849 534 864 559 6
890 534 912 560 δ’
936 534 977 560 ὅτι

192 580 229 615 μὴ
243 581 322 611 εἰσὶν,
334 580 424 615 ἔργοις
435 580 482 607 καὶ
494 579 583 613 λόγοις
594 580 763 614 ἀπελέγχων,
773 580 817 606 τὸν
828 579 906 615 μόνον
914 580 978 607 ὄντα

190 625 341 661 παρεκάλει
360 625 512 659 γνωρίζειν.
537 622 593 651 Εἴθ’
621 625 643 650 οἱ
671 625 719 660 μὲν
746 624 914 660 βλασφήμοις
933 624 978 651 τὸν

189 671 309 707 Χριστὸν
331 671 378 697 τοῦ
395 670 462 697 Θεοῦ
485 670 657 705 διεχλεύαςον
678 672 790 704 φωναῖς,
815 671 829 696 ὁ
842 671 880 702 δὲ,
897 671 938 704 ἐφ’
957 667 978 704 ᾧ

191 718 310 753 μάλιστα
331 717 355 743 οἱ
372 717 446 744 ἄθεοι
467 717 516 748 τάς
536 716 710 752 βλασφημίας
731 716 878 748 ἐπέτεινον,
897 716 979 752 ἐγρά-

176 772 256 798 -φετο
269 763 452 798 φυλακτήριον
467 763 533 797 (18),
547 762 586 798 τῷ
604 762 651 789 τοῦ
667 762 769 794 πάθους
784 763 979 797 σεμνυνόμενος

190 809 322 846 τροπαίῳ·
337 809 362 835 οἱ
379 809 427 844 μὲν
435 808 559 844 ἤλαυνον,
575 809 683 840 ἀοίκους
697 809 744 835 καὶ
758 808 898 840 ἀνεστίους
912 808 978 834 καθ-

192 855 320 886 ιστῶντες
344 855 407 886 τοὺς
426 853 595 889 θεραπευτὰς
604 853 649 880 τοῦ
666 853 797 889 Χριστοῦ,
810 855 824 880 ὁ
839 853 867 880 δὲ
882 854 979 880 ἀνεκα-

1027 260 1173 287 excitabat.
1194 260 1302 287 Interim
1318 267 1383 287 vero
1401 259 1454 287 Deo
1469 259 1569 286 charus
1581 260 1736 294 imperator,
1752 269 1812 291 quae

1027 307 1067 333 sui
1082 306 1163 334 oﬂicii
1180 311 1259 332 erant
1271 305 1383 332 minime
1398 306 1534 340 neglexit,
1547 313 1658 340 prorsus
1676 308 1811 333 contraria

1028 353 1061 380 iis
1077 360 1136 387 quae
1162 353 1300 387 tyrannica
1329 351 1478 379 crudelitas
1505 352 1585 386 paulo
1604 357 1666 379 ante
1682 359 1812 386 praasum-

1027 398 1131 437 pserat,
1140 408 1221 435 agere
1230 400 1350 427 studens.
1361 399 1453 434 anur
1463 400 1566 426 ratione
1576 399 1681 427 cttnctis
1690 399 1812 427 hostibus

1027 451 1109 480 atque
1133 445 1251 472 inimicis
1275 446 1401 479 superior
1421 443 1482 472 fuit.
1500 444 1564 471 Nam
1578 445 1692 479 primum
1704 444 1812 479 quidem

1028 492 1065 519 illi
1081 499 1095 518 a
1114 492 1169 518 veri
1189 491 1235 518 Dei
1252 491 1326 518 cultu
1346 490 1438 522 alieni,
1455 495 1566 517 cunctos
1579 490 1705 517 mortales
1716 491 1748 517 ad
1764 490 1812 518 l'al-

1027 545 1118 565 sorum
1134 537 1273 564 numinum
1288 536 1389 564 cultum
1409 536 1495 563 variis
1519 535 1605 563 modis
1625 543 1672 570 per
1687 537 1739 563 vim
1755 537 1813 564 adi-

1028 583 1136 617 gebant.
1164 581 1214 609 llic
1234 589 1298 609 vero
1313 583 1379 610 deos
1399 582 1460 609 illos
1480 581 1636 616 neutiquam
1661 588 1733 615 esse,
1756 587 1812 610 tum

1028 629 1131 661 verbis,
1158 633 1214 655 tum
1241 628 1329 663 reipsa
1346 629 1521 661 convincens.
1550 628 1689 656 universos
1704 629 1738 656 ad
1757 629 1814 662 eius

1029 675 1074 709 qui
1088 675 1162 702 solus
1177 680 1218 702 est
1232 675 1300 702 Deus
1319 675 1481 708 agnitionem
1510 674 1633 702 hortatus
1646 679 1696 701 est.
1709 674 1749 702 Ad
1757 675 1815 702 haec

1030 720 1068 747 illi
1092 719 1229 747 Christum
1248 719 1296 746 Dei
1326 719 1416 754 impiis
1440 718 1553 746 vocibus
1571 718 1744 745 deridebant:
1772 719 1815 746 hic

1030 772 1095 792 vero
1112 764 1176 791 illud
1199 764 1287 799 ipsutn
1313 764 1383 799 quod
1412 763 1485 797 impii
1515 763 1637 790 homines
1666 763 1816 790 maledictis

1031 808 1169 843 praecipue
1182 807 1366 840 incessebant,
1388 807 1485 835 salutis
1505 807 1657 842 praesidium
1673 815 1733 835 esse
1746 809 1815 834 scri-

1031 855 1097 889 psit.
1120 854 1269 881 Dominicze
1284 854 1418 888 passionis
1435 859 1536 888 troprro
1559 861 1618 881 sese
1633 853 1759 882 efferens.
1777 854 1815 881 llli

191 898 262 925 λεῖτο
295 899 358 929 τοὺς
390 897 504 930 πάντας,
537 898 584 924 καὶ
609 899 670 928 ταῖς
699 898 813 928 οἰκείαις
856 897 980 925 ἀπεδίδου

1036 901 1151 927 cultores
1179 900 1278 928 Christi
1304 900 1547 935 persequebantur,
1570 907 1671 934 eosque
1692 900 1771 927 domo
1785 907 1816 928 ac

191 944 303 975 ἑστίαις.
320 944 352 970 Ol
377 943 426 979 μὲν
437 944 560 978 ἀτιμίαις
578 943 765 979 περιέϐαλλον,
788 945 802 970 6
814 943 841 969 δὲ
856 943 980 978 ἐντίμους

192 988 239 1014 καὶ
256 987 392 1023 ζηλωτοὺς
414 988 528 1022 καθίστη
540 989 595 1019 τοῖς
610 988 710 1015 ἅπασιν
724 997 730 1003 ·
747 989 771 1014 οἱ
791 988 838 1023 μὲν
852 988 981 1024 ὲόήμευον

192 1034 301 1067 ἀδίκως,
313 1034 366 1062 τῶν
381 1034 515 1061 θεοσεϐὦν
528 1034 735 1069 ἀφαρπάζοντες
746 1034 809 1065 τοὺς
829 1034 912 1066 βίους,
926 1035 940 1060 ὁ
953 1034 981 1060 δὲ

194 1081 330 1112 ἀπεδίδου,
358 1080 496 1112 πλείστοις
522 1079 776 1114 ἐπιδαψιλευόμενος
804 1079 980 1115 χαρίσμασιν.

192 1127 223 1153 Οἱ
237 1126 286 1161 μὲν
309 1125 488 1161 διατάγμασιν
505 1125 653 1161 ἐγγράφοις
671 1124 720 1156 τὰς
745 1123 816 1150 κατὰ
835 1124 889 1150 τῶν
917 1123 982 1159 προ-

191 1172 276 1207 έδρων
293 1171 468 1207 ἐδημοσιευον
488 1171 669 1205 συκοφαντίας
694 1170 760 1205 (19),
774 1170 788 1196 ὁ
809 1169 835 1195 δὲ
854 1169 980 1204 ἔμπαλιν,

193 1217 314 1253 ἐπαίρων
330 1218 376 1244 καὶ
390 1217 499 1252 ἀνυψῶν
512 1218 544 1252 τῇ
560 1218 624 1252 παρ’
638 1216 713 1251 αὺτῷ
727 1217 792 1251 τιμῇ
802 1216 864 1246 τοὺς
872 1215 981 1250 ἄνδρας,
1005 1218 1009 1221 “

194 1263 392 1300 προγράμμασι
414 1263 460 1290 καὶ
480 1263 573 1298 νόμοις
591 1262 816 1297 διαφανεστέρους
834 1262 929 1288 ἐποίει.
952 1263 982 1288 Οἱ

195 1310 245 1345 μὲν
264 1311 297 1337 ὲκ
323 1310 430 1346 βάθρων
451 1310 513 1341 τοὺς
536 1308 697 1345 εὐκτηρίους
722 1308 812 1340 οἴκους
836 1307 981 1343 καθῄρουν,

194 1355 298 1382 ἀνωθεν
319 1356 348 1389 ἐξ
372 1355 455 1390 ὕψους
468 1354 723 1389 καταστρωννύντες
747 1354 786 1385 εἰς
804 1353 910 1386 ἔδαφος,
928 1354 942 1380 ὀ
954 1352 983 1378 δὲ

193 1401 243 1433 τὰς
254 1401 335 1433 οὔσας
353 1401 486 1436 ὑψοῦσθαι
500 1401 546 1427 καὶ
557 1400 714 1435 καινοτέρας
727 1399 885 1426 ἀνίστασθαι
898 1406 983 1433 μεγα-

194 1447 337 1483 λοπρεπῶς
351 1447 380 1479 ἐξ
393 1446 481 1473 αὐτῶν
495 1446 548 1473 τῶν
566 1445 711 1481 βασιλικῶν
731 1445 874 1480 θησαυρῶν
894 1445 985 1480 ὲνομο.

196 1493 279 1520 θέτει.
301 1494 332 1519 Ol
343 1494 391 1528 μὲν
412 1493 446 1520 τὰ
465 1493 629 1520 θεόπνευστα
653 1492 731 1525 λόγια
746 1491 836 1525 ἀφανῆ
859 1489 982 1517 ποεῖσθαι

196 1539 264 1575 πυρὶ
283 1540 416 1574 φλεγέντα
436 1540 627 1575 προσέταττον,
653 1539 666 1564 6
679 1537 707 1564 δὲ
723 1537 770 1563 καὶ
783 1536 867 1563 ταῦτα
883 1536 984 1572 πληθύ-

198 1594 253 1612 νειν
270 1585 325 1620 (20)
347 1587 379 1613 ὲκ
397 1585 541 1620 βασιλικῶν
559 1584 703 1620 θησαυρῶν
721 1582 924 1619 μεγαλοπρεπεῖ
936 1591 987 1609 πα-
1000 1579 1020 1607 C

198 1633 318 1668 ρασκευῇ
335 1630 606 1666 πολυπλασιαζόμενα
619 1629 783 1665 ἐνομοθέτει.
802 1630 833 1655 Οἱ
853 1629 901 1664 μὲν
923 1636 971 1654 συν

204 1677 280 1709 όδους
294 1677 451 1704 ἐπισκόπων
461 1676 571 1712 μηδαμῆ
585 1675 717 1711 μηδαμῶς
724 1675 824 1710 τολμᾷν
835 1673 985 1710 προσὲτατ-

198 1732 244 1750 τον
260 1723 405 1756 ποιεῖσθαι,
424 1724 437 1749 ὁ
450 1723 478 1749 δὲ
491 1723 554 1754 τοὺς
569 1722 598 1755 ἐξ
611 1721 739 1748 ἁπάντων
755 1721 810 1747 τῶν
823 1719 907 1747 ὲθνῶν
922 1719 985 1754 παρ’

199 1769 289 1804 ἐαυτῷ
311 1769 478 1804 συνεκρότει,
498 1768 640 1804 βασιλείων
655 1768 680 1793 τ’
699 1767 764 1793 εἴσω
784 1767 921 1802 παρεῖναι,
939 1764 987 1792 καὶ

201 1815 282 1850 μέχρι
298 1814 352 1841 τῶν
368 1814 500 1841 ἐνδοτάτω
519 1815 629 1849 χωρεῖν,
641 1813 733 1844 ἑστίας
745 1821 775 1838 τε
788 1813 835 1839 καὶ
847 1811 986 1847 τραπέζης

200 1861 344 1896 βασιλικῆς
360 1862 505 1892 κοινωνοὺς
519 1860 645 1894 γενέσθαι
666 1859 752 1894 ἠξίου.
767 1859 798 1885 υἱ
819 1859 868 1893 μὲν
887 1858 986 1892 ὲτίμων

200 1907 355 1942 ἀναθήμασι
370 1906 433 1938 τοὺς
453 1906 592 1941 δαίμονας,
618 1907 632 1932 ὁ
645 1906 673 1932 δὲ
685 1905 842 1940 ἀπεγύμνου
856 1903 906 1939 τὴν
921 1903 1000 1930 πελά-ν

200 1961 260 1987 νην,
275 1952 324 1988 τὴν
341 1952 477 1987 ἄχρηστον
497 1952 550 1978 τῶν
567 1951 748 1987 ἀναθημάτων
767 1951 832 1986 ὓλην
848 1951 904 1981 τοῖς
920 1950 987 1985 χρῆ-

201 1998 263 2026 σθαι
275 1998 396 2031 δυνατοῖς
411 1998 544 2033 διηνεκῶς
557 1998 656 2033 νέμων.
679 1999 709 2024 Οἱ
726 1998 773 2033 μὲν
788 1998 850 2029 τοὺς
863 1997 931 2028 νεὼς
943 2005 987 2031 φι-

199 2043 315 2079 λοτίμως
336 2046 448 2079 κοσμεῖν
468 2043 604 2074 ἐκέλευον,
624 2044 638 2070 ὁ
653 2044 682 2070 δὲ
697 2045 729 2070 ὲκ
747 2044 854 2079 βάθρων
874 2042 988 2078 καθῄρει

199 2089 302 2117 τούτων
327 2089 417 2116 αὐτῶν
442 2090 476 2116 τὰ
496 2089 613 2125 μάλιστα
641 2089 716 2124 παρὰ
735 2091 790 2120 τοῖς
811 2088 988 2123 δεισιδαίμοσι

200 2135 297 2162 πολλοῦ
320 2136 392 2168 ἀξια.
414 2137 445 2163 Oi
466 2136 515 2171 μὲν
539 2137 601 2168 τοὺς
621 2135 667 2162 τοῦ
682 2135 750 2161 Θεοῦ
769 2134 880 2165 δούλους
899 2133 988 2169 αἰσχί-

174 2198 175 2201 η
201 2190 278 2214 παις
298 2182 447 2209 ὑπέὃαλλον
473 2183 630 2218 τιμωρίαις,
652 2182 666 2207 ὀ
688 2182 716 2208 δὲ
736 2181 834 2212 αὐτοὺς
858 2181 907 2215 μὲν
926 2180 988 2211 τοὺς

199 2227 286 2255 ταῦτα
299 2227 464 2263 δεδρακότας
480 2228 583 2264 μετῄει,
603 2226 776 2263 σωφρονίζων
796 2227 829 2261 τῇ
847 2225 989 2262 πρεπούσῃ

235 2338 291 2371 (16)
312 2338 365 2365 Kal
377 2338 441 2372 μὴν
455 2338 614 2371 βασιλεύς.
635 2336 661 2363 lu
681 2336 774 2364 Savilii
794 2335 862 2372 libro
890 2335 986 2367 legitur

200 2374 214 2409 ῥ
228 2373 256 2400 δὲ
279 2371 415 2409 βασιλεύς.
431 2373 457 2400 In
475 2374 610 2399 veteribus
627 2377 727 2409 autent
743 2371 860 2409 schctlis
875 2374 988 2409 utr‘aque

200 2404 284 2468 grctio'
304 2410 421 2436 habetur
447 2409 498 2435 hoc
517 2409 605 2440 modo,
619 2409 632 2434 6
653 2407 681 2433 δὲ
704 2406 735 2441 δὴ
759 2407 806 2432 καὶ
832 2405 885 2441 μὴν
911 2404 988 2440 βασι-

210 2451 271 2468 .suc.
286 2449 338 2468 eltt.

210 2451 271 2474 .ευς,
286 2449 338 2470 Θιιτ.

235 2478 291 2512 (17)
303 2478 382 2513 Vulg.
393 2478 490 2505 πάντα
504 2478 639 2511 πράττων
647 2476 800 2513 τάναντίαἸ
809 2475 836 2501 lu
845 2475 933 2501 ilionei
941 2474 986 2513 lib.

200 2513 233 2538 ad
252 2510 397 2547 tuargitIEnt
422 2510 580 2540 emendatur
596 2513 684 2539 πάντα
700 2511 728 2538 δὲ
747 2510 884 2547 πράττων,
907 2515 940 2547 ut
959 2510 985 2547 in

202 2547 268 2573 Fnk.
297 2543 324 2573 εἴ
347 2548 441 2574 Savilii
465 2550 533 2575 codd
566 2548 648 2574 l‘aulo
674 2552 736 2573 ante
762 2543 810 2580 pro
832 2545 886 2571 τῶν
912 2543 986 2579 αὑτῷ

205 2582 405 2617 προσηκόντων,
429 2588 540 2617 nterqu
555 2585 638 2609 t-mfcx
654 2587 681 2609 et
697 2581 803 2608 sclted:e
821 2580 910 2616 [legite
921 2587 988 2614 prte-

202 2617 294 2653 τιειηιιη
309 2617 361 2642 τῶν
377 2617 451 2652 αὑτῴ
470 2618 636 2653 πρεπόντων.

239 2651 307 2686 (17')
329 2649 471 2679 Excidis‘se
486 2649 587 2679 videtur
605 2653 665 2687 μέν,
680 2652 739 2678 sine
760 2658 812 2685 quo
825 2651 900 2677 locus
916 2649 990 2676 clauv

203 2687 317 2713 diraret.
335 2687 412 2713 Eutr.

239 2722 295 2756 (18)
323 2721 479 2756 Ὲγιινάρετο
504 2722 717 2756 φνλακτήριον.
743 2721 861 2756 Positum
885 2719 992 2756 videtur

203 2754 251 2790 pro
273 2754 455 2792 ἐπεγράφετο,
480 2754 509 2792 id
521 2764 577 2786 est.
594 2754 702 2783 tulilnm
727 2757 775 2783 sibi
790 2755 894 2792 nscit-it.
910 2754 989 2792 Quod

204 2792 225 2817 si
243 2791 269 2817 id
287 2789 398 2818 verbum
418 2793 444 2817 in
465 2791 571 2824 vulgata
587 2792 787 2826 signiﬁcatione
802 2791 870 2816 sumi
892 2789 988 2826 plat'el,

203 2826 230 2853 id
247 2834 354 2861 quoque
376 2826 441 2853 ferri
467 2831 563 2859 |N)It‘>l.
587 2824 778 2852 C(instautiuns
796 2825 868 2861 enim
892 2826 917 2861 in
933 2824 988 2850 basi

207 2859 400 2893 statum-quam
429 2861 486 2888 Ron
499 2869 520 2887 α·
539 2866 596 2893 post
614 2867 717 2894 partam
736 2861 769 2887 dc
794 2859 929 2886 Maxentio
951 2860 989 2885 vi-

1034 945 1176 980 penatibns
1199 944 1395 973 exturbabant:
1418 944 1462 972 hic
1480 949 1594 972 cunctos
1616 945 1650 972 ab
1663 945 1757 972 exsilio
1774 952 1817 972 re-

1031 992 1149 1024 vocavit,
1165 996 1192 1018 et
1205 991 1351 1018 domiciliis
1360 991 1416 1018 suis
1430 991 1558 1018 restituit.
1575 989 1611 1016 llli
1629 998 1675 1017 eos
1688 991 1818 1018 notabant

1032 1037 1155 1069 infamia,
1181 1036 1225 1064 hic
1250 1036 1396 1064 honoribus
1423 1036 1507 1067 auxit,
1521 1041 1549 1063 et
1564 1035 1655 1063 felices
1673 1043 1704 1062 ac
1724 1035 1816 1063 beatos

1032 1083 1151 1110 omnium
1174 1083 1277 1117 judicio
1290 1081 1388 1109 eﬂ‘ecit.
1411 1081 1448 1108 llli
1468 1081 1513 1108 Dei
1539 1082 1673 1108 cultorum
1688 1081 1754 1108 bona
1776 1082 1817 1108 in-

1031 1128 1104 1164 juste
1127 1128 1301 1163 publicabant
1329 1135 1361 1154 ac
1380 1128 1544 1161 diripiebant
1561 1136 1568 1154 :
1583 1127 1627 1154 hic
1655 1135 1706 1154 non
1731 1126 1817 1154 solum

1033 1174 1100 1208 ipsis
1122 1175 1192 1202 bona
1215 1182 1262 1201 sua
1283 1174 1422 1206 restituit;
1438 1173 1483 1199 sed
1505 1172 1628 1206 plurimis
1650 1173 1758 1206 insuper
1772 1172 1819 1199 be-

1033 1219 1137 1246 neﬁciis
1159 1218 1272 1246 aﬁ'ectos
1285 1217 1473 1252 locupletavit.
1502 1217 1539 1244 Illi
1559 1217 1668 1252 scriptis
1687 1217 1818 1244 constitu-

1034 1265 1150 1293 tionibus
1166 1264 1317 1291 calumnias
1341 1264 1471 1290 advcrsus
1486 1263 1669 1290 Ecclesiarum
1690 1261 1819 1297 praesides

1034 1311 1226 1347 divulgabant:
1244 1311 1286 1338 hic
1301 1315 1396 1338 contra
1424 1310 1534 1337 eosdem
1552 1310 1623 1337 viros
1647 1310 1777 1338 extollens
1791 1315 1820 1338 et

1035 1359 1137 1386 hanore
1161 1357 1290 1391 alliciens,
1315 1357 1411 1384 edictis
1429 1364 1460 1383 ac
1483 1357 1588 1390 legibus
1608 1356 1762 1391 propositis,
1787 1356 1820 1383 il-

1035 1404 1179 1432 lustriores
1203 1411 1284 1438 quant
1311 1409 1390 1430 antea
1418 1403 1547 1430 reddidit.
1573 1401 1606 1429 Et
1645 1402 1681 1429 illi
1709 1402 1819 1437 quidem

1034 1450 1151 1478 oratoria
1174 1448 1294 1476 funditus
1322 1448 1498 1481 erertebant,
1528 1452 1555 1475 et
1585 1447 1618 1477 ab
1638 1447 1703 1482 ipsis
1725 1447 1820 1474 culmi-

1035 1496 1114 1523 nibus
1138 1503 1222 1529 usqne
1246 1495 1279 1521 ad
1304 1494 1390 1522 solum
1423 1493 1536 1527 disjecta
1564 1493 1724 1520 sternebant
1745 1503 1751 1520 :
1776 1493 1820 1519 hic

1035 1541 1115 1577 5,83
1131 1548 1196 1568 vero
1222 1540 1340 1567 oratoria
1365 1547 1425 1574 qua:
1440 1539 1527 1566 adhuc
1550 1544 1722 1573 superessent
1739 1538 1821 1566 altius

1038 1587 1113 1621 erigi,
1131 1591 1158 1613 et
1174 1593 1242 1613 nova
1261 1585 1405 1620 magniﬁco
1421 1584 1493 1612 culttt
1509 1584 1622 1618 prolatis
1637 1592 1670 1611 ex
1685 1584 1819 1618 imperiali

1036 1633 1133 1660 aerario
1148 1631 1301 1666 sumptibus
1311 1632 1412 1658 exstrui
1429 1631 1565 1665 praecepit.
1581 1630 1621 1657 Illi
1631 1630 1740 1657 oracula
1753 1630 1822 1657 divi-

1036 1679 1108 1705 nitus
1120 1678 1251 1711 inspirata
1263 1677 1651 1711 ﬁammisabolerijusserunt:
1670 1676 1715 1703 hic
1729 1683 1823 1703 sacro-

1037 1731 1095 1750 rutn
1121 1723 1290 1750 voluminum
1309 1721 1475 1756 exemplaria
1498 1722 1652 1756 sumptibus
1675 1719 1822 1755 imperialis

1036 1769 1123 1796 aerarii
1150 1768 1305 1804 propagari,
1324 1773 1352 1794 et
1371 1768 1516 1802 magniﬁco
1539 1771 1670 1802 apparatu
1697 1767 1819 1794 decorari

1038 1814 1184 1841 mandavit.
1201 1813 1388 1841 Jubebautilli
1411 1821 1444 1840 ue
1469 1813 1588 1847 episcopi
1615 1813 1734 1848 synodos
1758 1820 1823 1839 con-

1037 1865 1115 1892 grega
1122 1865 1150 1884 re
1163 1858 1268 1891 uspiam
1281 1858 1413 1884 auderent
1433 1865 1438 1883 :
1467 1856 1510 1883 hic
1527 1857 1670 1891 episcopos
1685 1864 1718 1883 ex
1732 1857 1822 1884 omni-

1038 1904 1088 1931 bus
1111 1902 1261 1937 provinciis
1290 1902 1323 1928 ad
1344 1908 1373 1928 se
1392 1901 1555 1934 accersivit;
1586 1909 1636 1928 nec
1656 1901 1736 1929 modo
1751 1902 1822 1929 intra

1037 1948 1165 1982 palatium
1180 1952 1207 1975 et
1220 1948 1246 1974 in
1262 1947 1387 1974 intimum
1403 1954 1488 1981 usque
1509 1946 1662 1974 cubiculum
1693 1947 1802 1973 admisit
1813 1966 1822 1979 ,

1038 1995 1083 2022 sed
1099 1994 1181 2020 etiam
1197 2001 1297 2020 mensa:
1309 1993 1430 2026 tectique
1443 1992 1591 2026 participes
1604 1999 1664 2018 esse
1678 1991 1772 2018 voluit.
1784 1992 1822 2019 llli

1038 2041 1173 2068 dremones
1187 2039 1308 2066 donariis
1322 2039 1510 2066 honorabant:
1530 2037 1574 2064 hic
1595 2045 1689 2065 eorum
1715 2036 1824 2065 fraudes

1038 2085 1155 2120 aperuit,
1170 2090 1198 2112 et
1212 2085 1354 2112 materiam
1376 2084 1460 2118 ipsam
1477 2083 1653 2110 donariorum
1670 2083 1750 2110 nullis
1768 2083 1824 2110 usi-

1038 2131 1087 2158 bus
1099 2131 1226 2163 dicatam,
1242 2130 1276 2157 iis
1286 2130 1331 2164 qui
1344 2130 1380 2156 uti
1401 2133 1526 2164 poterant
1538 2133 1669 2162 perpetuo
1683 2133 1725 2154 est
1741 2127 1824 2154 dilar—

1039 2179 1120 2212 gitns.
1138 2176 1177 2203 illi
1200 2177 1312 2204 deorutn
1329 2175 1428 2210 templa
1456 2174 1600 2208 magniﬁce
1627 2174 1719 2201 ornari
1745 2173 1824 2206 jube-

1040 2225 1105 2252 bant
1121 2233 1126 2249 :
1145 2221 1191 2250 hic'
1205 2230 1234 2249 ea
1247 2229 1306 2257 quae
1320 2221 1517 2256 superstitiosis
1528 2219 1682 2247 hominibus
1690 2218 1824 2254 praecipuo

1042 2333 1154 2359 ctoriam
1184 2332 1287 2361 erexit.
1311 2330 1390 2357 scribi
1419 2330 1509 2364 jussit,
1523 2329 1603 2362 hujus
1624 2328 1691 2363 signi
1727 2327 1828 2354 virtute

1042 2369 1136 2395 urbem
1154 2367 1264 2394 Romam
1280 2374 1294 2392 ιι
1310 2373 1338 2392 se
1355 2366 1496 2391 liberatam
1512 2364 1603 2390 fuisse.

1077 2402 1131 2437 (I9)
1153 2401 1228 2433 Vulg.
1238 2401 1302 2433 ταῖς
1315 2400 1390 2437 κατᾴ
1403 2399 1516 2433 τῶνπρ.
1527 2398 1729 2437 ἐδῃμοσίευον.
1739 2404 1828 2437 amco:

1041 2431 1186 2472 φάντῖαις.
1193 2431 1271 2462 ιῖιηιο
1280 2431 1400 2472 .{yntaxis
1409 2431 1523 2468 postulat
1532 2439 1559 2460 ut
1568 2431 1695 2472 legamus,
1703 2431 1828 2472 τᾲςκατά

1041 2467 1095 2498 τῶν
1114 2467 1259 2508 προέδρωνν
1271 2467 1651 2508 ὲδημοσίευονῌσυκοφαντίας.
1670 2467 1751 2508 l’aulo
1768 2471 1828 2508 post

1037 2501 1207 2534 scribctiduni
1230 2507 1262 2541 τῇ
1289 2501 1352 2539 παρ’
1377 2503 1458 2531 αὑτοῦ
1474 2501 1556 2539 (τιμῇ,
1580 2508 1609 2530 ιιι
1632 2503 1732 2530 habent
1748 2501 1825 2529 codd.

1041 2542 1106 2570 Fuk.
1123 2546 1150 2568 et
1168 2542 1273 2567 Savilii.

1077 2577 1133 2610 (20)
1156 2577 1182 2602 Ὀ
1198 2575 1231 2601 δὲ
1246 2575 1295 2602 καὶ
1310 2575 1403 2602 ταῦτα
1418 2574 1593 2610 πληθύνων·ἶ
1608 2573 1636 2599 ln
1655 2572 1722 2599 libro
1738 2571 1827 2610 Morari

1042 2606 1146 2644 adiecta
1165 2615 1228 2638 sunt
1244 2612 1276 2636 ad
1299 2611 1447 2644 marginem
1467 2611 1523 2635 haec
1540 2607 1633 2639 verba,
1655 2614 1715 2642 quae
1728 2613 1782 2644 nos
1799 2606 1826 2632 in

1042 2641 1109 2675 Fuk.
1121 2647 1202 2673 etiam
1221 2650 1248 2672 et
1266 2645 1348 2672 Savil.
1361 2641 1442 2671 codd.
1467 2644 1627 2676 reperimus,
1657 2641 1826 2677 μεγαλοπρε-

1043 2685 1088 2709 πεῖ
1111 2681 1270 2716 παρασκευῇ
1295 2678 1583 2713 πολυπλασιαξόμενα’
1606 2677 1829 2716 qttanuscriptu-

1046 2726 1100 2744 mm
1119 2711 1385 2749 in'inlerpretatimte
1399 2722 1445 2741 sua
1463 2711 1571 2740 secutus
1582 2711 1623 2739 est
1640 2711 1830 2749 Cltristophor-

1044 2760 1139 2779 sonus.
1153 2745 1239 2778 Certe'
1250 2750 1443 2777 Constantinus
1461 2749 1542 2775 libros
1566 2755 1658 2785 sacros
1672 2748 1717 2781 qui
1730 2745 1829 2785 cccle-

1044 2787 1162 2814 siasticis
1189 2787 1282 2812 usibus
1309 2785 1508 2816 inserviebam,
1532 2780 1701 2818 gem-uisae
1730 2780 1828 2818 lapillis

1043 2823 1167 2851 ornavit.
1194 2827 1222 2848 ut
1246 2821 1324 2846 docet
1350 2819 1489 2847 Cedreuus
1515 2816 1543 2845 in
1562 2817 1702 2850 Chronico,
1726 2816 1771 2844 ubi
1797 2817 1829 2842 de

1046 2857 1197 2884 Metrodoro
1213 2854 1382 2890 philosopho.
