2000 3167
193 165 262 192 “2‘57

459 224 657 251 ΚΕΦΑΛΑῘΟΝ
672 225 708 250 Γ’.

189 269 259 303 Equi
270 269 387 305 εἰκόνος
404 269 508 305 αὐτοῦ,
523 270 558 296 ἐν
602 270 773 304 {iaspede/ro
788 271 846 305 μὲν
859 272 875 297 ό
888 279 978 297 σταυ-

307 304 374 338 ρὸς,
390 304 544 338 πέπληκτο
557 304 591 331 δὲ
604 305 682 331 κάτω
697 307 714 332 ό
728 304 853 339 δράκων.

230 350 259 377 ’Θ
272 350 320 385 μὲν
347 349 378 385 δὴ
394 350 441 377 καὶ
457 350 486 376 ὲν
506 350 614 385 γραφῆς
633 350 790 386 ὑψηλοτάτῳ
816 351 909 377 πίνακι
926 351 978 386 πρὸ

188 396 242 422 τῶν
258 395 403 431 βασιλικῶν
426 395 568 431 προθύρων
588 396 768 431 ἀνακειμένῳ,
791 398 847 428 τοῖς
869 397 977 424 πάντων

187 442 336 478 ὀφθαλμοῖς
349 443 462 478 ὁρᾶσθαι
477 443 626 478 προύτίθει,
637 443 668 469 τὸ
681 442 730 478 μὲν
751 443 884 478 σωτήριον
899 443 978 479 ὑπερ-

188 488 314 522 κείμενον
329 488 378 522 τῆς
388 487 469 514 αὐτοῦ
483 486 605 522 κεφαλῆς
619 488 651 523 τῇ
663 489 754 523 γραφῇ
769 488 916 524 παραδοὺς,
932 489 977 515 τὸν

186 533 214 571 δὲ
226 532 321 568 ἐχθρὸν
335 532 381 559 καὶ
398 532 525 568 πολέμιον
540 532 621 568 θῆρα,
630 533 674 559 τὸν
687 533 736 568 τὴν
758 533 919 570 Ἐκκλησίαν
928 534 975 561 τοῦ

188 578 255 604 Θεοῦ
270 578 313 605 διὰ
329 578 378 614 τῆς
394 578 447 605 τῶν
466 578 554 605 ἀθέων
573 578 789 614 πολιορκήσαντα
809 579 974 615 τυραννίδος,

187 625 258 651 κατὰ
272 624 352 660 βυθοῦ
371 625 520 660 φερόμενον
538 625 653 660 ποιήσας
666 626 695 652 ἐν
710 625 854 661 δράκοντος
873 628 973 662 μορφῇ.

187 671 328 707 Δράκοντα
346 671 400 706 γὰρ
419 671 499 697 αὑτὸν
514 672 561 697 καὶ
582 671 687 697 σκολιὸν
706 671 768 706 ὅφιν
782 672 811 697 ἐν
828 672 975 708 προφητῶν

186 716 254 743 Θεοῦ
274 716 374 752 βίϐλοις
391 717 539 752 ἀνηγόρευε
559 716 592 743 τὰ
608 717 693 751 λόγια.
715 717 759 744 me
779 717 826 744 καὶ
849 717 975 752 βασιλεὺς

190 762 239 789 ξιτεδ
257 763 313 794 τοῖς
327 762 408 790 αὑτοῦ
421 763 468 788 καὶ
479 762 532 788 τῶν
549 763 632 789 αὑτοῦ
649 763 723 794 ποσὶ,
741 763 812 798 βέλει
831 764 974 800 πεπαρμέ-

189 818 230 836 δον
243 809 313 836 κατὰ
324 810 406 845 μέσου
418 809 464 836 τοῦ
477 809 584 841 κύτους,
597 809 686 844 βυθοῖς
700 818 728 836 τε
740 809 877 846 θαλάσσης
893 811 975 846 ἀπερ-

187 855 329 891 ριμμένον,
353 855 397 882 διὰ
420 855 468 890 τῆς
495 855 644 891 κηροχύτου
666 856 775 892 γραφῆς
793 856 896 884 ἐδείκνυ
917 859 973 889 τοῖς

726 164 769 190 DE
790 164 867 192 ὶΊΤᾹ
885 163 1116 193 (ΖΟΝΞΤΔΝἸΙΝΙ
1136 165 1190 193 LIB
1222 165 1265 193 Ili.

996 231 1016 256 Α

1748 169 1816 196 ωδε

1340 226 1452 253 CAPUT
1467 226 1510 254 lii.

1031 272 1068 299 De
1086 272 1198 308 imagine
1208 271 1386 305 Constantini,
1400 273 1442 298 cui
1456 280 1520 299 crum
1531 272 1635 305 quidem
1649 273 1815 307 utperposita

1239 311 1304 337 erat,
1321 308 1390 340 infra
1410 313 1496 334 autem
1510 307 1601 334 draco.

1066 353 1135 387 Quin
1148 354 1229 380 etiam
1243 353 1270 379 in
1284 352 1392 379 sublimi
1408 354 1523 387 quadam
1541 353 1635 396 tabula
1648 358 1711 380 ante
1731 353 1813 380 vesti-

1030 400 1121 426 bulum
1137 398 1230 434 palatii
1248 399 1347 433 posita,
1375 398 1480 425 cunctis
1507 398 1685 433 spectandum
1716 405 1814 433 propo-

1029 447 1093 477 suit,
1110 445 1229 472 salutare
1249 445 1358 479 quidem
1386 444 1492 478 signum
1516 444 1597 479 capiti
1615 452 1664 471 suo
1681 451 1813 479 superpo-

1029 491 1109 517 situm
1127 499 1134 516 :
1161 489 1232 516 inira
1251 496 1317 516 vero
1334 489 1441 516 hostem
1460 487 1534 515 illum
1557 493 1586 515 et
1611 488 1749 516 inimicum
1766 496 1813 523 ge-

1030 535 1102 563 neris
1126 535 1259 566 humani,
1289 534 1334 568 qui
1365 533 1508 568 impiorum
1537 540 1712 568 tyrannorum
1731 542 1812 569 opera

1028 580 1177 609 Ecclesiam
1195 580 1242 607 Dei
1254 585 1470 615 oppugnaverat,
1484 580 1534 607 sub
1549 580 1676 608 draconis
1687 580 1774 608 forma
1785 581 1811 607 in

1028 633 1147 661 prmreps
1162 631 1296 653 ruentem.
1308 625 1411 660 Quippe
1424 625 1513 651 divina
1527 625 1637 652 oracula
1653 626 1679 653 in
1697 627 1813 662 prophe-

1029 676 1116 698 tarum
1129 672 1217 704 libris,
1234 672 1378 698 draconem
1395 671 1468 698 illmn
1482 675 1509 698 et
1532 672 1670 699 sinuosum
1697 680 1810 707 serpen-

1029 723 1082 744 tem
1101 718 1279 752 appellarunt.
1303 718 1405 744 Idcirco
1425 718 1573 752 imperator
1588 718 1734 745 draconem
1751 718 1812 745 telis

1027 771 1075 797 per
1085 763 1201 790 medium
1215 769 1336 790 ventrem
1354 764 1500 796 conﬁxum,
1515 767 1542 789 et
1553 763 1579 790 in
1595 762 1744 797 profundos
1755 771 1812 790 ma-

1028 809 1065 836 ris
1081 809 1202 844 gurgites
1218 808 1380 843 projectum,
1394 809 1444 836 sub
1457 809 1515 836 suis
1530 816 1696 844 suorumque
1712 809 1812 837 libero--

1027 862 1086 881 rum
1107 855 1219 890 pedibus
1240 863 1303 882 cera
1332 855 1393 890 igne
1413 854 1537 882 resoluta
1552 854 1660 889 depingi
1681 856 1811 890 proporti-

186 902 253 928 πᾶσι
264 902 309 928 τὸν
321 902 464 937 δράκοντα,
476 899 527 929 ὧδέ
536 911 573 938 πη
585 902 630 929 τὸν
641 903 732 938 ἀφανῆ
743 903 789 930 τοῦ
801 903 854 930 τῶν
867 903 971 939 ἀνθρώ-

1025 908 1076 935 que
1090 901 1215 928 omnibus
1230 901 1331 934 mittit,
1356 901 1407 928 hoc
1423 901 1550 929 videlicet
1568 901 1648 928 modo
1661 901 1809 936 designans

186 955 244 973 πων
261 947 355 981 γένους
376 946 503 982 πολέμιον
523 947 716 983 αἰνιττόμενος,
744 948 773 975 ὃν
794 949 841 976 καὶ
862 949 973 984 δυνάμει

184 993 232 1020 τοῦ
250 993 319 1028 ὑπὲρ
338 993 459 1029 κεφαλῆς
474 993 653 1028 ἀνακειμένου
677 995 811 1031 σωτηρίου
832 995 972 1030 τροπαίου,

184 1039 258 1066 κατά
281 1039 369 1074 βυθῶν
386 1038 523 1071 ἀπωλείας
547 1040 734 1076 κεχωρηκέναι
758 1041 862 1076 ἐδήλου.
895 1041 974 1068 Ἀλλὰ

182 1084 270 1111 ταῦτα
285 1085 333 1120 μὲν
346 1084 421 1111 ἄνθει
436 1085 587 1120 χρωμάτων
601 1086 720 1121 ᾐνίττετο
732 1086 774 1113 διὰ
788 1087 838 1122 τῆς
852 1087 955 1119 εἰκόνος
964 1096 971 1103 θ

184 1130 236 1166 ἐμὲ
258 1130 287 1157 δὲ
313 1130 405 1166 θαῦμα
425 1130 476 1165 τῆς
496 1130 543 1157 τοῦ
568 1131 701 1166 βασιλέως
723 1133 832 1167 κατεῖχε
855 1132 972 1167 μεγαλο-

186 1176 270 1209 νοίας,
285 1176 323 1207 ὼς
336 1176 483 1212 ἐμπνεύσει
495 1177 554 1212 θείᾳ
566 1176 651 1204 ταῦτα
664 1177 800 1209 διετύπου,
813 1178 831 1205 ἃ
842 1177 874 1213 δὴ
886 1178 972 1213 φωναὶ

184 1221 332 1257 προφητῶν
342 1218 394 1248 ὧδέ
413 1230 465 1248 που
478 1221 541 1257 περὶ
554 1221 630 1248 τοῦδε
646 1221 693 1248 τοῦ
708 1222 789 1258 θηρὸς
804 1222 897 1254 ἐϐόων,
923 1223 973 1250 ἐπ-

183 1267 257 1300 άξειν
285 1267 330 1294 τδν
345 1267 421 1301 Θεὸν,
441 1268 579 1302 λέγουσαι,
598 1267 648 1304 τὴν
671 1268 808 1304 μάχαιραν
823 1268 871 1304 τὴν
887 1268 972 1304 μεγά-

183 1312 233 1348 λην
247 1313 294 1339 καὶ
306 1312 433 1349 φοϐερὰν,
446 1313 492 1339 ἐπὶ
504 1313 549 1339 τὸν
562 1313 695 1349 δράκοντα
714 1314 760 1340 τὸν
772 1313 833 1348 ὅφιν
849 1313 894 1341 τὸν
908 1314 972 1349 φεύ-

183 1367 275 1393 γοντα,
292 1358 339 1385 καὶ
350 1358 453 1385 ἀνελεῖν
469 1359 514 1386 τὸν
527 1359 660 1395 δράκοντα
677 1359 723 1386 τὸν
745 1360 774 1386 ὲν
786 1360 819 1395 τῇ
840 1359 969 1396 θαλάσσῃ.

183 1404 297 1436 Εἰκόνας
313 1404 344 1441 δὴ
363 1404 466 1431 τούτων
481 1404 606 1432 διετύπου
623 1404 760 1440 βασιλεὺς,
773 1405 882 1441 ἀληθῶς
899 1406 969 1433 ἐντι-

185 1449 241 1481 ίιεὶς
256 1450 402 1485 μιμήματα
417 1451 450 1485 τῇ
466 1449 645 1486 σκιαγραφίᾳ.

451 1585 648 1612 ΚΕΦΔΛΔΙΟΝ
661 1586 697 1611 A'.

184 1631 245 1658 Ἔτι
258 1631 394 1665 περὶτῶν
406 1631 454 1658 διὰ
475 1632 588 1666 Ἄρειον
598 1631 632 1658 ἐν
642 1632 780 1666 Αἰγύπτῳ
789 1630 968 1665 ζητημάτων.

217 1677 310 1704 Ταῦτα
328 1676 377 1712 μὲν
400 1674 446 1704 οὖν
460 1677 534 1712 αὑτῷ
553 1677 729 1712 καταθυμίως
743 1676 923 1703 συνετελεῖτο·
936 1676 971 1703 τὰ

182 1723 210 1750 δέ
225 1732 256 1758 γε
271 1723 320 1758 τῆς
329 1722 375 1749 τοῦ
390 1722 486 1757 φθόνου
500 1722 658 1758 βασκανίας,
673 1721 767 1753 δεινῶς
778 1722 826 1754 τὰς
837 1721 907 1748 κατά
921 1722 970 1758 τὴν

188 1768 390 1804 Ἀλεξάώρειαν
412 1769 572 1805 Ἐκκλησίας
586 1769 632 1796 τοῦ
649 1768 716 1795 Θεοῦ
740 1768 969 1804 συνταράττοντα,

182 1816 230 1842 καὶ
245 1815 275 1841 τὺ
294 1814 419 1850 Θηϐαίων
440 1823 470 1841 τε
487 1815 534 1841 καὶ
551 1814 707 1848 Αἰγυπτίων
726 1813 904 1848 σχισματικὸν
919 1821 970 1839 κα-

182 1862 229 1888 δών
250 1861 315 1896 (27),
331 1861 360 1888 οὐ
376 1861 499 1902 σερικρῶς
514 1860 595 1887 αὑτὸν
608 1860 700 1892 ἐκίνει,
723 1858 970 1895 προσρηγνυμένων

181 1905 242 1933 καθ’
259 1906 376 1941 ἑκάστην
390 1906 466 1932 πόλιν
479 1905 635 1932 ἐπισκόπων
650 1905 818 1936 ἐπισκόποις,
832 1904 924 1940 δήμων
940 1912 970 1930 τε

179 1954 276 1988 δήμοις
287 1953 520 1988 ἐπανισταμένων,
544 1953 591 1979 καὶ
607 1952 746 1988 μονονουχὶ
767 1951 971 1987 Συμπληγάδων

181 1999 237 2034 (‘28)
252 1999 475 2026 κατακοπτόντων
493 1998 633 2034 ἀλλήλους,
655 1998 718 2025 ὥστ’
732 1998 782 2034 ἢδη
800 1997 904 2034 φρενῶν
924 1998 970 2024 ὲκ-

183 2045 277 2072 στάσει
295 2045 358 2076 τοὺς
376 2045 604 2080 ἀπεγνωσμένους
626 2045 742 2076 ἀνοσίοις
758 2045 903 2079 ἐγχειρεῖν,
924 2042 970 2070 καὶ

181 2091 242 2123 ταῖς
266 2090 397 2126 βασιλέως
418 2090 521 2126 τολμᾷν
543 2089 694 2126 ἐνυϐρίζειν
720 2090 839 2117 εἰκόσιν·
862 2090 892 2116 οὐ
918 2089 970 2125 μὴν

181 2136 246 2163 ὥστ’
262 2137 301 2168 είς
318 2137 404 2172 ὀργὴν
417 2135 534 2172 ἐγείρειν
548 2135 594 2162 τὸν
613 2135 725 2171 βασιλέα
743 2135 852 2171 μᾶλλον,
867 2136 883 2171 ἢ
903 2136 971 2171 πρὸς

182 2182 262 2208 πόνον
282 2182 381 2217 ψυχῆς,
404 2181 609 2217 ὑπεραλγοῦντα
634 2181 685 2216 τῆς
705 2181 758 2208 τῶν
781 2180 970 2216 φρενοϐλαϐὦν

178 2226 319 2259 ἀπονοίας.

451 2314 648 2341 ΚΕΦΑΛΔΙΟΝ
662 2314 699 2340 E’.

304 2361 373 2395 Περὶ
387 2359 440 2395 τῆς
450 2360 499 2388 διὰ
515 2360 547 2387 τὸ
558 2360 665 2395 Πάσχα
676 2360 828 2395 διχονοίας

215 2408 379 2444 Προῦπῆρχε
399 2407 420 2433 δ’
435 2407 490 2442 ἄρα
511 2407 558 2433 καὶ
574 2406 641 2441 ἄλλη
661 2415 704 2438 τις
725 2405 826 2432 τούτων
849 2405 967 2442 προτέρα

180 2454 258 2484 νόσος
282 2452 476 2489 ἀργαλεωτάτη
500 2452 532 2477 ἐκ
554 2450 660 2487 μακροῦ
682 2450 852 2485 διενοχλοῦσα
866 2450 931 2485 (29).
949 2451 965 2484 ὴ

180 2498 230 2534 τῆς
246 2497 377 2533 σωτηρίου
389 2497 485 2533 ἑορτῆς
496 2497 643 2531 διαφωνία·
656 2495 710 2522 τῶν
724 2495 772 2530 μὲν
785 2495 897 2521 ἕπεσθαι
913 2495 967 2521 δεῖν

183 2545 215 2578 τῇ
232 2543 364 2569 Ἰουδαίων
380 2543 506 2578 συνηθείᾳ
520 2543 686 2577 φασκόντων,
700 2541 753 2567 τῶν
768 2541 806 2572 δέ,
821 2540 967 2576 προσήκειν

184 2589 235 2624 τὴν
248 2589 347 2624 ἀκριϐῆ
371 2588 417 2614 τοῦ
434 2588 530 2623 καιροῦ
553 2587 771 2624 παραφυλάττειν
791 2586 876 2622 ὥραν,
901 2586 966 2621 μηδὲ

217 2721 274 2756 (27)
289 2719 343 2748 Kal
357 2720 389 2746 τὸ
406 2720 538 2756 Θηϐαιων
552 2720 644 2756 τεκαὶ
657 2719 965 2756 Αίγυπτίωνλσχισμα-

183 2754 269 2784 τικὸκ
294 2755 396 2782 κακόν.
432 2754 556 2782 Schisma
588 2754 793 2782 Meletianorum
826 2754 962 2788 intelligit.

183 2791 401 2828 .IEgyptuscnim
417 2794 480 2828 tunc
498 2790 625 2828 temporis
647 2790 859 2828 du_pl_ici__morbo
883 2788 957 2816 labo-

184 2824 272 2858 non,
286 2826 383 2853 Ariana
403 2824 508 2852 scilicet
521 2824 615 2851 haeresi
630 2830 656 2851 et
667 2825 762 2851 Meletii
778 2824 932 2852 schismate.

217 2857 274 2898 (‘28)
290 2860 376 2897 Vulg.,
389 2857 598 2895 Συμπληγάσι.
615 2859 703 2887 Codex
716 2859 782 2887 Fuit.
799 2859 878 2886 habet
889 2858 957 2893 Συμ-

981 1567 1002 1595 C

984 2234 1006 2261 D

1025 946 1161 974 occultum
1180 947 1290 974 humani
1309 948 1419 982 generis
1433 948 1553 980 hostem,
1580 955 1660 982 quem
1682 948 1811 975 salutaris

1026 991 1097 1019 illius
1112 992 1204 1026 tropaei
1222 994 1293 1026 qtmd
1310 993 1391 1027 capiti
1407 993 1492 1028 ipsius
1512 993 1714 1028 superpositum
1738 997 1809 1026 erat,

1024 1038 1049 1065 vi
1070 1045 1101 1065 ac
1115 1039 1234 1072 potentia
1258 1039 1285 1066 in
1311 1039 1386 1066 exitii
1416 1040 1574 1066 barathrum
1593 1039 1732 1066 detrusum
1747 1046 1809 1066 esse

1024 1083 1207 1117 signiﬁcabat.
1221 1084 1310 1118 Atque
1329 1084 1380 1111 hoc
1395 1082 1505 1118 quidem
1529 1084 1617 1119 imago
1634 1083 1716 1111 variis
1733 1084 1809 1111 colo-

1025 1128 1099 1155 ribus
1116 1128 1231 1163 depicta,
1258 1130 1338 1157 tacite
1360 1129 1508 1158 indicabat.
1523 1129 1587 1156 Mihi
1600 1137 1665 1156 vero
1680 1130 1806 1156 eximiam

1024 1175 1196 1209 impe'nloris
1211 1175 1415 1210 intelligentiam
1442 1176 1536 1203 mirari
1548 1176 1630 1209 subit,
1655 1176 1701 1211 qui
1715 1176 1808 1204 divino

1023 1220 1140 1254 quodam
1155 1220 1247 1247 aﬂlatu
1274 1221 1416 1256 impulsus,
1431 1228 1462 1248 ea
1472 1218 1619 1256 pingendo
1649 1222 1784 1256 expressit
1798 1241 1807 1254 ,

1022 1273 1082 1299 qua:
1096 1266 1290 1300 prophetarum
1303 1267 1415 1295 roribus
1428 1267 1460 1295 de
1470 1267 1552 1303 485
1565 1267 1649 1296 bestia
1661 1268 1706 1295 illa
1722 1268 1808 1295 multo

1022 1315 1084 1338 ante
1100 1311 1229 1345 praedicta
1256 1311 1385 1340 fuerant:
1415 1314 1496 1341 Deum
1512 1314 1617 1341 scilicet
1641 1315 1804 1342 tnachzeram

1023 1355 1158 1390 ingentem
1176 1362 1204 1383 et
1222 1357 1369 1384 terribilem
1387 1359 1547 1386 adacturqu
1572 1366 1632 1387 esse
1658 1360 1684 1386 in
1711 1361 1807 1387 draco-

1023 1409 1082 1429 nem
1107 1407 1316 1437 serpentemque
1341 1402 1486 1438 fugientem
1500 1423 1508 1436 ,
1535 1409 1561 1432 et
1575 1405 1729 1432 occisurunt
1745 1411 1806 1432 esse

1022 1447 1169 1474 draconem
1193 1448 1296 1482 quiest
1317 1449 1343 1475 in
1372 1449 1452 1477 mari.
1475 1449 1575 1477 ilorum
1593 1451 1676 1485 igitur
1692 1451 1804 1486 ﬁguram

1023 1494 1158 1528 expressit
1185 1494 1355 1529 imperator,
1377 1503 1433 1522 rem
1462 1495 1547 1530 ipsam
1571 1496 1676 1531 pictura
1694 1504 1805 1532 prorsus

1022 1539 1151 1566 imitalus.

1320 1585 1436 1613 CAPUT
1456 1585 1502 1614 iV.

1022 1629 1124 1657 Rursus
1141 1631 1173 1658 tle
1184 1631 1366 1658 controversiis
1376 1631 1403 1658 in
1415 1631 1531 1667 [Egypta
1548 1633 1670 1660 excitatis
1685 1633 1716 1660 ab
1729 1634 1794 1660 Ario

1057 1677 1090 1703 Et
1104 1678 1161 1704 haec
1171 1678 1279 1712 quidem
1292 1677 1336 1704 ille
1353 1677 1445 1704 libenti
1463 1678 1554 1705 animo
1571 1679 1739 1714 perﬁciebat.
1752 1680 1803 1707 Ve«

1021 1730 1081 1749 rum
1098 1722 1167 1750 livor
1179 1723 1286 1750 invidia:
1304 1723 1350 1757 qui
1364 1723 1495 1750 ecclesias
1510 1723 1557 1750 Dei
1574 1724 1599 1750 in
1609 1724 1676 1751 urbe
1686 1723 1803 1751 Alexan-

1021 1768 1079 1795 dria
1102 1769 1244 1796 etiamtum
1264 1769 1455 1801 conturbabat,
1481 1774 1508 1797 et
1524 1769 1701 1797 Thebalorum
1724 1775 1806 1804 atquo

1020 1811 1211 1847 IEgypliorum
1239 1812 1370 1847 pestilens
1398 1814 1530 1847 schisma,
1549 1821 1602 1841 non
1630 1814 1801 1843 mediocriter

1021 1859 1140 1885 animum
1154 1858 1239 1893 ipsius
1253 1859 1389 1893 angebant
1402 1869 1410 1886 :
1432 1859 1532 1894 quippe
1547 1867 1609 1886 cum
1625 1867 1674 1894 per
1685 1861 1805 1896 singulas

1022 1905 1103 1931 urbes
1120 1903 1238 1938 episcopi
1255 1904 1386 1931 adversus
1401 1904 1545 1938 episcopos
1559 1905 1779 1933 conﬂictarentur
1795 1915 1802 1937 ς

1021 1954 1048 1976 et
1059 1949 1149 1984 populi
1165 1949 1295 1976 adversus
1312 1949 1426 1983 populos
1444 1949 1638 1984 insurgerent,
1652 1958 1684 1978 ac
1702 1952 1804 1978 mutuis

1022 2003 1052 2022 se
1066 1995 1221 2022 vulneribus
1238 1995 1324 2022 instar
1339 1994 1546 2030 Symplegadum
1563 1995 1650 2023 collisi
1678 1997 1806 2024 concide-

1023 2044 1082 2067 rent
1092 2059 1100 2071 ,
1114 2040 1182 2067 adeo
1193 2043 1223 2066 ut
1238 2039 1331 2067 furore
1346 2040 1453 2066 tandem
1472 2047 1504 2066 ac
1524 2040 1714 2075 desperatione
1727 2043 1779 2068 acti
1794 2061 1802 2074 ,

1021 2086 1102 2120 impia
1113 2086 1234 2120 quaedam
1244 2086 1398 2118 admittere,
1413 2086 1539 2120 ipsasque
1550 2086 1722 2121 imperatoris
1736 2087 1804 2114 ima-

1021 2131 1097 2166 gines
1113 2131 1214 2158 violare
1229 2131 1286 2158 ausi
1300 2131 1363 2158 sint.
1379 2130 1478 2158 Verum
1496 2132 1552 2159 haec
1568 2140 1621 2159 non
1635 2137 1688 2159 tam
1705 2133 1738 2159 ad
1751 2133 1803 2160 ira-

1022 2177 1148 2204 cundiam
1162 2177 1311 2211 principem
1329 2177 1463 2210 excitare,
1489 2185 1570 2211 quam
1589 2177 1717 2205 maestitia
1743 2178 1802 2204 ani-

1023 2230 1094 2248 mum
1108 2222 1167 2257 ejus
1182 2221 1289 2250 allicere
1306 2227 1472 2257 potuerunt;
1488 2222 1587 2258 quippe
1612 2223 1658 2257 qui
1678 2223 1802 2258 perdito-

1021 2275 1078 2294 rum
1093 2268 1229 2295 hominum
1246 2268 1394 2295 amentiam
1411 2275 1574 2303 magnopere
1586 2268 1749 2302 deploraret.

1331 2313 1445 2341 CAPUT
1466 2313 1498 2340 ν.

1160 2359 1197 2385 De
1210 2359 1373 2386 dissensione
1391 2358 1422 2385 ob
1436 2358 1530 2390 festum
1542 2357 1663 2386 Pascitur.

1056 2404 1131 2432 Alius
1146 2411 1252 2438 quoque
1265 2404 1307 2430 Itis
1319 2403 1456 2437 antiquior
1471 2403 1583 2430 suberat
1598 2404 1707 2431 morbus
1723 2403 1802 2439 longe

1020 2450 1205 2485 gravissimus,
1222 2449 1267 2483 qui
1279 2449 1415 2476 Ecclesias
1442 2448 1606 2484 jampridem
1632 2448 1801 2481 infestabat;

1022 2495 1154 2522 dissensio
1167 2494 1275 2521 scilicet
1290 2495 1323 2521 de
1336 2494 1448 2521 salutari
1465 2494 1545 2522 festo.
1563 2494 1667 2528 Quippe
1684 2493 1727 2520 alii
1741 2501 1804 2520 con—

1021 2540 1190 2568 suetudinem
1210 2539 1363 2567 Iudaeorum
1389 2540 1464 2574 sequi
1481 2544 1606 2574 oportere
1621 2539 1778 2566 asserebant
1793 2548 1800 2566 :

1020 2586 1064 2613 alii
1081 2591 1184 2619 tempus
1201 2585 1287 2619 ipsum
1303 2589 1431 2612 accurate
1455 2585 1654 2612 observandum
1669 2592 1730 2611 esse
1746 2585 1802 2610 aie-

1020 2718 1174 2753 πληγάδων,
1188 2718 1321 2752 quomodo
1338 2717 1420 2745 etiam
1438 2716 1581 2745 Turnebus
1604 2718 1637 2745 ad
1659 2725 1733 2745 oram
1759 2718 1801 2745 sui

1020 2755 1123 2780 codicis
1140 2755 1306 2780 emcndarat.

1050 2789 1105 2822 ('29)
1140 2788 1186 2814 Ἐκ
1208 2787 1326 2822 μακροῦ
1359 2787 1569 2822 διενοχλοῦσα.
1603 2787 1713 2815 Rectius
1740 2794 1800 2815 meo

1013 2824 1122 2884 (tandem
1166 2824 1271 2858 judlCIO
1306 2823 1441 2859 legeretur
1467 2823 1499 2850 ἐκ
1533 2822 1640 2858 μακροῦ
1671 2822 1703 2858 δὴ
1738 2823 1799 2850 ἐνο-

1013 2867 1027 2884 Ὶ
1046 2866 1123 2884 ουσα.

1012 2866 1123 2893 χΑουσα.
