  <div class='ocr_page' id='page_1' title='image "/cluster/home/n/w/nwhite01/storage/ocr_20150623/20/njp.32101077772471/555.png"; bbox 0 0 2000 3167; ppageno 0'>
   <div class='ocr_carea' id='block_1_1' title="bbox 219 161 288 189">
    <p class='ocr_par' dir='ltr' id='par_1_1' title="bbox 219 161 288 189">
     <span class='ocr_line' id='line_1_1' title="bbox 219 161 288 189; baseline 0.014 -1"><span class='ocrx_word' id='word_1_1' title='bbox 219 161 288 189; x_wconf 76' lang='lat' dir='ltr'><strong>I053</strong></span> 
     </span>
    </p>
   </div>
   <div class='ocr_carea' id='block_1_2' title="bbox 593 155 1494 186">
    <p class='ocr_par' dir='ltr' id='par_1_2' title="bbox 593 155 1494 186">
     <span class='ocr_line' id='line_1_2' title="bbox 593 155 1494 186; baseline -0.001 -1"><span class='ocrx_word' id='word_1_2' title='bbox 593 157 727 186; x_wconf 83' lang='lat' dir='ltr'><strong>EUSEBII</strong></span> <span class='ocrx_word' id='word_1_3' title='bbox 747 155 985 184; x_wconf 75' lang='lat' dir='ltr'><strong>C/ESARIENSIS</strong></span> <span class='ocrx_word' id='word_1_4' title='bbox 1004 156 1078 183; x_wconf 80' lang='lat' dir='ltr'><strong>OPP.</strong></span> <span class='ocrx_word' id='word_1_5' title='bbox 1100 155 1190 183; x_wconf 82' lang='lat' dir='ltr'><strong>PARS</strong></span> <span class='ocrx_word' id='word_1_6' title='bbox 1209 155 1228 184; x_wconf 96' lang='lat' dir='ltr'><strong>I.</strong></span> <span class='ocrx_word' id='word_1_7' title='bbox 1248 170 1281 175; x_wconf 88' lang='lat'><strong>——</strong></span> <span class='ocrx_word' id='word_1_8' title='bbox 1300 155 1494 184; x_wconf 79' lang='lat' dir='ltr'><strong>HISTORICA.</strong></span> 
     </span>
    </p>
   </div>
   <div class='ocr_carea' id='block_1_3' title="bbox 1777 159 1846 186">
    <p class='ocr_par' dir='ltr' id='par_1_3' title="bbox 1777 159 1846 186">
     <span class='ocr_line' id='line_1_3' title="bbox 1777 159 1846 186; baseline 0 0"><span class='ocrx_word' id='word_1_9' title='bbox 1777 159 1846 186; x_wconf 71' lang='grc'><strong>1061)</strong></span> 
     </span>
    </p>
   </div>
   <div class='ocr_carea' id='block_1_4' title="bbox 218 212 991 252">
    <p class='ocr_par' dir='ltr' id='par_1_4' title="bbox 218 214 991 252">
     <span class='ocr_line' id='line_1_4' title="bbox 218 214 991 252; baseline -0.009 -5"><span class='ocrx_word' id='word_1_10' title='bbox 218 221 294 252; x_wconf 90' lang='lat' dir='ltr'><strong>bant,</strong></span> <span class='ocrx_word' id='word_1_11' title='bbox 313 225 364 245; x_wconf 89' lang='lat' dir='ltr'><strong>nec</strong></span> <span class='ocrx_word' id='word_1_12' title='bbox 378 216 532 244; x_wconf 81' lang='lat' dir='ltr'><strong>errantibus</strong></span> <span class='ocrx_word' id='word_1_13' title='bbox 545 215 758 245; x_wconf 82' lang='lat' dir='ltr'><strong>assentiendum,</strong></span> <span class='ocrx_word' id='word_1_14' title='bbox 776 214 821 247; x_wconf 90' lang='lat' dir='ltr'><strong>qui</strong></span> <span class='ocrx_word' id='word_1_15' title='bbox 839 214 872 241; x_wconf 87' lang='lat' dir='ltr'><strong>ab</strong></span> <span class='ocrx_word' id='word_1_16' title='bbox 885 221 991 247; x_wconf 76' lang='lat' dir='ltr'><strong>evangc</strong></span> 
     </span>
    </p>
   </div>
   <div class='ocr_carea' id='block_1_5' title="bbox 1046 212 1844 252">
    <p class='ocr_par' dir='ltr' id='par_1_5' title="bbox 1053 212 1844 252">
     <span class='ocr_line' id='line_1_5' title="bbox 1053 212 1844 252; baseline 0.006 -14"><span class='ocrx_word' id='word_1_17' title='bbox 1053 212 1239 248; x_wconf 81' lang='grc' dir='ltr'><strong>πλανωμένοις</strong></span> <span class='ocrx_word' id='word_1_18' title='bbox 1256 213 1370 241; x_wconf 73' lang='grc' dir='ltr'>ἔπεσθαι</span> <span class='ocrx_word' id='word_1_19' title='bbox 1380 216 1436 246; x_wconf 85' lang='grc' dir='ltr'>τοῖς</span> <span class='ocrx_word' id='word_1_20' title='bbox 1447 215 1495 249; x_wconf 81' lang='grc' dir='ltr'><strong>τῆς</strong></span> <span class='ocrx_word' id='word_1_21' title='bbox 1508 215 1572 249; x_wconf 74' lang='grc' dir='ltr'>εὺαγ</span> <span class='ocrx_word' id='word_1_22' title='bbox 1581 215 1686 251; x_wconf 64' lang='grc' dir='ltr'>(ελικῆς</span> <span class='ocrx_word' id='word_1_23' title='bbox 1695 215 1844 252; x_wconf 78' lang='grc' dir='ltr'><strong>ἀλλοτρίοις</strong></span> 
     </span>
    </p>
   </div>
   <div class='ocr_carea' id='block_1_6' title="bbox 217 258 1002 299">
    <p class='ocr_par' dir='ltr' id='par_1_6' title="bbox 217 258 1002 299">
     <span class='ocr_line' id='line_1_6' title="bbox 217 258 1002 299; baseline -0.01 -7"><span class='ocrx_word' id='word_1_24' title='bbox 217 266 268 292; x_wconf 90' lang='lat' dir='ltr'><strong>lica</strong></span> <span class='ocrx_word' id='word_1_25' title='bbox 284 263 371 299; x_wconf 75' lang='lat' dir='ltr'><strong>gratia</strong></span> <span class='ocrx_word' id='word_1_26' title='bbox 387 262 439 289; x_wconf 81' lang='lat' dir='ltr'><strong>hac</strong></span> <span class='ocrx_word' id='word_1_27' title='bbox 458 261 540 288; x_wconf 88' lang='lat' dir='ltr'><strong>etiam</strong></span> <span class='ocrx_word' id='word_1_28' title='bbox 555 261 581 287; x_wconf 93' lang='lat' dir='ltr'><strong>in</strong></span> <span class='ocrx_word' id='word_1_29' title='bbox 598 265 675 294; x_wconf 85' lang='lat' dir='ltr'><strong>parte</strong></span> <span class='ocrx_word' id='word_1_30' title='bbox 689 259 769 286; x_wconf 86' lang='lat' dir='ltr'><strong>alieni</strong></span> <span class='ocrx_word' id='word_1_31' title='bbox 790 263 891 285; x_wconf 88' lang='lat' dir='ltr'><strong>essent.</strong></span> <span class='ocrx_word' id='word_1_32' title='bbox 909 258 1002 292; x_wconf 87' lang='lat' dir='ltr'><strong>Itaque</strong></span> 
     </span>
    </p>
   </div>
   <div class='ocr_carea' id='block_1_7' title="bbox 218 303 1002 341">
    <p class='ocr_par' dir='ltr' id='par_1_7' title="bbox 218 303 1002 341">
     <span class='ocr_line' id='line_1_7' title="bbox 218 303 1002 341; baseline -0.01 -4"><span class='ocrx_word' id='word_1_33' title='bbox 218 317 280 337; x_wconf 86' lang='lat' dir='ltr'><strong>cum</strong></span> <span class='ocrx_word' id='word_1_34' title='bbox 294 314 389 335; x_wconf 84' lang='lat' dir='ltr'><strong>omnes</strong></span> <span class='ocrx_word' id='word_1_35' title='bbox 408 306 507 341; x_wconf 85' lang='lat' dir='ltr'><strong>ubique</strong></span> <span class='ocrx_word' id='word_1_36' title='bbox 519 305 608 340; x_wconf 87' lang='lat' dir='ltr'><strong>populi</strong></span> <span class='ocrx_word' id='word_1_37' title='bbox 623 304 782 337; x_wconf 80' lang='lat' dir='ltr'><strong>jamdudum</strong></span> <span class='ocrx_word' id='word_1_38' title='bbox 811 303 881 330; x_wconf 91' lang='lat' dir='ltr'><strong>inter</strong></span> <span class='ocrx_word' id='word_1_39' title='bbox 900 310 928 330; x_wconf 88' lang='lat' dir='ltr'><strong>se</strong></span> <span class='ocrx_word' id='word_1_40' title='bbox 946 303 1002 330; x_wconf 87' lang='lat' dir='ltr'><strong>dis-</strong></span> 
     </span>
    </p>
   </div>
   <div class='ocr_carea' id='block_1_8' title="bbox 217 348 1000 386">
    <p class='ocr_par' dir='ltr' id='par_1_8' title="bbox 217 348 1000 386">
     <span class='ocr_line' id='line_1_8' title="bbox 217 348 1000 386; baseline -0.011 -3"><span class='ocrx_word' id='word_1_41' title='bbox 217 356 350 386; x_wconf 76' lang='lat' dir='ltr'><strong>niderent,</strong></span> <span class='ocrx_word' id='word_1_42' title='bbox 366 352 480 380; x_wconf 74' lang='lat' dir='ltr'><strong>ePsacri</strong></span> <span class='ocrx_word' id='word_1_43' title='bbox 495 351 635 385; x_wconf 78' lang='lat' dir='ltr'><strong>religionis</strong></span> <span class='ocrx_word' id='word_1_44' title='bbox 657 354 756 377; x_wconf 65' lang='lat' dir='ltr'><strong>nostra:</strong></span> <span class='ocrx_word' id='word_1_45' title='bbox 769 349 837 376; x_wconf 90' lang='lat' dir='ltr'><strong>ritus</strong></span> <span class='ocrx_word' id='word_1_46' title='bbox 852 348 1000 375; x_wconf 91' lang='lat' dir='ltr'><strong>conturba-</strong></span> 
     </span>
    </p>
   </div>
   <div class='ocr_carea' id='block_1_9' title="bbox 219 394 1001 436">
    <p class='ocr_par' dir='ltr' id='par_1_9' title="bbox 219 394 1001 436">
     <span class='ocr_line' id='line_1_9' title="bbox 219 394 1001 436; baseline -0.012 -7"><span class='ocrx_word' id='word_1_47' title='bbox 219 407 312 429; x_wconf 87' lang='lat' dir='ltr'><strong>rentur</strong></span> <span class='ocrx_word' id='word_1_48' title='bbox 328 399 437 436; x_wconf 86' lang='lat' dir='ltr'><strong>(quippe</strong></span> <span class='ocrx_word' id='word_1_49' title='bbox 449 398 475 424; x_wconf 93' lang='lat' dir='ltr'><strong>in</strong></span> <span class='ocrx_word' id='word_1_50' title='bbox 493 405 545 424; x_wconf 92' lang='lat' dir='ltr'><strong>uno</strong></span> <span class='ocrx_word' id='word_1_51' title='bbox 563 397 712 430; x_wconf 85' lang='lat' dir='ltr'><strong>eodemque</strong></span> <span class='ocrx_word' id='word_1_52' title='bbox 727 394 797 422; x_wconf 82' lang='lat' dir='ltr'><strong>festo</strong></span> <span class='ocrx_word' id='word_1_53' title='bbox 811 395 942 428; x_wconf 84' lang='lat' dir='ltr'><strong>temporis</strong></span> <span class='ocrx_word' id='word_1_54' title='bbox 958 394 1001 421; x_wconf 90' lang='lat' dir='ltr'><strong>di-</strong></span> 
     </span>
    </p>
   </div>
   <div class='ocr_carea' id='block_1_10' title="bbox 217 440 1002 475">
    <p class='ocr_par' dir='ltr' id='par_1_10' title="bbox 217 440 1002 475">
     <span class='ocr_line' id='line_1_10' title="bbox 217 440 1002 475; baseline -0.009 -1"><span class='ocrx_word' id='word_1_55' title='bbox 217 446 333 475; x_wconf 70' lang='lat' dir='ltr'><strong>versitas</strong></span> <span class='ocrx_word' id='word_1_56' title='bbox 353 445 498 471; x_wconf 81' lang='lat' dir='ltr'><strong>maximum</strong></span> <span class='ocrx_word' id='word_1_57' title='bbox 525 443 669 470; x_wconf 82' lang='lat' dir='ltr'><strong>discidium</strong></span> <span class='ocrx_word' id='word_1_58' title='bbox 685 443 756 468; x_wconf 89' lang='lat' dir='ltr'><strong>inter</strong></span> <span class='ocrx_word' id='word_1_59' title='bbox 783 440 912 468; x_wconf 81' lang='lat' dir='ltr'><strong>feriantes</strong></span> <span class='ocrx_word' id='word_1_60' title='bbox 926 441 1002 468; x_wconf 86' lang='lat' dir='ltr'><strong>exci-</strong></span> 
     </span>
    </p>
   </div>
   <div class='ocr_carea' id='block_1_11' title="bbox 218 486 1000 524">
    <p class='ocr_par' dir='ltr' id='par_1_11' title="bbox 218 486 1000 524">
     <span class='ocr_line' id='line_1_11' title="bbox 218 486 1000 524; baseline -0.01 -5"><span class='ocrx_word' id='word_1_61' title='bbox 218 493 303 524; x_wconf 83' lang='lat' dir='ltr'><strong>tabat,</strong></span> <span class='ocrx_word' id='word_1_62' title='bbox 313 498 374 518; x_wconf 93' lang='lat' dir='ltr'><strong>cum</strong></span> <span class='ocrx_word' id='word_1_63' title='bbox 384 490 410 516; x_wconf 90' lang='lat' dir='ltr'><strong>hi</strong></span> <span class='ocrx_word' id='word_1_64' title='bbox 423 488 534 523; x_wconf 76' lang='lat' dir='ltr'><strong>jejuniis</strong></span> <span class='ocrx_word' id='word_1_65' title='bbox 547 491 572 514; x_wconf 91' lang='lat' dir='ltr'><strong>et</strong></span> <span class='ocrx_word' id='word_1_66' title='bbox 584 487 713 514; x_wconf 71' lang='lat' dir='ltr'><strong>terumnis</strong></span> <span class='ocrx_word' id='word_1_67' title='bbox 726 486 830 520; x_wconf 87' lang='lat' dir='ltr'><strong>seipsos</strong></span> <span class='ocrx_word' id='word_1_68' title='bbox 840 490 1000 518; x_wconf 83' lang='lat' dir='ltr'><strong>attererent,</strong></span> 
     </span>
    </p>
   </div>
   <div class='ocr_carea' id='block_1_12' title="bbox 220 531 1000 568">
    <p class='ocr_par' dir='ltr' id='par_1_12' title="bbox 220 531 1000 568">
     <span class='ocr_line' id='line_1_12' title="bbox 220 531 1000 568; baseline -0.01 -4"><span class='ocrx_word' id='word_1_69' title='bbox 220 538 259 565; x_wconf 86' lang='lat' dir='ltr'><strong>illi</strong></span> <span class='ocrx_word' id='word_1_70' title='bbox 277 536 333 564; x_wconf 91' lang='lat' dir='ltr'><strong>otio</strong></span> <span class='ocrx_word' id='word_1_71' title='bbox 350 543 381 562; x_wconf 89' lang='lat' dir='ltr'><strong>ac</strong></span> <span class='ocrx_word' id='word_1_72' title='bbox 398 535 498 561; x_wconf 65' lang='lat' dir='ltr'><strong>laetitiae</strong></span> <span class='ocrx_word' id='word_1_73' title='bbox 513 531 874 568; x_wconf 72' lang='lat' dir='ltr'><strong>indulgerent),mortalium</strong></span> <span class='ocrx_word' id='word_1_74' title='bbox 891 531 1000 565; x_wconf 83' lang='lat' dir='ltr'><strong>quidem</strong></span> 
     </span>
    </p>
   </div>
   <div class='ocr_carea' id='block_1_13' title="bbox 218 577 1002 616">
    <p class='ocr_par' dir='ltr' id='par_1_13' title="bbox 218 577 1002 616">
     <span class='ocr_line' id='line_1_13' title="bbox 218 577 1002 616; baseline -0.009 -5"><span class='ocrx_word' id='word_1_75' title='bbox 218 591 298 611; x_wconf 86' lang='lat' dir='ltr'><strong>nemo</strong></span> <span class='ocrx_word' id='word_1_76' title='bbox 312 587 384 614; x_wconf 83' lang='lat' dir='ltr'><strong>erat.</strong></span> <span class='ocrx_word' id='word_1_77' title='bbox 401 582 448 616; x_wconf 86' lang='lat' dir='ltr'><strong>qui</strong></span> <span class='ocrx_word' id='word_1_78' title='bbox 475 580 538 608; x_wconf 83' lang='lat' dir='ltr'><strong>huic</strong></span> <span class='ocrx_word' id='word_1_79' title='bbox 553 579 622 607; x_wconf 91' lang='lat' dir='ltr'><strong>malo</strong></span> <span class='ocrx_word' id='word_1_80' title='bbox 643 579 790 606; x_wconf 91' lang='lat' dir='ltr'><strong>remedium</strong></span> <span class='ocrx_word' id='word_1_81' title='bbox 817 583 906 612; x_wconf 86' lang='lat' dir='ltr'><strong>posset</strong></span> <span class='ocrx_word' id='word_1_82' title='bbox 924 577 1002 604; x_wconf 85' lang='lat' dir='ltr'><strong>aditi-</strong></span> 
     </span>
    </p>
   </div>
   <div class='ocr_carea' id='block_1_14' title="bbox 218 623 999 661">
    <p class='ocr_par' dir='ltr' id='par_1_14' title="bbox 218 623 999 661">
     <span class='ocr_line' id='line_1_14' title="bbox 218 623 999 661; baseline -0.009 -5"><span class='ocrx_word' id='word_1_83' title='bbox 218 629 282 656; x_wconf 83' lang='lat' dir='ltr'><strong>bere</strong></span> <span class='ocrx_word' id='word_1_84' title='bbox 295 650 301 661; x_wconf 94' lang='lat'><strong>,</strong></span> <span class='ocrx_word' id='word_1_85' title='bbox 315 636 376 655; x_wconf 91' lang='lat' dir='ltr'><strong>cum</strong></span> <span class='ocrx_word' id='word_1_86' title='bbox 389 627 518 660; x_wconf 89' lang='lat' dir='ltr'><strong>utrinque</strong></span> <span class='ocrx_word' id='word_1_87' title='bbox 528 625 600 652; x_wconf 91' lang='lat' dir='ltr'><strong>inter</strong></span> <span class='ocrx_word' id='word_1_88' title='bbox 610 624 800 651; x_wconf 72' lang='lat' dir='ltr'><strong>dissentientes</strong></span> <span class='ocrx_word' id='word_1_89' title='bbox 809 623 880 650; x_wconf 87' lang='lat' dir='ltr'><strong>velut</strong></span> <span class='ocrx_word' id='word_1_90' title='bbox 895 627 999 657; x_wconf 82' lang='lat' dir='ltr'><strong>aequata</strong></span> 
     </span>
    </p>
   </div>
   <div class='ocr_carea' id='block_1_15' title="bbox 217 667 999 705">
    <p class='ocr_par' dir='ltr' id='par_1_15' title="bbox 217 667 999 705">
     <span class='ocr_line' id='line_1_15' title="bbox 217 667 999 705; baseline -0.009 -4"><span class='ocrx_word' id='word_1_91' title='bbox 217 674 294 701; x_wconf 87' lang='lat' dir='ltr'><strong>lance</strong></span> <span class='ocrx_word' id='word_1_92' title='bbox 335 672 517 701; x_wconf 80' lang='lat' dir='ltr'><strong>controversia</strong></span> <span class='ocrx_word' id='word_1_93' title='bbox 545 672 682 705; x_wconf 87' lang='lat' dir='ltr'><strong>penderet.</strong></span> <span class='ocrx_word' id='word_1_94' title='bbox 725 669 781 696; x_wconf 91' lang='lat' dir='ltr'><strong>Soli</strong></span> <span class='ocrx_word' id='word_1_95' title='bbox 820 667 999 702; x_wconf 78' lang='lat' dir='ltr'><strong>omnipotenti</strong></span> 
     </span>
    </p>
   </div>
   <div class='ocr_carea' id='block_1_16' title="bbox 219 715 999 754">
    <p class='ocr_par' dir='ltr' id='par_1_16' title="bbox 219 715 999 754">
     <span class='ocr_line' id='line_1_16' title="bbox 219 715 999 754; baseline -0.006 -8"><span class='ocrx_word' id='word_1_96' title='bbox 219 721 272 748; x_wconf 86' lang='lat' dir='ltr'><strong>Deo</strong></span> <span class='ocrx_word' id='word_1_97' title='bbox 292 719 419 754; x_wconf 76' lang='lat' dir='ltr'><strong>perfacile</strong></span> <span class='ocrx_word' id='word_1_98' title='bbox 432 722 492 745; x_wconf 87' lang='lat' dir='ltr'><strong>erat</strong></span> <span class='ocrx_word' id='word_1_99' title='bbox 518 717 578 744; x_wconf 89' lang='lat' dir='ltr'><strong>istis</strong></span> <span class='ocrx_word' id='word_1_100' title='bbox 595 717 674 743; x_wconf 92' lang='lat' dir='ltr'><strong>malis</strong></span> <span class='ocrx_word' id='word_1_101' title='bbox 693 715 807 748; x_wconf 78' lang='lat' dir='ltr'><strong>mederi;</strong></span> <span class='ocrx_word' id='word_1_102' title='bbox 833 721 904 742; x_wconf 90' lang='lat' dir='ltr'><strong>unus</strong></span> <span class='ocrx_word' id='word_1_103' title='bbox 918 721 999 749; x_wconf 89' lang='lat' dir='ltr'><strong>porro</strong></span> 
     </span>
    </p>
   </div>
   <div class='ocr_carea' id='block_1_17' title="bbox 217 760 1000 796">
    <p class='ocr_par' dir='ltr' id='par_1_17' title="bbox 217 760 1000 796">
     <span class='ocr_line' id='line_1_17' title="bbox 217 760 1000 796; baseline -0.01 -3"><span class='ocrx_word' id='word_1_104' title='bbox 217 767 243 793; x_wconf 92' lang='lat' dir='ltr'><strong>in</strong></span> <span class='ocrx_word' id='word_1_105' title='bbox 262 765 341 792; x_wconf 91' lang='lat' dir='ltr'><strong>terris</strong></span> <span class='ocrx_word' id='word_1_106' title='bbox 355 764 478 792; x_wconf 79' lang='lat' dir='ltr'><strong>exstabat</strong></span> <span class='ocrx_word' id='word_1_107' title='bbox 495 762 698 793; x_wconf 78' lang='lat' dir='ltr'><strong>Constantinus,</strong></span> <span class='ocrx_word' id='word_1_108' title='bbox 716 760 801 796; x_wconf 67' lang='grc'><strong>486</strong></span> <span class='ocrx_word' id='word_1_109' title='bbox 827 761 872 794; x_wconf 90' lang='lat' dir='ltr'><strong>qui</strong></span> <span class='ocrx_word' id='word_1_110' title='bbox 890 760 923 786; x_wconf 89' lang='lat' dir='ltr'><strong>ad</strong></span> <span class='ocrx_word' id='word_1_111' title='bbox 945 760 1000 786; x_wconf 80' lang='lat' dir='ltr'><strong>haec</strong></span> 
     </span>
    </p>
   </div>
   <div class='ocr_carea' id='block_1_18' title="bbox 217 806 999 846">
    <p class='ocr_par' dir='ltr' id='par_1_18' title="bbox 217 806 999 846">
     <span class='ocr_line' id='line_1_18' title="bbox 217 806 999 846; baseline -0.009 -7"><span class='ocrx_word' id='word_1_112' title='bbox 217 813 285 840; x_wconf 89' lang='lat' dir='ltr'><strong>bona</strong></span> <span class='ocrx_word' id='word_1_113' title='bbox 297 810 461 846; x_wconf 81' lang='lat' dir='ltr'><strong>perﬁcienda</strong></span> <span class='ocrx_word' id='word_1_114' title='bbox 479 809 594 836; x_wconf 89' lang='lat' dir='ltr'><strong>idoneus</strong></span> <span class='ocrx_word' id='word_1_115' title='bbox 610 808 657 835; x_wconf 85' lang='lat' dir='ltr'><strong>Dei</strong></span> <span class='ocrx_word' id='word_1_116' title='bbox 681 808 805 834; x_wconf 86' lang='lat' dir='ltr'><strong>minister</strong></span> <span class='ocrx_word' id='word_1_117' title='bbox 817 814 878 833; x_wconf 91' lang='lat' dir='ltr'><strong>esse</strong></span> <span class='ocrx_word' id='word_1_118' title='bbox 893 806 999 833; x_wconf 88' lang='lat' dir='ltr'><strong>videre-</strong></span> 
     </span>
    </p>
   </div>
   <div class='ocr_carea' id='block_1_19' title="bbox 218 851 998 891">
    <p class='ocr_par' dir='ltr' id='par_1_19' title="bbox 218 851 998 891">
     <span class='ocr_line' id='line_1_19' title="bbox 218 851 998 891; baseline -0.009 -6"><span class='ocrx_word' id='word_1_119' title='bbox 218 863 271 885; x_wconf 90' lang='lat' dir='ltr'><strong>tur.</strong></span> <span class='ocrx_word' id='word_1_120' title='bbox 289 857 339 891; x_wconf 79' lang='lat' dir='ltr'><strong>Qui</strong></span> <span class='ocrx_word' id='word_1_121' title='bbox 352 861 526 891; x_wconf 77' lang='lat' dir='ltr'><strong>posteaquam</strong></span> <span class='ocrx_word' id='word_1_122' title='bbox 550 855 606 882; x_wconf 63' lang='lat' dir='ltr'><strong>hac</strong></span> <span class='ocrx_word' id='word_1_123' title='bbox 620 861 679 888; x_wconf 61' lang='lat' dir='ltr'><strong>qua:</strong></span> <span class='ocrx_word' id='word_1_124' title='bbox 693 854 772 880; x_wconf 92' lang='lat' dir='ltr'><strong>modo</strong></span> <span class='ocrx_word' id='word_1_125' title='bbox 789 852 843 879; x_wconf 90' lang='lat' dir='ltr'><strong>dixi</strong></span> <span class='ocrx_word' id='word_1_126' title='bbox 860 851 998 879; x_wconf 82' lang='lat' dir='ltr'><strong>auditione</strong></span> 
     </span>
    </p>
   </div>
   <div class='ocr_carea' id='block_1_20' title="bbox 1054 257 1846 297">
    <p class='ocr_par' dir='ltr' id='par_1_20' title="bbox 1054 257 1846 297">
     <span class='ocr_line' id='line_1_20' title="bbox 1054 257 1846 297; baseline 0.008 -15"><span class='ocrx_word' id='word_1_127' title='bbox 1054 257 1173 292; x_wconf 84' lang='grc' dir='ltr'>χάριτος.</span> <span class='ocrx_word' id='word_1_128' title='bbox 1189 258 1248 284; x_wconf 85' lang='grc' dir='ltr'><strong>Κάν</strong></span> <span class='ocrx_word' id='word_1_129' title='bbox 1263 257 1349 293; x_wconf 84' lang='grc' dir='ltr'>τούτῳ</span> <span class='ocrx_word' id='word_1_130' title='bbox 1360 259 1503 294; x_wconf 86' lang='grc' dir='ltr'>τοιγαροῦν</span> <span class='ocrx_word' id='word_1_131' title='bbox 1517 260 1572 295; x_wconf 76' lang='grc' dir='ltr'><strong>(5οι</strong></span> <span class='ocrx_word' id='word_1_132' title='bbox 1591 262 1705 295; x_wconf 85' lang='grc' dir='ltr'><strong>μακροῖς</strong></span> <span class='ocrx_word' id='word_1_133' title='bbox 1721 261 1770 296; x_wconf 75' lang='grc' dir='ltr'>ἤδη</span> <span class='ocrx_word' id='word_1_134' title='bbox 1784 262 1846 297; x_wconf 81' lang='grc' dir='ltr'>χρό-</span> 
     </span>
    </p>
   </div>
   <div class='ocr_carea' id='block_1_21' title="bbox 1053 303 1845 342">
    <p class='ocr_par' dir='ltr' id='par_1_21' title="bbox 1053 303 1845 342">
     <span class='ocr_line' id='line_1_21' title="bbox 1053 303 1845 342; baseline 0.008 -14"><span class='ocrx_word' id='word_1_135' title='bbox 1053 311 1107 333; x_wconf 83' lang='grc' dir='ltr'>νοις</span> <span class='ocrx_word' id='word_1_136' title='bbox 1123 303 1176 329; x_wconf 85' lang='grc' dir='ltr'><strong>τῶν</strong></span> <span class='ocrx_word' id='word_1_137' title='bbox 1191 303 1346 339; x_wconf 83' lang='grc' dir='ltr'>ἁπανταχοῦ</span> <span class='ocrx_word' id='word_1_138' title='bbox 1362 304 1433 331; x_wconf 86' lang='grc' dir='ltr'>λαῶν</span> <span class='ocrx_word' id='word_1_139' title='bbox 1454 305 1676 341; x_wconf 79' lang='grc' dir='ltr'>διενηνεγμένων,</span> <span class='ocrx_word' id='word_1_140' title='bbox 1692 307 1799 342; x_wconf 84' lang='grc' dir='ltr'><strong>Θεσμῶν</strong></span> <span class='ocrx_word' id='word_1_141' title='bbox 1814 316 1845 334; x_wconf 88' lang='grc' dir='ltr'><strong>τε</strong></span> 
     </span>
    </p>
   </div>
   <div class='ocr_carea' id='block_1_22' title="bbox 1053 347 1845 388">
    <p class='ocr_par' dir='ltr' id='par_1_22' title="bbox 1053 347 1845 388">
     <span class='ocr_line' id='line_1_22' title="bbox 1053 347 1845 388; baseline 0.008 -15"><span class='ocrx_word' id='word_1_142' title='bbox 1053 347 1133 374; x_wconf 82' lang='grc' dir='ltr'>θείων</span> <span class='ocrx_word' id='word_1_143' title='bbox 1154 350 1351 384; x_wconf 80' lang='grc' dir='ltr'>συγχεομένων,</span> <span class='ocrx_word' id='word_1_144' title='bbox 1367 350 1404 382; x_wconf 87' lang='grc' dir='ltr'>ὼς</span> <span class='ocrx_word' id='word_1_145' title='bbox 1420 351 1466 377; x_wconf 78' lang='grc' dir='ltr'><strong>ἐπὶ</strong></span> <span class='ocrx_word' id='word_1_146' title='bbox 1484 352 1548 386; x_wconf 83' lang='grc' dir='ltr'>μιᾶς</span> <span class='ocrx_word' id='word_1_147' title='bbox 1567 351 1674 387; x_wconf 77' lang='grc' dir='ltr'>καὶτῆς</span> <span class='ocrx_word' id='word_1_148' title='bbox 1687 352 1772 387; x_wconf 85' lang='grc' dir='ltr'>αὐτῆς</span> <span class='ocrx_word' id='word_1_149' title='bbox 1783 353 1845 388; x_wconf 81' lang='grc' dir='ltr'>ἐορ-</span> 
     </span>
    </p>
   </div>
   <div class='ocr_carea' id='block_1_23' title="bbox 1051 392 1844 433">
    <p class='ocr_par' dir='ltr' id='par_1_23' title="bbox 1051 392 1844 433">
     <span class='ocr_line' id='line_1_23' title="bbox 1051 392 1844 433; baseline 0.009 -14"><span class='ocrx_word' id='word_1_150' title='bbox 1051 392 1102 426; x_wconf 85' lang='grc' dir='ltr'>τῆς</span> <span class='ocrx_word' id='word_1_151' title='bbox 1114 392 1161 428; x_wconf 86' lang='grc' dir='ltr'>τὴν</span> <span class='ocrx_word' id='word_1_152' title='bbox 1182 393 1229 420; x_wconf 87' lang='grc' dir='ltr'><strong>τοῦ</strong></span> <span class='ocrx_word' id='word_1_153' title='bbox 1244 395 1339 430; x_wconf 82' lang='grc' dir='ltr'><strong>καιροῦ</strong></span> <span class='ocrx_word' id='word_1_154' title='bbox 1361 396 1539 432; x_wconf 81' lang='grc' dir='ltr'>παρατροπὴν</span> <span class='ocrx_word' id='word_1_155' title='bbox 1559 398 1690 433; x_wconf 75' lang='grc' dir='ltr'><strong>μεγίστην</strong></span> <span class='ocrx_word' id='word_1_156' title='bbox 1703 398 1844 426; x_wconf 85' lang='grc' dir='ltr'>διάστασιν</span> 
     </span>
    </p>
   </div>
   <div class='ocr_carea' id='block_1_24' title="bbox 1052 439 1845 479">
    <p class='ocr_par' dir='ltr' id='par_1_24' title="bbox 1052 439 1845 479">
     <span class='ocr_line' id='line_1_24' title="bbox 1052 439 1845 479; baseline 0.01 -15"><span class='ocrx_word' id='word_1_157' title='bbox 1052 439 1174 474; x_wconf 78' lang='grc' dir='ltr'><strong>ἐμποιεῖν</strong></span> <span class='ocrx_word' id='word_1_158' title='bbox 1184 441 1239 472; x_wconf 87' lang='grc' dir='ltr'>τοῖς</span> <span class='ocrx_word' id='word_1_159' title='bbox 1249 441 1298 476; x_wconf 82' lang='grc' dir='ltr'>τὴν</span> <span class='ocrx_word' id='word_1_160' title='bbox 1312 442 1408 477; x_wconf 78' lang='grc' dir='ltr'>ἑορτὴν</span> <span class='ocrx_word' id='word_1_161' title='bbox 1418 441 1524 476; x_wconf 78' lang='grc' dir='ltr'>ἄγουσι,</span> <span class='ocrx_word' id='word_1_162' title='bbox 1537 444 1590 470; x_wconf 87' lang='grc' dir='ltr'><strong>τῶν</strong></span> <span class='ocrx_word' id='word_1_163' title='bbox 1606 444 1654 479; x_wconf 86' lang='grc' dir='ltr'>μὲν</span> <span class='ocrx_word' id='word_1_164' title='bbox 1667 445 1783 478; x_wconf 81' lang='grc' dir='ltr'><strong>ἀσιτίαις</strong></span> <span class='ocrx_word' id='word_1_165' title='bbox 1795 446 1845 472; x_wconf 75' lang='grc' dir='ltr'>καὶ</span> 
     </span>
    </p>
   </div>
   <div class='ocr_carea' id='block_1_25' title="bbox 1052 487 1843 527">
    <p class='ocr_par' dir='ltr' id='par_1_25' title="bbox 1052 487 1843 527">
     <span class='ocr_line' id='line_1_25' title="bbox 1052 487 1843 527; baseline 0.009 -16"><span class='ocrx_word' id='word_1_166' title='bbox 1052 487 1248 519; x_wconf 80' lang='grc' dir='ltr'><strong>κακοπαθείαις</strong></span> <span class='ocrx_word' id='word_1_167' title='bbox 1269 488 1483 524; x_wconf 80' lang='grc' dir='ltr'>ἐνασκουμένων,</span> <span class='ocrx_word' id='word_1_168' title='bbox 1505 490 1559 516; x_wconf 87' lang='grc' dir='ltr'><strong>τῶν</strong></span> <span class='ocrx_word' id='word_1_169' title='bbox 1571 490 1593 517; x_wconf 84' lang='grc' dir='ltr'>δ’</span> <span class='ocrx_word' id='word_1_170' title='bbox 1610 491 1702 518; x_wconf 80' lang='grc' dir='ltr'>ἀνέσει</span> <span class='ocrx_word' id='word_1_171' title='bbox 1714 491 1762 527; x_wconf 84' lang='grc' dir='ltr'>τὴν</span> <span class='ocrx_word' id='word_1_172' title='bbox 1779 500 1843 527; x_wconf 85' lang='grc' dir='ltr'>σχο-</span> 
     </span>
    </p>
   </div>
   <div class='ocr_carea' id='block_1_26' title="bbox 1051 530 1843 572">
    <p class='ocr_par' dir='ltr' id='par_1_26' title="bbox 1051 530 1843 572">
     <span class='ocr_line' id='line_1_26' title="bbox 1051 530 1843 572; baseline 0.009 -15"><span class='ocrx_word' id='word_1_173' title='bbox 1051 530 1099 566; x_wconf 83' lang='grc' dir='ltr'>λὴν</span> <span class='ocrx_word' id='word_1_174' title='bbox 1119 532 1307 562; x_wconf 80' lang='grc' dir='ltr'>ἀνατιθέντων,</span> <span class='ocrx_word' id='word_1_175' title='bbox 1325 534 1410 566; x_wconf 75' lang='grc' dir='ltr'>οὐδεὶς</span> <span class='ocrx_word' id='word_1_176' title='bbox 1428 532 1481 567; x_wconf 80' lang='grc' dir='ltr'>οἷός</span> <span class='ocrx_word' id='word_1_177' title='bbox 1499 544 1528 561; x_wconf 85' lang='grc' dir='ltr'><strong>τε</strong></span> <span class='ocrx_word' id='word_1_178' title='bbox 1545 534 1578 571; x_wconf 80' lang='grc' dir='ltr'>ἦν</span> <span class='ocrx_word' id='word_1_179' title='bbox 1595 536 1745 571; x_wconf 72' lang='grc' dir='ltr'>ἀνθρώπιον</span> <span class='ocrx_word' id='word_1_180' title='bbox 1762 537 1843 572; x_wconf 74' lang='grc' dir='ltr'>θερα-</span> 
     </span>
    </p>
   </div>
   <div class='ocr_carea' id='block_1_27' title="bbox 1052 577 1842 618">
    <p class='ocr_par' dir='ltr' id='par_1_27' title="bbox 1052 577 1842 618">
     <span class='ocr_line' id='line_1_27' title="bbox 1052 577 1842 618; baseline 0.008 -15"><span class='ocrx_word' id='word_1_181' title='bbox 1052 577 1129 603; x_wconf 79' lang='grc' dir='ltr'>πείαν</span> <span class='ocrx_word' id='word_1_182' title='bbox 1139 578 1270 612; x_wconf 78' lang='grc' dir='ltr'>εὕρασθαι</span> <span class='ocrx_word' id='word_1_183' title='bbox 1284 579 1331 606; x_wconf 86' lang='grc' dir='ltr'><strong>τοῦ</strong></span> <span class='ocrx_word' id='word_1_184' title='bbox 1346 580 1440 612; x_wconf 77' lang='grc' dir='ltr'>κακοῦ,</span> <span class='ocrx_word' id='word_1_185' title='bbox 1456 581 1607 608; x_wconf 83' lang='grc' dir='ltr'>ίσοστασίου</span> <span class='ocrx_word' id='word_1_186' title='bbox 1624 582 1673 617; x_wconf 87' lang='grc' dir='ltr'>τῆς</span> <span class='ocrx_word' id='word_1_187' title='bbox 1686 582 1773 618; x_wconf 77' lang='grc' dir='ltr'>ἔριδος</span> <span class='ocrx_word' id='word_1_188' title='bbox 1785 582 1842 618; x_wconf 76' lang='lat' dir='ltr'><strong>(3i)</strong></span> 
     </span>
    </p>
   </div>
   <div class='ocr_carea' id='block_1_28' title="bbox 1050 624 1843 664">
    <p class='ocr_par' dir='ltr' id='par_1_28' title="bbox 1050 624 1843 664">
     <span class='ocr_line' id='line_1_28' title="bbox 1050 624 1843 664; baseline 0.008 -14"><span class='ocrx_word' id='word_1_189' title='bbox 1050 625 1106 655; x_wconf 88' lang='grc' dir='ltr'>τοῖς</span> <span class='ocrx_word' id='word_1_190' title='bbox 1120 624 1260 652; x_wconf 81' lang='grc' dir='ltr'><strong>διεστῶσιν</strong></span> <span class='ocrx_word' id='word_1_191' title='bbox 1273 626 1465 661; x_wconf 75' lang='grc' dir='ltr'><strong>ὑπαρχούσης⁹</strong></span> <span class='ocrx_word' id='word_1_192' title='bbox 1487 627 1560 663; x_wconf 86' lang='grc' dir='ltr'><strong>μόνῳ</strong></span> <span class='ocrx_word' id='word_1_193' title='bbox 1582 628 1603 654; x_wconf 89' lang='grc' dir='ltr'>δ’</span> <span class='ocrx_word' id='word_1_194' title='bbox 1619 628 1671 663; x_wconf 82' lang='grc' dir='ltr'>ἄρα</span> <span class='ocrx_word' id='word_1_195' title='bbox 1685 629 1723 664; x_wconf 83' lang='grc' dir='ltr'>τῷ</span> <span class='ocrx_word' id='word_1_196' title='bbox 1745 638 1843 656; x_wconf 82' lang='grc' dir='ltr'>παντο-</span> 
     </span>
    </p>
   </div>
   <div class='ocr_carea' id='block_1_29' title="bbox 1050 668 1841 708">
    <p class='ocr_par' dir='ltr' id='par_1_29' title="bbox 1050 668 1841 708">
     <span class='ocr_line' id='line_1_29' title="bbox 1050 668 1841 708; baseline 0.009 -14"><span class='ocrx_word' id='word_1_197' title='bbox 1050 668 1161 704; x_wconf 80' lang='grc' dir='ltr'>δυνάμῳ</span> <span class='ocrx_word' id='word_1_198' title='bbox 1177 669 1237 705; x_wconf 78' lang='grc' dir='ltr'><strong>Θεῷ</strong></span> <span class='ocrx_word' id='word_1_199' title='bbox 1258 671 1305 697; x_wconf 79' lang='grc' dir='ltr'>καὶ</span> <span class='ocrx_word' id='word_1_200' title='bbox 1328 671 1404 698; x_wconf 86' lang='grc' dir='ltr'>ταῦτ’</span> <span class='ocrx_word' id='word_1_201' title='bbox 1420 671 1510 699; x_wconf 81' lang='grc' dir='ltr'>ίᾶσθαι</span> <span class='ocrx_word' id='word_1_202' title='bbox 1526 672 1616 708; x_wconf 75' lang='grc' dir='ltr'>ῥᾴδιον</span> <span class='ocrx_word' id='word_1_203' title='bbox 1631 671 1675 708; x_wconf 83' lang='grc' dir='ltr'><strong>ἦν,</strong></span> <span class='ocrx_word' id='word_1_204' title='bbox 1687 674 1797 708; x_wconf 82' lang='grc' dir='ltr'>ἀγαθῶν</span> <span class='ocrx_word' id='word_1_205' title='bbox 1817 675 1841 701; x_wconf 86' lang='grc' dir='ltr'>δ’</span> 
     </span>
    </p>
   </div>
   <div class='ocr_carea' id='block_1_30' title="bbox 1050 713 1839 752">
    <p class='ocr_par' dir='ltr' id='par_1_30' title="bbox 1050 713 1839 752">
     <span class='ocr_line' id='line_1_30' title="bbox 1050 713 1839 752; baseline 0.008 -14"><span class='ocrx_word' id='word_1_206' title='bbox 1050 713 1190 749; x_wconf 81' lang='grc' dir='ltr'><strong>ὑπηρέτης</strong></span> <span class='ocrx_word' id='word_1_207' title='bbox 1202 715 1276 749; x_wconf 83' lang='grc' dir='ltr'>αὐτῷ</span> <span class='ocrx_word' id='word_1_208' title='bbox 1294 715 1372 749; x_wconf 88' lang='grc' dir='ltr'>μόνος</span> <span class='ocrx_word' id='word_1_209' title='bbox 1388 716 1441 742; x_wconf 81' lang='grc' dir='ltr'><strong>τῶν</strong></span> <span class='ocrx_word' id='word_1_210' title='bbox 1456 716 1502 742; x_wconf 74' lang='grc' dir='ltr'>ἐπὶ</span> <span class='ocrx_word' id='word_1_211' title='bbox 1513 717 1564 752; x_wconf 82' lang='grc' dir='ltr'><strong>γῆς</strong></span> <span class='ocrx_word' id='word_1_212' title='bbox 1572 718 1749 752; x_wconf 79' lang='grc' dir='ltr'>κατεφαίνετο</span> <span class='ocrx_word' id='word_1_213' title='bbox 1760 720 1839 746; x_wconf 80' lang='grc' dir='ltr'>Κων-</span> 
     </span>
    </p>
   </div>
   <div class='ocr_carea' id='block_1_31' title="bbox 1050 760 1840 799">
    <p class='ocr_par' dir='ltr' id='par_1_31' title="bbox 1050 760 1840 799">
     <span class='ocr_line' id='line_1_31' title="bbox 1050 760 1840 799; baseline 0.009 -14"><span class='ocrx_word' id='word_1_214' title='bbox 1050 761 1204 791; x_wconf 85' lang='grc' dir='ltr'>σταντϊνος·</span> <span class='ocrx_word' id='word_1_215' title='bbox 1224 760 1254 792; x_wconf 80' lang='grc' dir='ltr'>ὃς</span> <span class='ocrx_word' id='word_1_216' title='bbox 1282 762 1375 797; x_wconf 82' lang='grc' dir='ltr'>ἐπειδὴ</span> <span class='ocrx_word' id='word_1_217' title='bbox 1398 762 1447 798; x_wconf 85' lang='grc' dir='ltr'>τὴν</span> <span class='ocrx_word' id='word_1_218' title='bbox 1472 763 1527 790; x_wconf 87' lang='grc' dir='ltr'><strong>τῶν</strong></span> <span class='ocrx_word' id='word_1_219' title='bbox 1566 763 1715 799; x_wconf 82' lang='grc' dir='ltr'>λεχθέντων</span> <span class='ocrx_word' id='word_1_220' title='bbox 1741 765 1840 799; x_wconf 78' lang='grc' dir='ltr'>διέγνω</span> 
     </span>
    </p>
   </div>
   <div class='ocr_carea' id='block_1_32' title="bbox 1048 805 1838 845">
    <p class='ocr_par' dir='ltr' id='par_1_32' title="bbox 1048 805 1838 845">
     <span class='ocr_line' id='line_1_32' title="bbox 1048 805 1838 845; baseline 0.01 -15"><span class='ocrx_word' id='word_1_221' title='bbox 1048 805 1142 840; x_wconf 82' lang='grc' dir='ltr'>ἀκοὴν,</span> <span class='ocrx_word' id='word_1_222' title='bbox 1158 806 1188 832; x_wconf 91' lang='grc' dir='ltr'><strong>τό</strong></span> <span class='ocrx_word' id='word_1_223' title='bbox 1211 814 1241 832; x_wconf 89' lang='grc' dir='ltr'><strong>τε</strong></span> <span class='ocrx_word' id='word_1_224' title='bbox 1264 808 1458 843; x_wconf 79' lang='grc' dir='ltr'>καταπεμῳθὲν</span> <span class='ocrx_word' id='word_1_225' title='bbox 1476 809 1550 844; x_wconf 75' lang='grc' dir='ltr'>αὐτῷ</span> <span class='ocrx_word' id='word_1_226' title='bbox 1567 811 1683 845; x_wconf 83' lang='grc' dir='ltr'>γράμμα</span> <span class='ocrx_word' id='word_1_227' title='bbox 1699 812 1754 843; x_wconf 88' lang='grc' dir='ltr'>τοῖς</span> <span class='ocrx_word' id='word_1_228' title='bbox 1766 812 1838 838; x_wconf 85' lang='grc' dir='ltr'>κατὰ</span> 
     </span>
    </p>
   </div>
   <div class='ocr_carea' id='block_1_33' title="bbox 1049 851 1837 891">
    <p class='ocr_par' dir='ltr' id='par_1_33' title="bbox 1049 851 1837 891">
     <span class='ocr_line' id='line_1_33' title="bbox 1049 851 1837 891; baseline 0.01 -15"><span class='ocrx_word' id='word_1_229' title='bbox 1049 851 1098 886; x_wconf 84' lang='grc' dir='ltr'>τὴν</span> <span class='ocrx_word' id='word_1_230' title='bbox 1116 851 1317 887; x_wconf 78' lang='grc' dir='ltr'>Ἀλεξάνδρειαν</span> <span class='ocrx_word' id='word_1_231' title='bbox 1342 854 1480 889; x_wconf 85' lang='grc' dir='ltr'>ἄπρακτον</span> <span class='ocrx_word' id='word_1_232' title='bbox 1497 855 1579 891; x_wconf 79' lang='grc' dir='ltr'>ἐώρα,</span> <span class='ocrx_word' id='word_1_233' title='bbox 1597 856 1656 882; x_wconf 89' lang='grc' dir='ltr'>τότε</span> <span class='ocrx_word' id='word_1_234' title='bbox 1678 857 1757 889; x_wconf 80' lang='grc' dir='ltr'>αὐτὸς</span> <span class='ocrx_word' id='word_1_235' title='bbox 1771 858 1837 884; x_wconf 80' lang='grc' dir='ltr'>ἑαυ-</span> 
     </span>
    </p>
   </div>
   <div class='ocr_carea' id='block_1_34' title="bbox 216 893 991 938">
    <p class='ocr_par' dir='ltr' id='par_1_34' title="bbox 216 898 991 937">
     <span class='ocr_line' id='line_1_34' title="bbox 216 898 991 937; baseline -0.008 -7"><span class='ocrx_word' id='word_1_236' title='bbox 216 903 330 937; x_wconf 88' lang='lat' dir='ltr'><strong>accepit,</strong></span> <span class='ocrx_word' id='word_1_237' title='bbox 347 908 373 929; x_wconf 89' lang='lat' dir='ltr'><strong>et</strong></span> <span class='ocrx_word' id='word_1_238' title='bbox 386 901 484 928; x_wconf 87' lang='lat' dir='ltr'><strong>litteris</strong></span> <span class='ocrx_word' id='word_1_239' title='bbox 497 908 565 935; x_wconf 89' lang='lat' dir='ltr'><strong>qttas</strong></span> <span class='ocrx_word' id='word_1_240' title='bbox 577 900 610 927; x_wconf 90' lang='lat' dir='ltr'><strong>ad</strong></span> <span class='ocrx_word' id='word_1_241' title='bbox 622 898 824 926; x_wconf 82' lang='lat' dir='ltr'><strong>Alexandrinos</strong></span> <span class='ocrx_word' id='word_1_242' title='bbox 836 898 946 925; x_wconf 78' lang='lat' dir='ltr'><strong>miserat</strong></span> <span class='ocrx_word' id='word_1_243' title='bbox 959 899 991 924; x_wconf 35' lang='lat' dir='ltr'><strong>ni!</strong></span> 
     </span>
    </p>
   </div>
   <div class='ocr_carea' id='block_1_35' title="bbox 1046 893 1839 938">
    <p class='ocr_par' dir='ltr' id='par_1_35' title="bbox 1049 897 1839 938">
     <span class='ocr_line' id='line_1_35' title="bbox 1049 897 1839 938; baseline 0.009 -15"><span class='ocrx_word' id='word_1_244' title='bbox 1049 897 1094 923; x_wconf 78' lang='grc' dir='ltr'><strong>τοῦ</strong></span> <span class='ocrx_word' id='word_1_245' title='bbox 1110 898 1158 933; x_wconf 84' lang='grc' dir='ltr'>τὴν</span> <span class='ocrx_word' id='word_1_246' title='bbox 1176 899 1294 926; x_wconf 79' lang='grc' dir='ltr'>διάνοιαν</span> <span class='ocrx_word' id='word_1_247' title='bbox 1311 899 1487 936; x_wconf 79' lang='grc' dir='ltr'>ἀνακινήσας,</span> <span class='ocrx_word' id='word_1_248' title='bbox 1503 901 1581 928; x_wconf 78' lang='grc' dir='ltr'>ἄλλον</span> <span class='ocrx_word' id='word_1_249' title='bbox 1595 903 1698 929; x_wconf 82' lang='grc' dir='ltr'>τουτονὶ</span> <span class='ocrx_word' id='word_1_250' title='bbox 1712 912 1839 938; x_wconf 86' lang='grc' dir='ltr'>καταγω-</span> 
     </span>
    </p>
   </div>
   <div class='ocr_carea' id='block_1_36' title="bbox 217 943 998 981">
    <p class='ocr_par' dir='ltr' id='par_1_36' title="bbox 217 943 998 981">
     <span class='ocr_line' id='line_1_36' title="bbox 217 943 998 981; baseline -0.006 -7"><span class='ocrx_word' id='word_1_251' title='bbox 217 948 253 974; x_wconf 95' lang='lat' dir='ltr'><strong>hil</strong></span> <span class='ocrx_word' id='word_1_252' title='bbox 275 955 304 974; x_wconf 88' lang='lat' dir='ltr'><strong>se</strong></span> <span class='ocrx_word' id='word_1_253' title='bbox 331 946 480 981; x_wconf 82' lang='lat' dir='ltr'><strong>proiecisse</strong></span> <span class='ocrx_word' id='word_1_254' title='bbox 495 945 645 980; x_wconf 77' lang='lat' dir='ltr'><strong>cognovit,</strong></span> <span class='ocrx_word' id='word_1_255' title='bbox 671 944 769 970; x_wconf 86' lang='lat' dir='ltr'><strong>mentis</strong></span> <span class='ocrx_word' id='word_1_256' title='bbox 785 951 840 970; x_wconf 57' lang='lat' dir='ltr'><strong>sua).</strong></span> <span class='ocrx_word' id='word_1_257' title='bbox 862 943 998 970; x_wconf 80' lang='lat' dir='ltr'><strong>solertiam</strong></span> 
     </span>
    </p>
   </div>
   <div class='ocr_carea' id='block_1_37' title="bbox 216 988 999 1027">
    <p class='ocr_par' dir='ltr' id='par_1_37' title="bbox 216 988 999 1027">
     <span class='ocr_line' id='line_1_37' title="bbox 216 988 999 1027; baseline -0.008 -7"><span class='ocrx_word' id='word_1_258' title='bbox 216 994 274 1027; x_wconf 87' lang='lat' dir='ltr'><strong>ipse</strong></span> <span class='ocrx_word' id='word_1_259' title='bbox 284 992 406 1020; x_wconf 87' lang='lat' dir='ltr'><strong>excitans</strong></span> <span class='ocrx_word' id='word_1_260' title='bbox 418 1012 425 1023; x_wconf 91' lang='lat'><strong>,</strong></span> <span class='ocrx_word' id='word_1_261' title='bbox 447 998 546 1018; x_wconf 93' lang='lat' dir='ltr'><strong>novum</strong></span> <span class='ocrx_word' id='word_1_262' title='bbox 564 989 615 1017; x_wconf 87' lang='lat' dir='ltr'><strong>sibi</strong></span> <span class='ocrx_word' id='word_1_263' title='bbox 642 989 743 1016; x_wconf 87' lang='lat' dir='ltr'><strong>bellum</strong></span> <span class='ocrx_word' id='word_1_264' title='bbox 759 988 891 1016; x_wconf 88' lang='lat' dir='ltr'><strong>adversus</strong></span> <span class='ocrx_word' id='word_1_265' title='bbox 905 988 999 1015; x_wconf 88' lang='lat' dir='ltr'><strong>invisi-</strong></span> 
     </span>
    </p>
   </div>
   <div class='ocr_carea' id='block_1_38' title="bbox 216 1034 999 1069">
    <p class='ocr_par' dir='ltr' id='par_1_38' title="bbox 216 1034 999 1069">
     <span class='ocr_line' id='line_1_38' title="bbox 216 1034 999 1069; baseline -0.006 -4"><span class='ocrx_word' id='word_1_266' title='bbox 216 1038 295 1065; x_wconf 91' lang='lat' dir='ltr'><strong>bilem</strong></span> <span class='ocrx_word' id='word_1_267' title='bbox 318 1038 423 1065; x_wconf 85' lang='lat' dir='ltr'><strong>hostem</strong></span> <span class='ocrx_word' id='word_1_268' title='bbox 442 1036 568 1064; x_wconf 74' lang='lat' dir='ltr'><strong>Ecclesia:</strong></span> <span class='ocrx_word' id='word_1_269' title='bbox 585 1039 684 1063; x_wconf 85' lang='lat' dir='ltr'><strong>statum</strong></span> <span class='ocrx_word' id='word_1_270' title='bbox 700 1034 918 1069; x_wconf 89' lang='lat' dir='ltr'><strong>perturbantent,</strong></span> <span class='ocrx_word' id='word_1_271' title='bbox 935 1041 999 1061; x_wconf 83' lang='lat' dir='ltr'><strong>con-</strong></span> 
     </span>
    </p>
   </div>
   <div class='ocr_carea' id='block_1_39' title="bbox 216 1083 652 1115">
    <p class='ocr_par' dir='ltr' id='par_1_39' title="bbox 216 1083 652 1115">
     <span class='ocr_line' id='line_1_39' title="bbox 216 1083 652 1115; baseline -0.007 -4"><span class='ocrx_word' id='word_1_272' title='bbox 216 1084 359 1111; x_wconf 86' lang='lat' dir='ltr'><strong>Iiciendum</strong></span> <span class='ocrx_word' id='word_1_273' title='bbox 371 1090 432 1110; x_wconf 88' lang='lat' dir='ltr'><strong>esse</strong></span> <span class='ocrx_word' id='word_1_274' title='bbox 446 1083 525 1110; x_wconf 81' lang='lat' dir='ltr'><strong>dixit.</strong></span> <span class='ocrx_word' id='word_1_275' title='bbox 648 1111 652 1115; x_wconf 52' lang='grc'><em>,</em></span> 
     </span>
    </p>
   </div>
   <div class='ocr_carea' id='block_1_40' title="bbox 516 1125 689 1154">
    <p class='ocr_par' dir='ltr' id='par_1_40' title="bbox 516 1125 689 1154">
     <span class='ocr_line' id='line_1_40' title="bbox 516 1125 689 1154; baseline -0.006 -1"><span class='ocrx_word' id='word_1_276' title='bbox 516 1125 629 1154; x_wconf 79' lang='lat' dir='ltr'><strong>CAPUT</strong></span> <span class='ocrx_word' id='word_1_277' title='bbox 646 1126 689 1153; x_wconf 88' lang='lat' dir='ltr'><strong>VI.</strong></span> 
     </span>
    </p>
   </div>
   <div class='ocr_carea' id='block_1_41' title="bbox 327 1170 891 1207">
    <p class='ocr_par' dir='ltr' id='par_1_41' title="bbox 327 1170 891 1207">
     <span class='ocr_line' id='line_1_41' title="bbox 327 1170 891 1207; baseline -0.007 -7"><span class='ocrx_word' id='word_1_278' title='bbox 327 1172 462 1205; x_wconf 84' lang='lat' dir='ltr'><strong>Quomodo</strong></span> <span class='ocrx_word' id='word_1_279' title='bbox 479 1172 606 1207; x_wconf 71' lang='lat' dir='ltr'><strong>synodum</strong></span> <span class='ocrx_word' id='word_1_280' title='bbox 620 1170 718 1198; x_wconf 64' lang='lat' dir='ltr'><strong>Nicaea:</strong></span> <span class='ocrx_word' id='word_1_281' title='bbox 732 1170 790 1204; x_wconf 79' lang='lat' dir='ltr'><strong>ﬁeri</strong></span> <span class='ocrx_word' id='word_1_282' title='bbox 801 1170 891 1204; x_wconf 74' lang='lat' dir='ltr'><strong>jussit.</strong></span> 
     </span>
    </p>
   </div>
   <div class='ocr_carea' id='block_1_42' title="bbox 251 1215 999 1251">
    <p class='ocr_par' dir='ltr' id='par_1_42' title="bbox 251 1215 999 1251">
     <span class='ocr_line' id='line_1_42' title="bbox 251 1215 999 1251; baseline -0.008 -5"><span class='ocrx_word' id='word_1_283' title='bbox 251 1218 310 1246; x_wconf 85' lang='lat' dir='ltr'><strong>Mox</strong></span> <span class='ocrx_word' id='word_1_284' title='bbox 325 1218 397 1246; x_wconf 85' lang='lat' dir='ltr'><strong>velut</strong></span> <span class='ocrx_word' id='word_1_285' title='bbox 409 1217 526 1245; x_wconf 84' lang='lat' dir='ltr'><strong>divinam</strong></span> <span class='ocrx_word' id='word_1_286' title='bbox 542 1216 687 1251; x_wconf 75' lang='lat' dir='ltr'><strong>quamdam</strong></span> <span class='ocrx_word' id='word_1_287' title='bbox 698 1215 858 1250; x_wconf 77' lang='lat' dir='ltr'><strong>phalangem</strong></span> <span class='ocrx_word' id='word_1_288' title='bbox 869 1215 999 1241; x_wconf 84' lang='lat' dir='ltr'><strong>adversus</strong></span> 
     </span>
    </p>
   </div>
   <div class='ocr_carea' id='block_1_43' title="bbox 217 1260 1000 1299">
    <p class='ocr_par' dir='ltr' id='par_1_43' title="bbox 217 1260 1000 1299">
     <span class='ocr_line' id='line_1_43' title="bbox 217 1260 1000 1299; baseline -0.005 -8"><span class='ocrx_word' id='word_1_289' title='bbox 217 1272 278 1291; x_wconf 88' lang='lat' dir='ltr'><strong>eum</strong></span> <span class='ocrx_word' id='word_1_290' title='bbox 293 1265 439 1296; x_wconf 85' lang='lat' dir='ltr'><strong>instruens,</strong></span> <span class='ocrx_word' id='word_1_291' title='bbox 452 1262 606 1299; x_wconf 77' lang='lat' dir='ltr'><strong>generalem</strong></span> <span class='ocrx_word' id='word_1_292' title='bbox 619 1262 749 1297; x_wconf 84' lang='lat' dir='ltr'><strong>synodum</strong></span> <span class='ocrx_word' id='word_1_293' title='bbox 761 1260 936 1293; x_wconf 88' lang='lat' dir='ltr'><strong>convocavit;</strong></span> <span class='ocrx_word' id='word_1_294' title='bbox 954 1260 1000 1287; x_wconf 90' lang='lat' dir='ltr'><strong>ho-</strong></span> 
     </span>
    </p>
   </div>
   <div class='ocr_carea' id='block_1_44' title="bbox 215 1300 998 1343">
    <p class='ocr_par' dir='ltr' id='par_1_44' title="bbox 215 1300 998 1343">
     <span class='ocr_line' id='line_1_44' title="bbox 215 1300 998 1343; baseline -0.005 -7"><span class='ocrx_word' id='word_1_295' title='bbox 215 1309 334 1337; x_wconf 89' lang='lat' dir='ltr'><strong>norillcis</strong></span> <span class='ocrx_word' id='word_1_296' title='bbox 345 1310 443 1337; x_wconf 91' lang='lat' dir='ltr'><strong>litteris</strong></span> <span class='ocrx_word' id='word_1_297' title='bbox 453 1309 593 1343; x_wconf 85' lang='lat' dir='ltr'><strong>episcopos</strong></span> <span class='ocrx_word' id='word_1_298' title='bbox 604 1308 723 1342; x_wconf 91' lang='lat' dir='ltr'><strong>undique</strong></span> <span class='ocrx_word' id='word_1_299' title='bbox 736 1307 863 1339; x_wconf 80' lang='lat' dir='ltr'><strong>invitatis,</strong></span> <span class='ocrx_word' id='word_1_300' title='bbox 872 1300 901 1333; x_wconf 88' lang='lat' dir='ltr'><strong>ut</strong></span> <span class='ocrx_word' id='word_1_301' title='bbox 913 1313 998 1340; x_wconf 86' lang='lat' dir='ltr'><strong>quan-</strong></span> 
     </span>
    </p>
   </div>
   <div class='ocr_carea' id='block_1_45' title="bbox 214 1351 999 1388">
    <p class='ocr_par' dir='ltr' id='par_1_45' title="bbox 214 1351 999 1388">
     <span class='ocr_line' id='line_1_45' title="bbox 214 1351 999 1388; baseline -0.003 -7"><span class='ocrx_word' id='word_1_302' title='bbox 214 1355 301 1382; x_wconf 87' lang='lat' dir='ltr'><strong>tocius</strong></span> <span class='ocrx_word' id='word_1_303' title='bbox 315 1355 452 1383; x_wconf 84' lang='lat' dir='ltr'><strong>adessent.</strong></span> <span class='ocrx_word' id='word_1_304' title='bbox 468 1353 522 1382; x_wconf 83' lang='lat' dir='ltr'><strong>Nec</strong></span> <span class='ocrx_word' id='word_1_305' title='bbox 535 1361 600 1381; x_wconf 89' lang='lat' dir='ltr'><strong>vero</strong></span> <span class='ocrx_word' id='word_1_306' title='bbox 615 1353 728 1388; x_wconf 80' lang='lat' dir='ltr'><strong>simplex</strong></span> <span class='ocrx_word' id='word_1_307' title='bbox 743 1359 775 1379; x_wconf 90' lang='lat' dir='ltr'><strong>ac</strong></span> <span class='ocrx_word' id='word_1_308' title='bbox 789 1352 860 1379; x_wconf 90' lang='lat' dir='ltr'><strong>nuda</strong></span> <span class='ocrx_word' id='word_1_309' title='bbox 873 1356 933 1379; x_wconf 86' lang='lat' dir='ltr'><strong>erat</strong></span> <span class='ocrx_word' id='word_1_310' title='bbox 944 1351 999 1385; x_wconf 84' lang='lat' dir='ltr'><strong>jus-</strong></span> 
     </span>
    </p>
   </div>
   <div class='ocr_carea' id='block_1_46' title="bbox 213 1396 997 1435">
    <p class='ocr_par' dir='ltr' id='par_1_46' title="bbox 213 1396 997 1435">
     <span class='ocr_line' id='line_1_46' title="bbox 213 1396 997 1435; baseline -0.004 -9"><span class='ocrx_word' id='word_1_311' title='bbox 213 1401 253 1427; x_wconf 88' lang='lat' dir='ltr'><strong>sio</strong></span> <span class='ocrx_word' id='word_1_312' title='bbox 269 1408 277 1428; x_wconf 89' lang='lat'><strong>:</strong></span> <span class='ocrx_word' id='word_1_313' title='bbox 293 1400 339 1427; x_wconf 88' lang='lat' dir='ltr'><strong>sed</strong></span> <span class='ocrx_word' id='word_1_314' title='bbox 365 1406 495 1435; x_wconf 66' lang='lat' dir='ltr'><strong>praeterea</strong></span> <span class='ocrx_word' id='word_1_315' title='bbox 516 1400 630 1427; x_wconf 90' lang='lat' dir='ltr'><strong>multum</strong></span> <span class='ocrx_word' id='word_1_316' title='bbox 654 1399 688 1426; x_wconf 88' lang='lat' dir='ltr'><strong>ad</strong></span> <span class='ocrx_word' id='word_1_317' title='bbox 715 1398 767 1425; x_wconf 92' lang='lat' dir='ltr'><strong>hoc</strong></span> <span class='ocrx_word' id='word_1_318' title='bbox 790 1405 858 1432; x_wconf 85' lang='lat' dir='ltr'><strong>opus</strong></span> <span class='ocrx_word' id='word_1_319' title='bbox 883 1396 997 1424; x_wconf 84' lang='lat' dir='ltr'><strong>contulit</strong></span> 
     </span>
    </p>
   </div>
   <div class='ocr_carea' id='block_1_47' title="bbox 213 1444 995 1480">
    <p class='ocr_par' dir='ltr' id='par_1_47' title="bbox 213 1444 995 1480">
     <span class='ocr_line' id='line_1_47' title="bbox 213 1444 995 1480; baseline -0.005 -8"><span class='ocrx_word' id='word_1_320' title='bbox 213 1447 386 1480; x_wconf 85' lang='lat' dir='ltr'><strong>imperatoris</strong></span> <span class='ocrx_word' id='word_1_321' title='bbox 398 1446 564 1480; x_wconf 80' lang='lat' dir='ltr'><strong>benignitas,</strong></span> <span class='ocrx_word' id='word_1_322' title='bbox 579 1445 625 1479; x_wconf 90' lang='lat' dir='ltr'><strong>qui</strong></span> <span class='ocrx_word' id='word_1_323' title='bbox 642 1444 702 1471; x_wconf 88' lang='lat' dir='ltr'><strong>aliis</strong></span> <span class='ocrx_word' id='word_1_324' title='bbox 717 1444 824 1477; x_wconf 87' lang='lat' dir='ltr'><strong>quidem</strong></span> <span class='ocrx_word' id='word_1_325' title='bbox 839 1450 935 1470; x_wconf 80' lang='lat' dir='ltr'><strong>cursus</strong></span> <span class='ocrx_word' id='word_1_326' title='bbox 946 1450 995 1477; x_wconf 91' lang='lat' dir='ltr'><strong>pu-</strong></span> 
     </span>
    </p>
   </div>
   <div class='ocr_carea' id='block_1_48' title="bbox 213 1489 995 1526">
    <p class='ocr_par' dir='ltr' id='par_1_48' title="bbox 213 1489 995 1526">
     <span class='ocr_line' id='line_1_48' title="bbox 213 1489 995 1526; baseline -0.008 -7"><span class='ocrx_word' id='word_1_327' title='bbox 213 1492 275 1519; x_wconf 91' lang='lat' dir='ltr'><strong>blici</strong></span> <span class='ocrx_word' id='word_1_328' title='bbox 292 1492 397 1526; x_wconf 88' lang='lat' dir='ltr'><strong>copiam</strong></span> <span class='ocrx_word' id='word_1_329' title='bbox 409 1491 539 1526; x_wconf 63' lang='lat' dir='ltr'><strong>praebuit,</strong></span> <span class='ocrx_word' id='word_1_330' title='bbox 567 1490 628 1518; x_wconf 84' lang='lat' dir='ltr'><strong>aliis</strong></span> <span class='ocrx_word' id='word_1_331' title='bbox 640 1497 704 1517; x_wconf 89' lang='lat' dir='ltr'><strong>vero</strong></span> <span class='ocrx_word' id='word_1_332' title='bbox 718 1489 903 1522; x_wconf 86' lang='lat' dir='ltr'><strong>jumentorum</strong></span> <span class='ocrx_word' id='word_1_333' title='bbox 918 1494 995 1514; x_wconf 81' lang='lat' dir='ltr'><strong>usum</strong></span> 
     </span>
    </p>
   </div>
   <div class='ocr_carea' id='block_1_49' title="bbox 213 1532 996 1569">
    <p class='ocr_par' dir='ltr' id='par_1_49' title="bbox 213 1532 996 1569">
     <span class='ocr_line' id='line_1_49' title="bbox 213 1532 996 1569; baseline -0.006 -5"><span class='ocrx_word' id='word_1_334' title='bbox 213 1537 319 1564; x_wconf 74' lang='lat' dir='ltr'><strong>abunde</strong></span> <span class='ocrx_word' id='word_1_335' title='bbox 330 1536 554 1564; x_wconf 83' lang='lat' dir='ltr'><strong>subministravit.</strong></span> <span class='ocrx_word' id='word_1_336' title='bbox 564 1536 631 1569; x_wconf 85' lang='lat' dir='ltr'><strong>Quin</strong></span> <span class='ocrx_word' id='word_1_337' title='bbox 642 1535 724 1562; x_wconf 88' lang='lat' dir='ltr'><strong>etiam</strong></span> <span class='ocrx_word' id='word_1_338' title='bbox 735 1535 812 1562; x_wconf 87' lang='lat' dir='ltr'><strong>sedes</strong></span> <span class='ocrx_word' id='word_1_339' title='bbox 821 1533 882 1560; x_wconf 88' lang='lat' dir='ltr'><strong>huic</strong></span> <span class='ocrx_word' id='word_1_340' title='bbox 894 1532 996 1567; x_wconf 86' lang='lat' dir='ltr'><strong>synodo</strong></span> 
     </span>
    </p>
   </div>
   <div class='ocr_carea' id='block_1_50' title="bbox 215 1579 995 1615">
    <p class='ocr_par' dir='ltr' id='par_1_50' title="bbox 215 1579 995 1615">
     <span class='ocr_line' id='line_1_50' title="bbox 215 1579 995 1615; baseline -0.005 -6"><span class='ocrx_word' id='word_1_341' title='bbox 215 1581 470 1609; x_wconf 79' lang='lat' dir='ltr'><strong>cortvenientissima</strong></span> <span class='ocrx_word' id='word_1_342' title='bbox 485 1582 619 1615; x_wconf 66' lang='lat' dir='ltr'><strong>assignate</strong></span> <span class='ocrx_word' id='word_1_343' title='bbox 631 1585 682 1612; x_wconf 86' lang='lat' dir='ltr'><strong>est,</strong></span> <span class='ocrx_word' id='word_1_344' title='bbox 698 1581 764 1607; x_wconf 88' lang='lat' dir='ltr'><strong>urbs</strong></span> <span class='ocrx_word' id='word_1_345' title='bbox 775 1586 835 1613; x_wconf 71' lang='lat' dir='ltr'><strong>quae</strong></span> <span class='ocrx_word' id='word_1_346' title='bbox 851 1587 865 1605; x_wconf 95' lang='lat' dir='ltr'><strong>a</strong></span> <span class='ocrx_word' id='word_1_347' title='bbox 881 1579 995 1606; x_wconf 77' lang='lat' dir='ltr'><strong>vict0rin</strong></span> 
     </span>
    </p>
   </div>
   <div class='ocr_carea' id='block_1_51' title="bbox 212 1624 995 1661">
    <p class='ocr_par' dir='ltr' id='par_1_51' title="bbox 212 1624 995 1661">
     <span class='ocr_line' id='line_1_51' title="bbox 212 1624 995 1661; baseline -0.006 -6"><span class='ocrx_word' id='word_1_348' title='bbox 212 1636 310 1656; x_wconf 90' lang='lat' dir='ltr'><strong>nomen</strong></span> <span class='ocrx_word' id='word_1_349' title='bbox 326 1627 408 1654; x_wconf 82' lang='lat' dir='ltr'><strong>habet</strong></span> <span class='ocrx_word' id='word_1_350' title='bbox 424 1626 523 1659; x_wconf 72' lang='lat' dir='ltr'><strong>Nicaea,</strong></span> <span class='ocrx_word' id='word_1_351' title='bbox 550 1627 576 1653; x_wconf 91' lang='lat' dir='ltr'><strong>in</strong></span> <span class='ocrx_word' id='word_1_352' title='bbox 597 1626 720 1661; x_wconf 86' lang='lat' dir='ltr'><strong>Bithynia</strong></span> <span class='ocrx_word' id='word_1_353' title='bbox 745 1625 807 1652; x_wconf 88' lang='lat' dir='ltr'><strong>sita.</strong></span> <span class='ocrx_word' id='word_1_354' title='bbox 823 1624 930 1651; x_wconf 80' lang='lat' dir='ltr'><strong>Perlato</strong></span> <span class='ocrx_word' id='word_1_355' title='bbox 945 1624 995 1658; x_wconf 84' lang='lat' dir='ltr'><strong>igi-</strong></span> 
     </span>
    </p>
   </div>
   <div class='ocr_carea' id='block_1_52' title="bbox 214 1671 994 1707">
    <p class='ocr_par' dir='ltr' id='par_1_52' title="bbox 214 1671 994 1707">
     <span class='ocr_line' id='line_1_52' title="bbox 214 1671 994 1707; baseline -0.006 -7"><span class='ocrx_word' id='word_1_356' title='bbox 214 1679 256 1700; x_wconf 91' lang='lat' dir='ltr'><strong>tur</strong></span> <span class='ocrx_word' id='word_1_357' title='bbox 271 1673 297 1700; x_wconf 94' lang='lat' dir='ltr'><strong>in</strong></span> <span class='ocrx_word' id='word_1_358' title='bbox 313 1679 407 1699; x_wconf 90' lang='lat' dir='ltr'><strong>omnes</strong></span> <span class='ocrx_word' id='word_1_359' title='bbox 425 1671 579 1707; x_wconf 87' lang='lat' dir='ltr'><strong>provincias</strong></span> <span class='ocrx_word' id='word_1_360' title='bbox 595 1671 766 1706; x_wconf 89' lang='lat' dir='ltr'><strong>imperatoris</strong></span> <span class='ocrx_word' id='word_1_361' title='bbox 780 1673 925 1704; x_wconf 57' lang='lat' dir='ltr'><strong>praecepto,</strong></span> <span class='ocrx_word' id='word_1_362' title='bbox 939 1673 994 1696; x_wconf 84' lang='lat' dir='ltr'><strong>sta-</strong></span> 
     </span>
    </p>
   </div>
   <div class='ocr_carea' id='block_1_53' title="bbox 214 1716 992 1748">
    <p class='ocr_par' dir='ltr' id='par_1_53' title="bbox 214 1716 992 1748">
     <span class='ocr_line' id='line_1_53' title="bbox 214 1716 992 1748; baseline -0.005 -3"><span class='ocrx_word' id='word_1_363' title='bbox 214 1719 260 1745; x_wconf 90' lang='lat' dir='ltr'><strong>tim</strong></span> <span class='ocrx_word' id='word_1_364' title='bbox 275 1718 362 1745; x_wconf 90' lang='lat' dir='ltr'><strong>cuncti</strong></span> <span class='ocrx_word' id='word_1_365' title='bbox 390 1717 464 1745; x_wconf 89' lang='lat' dir='ltr'><strong>velut</strong></span> <span class='ocrx_word' id='word_1_366' title='bbox 478 1724 510 1744; x_wconf 93' lang='lat' dir='ltr'><strong>ex</strong></span> <span class='ocrx_word' id='word_1_367' title='bbox 527 1721 671 1744; x_wconf 88' lang='lat' dir='ltr'><strong>transenna</strong></span> <span class='ocrx_word' id='word_1_368' title='bbox 695 1716 797 1748; x_wconf 89' lang='lat' dir='ltr'><strong>emissi,</strong></span> <span class='ocrx_word' id='word_1_369' title='bbox 814 1722 917 1743; x_wconf 88' lang='lat' dir='ltr'><strong>summa</strong></span> <span class='ocrx_word' id='word_1_370' title='bbox 932 1721 992 1741; x_wconf 90' lang='lat' dir='ltr'><strong>cum</strong></span> 
     </span>
    </p>
   </div>
   <div class='ocr_carea' id='block_1_54' title="bbox 212 1761 993 1795">
    <p class='ocr_par' dir='ltr' id='par_1_54' title="bbox 212 1761 993 1795">
     <span class='ocr_line' id='line_1_54' title="bbox 212 1761 993 1795; baseline -0.004 -5"><span class='ocrx_word' id='word_1_371' title='bbox 212 1764 352 1790; x_wconf 82' lang='lat' dir='ltr'><strong>alacritate</strong></span> <span class='ocrx_word' id='word_1_372' title='bbox 378 1763 549 1790; x_wconf 81' lang='lat' dir='ltr'><strong>advolarunt.</strong></span> <span class='ocrx_word' id='word_1_373' title='bbox 576 1762 720 1789; x_wconf 83' lang='lat' dir='ltr'><strong>Alliciebat</strong></span> <span class='ocrx_word' id='word_1_374' title='bbox 745 1761 849 1788; x_wconf 86' lang='lat' dir='ltr'><strong>scilicet</strong></span> <span class='ocrx_word' id='word_1_375' title='bbox 870 1767 917 1787; x_wconf 91' lang='lat' dir='ltr'><strong>eos</strong></span> <span class='ocrx_word' id='word_1_376' title='bbox 931 1767 993 1795; x_wconf 89' lang='lat' dir='ltr'><strong>spes</strong></span> 
     </span>
    </p>
   </div>
   <div class='ocr_carea' id='block_1_55' title="bbox 213 1805 991 1842">
    <p class='ocr_par' dir='ltr' id='par_1_55' title="bbox 213 1805 991 1842">
     <span class='ocr_line' id='line_1_55' title="bbox 213 1805 991 1842; baseline -0.003 -8"><span class='ocrx_word' id='word_1_377' title='bbox 213 1808 354 1840; x_wconf 88' lang='lat' dir='ltr'><strong>bonorum,</strong></span> <span class='ocrx_word' id='word_1_378' title='bbox 367 1812 393 1835; x_wconf 87' lang='lat' dir='ltr'><strong>et</strong></span> <span class='ocrx_word' id='word_1_379' title='bbox 409 1807 549 1841; x_wconf 69' lang='lat' dir='ltr'><strong>praesentis</strong></span> <span class='ocrx_word' id='word_1_380' title='bbox 563 1807 635 1842; x_wconf 87' lang='lat' dir='ltr'><strong>pacis</strong></span> <span class='ocrx_word' id='word_1_381' title='bbox 649 1806 854 1841; x_wconf 85' lang='lat' dir='ltr'><strong>opportunitas;</strong></span> <span class='ocrx_word' id='word_1_382' title='bbox 869 1805 929 1832; x_wconf 90' lang='lat' dir='ltr'><strong>novi</strong></span> <span class='ocrx_word' id='word_1_383' title='bbox 945 1805 991 1832; x_wconf 87' lang='lat' dir='ltr'><strong>de-</strong></span> 
     </span>
    </p>
   </div>
   <div class='ocr_carea' id='block_1_56' title="bbox 212 1851 993 1888">
    <p class='ocr_par' dir='ltr' id='par_1_56' title="bbox 212 1851 993 1888">
     <span class='ocr_line' id='line_1_56' title="bbox 212 1851 993 1888; baseline -0.005 -7"><span class='ocrx_word' id='word_1_384' title='bbox 212 1855 292 1888; x_wconf 87' lang='lat' dir='ltr'><strong>nique</strong></span> <span class='ocrx_word' id='word_1_385' title='bbox 307 1854 442 1886; x_wconf 85' lang='lat' dir='ltr'><strong>miraculi,</strong></span> <span class='ocrx_word' id='word_1_386' title='bbox 471 1853 536 1880; x_wconf 90' lang='lat' dir='ltr'><strong>tanti</strong></span> <span class='ocrx_word' id='word_1_387' title='bbox 554 1853 680 1879; x_wconf 92' lang='lat' dir='ltr'><strong>nimirum</strong></span> <span class='ocrx_word' id='word_1_388' title='bbox 700 1851 993 1886; x_wconf 87' lang='lat' dir='ltr'><strong>imperatoris,specta-</strong></span> 
     </span>
    </p>
   </div>
   <div class='ocr_carea' id='block_1_57' title="bbox 210 1896 992 1932">
    <p class='ocr_par' dir='ltr' id='par_1_57' title="bbox 210 1896 992 1932">
     <span class='ocr_line' id='line_1_57' title="bbox 210 1896 992 1932; baseline -0.004 -6"><span class='ocrx_word' id='word_1_389' title='bbox 210 1898 310 1926; x_wconf 90' lang='lat' dir='ltr'><strong>culum.</strong></span> <span class='ocrx_word' id='word_1_390' title='bbox 325 1897 505 1932; x_wconf 85' lang='lat' dir='ltr'><strong>Posteaquam</strong></span> <span class='ocrx_word' id='word_1_391' title='bbox 521 1898 548 1925; x_wconf 93' lang='lat' dir='ltr'><strong>in</strong></span> <span class='ocrx_word' id='word_1_392' title='bbox 565 1904 646 1924; x_wconf 90' lang='lat' dir='ltr'><strong>unum</strong></span> <span class='ocrx_word' id='word_1_393' title='bbox 673 1903 836 1929; x_wconf 81' lang='lat' dir='ltr'><strong>convenere,</strong></span> <span class='ocrx_word' id='word_1_394' title='bbox 863 1896 907 1922; x_wconf 83' lang='lat' dir='ltr'><strong>Dei</strong></span> <span class='ocrx_word' id='word_1_395' title='bbox 923 1903 992 1930; x_wconf 88' lang='lat' dir='ltr'><strong>opus</strong></span> 
     </span>
    </p>
   </div>
   <div class='ocr_carea' id='block_1_58' title="bbox 209 1941 991 1980">
    <p class='ocr_par' dir='ltr' id='par_1_58' title="bbox 209 1941 991 1980">
     <span class='ocr_line' id='line_1_58' title="bbox 209 1941 991 1980; baseline -0.005 -8"><span class='ocrx_word' id='word_1_396' title='bbox 209 1952 270 1972; x_wconf 88' lang='lat' dir='ltr'><strong>esse</strong></span> <span class='ocrx_word' id='word_1_397' title='bbox 284 1945 309 1972; x_wconf 89' lang='lat' dir='ltr'><strong>id</strong></span> <span class='ocrx_word' id='word_1_398' title='bbox 322 1945 393 1979; x_wconf 91' lang='lat' dir='ltr'><strong>quod</strong></span> <span class='ocrx_word' id='word_1_399' title='bbox 408 1944 554 1980; x_wconf 76' lang='lat' dir='ltr'><strong>gerebatur</strong></span> <span class='ocrx_word' id='word_1_400' title='bbox 569 1942 702 1978; x_wconf 84' lang='lat' dir='ltr'><strong>apparuit.</strong></span> <span class='ocrx_word' id='word_1_401' title='bbox 712 1941 779 1970; x_wconf 85' lang='lat' dir='ltr'><strong>Nam</strong></span> <span class='ocrx_word' id='word_1_402' title='bbox 790 1943 836 1977; x_wconf 91' lang='lat' dir='ltr'><strong>qui</strong></span> <span class='ocrx_word' id='word_1_403' title='bbox 846 1949 901 1969; x_wconf 93' lang='lat' dir='ltr'><strong>non</strong></span> <span class='ocrx_word' id='word_1_404' title='bbox 912 1942 991 1969; x_wconf 90' lang='lat' dir='ltr'><strong>modo</strong></span> 
     </span>
    </p>
   </div>
   <div class='ocr_carea' id='block_1_59' title="bbox 210 1988 990 2025">
    <p class='ocr_par' dir='ltr' id='par_1_59' title="bbox 210 1988 990 2025">
     <span class='ocr_line' id='line_1_59' title="bbox 210 1988 990 2025; baseline -0.004 -7"><span class='ocrx_word' id='word_1_405' title='bbox 210 1991 319 2024; x_wconf 89' lang='lat' dir='ltr'><strong>animis,</strong></span> <span class='ocrx_word' id='word_1_406' title='bbox 333 1998 425 2018; x_wconf 91' lang='lat' dir='ltr'><strong>verum</strong></span> <span class='ocrx_word' id='word_1_407' title='bbox 444 1991 528 2018; x_wconf 90' lang='lat' dir='ltr'><strong>etiam</strong></span> <span class='ocrx_word' id='word_1_408' title='bbox 551 1990 711 2025; x_wconf 87' lang='lat' dir='ltr'><strong>corporibus</strong></span> <span class='ocrx_word' id='word_1_409' title='bbox 731 1994 758 2016; x_wconf 89' lang='lat' dir='ltr'><strong>et</strong></span> <span class='ocrx_word' id='word_1_410' title='bbox 788 1988 944 2024; x_wconf 77' lang='lat' dir='ltr'><strong>regionibus</strong></span> <span class='ocrx_word' id='word_1_411' title='bbox 958 1994 990 2015; x_wconf 89' lang='lat' dir='ltr'><strong>ac</strong></span> 
     </span>
    </p>
   </div>
   <div class='ocr_carea' id='block_1_60' title="bbox 209 2034 987 2071">
    <p class='ocr_par' dir='ltr' id='par_1_60' title="bbox 209 2034 987 2071">
     <span class='ocr_line' id='line_1_60' title="bbox 209 2034 987 2071; baseline -0.005 -8"><span class='ocrx_word' id='word_1_412' title='bbox 209 2036 274 2064; x_wconf 90' lang='lat' dir='ltr'><strong>locis</strong></span> <span class='ocrx_word' id='word_1_413' title='bbox 291 2041 318 2064; x_wconf 89' lang='lat' dir='ltr'><strong>et</strong></span> <span class='ocrx_word' id='word_1_414' title='bbox 334 2036 480 2071; x_wconf 85' lang='lat' dir='ltr'><strong>provinciis</strong></span> <span class='ocrx_word' id='word_1_415' title='bbox 495 2036 650 2070; x_wconf 81' lang='lat' dir='ltr'><strong>longissime</strong></span> <span class='ocrx_word' id='word_1_416' title='bbox 667 2035 738 2061; x_wconf 86' lang='lat' dir='ltr'><strong>inter</strong></span> <span class='ocrx_word' id='word_1_417' title='bbox 751 2041 780 2061; x_wconf 89' lang='lat' dir='ltr'><strong>se</strong></span> <span class='ocrx_word' id='word_1_418' title='bbox 794 2034 881 2061; x_wconf 88' lang='lat' dir='ltr'><strong>dissiti</strong></span> <span class='ocrx_word' id='word_1_419' title='bbox 898 2037 987 2066; x_wconf 80' lang='lat' dir='ltr'><strong>erant,</strong></span> 
     </span>
    </p>
   </div>
   <div class='ocr_carea' id='block_1_61' title="bbox 1048 943 1836 984">
    <p class='ocr_par' dir='ltr' id='par_1_61' title="bbox 1048 943 1836 984">
     <span class='ocr_line' id='line_1_61' title="bbox 1048 943 1836 984; baseline 0.009 -15"><span class='ocrx_word' id='word_1_420' title='bbox 1048 943 1161 970; x_wconf 80' lang='grc' dir='ltr'>νιεῖσθαι</span> <span class='ocrx_word' id='word_1_421' title='bbox 1174 944 1227 971; x_wconf 85' lang='grc' dir='ltr'>δεῖν</span> <span class='ocrx_word' id='word_1_422' title='bbox 1244 945 1294 980; x_wconf 73' lang='grc' dir='ltr'><strong>ἔφη</strong></span> <span class='ocrx_word' id='word_1_423' title='bbox 1307 945 1352 971; x_wconf 78' lang='grc' dir='ltr'>τὸν</span> <span class='ocrx_word' id='word_1_424' title='bbox 1365 946 1434 972; x_wconf 82' lang='grc' dir='ltr'><strong>κατά</strong></span> <span class='ocrx_word' id='word_1_425' title='bbox 1449 946 1496 972; x_wconf 88' lang='grc' dir='ltr'><strong>τοῦ</strong></span> <span class='ocrx_word' id='word_1_426' title='bbox 1511 948 1690 982; x_wconf 77' lang='grc' dir='ltr'>ταράττοντος</span> <span class='ocrx_word' id='word_1_427' title='bbox 1702 949 1750 984; x_wconf 83' lang='grc' dir='ltr'>τὴν</span> <span class='ocrx_word' id='word_1_428' title='bbox 1773 949 1836 976; x_wconf 84' lang='grc' dir='ltr'>Ἐκ-</span> 
     </span>
    </p>
   </div>
   <div class='ocr_carea' id='block_1_62' title="bbox 1049 988 1550 1028">
    <p class='ocr_par' dir='ltr' id='par_1_62' title="bbox 1049 988 1550 1028">
     <span class='ocr_line' id='line_1_62' title="bbox 1049 988 1550 1028; baseline 0.01 -14"><span class='ocrx_word' id='word_1_429' title='bbox 1049 988 1162 1023; x_wconf 88' lang='grc' dir='ltr'>κλησίαν</span> <span class='ocrx_word' id='word_1_430' title='bbox 1176 991 1294 1024; x_wconf 80' lang='grc' dir='ltr'>ἀφανοῦς</span> <span class='ocrx_word' id='word_1_431' title='bbox 1311 990 1407 1027; x_wconf 78' lang='grc' dir='ltr'>ἐχθροῦ</span> <span class='ocrx_word' id='word_1_432' title='bbox 1424 991 1550 1028; x_wconf 82' lang='grc' dir='ltr'>πόλεμον.</span> 
     </span>
    </p>
   </div>
   <div class='ocr_carea' id='block_1_63' title="bbox 1311 1123 1564 1159">
    <p class='ocr_par' dir='ltr' id='par_1_63' title="bbox 1311 1123 1564 1159">
     <span class='ocr_line' id='line_1_63' title="bbox 1311 1123 1564 1159; baseline 0.012 -10"><span class='ocrx_word' id='word_1_433' title='bbox 1311 1123 1508 1152; x_wconf 79' lang='grc' dir='ltr'><strong>ΚΕΦΑΛΑΙΟΝ</strong></span> <span class='ocrx_word' id='word_1_434' title='bbox 1519 1127 1564 1159; x_wconf 70' lang='grc' dir='ltr'><strong>εῖτ.</strong></span> 
     </span>
    </p>
   </div>
   <div class='ocr_carea' id='block_1_64' title="bbox 1050 1165 1833 1207">
    <p class='ocr_par' dir='ltr' id='par_1_64' title="bbox 1050 1165 1833 1207">
     <span class='ocr_line' id='line_1_64' title="bbox 1050 1165 1833 1207; baseline 0.013 -15"><span class='ocrx_word' id='word_1_435' title='bbox 1050 1165 1144 1199; x_wconf 81' lang='grc' dir='ltr'>Ὀπως</span> <span class='ocrx_word' id='word_1_436' title='bbox 1161 1167 1292 1195; x_wconf 75' lang='grc' dir='ltr'>σύνοδον</span> <span class='ocrx_word' id='word_1_437' title='bbox 1307 1169 1342 1196; x_wconf 79' lang='grc' dir='ltr'>ἐν</span> <span class='ocrx_word' id='word_1_438' title='bbox 1358 1171 1464 1204; x_wconf 62' lang='lat' dir='ltr'><strong>Nimio</strong></span> <span class='ocrx_word' id='word_1_439' title='bbox 1479 1171 1616 1206; x_wconf 69' lang='grc' dir='ltr'>γενέσθαι</span> <span class='ocrx_word' id='word_1_440' title='bbox 1637 1173 1833 1207; x_wconf 75' lang='grc' dir='ltr'><strong>προσέταξεν.</strong></span> 
     </span>
    </p>
   </div>
   <div class='ocr_carea' id='block_1_65' title="bbox 1084 1210 1835 1255">
    <p class='ocr_par' dir='ltr' id='par_1_65' title="bbox 1084 1210 1835 1255">
     <span class='ocr_line' id='line_1_65' title="bbox 1084 1210 1835 1255; baseline 0.013 -17"><span class='ocrx_word' id='word_1_441' title='bbox 1084 1210 1140 1239; x_wconf 84' lang='grc' dir='ltr'>Εἶθ’</span> <span class='ocrx_word' id='word_1_442' title='bbox 1161 1213 1254 1250; x_wconf 86' lang='grc' dir='ltr'>ὥσπερ</span> <span class='ocrx_word' id='word_1_443' title='bbox 1277 1215 1478 1251; x_wconf 81' lang='grc' dir='ltr'>ὲπιστρατεύων</span> <span class='ocrx_word' id='word_1_444' title='bbox 1495 1218 1582 1253; x_wconf 83' lang='grc' dir='ltr'>αὐτῷ,</span> <span class='ocrx_word' id='word_1_445' title='bbox 1607 1219 1675 1245; x_wconf 81' lang='grc' dir='ltr'>Θεοῦ</span> <span class='ocrx_word' id='word_1_446' title='bbox 1703 1220 1835 1255; x_wconf 79' lang='grc' dir='ltr'>φάλαγγα</span> 
     </span>
    </p>
   </div>
   <div class='ocr_carea' id='block_1_66' title="bbox 1049 1257 1833 1298">
    <p class='ocr_par' dir='ltr' id='par_1_66' title="bbox 1049 1257 1833 1298">
     <span class='ocr_line' id='line_1_66' title="bbox 1049 1257 1833 1298; baseline 0.014 -15"><span class='ocrx_word' id='word_1_447' title='bbox 1049 1257 1156 1284; x_wconf 86' lang='grc' dir='ltr'>σύνοδον</span> <span class='ocrx_word' id='word_1_448' title='bbox 1172 1260 1362 1297; x_wconf 78' lang='grc' dir='ltr'>οἱχουμενικὴν</span> <span class='ocrx_word' id='word_1_449' title='bbox 1378 1263 1544 1298; x_wconf 78' lang='grc' dir='ltr'>συνεκρότει,</span> <span class='ocrx_word' id='word_1_450' title='bbox 1561 1265 1684 1292; x_wconf 80' lang='grc' dir='ltr'>σπεύδειν</span> <span class='ocrx_word' id='word_1_451' title='bbox 1707 1267 1833 1294; x_wconf 85' lang='grc' dir='ltr'>ἁπαντα-</span> 
     </span>
    </p>
   </div>
   <div class='ocr_carea' id='block_1_67' title="bbox 1048 1303 1833 1349">
    <p class='ocr_par' dir='ltr' id='par_1_67' title="bbox 1048 1303 1833 1349">
     <span class='ocr_line' id='line_1_67' title="bbox 1048 1303 1833 1349; baseline 0.017 -20"><span class='ocrx_word' id='word_1_452' title='bbox 1048 1303 1125 1338; x_wconf 85' lang='grc' dir='ltr'>χόθεν</span> <span class='ocrx_word' id='word_1_453' title='bbox 1138 1305 1200 1337; x_wconf 85' lang='grc' dir='ltr'>τοὺς</span> <span class='ocrx_word' id='word_1_454' title='bbox 1213 1306 1380 1339; x_wconf 76' lang='grc' dir='ltr'>ἐπισκόπους</span> <span class='ocrx_word' id='word_1_455' title='bbox 1392 1309 1537 1344; x_wconf 81' lang='grc' dir='ltr'>γράμμασι</span> <span class='ocrx_word' id='word_1_456' title='bbox 1555 1314 1708 1346; x_wconf 80' lang='grc' dir='ltr'>τιμητικοῖς</span> <span class='ocrx_word' id='word_1_457' title='bbox 1726 1322 1833 1349; x_wconf 77' lang='grc' dir='ltr'>προκα-</span> 
     </span>
    </p>
   </div>
   <div class='ocr_carea' id='block_1_68' title="bbox 1048 1349 1835 1394">
    <p class='ocr_par' dir='ltr' id='par_1_68' title="bbox 1048 1349 1835 1394">
     <span class='ocr_line' id='line_1_68' title="bbox 1048 1349 1835 1394; baseline 0.014 -19"><span class='ocrx_word' id='word_1_458' title='bbox 1048 1349 1187 1394; x_wconf 83' lang='grc' dir='ltr'>λούμενος.</span> <span class='ocrx_word' id='word_1_459' title='bbox 1213 1352 1270 1378; x_wconf 79' lang='grc' dir='ltr'><strong>Οὐκ</strong></span> <span class='ocrx_word' id='word_1_460' title='bbox 1285 1350 1318 1387; x_wconf 84' lang='grc' dir='ltr'>ἦν</span> <span class='ocrx_word' id='word_1_461' title='bbox 1332 1352 1355 1379; x_wconf 80' lang='grc' dir='ltr'>θ’</span> <span class='ocrx_word' id='word_1_462' title='bbox 1372 1353 1475 1381; x_wconf 86' lang='grc' dir='ltr'>ἁπλοῦν</span> <span class='ocrx_word' id='word_1_463' title='bbox 1490 1356 1520 1382; x_wconf 80' lang='grc' dir='ltr'>τὸ</span> <span class='ocrx_word' id='word_1_464' title='bbox 1535 1357 1684 1393; x_wconf 79' lang='grc' dir='ltr'>ἐπίταγμα,</span> <span class='ocrx_word' id='word_1_465' title='bbox 1704 1360 1835 1394; x_wconf 76' lang='grc' dir='ltr'>συνήργει</span> 
     </span>
    </p>
   </div>
   <div class='ocr_carea' id='block_1_69' title="bbox 1047 1393 1834 1440">
    <p class='ocr_par' dir='ltr' id='par_1_69' title="bbox 1047 1393 1834 1440">
     <span class='ocr_line' id='line_1_69' title="bbox 1047 1393 1834 1440; baseline 0 -8"><span class='ocrx_word' id='word_1_466' title='bbox 1047 1393 1075 1440; x_wconf 50' lang='grc' dir='ltr'><strong>δὲ</strong></span> <span class='ocrx_word' id='word_1_467' title='bbox 1091 1396 1136 1422; x_wconf 61' lang='grc' dir='ltr'><strong>καὶ</strong></span> <span class='ocrx_word' id='word_1_468' title='bbox 1149 1396 1217 1432; x_wconf 70' lang='grc' dir='ltr'><strong>αὐτῇ</strong></span> <span class='ocrx_word' id='word_1_469' title='bbox 1230 1397 1327 1432; x_wconf 78' lang='grc' dir='ltr'><strong>πράξει</strong></span> <span class='ocrx_word' id='word_1_470' title='bbox 1347 1398 1376 1425; x_wconf 77' lang='grc' dir='ltr'>τὸ</span> <span class='ocrx_word' id='word_1_471' title='bbox 1391 1399 1521 1434; x_wconf 82' lang='grc' dir='ltr'>βασιλέως</span> <span class='ocrx_word' id='word_1_472' title='bbox 1535 1402 1632 1437; x_wconf 85' lang='grc' dir='ltr'>νεῦμα,</span> <span class='ocrx_word' id='word_1_473' title='bbox 1643 1402 1684 1435; x_wconf 73' lang='grc' dir='ltr'>οἷς</span> <span class='ocrx_word' id='word_1_474' title='bbox 1696 1405 1744 1440; x_wconf 85' lang='grc' dir='ltr'>μὲν</span> <span class='ocrx_word' id='word_1_475' title='bbox 1755 1393 1834 1438; x_wconf 63' lang='grc' dir='ltr'>ἔξου-</span> 
     </span>
    </p>
   </div>
   <div class='ocr_carea' id='block_1_70' title="bbox 1048 1439 1833 1488">
    <p class='ocr_par' dir='ltr' id='par_1_70' title="bbox 1048 1439 1833 1488">
     <span class='ocr_line' id='line_1_70' title="bbox 1048 1439 1833 1488; baseline 0.018 -23"><span class='ocrx_word' id='word_1_476' title='bbox 1048 1439 1107 1488; x_wconf 78' lang='grc' dir='ltr'>σίαν</span> <span class='ocrx_word' id='word_1_477' title='bbox 1117 1441 1246 1476; x_wconf 81' lang='grc' dir='ltr'>δημοσίου</span> <span class='ocrx_word' id='word_1_478' title='bbox 1258 1444 1376 1480; x_wconf 86' lang='grc' dir='ltr'>παρέχον</span> <span class='ocrx_word' id='word_1_479' title='bbox 1387 1445 1487 1482; x_wconf 84' lang='grc' dir='ltr'>δρόμου</span> <span class='ocrx_word' id='word_1_480' title='bbox 1497 1447 1562 1482; x_wconf 75' lang='lat'><strong>(32),</strong></span> <span class='ocrx_word' id='word_1_481' title='bbox 1578 1446 1619 1481; x_wconf 81' lang='grc' dir='ltr'>οἷς</span> <span class='ocrx_word' id='word_1_482' title='bbox 1634 1449 1663 1476; x_wconf 76' lang='grc' dir='ltr'>δὲ</span> <span class='ocrx_word' id='word_1_483' title='bbox 1671 1452 1833 1488; x_wconf 81' lang='grc' dir='ltr'>νωτοφόρων</span> 
     </span>
    </p>
   </div>
   <div class='ocr_carea' id='block_1_71' title="bbox 1048 1485 1833 1532">
    <p class='ocr_par' dir='ltr' id='par_1_71' title="bbox 1048 1485 1833 1532">
     <span class='ocr_line' id='line_1_71' title="bbox 1048 1485 1833 1532; baseline 0.018 -21"><span class='ocrx_word' id='word_1_484' title='bbox 1048 1485 1198 1522; x_wconf 72' lang='grc' dir='ltr'>ὑπηρεσίας</span> <span class='ocrx_word' id='word_1_485' title='bbox 1214 1488 1360 1522; x_wconf 83' lang='grc' dir='ltr'>ἀφθόνους·</span> <span class='ocrx_word' id='word_1_486' title='bbox 1378 1491 1478 1527; x_wconf 84' lang='grc' dir='ltr'>ὥριστο</span> <span class='ocrx_word' id='word_1_487' title='bbox 1504 1494 1532 1519; x_wconf 75' lang='grc' dir='ltr'>δὲ</span> <span class='ocrx_word' id='word_1_488' title='bbox 1557 1495 1602 1521; x_wconf 77' lang='grc' dir='ltr'>καὶ</span> <span class='ocrx_word' id='word_1_489' title='bbox 1629 1496 1702 1528; x_wconf 77' lang='grc' dir='ltr'>πόλις</span> <span class='ocrx_word' id='word_1_490' title='bbox 1725 1485 1833 1532; x_wconf 72' lang='grc' dir='ltr'>ἐμπρέ-</span> 
     </span>
    </p>
   </div>
   <div class='ocr_carea' id='block_1_72' title="bbox 1048 1534 1833 1574">
    <p class='ocr_par' dir='ltr' id='par_1_72' title="bbox 1048 1534 1833 1574">
     <span class='ocr_line' id='line_1_72' title="bbox 1048 1534 1833 1574; baseline 0.015 -16"><span class='ocrx_word' id='word_1_491' title='bbox 1048 1540 1136 1559; x_wconf 77' lang='grc' dir='ltr'>πουσα</span> <span class='ocrx_word' id='word_1_492' title='bbox 1151 1534 1183 1569; x_wconf 87' lang='grc' dir='ltr'><strong>τῇ</strong></span> <span class='ocrx_word' id='word_1_493' title='bbox 1200 1535 1310 1570; x_wconf 78' lang='grc' dir='ltr'>συνόδῳ,</span> <span class='ocrx_word' id='word_1_494' title='bbox 1323 1535 1400 1572; x_wconf 84' lang='grc' dir='ltr'>νίκης</span> <span class='ocrx_word' id='word_1_495' title='bbox 1414 1538 1566 1574; x_wconf 76' lang='grc' dir='ltr'>ἐπώνυμος,</span> <span class='ocrx_word' id='word_1_496' title='bbox 1581 1541 1651 1567; x_wconf 82' lang='grc' dir='ltr'>κατὰ</span> <span class='ocrx_word' id='word_1_497' title='bbox 1663 1541 1692 1567; x_wconf 85' lang='grc' dir='ltr'>τὸ</span> <span class='ocrx_word' id='word_1_498' title='bbox 1709 1542 1833 1570; x_wconf 82' lang='grc' dir='ltr'>Βιθυνῶν</span> 
     </span>
    </p>
   </div>
   <div class='ocr_carea' id='block_1_73' title="bbox 1047 1575 1834 1623">
    <p class='ocr_par' dir='ltr' id='par_1_73' title="bbox 1047 1575 1834 1623">
     <span class='ocr_line' id='line_1_73' title="bbox 1047 1575 1834 1623; baseline 0.017 -20"><span class='ocrx_word' id='word_1_499' title='bbox 1047 1577 1159 1623; x_wconf 80' lang='grc' dir='ltr'>ἔθνος,ἡ</span> <span class='ocrx_word' id='word_1_500' title='bbox 1174 1579 1283 1607; x_wconf 86' lang='grc' dir='ltr'>Νίκαια.</span> <span class='ocrx_word' id='word_1_501' title='bbox 1307 1582 1349 1614; x_wconf 82' lang='grc' dir='ltr'><strong>Ὠς</strong></span> <span class='ocrx_word' id='word_1_502' title='bbox 1367 1575 1413 1609; x_wconf 81' lang='grc' dir='ltr'><strong>οῦν</strong></span> <span class='ocrx_word' id='word_1_503' title='bbox 1425 1584 1519 1617; x_wconf 78' lang='grc' dir='ltr'>ἐφοίτα</span> <span class='ocrx_word' id='word_1_504' title='bbox 1530 1587 1666 1622; x_wconf 84' lang='grc' dir='ltr'>πανταχοῦ</span> <span class='ocrx_word' id='word_1_505' title='bbox 1681 1590 1710 1613; x_wconf 85' lang='grc' dir='ltr'>τὸ</span> <span class='ocrx_word' id='word_1_506' title='bbox 1723 1589 1834 1623; x_wconf 80' lang='grc' dir='ltr'>παράγ-</span> 
     </span>
    </p>
   </div>
   <div class='ocr_carea' id='block_1_74' title="bbox 1037 1622 1832 1664">
    <p class='ocr_par' dir='ltr' id='par_1_74' title="bbox 1037 1622 1832 1664">
     <span class='ocr_line' id='line_1_74' title="bbox 1037 1622 1832 1664; baseline 0.016 -16"><span class='ocrx_word' id='word_1_507' title='bbox 1037 1622 1145 1658; x_wconf 33' lang='grc' dir='ltr'>ηγελμα,</span> <span class='ocrx_word' id='word_1_508' title='bbox 1163 1623 1206 1651; x_wconf 80' lang='grc' dir='ltr'><strong>οἵά</strong></span> <span class='ocrx_word' id='word_1_509' title='bbox 1222 1634 1293 1657; x_wconf 87' lang='grc' dir='ltr'>τινος</span> <span class='ocrx_word' id='word_1_510' title='bbox 1317 1627 1371 1654; x_wconf 73' lang='grc' dir='ltr'><strong>ἀπὸ</strong></span> <span class='ocrx_word' id='word_1_511' title='bbox 1391 1627 1492 1664; x_wconf 81' lang='grc' dir='ltr'>νύσσης</span> <span class='ocrx_word' id='word_1_512' title='bbox 1509 1631 1533 1656; x_wconf 87' lang='grc' dir='ltr'>οἱ</span> <span class='ocrx_word' id='word_1_513' title='bbox 1556 1631 1654 1663; x_wconf 79' lang='grc' dir='ltr'>πάντες</span> <span class='ocrx_word' id='word_1_514' title='bbox 1679 1622 1768 1660; x_wconf 18' lang='grc' dir='ltr'>ἓθεονγ</span> <span class='ocrx_word' id='word_1_515' title='bbox 1781 1622 1832 1661; x_wconf 68' lang='grc' dir='ltr'><strong>σῦν</strong></span> 
     </span>
    </p>
   </div>
   <div class='ocr_carea' id='block_1_75' title="bbox 1047 1668 1830 1716">
    <p class='ocr_par' dir='ltr' id='par_1_75' title="bbox 1047 1668 1830 1716">
     <span class='ocr_line' id='line_1_75' title="bbox 1047 1668 1830 1716; baseline 0.018 -23"><span class='ocrx_word' id='word_1_516' title='bbox 1047 1668 1185 1716; x_wconf 62' lang='grc' dir='ltr'>προθυμίᾳ</span> <span class='ocrx_word' id='word_1_517' title='bbox 1200 1670 1272 1706; x_wconf 82' lang='grc' dir='ltr'>πάσῃ</span> <span class='ocrx_word' id='word_1_518' title='bbox 1286 1680 1292 1686; x_wconf 80' lang='lat'>&#39;</span> <span class='ocrx_word' id='word_1_519' title='bbox 1309 1669 1383 1700; x_wconf 76' lang='grc' dir='ltr'>εἷλκε</span> <span class='ocrx_word' id='word_1_520' title='bbox 1397 1674 1451 1709; x_wconf 81' lang='grc' dir='ltr'>γὰρ</span> <span class='ocrx_word' id='word_1_521' title='bbox 1471 1676 1568 1708; x_wconf 81' lang='grc' dir='ltr'>αὐτοὺς</span> <span class='ocrx_word' id='word_1_522' title='bbox 1582 1677 1691 1711; x_wconf 82' lang='grc' dir='ltr'>ἀγαθῶν</span> <span class='ocrx_word' id='word_1_523' title='bbox 1705 1679 1793 1711; x_wconf 81' lang='grc' dir='ltr'>ἐλπὶς,</span> <span class='ocrx_word' id='word_1_524' title='bbox 1812 1681 1830 1716; x_wconf 82' lang='grc' dir='ltr'><strong>ἦ</strong></span> 
     </span>
    </p>
   </div>
   <div class='ocr_carea' id='block_1_76' title="bbox 1045 1714 1832 1764">
    <p class='ocr_par' dir='ltr' id='par_1_76' title="bbox 1045 1714 1832 1764">
     <span class='ocr_line' id='line_1_76' title="bbox 1045 1714 1832 1764; baseline 0.015 -25"><span class='ocrx_word' id='word_1_525' title='bbox 1045 1714 1138 1764; x_wconf 54' lang='lat' dir='ltr'><strong>Ite-1&#39;71:</strong></span> <span class='ocrx_word' id='word_1_526' title='bbox 1153 1716 1415 1764; x_wconf 47' lang='lat' dir='ltr'><strong>deﬁunt-peronem,</strong></span> <span class='ocrx_word' id='word_1_527' title='bbox 1430 1721 1476 1747; x_wconf 85' lang='grc' dir='ltr'><strong>τοῦ</strong></span> <span class='ocrx_word' id='word_1_528' title='bbox 1493 1730 1522 1747; x_wconf 88' lang='grc' dir='ltr'><strong>τε</strong></span> <span class='ocrx_word' id='word_1_529' title='bbox 1537 1721 1611 1754; x_wconf 81' lang='grc' dir='ltr'>ξένου</span> <span class='ocrx_word' id='word_1_530' title='bbox 1624 1714 1832 1761; x_wconf 53' lang='grc' dir='ltr'>θαύματοςκτῆς</span> 
     </span>
    </p>
   </div>
   <div class='ocr_carea' id='block_1_77' title="bbox 1044 1760 1830 1805">
    <p class='ocr_par' dir='ltr' id='par_1_77' title="bbox 1044 1760 1830 1805">
     <span class='ocr_line' id='line_1_77' title="bbox 1044 1760 1830 1805; baseline 0.004 -21"><span class='ocrx_word' id='word_1_531' title='bbox 1044 1760 1243 1805; x_wconf 25' lang='grc' dir='ltr'>τοῦητοσούτου</span> <span class='ocrx_word' id='word_1_532' title='bbox 1269 1762 1400 1796; x_wconf 84' lang='grc' dir='ltr'>βασιλέως</span> <span class='ocrx_word' id='word_1_533' title='bbox 1422 1765 1546 1802; x_wconf 36' lang='lat' dir='ltr'><strong>asangm</strong></span> <span class='ocrx_word' id='word_1_534' title='bbox 1571 1767 1629 1795; x_wconf 78' lang='grc' dir='ltr'><strong>θέα,</strong></span> <span class='ocrx_word' id='word_1_535' title='bbox 1650 1768 1756 1805; x_wconf 77' lang='grc' dir='ltr'>Ἐπειδὴ</span> <span class='ocrx_word' id='word_1_536' title='bbox 1781 1760 1830 1797; x_wconf 58' lang='grc' dir='ltr'>οὖν</span> 
     </span>
    </p>
   </div>
   <div class='ocr_carea' id='block_1_78' title="bbox 1046 1804 1830 1851">
    <p class='ocr_par' dir='ltr' id='par_1_78' title="bbox 1046 1804 1830 1851">
     <span class='ocr_line' id='line_1_78' title="bbox 1046 1804 1830 1851; baseline 0.017 -21"><span class='ocrx_word' id='word_1_537' title='bbox 1046 1804 1172 1851; x_wconf 69' lang='grc' dir='ltr'>σιινῖτλθον</span> <span class='ocrx_word' id='word_1_538' title='bbox 1190 1807 1215 1832; x_wconf 80' lang='grc' dir='ltr'>οἱ</span> <span class='ocrx_word' id='word_1_539' title='bbox 1231 1808 1340 1840; x_wconf 77' lang='grc' dir='ltr'>πάντες,</span> <span class='ocrx_word' id='word_1_540' title='bbox 1358 1809 1437 1845; x_wconf 82' lang='grc' dir='ltr'>ἔργον</span> <span class='ocrx_word' id='word_1_541' title='bbox 1451 1811 1500 1847; x_wconf 73' lang='grc' dir='ltr'>ἤδη</span> <span class='ocrx_word' id='word_1_542' title='bbox 1515 1812 1586 1851; x_wconf 66' lang='grc' dir='ltr'>(θεοῦ</span> <span class='ocrx_word' id='word_1_543' title='bbox 1595 1813 1625 1840; x_wconf 82' lang='grc' dir='ltr'><strong>τὺ</strong></span> <span class='ocrx_word' id='word_1_544' title='bbox 1644 1804 1830 1850; x_wconf 73' lang='grc' dir='ltr'>πραττόμενον</span> 
     </span>
    </p>
   </div>
   <div class='ocr_carea' id='block_1_79' title="bbox 1046 1848 1831 1902">
    <p class='ocr_par' dir='ltr' id='par_1_79' title="bbox 1046 1848 1831 1902">
     <span class='ocr_line' id='line_1_79' title="bbox 1046 1848 1831 1902; baseline 0.017 -27"><span class='ocrx_word' id='word_1_545' title='bbox 1046 1848 1206 1902; x_wconf 44' lang='grc' dir='ltr'>ἐθεωρεῖτο..</span> <span class='ocrx_word' id='word_1_546' title='bbox 1234 1853 1264 1902; x_wconf 52' lang='lat' dir='ltr'><strong>(ll</strong></span> <span class='ocrx_word' id='word_1_547' title='bbox 1287 1854 1341 1889; x_wconf 76' lang='grc' dir='ltr'><strong>γὰρ</strong></span> <span class='ocrx_word' id='word_1_548' title='bbox 1370 1855 1515 1902; x_wconf 77' lang='grc' dir='ltr'>μὴμόνον</span> <span class='ocrx_word' id='word_1_549' title='bbox 1542 1848 1651 1893; x_wconf 79' lang='grc' dir='ltr'>ψυχαῖς,</span> <span class='ocrx_word' id='word_1_550' title='bbox 1666 1848 1670 1849; x_wconf 19' lang='lat'><em>7</em></span> <span class='ocrx_word' id='word_1_551' title='bbox 1686 1848 1754 1887; x_wconf 82' lang='grc' dir='ltr'><strong>ἀλλά</strong></span> <span class='ocrx_word' id='word_1_552' title='bbox 1780 1863 1831 1888; x_wconf 82' lang='grc' dir='ltr'><strong>καὶ</strong></span> 
     </span>
    </p>
   </div>
   <div class='ocr_carea' id='block_1_80' title="bbox 1046 1898 1830 1942">
    <p class='ocr_par' dir='ltr' id='par_1_80' title="bbox 1046 1898 1830 1942">
     <span class='ocr_line' id='line_1_80' title="bbox 1046 1898 1830 1942; baseline 0.013 -18"><span class='ocrx_word' id='word_1_553' title='bbox 1046 1898 1151 1942; x_wconf 57' lang='lat' dir='ltr'><strong>trtius”:</strong></span> <span class='ocrx_word' id='word_1_554' title='bbox 1166 1898 1211 1924; x_wconf 79' lang='grc' dir='ltr'>καὶ</span> <span class='ocrx_word' id='word_1_555' title='bbox 1218 1898 1331 1934; x_wconf 85' lang='grc' dir='ltr'>χώραις,</span> <span class='ocrx_word' id='word_1_556' title='bbox 1343 1901 1390 1926; x_wconf 78' lang='grc' dir='ltr'><strong>καὶ</strong></span> <span class='ocrx_word' id='word_1_557' title='bbox 1399 1901 1491 1934; x_wconf 78' lang='grc' dir='ltr'>τόποις</span> <span class='ocrx_word' id='word_1_558' title='bbox 1504 1903 1550 1930; x_wconf 81' lang='grc' dir='ltr'>καὶ</span> <span class='ocrx_word' id='word_1_559' title='bbox 1563 1904 1650 1931; x_wconf 76' lang='grc' dir='ltr'>ἔθνεσι</span> <span class='ocrx_word' id='word_1_560' title='bbox 1659 1907 1830 1942; x_wconf 71' lang='grc' dir='ltr'>πορρωτάτω</span> 
     </span>
    </p>
   </div>
   <div class='ocr_carea' id='block_1_81' title="bbox 1043 1939 1830 1987">
    <p class='ocr_par' dir='ltr' id='par_1_81' title="bbox 1043 1939 1830 1987">
     <span class='ocr_line' id='line_1_81' title="bbox 1043 1939 1830 1987; baseline 0.018 -21"><span class='ocrx_word' id='word_1_561' title='bbox 1043 1939 1184 1974; x_wconf 79' lang='grc' dir='ltr'>διεστῶτες</span> <span class='ocrx_word' id='word_1_562' title='bbox 1203 1943 1333 1979; x_wconf 86' lang='grc' dir='ltr'>ἀλλήλων,</span> <span class='ocrx_word' id='word_1_563' title='bbox 1348 1946 1415 1980; x_wconf 82' lang='grc' dir='ltr'>ὁμοῦ</span> <span class='ocrx_word' id='word_1_564' title='bbox 1439 1949 1599 1982; x_wconf 72' lang='grc' dir='ltr'>συνήγοντον</span> <span class='ocrx_word' id='word_1_565' title='bbox 1619 1950 1665 1977; x_wconf 76' lang='grc' dir='ltr'>καὶ</span> <span class='ocrx_word' id='word_1_566' title='bbox 1689 1939 1738 1987; x_wconf 70' lang='grc' dir='ltr'><strong>μία</strong></span> <span class='ocrx_word' id='word_1_567' title='bbox 1763 1953 1830 1985; x_wconf 78' lang='grc' dir='ltr'>τοὺς</span> 
     </span>
    </p>
   </div>
   <div class='ocr_carea' id='block_1_82' title="bbox 1043 1987 1828 2034">
    <p class='ocr_par' dir='ltr' id='par_1_82' title="bbox 1043 1987 1828 2034">
     <span class='ocr_line' id='line_1_82' title="bbox 1043 1987 1828 2034; baseline 0.017 -21"><span class='ocrx_word' id='word_1_568' title='bbox 1043 1987 1146 2034; x_wconf 83' lang='grc' dir='ltr'>πάντας</span> <span class='ocrx_word' id='word_1_569' title='bbox 1159 1989 1303 2025; x_wconf 82' lang='grc' dir='ltr'>ὑπεδέχετο</span> <span class='ocrx_word' id='word_1_570' title='bbox 1316 1991 1402 2023; x_wconf 81' lang='grc' dir='ltr'>πόλις,</span> <span class='ocrx_word' id='word_1_571' title='bbox 1417 1991 1472 2019; x_wconf 77' lang='grc' dir='ltr'>οἶόν</span> <span class='ocrx_word' id='word_1_572' title='bbox 1493 2002 1552 2021; x_wconf 87' lang='grc' dir='ltr'>τινα</span> <span class='ocrx_word' id='word_1_573' title='bbox 1578 1996 1704 2030; x_wconf 78' lang='grc' dir='ltr'>μέγιστον</span> <span class='ocrx_word' id='word_1_574' title='bbox 1730 1999 1828 2034; x_wconf 75' lang='grc' dir='ltr'>ἱερέων</span> 
     </span>
    </p>
   </div>
   <div class='ocr_carea' id='block_1_83' title="bbox 1042 2032 1744 2076">
    <p class='ocr_par' dir='ltr' id='par_1_83' title="bbox 1042 2032 1744 2076">
     <span class='ocr_line' id='line_1_83' title="bbox 1042 2032 1744 2076; baseline 0.014 -18"><span class='ocrx_word' id='word_1_575' title='bbox 1042 2032 1183 2066; x_wconf 82' lang='grc' dir='ltr'>στέφανον,</span> <span class='ocrx_word' id='word_1_576' title='bbox 1195 2034 1224 2067; x_wconf 73' lang='grc' dir='ltr'>ἐξ</span> <span class='ocrx_word' id='word_1_577' title='bbox 1236 2035 1343 2070; x_wconf 81' lang='grc' dir='ltr'>ὡραίων</span> <span class='ocrx_word' id='word_1_578' title='bbox 1354 2036 1456 2063; x_wconf 79' lang='grc' dir='ltr'>ἀνθέων</span> <span class='ocrx_word' id='word_1_579' title='bbox 1466 2040 1744 2076; x_wconf 80' lang='grc' dir='ltr'>καταπεποικιλμένον</span> 
     </span>
    </p>
   </div>
   <div class='ocr_carea' id='block_1_84' title="bbox 209 2078 1829 2122">
    <p class='ocr_par' dir='ltr' id='par_1_84' title="bbox 209 2078 1829 2122">
     <span class='ocr_line' id='line_1_84' title="bbox 209 2078 1829 2122; baseline 0.004 -13"><span class='ocrx_word' id='word_1_580' title='bbox 209 2089 273 2110; x_wconf 89' lang='lat' dir='ltr'><strong>tunc</strong></span> <span class='ocrx_word' id='word_1_581' title='bbox 287 2083 314 2109; x_wconf 93' lang='lat' dir='ltr'><strong>in</strong></span> <span class='ocrx_word' id='word_1_582' title='bbox 330 2090 411 2109; x_wconf 89' lang='lat' dir='ltr'><strong>unutn</strong></span> <span class='ocrx_word' id='word_1_583' title='bbox 425 2082 578 2118; x_wconf 76' lang='lat' dir='ltr'><strong>congregati</strong></span> <span class='ocrx_word' id='word_1_584' title='bbox 606 2079 931 2109; x_wconf 87' lang='lat' dir='ltr'><strong>cernebantur:elve|ut</strong></span> <span class='ocrx_word' id='word_1_585' title='bbox 954 2078 1098 2105; x_wconf 83' lang='lat' dir='ltr'><strong>maximam</strong></span> <span class='ocrx_word' id='word_1_586' title='bbox 1120 2079 1264 2113; x_wconf 85' lang='lat' dir='ltr'><strong>quamdam</strong></span> <span class='ocrx_word' id='word_1_587' title='bbox 1280 2083 1453 2110; x_wconf 67' lang='lat' dir='ltr'><strong>sacerdotum</strong></span> <span class='ocrx_word' id='word_1_588' title='bbox 1485 2091 1613 2111; x_wconf 85' lang='lat' dir='ltr'><strong>coronam</strong></span> <span class='ocrx_word' id='word_1_589' title='bbox 1640 2093 1673 2113; x_wconf 88' lang='lat' dir='ltr'><strong>ex</strong></span> <span class='ocrx_word' id='word_1_590' title='bbox 1701 2087 1829 2122; x_wconf 65' lang='lat' dir='ltr'><strong>pulcher-</strong></span> 
     </span>
    </p>
   </div>
   <div class='ocr_carea' id='block_1_85' title="bbox 208 2125 1076 2165">
    <p class='ocr_par' dir='ltr' id='par_1_85' title="bbox 208 2125 1076 2165">
     <span class='ocr_line' id='line_1_85' title="bbox 208 2125 1076 2165; baseline -0.006 -9"><span class='ocrx_word' id='word_1_591' title='bbox 208 2129 284 2156; x_wconf 88' lang='lat' dir='ltr'><strong>rimis</strong></span> <span class='ocrx_word' id='word_1_592' title='bbox 297 2128 407 2157; x_wconf 86' lang='lat' dir='ltr'><strong>Iloribus</strong></span> <span class='ocrx_word' id='word_1_593' title='bbox 421 2134 575 2156; x_wconf 82' lang='lat' dir='ltr'><strong>contextam</strong></span> <span class='ocrx_word' id='word_1_594' title='bbox 591 2149 598 2161; x_wconf 89' lang='lat'><strong>,</strong></span> <span class='ocrx_word' id='word_1_595' title='bbox 619 2137 670 2156; x_wconf 92' lang='lat' dir='ltr'><strong>una</strong></span> <span class='ocrx_word' id='word_1_596' title='bbox 685 2132 799 2156; x_wconf 90' lang='lat' dir='ltr'><strong>cunctos</strong></span> <span class='ocrx_word' id='word_1_597' title='bbox 823 2126 920 2165; x_wconf 46' lang='lat' dir='ltr'><strong>civilas</strong></span> <span class='ocrx_word' id='word_1_598' title='bbox 940 2125 1076 2160; x_wconf 83' lang='lat' dir='ltr'><strong>capiebat.</strong></span> 
     </span>
    </p>
   </div>
   <div class='ocr_carea' id='block_1_86' title="bbox 503 2175 689 2204">
    <p class='ocr_par' dir='ltr' id='par_1_86' title="bbox 503 2175 689 2204">
     <span class='ocr_line' id='line_1_86' title="bbox 503 2175 689 2204; baseline 0 -1"><span class='ocrx_word' id='word_1_599' title='bbox 503 2175 615 2204; x_wconf 81' lang='lat' dir='ltr'><strong>CAPUT</strong></span> <span class='ocrx_word' id='word_1_600' title='bbox 636 2175 689 2203; x_wconf 77' lang='lat' dir='ltr'><strong>VII.</strong></span> 
     </span>
    </p>
   </div>
   <div class='ocr_carea' id='block_1_87' title="bbox 207 2217 986 2260">
    <p class='ocr_par' dir='ltr' id='par_1_87' title="bbox 207 2217 986 2260">
     <span class='ocr_line' id='line_1_87' title="bbox 207 2217 986 2260; baseline -0.008 -11"><span class='ocrx_word' id='word_1_601' title='bbox 207 2221 245 2249; x_wconf 72' lang='lat' dir='ltr'><strong>De</strong></span> <span class='ocrx_word' id='word_1_602' title='bbox 259 2221 399 2249; x_wconf 72' lang='lat' dir='ltr'><strong>universali</strong></span> <span class='ocrx_word' id='word_1_603' title='bbox 413 2221 531 2253; x_wconf 82' lang='lat' dir='ltr'><strong>concilio,</strong></span> <span class='ocrx_word' id='word_1_604' title='bbox 543 2221 577 2248; x_wconf 83' lang='lat' dir='ltr'><strong>ad</strong></span> <span class='ocrx_word' id='word_1_605' title='bbox 588 2221 656 2254; x_wconf 67' lang='lat' dir='ltr'><strong>quod</strong></span> <span class='ocrx_word' id='word_1_606' title='bbox 665 2228 696 2260; x_wconf 69' lang='lat' dir='ltr'><strong>ex</strong></span> <span class='ocrx_word' id='word_1_607' title='bbox 705 2219 824 2260; x_wconf 68' lang='lat' dir='ltr'><strong>omnibus</strong></span> <span class='ocrx_word' id='word_1_608' title='bbox 842 2217 986 2253; x_wconf 72' lang='lat' dir='ltr'><strong>provinciis</strong></span> 
     </span>
    </p>
   </div>
   <div class='ocr_carea' id='block_1_88' title="bbox 441 2261 755 2289">
    <p class='ocr_par' dir='ltr' id='par_1_88' title="bbox 441 2261 755 2289">
     <span class='ocr_line' id='line_1_88' title="bbox 441 2261 755 2289; baseline -0.006 -6"><span class='ocrx_word' id='word_1_609' title='bbox 441 2261 615 2283; x_wconf 75' lang='lat' dir='ltr'><strong>conuenerunt</strong></span> <span class='ocrx_word' id='word_1_610' title='bbox 631 2263 755 2289; x_wconf 72' lang='lat' dir='ltr'><strong>episcopi.</strong></span> 
     </span>
    </p>
   </div>
   <div class='ocr_carea' id='block_1_89' title="bbox 241 2297 984 2335">
    <p class='ocr_par' dir='ltr' id='par_1_89' title="bbox 241 2297 984 2335">
     <span class='ocr_line' id='line_1_89' title="bbox 241 2297 984 2335; baseline -0.005 -7"><span class='ocrx_word' id='word_1_611' title='bbox 241 2302 347 2329; x_wconf 83' lang='lat' dir='ltr'><strong>Etenim</strong></span> <span class='ocrx_word' id='word_1_612' title='bbox 358 2309 392 2329; x_wconf 81' lang='lat' dir='ltr'><strong>ex</strong></span> <span class='ocrx_word' id='word_1_613' title='bbox 406 2301 533 2329; x_wconf 89' lang='lat' dir='ltr'><strong>omnibus</strong></span> <span class='ocrx_word' id='word_1_614' title='bbox 544 2299 670 2328; x_wconf 84' lang='lat' dir='ltr'><strong>Ecclesiis</strong></span> <span class='ocrx_word' id='word_1_615' title='bbox 689 2307 749 2335; x_wconf 63' lang='lat' dir='ltr'><strong>qute</strong></span> <span class='ocrx_word' id='word_1_616' title='bbox 762 2299 915 2326; x_wconf 88' lang='lat' dir='ltr'><strong>universam</strong></span> <span class='ocrx_word' id='word_1_617' title='bbox 932 2297 984 2324; x_wconf 86' lang='lat' dir='ltr'><strong>Eu-</strong></span> 
     </span>
    </p>
   </div>
   <div class='ocr_carea' id='block_1_90' title="bbox 205 2343 981 2382">
    <p class='ocr_par' dir='ltr' id='par_1_90' title="bbox 205 2343 981 2382">
     <span class='ocr_line' id='line_1_90' title="bbox 205 2343 981 2382; baseline -0.006 -8"><span class='ocrx_word' id='word_1_618' title='bbox 205 2354 310 2382; x_wconf 83' lang='lat' dir='ltr'><strong>ropam,</strong></span> <span class='ocrx_word' id='word_1_619' title='bbox 335 2346 454 2374; x_wconf 80' lang='lat' dir='ltr'><strong>Africam</strong></span> <span class='ocrx_word' id='word_1_620' title='bbox 468 2351 549 2380; x_wconf 88' lang='lat' dir='ltr'><strong>atque</strong></span> <span class='ocrx_word' id='word_1_621' title='bbox 565 2346 658 2374; x_wconf 82' lang='lat' dir='ltr'><strong>Asiam</strong></span> <span class='ocrx_word' id='word_1_622' title='bbox 685 2345 861 2382; x_wconf 83' lang='lat' dir='ltr'><strong>impleverant</strong></span> <span class='ocrx_word' id='word_1_623' title='bbox 876 2364 884 2375; x_wconf 85' lang='lat'><strong>,</strong></span> <span class='ocrx_word' id='word_1_624' title='bbox 901 2344 918 2370; x_wconf 92' lang='lat' dir='ltr'><strong>ii</strong></span> <span class='ocrx_word' id='word_1_625' title='bbox 934 2343 981 2377; x_wconf 90' lang='lat' dir='ltr'><strong>qui</strong></span> 
     </span>
    </p>
   </div>
   <div class='ocr_carea' id='block_1_91' title="bbox 1313 2176 1560 2205">
    <p class='ocr_par' dir='ltr' id='par_1_91' title="bbox 1313 2176 1560 2205">
     <span class='ocr_line' id='line_1_91' title="bbox 1313 2176 1560 2205; baseline 0.016 -4"><span class='ocrx_word' id='word_1_626' title='bbox 1313 2176 1507 2204; x_wconf 79' lang='grc' dir='ltr'><strong>ΚΕΦΑΛΑΙΟΝ</strong></span> <span class='ocrx_word' id='word_1_627' title='bbox 1525 2179 1560 2205; x_wconf 91' lang='lat' dir='ltr'><strong>Z&#39;.</strong></span> 
     </span>
    </p>
   </div>
   <div class='ocr_carea' id='block_1_92' title="bbox 1039 2218 1826 2260">
    <p class='ocr_par' dir='ltr' id='par_1_92' title="bbox 1039 2218 1826 2260">
     <span class='ocr_line' id='line_1_92' title="bbox 1039 2218 1826 2260; baseline 0.013 -15"><span class='ocrx_word' id='word_1_628' title='bbox 1039 2218 1108 2252; x_wconf 77' lang='grc' dir='ltr'>Περὶ</span> <span class='ocrx_word' id='word_1_629' title='bbox 1124 2221 1332 2260; x_wconf 60' lang='grc' dir='ltr'>οἱκουέιςνριῆς</span> <span class='ocrx_word' id='word_1_630' title='bbox 1358 2223 1505 2260; x_wconf 43' lang='lat' dir='ltr'><strong>Uti-vocuo,</strong></span> <span class='ocrx_word' id='word_1_631' title='bbox 1526 2225 1569 2256; x_wconf 81' lang='grc' dir='ltr'><strong>εἰς</strong></span> <span class='ocrx_word' id='word_1_632' title='bbox 1597 2224 1637 2258; x_wconf 79' lang='grc' dir='ltr'>ἣν</span> <span class='ocrx_word' id='word_1_633' title='bbox 1652 2225 1685 2252; x_wconf 77' lang='grc' dir='ltr'>ἐκ</span> <span class='ocrx_word' id='word_1_634' title='bbox 1704 2227 1826 2255; x_wconf 72' lang='grc' dir='ltr'>πάντων</span> 
     </span>
    </p>
   </div>
   <div class='ocr_carea' id='block_1_93' title="bbox 1209 2256 1644 2290">
    <p class='ocr_par' dir='ltr' id='par_1_93' title="bbox 1209 2256 1644 2290">
     <span class='ocr_line' id='line_1_93' title="bbox 1209 2256 1644 2290; baseline 0.009 -8"><span class='ocrx_word' id='word_1_635' title='bbox 1209 2256 1304 2283; x_wconf 76' lang='grc' dir='ltr'>ἐθνῶν</span> <span class='ocrx_word' id='word_1_636' title='bbox 1322 2257 1463 2290; x_wconf 80' lang='grc' dir='ltr'>παρῆσαν</span> <span class='ocrx_word' id='word_1_637' title='bbox 1478 2256 1644 2286; x_wconf 77' lang='grc' dir='ltr'>ἐπίσκοποι.</span> 
     </span>
    </p>
   </div>
   <div class='ocr_carea' id='block_1_94' title="bbox 1073 2299 1825 2344">
    <p class='ocr_par' dir='ltr' id='par_1_94' title="bbox 1073 2299 1825 2344">
     <span class='ocr_line' id='line_1_94' title="bbox 1073 2299 1825 2344; baseline 0.011 -18"><span class='ocrx_word' id='word_1_638' title='bbox 1073 2299 1132 2326; x_wconf 86' lang='grc' dir='ltr'><strong>Τῶν</strong></span> <span class='ocrx_word' id='word_1_639' title='bbox 1154 2301 1218 2335; x_wconf 85' lang='grc' dir='ltr'>γοῦν</span> <span class='ocrx_word' id='word_1_640' title='bbox 1228 2302 1393 2337; x_wconf 84' lang='grc' dir='ltr'>Ἑκκλησιῶν</span> <span class='ocrx_word' id='word_1_641' title='bbox 1418 2304 1543 2336; x_wconf 83' lang='grc' dir='ltr'>ἀπασῶν,</span> <span class='ocrx_word' id='word_1_642' title='bbox 1559 2305 1585 2331; x_wconf 85' lang='grc' dir='ltr'>αἳ</span> <span class='ocrx_word' id='word_1_643' title='bbox 1610 2306 1659 2340; x_wconf 82' lang='grc' dir='ltr'>τὴν</span> <span class='ocrx_word' id='word_1_644' title='bbox 1687 2307 1825 2344; x_wconf 84' lang='grc' dir='ltr'>Εὐρώπην</span> 
     </span>
    </p>
   </div>
   <div class='ocr_carea' id='block_1_95' title="bbox 1035 2343 1824 2388">
    <p class='ocr_par' dir='ltr' id='par_1_95' title="bbox 1035 2343 1824 2388">
     <span class='ocr_line' id='line_1_95' title="bbox 1035 2343 1824 2388; baseline 0.011 -18"><span class='ocrx_word' id='word_1_645' title='bbox 1035 2343 1142 2371; x_wconf 77' lang='grc' dir='ltr'>ἃπασαν</span> <span class='ocrx_word' id='word_1_646' title='bbox 1153 2366 1160 2377; x_wconf 87' lang='grc'>,</span> <span class='ocrx_word' id='word_1_647' title='bbox 1178 2346 1279 2381; x_wconf 75' lang='grc' dir='ltr'>Λιϐύην</span> <span class='ocrx_word' id='word_1_648' title='bbox 1293 2355 1323 2373; x_wconf 87' lang='grc' dir='ltr'><strong>τε</strong></span> <span class='ocrx_word' id='word_1_649' title='bbox 1339 2348 1386 2374; x_wconf 79' lang='grc' dir='ltr'>καὶ</span> <span class='ocrx_word' id='word_1_650' title='bbox 1400 2348 1449 2383; x_wconf 83' lang='grc' dir='ltr'>τὴν</span> <span class='ocrx_word' id='word_1_651' title='bbox 1467 2349 1558 2375; x_wconf 78' lang='grc' dir='ltr'>Ἀσίαν</span> <span class='ocrx_word' id='word_1_652' title='bbox 1581 2350 1716 2386; x_wconf 76' lang='grc' dir='ltr'>ἐπλήρουν</span> <span class='ocrx_word' id='word_1_653' title='bbox 1728 2371 1735 2384; x_wconf 92' lang='grc'><em>,</em></span> <span class='ocrx_word' id='word_1_654' title='bbox 1752 2343 1824 2388; x_wconf 79' lang='grc' dir='ltr'>ὁμοῦ</span> 
     </span>
    </p>
   </div>
   <div class='ocr_carea' id='block_1_96' title="bbox 239 2400 991 2440">
    <p class='ocr_par' dir='ltr' id='par_1_96' title="bbox 239 2400 985 2440">
     <span class='ocr_line' id='line_1_96' title="bbox 239 2400 985 2440; baseline -0.007 -10"><span class='ocrx_word' id='word_1_655' title='bbox 239 2403 295 2439; x_wconf 72' lang='grc'><strong>(50)</strong></span> <span class='ocrx_word' id='word_1_656' title='bbox 308 2403 372 2430; x_wconf 77' lang='grc' dir='ltr'><strong>Κάν</strong></span> <span class='ocrx_word' id='word_1_657' title='bbox 381 2404 475 2436; x_wconf 85' lang='grc' dir='ltr'>τούτῳ</span> <span class='ocrx_word' id='word_1_658' title='bbox 489 2402 657 2440; x_wconf 75' lang='grc' dir='ltr'>τοιγαροῦν.</span> <span class='ocrx_word' id='word_1_659' title='bbox 678 2402 727 2440; x_wconf 72' lang='lat' dir='ltr'><strong>ilic</strong></span> <span class='ocrx_word' id='word_1_660' title='bbox 741 2401 821 2440; x_wconf 75' lang='lat' dir='ltr'><strong>locus</strong></span> <span class='ocrx_word' id='word_1_661' title='bbox 835 2408 918 2440; x_wconf 65' lang='lat' dir='ltr'><strong>prava</strong></span> <span class='ocrx_word' id='word_1_662' title='bbox 945 2400 985 2440; x_wconf 70' lang='lat' dir='ltr'><strong>i_n-</strong></span> 
     </span>
    </p>
   </div>
   <div class='ocr_carea' id='block_1_97' title="bbox 1046 2400 1824 2440">
    <p class='ocr_par' dir='ltr' id='par_1_97' title="bbox 1046 2400 1824 2440">
     <span class='ocr_line' id='line_1_97' title="bbox 1046 2400 1824 2440; baseline 0.013 -14"><span class='ocrx_word' id='word_1_663' title='bbox 1046 2400 1113 2436; x_wconf 76' lang='grc' dir='ltr'>ἔριδα</span> <span class='ocrx_word' id='word_1_664' title='bbox 1131 2406 1181 2430; x_wconf 91' lang='lat' dir='ltr'><strong>hoc</strong></span> <span class='ocrx_word' id='word_1_665' title='bbox 1196 2403 1256 2440; x_wconf 79' lang='lat' dir='ltr'><strong>loco</strong></span> <span class='ocrx_word' id='word_1_666' title='bbox 1273 2404 1340 2440; x_wconf 82' lang='lat' dir='ltr'><strong>dixit</strong></span> <span class='ocrx_word' id='word_1_667' title='bbox 1354 2404 1496 2437; x_wconf 83' lang='lat' dir='ltr'><strong>Eusebius.</strong></span> <span class='ocrx_word' id='word_1_668' title='bbox 1509 2406 1534 2432; x_wconf 90' lang='lat' dir='ltr'><strong>id</strong></span> <span class='ocrx_word' id='word_1_669' title='bbox 1546 2411 1597 2437; x_wconf 82' lang='lat' dir='ltr'><strong>cst,</strong></span> <span class='ocrx_word' id='word_1_670' title='bbox 1618 2407 1724 2440; x_wconf 72' lang='lat' dir='ltr'><strong>paribus</strong></span> <span class='ocrx_word' id='word_1_671' title='bbox 1739 2409 1824 2436; x_wconf 79' lang='lat' dir='ltr'><strong>utrin-</strong></span> 
     </span>
    </p>
   </div>
   <div class='ocr_carea' id='block_1_98' title="bbox 204 2436 979 2472">
    <p class='ocr_par' dir='ltr' id='par_1_98' title="bbox 204 2436 979 2472">
     <span class='ocr_line' id='line_1_98' title="bbox 204 2436 979 2472; baseline -0.005 -7"><span class='ocrx_word' id='word_1_672' title='bbox 204 2436 394 2472; x_wconf 75' lang='lat' dir='ltr'><strong>tcrpuitctione</strong></span> <span class='ocrx_word' id='word_1_673' title='bbox 410 2444 550 2471; x_wconf 83' lang='lat' dir='ltr'><strong>corruptus</strong></span> <span class='ocrx_word' id='word_1_674' title='bbox 564 2443 616 2463; x_wconf 80' lang='lat' dir='ltr'><strong>est.</strong></span> <span class='ocrx_word' id='word_1_675' title='bbox 631 2438 727 2464; x_wconf 78' lang='lat' dir='ltr'><strong>Scribo</strong></span> <span class='ocrx_word' id='word_1_676' title='bbox 741 2438 823 2471; x_wconf 76' lang='lat' dir='ltr'><strong>igitur</strong></span> <span class='ocrx_word' id='word_1_677' title='bbox 840 2445 846 2462; x_wconf 86' lang='lat'><strong>:</strong></span> <span class='ocrx_word' id='word_1_678' title='bbox 863 2436 920 2466; x_wconf 83' lang='grc' dir='ltr'>τοῖς</span> <span class='ocrx_word' id='word_1_679' title='bbox 929 2436 979 2469; x_wconf 85' lang='grc' dir='ltr'>τῆς</span> 
     </span>
    </p>
   </div>
   <div class='ocr_carea' id='block_1_99' title="bbox 202 2471 980 2508">
    <p class='ocr_par' dir='ltr' id='par_1_99' title="bbox 202 2471 980 2508">
     <span class='ocr_line' id='line_1_99' title="bbox 202 2471 980 2508; baseline -0.003 -9"><span class='ocrx_word' id='word_1_680' title='bbox 202 2471 381 2508; x_wconf 77' lang='grc' dir='ltr'>εὐαγγελικῇς</span> <span class='ocrx_word' id='word_1_681' title='bbox 395 2472 542 2508; x_wconf 85' lang='grc' dir='ltr'>ἀλλοτρίοις</span> <span class='ocrx_word' id='word_1_682' title='bbox 561 2472 670 2507; x_wconf 84' lang='grc' dir='ltr'>χάριτος</span> <span class='ocrx_word' id='word_1_683' title='bbox 685 2472 736 2498; x_wconf 88' lang='grc' dir='ltr'><strong>κάν</strong></span> <span class='ocrx_word' id='word_1_684' title='bbox 750 2471 916 2508; x_wconf 37' lang='grc' dir='ltr'>τούτῳζοια.</span> <span class='ocrx_word' id='word_1_685' title='bbox 935 2472 980 2508; x_wconf 73' lang='lat' dir='ltr'><strong>Att.</strong></span> 
     </span>
    </p>
   </div>
   <div class='ocr_carea' id='block_1_100' title="bbox 201 2507 978 2540">
    <p class='ocr_par' dir='ltr' id='par_1_100' title="bbox 201 2507 978 2540">
     <span class='ocr_line' id='line_1_100' title="bbox 201 2507 978 2540; baseline -0.004 -4"><span class='ocrx_word' id='word_1_686' title='bbox 201 2508 335 2536; x_wconf 85' lang='lat' dir='ltr'><strong>Eusebius</strong></span> <span class='ocrx_word' id='word_1_687' title='bbox 348 2507 452 2535; x_wconf 70' lang='lat' dir='ltr'><strong>Iudaeos</strong></span> <span class='ocrx_word' id='word_1_688' title='bbox 467 2507 521 2534; x_wconf 87' lang='lat' dir='ltr'><strong>tum</strong></span> <span class='ocrx_word' id='word_1_689' title='bbox 547 2508 574 2534; x_wconf 89' lang='lat' dir='ltr'><strong>itt</strong></span> <span class='ocrx_word' id='word_1_690' title='bbox 591 2508 651 2534; x_wconf 85' lang='lat' dir='ltr'><strong>aliis</strong></span> <span class='ocrx_word' id='word_1_691' title='bbox 680 2508 758 2534; x_wconf 91' lang='lat' dir='ltr'><strong>rebus</strong></span> <span class='ocrx_word' id='word_1_692' title='bbox 778 2508 812 2534; x_wconf 87' lang='lat' dir='ltr'><strong>ab</strong></span> <span class='ocrx_word' id='word_1_693' title='bbox 842 2507 978 2540; x_wconf 72' lang='lat' dir='ltr'><strong>Evangelii</strong></span> 
     </span>
    </p>
   </div>
   <div class='ocr_carea' id='block_1_101' title="bbox 201 2541 978 2604">
    <p class='ocr_par' dir='ltr' id='par_1_101' title="bbox 201 2541 978 2604">
     <span class='ocr_line' id='line_1_101' title="bbox 201 2541 978 2604; baseline -0.005 -34"><span class='ocrx_word' id='word_1_694' title='bbox 201 2543 286 2604; x_wconf 47' lang='lat' dir='ltr'><strong>gratia</strong></span> <span class='ocrx_word' id='word_1_695' title='bbox 301 2543 402 2570; x_wconf 86' lang='lat' dir='ltr'><strong>alienos</strong></span> <span class='ocrx_word' id='word_1_696' title='bbox 419 2550 488 2574; x_wconf 88' lang='lat' dir='ltr'><strong>esse,</strong></span> <span class='ocrx_word' id='word_1_697' title='bbox 504 2547 559 2569; x_wconf 94' lang='lat' dir='ltr'><strong>tum</strong></span> <span class='ocrx_word' id='word_1_698' title='bbox 575 2543 600 2568; x_wconf 92' lang='lat' dir='ltr'><strong>in</strong></span> <span class='ocrx_word' id='word_1_699' title='bbox 629 2543 679 2569; x_wconf 85' lang='lat' dir='ltr'><strong>hac</strong></span> <span class='ocrx_word' id='word_1_700' title='bbox 708 2542 878 2577; x_wconf 88' lang='lat' dir='ltr'><strong>potissimum</strong></span> <span class='ocrx_word' id='word_1_701' title='bbox 908 2541 978 2575; x_wconf 88' lang='lat' dir='ltr'><strong>quod</strong></span> 
     </span>
     <span class='ocr_line' id='line_1_102' title="bbox 223 2576 977 2604; baseline -0.004 0"><span class='ocrx_word' id='word_1_702' title='bbox 223 2578 304 2604; x_wconf 84' lang='lat' dir='ltr'><strong>ascha</strong></span> <span class='ocrx_word' id='word_1_703' title='bbox 316 2585 350 2604; x_wconf 88' lang='lat' dir='ltr'><strong>ex</strong></span> <span class='ocrx_word' id='word_1_704' title='bbox 365 2577 481 2604; x_wconf 86' lang='lat' dir='ltr'><strong>Mosaica</strong></span> <span class='ocrx_word' id='word_1_705' title='bbox 503 2578 698 2604; x_wconf 85' lang='lat' dir='ltr'><strong>consuetudine</strong></span> <span class='ocrx_word' id='word_1_706' title='bbox 725 2577 813 2603; x_wconf 84' lang='lat' dir='ltr'><strong>adhuc</strong></span> <span class='ocrx_word' id='word_1_707' title='bbox 829 2576 977 2604; x_wconf 85' lang='lat' dir='ltr'><strong>celebrent.</strong></span> 
     </span>
    </p>
   </div>
   <div class='ocr_carea' id='block_1_102' title="bbox 223 2576 977 2607">
    <p class='ocr_par' dir='ltr' id='par_1_102' title="bbox 223 2576 977 2607">
     <span class='ocr_line' id='line_1_103' title="bbox 223 2576 977 2607; baseline -0.005 -2"><span class='ocrx_word' id='word_1_708' title='bbox 223 2578 304 2605; x_wconf 86' lang='lat' dir='ltr'><strong>ascha</strong></span> <span class='ocrx_word' id='word_1_709' title='bbox 316 2585 350 2605; x_wconf 88' lang='lat' dir='ltr'><strong>ex</strong></span> <span class='ocrx_word' id='word_1_710' title='bbox 365 2577 481 2604; x_wconf 87' lang='lat' dir='ltr'><strong>Mosaica</strong></span> <span class='ocrx_word' id='word_1_711' title='bbox 503 2578 698 2604; x_wconf 85' lang='lat' dir='ltr'><strong>consuetudine</strong></span> <span class='ocrx_word' id='word_1_712' title='bbox 711 2576 714 2577; x_wconf 62' lang='grc'><strong><em>⁷</em></strong></span> <span class='ocrx_word' id='word_1_713' title='bbox 725 2577 813 2603; x_wconf 84' lang='lat' dir='ltr'><strong>adhuc</strong></span> <span class='ocrx_word' id='word_1_714' title='bbox 829 2576 977 2607; x_wconf 85' lang='lat' dir='ltr'><strong>celebrent,</strong></span> 
     </span>
    </p>
   </div>
   <div class='ocr_carea' id='block_1_103' title="bbox 201 2612 976 2647">
    <p class='ocr_par' dir='ltr' id='par_1_103' title="bbox 201 2612 976 2647">
     <span class='ocr_line' id='line_1_104' title="bbox 201 2612 976 2647; baseline -0.004 -8"><span class='ocrx_word' id='word_1_715' title='bbox 201 2620 253 2639; x_wconf 89' lang='lat' dir='ltr'><strong>tton</strong></span> <span class='ocrx_word' id='word_1_716' title='bbox 272 2613 348 2645; x_wconf 85' lang='lat' dir='ltr'><strong>juxta</strong></span> <span class='ocrx_word' id='word_1_717' title='bbox 376 2612 509 2647; x_wconf 81' lang='lat' dir='ltr'><strong>Evangelii</strong></span> <span class='ocrx_word' id='word_1_718' title='bbox 536 2613 688 2647; x_wconf 84' lang='lat' dir='ltr'><strong>veritatem.</strong></span> <span class='ocrx_word' id='word_1_719' title='bbox 716 2612 863 2639; x_wconf 80' lang='lat' dir='ltr'><strong>Conﬁrmat</strong></span> <span class='ocrx_word' id='word_1_720' title='bbox 888 2615 976 2647; x_wconf 74' lang='lat' dir='ltr'><strong>autem</strong></span> 
     </span>
    </p>
   </div>
   <div class='ocr_carea' id='block_1_104' title="bbox 200 2645 977 2680">
    <p class='ocr_par' dir='ltr' id='par_1_104' title="bbox 200 2645 977 2680">
     <span class='ocr_line' id='line_1_105' title="bbox 200 2645 977 2680; baseline -0.003 -8"><span class='ocrx_word' id='word_1_721' title='bbox 200 2648 414 2674; x_wconf 84' lang='lat' dir='ltr'><strong>emendationem</strong></span> <span class='ocrx_word' id='word_1_722' title='bbox 431 2645 549 2674; x_wconf 76' lang='lat' dir='ltr'><strong>nostram</strong></span> <span class='ocrx_word' id='word_1_723' title='bbox 566 2646 757 2674; x_wconf 84' lang='lat' dir='ltr'><strong>Constantinus</strong></span> <span class='ocrx_word' id='word_1_724' title='bbox 773 2647 797 2672; x_wconf 91' lang='lat' dir='ltr'><strong>in</strong></span> <span class='ocrx_word' id='word_1_725' title='bbox 814 2645 925 2680; x_wconf 87' lang='lat' dir='ltr'><strong>epistola</strong></span> <span class='ocrx_word' id='word_1_726' title='bbox 944 2645 977 2671; x_wconf 85' lang='lat' dir='ltr'><strong>ad</strong></span> 
     </span>
    </p>
   </div>
   <div class='ocr_carea' id='block_1_105' title="bbox 201 2680 978 2715">
    <p class='ocr_par' dir='ltr' id='par_1_105' title="bbox 201 2680 978 2715">
     <span class='ocr_line' id='line_1_106' title="bbox 201 2680 978 2715; baseline -0.004 -7"><span class='ocrx_word' id='word_1_727' title='bbox 201 2681 347 2715; x_wconf 70' lang='lat' dir='ltr'><strong>Ecclesias.</strong></span> <span class='ocrx_word' id='word_1_728' title='bbox 356 2681 431 2715; x_wconf 83' lang='lat' dir='ltr'><strong>cujus</strong></span> <span class='ocrx_word' id='word_1_729' title='bbox 442 2682 520 2708; x_wconf 81' lang='lat' dir='ltr'><strong>verba</strong></span> <span class='ocrx_word' id='word_1_730' title='bbox 528 2681 681 2708; x_wconf 83' lang='lat' dir='ltr'><strong>referuntur</strong></span> <span class='ocrx_word' id='word_1_731' title='bbox 689 2681 757 2707; x_wconf 82' lang='lat' dir='ltr'><strong>infra</strong></span> <span class='ocrx_word' id='word_1_732' title='bbox 770 2682 795 2707; x_wconf 91' lang='lat' dir='ltr'><strong>in</strong></span> <span class='ocrx_word' id='word_1_733' title='bbox 806 2688 829 2707; x_wconf 87' lang='lat' dir='ltr'><strong>c.</strong></span> <span class='ocrx_word' id='word_1_734' title='bbox 840 2682 870 2707; x_wconf 85' lang='lat' dir='ltr'><strong>l7</strong></span> <span class='ocrx_word' id='word_1_735' title='bbox 880 2690 887 2707; x_wconf 88' lang='lat'><strong>:</strong></span> <span class='ocrx_word' id='word_1_736' title='bbox 897 2680 978 2706; x_wconf 83' lang='grc' dir='ltr'>Ἐκεῖ-</span> 
     </span>
    </p>
   </div>
   <div class='ocr_carea' id='block_1_106' title="bbox 198 2714 976 2773">
    <p class='ocr_par' dir='ltr' id='par_1_106' title="bbox 198 2714 976 2773">
     <span class='ocr_line' id='line_1_107' title="bbox 198 2714 976 2773; baseline 0 -32"><span class='ocrx_word' id='word_1_737' title='bbox 198 2715 248 2773; x_wconf 45' lang='grc' dir='ltr'><strong>θεν</strong></span> <span class='ocrx_word' id='word_1_738' title='bbox 258 2714 304 2742; x_wconf 75' lang='grc' dir='ltr'>οὖν</span> <span class='ocrx_word' id='word_1_739' title='bbox 318 2714 404 2743; x_wconf 74' lang='grc' dir='ltr'>τοίνυν</span> <span class='ocrx_word' id='word_1_740' title='bbox 415 2717 464 2743; x_wconf 83' lang='grc' dir='ltr'><strong>κάν</strong></span> <span class='ocrx_word' id='word_1_741' title='bbox 476 2716 562 2751; x_wconf 76' lang='grc' dir='ltr'>τούτῳ</span> <span class='ocrx_word' id='word_1_742' title='bbox 577 2715 615 2751; x_wconf 84' lang='grc' dir='ltr'>τῷ</span> <span class='ocrx_word' id='word_1_743' title='bbox 630 2716 706 2751; x_wconf 78' lang='grc' dir='ltr'>μέρει</span> <span class='ocrx_word' id='word_1_744' title='bbox 720 2717 768 2751; x_wconf 78' lang='grc' dir='ltr'>τὴν</span> <span class='ocrx_word' id='word_1_745' title='bbox 783 2715 909 2751; x_wconf 85' lang='grc' dir='ltr'>ἀλήθειαν</span> <span class='ocrx_word' id='word_1_746' title='bbox 921 2715 976 2750; x_wconf 77' lang='grc' dir='ltr'>οὐχ’</span> 
     </span>
     <span class='ocr_line' id='line_1_108' title="bbox 205 2759 306 2773; baseline 0 0"><span class='ocrx_word' id='word_1_747' title='bbox 205 2759 306 2773; x_wconf 74' lang='grc' dir='ltr'>ιῡιυσιν.</span> 
     </span>
    </p>
   </div>
   <div class='ocr_carea' id='block_1_107' title="bbox 205 2759 306 2786">
    <p class='ocr_par' dir='ltr' id='par_1_107' title="bbox 205 2759 306 2786">
     <span class='ocr_line' id='line_1_109' title="bbox 205 2759 306 2786; baseline 0.01 -10"><span class='ocrx_word' id='word_1_748' title='bbox 205 2759 306 2786; x_wconf 56' lang='grc' dir='ltr'>νρωσιν.</span> 
     </span>
    </p>
   </div>
   <div class='ocr_carea' id='block_1_108' title="bbox 234 2785 976 2820">
    <p class='ocr_par' dir='ltr' id='par_1_108' title="bbox 234 2785 976 2820">
     <span class='ocr_line' id='line_1_110' title="bbox 234 2785 976 2820; baseline -0.001 -8"><span class='ocrx_word' id='word_1_749' title='bbox 234 2786 289 2818; x_wconf 62' lang='grc'><strong>451)</strong></span> <span class='ocrx_word' id='word_1_750' title='bbox 309 2786 494 2813; x_wconf 81' lang='grc' dir='ltr'>Ἰσοστασίου</span> <span class='ocrx_word' id='word_1_751' title='bbox 517 2785 571 2820; x_wconf 83' lang='grc' dir='ltr'>τῆς</span> <span class='ocrx_word' id='word_1_752' title='bbox 593 2786 698 2820; x_wconf 76' lang='grc' dir='ltr'>ἔριδος.</span> <span class='ocrx_word' id='word_1_753' title='bbox 721 2785 807 2814; x_wconf 72' lang='lat' dir='ltr'><strong>Grznci</strong></span> <span class='ocrx_word' id='word_1_754' title='bbox 828 2785 976 2812; x_wconf 75' lang='grc' dir='ltr'>ἰσοστάσιον</span> 
     </span>
    </p>
   </div>
   <div class='ocr_carea' id='block_1_109' title="bbox 200 2820 976 2856">
    <p class='ocr_par' dir='ltr' id='par_1_109' title="bbox 200 2820 976 2856">
     <span class='ocr_line' id='line_1_111' title="bbox 200 2820 976 2856; baseline 0 -10"><span class='ocrx_word' id='word_1_755' title='bbox 200 2820 290 2856; x_wconf 80' lang='grc' dir='ltr'>μάχην</span> <span class='ocrx_word' id='word_1_756' title='bbox 306 2821 408 2854; x_wconf 87' lang='lat' dir='ltr'><strong>dicunt,</strong></span> <span class='ocrx_word' id='word_1_757' title='bbox 424 2821 528 2855; x_wconf 87' lang='lat' dir='ltr'><strong>quoties</strong></span> <span class='ocrx_word' id='word_1_758' title='bbox 542 2823 576 2847; x_wconf 88' lang='lat' dir='ltr'><strong>ita</strong></span> <span class='ocrx_word' id='word_1_759' title='bbox 593 2826 740 2856; x_wconf 77' lang='lat' dir='ltr'><strong>pugnatum</strong></span> <span class='ocrx_word' id='word_1_760' title='bbox 758 2825 809 2853; x_wconf 88' lang='lat' dir='ltr'><strong>est,</strong></span> <span class='ocrx_word' id='word_1_761' title='bbox 831 2825 859 2846; x_wconf 89' lang='lat' dir='ltr'><strong>ut</strong></span> <span class='ocrx_word' id='word_1_762' title='bbox 882 2828 976 2856; x_wconf 77' lang='lat' dir='ltr'><strong>neutra</strong></span> 
     </span>
    </p>
   </div>
   <div class='ocr_carea' id='block_1_110' title="bbox 198 2829 976 2889">
    <p class='ocr_par' dir='ltr' id='par_1_110' title="bbox 198 2829 976 2889">
     <span class='ocr_line' id='line_1_112' title="bbox 200 2829 976 2881; baseline 0 -35"><span class='ocrx_word' id='word_1_763' title='bbox 200 2829 290 2856; x_wconf 80' lang='grc' dir='ltr'>μαχην</span> <span class='ocrx_word' id='word_1_764' title='bbox 306 2829 408 2854; x_wconf 70' lang='grc' dir='ltr'>αιοιιηι,</span> <span class='ocrx_word' id='word_1_765' title='bbox 424 2829 528 2855; x_wconf 73' lang='grc' dir='ltr'><strong>(11101ιὲ8</strong></span> <span class='ocrx_word' id='word_1_766' title='bbox 542 2829 576 2847; x_wconf 73' lang='lat' dir='ltr'><strong>Ila</strong></span> <span class='ocrx_word' id='word_1_767' title='bbox 593 2829 740 2881; x_wconf 60' lang='lat' dir='ltr'><strong>Etlgllﬂluﬂl</strong></span> <span class='ocrx_word' id='word_1_768' title='bbox 758 2829 809 2853; x_wconf 70' lang='grc' dir='ltr'>ρει,</span> <span class='ocrx_word' id='word_1_769' title='bbox 831 2829 859 2846; x_wconf 83' lang='grc' dir='ltr'><strong>ιιι</strong></span> <span class='ocrx_word' id='word_1_770' title='bbox 882 2829 976 2846; x_wconf 68' lang='grc' dir='ltr'>ιὶειιινςι</span> 
     </span>
     <span class='ocr_line' id='line_1_113' title="bbox 198 2855 976 2889; baseline 0.003 -9"><span class='ocrx_word' id='word_1_771' title='bbox 198 2863 261 2889; x_wconf 64' lang='lat' dir='ltr'><strong>pars</strong></span> <span class='ocrx_word' id='word_1_772' title='bbox 281 2856 418 2882; x_wconf 85' lang='lat' dir='ltr'><strong>victoriam</strong></span> <span class='ocrx_word' id='word_1_773' title='bbox 438 2856 571 2883; x_wconf 83' lang='lat' dir='ltr'><strong>retulerit.</strong></span> <span class='ocrx_word' id='word_1_774' title='bbox 602 2855 693 2883; x_wconf 60' lang='lat' dir='ltr'><strong>‘odem</strong></span> <span class='ocrx_word' id='word_1_775' title='bbox 719 2863 798 2883; x_wconf 87' lang='lat' dir='ltr'><strong>sensu</strong></span> <span class='ocrx_word' id='word_1_776' title='bbox 827 2855 976 2882; x_wconf 74' lang='grc' dir='ltr'>ἰσοστάσιον</span> 
     </span>
    </p>
   </div>
   <div class='ocr_carea' id='block_1_111' title="bbox 1035 2439 1823 2477">
    <p class='ocr_par' dir='ltr' id='par_1_111' title="bbox 1035 2439 1823 2477">
     <span class='ocr_line' id='line_1_114' title="bbox 1035 2439 1823 2477; baseline 0.009 -14"><span class='ocrx_word' id='word_1_777' title='bbox 1035 2445 1084 2477; x_wconf 60' lang='lat' dir='ltr'><strong>{lue</strong></span> <span class='ocrx_word' id='word_1_778' title='bbox 1107 2439 1242 2477; x_wconf 58' lang='lat' dir='ltr'><strong>munientis</strong></span> <span class='ocrx_word' id='word_1_779' title='bbox 1268 2439 1391 2477; x_wconf 79' lang='lat' dir='ltr'><strong>libratam</strong></span> <span class='ocrx_word' id='word_1_780' title='bbox 1419 2439 1634 2469; x_wconf 72' lang='lat' dir='ltr'><strong>controversiam.</strong></span> <span class='ocrx_word' id='word_1_781' title='bbox 1662 2442 1719 2477; x_wconf 67' lang='lat' dir='ltr'><strong>Non</strong></span> <span class='ocrx_word' id='word_1_782' title='bbox 1746 2449 1823 2471; x_wconf 78' lang='lat' dir='ltr'><strong>recte</strong></span> 
     </span>
    </p>
   </div>
   <div class='ocr_carea' id='block_1_112' title="bbox 1035 2473 1820 2507">
    <p class='ocr_par' dir='ltr' id='par_1_112' title="bbox 1035 2473 1820 2507">
     <span class='ocr_line' id='line_1_115' title="bbox 1035 2473 1820 2507; baseline 0.009 -10"><span class='ocrx_word' id='word_1_783' title='bbox 1035 2473 1117 2505; x_wconf 76' lang='lat' dir='ltr'><strong>igitur</strong></span> <span class='ocrx_word' id='word_1_784' title='bbox 1147 2473 1412 2507; x_wconf 81' lang='lat' dir='ltr'><strong>Christophorsouus</strong></span> <span class='ocrx_word' id='word_1_785' title='bbox 1456 2476 1490 2502; x_wconf 81' lang='lat' dir='ltr'><strong>ita</strong></span> <span class='ocrx_word' id='word_1_786' title='bbox 1526 2477 1638 2504; x_wconf 85' lang='lat' dir='ltr'><strong>vertit:</strong></span> <span class='ocrx_word' id='word_1_787' title='bbox 1664 2476 1820 2504; x_wconf 72' lang='lat' dir='ltr'><strong>Prwserlim</strong></span> 
     </span>
    </p>
   </div>
   <div class='ocr_carea' id='block_1_113' title="bbox 1033 2510 1822 2548">
    <p class='ocr_par' dir='ltr' id='par_1_113' title="bbox 1033 2510 1822 2548">
     <span class='ocr_line' id='line_1_116' title="bbox 1033 2510 1822 2548; baseline 0.009 -16"><span class='ocrx_word' id='word_1_788' title='bbox 1033 2510 1296 2548; x_wconf 47' lang='lat' dir='ltr'><strong>cum&#39;cantrouersia</strong></span> <span class='ocrx_word' id='word_1_789' title='bbox 1325 2510 1506 2537; x_wconf 79' lang='lat' dir='ltr'><strong>dissidentium</strong></span> <span class='ocrx_word' id='word_1_790' title='bbox 1544 2512 1646 2538; x_wconf 78' lang='lat' dir='ltr'><strong>animos</strong></span> <span class='ocrx_word' id='word_1_791' title='bbox 1675 2519 1710 2538; x_wconf 71' lang='lat' dir='ltr'><strong>ea:</strong></span> <span class='ocrx_word' id='word_1_792' title='bbox 1744 2521 1822 2547; x_wconf 82' lang='lat' dir='ltr'><strong>a&#39;quo</strong></span> 
     </span>
    </p>
   </div>
   <div class='ocr_carea' id='block_1_114' title="bbox 1032 2547 1199 2575">
    <p class='ocr_par' dir='ltr' id='par_1_114' title="bbox 1032 2547 1199 2575">
     <span class='ocr_line' id='line_1_117' title="bbox 1032 2547 1199 2575; baseline 0.024 -10"><span class='ocrx_word' id='word_1_793' title='bbox 1032 2547 1199 2575; x_wconf 74' lang='lat' dir='ltr'><strong>exngtlarel..</strong></span> 
     </span>
    </p>
   </div>
   <div class='ocr_carea' id='block_1_115' title="bbox 1050 2577 1821 2617">
    <p class='ocr_par' dir='ltr' id='par_1_115' title="bbox 1050 2577 1821 2617">
     <span class='ocr_line' id='line_1_118' title="bbox 1050 2577 1821 2617; baseline 0.006 -14"><span class='ocrx_word' id='word_1_794' title='bbox 1050 2612 1056 2617; x_wconf 84' lang='lat'><strong><em>_</em></strong></span> <span class='ocrx_word' id='word_1_795' title='bbox 1068 2577 1123 2617; x_wconf 70' lang='lat'><strong>(32)</strong></span> <span class='ocrx_word' id='word_1_796' title='bbox 1139 2579 1321 2617; x_wconf 58' lang='lat' dir='ltr'><strong>Anuotrlov._..</strong></span> <span class='ocrx_word' id='word_1_797' title='bbox 1334 2578 1454 2617; x_wconf 59' lang='lat' dir='ltr'><strong>optineo.</strong></span> <span class='ocrx_word' id='word_1_798' title='bbox 1467 2579 1567 2617; x_wconf 74' lang='lat' dir='ltr'><strong>Mirum</strong></span> <span class='ocrx_word' id='word_1_799' title='bbox 1579 2586 1620 2608; x_wconf 89' lang='lat' dir='ltr'><strong>est</strong></span> <span class='ocrx_word' id='word_1_800' title='bbox 1629 2581 1710 2617; x_wconf 80' lang='lat' dir='ltr'><strong>quod</strong></span> <span class='ocrx_word' id='word_1_801' title='bbox 1729 2580 1821 2617; x_wconf 88' lang='lat' dir='ltr'><strong>Euse-</strong></span> 
     </span>
    </p>
   </div>
   <div class='ocr_carea' id='block_1_116' title="bbox 1030 2610 1822 2650">
    <p class='ocr_par' dir='ltr' id='par_1_116' title="bbox 1030 2610 1822 2650">
     <span class='ocr_line' id='line_1_119' title="bbox 1030 2610 1822 2650; baseline 0.008 -13"><span class='ocrx_word' id='word_1_802' title='bbox 1030 2610 1090 2638; x_wconf 85' lang='lat' dir='ltr'><strong>bius</strong></span> <span class='ocrx_word' id='word_1_803' title='bbox 1112 2610 1251 2650; x_wconf 56' lang='lat' dir='ltr'><strong>hoc_&quot;l0co</strong></span> <span class='ocrx_word' id='word_1_804' title='bbox 1276 2614 1309 2640; x_wconf 79' lang='grc' dir='ltr'>τὰ</span> <span class='ocrx_word' id='word_1_805' title='bbox 1334 2610 1481 2650; x_wconf 72' lang='grc' dir='ltr'>νωτοφόρα</span> <span class='ocrx_word' id='word_1_806' title='bbox 1507 2610 1654 2650; x_wconf 58' lang='lat' dir='ltr'><strong>distinguit</strong></span> <span class='ocrx_word' id='word_1_807' title='bbox 1669 2623 1684 2642; x_wconf 91' lang='lat' dir='ltr'><strong>a</strong></span> <span class='ocrx_word' id='word_1_808' title='bbox 1710 2616 1822 2649; x_wconf 89' lang='lat' dir='ltr'><strong>publico</strong></span> 
     </span>
    </p>
   </div>
   <div class='ocr_carea' id='block_1_117' title="bbox 1031 2647 1821 2687">
    <p class='ocr_par' dir='ltr' id='par_1_117' title="bbox 1031 2647 1821 2687">
     <span class='ocr_line' id='line_1_120' title="bbox 1031 2647 1821 2687; baseline 0.006 -14"><span class='ocrx_word' id='word_1_809' title='bbox 1031 2654 1131 2687; x_wconf 57' lang='grc' dir='ltr'><strong>(ῖυξξιιἰ</strong></span> <span class='ocrx_word' id='word_1_810' title='bbox 1150 2647 1202 2674; x_wconf 85' lang='lat' dir='ltr'><strong>Sed</strong></span> <span class='ocrx_word' id='word_1_811' title='bbox 1226 2649 1380 2687; x_wconf 75' lang='lat' dir='ltr'><strong>responderi</strong></span> <span class='ocrx_word' id='word_1_812' title='bbox 1396 2647 1496 2687; x_wconf 67' lang='lat' dir='ltr'><strong>potest,</strong></span> <span class='ocrx_word' id='word_1_813' title='bbox 1522 2647 1688 2687; x_wconf 50' lang='lat' dir='ltr'><strong>Eusebium,</strong></span> <span class='ocrx_word' id='word_1_814' title='bbox 1708 2647 1821 2678; x_wconf 79' lang='lat' dir='ltr'><strong>nomine</strong></span> 
     </span>
    </p>
   </div>
   <div class='ocr_carea' id='block_1_118' title="bbox 1032 2681 1817 2719">
    <p class='ocr_par' dir='ltr' id='par_1_118' title="bbox 1032 2681 1817 2719">
     <span class='ocr_line' id='line_1_121' title="bbox 1032 2681 1817 2719; baseline 0.006 -12"><span class='ocrx_word' id='word_1_815' title='bbox 1032 2681 1132 2719; x_wconf 63' lang='lat' dir='ltr'><strong>publici</strong></span> <span class='ocrx_word' id='word_1_816' title='bbox 1148 2690 1244 2719; x_wconf 75' lang='lat' dir='ltr'><strong>cursus</strong></span> <span class='ocrx_word' id='word_1_817' title='bbox 1258 2681 1422 2719; x_wconf 82' lang='lat' dir='ltr'><strong>intellexisse</strong></span> <span class='ocrx_word' id='word_1_818' title='bbox 1435 2685 1566 2711; x_wconf 89' lang='lat' dir='ltr'><strong>vehicula.</strong></span> <span class='ocrx_word' id='word_1_819' title='bbox 1578 2686 1667 2719; x_wconf 88' lang='lat' dir='ltr'><strong>Atque</strong></span> <span class='ocrx_word' id='word_1_820' title='bbox 1683 2685 1719 2711; x_wconf 92' lang='lat' dir='ltr'><strong>ita</strong></span> <span class='ocrx_word' id='word_1_821' title='bbox 1732 2693 1817 2712; x_wconf 83' lang='lat' dir='ltr'><strong>acce-</strong></span> 
     </span>
    </p>
   </div>
   <div class='ocr_carea' id='block_1_119' title="bbox 1031 2716 1820 2757">
    <p class='ocr_par' dir='ltr' id='par_1_119' title="bbox 1031 2716 1820 2757">
     <span class='ocr_line' id='line_1_122' title="bbox 1031 2716 1820 2757; baseline 0.005 -15"><span class='ocrx_word' id='word_1_822' title='bbox 1031 2717 1071 2757; x_wconf 76' lang='lat' dir='ltr'><strong>pit</strong></span> <span class='ocrx_word' id='word_1_823' title='bbox 1093 2716 1262 2757; x_wconf 73' lang='lat' dir='ltr'><strong>Nicephorus</strong></span> <span class='ocrx_word' id='word_1_824' title='bbox 1279 2718 1311 2757; x_wconf 36' lang='lat' dir='ltr'><strong>lin</strong></span> <span class='ocrx_word' id='word_1_825' title='bbox 1337 2718 1383 2757; x_wconf 62' lang='lat' dir='ltr'><strong>lib.</strong></span> <span class='ocrx_word' id='word_1_826' title='bbox 1412 2725 1470 2757; x_wconf 86' lang='lat' dir='ltr'><strong>v_n_t,</strong></span> <span class='ocrx_word' id='word_1_827' title='bbox 1492 2726 1555 2757; x_wconf 63' lang='lat' dir='ltr'><strong>cap1</strong></span> <span class='ocrx_word' id='word_1_828' title='bbox 1575 2716 1709 2757; x_wconf 41' lang='lat' dir='ltr'><strong>“(Aliis</strong></span> <span class='ocrx_word' id='word_1_829' title='bbox 1734 2720 1820 2757; x_wconf 72' lang='lat' dir='ltr'><strong>igitur</strong></span> 
     </span>
    </p>
   </div>
   <div class='ocr_carea' id='block_1_120' title="bbox 1031 2753 1818 2787">
    <p class='ocr_par' dir='ltr' id='par_1_120' title="bbox 1031 2753 1818 2787">
     <span class='ocr_line' id='line_1_123' title="bbox 1031 2753 1818 2787; baseline 0.009 -11"><span class='ocrx_word' id='word_1_830' title='bbox 1031 2753 1165 2786; x_wconf 88' lang='lat' dir='ltr'><strong>episcopis</strong></span> <span class='ocrx_word' id='word_1_831' title='bbox 1181 2753 1305 2779; x_wconf 87' lang='lat' dir='ltr'><strong>vehicula</strong></span> <span class='ocrx_word' id='word_1_832' title='bbox 1319 2753 1433 2786; x_wconf 74' lang='lat' dir='ltr'><strong>praeberi</strong></span> <span class='ocrx_word' id='word_1_833' title='bbox 1445 2753 1818 2787; x_wconf 47' lang='lat' dir='ltr'><strong>jussit&#39;Constantinus,aliis</strong></span> 
     </span>
    </p>
   </div>
   <div class='ocr_carea' id='block_1_121' title="bbox 1031 2787 1817 2848">
    <p class='ocr_par' dir='ltr' id='par_1_121' title="bbox 1031 2787 1817 2848">
     <span class='ocr_line' id='line_1_124' title="bbox 1031 2787 1817 2848; baseline 0.008 -37"><span class='ocrx_word' id='word_1_834' title='bbox 1031 2787 1262 2848; x_wconf 51' lang='lat' dir='ltr'><strong>equpilpublicos</strong></span> <span class='ocrx_word' id='word_1_835' title='bbox 1289 2788 1388 2821; x_wconf 82' lang='lat' dir='ltr'><strong>quibus</strong></span> <span class='ocrx_word' id='word_1_836' title='bbox 1421 2790 1582 2816; x_wconf 82' lang='lat' dir='ltr'><strong>veherentur</strong></span> <span class='ocrx_word' id='word_1_837' title='bbox 1607 2790 1639 2816; x_wconf 83' lang='lat' dir='ltr'><strong>ad</strong></span> <span class='ocrx_word' id='word_1_838' title='bbox 1670 2789 1817 2817; x_wconf 81' lang='lat' dir='ltr'><strong>concilium</strong></span> 
     </span>
     <span class='ocr_line' id='line_1_125' title="bbox 1031 2830 1189 2848; baseline 0 0"><span class='ocrx_word' id='word_1_839' title='bbox 1031 2830 1105 2848; x_wconf 83' lang='lat' dir='ltr'><strong>nroe</strong></span> <span class='ocrx_word' id='word_1_840' title='bbox 1137 2830 1189 2848; x_wconf 80' lang='lat' dir='ltr'><strong>uri.</strong></span> 
     </span>
    </p>
   </div>
   <div class='ocr_carea' id='block_1_122' title="bbox 1030 2829 1189 2855">
    <p class='ocr_par' dir='ltr' id='par_1_122' title="bbox 1030 2829 1189 2855">
     <span class='ocr_line' id='line_1_126' title="bbox 1030 2829 1189 2855; baseline 0.006 -7"><span class='ocrx_word' id='word_1_841' title='bbox 1030 2829 1189 2855; x_wconf 80' lang='lat' dir='ltr'><strong>protectum.</strong></span> 
     </span>
    </p>
   </div>
  </div>
