2000 3167
240 151 305 180 N161

602 149 740 179 EUSEBII
759 149 999 179 CAESARIENSIS
1018 150 1095 179 OPP.
1115 150 1206 178 PARS
1226 151 1245 178 Ι.
1267 167 1301 172 ——
1320 150 1516 180 HISTORICA.

1797 153 1870 181 1068

220 194 390 251 Ἰροτειοιεπι
414 212 548 240 allocutus
568 215 627 245 est,
650 215 762 246 propter
783 210 858 238 illum
877 211 980 247 gratias
997 216 1019 239 e1

1075 211 1244 248 προσφωνῶν
1262 211 1301 247 τῷ
1324 211 1446 247 βασιλεῖ,
1471 211 1510 248 τῷ
1539 220 1568 239 τι
1590 213 1791 249 παντοκράτορι
1809 213 1871 249 Θεῷ

240 261 334 289 laudes
352 259 500 295 perhibens
525 257 706 293 omnipotenti
735 257 800 285 Deo.
814 256 959 292 Postquam
981 257 1026 285 ille

238 307 321 335 etiam
341 305 455 337 assedit,
470 312 532 331 mox
552 304 641 331 cuncti
663 303 760 331 defixis
784 303 811 330 in
832 302 1024 339 imperatorem

237 353 324 381 oculis
343 351 482 380 silentium
498 350 599 379 fecere.
620 350 666 377 Ille
683 350 752 378 laetis
770 349 858 378 oculis
876 354 904 377 et
918 350 1026 385 placido

238 398 313 426 vultu
327 398 469 425 universos
489 397 615 429 intuitus,
638 404 671 424 ac
694 395 792 424 deinde
807 400 925 424 mentem
947 403 1024 424 suam

238 444 266 472 in
288 452 318 471 se
333 442 473 478 colligens,
495 442 548 470 leni
570 446 600 470 et
624 442 762 470 moderata
785 448 852 470 voce
870 440 1025 477 huiusmodi

237 489 321 518 verba
336 488 402 517 fecit
413 498 420 515 :

268 536 269 539 ‘
538 533 653 562 CAPUT
670 533 728 561 XII.

327 579 495 607 Constantini
508 578 543 605 ad
561 579 691 613 synodum
707 578 792 606 oratio
810 578 843 605 de
863 587 935 613 pace.

270 636 280 652 ‹
290 626 352 655 Haec
361 631 419 655 erat
429 633 536 654 summa
543 630 666 652 votorum
674 631 808 657 meorum,
820 624 986 662 charissimi.
997 629 1026 652 ut

237 676 326 700 coitus
341 670 425 698 vestri
442 673 590 703 conspectu
615 669 680 696 mihi
698 670 866 707 quanquue
889 670 942 697 frui
963 677 1026 698 con-

238 719 362 753 tingeret.
371 718 453 752 Cujus
462 718 515 746 voti
528 726 638 755 compos
645 727 717 747 nunc
728 720 827 753 factus,
838 720 893 748 Deo
902 720 1025 747 omnium

237 764 303 798 Regi
321 765 423 799 gratias
438 772 499 800 ago,
520 765 566 800 qui
590 770 692 800 przeter
713 767 857 794 innttmera
873 766 925 794 alia
944 767 1027 794 bette-

237 809 308 843 ﬂcia,
329 810 382 838 hoc
404 811 525 838 omnium
547 812 681 839 bonorum
704 813 852 840 maximum
874 813 941 840 mihi
964 820 1025 847 spe-

236 861 311 884 ctare
335 857 481 891 concessit,
503 862 532 885 ut
552 858 659 886 scilicet
682 866 730 886 vos
755 859 782 886 in
820 867 904 886 unum
929 866 1025 887 omnes

1077 257 1251 293 χαριστήριον
1267 257 1311 284 ἐπ’
1335 258 1410 292 αὐτῷ
1427 258 1588 294 ποιούμενος
1605 258 1706 293 ὕμνον·
1722 258 1817 294 ἐπειδὴ
1841 258 1870 285 δὲ

1076 303 1122 329 καὶ
1138 302 1218 334 αὐτὸς
1232 302 1361 337 καθῆστο,
1379 303 1442 338 σιγὴ
1461 302 1510 338 μὲν
1526 302 1659 336 ἐγίγνετο,
1680 301 1791 328 πάντων
1807 301 1868 328 ἀτε-

1076 350 1119 380 νὲς
1132 350 1171 380 εἰς
1185 348 1296 383 βασιλέα
1311 348 1473 383 βλεπόντων·
1488 349 1502 374 ὁ
1512 348 1541 374 δὲ
1554 348 1676 384 φαιδροῖς
1690 347 1796 384 ὀμμασι
1812 347 1870 379 τοῖς

1076 395 1143 421 πᾶσι
1164 393 1280 429 γαληνὸν
1304 393 1453 429 ἐμϐλέψας,
1475 394 1591 421 κᾶπειτα
1612 392 1869 429 συναγαγὼψαύτὸ,
1890 409 1893 413 -

1076 440 1144 474 πρὸς
1156 439 1257 474 ξὲαυτὸν
1278 439 1327 474 τὴν
1339 439 1475 472 διάνοιαν,
1489 440 1583 476 ἡσύχῳ
1604 440 1651 467 καὶ
1669 440 1773 476 πραείᾳ
1792 442 1869 476 φωνῇ

1076 487 1146 513 τοῖον
1159 485 1284 512 ἀπέδωκε
1296 485 1387 519 λόγον·

1336 529 1535 558 ΚΕΦΑΛΑΙΟΝ
1555 529 1605 557 IB’.

1076 577 1305 605 Κωνστιιντίνου
1327 576 1401 611 πρὸς
1419 575 1477 610 τὴν
1496 576 1628 603 σύνοδον
1647 577 1714 610 περὶ
1734 576 1867 611 εζοήνης.

1113 632 1122 648 t
1141 623 1230 658 Εὑχῆς
1244 622 1293 658 μὲν
1306 623 1368 658 ἐμοὶ
1382 622 1457 654 τέλος
1469 620 1513 657 ἦν,
1526 619 1549 648 ὦ
1562 622 1633 656 φίλοι
1645 642 1652 654 ,
1668 622 1718 658 τῆς
1731 623 1869 659 ὑμετέρας

1076 668 1227 695 ἀπολαῦσαι
1240 668 1348 704 χορείας
1357 688 1363 700 ,
1377 667 1473 694 τούτου
1488 667 1516 694 δὲ
1532 667 1631 703 τυχὼν,
1649 668 1747 694 εἰδέναι
1759 668 1798 704 τῷ
1812 669 1869 696 Βα-

1077 715 1147 742 σιλεῖ
1158 714 1211 741 τῶν
1225 715 1293 741 ὅλων
1309 714 1357 750 τὴν
1374 714 1454 750 χάριν
1467 713 1601 750 ὁμολογῶ,
1613 714 1654 740 ὅτι
1668 723 1713 749 μοι
1730 715 1798 750 πρὸς
1811 716 1870 746 τοῖς

1076 761 1166 794 ἄλλοις
1177 762 1272 794 ἅπασι,
1282 761 1329 788 καὶ
1342 761 1421 788 τοῦτο
1432 763 1553 795 κρεῖττον
1567 761 1669 796 ἁγαθοῦ
1685 762 1785 793 παντὸς
1802 762 1869 788 ἰδεῖν

1076 808 1246 844 ἐδωρήσατο·
1264 808 1336 844 φημὶ
1351 808 1383 844 δὴ
1399 808 1445 840 τὺ,
1465 808 1649 843 συνηγμένους
1671 808 1738 844 ὁμῡῦ
1763 808 1869 840 πάντας

1076 855 1231 888 ἀπολαϐεῖν,
1244 855 1307 891 μίαν
1319 864 1348 882 τε
1359 855 1450 890 κοινὴν
1462 855 1589 882 ἁπάντων
1599 855 1739 891 ὁμόφρονα
1750 855 1868 892 γνώμην

236 897 426 939 congregatos,
443 909 470 931 et
485 905 706 940 conspirantibus
720 905 819 933 animis
839 913 920 932 unum
937 905 1019 932 idem-

1077 901 1235 929 οεάσασθαι,
1245 889 1326 936 ἺΜηδ’
1342 898 1388 927 οὖν
1406 889 1539 935 βάσκανος
1554 909 1595 932 τις
1611 889 1707 936 ἐχθρὸς
1729 902 1786 932 τοῖς

238 957 291 985 que
309 950 456 978 sentientes
471 950 606 978 viderem.
626 950 721 979 Nullus
736 951 819 986 igitur
841 951 953 986 posthac
968 959 1026 978 ma-

236 994 340 1022 levolus
356 994 442 1022 hostis
456 994 561 1023 felicem
579 1002 669 1022 rertnn
683 1000 835 1023 nostrarum
851 1000 950 1023 statum
965 1004 1026 1031 per-

235 1040 336 1073 turbet,
361 1047 411 1067 nec
434 1044 494 1075 post
514 1040 628 1068 deletam
645 1040 769 1068 funditus
785 1049 817 1069 ac
833 1041 965 1069 sublatam
978 1041 1025 1069 Dei

238 1084 393 1114 Servatoris
407 1086 520 1117 auxilio.
535 1087 707 1121 tyrannldem
723 1093 816 1114 eorum
833 1087 878 1122 qui
893 1087 947 1114 Deo
965 1087 1024 1114 bel-

236 1129 290 1157 lum
311 1130 479 1164 indixerant,
507 1129 759 1166 rursusmalignus
780 1132 884 1159 dremon
906 1131 957 1159 alia
981 1133 1023 1159 via

236 1184 268 1203 ac
276 1175 379 1204 ratione
392 1177 508 1204 divinant
525 1176 609 1211 legem
625 1177 775 1205 maledictis
786 1182 813 1205 et
824 1178 964 1205 calumniis
977 1185 1025 1205 ex—

236 1227 330 1257 ponat.
347 1222 451 1258 Quippe
466 1223 592 1251 intestina
614 1224 712 1251 seditio
733 1223 862 1252 Ecclesia:
884 1224 941 1258 Dei,
958 1224 1024 1250 mihi

236 1269 345 1303 quidem
364 1269 437 1296 omni
458 1268 529 1297 bello
544 1275 572 1297 et
587 1270 791 1297 concertatione
806 1270 916 1305 gravior
929 1278 960 1297 ac
976 1277 1023 1305 pe-

236 1314 379 1342 riculosior
391 1315 515 1342 videtur:
535 1323 585 1343 nec
598 1320 716 1343 externa:
739 1324 783 1344 res
804 1320 907 1343 tantum
933 1316 1024 1343 animo

236 1367 297 1388 meo
320 1360 442 1388 dolorem
464 1360 594 1393 afferunt,
614 1366 746 1395 quantum
770 1362 828 1389 haec
846 1362 965 1396 negotia.
991 1361 1025 1388 Et

234 1414 268 1434 eo
284 1408 391 1442 quidem
411 1413 532 1443 temporc
548 1416 602 1443 quo
619 1408 667 1436 Dei
683 1412 749 1436 nutu
764 1412 845 1443 atque
862 1407 963 1435 auxilio
976 1408 1024 1435 ad-

232 1452 309 1489 iutus
322 1452 463 1480 victoriam
488 1453 522 1481 de
544 1453 668 1481 hostibus
685 1453 850 1485 retuleratn,
875 1452 943 1480 nihil
963 1460 1024 1480 am-

235 1497 307 1533 plius
325 1498 390 1526 mihi
417 1505 561 1533 superesse
577 1498 785 1531 existimabam,
808 1505 890 1533 quam
910 1501 939 1525 ut
965 1501 1023 1525 tum

236 1544 331 1571 divino
355 1543 465 1571 Numini
484 1544 586 1579 gratias
609 1551 731 1579 agerent,
755 1547 809 1570 tum
831 1551 884 1570 una
907 1551 968 1571 cum
990 1543 1023 1571 iis

235 1597 305 1624 quos
328 1589 399 1617 Deus
423 1598 481 1617 mea
504 1598 587 1625 opera
606 1590 634 1618 in
655 1589 809 1618 libertatem
826 1590 1023 1624 vindicaverat,

234 1636 373 1663 communi
387 1636 485 1671 gaudio
499 1635 676 1664 exsultarem.
695 1636 748 1663 Sed
763 1636 809 1663 ubi
822 1636 856 1663 de
875 1635 1023 1664 dissensio-

236 1690 270 1709 ne
287 1687 374 1709 vestra
397 1683 508 1710 nuntius
533 1683 566 1709 ad
590 1689 634 1710 me
661 1682 800 1717 insperato
826 1683 947 1717 perlatus
969 1688 1021 1716 est,

235 1729 361 1764 equidem
384 1736 444 1756 eam
482 1736 538 1756 rem
570 1728 681 1756 minime
707 1729 891 1764 negligendam
916 1730 1019 1764 putavi.

235 1775 340 1811 Quippe
354 1779 452 1811 optans
467 1778 496 1802 ut
510 1774 574 1803 huic
588 1775 659 1803 malo
679 1782 739 1803 mea
755 1783 862 1810 quoque
878 1783 960 1810 opera
976 1783 1020 1804 re-

233 1896 277 1918 est
290 1890 319 1918 in
335 1890 412 1917 titulo
424 1889 506 1924 hujus
521 1888 643 1924 capitis,
658 1887 839 1916 Theodoritus
857 1888 961 1924 verojn
977 1888 996 1915 1.
1011 1897 1019 1916 1

235 1926 372 1958 Ηιειογῐαν,
386 1933 445 1959 cap.
462 1923 493 1956 ⁷7,
511 1923 563 1952 non
586 1924 620 1952 ab
635 1923 761 1956 Eusebio,
789 1925 835 1951 sed
855 1925 889 1950 ab
918 1923 1017 1951 Eusta-

234 1962 291 1989 thio
306 1961 454 1988 Antiochia!
471 1959 590 1987 civitatis
613 1960 741 1994 episcopo
774 1959 923 1986 orationem
948 1959 1020 1986 hanc

234 1997 352 2024 habitam
364 2003 424 2023 esse
440 1995 515 2023 dicit.
534 1994 692 2021 Theodoriti
719 1996 881 2022 sententiam
910 1999 1019 2021 secutus

232 2037 275 2059 est
289 2031 422 2058 Baronius
434 2038 442 2059 :
455 2037 534 2065 quem
564 2030 680 2065 quidem
691 2037 799 2063 semper
820 2029 911 2056 hostili
929 2034 1019 2065 atque

208 2066 339 2096 ".infenso
351 2066 441 2093 animo
455 2064 585 2092 adversus
603 2064 748 2092 Euscbium
775 2069 897 2091 nostrum
925 2064 1017 2096 fuisse,

221 2101 266 2128 ‘ex
278 2102 335 2135 ejus
350 2101 460 2134 scriptis
479 2101 567 2134 quivis
593 2099 671 2127 facile
696 2100 888 2133 deprehendet.
918 2098 1017 2135 Verum

234 2134 327 2163 auctor
339 2135 464 2162 Historia:
481 2135 623 2169 tripartito!
643 2135 670 2162 in
692 2135 760 2162 libro
778 2143 809 2167 tt,
837 2142 896 2169 cap.
923 2134 950 2163 5.
971 2134 1015 2161 ubi

233 2172 389 2199 Theodoriti
417 2171 497 2197 verba
525 2170 664 2201 describit,
695 2170 733 2196 ait
756 2175 817 2204 post
845 2169 1015 2196 Eustathiuni

234 2206 449 2236 Antiuchenum.
472 2205 615 2232 Eusebium
637 2211 744 2239 quoque
762 2205 957 2231 Caesariensem
983 2204 1016 2230 de

234 2242 357 2268 laudibus
384 2240 558 2274 imperatoris
586 2242 736 2267 orationem
765 2240 903 2266 habuisse.

233 2282 322 2304 tamen
344 2276 370 2303 in
392 2275 495 2303 Gratcis
525 2275 681 2308 Theodorjti
704 2274 905 2308 exemplaribus
937 2274 1016 2301 hodie

232 2320 285 2339 non
301 2311 433 2341 habetur;
457 2317 568 2345 prorsus
585 2314 614 2336 ut
635 2309 747 2345 dbcesse
761 2310 807 2341 sit,
834 2314 883 2345 aut
899 2309 1017 2343 Epipha-

232 2344 515 2374 ninmsrhulastieum
539 2345 703 2378 intcgriores
728 2344 885 2371 Theodoriti
910 2344 1016 2371 codices

232 2387 341 2409 nactum
356 2381 449 2412 fuisse,
465 2386 511 2407 aut
528 2380 561 2406 de
574 2387 624 2407 suo
639 2380 665 2407 id
694 2380 841 2409 addidisse.
872 2383 902 2406 ut
931 2379 1016 2406 inter-

231 2418 294 2444 dum
309 2417 386 2444 solet.
403 2416 467 2442 Tale
481 2420 524 2442 est
537 2415 601 2442 illud
620 2415 691 2449 quod
714 2422 796 2449 supra
815 2415 969 2441 notavimus
983 2415 1016 2441 de

230 2452 310 2487 regia.-
317 2452 391 2478 urbis
398 2452 536 2487 episcopo!
545 2457 624 2487 quem
636 2450 750 2487 Niczentc
757 2450 1015 2487 synodgnoninter-

231 2484 315 2514 fuisse
331 2484 458 2514 Socrates
471 2493 504 2513 ex
517 2486 634 2512 Eusebio
646 2484 776 2519 prodidit,
791 2485 835 2512 ubi
848 2484 1015 2519 Epiphanius

230 2522 408 2550 s(holasticus
420 2521 566 2549 Alexandri
582 2528 679 2548 nomen
693 2520 797 2547 addidit
817 2520 892 2555 gravi
910 2527 1014 2551 errore,

230 2565 290 2585 cum
307 2557 510 2591 Metrophanem
527 2557 617 2590 potius
636 2556 726 2583 dicere
739 2554 888 2591 debuisset.
914 2554 1015 2591 Sedrut

230 2593 262 2619 ad
283 2589 448 2628 propositum
465 2589 647 2628 revertamur,
659 2590 779 2628 suntqui
795 2597 845 2628 nec
861 2589 1014 2628 Eustathio,

231 2625 422 2665 nee'Eu'sebio,
441 2628 488 2665 sed
504 2627 670 2665 Alexandro
697 2625 940 2665 Aleitandrinorum
957 2625 1015 2665 cpi:

230 2670 312 2696 scopo
325 2664 350 2690 id
368 2663 477 2689 honoris
496 2662 615 2689 delatum
632 2668 692 2688 esse
701 2661 824 2696 scribam
836 2680 844 2691 ,
860 2665 890 2687 ut
905 2660 1012 2696 concilii

231 2694 337 2724 nomine
352 2699 540 2731 imperatorem
561 2696 757 2731 alloqueretur.
774 2695 882 2731 Nigelas
904 2695 939 2731 iui
950 2694 1014 2721 Tlte-

230 2740 309 2759 sauro
325 2729 478 2759 orthodoxa:
502 2732 575 2766 ﬁdei,
605 2729 651 2758 lib.
665 2739 692 2763 ν,
721 2739 780 2766 cap.
801 2730 836 2762 7,
856 2730 881 2766 id
895 2729 1014 2766 afﬁrmat

231 2767 273 2793 his
286 2770 375 2794 verbis
389 2777 396 2794 :
413 2777 423 2793 ‹
437 2765 571 2794 Eusebius
585 2767 623 2794 De
638 2767 692 2793 vita
707 2765 880 2793 Constantini
895 2765 968 2792 libro
982 2773 1012 2792 ιιι

230 2809 260 2828 se.
278 2803 393 2836 prinmm
415 2804 496 2829 verba
523 2803 549 2829 in
577 2802 680 2838 synodo
706 2802 955 2838 iecisse__testatur.
984 2801 1012 2827 Si

231 2841 321 2864 tamen
344 2838 507 2864 Theodorito
526 2836 680 2869 credimus,
709 2836 866 2863 Eustathius
886 2836 991 2869 primus
1004 2856 1012 2867 ,

225 2878 297 2905 ctua,
328 2878 357 2899 ut
387 2877 475 2899 autem
493 2871 650 2900 Theodorus
675 2871 878 2906 Mopsuestenus
907 2871 1009 2904 scribit,

938 2239 1015 2272 Quod
1032 2232 1054 2260 Ῐ)

1076 947 1167 984 τέροις
1187 947 1279 979 καλοῖς
1299 947 1486 982 λυμαινέσθω,
1501 947 1571 982 μηδὲ
1592 947 1641 982 τῆς
1660 948 1798 983 τυράννων
1812 947 1869 974 Θεο-

1078 994 1178 1029 μαχίας
1200 993 1321 1020 ἐκποδὼν
1341 993 1470 1029 ἀρθείσης
1492 993 1559 1019 Θεοῦ
1581 993 1709 1033 Σωτῆρος
1740 994 1867 1029 δυνάμει,

1077 1039 1177 1076 ἑτέρως
1193 1039 1250 1075 (47)
1267 1041 1281 1066 ὁ
1302 1039 1482 1074 φιλοπόνηρος
1508 1038 1610 1074 δαίμων
1633 1039 1678 1065 τὸν
1696 1039 1766 1065 θεῖον
1785 1039 1868 1075 νόμον

1077 1085 1260 1121 βλασφημίαις
1270 1084 1455 1121 περιϐαλλέτω
1463 1093 1470 1099 ο
1482 1084 1520 1115 ὡς
1531 1084 1625 1119 ἔμοιγε
1637 1084 1735 1115 παντὸς
1747 1084 1867 1120 πολέμου

1076 1132 1122 1157 καὶ
1133 1131 1222 1166 μάχης
1245 1129 1318 1166 δεινὴ
1338 1130 1384 1157 καὶ
1400 1129 1591 1165 χαλεπωτέρα,
1607 1130 1624 1165 ἡ
1640 1130 1688 1165 τῆς
1706 1129 1869 1165 Ἐκκλησίας

1075 1177 1121 1203 τοῦ
1144 1176 1211 1204 Θεοῦ
1235 1176 1366 1212 ἐμφύλιος
1384 1176 1540 1211 νενόμισται
1562 1175 1673 1208 στάσις,
1696 1176 1743 1202 καὶ
1767 1176 1869 1212 μᾶλλον

1074 1223 1159 1250 ταῦτα
1180 1223 1234 1250 τῶν
1257 1223 1355 1257 ἔξωθεν
1372 1222 1482 1259 λυπηρά
1501 1222 1704 1257 καταφαίνεται.
1721 1223 1784 1249 Ὅτε
1800 1223 1868 1257 γοῦν

1075 1269 1123 1301 τὰς
1140 1269 1210 1296 κατὰ
1222 1269 1276 1297 τῶν
1290 1270 1426 1305 πολεμίων
1442 1269 1520 1301 νίκας
1532 1269 1646 1304 νεύματι
1661 1270 1708 1296 καὶ
1722 1270 1868 1306 συνεργείᾳ

1075 1315 1122 1342 τοῦ
1139 1316 1291 1352 κρείττονος
1306 1316 1428 1351 ἠράμην,
1444 1316 1519 1343 οὐδέν
1534 1324 1564 1342 τε
1585 1316 1687 1343 λείπειν
1703 1316 1758 1352 (48)
1773 1317 1867 1352 ὲνόμι-

1076 1363 1132 1394 ζον,
1144 1362 1161 1398 ἢ
1176 1362 1236 1398 Θεῷ
1249 1363 1297 1397 μὲν
1310 1362 1430 1397 νομίζειν
1440 1363 1488 1398 τὴν
1503 1362 1592 1398 χάριν,
1609 1363 1766 1399 συγχαίρειν
1777 1362 1806 1389 δὲ
1819 1364 1868 1390 καὶ

1075 1410 1131 1440 τοῖς
1150 1408 1220 1444 ὑπὲρ
1242 1408 1323 1435 αὐτοῦ
1343 1408 1377 1435 δι’
1398 1409 1475 1444 ἡμῶν
1497 1409 1750 1445 ἠλευθερωμένοιςο
1771 1410 1867 1446 ἐπειδὴ

1074 1454 1123 1489 τὴν
1135 1454 1271 1491 ὑμετέραν
1279 1455 1420 1482 διάστασιν
1430 1456 1494 1491 παρ’
1506 1455 1600 1482 ἐλπίδα
1612 1456 1702 1482 πᾶσαν
1714 1456 1866 1491 ἐπυθόμην,

1074 1500 1125 1527 οὐκ
1138 1501 1167 1527 ὲν
1180 1500 1297 1537 δευτέρῳ
1311 1501 1359 1537 τὴν
1372 1502 1456 1537 ἀκοὴν
1467 1501 1578 1538 ἐθέμην,
1587 1503 1677 1537 τυχεῖν
1689 1502 1717 1528 δὲ
1729 1503 1776 1529 καὶ
1787 1502 1867 1530 τοῦτο

1075 1546 1222 1582 θεραπείας
1236 1547 1269 1574 δι’
1283 1547 1353 1584 ἐμῆς
1367 1548 1515 1584 εὐξάμενος
1530 1549 1681 1585 ὑπηρεσίας
1692 1571 1698 1582 ,
1718 1550 1781 1581 τοὺς
1797 1550 1865 1577 πάν-

1077 1601 1127 1625 τας
1151 1593 1284 1629 ἀμελλητὶ
1314 1595 1604 1631 συμμετεστειλάμην·
1632 1595 1680 1622 καὶ
1703 1596 1791 1631 χαίρω
1816 1596 1867 1631 μὲν

1076 1638 1146 1674 ὁρῶν
1160 1640 1210 1676 τὴν
1222 1640 1356 1676 ὑμετέραν
1370 1642 1515 1677 ὁμήγυριν,
1533 1642 1593 1668 τότε
1609 1642 1637 1668 δὲ
1651 1641 1767 1677 μάλιστα
1780 1642 1867 1678 κρίνω

1076 1687 1135 1713 κατ’
1160 1686 1242 1722 εὐχὰς
1259 1687 1376 1722 ἐμαυτὸν
1393 1688 1526 1723 πράξειν,
1552 1688 1659 1715 ἐπειδὰν
1681 1690 1741 1720 ταῖς
1766 1688 1867 1724 ψυχαῖς

1074 1732 1277 1768 ἀνακραθέντας
1290 1733 1373 1769 ἴδοιμι
1386 1734 1449 1765 τοὺς
1459 1734 1574 1766 πάντας,
1588 1734 1651 1769 μίαν
1666 1742 1697 1760 τε
1708 1734 1799 1770 κοινὴν
1808 1734 1866 1768 (49)

1073 1778 1258 1815 βραϐεύουσαν
1271 1780 1326 1811 τοῖς
1337 1780 1420 1807 πᾶσιν
1432 1780 1572 1816 εἰρηνικὴν
1586 1780 1756 1816 συμφωνίαν,
1769 1781 1803 1817 ἢν
1816 1780 1865 1807 καὶ

1075 1888 1232 1917 Alexandro
1248 1889 1434 1917 Alexandrino
1455 1889 1575 1924 pontiﬁci
1606 1889 1631 1916 id
1655 1890 1768 1917 honoris
1791 1890 1865 1919 ultro

1075 1924 1192 1951 delatum
1204 1930 1255 1951 est.
1277 1934 1286 1949 ι
1306 1924 1362 1959 Ego
1383 1932 1447 1954 vero
1468 1925 1493 1952 in
1510 1929 1583 1951 tanta
1597 1925 1758 1959 scriptorum
1770 1925 1864 1953 divor-

1073 1960 1155 1987 sitale
1171 1960 1297 1986 libentius
1309 1960 1332 1986 ei
1350 1960 1492 1987 sententia:
1521 1961 1696 1991 accesserim,
1722 1968 1782 1994 qua:
1808 1961 1866 1988 Eu-

1071 1995 1147 2021 sebio
1164 1996 1265 2029 primas
1278 1995 1384 2021 dicendi
1398 2000 1489 2028 partes
1506 2003 1520 2022 a
1538 1997 1641 2029 synodo
1666 1995 1768 2023 delatas
1801 2003 1864 2024 esse

1072 2029 1196 2056 allirmat.
1212 2029 1332 2056 Primum
1357 2031 1420 2064 quia
1447 2030 1566 2057 omnium
1590 2031 1649 2057 sine
1675 2033 1863 2059 controversia

1072 2064 1247 2092 doctissimus
1264 2072 1294 2091 ac
1308 2065 1504 2092 disertissimus
1519 2070 1577 2092 erat
1592 2064 1735 2094 Eusebius.
1759 2067 1863 2094 Deinde

1072 2100 1129 2133 ipse
1146 2101 1172 2126 id
1187 2105 1281 2134 aperte
1299 2104 1414 2127 testatur
1427 2102 1453 2127 in
1469 2100 1604 2133 principio
1619 2101 1697 2133 hujus
1713 2101 1804 2134 operis
1818 2102 1862 2128 his

1072 2135 1161 2161 verbis
1182 2145 1188 2162 :
1209 2136 1288 2170 Ἄρτι
1307 2135 1335 2161 δὲ
1354 2136 1400 2162 καὶ
1413 2136 1492 2170 ἡμεῖς
1508 2136 1585 2162 αὐτοὶ
1605 2135 1759 2163 καλλίνικον
1778 2136 1862 2170 μέσον

1070 2169 1251 2207 ἀπολαϐόντες
1268 2170 1336 2207 Θεοῆ
1351 2169 1514 2207 λιειτοῦργῶν
1530 2171 1637 2207 σννόδου
1647 2193 1654 2204 ,
1671 2169 1861 2207 εἰκοσαετηρι-

1070 2206 1127 2243 κοῖς
1135 2205 1228 2240 ὕμνοις
1243 2206 1433 2241 ἐγεραίρομεν,
1443 2205 1471 2243 id
1480 2211 1539 2243 est,
1551 2205 1644 2243 Nuper
1655 2208 1734 2233 etiam
1747 2215 1794 2233 nos
1810 2205 1863 2241 ipsi

1069 2241 1193 2267 victorem
1209 2249 1351 2275 pt'mctpem
1374 2243 1401 2267 in
1416 2241 1500 2268 medio
1523 2241 1570 2267 Dei
1590 2243 1769 2269 ministrorum
1797 2250 1862 2268 con—

1068 2280 1145 2302 υεηιιι
1157 2277 1321 2307 residentem,
1341 2276 1521 2303 vicennalibus
1536 2277 1639 2311 hymnis
1661 2277 1794 2312 prosecuti
1809 2285 1860 2304 su-

1067 2318 1135 2337 ηιιιε.

1101 2356 1158 2393 (l7)
1188 2357 1318 2391 Ἑτέρως.
1348 2357 1504 2390 Portesius,
1539 2358 1802 2393 Christophorsonus
1832 2363 1861 2386 et

1066 2391 1187 2420 Gallicus
1202 2393 1337 2427 interpres
1353 2395 1422 2420 hanc
1441 2401 1532 2420 vocem
1549 2391 1673 2423 omisere.
1687 2401 1749 2421 cum
1763 2398 1858 2421 tamen

1068 2432 1123 2454 tota
1141 2429 1182 2455 vis
1194 2428 1336 2455 sententiae
1351 2428 1377 2454 in
1392 2436 1423 2455 ea
1441 2436 1508 2455 voce
1536 2429 1623 2462 posita
1647 2429 1693 2456 sit.
1718 2429 1759 2456 Ad
1784 2429 1858 2457 ltanc

1066 2463 1138 2498 enim
1155 2471 1248 2490 vocem
1262 2463 1382 2490 refertur
1398 2471 1459 2498 qum
1472 2464 1596 2498 proxime
1619 2464 1741 2497 sequitur
1765 2465 1858 2498 perio-

1066 2497 1116 2523 dus
1130 2507 1136 2524 :
1153 2508 1161 2524 ι
1179 2499 1289 2530 Cavete,
1303 2499 1399 2533 inquit,
1407 2497 1447 2525 ’ne
1468 2497 1528 2534 post
1544 2499 1659 2525 deletam
1685 2497 1856 2534 tyrannidem

1066 2540 1159 2559 eorum
1175 2534 1219 2565 qui
1247 2534 1300 2561 Deo
1315 2533 1413 2560 bellum
1437 2534 1606 2565 intulerunt,
1627 2533 1723 2561 rursus
1750 2534 1857 2562 tlzemon

1066 2568 1120 2594 alia
1138 2569 1180 2595 via
1196 2568 1353 2603 religionem
1372 2574 1492 2596 nostram
1518 2569 1669 2596 maledictis
1695 2574 1723 2596 et
1748 2569 1858 2596 calum-

1065 2603 1118 2639 niis
1133 2603 1253 2636 objiciat.
1268 2614 1277 2630 ι
1288 2604 1350 2639 Alia
1373 2604 1454 2637 igitur
1467 2604 1521 2636 via,
1538 2604 1565 2631 id
1585 2609 1635 2638 est,
1651 2612 1699 2639 per
1714 2605 1858 2632 intestinas

1065 2637 1259 2666 dissensiones.
1276 2638 1342 2665 Vide
1356 2647 1416 2672 qua:
1429 2647 1491 2666 mox
1503 2637 1663 2674 sequuntur;

1100 2695 1156 2730 (68)
1187 2695 1282 2722 οὐδέν
1305 2704 1337 2722 τε
1361 2696 1488 2722 λείπειν.
1520 2696 1699 2723 Seribendum
1726 2696 1855 2730 videtur,

1064 2731 1139 2757 οὐδὲν
1150 2730 1244 2765 ἔμοιγε
1266 2731 1369 2757 λείπειν
1390 2730 1525 2766 ἐνόμιζον,
1555 2737 1583 2758 et
1606 2732 1686 2765 paulo
1710 2736 1773 2766 post
1795 2732 1856 2766 lego

1063 2773 1125 2803 euut
1142 2766 1268 2803 'i‘ttrnebo
1278 2771 1306 2792 et
1320 2766 1449 2803 Gruter-0,
1464 2767 1525 2793 ἐπεὶ
1540 2766 1569 2793 δὲ
1582 2767 1855 2803 τὴνγύμετέρανωιρ.

1099 2800 1155 2836 (49)
1172 2801 1251 2828 Μίαν
1265 2809 1297 2828 τε
1312 2801 1541 2834 κοινήν-,ιιεειίυε
1559 2800 1620 2830 meo
1632 2800 1736 2837 judicio
1748 2803 1856 2830 scribe-

1064 2843 1139 2864 retur
1158 2837 1234 2871 κοινῇ
1250 2837 1448 2864 adverbialiter.
