2000 3167
130 536 137 607 i

151 203 220 232 1075

680 199 725 226 DE
752 199 833 226 VITA
855 197 1084 226 CONSTANTINI
1104 197 1168 224 LIB.
1192 199 1238 226 III.

1715 198 1786 227 1074

153 270 205 296 ρων
216 259 270 295 (60)
283 259 518 296 προσανεπαύοντο
531 258 666 289 κλινάδας.
681 256 799 292 Χριστοῦ
811 256 937 291 βασιλεία(

999 264 1060 284 cum
1079 256 1242 290 imperatore
1256 255 1440 283 accubuerunt
1453 255 1514 283 :alii
1527 255 1552 282 in
1569 254 1690 282 stibadiis
1702 257 1786 287 utrin-

151 306 239 339 ἔδοξεν
266 306 298 333 άν
323 314 365 337 τις
387 305 600 340 φαντασιοῦσθαι
619 304 726 336 εἰκόνα,
750 303 816 338 ὄναρ
836 304 859 329 τ’
873 301 940 330 εἶναι

152 351 209 380 ἀλλ’
224 351 272 386 οὑχ
291 351 364 388 ὕπαρ
381 350 411 378 τὸ
426 350 579 386 γινόμενον.

408 438 607 466 ΚΕΦΑΛΑΙυΝ
624 437 681 472 tq’.

166 486 341 521 Χαρίσματα
369 483 573 521 ἐπισκόποις,
592 485 640 511 καὶ
670 483 824 519 γράμματα
850 484 924 519 πρὸς

433 520 503 553 τοὺς
533 520 658 552 πάντας.

191 567 267 594 Ἐπεὶ
291 567 319 594 δὲ
345 567 478 602 λαμπρῶς
502 566 536 593 τὰ
558 566 608 601 τῆς
635 566 751 601 εὐωχίας
776 565 940 602 προύχώρει,

131 626 134 629 -
149 612 188 639 ἔτι
206 613 252 640 καὶ
266 612 344 639 τοῦτο
358 613 481 648 βασιλεὺς
491 612 660 648 δεξιούμενος
668 613 730 644 τοὺς
740 612 843 644 πάντας
857 620 942 648 προσ-

148 658 242 691 ετίθει,
272 659 466 695 μεγαλοψύχως
498 659 613 685 ἕκαστον
631 659 702 686 κατὰ
718 659 766 694 τὴν
786 659 943 694 πρέπουσαν

148 704 227 738 ἀξίαν
243 707 300 737 τοῖς
314 707 379 742 παρ’
395 705 476 732 αὑτοῦ
490 705 576 741 τιμῶν
594 705 699 738 ξενίοις.
715 706 771 741 Τῆς
786 705 813 732 δὲ
834 705 942 732 συνόδου

149 752 261 787 ταύτης,
280 752 327 778 καὶ
347 753 402 784 τοῖς
421 751 457 787 μὴ
475 752 591 787 παροῦσι
605 752 654 787 τὴν
672 753 782 787 μνήμην
796 752 827 777 δι’
841 750 941 778 οἰκείου

150 799 292 834 παρεδίδου
305 799 476 834 γράμματος,
489 798 503 824 ὃ
513 798 544 834 δὴ
557 798 604 825 καὶ
615 798 690 829 αὐτὸ,
701 797 795 833 ὥσπερ
806 799 834 824 ὲν
846 797 940 833 στήλῃ,

150 844 213 880 τῇδε
229 845 262 880 τῇ
285 845 349 879 περὶ
370 843 451 870 αὐτοῦ
473 843 583 878 συνάψω
605 843 743 879 διηγήσει,
766 843 860 870 τοῦτον
882 843 943 878 ἕχον

148 891 194 917 τὸν
212 899 227 916 τ
231 891 323 926 ρόπον.

415 935 613 962 ΚΕΦΑΛΛΙΟΝ
628 933 676 961 IZ'.

148 983 376 1010 Κωνσταντίνου
392 981 467 1015 πρὸς
479 982 532 1014 τὰς
549 981 733 1014 Ἐκκλησίας
748 981 814 1015 περὶ
831 980 886 1015 τῆς
905 980 940 1008 ὲν

408 1017 516 1051 Nu:an
536 1016 680 1043 συνόδου.

215 1074 224 1089 ε
243 1063 445 1093 Κωνσταντῖνος
462 1061 595 1092 Σεϐαστὸς
609 1062 669 1092 ταῖς
690 1061 872 1096 Ἐκκλησίαις.

185 1119 193 1135 ι
210 1109 312 1145 Πεϊραν
325 1107 413 1134 λαϐών
428 1107 462 1133 ὲκ
474 1106 524 1141 τῆς
539 1105 593 1132 τῶν
607 1105 703 1132 κοινῶν
715 1105 874 1142 εὐπραξίας,
889 1106 938 1141 ὅση

146 1156 197 1192 τῆς
215 1156 291 1187 θείας
311 1155 452 1189 δυνάμεως
476 1153 582 1187 πέφυκε
600 1152 690 1188 χάρις,
714 1151 808 1179 τοῦτον
829 1152 882 1188 πρό
907 1160 940 1186 γε

148 1201 257 1229 πάντων
278 1200 374 1236 ἔκρινα
398 1196 466 1226 εἷναί
489 1207 533 1233 μοι
556 1198 704 1234 προσήκειν
725 1197 842 1230 σκοπὸν,
867 1198 939 1229 ὅπως

148 1248 224 1282 παρὰ
240 1248 296 1278 τοῖς
311 1245 531 1282 μακαριωτάτοις
549 1244 600 1280 τῆς
611 1244 758 1279 καθολικῆς
779 1244 940 1279 Ἐκκλησίας

147 1292 262 1328 πλήθεσι
287 1292 377 1323 πίστις
396 1291 444 1326 μία
459 1290 506 1317 κα)⁸
525 1290 672 1326 εἰλικρινὴς
690 1290 800 1325 ἀγάπη,
822 1289 940 1325 ὁμογνώ-

147 1348 206 1373 μων
227 1347 256 1366 re
276 1339 340 1374 περὶ
363 1337 409 1364 τὸν
426 1337 574 1373 παγκρατῆ
590 1337 656 1364 Θεὸν
669 1337 794 1364 εὐσέϐεια
810 1337 938 1372 τηρῆται.

152 1384 222 1410 Ἀλλ’
239 1384 332 1419 ἐπειδὴ
354 1384 425 1410 τοῦτ’
439 1385 488 1419 οὺχ
507 1381 563 1410 οἶόν
572 1384 595 1410 τ’
608 1381 642 1419 ἦν
654 1383 750 1418 ἀκλινῆ
762 1383 809 1410 καὶ
829 1383 940 1418 βεϐαίαν

145 1431 222 1463 τάξιν
236 1430 344 1461 λαϐεῖν,
364 1431 388 1457 εἰ
403 1430 441 1465 μὴ
464 1431 505 1461 εἰς
520 1430 603 1456 ταὺτὸ
620 1429 729 1456 πάντων
744 1429 823 1465 ὁμοῦ,
846 1430 864 1465 ἢ
886 1429 940 1456 τῶν

145 1477 211 1512 γοῦν
227 1477 358 1504 πλειόνων
372 1477 529 1504 ἐπισκόπων
544 1477 724 1504 συνελθόντων
735 1498 742 1509 ,
758 1477 872 1504 ἑκάστου
884 1476 940 1502 τῶν

146 1522 339 1559 προσηκόντων
363 1524 395 1558 τῇ
419 1523 560 1557 ἁγιωτάτῃ
586 1521 720 1558 θρησκείᾳ
739 1521 874 1557 διάκρισις
895 1521 940 1555 γέ-

146 1577 227 1600 νοιτο,
250 1568 344 1597 τούτου
367 1569 461 1595 ἕνεκεν
487 1568 620 1595 πλείστων
639 1568 709 1594 ὅσων
733 1566 939 1603 συναθροισθέν-

144 1623 210 1647 των,
225 1615 306 1646 αὐτὸς
322 1614 350 1640 δὲ
370 1614 496 1650 καθάπερ
512 1611 552 1645 εἷς
566 1613 597 1646 ἐξ
616 1613 692 1648 ὑμῶν
708 1613 856 1648 ἐτύγχανον
871 1622 939 1648 συμ-
953 1615 974 1643 C

145 1660 242 1698 παρὼν
259 1661 299 1697 (οὐ
320 1661 374 1696 γὰρ
393 1659 567 1696 ἀρνησαίμην
577 1659 620 1691 ἂν,
645 1658 687 1693 ἐφ’
701 1655 722 1692 ᾧ
741 1659 857 1694 μάλιστα
877 1659 939 1694 χαί-

146 1717 202 1744 ρω,
226 1707 401 1742 συνθεράπων
425 1706 556 1741 ὑμέτερος
576 1704 748 1739 πεφυκέναι),
764 1703 828 1740 ἄχρι
850 1703 942 1730 τοσού-

144 1763 193 1780 του
219 1754 328 1782 ἅπαντα
362 1752 413 1787 τῆς
446 1751 640 1787 προσηκούσης
670 1750 818 1786 τετύχηκεν
847 1750 940 1782 ἐξετά-

146 1809 225 1832 σεως,
246 1800 325 1834 ἄχρις
339 1796 370 1826 οὗ
387 1800 404 1834 ἡ
422 1798 460 1833 τῷ
479 1798 586 1824 πάντων
599 1797 689 1834 ὲῳόρῳ
703 1796 763 1832 Θεῴ
782 1796 938 1832 ἁρέσκουσα

144 1846 251 1882 γνώμη,
277 1845 345 1881 πρὸς
367 1844 416 1880 τὴν
435 1844 485 1879 τῆς
504 1844 630 1880 ἑνότητος
647 1843 806 1879 συμφωνίαν
828 1842 884 1878 (61)
899 1843 938 1874 εἰς

146 1891 204 1926 φῶς
220 1890 344 1926 προήχθη
357 1909 364 1922 ,
382 1889 420 1921 ὡς
443 1889 526 1924 μηδὲν
549 1889 589 1916 ἔτι
606 1889 674 1925 πρὸς
697 1888 829 1923 διχόνοιαν
851 1887 868 1923 ἢ
895 1887 939 1914 πί-

146 1945 229 1969 στεως
241 1937 444 1973 ἀμφισϐήτησιν
461 1935 664 1963 ὑπολείπεσθαι.

404 1981 603 2009 ΚΕΦΛΛΛΙΟΝ
619 1981 673 2007 IIl'.

171 2028 227 2055 Τοῦ
252 2028 344 2056 αὐτοῦ
367 2028 433 2062 περὶ
454 2027 630 2062 συμφωνίας
652 2025 706 2062 τῆς
721 2025 780 2062 (τοῦ
803 2025 911 2060 Πάσχα

300 2061 426 2098 ἐορτῆςὲ,
452 2061 501 2090 καὶ
519 2061 599 2089 νκιιτὰ
621 2061 778 2089 Ἰουδαίων.

177 2110 276 2138 ι’Ένθα
288 2110 334 2137 καὶ
349 2109 412 2145 περὶ
425 2109 473 2143 τῆς
487 2107 534 2134 τοῦ
550 2108 645 2142 Πάσχα
662 2106 815 2142 ἁγιωτάτης
831 2106 937 2142 ἡμέρας

144 2155 294 2191 γενομένης
310 2155 449 2191 ζητήσεως
461 2175 468 2187 ,
481 2155 553 2188 ἔδοξε
568 2155 644 2189 κοινῇ
658 2153 755 2190 γνώμῃ
774 2153 829 2189 (62)
846 2153 937 2185 καλῶς

144 2201 226 2236 ἐχειν,
243 2202 288 2228 ἐπὶ
306 2202 369 2237 μιᾶς
383 2202 488 2237 ἡμέρας
505 2201 609 2232 πάντας
626 2200 689 2232 τοὺς
705 2199 861 2234 ἁπανταχοῦ
878 2201 937 2226 ὲπι-

143 2248 240 2275 τελεῖν.
252 2248 284 2275 Τί
295 2248 349 2284 γὰρ
358 2249 424 2283 ἡμῖν
435 2247 554 2278 κάλλιον,
563 2247 589 2273 τί
601 2246 629 2273 δὲ
642 2246 804 2282 σεμνότερον
815 2246 935 2281 ὑπάρξαι

995 310 1048 337 que
1065 302 1203 336 dispositis
1221 301 1392 328 discubuere.
1417 301 1531 329 Prorsus
1556 301 1644 337 imago
1660 302 1783 336 quaedam

992 348 1069 384 regni
1094 347 1195 375 Christi
1219 347 1385 380 adumbrari,
1400 354 1497 382 resque
1512 347 1568 382 ipsa
1583 347 1688 375 somnio
1702 355 1783 383 quam

993 394 1098 422 veritati
1119 393 1228 429 propior
1242 393 1391 420 videbatur.

1287 438 1401 467 CAPUT
1421 439 1491 467 XVI.

997 486 1112 514 Munera
1123 486 1252 521 episcopis
1259 485 1368 518 donata,
1377 490 1400 512 et
1415 485 1509 513 littera:
1520 487 1553 513 ad
1564 494 1652 514 omnes
1667 487 1782 522 scr-ipim.

1028 565 1178 592 Cclebratis
1196 565 1413 600 splendidissimo
1425 569 1554 599 apparatu
1570 565 1716 598 conviviis.
1732 567 1783 593 itu-

993 616 1104 646 perator
1119 616 1234 639 cunctos
1249 611 1400 639 liberaliter
1417 612 1568 647 excipiens,
1590 612 1616 639 id
1632 612 1713 640 etiam
1733 621 1783 648 pro

993 666 1042 686 sua
1065 658 1265 693 magniﬁcentia
1292 659 1404 694 adjecit,
1431 663 1460 686 ut
1488 666 1710 694 unumquemque
1733 667 1783 694 pro

993 705 1099 732 meritis
1127 712 1159 731 ac
1189 705 1324 740 dignitate
1354 705 1514 733 muneribus
1542 706 1698 733 honoraret.
1730 705 1784 733 Eos

993 758 1102 786 quoque
1116 751 1161 786 qui
1181 751 1245 778 huic
1269 751 1372 787 synodo
1398 751 1510 778 minime
1533 751 1733 784 interfuissent,
1750 751 1784 779 de

994 797 1075 824 rebus
1087 797 1113 824 in
1126 804 1158 824 ea
1176 798 1262 832 gestis
1279 799 1413 826 certiores
1429 798 1491 825 fecit
1506 805 1554 832 per
1571 798 1677 825 litteras
1691 806 1698 824 :
1714 805 1784 833 quas

993 842 1020 870 in
1047 843 1098 870 hoc
1120 850 1214 877 opere,
1231 848 1362 878 tanquam
1385 843 1411 870 iu
1430 842 1521 870 tabula
1541 843 1658 877 quadam
1685 843 1785 870 incisas

993 895 1152 923 proponam.
1168 888 1235 916 Sunt
1251 893 1339 916 autem
1355 888 1519 922 hujusmodl.

1275 935 1389 963 CAPUT
1410 935 1491 963 XVII.

994 981 1116 1017 Ερὶιιοία
1132 982 1302 1009 Constantini
1315 982 1349 1008 ad
1360 981 1495 1008 Ecclesia:
1506 982 1539 1008 de
1549 981 1649 1016 synodo
1660 979 1783 1008 Nimim.

1030 1038 1040 1055 ι
1059 1029 1252 1058 Constantinus
1266 1028 1404 1064 Augustus
1424 1028 1566 1056 Ecclesiis.

1030 1086 1040 1102 ‹
1055 1075 1122 1104 Cum
1147 1084 1181 1103 ex
1197 1083 1328 1110 prospero
1346 1074 1500 1109 reipublicae
1522 1079 1592 1102 statu
1613 1079 1782 1110 compertum

993 1122 1133 1154 haberem,
1162 1127 1263 1158 quanta
1290 1121 1386 1150 fuisset
1417 1129 1481 1158 erga
1511 1129 1561 1149 nos
1589 1123 1785 1157 omnipotentis

994 1169 1042 1196 Dei
1058 1168 1212 1204 benignitas
1222 1188 1229 1200 ,
1247 1169 1274 1195 in
1287 1169 1340 1196 hoc
1355 1168 1494 1203 praecipue
1509 1167 1574 1195 mihi
1587 1167 1782 1196 elaborandum

993 1221 1054 1242 esse
1069 1214 1234 1247 existimavi,
1250 1219 1280 1241 ut
1299 1221 1314 1241 a
1331 1214 1514 1242 sanctissimis
1534 1214 1664 1242 Ecclesia:
1687 1215 1783 1242 catho—

993 1261 1052 1289 licae
1065 1261 1172 1296 populis
1188 1268 1240 1288 una
1259 1260 1337 1292 ﬁdes.
1349 1261 1456 1288 sincera
1472 1261 1603 1292 charitas,
1616 1265 1643 1288 et
1662 1267 1782 1288 consona

992 1314 1056 1342 erga
1081 1307 1296 1341 omnipotentem
1313 1306 1398 1334 Deum
1421 1306 1516 1341 religio
1540 1310 1706 1334 servaretur.
1728 1306 1782 1333 Sed

993 1354 1118 1388 quoniam
1131 1353 1189 1380 ﬁeri
1207 1361 1259 1380 nou
1275 1358 1383 1388 poterat
1400 1360 1429 1380 ut.
1444 1360 1475 1379 ea
1498 1360 1542 1380 res
1556 1352 1632 1379 lirme
1647 1359 1680 1379 ac
1696 1351 1782 1379 stabi-

994 1399 1057 1426 liter
1070 1399 1291 1431 constitueretur,
1311 1398 1363 1425 nisi
1387 1397 1514 1425 omnibus
1539 1394 1781 1432 e'piscopis,5.92

993 1445 1034 1472 ch
1052 1449 1126 1472 certe
1143 1444 1267 1480 plurimis
1295 1452 1390 1472 eorum
1421 1444 1448 1471 in
1482 1452 1564 1472 unum
1595 1443 1781 1478 congregatis,

993 1490 1098 1526 singula
1113 1498 1174 1524 qua:
1189 1490 1224 1517 ad
1239 1490 1455 1518 sacratissimam
1470 1490 1627 1525 religionem
1645 1490 1780 1525 pertinent

995 1536 1144 1571 disceptata
1159 1537 1234 1571 prius
1258 1536 1393 1564 fuissent:
1409 1536 1479 1564 hanc
1495 1536 1529 1563 ob
1547 1543 1669 1570 causam,
1678 1535 1782 1563 coactis

994 1589 1074 1616 quant
1101 1582 1159 1609 ﬁeri
1179 1582 1267 1616 potuit
1293 1581 1418 1618 plurimis
1436 1582 1636 1614 sacerdotibus,
1652 1588 1697 1609 me
1713 1588 1783 1616 quo-

991 1635 1043 1662 que
1063 1633 1190 1663 tanquam
1208 1636 1261 1656 uno
1279 1636 1313 1656 ex
1338 1629 1415 1656 vobis
1432 1632 1565 1663 praesente
1585 1627 1687 1662 (neque
1709 1627 1781 1654 enim

991 1674 1144 1709 negaverim
1169 1674 1194 1702 id
1213 1682 1266 1709 quo
1290 1675 1407 1702 maxime
1422 1674 1545 1708 exsulto,-
1555 1680 1718 1702 conservum
1737 1680 1782 1700 me

991 1725 1109 1748 vestrum
1125 1721 1196 1756 esse)
1209 1726 1305 1748 cuncta
1321 1722 1487 1757 competenti
1504 1721 1630 1748 examine
1645 1727 1678 1748 eo
1695 1727 1781 1754 usque

990 1764 1111 1792 discussa
1121 1769 1196 1797 sunt,
1205 1767 1291 1792 donec
1304 1765 1456 1801 inspectori
1468 1766 1589 1793 omnium
1603 1766 1658 1793 Deo
1668 1771 1779 1798 accepta

990 1810 1135 1842 sententia,
1152 1809 1186 1835 ad
1216 1809 1331 1838 unitatis
1360 1817 1525 1838 concentum
1557 1810 1728 1845 proferretur
1754 1811 1781 1837 in

990 1854 1089 1885 lucem.
1105 1856 1200 1889 itaque
1213 1856 1304 1883 nullus
1319 1856 1496 1890 dissensioni,
1513 1855 1604 1883 nullus
1618 1860 1780 1883 controver-

989 1901 1036 1929 size
1053 1902 1087 1928 de
1102 1901 1153 1928 ﬁde
1168 1901 1244 1930 locus
1258 1902 1377 1937 amplius
1392 1902 1601 1937 relinqueretur.

1267 1978 1382 2007 CAPUT
1401 1979 1496 2007 XVIII.

990 2024 1028 2051 De
1043 2032 1171 2053 consensu
1183 2024 1210 2051 in
1224 2024 1399 2087 celebrrr'titzie
1415 2025 1475 2058 [cui
1494 2023 1636 2058 paschalia,
1650 2029 1674 2050 et
1685 2028 1778 2051 contra

1340 2068 1355 2086 ιι
1377 2068 1440 2087 ωσι.

1340 2068 1440 2087 narras.

1023 2107 1159 2136 «Ubicum
1167 2107 1200 2136 de
1210 2107 1382 2136 sanctissimo
1403 2106 1485 2133 etiam
1500 2105 1612 2132 Pascha:
1628 2105 1671 2132 die
1682 2105 1781 2139 qumsi—

990 2157 1046 2180 tum
1065 2152 1172 2184 fuisset,
1188 2152 1327 2180 communi
1345 2151 1469 2180 omnium
1487 2152 1624 2179 sententia
1638 2151 1778 2178 decretum

987 2206 1040 2231 est.
1061 2207 1121 2227 eam
1138 2199 1315 2227 festivitatem
1342 2206 1398 2226 uno
1418 2200 1568 2233 eodemque
1584 2198 1627 2225 die
1642 2197 1676 2225 ab
1690 2198 1780 2225 omni-

988 2246 1039 2274 bus
1069 2246 1168 2281 ubique
1194 2245 1326 2273 celebrari
1354 2249 1494 2279 oportere.
1523 2244 1593 2278 Quid
1617 2244 1692 2272 enim
1719 2244 1779 2279 pul-

143 2293 296 2330 δυνήσεται,
312 2293 359 2320 τοῦ
380 2294 429 2329 τὴν
451 2293 548 2329 ἑορτὴν
568 2292 670 2328 ταύτην
686 2293 750 2328 παρ’
766 2290 800 2330 ἦς
817 2292 865 2325 τὰς
883 2293 933 2328 τῆς

993 2292 1091 2324 :hrius,
1108 2291 1172 2326 quid
1188 2291 1330 2318 honestius
1352 2290 1431 2319 nobis
1454 2298 1515 2318 esse
1539 2290 1636 2325 possit,
1651 2296 1733 2324 quam
1748 2295 1778 2316 ut

143 2341 293 2373 ἀθανασίας
309 2340 459 2376 εἰλήφαμεν
475 2339 595 2372 ἐλπίδας,
610 2340 660 2375 μιᾷ
672 2339 747 2372 τάξει
762 2341 810 2367 καὶ
827 2340 935 2376 φανερῷ

993 2340 1047 2367 haec
1069 2338 1213 2372 festivitas,
1226 2345 1241 2364 ει
1257 2345 1310 2373 qua
1336 2344 1411 2372 spem
1437 2335 1651 2364 immortalitatis
1672 2335 1777 2370 accepi-

143 2385 216 2422 λόγῳ
241 2386 317 2423 παρὰ
341 2387 424 2414 πᾶσιν
452 2386 629 2418 ἀδιαπτώτως
655 2386 855 2421 φυλάττεσθαι;
881 2387 937 2413 Καὶ

993 2393 1061 2418 mus,
1074 2392 1127 2413 uno
1141 2385 1291 2419 eodemque
1310 2384 1406 2411 ordine
1421 2387 1449 2410 et
1464 2387 1537 2410 certa
1554 2383 1658 2410 ratione
1672 2382 1706 2410 ab
1719 2389 1778 2408 our.

179 2476 235 2512 (60)
244 2475 323 2510 Vulg.
333 2475 406 2511 ἀμφὶ
416 2475 468 2510 τὰς
477 2476 632 2511 ἑκατέρων.
644 2476 820 2503 Scribendum
828 2480 892 2512 puto
900 2475 930 2508 ἐξ

143 2511 293 2546 ἑκατέρων.
308 2511 366 2544 Qua
380 2513 569 2539 emendatione
584 2512 651 2539 nihil
667 2512 777 2539 certius.
791 2511 836 2538 Ait
847 2511 930 2538 Euse-

142 2547 204 2574 bius
221 2554 254 2581 ex
269 2551 383 2580 utraque
397 2551 473 2581 parte
489 2547 557 2574 aulae
585 2548 666 2581 regiae
689 2546 820 2580 disposita
848 2546 932 2573 fuisse

142 2580 273 2613 stibadia,
292 2581 318 2607 in
341 2581 579 2617 quibuswepiscopi
599 2580 822 2617 discumberent:
840 2581 931 2615 ipsum

143 2624 210 2644 vero
223 2617 396 2650 imperatoris
412 2616 560 2644 stibadium
582 2616 609 2643 in
623 2617 711 2644 medio
729 2616 822 2648 fuisse,
840 2617 866 2643 in
879 2623 932 2649 quo

143 2652 203 2687 ipse
215 2658 270 2687 una
294 2658 356 2687 cum
383 2651 604 2687 honoratioribus
629 2652 763 2687 episcopis
787 2651 932 2687 accumbe-

144 2686 201 2714 bat.
216 2686 315 2714 Eodem
330 2686 408 2720 plane
419 2686 498 2713 modo
518 2686 544 2712 in
555 2687 658 2721 synodo
669 2686 789 2720 Nicmna,
804 2686 931 2714 subsellia

144 2722 254 2756 quidem
266 2726 345 2748 erant
359 2720 489 2755 utrinque
504 2720 635 2756 disposita
653 2722 679 2748 in
699 2721 797 2756 quibus
812 2721 932 2756 episcopi

144 2757 317 2784 residebant:
349 2756 498 2791 imperator
523 2761 613 2784 autem
640 2756 698 2789 ipse
726 2756 831 2784 medius
861 2757 933 2784 inter

143 2792 212 2820 duos
225 2792 422 2819 considentium
437 2792 547 2819 ordines
565 2791 592 2818 in
604 2791 671 2819 sella
687 2799 769 2819 aurea
787 2791 931 2820 residebat.

145 2827 240 2854 Simile
272 2826 323 2854 fuit
350 2826 587 2861 Constantinopoli
606 2827 723 2854 tribunal
746 2827 932 2854 novemdecim

145 2862 344 2894 accubitorum,
358 2863 392 2889 ad
408 2861 488 2894 huius
510 2862 728 2890 Constantiniani
753 2862 882 2896 convivii,
904 2866 934 2890 ut

145 2897 269 2932 equidem
283 2898 412 2930 arbitror,
427 2897 632 2932 similitudinem
645 2897 809 2925 institutum.

182 2932 238 2966 (6|)
258 2931 334 2968 Vulg.
358 2933 435 2967 παρὰ
451 2932 508 2967 τὴν
522 2931 577 2967 τῆς
586 2932 735 2970 ὲνότητοςκ
745 2932 932 2970 συμφωνίαν.

983 2475 1092 2502 Rectius
1109 2475 1179 2510 apud
1207 2473 1400 2502 Theodoritum
1423 2480 1449 2501 et
1473 2473 1652 2507 Nicephorum
1676 2472 1775 2508 legitur

981 2510 1191 2547 πρὺςᾷτήνηοιο.

1019 2545 1078 2580 (62)
1093 2543 1197 2577 Ἔδοξε
1217 2544 1304 2578 κοινῇ
1327 2543 1438 2579 γνώμῃ.
1464 2543 1528 2580 Haec
1547 2544 1628 2575 verba
1641 2543 1777 2580 Constan-

984 2582 1035 2609 tini
1054 2581 1208 2616 respexisse
1219 2581 1325 2616 videtur
1341 2579 1595 2616 Athanasiustcum
1611 2580 1636 2606 in
1652 2579 1774 2616 lihroD-z

984 2614 1224 2652 synodis'Arimjni
1240 2621 1268 2643 et
1281 2615 1498 2652 Seleucigedpag.
1512 2614 1564 2652 87?;
1576 2635 1584 2647 ,
1603 2619 1678 2642 notat
1695 2614 1774 2652 alin-r-

985 2649 1092 2680 locutos
1107 2659 1167 2679 esse
1179 2651 1275 2678 Patres
1297 2650 1394 2685 synodi
1415 2649 1532 2676 Niczena:
1555 2650 1590 2685 in?
1606 2650 1773 2684 exposttiom-

987 2687 1060 2720 lidei,
1076 2688 1154 2715 aliter
1169 2687 1197 2714 in
1214 2684 1367 2713 definiendo
1381 2684 1492 2712 Paschaa
1511 2685 1565 2713 die.
1585 2684 1653 2712 Nam
1676 2685 1702 2712 in
1722 2685 1770 2712 ltut'

986 2719 1095 2757 quidem
1112 2721 1221 2758 negotio
1231 2720 1272 2748 usi
1290 2725 1358 2758 sunt
1368 2720 1450 2758 verbo
1464 2719 1548 2753 ἔδοξε,
1561 2720 1587 2747 id
1601 2725 1644 2758 est
1660 2720 1769 2758 placuit.

988 2755 1015 2785 In
1027 2755 1196 2794 expositione
1209 2761 1298 2794 autem
1324 2755 1386 2782 ﬁdei
1417 2755 1769 2794 nequaquam__dix_ere_pl_u-

986 2789 1119 2825 cuit,.'sed
1139 2794 1177 2820 ita
1194 2793 1277 2819 credit
1304 2796 1395 2818 nancta
1417 2795 1442 2817 et
1463 2789 1617 2818 uniuersalis
1641 2789 1768 2818 Ecclesia.

986 2828 1068 2856 Certe
1083 2829 1194 2856 verbum
1208 2826 1280 2859 ἔδοξε
1297 2826 1367 2860 quod
1380 2825 1462 2853 refert
1475 2825 1650 2860 Athanasius,
1663 2834 1715 2853 non
1731 2834 1759 2852 rc

987 2864 1092 2899 peritur
1105 2865 1136 2899 in
1147 2863 1261 2899 epistola
1288 2861 1417 2897 synodica
1429 2881 1436 2893 ,
1457 2862 1505 2888 sed
1533 2862 1639 2899 in_ltac
1650 2898 1657 2899 ί
1668 2862 1776 2899 tantum"

988 2896 1100 2933 epistola
1117 2896 1286 2926 Constantini
1304 2896 1312 2924 Ξ
1331 2903 1412 2931 quam
1427 2904 1476 2933 pro
1493 2896 1621 2933 synodica
1650 2897 1773 2925 halitam

989 2931 1071 2963 fuisse
1082 2942 1135 2963 non
1148 2934 1282 2962 immerito
1300 2933 1360 2968 quis
1373 2932 1458 2967 possit
1471 2931 1613 2966 suspicari.
