2000 3167
230 152 300 182 £015

600 151 735 180 EUSEBII
756 151 997 180 CESARIENSIS
1016 152 1091 180 OPP.
1112 153 1201 180 PARS
1218 154 1238 181 Ι.
1257 169 1292 174 -
1310 153 1507 183 HISTORICA.

1790 156 1860 183 1076

228 214 310 242 nibus
337 211 470 240 lnoﬂ'ense
493 212 672 251 observetur?
700 214 738 241 Ac
763 214 879 248 primum
905 214 1012 248 quidem

1069 213 1178 248 πρῶτον
1205 214 1254 249 μὲν
1275 214 1384 247 ἀνάξιον
1411 213 1499 246 ἔδοξεν
1519 211 1605 245 εἶναι,
1630 213 1680 250 τὴν
1705 213 1860 248 ἁγιωτάτην

227 261 286 289 visa
305 263 346 287 est
367 259 493 286 omnibus
516 266 560 286 res
580 266 641 295 esse
667 267 779 294 prorsus
804 260 924 295 indigna,
941 265 969 287 ut
990 261 1015 287 in

227 305 410 334 sanctissimae
421 304 499 339 hujus
512 294 692 331 soleninitatis
708 304 892 332 celebratione
905 313 1017 332 consue-

225 351 349 378 tudinem
373 348 527 376 .lutlmorum
554 356 749 383 sequeremur;
770 351 829 384 qui,
843 358 903 376 cum
921 359 1016 378 manus

227 403 294 424 suas
308 396 415 422 nefario
427 395 532 422 scelere
557 397 780 428 eontaminarint,
801 397 898 424 merito
916 397 1015 430 impuri

221 433 352 469 homines
368 442 490 468 excitate
512 442 611 468 mentis
635 441 770 468 laborant.
785 441 901 476 Quippe,
916 442 1015 475 rejecta

227 487 334 515 illorum
359 488 555 515 consuetudine
568 507 575 519 ,
599 495 745 521 possumus
767 488 877 515 rectiori
898 489 1012 520 ordine.

227 541 307 568 quem
325 542 339 560 a
357 534 445 568 primo
464 533 598 567 passionis
611 533 655 560 die
670 534 704 560 ad
722 533 779 560 lucc
794 541 879 568 usque
894 539 1013 568 tempera

226 581 406 612 servavimus,
419 581 453 606 ad
465 580 555 607 futura
564 579 647 607 etiam
663 580 761 607 saecula
775 580 855 614 hujus
868 581 1016 607 observan—

226 627 271 653 tia:
287 627 369 653 ritum
387 634 548 662 propagare.
562 625 633 652 Nihil
649 633 714 661 ergo
729 626 807 653 nobis
820 634 965 653 commune
979 626 1014 653 sit

226 679 287 698 cum
314 671 503 699 inimicissitna
530 671 683 698 Judacorum
710 671 799 699 turba.
827 671 916 699 Aliam
940 672 1012 699 enim

223 718 296 744 viam
311 725 328 744 a
347 717 492 745 Servatore
506 718 673 752 accepimus.
691 717 851 752 Propositus
866 723 908 745 est
921 725 1015 745 sacra-

225 762 340 789 tissima:
355 763 478 797 religioni
499 766 598 789 nostra:
614 770 711 790 cursus
731 762 871 797 legitimus
888 768 916 790 et
929 763 1014 790 hone-

225 812 295 836 stus.
314 808 392 835 Hunc
415 809 534 835 unanimi
561 816 696 836 consensu
721 808 882 842 retinentes,
908 809 942 836 ab
968 809 1012 836 illa

225 854 386 888 turpissima
401 854 531 881 societate
555 859 582 881 et
608 855 773 881 conscientia
796 862 845 882 nos
869 854 1012 882 abstraha-

225 908 297 932 mus,
313 900 412 927 fratres
437 900 604 928 charissimi.
620 900 667 927 Est
686 901 757 928 enim
774 901 898 936 profecto
917 902 1012 929 absur-
1028 888 1050 917 Β

225 947 368 975 dissimum
387 948 458 981 quod
477 947 516 974 illi
542 947 687 982 magnifice
701 947 820 982 jactant,
836 955 885 975 nos
909 949 1013 982 absque

225 994 345 1028 ipsorum
363 993 521 1029 magisterio
538 993 595 1020 hate
619 987 762 1021 commode
785 994 930 1022 observare
958 1002 1011 1021 non

224 1047 316 1075 posse.
330 1039 465 1073 Quidnam
483 1048 549 1067 vero
568 1039 606 1067 illi
629 1045 703 1067 recte
718 1040 819 1067 sentire
837 1041 954 1075 possint,
967 1040 1011 1075 qui

225 1091 288 1120 post
312 1094 405 1113 necem
423 1087 541 1118 Domini,
557 1091 618 1121 post
636 1086 700 1113 illud
723 1087 903 1121 parricidium
923 1092 1013 1114 mente

226 1133 308 1168 capti,
324 1141 378 1160 non
403 1134 519 1167 ratione,
536 1134 582 1160 sed
600 1133 731 1167 prtecipiti
760 1133 862 1167 impetu
888 1130 1013 1160 feruntur

223 1187 388 1214 quocunque
413 1179 523 1206 innatus
550 1179 626 1206 furor
654 1179 729 1213 ipsos
758 1178 906 1213 impulerit.
943 1179 1013 1206 llinc

223 1230 265 1252 est
278 1225 350 1259 quod
367 1232 401 1252 ne
421 1224 503 1261 493
521 1225 547 1252 in
567 1225 751 1259 hac’quidem
770 1231 847 1259 parte
867 1226 1011 1252 verltatom

223 1271 308 1306 ipsam
325 1271 491 1306 perspiciunt
506 1281 512 1298 ;
529 1271 595 1298 adeo
616 1276 645 1298 ut
660 1279 675 1297 a
693 1272 867 1298 convenicnti
883 1271 1012 1298 emenda.

224 1318 297 1344 tione
320 1317 474 1352 longissime
497 1318 666 1350 aberrantes,
689 1325 743 1344 uno
769 1318 919 1352 eodemque
942 1325 1012 1345 anno

223 1365 276 1391 duo
295 1364 424 1398 paschala
446 1363 593 1391 celebrent.
619 1363 689 1396 Quid
717 1371 781 1398 ergo
807 1368 850 1391 est
875 1371 924 1390 cur
947 1365 1012 1391 istos

221 1417 381 1443 sequamur,
395 1417 464 1444 quos
486 1413 593 1436 constat
611 1409 774 1443 gravissimo
796 1410 898 1437 erroris
919 1410 1012 1436 morbo

222 1454 365 1481 laborare?
382 1453 449 1481 Nam
469 1462 523 1481 uno
549 1454 698 1488 eodemque
719 1461 791 1481 anno
811 1455 947 1489 geminum
965 1462 1012 1489 pa-

221 1500 288 1526 scha
303 1499 405 1531 facere,
413 1507 550 1533 nunquam
558 1498 679 1534 profecto
690 1499 896 1527 sustinebimus.
912 1498 1010 1526 Verum

221 1545 330 1573 etiamsi
345 1552 406 1579 quae
420 1545 475 1571 dixi
492 1545 603 1572 minime
613 1550 905 1579 suppeterent,vestrce
921 1551 1010 1572 tamen

222 1590 339 1618 solertia:
350 1595 403 1623 est,
418 1590 446 1616 id
461 1597 557 1617 curare
569 1590 694 1617 omnibus
706 1590 793 1617 modis
809 1594 891 1624 atque
903 1594 1008 1624 optare,

223 1643 258 1663 ne
288 1636 421 1663 sanctitas
443 1636 598 1663 animarum
624 1641 788 1669 vestrarum,
810 1636 837 1664 in
865 1636 945 1663 ullius
970 1637 1009 1663 rei

222 1683 402 1710 similitudine
413 1690 474 1710 cum
489 1683 718 1718 nequissimorum
734 1683 874 1710 hominum
891 1684 1012 1711 moribus

222 1729 322 1757 sociari
336 1733 364 1756 et
379 1729 548 1757 commisceri
564 1730 697 1758 videatur.
716 1730 782 1757 Illud
798 1735 926 1765 prazterea
943 1738 1011 1757 con-

222 1775 396 1802 siderandum
413 1780 466 1809 est,
480 1775 557 1803 nefas
571 1783 632 1803 esse
648 1781 677 1803 ut
692 1777 718 1802 in
736 1776 803 1803 tanti
817 1777 946 1804 momenti
965 1784 1011 1804 ne-

260 1875 316 1911 (65)
334 1875 422 1908 Vulg.,
433 1874 486 1903 τοῦ
502 1876 619 1903 ἐκείνου
633 1876 750 1909 ἔθνους.
764 1876 835 1910 Lego
855 1875 932 1908 ἔθους
949 1885 1009 1902 eum

222 1909 472 1944 Christophorsono
482 1915 510 1937 et
522 1911 650 1938 Grutero.
669 1912 739 1937 Idem
756 1909 883 1938 mendum
904 1913 1009 1938 notaVi-

224 1954 283 1972 mus
299 1947 324 1972 in
339 1945 459 1972 Historia
475 1946 665 1973 ecclesiastica.
687 1945 767 1973 Certe
783 1947 809 1973 in
825 1947 934 1974 schedis
958 1947 1012 1974 Re—

223 1981 274 2015 giis
295 1986 321 2008 et
333 1982 359 2007 in
375 1981 445 2007 lihro
457 1980 550 2008 Savilii
565 1980 642 2012 ἔθους
655 1981 836 2016 perscriptum
854 1986 905 2008 est.

270 2016 315 2048 64)
328 2016 517 2051 Καὶνόμιμος
528 2016 718 2050 καὶπρέπων.
736 2017 812 2051 Apud
828 2016 964 2044 Gelasium
986 2021 1013 2044 et

223 2051 406 2088 Nicephorum
437 2051 534 2086 legitur
557 2052 610 2088 xui.
625 2052 858 2088 νόμος-πρέπων.
885 2051 1014 2079 Socrates

223 2091 314 2114 tamen
328 2094 359 2113 ac
375 2086 556 2114 'l‘heodoritus
568 2087 703 2121 vulgatam
719 2086 860 2114 lectionem
874 2091 993 2114 tuentur.

258 2122 315 2156 (65)
333 2121 468 2156 Αἱσχρᾶς
483 2121 603 2155 ἐκείνης
628 2121 844 2155 συνειδήσεως.
875 2121 941 2149 Nam
966 2122 1011 2156 qui

223 2164 284 2185 cum
305 2157 405 2184 Iudicis
418 2156 522 2184 Pascha
537 2157 705 2184 Dominicum
733 2158 882 2187 celebrant.
908 2157 1010 2184 conscii

222 2192 349 2219 videntur
368 2200 429 2220 esse
445 2192 557 2219 sceleris
569 2193 640 2225 quod
666 2191 751 2219 Judzei
768 2192 896 2219 adversus
921 2191 1012 2219 Domi-

224 2235 288 2254 num
302 2227 479 2254 admiserunt.
505 2227 538 2254 At
562 2226 828 2261 Christophorsonus
861 2227 1013 2262 συνείδησιν

223 2263 305 2289 vertit
318 2262 475 2295 opinionem,
490 2263 533 2289 cui
551 2271 602 2289 non
618 2263 729 2290 accedo.

258 2298 315 2332 (66)
332 2297 391 2331 Τῆς
412 2298 629 2331 προσηκούσης
656 2296 897 2331 ἐπανορθώσεως.
915 2297 1014 2325 Socra-

223 2338 274 2364 tes,
301 2332 494 2363 Tlteodoritus,
512 2333 636 2359 Gelasius
662 2340 693 2359 ac
716 2332 884 2367 Nicephorus
914 2334 1014 2360 habent

220 2368 282 2395 ἀντὶ
303 2368 353 2403 τῆς
379 2367 571 2403 προσηκούσης
601 2366 829 2403 ἐπανορθώσεως,
859 2368 931 2402 quod
958 2376 1013 2396 non

221 2405 316 2465 grobo.
330 2403 414 2430 ltecte
429 2405 500 2430 enirn
514 2404 614 2431 dicitur
628 2403 822 2438 πλανωμένους
835 2403 885 2438 τῆς
899 2404 1014 2439 ἐπανορ-

238 2447 341 2465 ωσεως.

238 2447 341 2470 ωσεως.

258 2474 315 2508 (67)
333 2474 374 2507 Τῷ
387 2471 548 2507 αὐτῷ’ἕτει
571 2474 712 2508 δεύτερον
728 2473 761 2500 τὸ
792 2473 901 2508 Πάσχα
923 2474 1015 2501 ἐπιτε-

219 2509 297 2537 λεῖν.
323 2508 390 2536 Cum
416 2511 557 2536 ncomenia
579 2509 717 2544 paschalis
743 2508 897 2536 Judwornm
926 2518 940 2535 a
971 2510 1014 2536 die

220 2546 317 2578 quinto
334 2545 435 2571 mensis
468 2545 560 2572 Martii
587 2545 730 2579 inciperet,
755 2549 783 2571 et
809 2545 890 2572 tertio
911 2544 1013 2578 Aprilis

220 2581 404 2611 clauderetur,
418 2579 483 2608 hinc
500 2580 583 2607 ﬁebat
611 2579 755 2614 aliquando
778 2584 807 2607 ut
835 2587 929 2607 eorum
947 2579 1013 2605 Pas-

221 2616 271 2643 cha
287 2622 352 2642 ante
367 2616 560 2650 mquinoctium
575 2615 716 2650 inciperet.
738 2616 777 2643 lta
795 2615 893 2649 duplex
908 2615 1013 2642 Pascha

220 2652 315 2678 eodem
332 2658 404 2677 anno
420 2650 605 2682 celebrabant,
622 2651 644 2677 si
664 2658 765 2677 annum
783 2650 918 2685 intelligas
942 2651 1011 2677 sola-

221 2695 278 2713 retu
292 2694 324 2712 ac
340 2685 489 2719 lulianum,
504 2694 519 2712 a
536 2693 622 2713 verno
639 2687 744 2713 scilicet
770 2686 935 2720 wquinoctio
965 2686 1014 2712 lm-

218 2720 263 2753 jus
279 2721 343 2747 anni
356 2721 392 2748 ad
416 2721 555 2755 sequentis
578 2721 641 2748 anni
669 2728 781 2747 vernum
809 2720 1012 2755 aequinoctium.

220 2755 294 2782 ldetn
314 2756 353 2782 ait
365 2754 527 2783 Ambrosius
542 2756 568 2783 in
590 2756 704 2791 epistola
720 2757 753 2782 ad
768 2754 911 2790 episcopos
925 2754 1014 2783 ᾸΞιιιί-

220 2791 275 2821 Ιὶιυ,
288 2791 332 2817 ubi
362 2791 457 2818 scribit
472 2791 580 2819 Judmos
596 2792 730 2818 interdum
750 2798 842 2818 mense
854 2791 1013 2818 duodecimo

223 2825 326 2852 Pascha
341 2826 507 2859 celebrasse,
526 2827 551 2853 id
565 2831 618 2858 est,
630 2826 708 2860 juxta
726 2826 837 2853 Latinos
852 2826 894 2852 vel
916 2826 1012 2853 Orien-

221 2860 301 2888 tales.
317 2860 411 2895 Neque
425 2862 498 2889 enim
510 2861 599 2892 Judaei
609 2869 703 2891 tnense
725 2862 772 2890 illo
787 2862 834 2896 qui
850 2861 921 2896 apud
938 2862 1012 2896 ipsos

1069 259 1178 294 ἐκείνην
1205 259 1300 295 ἑορτὴν
1317 261 1348 295 τῇ
1373 259 1427 286 τῶν
1449 259 1582 286 Ἰουδαίων
1605 258 1753 294 ἑπομένους
1778 268 1859 294 συνη-

1068 304 1127 340 θείᾳ
1143 305 1264 341 πληροῦν
1277 314 1282 320 ·
1300 306 1325 332 οἳ
1341 305 1390 337 τὰς
1406 305 1509 332 ἑαυτῶν
1525 306 1618 340 χεῖρας
1631 304 1752 340 ἀθεμίτῳ
1767 304 1858 340 πλημ-

1069 350 1205 386 μελήματι
1227 351 1392 386 χράναντες,
1414 351 1525 382 εἰκότως
1545 351 1593 382 τὰς
1616 350 1705 385 ψυχὰς
1719 351 1743 377 οε
1764 351 1858 386 μιαροὶ

1066 395 1278 431 τυφλώττουσιν.
1298 396 1406 429 Ἔξεστι
1430 397 1484 432 γὰρ
1506 395 1553 423 τοῦ
1575 397 1686 423 ἐκείνων
1705 396 1782 428 ἔθους
1801 396 1857 432 (65)

1068 443 1283 478 ἀποϐληθέντος,
1300 443 1468 479 ἀληθεστέρα
1480 443 1572 476 τάξει,
1587 443 1620 478 ἣν
1635 443 1666 469 ὲκ
1681 442 1792 478 πρώτης
1808 442 1856 469 τοῦ

1067 489 1170 520 πάθους
1183 489 1288 525 ἡμέρας
1301 490 1366 525 ἄχρι
1389 490 1435 516 τοῦ
1449 490 1581 524 παρόντος
1598 489 1770 524 ἑφυλάξαμεν
1780 509 1787 522 ,
1810 489 1858 515 καὶ

1066 535 1114 561 ἐπὶ
1136 536 1199 567 τοὺς
1229 535 1375 570 μέλλοντας
1397 535 1498 566 αἰῶνας
1523 535 1572 570 τὴν
1598 534 1648 569 τῆς
1668 535 1858 570 ὲπιτηρήσεως

1067 581 1169 616 ταύτης
1182 580 1379 616 συμπλήρωσιν
1391 581 1569 608 ἐκτείνεσθαι.
1583 580 1672 615 Μηδὲν
1683 581 1772 607 τοίνυν
1785 580 1859 606 ἔστω

1066 626 1133 660 ἡμῖν
1148 625 1236 655 κοινὸν
1256 626 1325 661 μετὰ
1338 625 1384 652 τοῦ
1405 625 1529 661 ἐχθίστου
1544 625 1597 652 τῶν
1619 625 1751 652 Ἰουδαίων
1763 625 1854 660 ὄχλου.

1065 671 1222 707 Εἰλήφαμεν
1247 672 1299 708 γὰρ
1323 671 1398 707 παρὰ
1425 671 1471 698 τοῦ
1501 671 1627 706 Σωτῆρος
1655 671 1712 698 ὁδὸν
1741 671 1855 707 ἑτέραν·

1066 718 1210 753 πρόκειται
1232 718 1331 754 δρόμος
1350 719 1383 754 τῇ
1408 718 1540 754 ίερωτάτῃ
1556 717 1635 753 ἡμῶν
1656 717 1789 753 θρησκείᾳ.
1808 716 1857 744 καὶ

1064 764 1178 799 νόμιμος
1201 764 1247 790 καὶ
1265 762 1466 798 πρέπων,(64).
1488 762 1588 789 Τούτου
1611 762 1762 797 συμφώνως
1781 762 1856 788 ἀντι-

1063 808 1273 844 λαμϐανόμενοι,
1289 809 1339 844 τῆς
1353 809 1467 843 αἰσχρᾶς
1481 808 1587 844 ἐκείνης
1605 808 1717 839 ἑαυτοὺς
1735 807 1857 844 συνειδή-

1065 862 1135 885 σεως
1155 853 1211 889 (65)
1233 854 1438 889 ἀποσπάσωμεν
1449 875 1457 887 ,
1471 853 1579 888 ἀδελφοὶ
1593 853 1760 887 τιμιώτατοι.
1776 854 1856 880 Ἐστι.

1064 902 1118 937 γὰρ
1137 902 1175 933 ὡς
1198 901 1316 936 ἀληθῶς·
1329 900 1520 934 ἀτοπώτατον,
1545 901 1665 932 ἐκείνους
1689 900 1795 935 αὐχεῖν,
1815 899 1855 931 ὡς

1063 947 1116 982 ἄρα
1132 947 1267 981 παρεκτὸς
1285 947 1336 982 τῆς
1354 946 1443 982 αὐτῶν
1456 946 1629 978 διδασκαλίας
1647 945 1733 973 ταῦτα
1752 946 1854 981 φυλάτ-

1063 1000 1119 1018 τειν
1135 992 1185 1019 οὐκ
1198 992 1293 1027 εἴημεν
1311 992 1409 1019 ἱκανοί.
1435 992 1467 1019 Ti
1488 992 1517 1018 δὲ
1535 993 1644 1028 φρονεῖν
1658 991 1737 1028 ὀρθὸν
1755 992 1854 1018 ἐκεῖνοι

1063 1037 1235 1072 δυνήσονται,
1249 1037 1272 1063 οἳ
1291 1037 1360 1072 μετὰ
1380 1037 1429 1072 τὴν
1447 1037 1632 1073 κυριοκτονίαν
1647 1046 1676 1064 τε
1691 1038 1738 1064 καὶ
1752 1045 1854 1073 πατρο-

1063 1083 1170 1110 κτονίαν
1191 1083 1298 1119 ἐκείνην
1320 1083 1466 1115 ἐκστάντες
1484 1083 1537 1110 τῶν
1558 1083 1674 1119 φρενῶν,
1695 1083 1807 1118 ἄγονται
1822 1083 1854 1111 οὺ

1063 1129 1186 1165 λογισμῷ
1201 1138 1271 1162 τινι,
1286 1129 1342 1156 ἀλλ’
1358 1130 1429 1165 ὁρμῇ
1448 1129 1635 1165 ἀκατασχέτῳ,
1649 1130 1709 1156 ὅποι
1723 1129 1745 1156 δ’
1760 1129 1793 1157 ἂν
1805 1129 1857 1156 αὒ-

1063 1176 1126 1208 τοὺς
1150 1177 1165 1211 ἡ
1188 1175 1307 1211 ἔμφυτος
1328 1176 1418 1203 αὐτῶν
1437 1175 1528 1212 ἀγάγῃ
1551 1177 1643 1211 μανία.
1656 1176 1787 1203 .Ἐκεῖθεν
1806 1173 1855 1204 οὖν

1063 1221 1152 1248 τοίνυν
1169 1223 1220 1248 κὰν
1232 1222 1320 1258 τούτῳ
1333 1222 1372 1257 τῷ
1388 1222 1465 1258 μέρει
1481 1222 1529 1258 τὴν
1542 1222 1668 1258 ἀλήθειαν
1682 1222 1730 1257 οὐχ
1741 1221 1852 1258 ὁρῶσιν,

1063 1267 1101 1299 ὡς
1122 1267 1153 1302 δὴ
1173 1267 1245 1294 κατὰ
1267 1268 1297 1294 τὸ
1318 1267 1443 1295 πλεῖστον
1470 1269 1567 1301 αὖτοὺς
1588 1268 1780 1303 πλανωμένους
1803 1268 1854 1303 τῆς

1063 1313 1256 1349 προσηκούσης
1273 1313 1484 1349 ἐπανορθώσεως
1499 1314 1567 1349 (66),
1582 1314 1620 1350 τῷ
1633 1313 1706 1346 αὑτῷ
1724 1314 1777 1340 ἔτει
1793 1313 1855 1340 δεύ-

1062 1369 1140 1396 τερον
1155 1360 1186 1386 τὸ
1201 1361 1295 1396 Πάσχα
1306 1360 1440 1387 ἐπιτελεῖν
1453 1361 1519 1396 (67).
1535 1361 1611 1392 Τίνος
1625 1361 1705 1397 χάριν
1721 1360 1776 1396 (68)
1792 1359 1854 1387 τού-

1062 1416 1120 1439 τοις
1134 1407 1265 1443 ἑπόμεθα,
1284 1406 1330 1439 οὓς
1345 1407 1433 1442 δεινὴν
1448 1407 1552 1442 πλάνην
1565 1409 1651 1434 νοσεῖν
1663 1407 1833 1442 ὡμολόγηται
1843 1415 1857 1440 ;,

1063 1453 1193 1489 Δεύτερον
1206 1453 1261 1488 γὰρ
1276 1452 1314 1488 τῷ
1328 1453 1368 1479 ἐν).
1378 1453 1494 1488 ἐνιαυτῷ
1507 1453 1556 1480 οὐκ
1569 1454 1600 1480 ἄν
1616 1461 1682 1480 ποτε
1701 1455 1787 1480 ποιεῖν
1805 1454 1854 1479 ἀν-

1063 1498 1191 1534 εξόμεθα.
1214 1498 1282 1525 Ἀλλ’
1299 1500 1324 1525 εί
1340 1498 1486 1525 καὶταῦτα
1503 1500 1539 1535 μὴ
1560 1499 1722 1535 προΰκειτο,
1738 1499 1805 1526 ἀλλὰ
1818 1499 1852 1535 δὴ

1062 1545 1111 1581 τὴν
1133 1545 1269 1580 ὑμετέραν
1288 1545 1427 1580 ἀγχίνοιαν
1444 1545 1526 1580 ἐχρῆν
1544 1545 1590 1571 καὶ
1608 1541 1652 1572 διὰ
1668 1545 1786 1580 σπουδῆς
1803 1545 1853 1572 καὶ

1062 1591 1095 1618 δι’
1110 1592 1192 1627 εὐχῆς
1208 1591 1279 1627 ἔχειν
1294 1591 1419 1624 πάντοτε,
1436 1592 1465 1617 ὲν
1482 1591 1602 1626 μηδεμιᾷ
1617 1591 1647 1617 τὺ
1667 1591 1786 1627 καθαρὸν
1802 1591 1854 1627 ’τῆς

1065 1638 1201 1674 ὑμετέρας
1220 1638 1309 1673 ψυχῆς
1331 1639 1468 1665 κοινωνεῖν
1493 1638 1581 1665 δοκεῖν
1605 1637 1755 1673 ἀνθρώπων
1778 1637 1853 1665 ἔθεσι

1065 1685 1226 1719 παγκάκων.
1245 1684 1316 1719 Πρὸς
1339 1684 1444 1716 τούτοις
1459 1685 1569 1711 κάκεῖνο
1589 1685 1705 1720 πάρεστι
1726 1685 1852 1719 συνορᾷν,

1064 1731 1102 1762 ὡς
1123 1732 1152 1756 ὲν
1173 1730 1324 1766 τηλικούτῳ
1348 1731 1488 1767 πράγματι
1505 1731 1550 1757 καὶ
1571 1731 1681 1766 τοιαύτῃ
1704 1730 1854 1766 θρησκείας

1065 1778 1145 1813 ἑορτῇ
1162 1777 1308 1812 διαφωνίαν
1327 1777 1421 1813 ἄρχειν
1432 1797 1439 1810 ,
1455 1777 1530 1804 ἐστὶν
1544 1777 1682 1812 ἀθέμιτον.
1704 1777 1778 1804 Μίαν
1796 1777 1854 1813 γὰρ

1064 1882 1124 1904 erat
1137 1877 1328 1909 duodecimus,
1350 1877 1453 1905 Pascha
1472 1885 1589 1913 unquam
1605 1878 1789 1910 celebrabant,
1804 1879 1852 1906 sed

1063 1913 1168 1940 decinta
1181 1919 1277 1946 quarta
1293 1913 1337 1939 die
1348 1913 1426 1947 primi
1442 1914 1553 1940 mensis.
1568 1913 1654 1941 Porro
1664 1914 1721 1940 hare
1743 1914 1853 1942 iteratio

1067 1956 1146 1980 quam
1178 1947 1278 1975 .ludmis
1307 1948 1401 1982 objicit
1431 1947 1651 1980 Constantinus,
1679 1956 1851 1983 nequaquam

1066 1983 1155 2018 magni
1169 1983 1296 2010 momenti
1324 1984 1389 2010 mihi
1410 1984 1517 2018 quidem
1543 1983 1751 2018 videturhldem
1778 1984 1852 2011 enim

1067 2017 1225 2052 retorquere
1250 2023 1375 2053 poterant
1394 2018 1479 2046 Judaei
1506 2019 1637 2046 adversus
1662 2017 1851 2052 Christianos;

1067 2061 1113 2079 eos
1127 2054 1233 2080 scilicet
1249 2061 1302 2080 uno
1322 2053 1470 2087 eodemque
1497 2062 1569 2080 anno
1594 2054 1634 2080 bis
1657 2053 1762 2080 Pascha
1781 2054 1853 2080 cele-

1054 2087 1173 2119 brasse,
1186 2089 1207 2115 si
1226 2096 1331 2115 annum
1343 2094 1493 2116 vertentem
1507 2089 1699 2123 intelligamus.
1716 2088 1854 2116 Ponamus

1067 2124 1139 2150 enim
1153 2123 1204 2151 hoc
1220 2131 1291 2150 anno
1308 2123 1410 2150 Pascha
1431 2125 1562 2151 celebrari
1583 2125 1689 2151 decimo
1716 2123 1853 2152 Kalendas

1065 2157 1150 2185 Maias
1164 2168 1170 2185 :
1187 2163 1317 2192 sequente
1328 2166 1400 2186 anno
1417 2159 1497 2186 citius
1509 2159 1660 2186 celebretur
1674 2166 1787 2186 necesse
1797 2163 1850 2186 est.

1066 2195 1152 2228 Atque
1172 2194 1209 2220 ita
1226 2194 1322 2228 duplex
1339 2194 1443 2221 Pascha
1465 2195 1534 2221 intra
1549 2195 1629 2220 unius
1644 2195 1706 2221 anni
1721 2195 1852 2222 vertentis

1066 2229 1231 2256 curriculum
1250 2230 1320 2263 apud
1331 2228 1503 2256 Christianos
1517 2230 1648 2256 occurrit.
1670 2229 1746 2263 Quod
1761 2234 1851 2256 tamen

1066 2272 1119 2291 non
1131 2265 1249 2295 eveniet,
1266 2264 1290 2291 si
1309 2271 1411 2291 annum
1427 2265 1611 2291 numeraveris
1623 2264 1657 2291 ab
1669 2265 1853 2298 tuquinoctiali

1066 2300 1178 2326 cardine
1189 2302 1222 2326 ad
1241 2299 1352 2326 alterius
1368 2300 1431 2326 anni
1445 2307 1557 2326 vernum
1575 2299 1852 2333 acquinoctiumNide

1066 2334 1245 2369 Epiphanium
1264 2334 1290 2360 in
1316 2334 1411 2361 hazresi
1440 2334 1483 2367 70,
1511 2342 1571 2369 quae
1599 2339 1640 2362 est
1663 2336 1851 2361 Audianorum

1066 2378 1127 2405 pag.
1142 2370 1206 2406 {324J
1223 2374 1247 2396 ct
1266 2369 1514 2406 animadversiones
1527 2371 1556 2396 υ.
1576 2370 1688 2406 Petavii.
1705 2369 1754 2397 Cui
1766 2369 1863 2406 junge,’

1066 2404 1125 2465 clari.
1143 2405 1160 2431 5
1174 2404 1274 2439 Aigidii
1289 2404 1414 2432 Bucherii
1434 2404 1473 2431 De
1490 2404 1614 2432 Pass/tali
1636 2405 1793 2432 Judwarum
1807 2413 1858 2441 cys

1066 2448 1078 2465 Ε
1091 2448 1116 2465 0.
1856 2447 1858 2449 ’

1065 2444 1116 2467 cla.
1856 2444 1861 2450 ‘

1101 2474 1158 2511 (68)
1179 2475 1263 2511 Τίνος
1285 2475 1383 2510 χάριν.
1405 2475 1482 2511 Apud
1509 2475 1702 2502 Theodoritum
1729 2479 1756 2502 et
1771 2475 1854 2503 Nice—

1065 2509 1179 2546 phorum
1197 2509 1301 2546 legitur
1312 2511 1383 2542 τίνος
1398 2509 1444 2537 οὖν
1459 2511 1548 2546 χάριν.
1567 2511 1611 2537 Sic
1624 2511 1706 2537 etiam
1723 2510 1853 2537 Socrates

1065 2551 1093 2572 et
1111 2544 1246 2573 Gelasius.
1271 2545 1311 2573 Ex
1335 2547 1432 2580 quibus
1451 2544 1608 2580 corrigenda
1634 2551 1708 2575 sunt.
1727 2553 1786 2580 qua:
1805 2553 1851 2572 se—

1065 2585 1184 2615 quuntur
1201 2581 1252 2608 hoc
1280 2582 1359 2608 tnodo
1383 2591 1389 2608 :
1417 2581 1466 2616 τὴν
1483 2581 1617 2616 ὑμετέραν
1643 2581 1794 2616 ἀγχίνοιαν.
1819 2580 1854 2607 Ει

1065 2616 1145 2652 paulo
1162 2621 1222 2650 post
1241 2617 1269 2642 ὲν
1293 2617 1412 2652 μηδεμιᾷ
1428 2618 1576 2652 ὁμοιότητι.
1594 2617 1755 2652 Quanquam
1779 2616 1853 2652 apud

1064 2651 1127 2677 illos
1146 2652 1286 2687 quosdixi
1299 2653 1447 2686 scriptores
1460 2652 1560 2687 legitur
1585 2652 1613 2678 ὲν
1632 2651 1746 2686 μηδενὸς
1761 2651 1854 2686 ὁμοιό-

1064 2695 1136 2721 τητι.
1153 2686 1180 2713 ln
1202 2686 1351 2718 Fuketiano
1370 2686 1500 2721 scriptum
1518 2692 1560 2714 est
1582 2688 1611 2713 t-‘.v
1639 2687 1758 2722 μηδεμιᾷ
1786 2693 1855 2721 προ-

1065 2722 1156 2756 φάσει.
1175 2722 1260 2749 Porro
1273 2722 1306 2749 ad
1326 2723 1383 2748 lucc
1400 2724 1482 2749 verba
1498 2722 1618 2749 alludere
1632 2723 1739 2750 videtur
1755 2727 1854 2749 auctor

1065 2757 1290 2784 Constitutionum
1312 2763 1396 2790 apost.
1415 2757 1486 2785 libro
1513 2765 1538 2789 ν,
1563 2765 1621 2791 cap.
1638 2757 1681 2785 16.
1697 2757 1774 2789 Quod
1789 2764 1854 2792 pro-

1065 2792 1135 2819 fecto
1160 2793 1289 2819 fatebitur
1315 2792 1440 2827 quisquis
1461 2800 1523 2821 eum
1539 2792 1628 2821 locutu
1643 2800 1704 2821 cum
1720 2793 1764 2820 his
1779 2793 1856 2820 Con-

1063 2828 1177 2856 stantini
1196 2828 1286 2856 verbis
1304 2828 1457 2856 contulerit.
