  <div class='ocr_page' id='page_1' title='image "/cluster/home/n/w/nwhite01/storage/ocr_20150623/20/njp.32101077772471/564.png"; bbox 0 0 2000 3167; ppageno 0'>
   <div class='ocr_carea' id='block_1_1' title="bbox 150 173 220 202">
    <p class='ocr_par' dir='ltr' id='par_1_1' title="bbox 150 173 220 202">
     <span class='ocr_line' id='line_1_1' title="bbox 150 173 220 202; baseline 0 0"><span class='ocrx_word' id='word_1_1' title='bbox 150 173 220 202; x_wconf 68' lang='grc'>1077</span> 
     </span>
    </p>
   </div>
   <div class='ocr_carea' id='block_1_2' title="bbox 678 170 1225 201">
    <p class='ocr_par' dir='ltr' id='par_1_2' title="bbox 678 170 1225 201">
     <span class='ocr_line' id='line_1_2' title="bbox 678 170 1225 201; baseline -0.005 -1"><span class='ocrx_word' id='word_1_2' title='bbox 678 172 722 200; x_wconf 84' lang='lat' dir='ltr'><strong>DE</strong></span> <span class='ocrx_word' id='word_1_3' title='bbox 743 172 823 201; x_wconf 78' lang='lat' dir='ltr'><strong>VITA</strong></span> <span class='ocrx_word' id='word_1_4' title='bbox 843 170 1075 201; x_wconf 81' lang='lat' dir='ltr'><strong>CONSTANTINI</strong></span> <span class='ocrx_word' id='word_1_5' title='bbox 1094 170 1162 198; x_wconf 67' lang='lat' dir='ltr'><strong>LIB;</strong></span> <span class='ocrx_word' id='word_1_6' title='bbox 1178 170 1225 198; x_wconf 83' lang='lat' dir='ltr'><strong>Ill.</strong></span> 
     </span>
    </p>
   </div>
   <div class='ocr_carea' id='block_1_3' title="bbox 1710 167 1780 196">
    <p class='ocr_par' dir='ltr' id='par_1_3' title="bbox 1710 167 1780 196">
     <span class='ocr_line' id='line_1_3' title="bbox 1710 167 1780 196; baseline -0.014 0"><span class='ocrx_word' id='word_1_7' title='bbox 1710 167 1780 196; x_wconf 70' lang='grc' dir='ltr'>ιοτιι</span> 
     </span>
    </p>
   </div>
   <div class='ocr_carea' id='block_1_4' title="bbox 149 225 938 268">
    <p class='ocr_par' dir='ltr' id='par_1_4' title="bbox 149 230 938 268">
     <span class='ocr_line' id='line_1_4' title="bbox 149 230 938 268; baseline 0.001 -11"><span class='ocrx_word' id='word_1_8' title='bbox 149 230 245 266; x_wconf 55' lang='lat' dir='ltr'><strong>Scr.le</strong></span> <span class='ocrx_word' id='word_1_9' title='bbox 256 230 306 267; x_wconf 80' lang='grc' dir='ltr'>τὴν</span> <span class='ocrx_word' id='word_1_10' title='bbox 316 231 366 267; x_wconf 81' lang='grc' dir='ltr'><strong>τῆς</strong></span> <span class='ocrx_word' id='word_1_11' title='bbox 376 231 513 268; x_wconf 75' lang='grc' dir='ltr'>ἡμετέρας</span> <span class='ocrx_word' id='word_1_12' title='bbox 523 231 678 267; x_wconf 72' lang='grc' dir='ltr'><strong>ἐλευθερίας</strong></span> <span class='ocrx_word' id='word_1_13' title='bbox 689 230 806 267; x_wconf 80' lang='grc' dir='ltr'><strong>ἡμέραν,</strong></span> <span class='ocrx_word' id='word_1_14' title='bbox 816 231 938 258; x_wconf 78' lang='grc' dir='ltr'><strong>τουτέστι</strong></span> 
     </span>
    </p>
   </div>
   <div class='ocr_carea' id='block_1_5' title="bbox 992 225 1779 268">
    <p class='ocr_par' dir='ltr' id='par_1_5' title="bbox 992 225 1779 265">
     <span class='ocr_line' id='line_1_5' title="bbox 992 225 1779 265; baseline -0.006 -8"><span class='ocrx_word' id='word_1_15' title='bbox 992 230 1065 265; x_wconf 81' lang='lat' dir='ltr'><strong>gotio</strong></span> <span class='ocrx_word' id='word_1_16' title='bbox 1074 234 1102 256; x_wconf 86' lang='lat' dir='ltr'><strong>et</strong></span> <span class='ocrx_word' id='word_1_17' title='bbox 1113 228 1140 256; x_wconf 90' lang='lat' dir='ltr'><strong>in</strong></span> <span class='ocrx_word' id='word_1_18' title='bbox 1159 228 1312 264; x_wconf 83' lang='lat' dir='ltr'><strong>hujusmodi</strong></span> <span class='ocrx_word' id='word_1_19' title='bbox 1327 227 1464 264; x_wconf 78' lang='lat' dir='ltr'><strong>religionis</strong></span> <span class='ocrx_word' id='word_1_20' title='bbox 1475 225 1657 258; x_wconf 62' lang='lat' dir='ltr'><strong>solemnitate,</strong></span> <span class='ocrx_word' id='word_1_21' title='bbox 1675 225 1779 253; x_wconf 78' lang='lat' dir='ltr'><strong>dissen-</strong></span> 
     </span>
    </p>
   </div>
   <div class='ocr_carea' id='block_1_6' title="bbox 149 275 940 314">
    <p class='ocr_par' dir='ltr' id='par_1_6' title="bbox 149 275 940 314">
     <span class='ocr_line' id='line_1_6' title="bbox 149 275 940 314; baseline 0.001 -12"><span class='ocrx_word' id='word_1_22' title='bbox 149 277 198 311; x_wconf 65' lang='grc' dir='ltr'>τὴν</span> <span class='ocrx_word' id='word_1_23' title='bbox 221 275 268 303; x_wconf 80' lang='grc' dir='ltr'><strong>τοῦ</strong></span> <span class='ocrx_word' id='word_1_24' title='bbox 290 277 443 311; x_wconf 80' lang='grc' dir='ltr'>ἁγιωτάτου</span> <span class='ocrx_word' id='word_1_25' title='bbox 467 277 585 310; x_wconf 77' lang='grc' dir='ltr'><strong>πάθους,</strong></span> <span class='ocrx_word' id='word_1_26' title='bbox 608 279 622 305; x_wconf 88' lang='grc' dir='ltr'><strong>ό</strong></span> <span class='ocrx_word' id='word_1_27' title='bbox 645 279 777 314; x_wconf 74' lang='grc' dir='ltr'>ἡμέτερος</span> <span class='ocrx_word' id='word_1_28' title='bbox 797 278 940 314; x_wconf 83' lang='grc' dir='ltr'>παρέδωκε</span> 
     </span>
    </p>
   </div>
   <div class='ocr_carea' id='block_1_7' title="bbox 149 321 940 361">
    <p class='ocr_par' dir='ltr' id='par_1_7' title="bbox 149 321 940 361">
     <span class='ocr_line' id='line_1_7' title="bbox 149 321 940 361; baseline 0.003 -13"><span class='ocrx_word' id='word_1_29' title='bbox 149 321 254 358; x_wconf 78' lang='grc' dir='ltr'>Σωτὴρ,</span> <span class='ocrx_word' id='word_1_30' title='bbox 270 323 318 350; x_wconf 65' lang='grc' dir='ltr'><strong>καὶ</strong></span> <span class='ocrx_word' id='word_1_31' title='bbox 335 323 398 358; x_wconf 86' lang='grc' dir='ltr'>μίαν</span> <span class='ocrx_word' id='word_1_32' title='bbox 412 321 481 351; x_wconf 78' lang='grc' dir='ltr'>εἶναι</span> <span class='ocrx_word' id='word_1_33' title='bbox 495 324 544 359; x_wconf 87' lang='grc' dir='ltr'><strong>τὴν</strong></span> <span class='ocrx_word' id='word_1_34' title='bbox 562 324 709 361; x_wconf 81' lang='grc' dir='ltr'><strong>καθολικὴν</strong></span> <span class='ocrx_word' id='word_1_35' title='bbox 723 324 804 352; x_wconf 84' lang='grc' dir='ltr'>αὑτοῦ</span> <span class='ocrx_word' id='word_1_36' title='bbox 825 324 940 359; x_wconf 85' lang='grc' dir='ltr'><strong>Ἐκκλη-</strong></span> 
     </span>
    </p>
   </div>
   <div class='ocr_carea' id='block_1_8' title="bbox 149 367 941 406">
    <p class='ocr_par' dir='ltr' id='par_1_8' title="bbox 149 367 941 406">
     <span class='ocr_line' id='line_1_8' title="bbox 149 367 941 406; baseline 0.004 -11"><span class='ocrx_word' id='word_1_37' title='bbox 149 369 211 396; x_wconf 81' lang='grc' dir='ltr'>σίαν</span> <span class='ocrx_word' id='word_1_38' title='bbox 226 368 407 405; x_wconf 73' lang='grc' dir='ltr'>βεϐούληται,</span> <span class='ocrx_word' id='word_1_39' title='bbox 424 367 458 406; x_wconf 82' lang='grc' dir='ltr'><strong>ἦς</strong></span> <span class='ocrx_word' id='word_1_40' title='bbox 480 371 504 397; x_wconf 88' lang='grc' dir='ltr'>εἰ</span> <span class='ocrx_word' id='word_1_41' title='bbox 529 371 575 397; x_wconf 77' lang='grc' dir='ltr'><strong>καὶ</strong></span> <span class='ocrx_word' id='word_1_42' title='bbox 589 371 743 406; x_wconf 86' lang='grc' dir='ltr'>ταμάλιστα</span> <span class='ocrx_word' id='word_1_43' title='bbox 766 372 805 402; x_wconf 82' lang='grc' dir='ltr'><strong>εἰς</strong></span> <span class='ocrx_word' id='word_1_44' title='bbox 828 371 941 403; x_wconf 80' lang='grc' dir='ltr'>πολλοὺς</span> 
     </span>
    </p>
   </div>
   <div class='ocr_carea' id='block_1_9' title="bbox 149 412 940 452">
    <p class='ocr_par' dir='ltr' id='par_1_9' title="bbox 149 412 940 452">
     <span class='ocr_line' id='line_1_9' title="bbox 149 412 940 452; baseline 0.006 -14"><span class='ocrx_word' id='word_1_45' title='bbox 149 412 196 439; x_wconf 66' lang='grc' dir='ltr'><strong>καὶ</strong></span> <span class='ocrx_word' id='word_1_46' title='bbox 217 412 362 449; x_wconf 72' lang='grc' dir='ltr'>διαφόρους</span> <span class='ocrx_word' id='word_1_47' title='bbox 378 414 477 447; x_wconf 85' lang='grc' dir='ltr'><strong>τόπους</strong></span> <span class='ocrx_word' id='word_1_48' title='bbox 498 415 533 441; x_wconf 78' lang='grc' dir='ltr'>τὰ</span> <span class='ocrx_word' id='word_1_49' title='bbox 549 415 619 451; x_wconf 79' lang='grc' dir='ltr'>μέρη</span> <span class='ocrx_word' id='word_1_50' title='bbox 639 415 781 452; x_wconf 84' lang='grc' dir='ltr'>διῄρηται,</span> <span class='ocrx_word' id='word_1_51' title='bbox 797 416 853 442; x_wconf 85' lang='grc' dir='ltr'><strong>ἀλλ’</strong></span> <span class='ocrx_word' id='word_1_52' title='bbox 865 417 940 452; x_wconf 75' lang='grc' dir='ltr'>ὅμως</span> 
     </span>
    </p>
   </div>
   <div class='ocr_carea' id='block_1_10' title="bbox 149 458 939 498">
    <p class='ocr_par' dir='ltr' id='par_1_10' title="bbox 149 458 939 498">
     <span class='ocr_line' id='line_1_10' title="bbox 149 458 939 498; baseline 0.006 -13"><span class='ocrx_word' id='word_1_53' title='bbox 149 458 189 486; x_wconf 67' lang='grc' dir='ltr'>ἓν).</span> <span class='ocrx_word' id='word_1_54' title='bbox 203 459 348 495; x_wconf 82' lang='grc' dir='ltr'>πνεύματι,</span> <span class='ocrx_word' id='word_1_55' title='bbox 359 461 482 489; x_wconf 80' lang='grc' dir='ltr'><strong>τουτέστι</strong></span> <span class='ocrx_word' id='word_1_56' title='bbox 492 462 531 497; x_wconf 83' lang='grc' dir='ltr'>τῷ</span> <span class='ocrx_word' id='word_1_57' title='bbox 545 461 610 498; x_wconf 83' lang='grc' dir='ltr'>θείῳ</span> <span class='ocrx_word' id='word_1_58' title='bbox 623 462 783 498; x_wconf 81' lang='grc' dir='ltr'><strong>βουλήματι,</strong></span> <span class='ocrx_word' id='word_1_59' title='bbox 799 462 939 491; x_wconf 83' lang='grc' dir='ltr'>θάλπεται.</span> 
     </span>
    </p>
   </div>
   <div class='ocr_carea' id='block_1_11' title="bbox 150 506 938 546">
    <p class='ocr_par' dir='ltr' id='par_1_11' title="bbox 150 506 938 546">
     <span class='ocr_line' id='line_1_11' title="bbox 150 506 938 546; baseline 0.005 -14"><span class='ocrx_word' id='word_1_60' title='bbox 150 506 311 540; x_wconf 80' lang='grc' dir='ltr'>Λογισάσοω</span> <span class='ocrx_word' id='word_1_61' title='bbox 332 506 354 533; x_wconf 84' lang='grc' dir='ltr'>δ’</span> <span class='ocrx_word' id='word_1_62' title='bbox 371 508 387 543; x_wconf 81' lang='grc' dir='ltr'><strong>ἡ</strong></span> <span class='ocrx_word' id='word_1_63' title='bbox 413 508 462 543; x_wconf 74' lang='grc' dir='ltr'><strong>τῆς</strong></span> <span class='ocrx_word' id='word_1_64' title='bbox 488 508 623 544; x_wconf 80' lang='grc' dir='ltr'><strong>ὑμετέρας</strong></span> <span class='ocrx_word' id='word_1_65' title='bbox 645 509 784 546; x_wconf 84' lang='grc' dir='ltr'><strong>ὁσιότητος</strong></span> <span class='ocrx_word' id='word_1_66' title='bbox 804 510 938 545; x_wconf 80' lang='grc' dir='ltr'><strong>ἀγχίνοια,</strong></span> 
     </span>
    </p>
   </div>
   <div class='ocr_carea' id='block_1_12' title="bbox 150 552 941 591">
    <p class='ocr_par' dir='ltr' id='par_1_12' title="bbox 150 552 941 591">
     <span class='ocr_line' id='line_1_12' title="bbox 150 552 941 591; baseline 0.006 -13"><span class='ocrx_word' id='word_1_67' title='bbox 150 552 223 584; x_wconf 79' lang='grc' dir='ltr'>ὅπως</span> <span class='ocrx_word' id='word_1_68' title='bbox 238 553 297 579; x_wconf 75' lang='grc' dir='ltr'>ἐστι</span> <span class='ocrx_word' id='word_1_69' title='bbox 311 553 395 580; x_wconf 82' lang='grc' dir='ltr'>δεινόν</span> <span class='ocrx_word' id='word_1_70' title='bbox 411 563 441 580; x_wconf 84' lang='grc' dir='ltr'>τε</span> <span class='ocrx_word' id='word_1_71' title='bbox 463 555 510 582; x_wconf 70' lang='grc' dir='ltr'>καὶ</span> <span class='ocrx_word' id='word_1_72' title='bbox 529 555 653 591; x_wconf 84' lang='grc' dir='ltr'>ἀπρεπὲς</span> <span class='ocrx_word' id='word_1_73' title='bbox 664 574 672 587; x_wconf 87' lang='grc'>,</span> <span class='ocrx_word' id='word_1_74' title='bbox 694 556 764 583; x_wconf 79' lang='grc' dir='ltr'>κατὰ</span> <span class='ocrx_word' id='word_1_75' title='bbox 782 556 832 588; x_wconf 85' lang='grc' dir='ltr'><strong>τὰς</strong></span> <span class='ocrx_word' id='word_1_76' title='bbox 855 556 941 588; x_wconf 77' lang='grc' dir='ltr'>αὐτὰς</span> 
     </span>
    </p>
   </div>
   <div class='ocr_carea' id='block_1_13' title="bbox 149 597 938 637">
    <p class='ocr_par' dir='ltr' id='par_1_13' title="bbox 149 597 938 637">
     <span class='ocr_line' id='line_1_13' title="bbox 149 597 938 637; baseline 0.006 -13"><span class='ocrx_word' id='word_1_77' title='bbox 149 597 256 634; x_wconf 78' lang='grc' dir='ltr'>ἡμέρας</span> <span class='ocrx_word' id='word_1_78' title='bbox 278 598 387 634; x_wconf 80' lang='grc' dir='ltr'>ἑτέρους</span> <span class='ocrx_word' id='word_1_79' title='bbox 411 600 460 635; x_wconf 81' lang='grc' dir='ltr'>μὲν</span> <span class='ocrx_word' id='word_1_80' title='bbox 480 602 540 633; x_wconf 87' lang='grc' dir='ltr'>ταῖς</span> <span class='ocrx_word' id='word_1_81' title='bbox 563 601 699 636; x_wconf 74' lang='grc' dir='ltr'><strong>νηστείαις</strong></span> <span class='ocrx_word' id='word_1_82' title='bbox 720 600 859 637; x_wconf 78' lang='grc' dir='ltr'><strong>σχολάζειν</strong></span> <span class='ocrx_word' id='word_1_83' title='bbox 872 600 938 637; x_wconf 81' lang='grc'>(69),</span> 
     </span>
    </p>
   </div>
   <div class='ocr_carea' id='block_1_14' title="bbox 151 643 939 683">
    <p class='ocr_par' dir='ltr' id='par_1_14' title="bbox 151 643 939 683">
     <span class='ocr_line' id='line_1_14' title="bbox 151 643 939 683; baseline 0.005 -13"><span class='ocrx_word' id='word_1_84' title='bbox 151 643 260 679; x_wconf 76' lang='grc' dir='ltr'>ἐτέρους</span> <span class='ocrx_word' id='word_1_85' title='bbox 280 644 308 671; x_wconf 82' lang='grc' dir='ltr'>δὲ</span> <span class='ocrx_word' id='word_1_86' title='bbox 329 646 467 681; x_wconf 80' lang='grc' dir='ltr'>συμπόσια</span> <span class='ocrx_word' id='word_1_87' title='bbox 487 647 633 679; x_wconf 80' lang='grc' dir='ltr'><strong>συντελεῖν,</strong></span> <span class='ocrx_word' id='word_1_88' title='bbox 657 647 705 674; x_wconf 77' lang='grc' dir='ltr'><strong>καὶ</strong></span> <span class='ocrx_word' id='word_1_89' title='bbox 731 647 801 683; x_wconf 84' lang='grc' dir='ltr'>μετὰ</span> <span class='ocrx_word' id='word_1_90' title='bbox 821 647 870 680; x_wconf 86' lang='grc' dir='ltr'>τὰς</span> <span class='ocrx_word' id='word_1_91' title='bbox 892 646 939 674; x_wconf 78' lang='grc' dir='ltr'>τοῦ</span> 
     </span>
    </p>
   </div>
   <div class='ocr_carea' id='block_1_15' title="bbox 149 689 940 730">
    <p class='ocr_par' dir='ltr' id='par_1_15' title="bbox 149 689 940 730">
     <span class='ocr_line' id='line_1_15' title="bbox 149 689 940 730; baseline 0.006 -14"><span class='ocrx_word' id='word_1_92' title='bbox 149 689 247 726; x_wconf 83' lang='grc' dir='ltr'><strong>Πάσχα</strong></span> <span class='ocrx_word' id='word_1_93' title='bbox 262 691 379 727; x_wconf 80' lang='grc' dir='ltr'><strong>ἡμέρας,</strong></span> <span class='ocrx_word' id='word_1_94' title='bbox 398 691 494 724; x_wconf 86' lang='grc' dir='ltr'>ἄλλους</span> <span class='ocrx_word' id='word_1_95' title='bbox 514 693 562 729; x_wconf 80' lang='grc' dir='ltr'>μὲν</span> <span class='ocrx_word' id='word_1_96' title='bbox 576 695 605 720; x_wconf 83' lang='grc' dir='ltr'><strong>ὲν</strong></span> <span class='ocrx_word' id='word_1_97' title='bbox 625 695 733 730; x_wconf 81' lang='grc' dir='ltr'>ἑορταῖς</span> <span class='ocrx_word' id='word_1_98' title='bbox 753 695 799 721; x_wconf 76' lang='grc' dir='ltr'><strong>καὶ</strong></span> <span class='ocrx_word' id='word_1_99' title='bbox 816 694 940 722; x_wconf 82' lang='grc' dir='ltr'><strong>ἀνέσεσιν</strong></span> 
     </span>
    </p>
   </div>
   <div class='ocr_carea' id='block_1_16' title="bbox 150 734 941 776">
    <p class='ocr_par' dir='ltr' id='par_1_16' title="bbox 150 734 941 776">
     <span class='ocr_line' id='line_1_16' title="bbox 150 734 941 776; baseline 0.01 -16"><span class='ocrx_word' id='word_1_100' title='bbox 150 734 341 769; x_wconf 75' lang='grc' dir='ltr'>ἐξετάζεσθαι,</span> <span class='ocrx_word' id='word_1_101' title='bbox 364 736 460 770; x_wconf 84' lang='grc' dir='ltr'>ἄλλους</span> <span class='ocrx_word' id='word_1_102' title='bbox 482 737 510 764; x_wconf 79' lang='grc' dir='ltr'>δὲ</span> <span class='ocrx_word' id='word_1_103' title='bbox 531 740 591 771; x_wconf 86' lang='grc' dir='ltr'>ταῖς</span> <span class='ocrx_word' id='word_1_104' title='bbox 607 738 773 776; x_wconf 79' lang='grc' dir='ltr'><strong>ὡρισμέναις</strong></span> <span class='ocrx_word' id='word_1_105' title='bbox 786 740 941 767; x_wconf 77' lang='grc' dir='ltr'><strong>ἐκδεδόσθαι</strong></span> 
     </span>
    </p>
   </div>
   <div class='ocr_carea' id='block_1_17' title="bbox 149 781 940 823">
    <p class='ocr_par' dir='ltr' id='par_1_17' title="bbox 149 781 940 823">
     <span class='ocr_line' id='line_1_17' title="bbox 149 781 940 823; baseline 0.011 -17"><span class='ocrx_word' id='word_1_106' title='bbox 149 781 296 815; x_wconf 73' lang='grc' dir='ltr'>νηστείαις.</span> <span class='ocrx_word' id='word_1_107' title='bbox 320 782 369 809; x_wconf 79' lang='grc' dir='ltr'>Διὰ</span> <span class='ocrx_word' id='word_1_108' title='bbox 390 783 469 810; x_wconf 78' lang='grc' dir='ltr'>τοῦτο</span> <span class='ocrx_word' id='word_1_109' title='bbox 490 784 554 818; x_wconf 81' lang='grc' dir='ltr'>γοῦν</span> <span class='ocrx_word' id='word_1_110' title='bbox 574 785 623 821; x_wconf 83' lang='grc' dir='ltr'><strong>τῆς</strong></span> <span class='ocrx_word' id='word_1_111' title='bbox 644 787 835 823; x_wconf 75' lang='grc' dir='ltr'>προσηκούσης</span> <span class='ocrx_word' id='word_1_112' title='bbox 856 787 940 814; x_wconf 79' lang='grc' dir='ltr'>ἐπαν-</span> 
     </span>
    </p>
   </div>
   <div class='ocr_carea' id='block_1_18' title="bbox 149 826 940 868">
    <p class='ocr_par' dir='ltr' id='par_1_18' title="bbox 149 826 940 868">
     <span class='ocr_line' id='line_1_18' title="bbox 149 826 940 868; baseline 0.011 -16"><span class='ocrx_word' id='word_1_113' title='bbox 149 826 292 864; x_wconf 73' lang='grc' dir='ltr'>ορθώσεως</span> <span class='ocrx_word' id='word_1_114' title='bbox 310 831 416 864; x_wconf 79' lang='grc' dir='ltr'>τυχεῖν,</span> <span class='ocrx_word' id='word_1_115' title='bbox 441 830 487 857; x_wconf 78' lang='grc' dir='ltr'>καὶ</span> <span class='ocrx_word' id='word_1_116' title='bbox 507 831 574 867; x_wconf 77' lang='grc' dir='ltr'>πρὸς</span> <span class='ocrx_word' id='word_1_117' title='bbox 596 832 660 867; x_wconf 87' lang='grc' dir='ltr'>μίαν</span> <span class='ocrx_word' id='word_1_118' title='bbox 684 833 849 860; x_wconf 77' lang='grc' dir='ltr'>διατύπωσιν</span> <span class='ocrx_word' id='word_1_119' title='bbox 874 832 940 868; x_wconf 77' lang='grc' dir='ltr'><strong>ἄγε-</strong></span> 
     </span>
    </p>
   </div>
   <div class='ocr_carea' id='block_1_19' title="bbox 151 872 940 914">
    <p class='ocr_par' dir='ltr' id='par_1_19' title="bbox 151 872 940 914">
     <span class='ocr_line' id='line_1_19' title="bbox 151 872 940 914; baseline 0.011 -16"><span class='ocrx_word' id='word_1_120' title='bbox 151 872 212 900; x_wconf 81' lang='grc' dir='ltr'>σθαι</span> <span class='ocrx_word' id='word_1_121' title='bbox 226 874 306 900; x_wconf 80' lang='grc' dir='ltr'>τοῦτο</span> <span class='ocrx_word' id='word_1_122' title='bbox 321 876 337 910; x_wconf 90' lang='grc' dir='ltr'>ὴ</span> <span class='ocrx_word' id='word_1_123' title='bbox 351 874 411 903; x_wconf 80' lang='grc' dir='ltr'>θεία</span> <span class='ocrx_word' id='word_1_124' title='bbox 425 877 537 913; x_wconf 86' lang='grc' dir='ltr'>πρόνοια</span> <span class='ocrx_word' id='word_1_125' title='bbox 557 878 697 913; x_wconf 79' lang='grc' dir='ltr'>βούλεται,</span> <span class='ocrx_word' id='word_1_126' title='bbox 710 879 748 911; x_wconf 83' lang='grc' dir='ltr'><strong>ὡς</strong></span> <span class='ocrx_word' id='word_1_127' title='bbox 763 879 843 914; x_wconf 73' lang='grc' dir='ltr'>ἔγωγ’</span> <span class='ocrx_word' id='word_1_128' title='bbox 855 879 940 907; x_wconf 75' lang='grc' dir='ltr'>ἃπαν-</span> 
     </span>
    </p>
   </div>
   <div class='ocr_carea' id='block_1_20' title="bbox 148 921 474 960">
    <p class='ocr_par' dir='ltr' id='par_1_20' title="bbox 148 921 474 960">
     <span class='ocr_line' id='line_1_20' title="bbox 148 921 474 960; baseline 0.006 -10"><span class='ocrx_word' id='word_1_129' title='bbox 148 930 198 953; x_wconf 82' lang='grc' dir='ltr'>τας</span> <span class='ocrx_word' id='word_1_130' title='bbox 215 921 333 958; x_wconf 77' lang='grc' dir='ltr'>ἠγοῦμαι</span> <span class='ocrx_word' id='word_1_131' title='bbox 348 926 474 960; x_wconf 84' lang='grc' dir='ltr'>συνορᾷν.</span> 
     </span>
    </p>
   </div>
   <div class='ocr_carea' id='block_1_21' title="bbox 410 971 679 1000">
    <p class='ocr_par' dir='ltr' id='par_1_21' title="bbox 410 971 679 1000">
     <span class='ocr_line' id='line_1_21' title="bbox 410 971 679 1000; baseline 0.015 -4"><span class='ocrx_word' id='word_1_132' title='bbox 410 971 608 999; x_wconf 71' lang='grc' dir='ltr'><strong>ΚΕΦΛΛᾹΙΟΝ</strong></span> <span class='ocrx_word' id='word_1_133' title='bbox 628 972 679 1000; x_wconf 83' lang='grc' dir='ltr'><strong>ΙΘ¹.</strong></span> 
     </span>
    </p>
   </div>
   <div class='ocr_carea' id='block_1_22' title="bbox 168 1013 920 1055">
    <p class='ocr_par' dir='ltr' id='par_1_22' title="bbox 168 1013 920 1055">
     <span class='ocr_line' id='line_1_22' title="bbox 168 1013 920 1055; baseline 0.009 -16"><span class='ocrx_word' id='word_1_134' title='bbox 168 1013 350 1047; x_wconf 80' lang='grc' dir='ltr'><strong>Παραίνεσις</strong></span> <span class='ocrx_word' id='word_1_135' title='bbox 369 1014 582 1055; x_wconf 56' lang='grc' dir='ltr'><strong>ἐξακολουθεῖν</strong></span> <span class='ocrx_word' id='word_1_136' title='bbox 596 1017 719 1055; x_wconf 71' lang='grc' dir='ltr'><strong>μᾶλλον</strong></span> <span class='ocrx_word' id='word_1_137' title='bbox 734 1017 774 1051; x_wconf 86' lang='grc' dir='ltr'>τῷ</span> <span class='ocrx_word' id='word_1_138' title='bbox 787 1018 920 1052; x_wconf 73' lang='grc' dir='ltr'>πλείστῳ</span> 
     </span>
    </p>
   </div>
   <div class='ocr_carea' id='block_1_23' title="bbox 361 1052 725 1088">
    <p class='ocr_par' dir='ltr' id='par_1_23' title="bbox 361 1052 725 1088">
     <span class='ocr_line' id='line_1_23' title="bbox 361 1052 725 1088; baseline 0.011 -11"><span class='ocrx_word' id='word_1_139' title='bbox 361 1052 417 1085; x_wconf 79' lang='grc' dir='ltr'><strong>τῆς</strong></span> <span class='ocrx_word' id='word_1_140' title='bbox 436 1052 614 1087; x_wconf 69' lang='grc' dir='ltr'><strong>οἰκουμένης</strong></span> <span class='ocrx_word' id='word_1_141' title='bbox 632 1054 725 1088; x_wconf 81' lang='grc' dir='ltr'><strong>μέρει.</strong></span> 
     </span>
    </p>
   </div>
   <div class='ocr_carea' id='block_1_24' title="bbox 189 1106 938 1147">
    <p class='ocr_par' dir='ltr' id='par_1_24' title="bbox 189 1106 938 1147">
     <span class='ocr_line' id='line_1_24' title="bbox 189 1106 938 1147; baseline 0.007 -14"><span class='ocrx_word' id='word_1_142' title='bbox 189 1106 285 1134; x_wconf 74' lang='grc' dir='ltr'>ιὀθεν</span> <span class='ocrx_word' id='word_1_143' title='bbox 296 1107 388 1143; x_wconf 75' lang='grc' dir='ltr'>ἐπειδὴ</span> <span class='ocrx_word' id='word_1_144' title='bbox 399 1107 476 1135; x_wconf 80' lang='grc' dir='ltr'>τοῦθ’</span> <span class='ocrx_word' id='word_1_145' title='bbox 497 1107 584 1140; x_wconf 80' lang='grc' dir='ltr'>οὕτως</span> <span class='ocrx_word' id='word_1_146' title='bbox 613 1109 828 1144; x_wconf 78' lang='grc' dir='ltr'><strong>ἐπανορθοῦσθαι</strong></span> <span class='ocrx_word' id='word_1_147' title='bbox 852 1119 938 1147; x_wconf 86' lang='grc' dir='ltr'>προσ-</span> 
     </span>
    </p>
   </div>
   <div class='ocr_carea' id='block_1_25' title="bbox 146 1146 939 1190">
    <p class='ocr_par' dir='ltr' id='par_1_25' title="bbox 146 1146 939 1190">
     <span class='ocr_line' id='line_1_25' title="bbox 146 1146 939 1190; baseline 0.01 -15"><span class='ocrx_word' id='word_1_148' title='bbox 146 1146 234 1182; x_wconf 72' lang='grc' dir='ltr'>ῆκεν,</span> <span class='ocrx_word' id='word_1_149' title='bbox 253 1149 292 1181; x_wconf 86' lang='grc' dir='ltr'>ὡς</span> <span class='ocrx_word' id='word_1_150' title='bbox 310 1150 392 1186; x_wconf 85' lang='grc' dir='ltr'>μηδὲν</span> <span class='ocrx_word' id='word_1_151' title='bbox 408 1152 477 1187; x_wconf 79' lang='grc' dir='ltr'>μετὰ</span> <span class='ocrx_word' id='word_1_152' title='bbox 490 1153 537 1180; x_wconf 84' lang='grc' dir='ltr'><strong>τοῦ</strong></span> <span class='ocrx_word' id='word_1_153' title='bbox 557 1154 612 1181; x_wconf 85' lang='grc' dir='ltr'>τῶν</span> <span class='ocrx_word' id='word_1_154' title='bbox 632 1156 822 1190; x_wconf 83' lang='grc' dir='ltr'>πατροκτόνων</span> <span class='ocrx_word' id='word_1_155' title='bbox 843 1146 879 1182; x_wconf 18' lang='grc' dir='ltr'><strong>τεν</strong></span> <span class='ocrx_word' id='word_1_156' title='bbox 891 1154 939 1183; x_wconf 76' lang='grc' dir='ltr'><strong>καὶ</strong></span> 
     </span>
    </p>
   </div>
   <div class='ocr_carea' id='block_1_26' title="bbox 147 1195 939 1236">
    <p class='ocr_par' dir='ltr' id='par_1_26' title="bbox 147 1195 939 1236">
     <span class='ocr_line' id='line_1_26' title="bbox 147 1195 939 1236; baseline 0.013 -16"><span class='ocrx_word' id='word_1_157' title='bbox 147 1195 330 1231; x_wconf 78' lang='grc' dir='ltr'>κυριοκτόνων</span> <span class='ocrx_word' id='word_1_158' title='bbox 341 1197 453 1225; x_wconf 81' lang='grc' dir='ltr'>ἐκείνων</span> <span class='ocrx_word' id='word_1_159' title='bbox 463 1198 540 1231; x_wconf 74' lang='grc' dir='ltr'>ἔθους</span> <span class='ocrx_word' id='word_1_160' title='bbox 553 1198 622 1227; x_wconf 79' lang='grc' dir='ltr'>εἶναι</span> <span class='ocrx_word' id='word_1_161' title='bbox 634 1202 732 1235; x_wconf 80' lang='grc' dir='ltr'>κοινὸν,</span> <span class='ocrx_word' id='word_1_162' title='bbox 749 1201 806 1229; x_wconf 83' lang='grc' dir='ltr'>ἔστι</span> <span class='ocrx_word' id='word_1_163' title='bbox 822 1202 850 1229; x_wconf 88' lang='grc' dir='ltr'><strong>δὲ</strong></span> <span class='ocrx_word' id='word_1_164' title='bbox 862 1202 939 1236; x_wconf 81' lang='grc' dir='ltr'>τάξις</span> 
     </span>
    </p>
   </div>
   <div class='ocr_carea' id='block_1_27' title="bbox 148 1238 949 1283">
    <p class='ocr_par' dir='ltr' id='par_1_27' title="bbox 148 1238 949 1283">
     <span class='ocr_line' id='line_1_27' title="bbox 148 1238 949 1283; baseline 0.009 -15"><span class='ocrx_word' id='word_1_165' title='bbox 148 1238 298 1279; x_wconf 75' lang='grc' dir='ltr'>εὐπρεπὴς,</span> <span class='ocrx_word' id='word_1_166' title='bbox 314 1241 348 1278; x_wconf 77' lang='grc' dir='ltr'><strong>ἥν</strong></span> <span class='ocrx_word' id='word_1_167' title='bbox 363 1243 448 1271; x_wconf 75' lang='grc' dir='ltr'>πᾶσαι</span> <span class='ocrx_word' id='word_1_168' title='bbox 458 1245 485 1271; x_wconf 79' lang='grc' dir='ltr'><strong>αἱ</strong></span> <span class='ocrx_word' id='word_1_169' title='bbox 497 1244 550 1272; x_wconf 86' lang='grc' dir='ltr'><strong>τῶν</strong></span> <span class='ocrx_word' id='word_1_170' title='bbox 562 1245 678 1274; x_wconf 84' lang='grc' dir='ltr'>δυτικῶν</span> <span class='ocrx_word' id='word_1_171' title='bbox 688 1256 718 1274; x_wconf 84' lang='grc' dir='ltr'>τε</span> <span class='ocrx_word' id='word_1_172' title='bbox 731 1247 776 1274; x_wconf 78' lang='grc' dir='ltr'><strong>καὶ</strong></span> <span class='ocrx_word' id='word_1_173' title='bbox 790 1244 949 1283; x_wconf 70' lang='grc' dir='ltr'>μεσημϐριέ</span> 
     </span>
    </p>
   </div>
   <div class='ocr_carea' id='block_1_28' title="bbox 149 1288 938 1328">
    <p class='ocr_par' dir='ltr' id='par_1_28' title="bbox 149 1288 938 1328">
     <span class='ocr_line' id='line_1_28' title="bbox 149 1288 938 1328; baseline 0.006 -14"><span class='ocrx_word' id='word_1_174' title='bbox 149 1288 203 1314; x_wconf 81' lang='grc' dir='ltr'><strong>νῶν</strong></span> <span class='ocrx_word' id='word_1_175' title='bbox 220 1289 267 1315; x_wconf 80' lang='grc' dir='ltr'><strong>καὶ</strong></span> <span class='ocrx_word' id='word_1_176' title='bbox 279 1289 410 1326; x_wconf 81' lang='grc' dir='ltr'><strong>ἀρκτῴων</strong></span> <span class='ocrx_word' id='word_1_177' title='bbox 422 1291 471 1325; x_wconf 85' lang='grc' dir='ltr'><strong>τῆς</strong></span> <span class='ocrx_word' id='word_1_178' title='bbox 482 1291 643 1327; x_wconf 78' lang='grc' dir='ltr'>οἰκουμένης</span> <span class='ocrx_word' id='word_1_179' title='bbox 657 1292 745 1328; x_wconf 80' lang='grc' dir='ltr'>μερῶν</span> <span class='ocrx_word' id='word_1_180' title='bbox 763 1292 938 1328; x_wconf 81' lang='grc' dir='ltr'><strong>παραφυλάτ-</strong></span> 
     </span>
    </p>
   </div>
   <div class='ocr_carea' id='block_1_29' title="bbox 148 1335 940 1375">
    <p class='ocr_par' dir='ltr' id='par_1_29' title="bbox 148 1335 940 1375">
     <span class='ocr_line' id='line_1_29' title="bbox 148 1335 940 1375; baseline 0.005 -14"><span class='ocrx_word' id='word_1_181' title='bbox 148 1343 241 1362; x_wconf 86' lang='grc' dir='ltr'>τουσιν</span> <span class='ocrx_word' id='word_1_182' title='bbox 261 1335 429 1372; x_wconf 80' lang='grc' dir='ltr'>Ἐκκλησίαι,</span> <span class='ocrx_word' id='word_1_183' title='bbox 446 1337 493 1364; x_wconf 88' lang='grc' dir='ltr'>καί</span> <span class='ocrx_word' id='word_1_184' title='bbox 504 1346 578 1370; x_wconf 86' lang='grc' dir='ltr'>τινες</span> <span class='ocrx_word' id='word_1_185' title='bbox 593 1338 647 1365; x_wconf 85' lang='grc' dir='ltr'><strong>τῶν</strong></span> <span class='ocrx_word' id='word_1_186' title='bbox 660 1339 730 1366; x_wconf 83' lang='grc' dir='ltr'>κατὰ</span> <span class='ocrx_word' id='word_1_187' title='bbox 745 1339 794 1375; x_wconf 86' lang='grc' dir='ltr'><strong>τὴν</strong></span> <span class='ocrx_word' id='word_1_188' title='bbox 813 1339 883 1375; x_wconf 75' lang='grc' dir='ltr'>ἑῴαν</span> <span class='ocrx_word' id='word_1_189' title='bbox 894 1339 940 1365; x_wconf 82' lang='grc' dir='ltr'>τό-</span> 
     </span>
    </p>
   </div>
   <div class='ocr_carea' id='block_1_30' title="bbox 149 1382 938 1420">
    <p class='ocr_par' dir='ltr' id='par_1_30' title="bbox 149 1382 938 1420">
     <span class='ocr_line' id='line_1_30' title="bbox 149 1382 938 1420; baseline 0.005 -12"><span class='ocrx_word' id='word_1_190' title='bbox 149 1390 218 1414; x_wconf 86' lang='grc' dir='ltr'>πων,</span> <span class='ocrx_word' id='word_1_191' title='bbox 241 1382 337 1409; x_wconf 84' lang='grc' dir='ltr'>τούτου</span> <span class='ocrx_word' id='word_1_192' title='bbox 361 1382 454 1410; x_wconf 66' lang='grc' dir='ltr'>ἕνεκεν</span> <span class='ocrx_word' id='word_1_193' title='bbox 477 1384 532 1420; x_wconf 88' lang='grc'><strong>(70)</strong></span> <span class='ocrx_word' id='word_1_194' title='bbox 550 1385 596 1411; x_wconf 76' lang='grc' dir='ltr'><strong>ἐπὶ</strong></span> <span class='ocrx_word' id='word_1_195' title='bbox 619 1384 667 1411; x_wconf 77' lang='grc' dir='ltr'><strong>τοῦ</strong></span> <span class='ocrx_word' id='word_1_196' title='bbox 692 1385 825 1420; x_wconf 81' lang='grc' dir='ltr'>παρόντος</span> <span class='ocrx_word' id='word_1_197' title='bbox 848 1386 938 1418; x_wconf 86' lang='grc' dir='ltr'>καλῶς</span> 
     </span>
    </p>
   </div>
   <div class='ocr_carea' id='block_1_31' title="bbox 148 1427 938 1469">
    <p class='ocr_par' dir='ltr' id='par_1_31' title="bbox 148 1427 938 1469">
     <span class='ocr_line' id='line_1_31' title="bbox 148 1427 938 1469; baseline 0.009 -16"><span class='ocrx_word' id='word_1_198' title='bbox 148 1427 221 1462; x_wconf 73' lang='grc' dir='ltr'>ἔχειν</span> <span class='ocrx_word' id='word_1_199' title='bbox 236 1427 353 1460; x_wconf 76' lang='grc' dir='ltr'>ἅπαντες</span> <span class='ocrx_word' id='word_1_200' title='bbox 377 1430 530 1465; x_wconf 81' lang='grc' dir='ltr'><strong>ἡγήσαντο·</strong></span> <span class='ocrx_word' id='word_1_201' title='bbox 553 1431 599 1457; x_wconf 75' lang='grc' dir='ltr'>καὶ</span> <span class='ocrx_word' id='word_1_202' title='bbox 622 1431 703 1464; x_wconf 79' lang='grc' dir='ltr'>αὐτὸς</span> <span class='ocrx_word' id='word_1_203' title='bbox 723 1433 752 1459; x_wconf 76' lang='grc' dir='ltr'>δὲ</span> <span class='ocrx_word' id='word_1_204' title='bbox 767 1434 799 1468; x_wconf 84' lang='grc' dir='ltr'>τῇ</span> <span class='ocrx_word' id='word_1_205' title='bbox 818 1433 938 1469; x_wconf 68' lang='grc' dir='ltr'>ὑμετέρᾳ</span> 
     </span>
    </p>
   </div>
   <div class='ocr_carea' id='block_1_32' title="bbox 149 1475 938 1515">
    <p class='ocr_par' dir='ltr' id='par_1_32' title="bbox 149 1475 938 1515">
     <span class='ocr_line' id='line_1_32' title="bbox 149 1475 938 1515; baseline 0.008 -15"><span class='ocrx_word' id='word_1_206' title='bbox 149 1475 276 1510; x_wconf 78' lang='grc' dir='ltr'>ἀγχινοίᾳ</span> <span class='ocrx_word' id='word_1_207' title='bbox 289 1475 396 1511; x_wconf 82' lang='grc' dir='ltr'>ἀρέσειν</span> <span class='ocrx_word' id='word_1_208' title='bbox 411 1476 579 1512; x_wconf 78' lang='grc' dir='ltr'>ὑπεσχόμην,</span> <span class='ocrx_word' id='word_1_209' title='bbox 597 1477 630 1504; x_wconf 81' lang='grc' dir='ltr'><strong>ἵν’</strong></span> <span class='ocrx_word' id='word_1_210' title='bbox 643 1478 711 1514; x_wconf 85' lang='grc' dir='ltr'>ὅπερ</span> <span class='ocrx_word' id='word_1_211' title='bbox 726 1479 749 1505; x_wconf 76' lang='grc' dir='ltr'>δ’</span> <span class='ocrx_word' id='word_1_212' title='bbox 761 1479 793 1505; x_wconf 85' lang='grc' dir='ltr'><strong>ἂν</strong></span> <span class='ocrx_word' id='word_1_213' title='bbox 806 1479 877 1506; x_wconf 79' lang='grc' dir='ltr'>κατὰ</span> <span class='ocrx_word' id='word_1_214' title='bbox 890 1479 938 1515; x_wconf 82' lang='grc' dir='ltr'>τὴν</span> 
     </span>
    </p>
   </div>
   <div class='ocr_carea' id='block_1_33' title="bbox 149 1520 938 1560">
    <p class='ocr_par' dir='ltr' id='par_1_33' title="bbox 149 1520 938 1560">
     <span class='ocr_line' id='line_1_33' title="bbox 149 1520 938 1560; baseline 0.006 -13"><span class='ocrx_word' id='word_1_215' title='bbox 149 1520 204 1548; x_wconf 84' lang='grc' dir='ltr'>τῶν</span> <span class='ocrx_word' id='word_1_216' title='bbox 223 1521 365 1557; x_wconf 86' lang='grc' dir='ltr'>Ῥωμαίων</span> <span class='ocrx_word' id='word_1_217' title='bbox 388 1522 465 1549; x_wconf 89' lang='grc' dir='ltr'>πόλιν</span> <span class='ocrx_word' id='word_1_218' title='bbox 487 1531 517 1548; x_wconf 88' lang='grc' dir='ltr'><strong>τε</strong></span> <span class='ocrx_word' id='word_1_219' title='bbox 540 1524 586 1550; x_wconf 73' lang='grc' dir='ltr'>καὶ</span> <span class='ocrx_word' id='word_1_220' title='bbox 604 1524 750 1560; x_wconf 79' lang='grc' dir='ltr'>Ἀφρικὴν,</span> <span class='ocrx_word' id='word_1_221' title='bbox 774 1524 887 1552; x_wconf 85' lang='grc' dir='ltr'>Ἰταλίαν</span> <span class='ocrx_word' id='word_1_222' title='bbox 907 1534 938 1552; x_wconf 87' lang='grc' dir='ltr'><strong>τε</strong></span> 
     </span>
    </p>
   </div>
   <div class='ocr_carea' id='block_1_34' title="bbox 991 272 1777 309">
    <p class='ocr_par' dir='ltr' id='par_1_34' title="bbox 991 272 1777 309">
     <span class='ocr_line' id='line_1_34' title="bbox 991 272 1777 309; baseline -0.004 -7"><span class='ocrx_word' id='word_1_223' title='bbox 991 275 1033 302; x_wconf 83' lang='lat' dir='ltr'><strong>sio</strong></span> <span class='ocrx_word' id='word_1_224' title='bbox 1047 274 1209 309; x_wconf 75' lang='lat' dir='ltr'><strong>reperiatur.</strong></span> <span class='ocrx_word' id='word_1_225' title='bbox 1219 273 1309 301; x_wconf 91' lang='lat' dir='ltr'><strong>Unum</strong></span> <span class='ocrx_word' id='word_1_226' title='bbox 1321 274 1393 301; x_wconf 90' lang='lat' dir='ltr'><strong>enim</strong></span> <span class='ocrx_word' id='word_1_227' title='bbox 1409 273 1542 300; x_wconf 85' lang='lat' dir='ltr'><strong>libertatis</strong></span> <span class='ocrx_word' id='word_1_228' title='bbox 1562 278 1664 301; x_wconf 72' lang='lat' dir='ltr'><strong>nostrae</strong></span> <span class='ocrx_word' id='word_1_229' title='bbox 1679 272 1777 301; x_wconf 77' lang='lat' dir='ltr'><strong>festum</strong></span> 
     </span>
    </p>
   </div>
   <div class='ocr_carea' id='block_1_35' title="bbox 991 318 1779 355">
    <p class='ocr_par' dir='ltr' id='par_1_35' title="bbox 991 318 1779 355">
     <span class='ocr_line' id='line_1_35' title="bbox 991 318 1779 355; baseline -0.005 -7"><span class='ocrx_word' id='word_1_230' title='bbox 991 320 1074 353; x_wconf 86' lang='lat' dir='ltr'><strong>diem,</strong></span> <span class='ocrx_word' id='word_1_231' title='bbox 1084 320 1134 347; x_wconf 89' lang='lat' dir='ltr'><strong>hoc</strong></span> <span class='ocrx_word' id='word_1_232' title='bbox 1159 323 1199 348; x_wconf 86' lang='lat' dir='ltr'><strong>est</strong></span> <span class='ocrx_word' id='word_1_233' title='bbox 1213 319 1282 348; x_wconf 86' lang='lat' dir='ltr'><strong>diem</strong></span> <span class='ocrx_word' id='word_1_234' title='bbox 1292 320 1483 348; x_wconf 74' lang='lat' dir='ltr'><strong>sacratissima:</strong></span> <span class='ocrx_word' id='word_1_235' title='bbox 1496 319 1641 355; x_wconf 86' lang='lat' dir='ltr'><strong>passionis,</strong></span> <span class='ocrx_word' id='word_1_236' title='bbox 1649 318 1779 346; x_wconf 78' lang='lat' dir='ltr'><strong>Servatur</strong></span> 
     </span>
    </p>
   </div>
   <div class='ocr_carea' id='block_1_36' title="bbox 990 365 1780 402">
    <p class='ocr_par' dir='ltr' id='par_1_36' title="bbox 990 365 1780 402">
     <span class='ocr_line' id='line_1_36' title="bbox 990 365 1780 402; baseline -0.005 -8"><span class='ocrx_word' id='word_1_237' title='bbox 990 371 1085 394; x_wconf 83' lang='lat' dir='ltr'><strong>noster</strong></span> <span class='ocrx_word' id='word_1_238' title='bbox 1101 365 1179 394; x_wconf 85' lang='lat' dir='ltr'><strong>nobis</strong></span> <span class='ocrx_word' id='word_1_239' title='bbox 1201 366 1323 402; x_wconf 90' lang='lat' dir='ltr'><strong>reliquit,</strong></span> <span class='ocrx_word' id='word_1_240' title='bbox 1340 373 1477 402; x_wconf 85' lang='lat' dir='ltr'><strong>unamque</strong></span> <span class='ocrx_word' id='word_1_241' title='bbox 1491 374 1551 394; x_wconf 87' lang='lat' dir='ltr'><strong>esse</strong></span> <span class='ocrx_word' id='word_1_242' title='bbox 1561 365 1647 393; x_wconf 83' lang='lat' dir='ltr'><strong>voluit</strong></span> <span class='ocrx_word' id='word_1_243' title='bbox 1664 365 1780 392; x_wconf 79' lang='lat' dir='ltr'><strong>catholi-</strong></span> 
     </span>
    </p>
   </div>
   <div class='ocr_carea' id='block_1_37' title="bbox 991 411 1779 448">
    <p class='ocr_par' dir='ltr' id='par_1_37' title="bbox 991 411 1779 448">
     <span class='ocr_line' id='line_1_37' title="bbox 991 411 1779 448; baseline -0.004 -7"><span class='ocrx_word' id='word_1_244' title='bbox 991 420 1051 441; x_wconf 89' lang='lat' dir='ltr'><strong>cam</strong></span> <span class='ocrx_word' id='word_1_245' title='bbox 1079 412 1240 441; x_wconf 87' lang='lat' dir='ltr'><strong>Ecclesiam.</strong></span> <span class='ocrx_word' id='word_1_246' title='bbox 1265 412 1350 448; x_wconf 83' lang='lat' dir='ltr'><strong>Cujus</strong></span> <span class='ocrx_word' id='word_1_247' title='bbox 1377 413 1509 445; x_wconf 89' lang='lat' dir='ltr'><strong>membra,</strong></span> <span class='ocrx_word' id='word_1_248' title='bbox 1527 412 1589 440; x_wconf 83' lang='lat' dir='ltr'><strong>licet</strong></span> <span class='ocrx_word' id='word_1_249' title='bbox 1604 411 1688 439; x_wconf 73' lang='lat' dir='ltr'><strong>variis</strong></span> <span class='ocrx_word' id='word_1_250' title='bbox 1711 411 1779 438; x_wconf 80' lang='lat' dir='ltr'><strong>locis</strong></span> 
     </span>
    </p>
   </div>
   <div class='ocr_carea' id='block_1_38' title="bbox 992 457 1778 495">
    <p class='ocr_par' dir='ltr' id='par_1_38' title="bbox 992 457 1778 495">
     <span class='ocr_line' id='line_1_38' title="bbox 992 457 1778 495; baseline -0.006 -7"><span class='ocrx_word' id='word_1_251' title='bbox 992 460 1114 495; x_wconf 87' lang='lat' dir='ltr'><strong>dispersa</strong></span> <span class='ocrx_word' id='word_1_252' title='bbox 1139 459 1215 490; x_wconf 80' lang='lat' dir='ltr'><strong>sint,</strong></span> <span class='ocrx_word' id='word_1_253' title='bbox 1245 466 1300 485; x_wconf 91' lang='lat' dir='ltr'><strong>uno</strong></span> <span class='ocrx_word' id='word_1_254' title='bbox 1327 462 1414 485; x_wconf 90' lang='lat' dir='ltr'><strong>tamen</strong></span> <span class='ocrx_word' id='word_1_255' title='bbox 1450 458 1566 492; x_wconf 84' lang='lat' dir='ltr'><strong>spiritu,</strong></span> <span class='ocrx_word' id='word_1_256' title='bbox 1595 457 1643 485; x_wconf 89' lang='lat' dir='ltr'><strong>Dei</strong></span> <span class='ocrx_word' id='word_1_257' title='bbox 1670 457 1778 485; x_wconf 72' lang='lat' dir='ltr'><strong>scilicet</strong></span> 
     </span>
    </p>
   </div>
   <div class='ocr_carea' id='block_1_39' title="bbox 990 504 1778 539">
    <p class='ocr_par' dir='ltr' id='par_1_39' title="bbox 990 504 1778 539">
     <span class='ocr_line' id='line_1_39' title="bbox 990 504 1778 539; baseline -0.003 -7"><span class='ocrx_word' id='word_1_258' title='bbox 990 506 1141 539; x_wconf 83' lang='lat' dir='ltr'><strong>voluntate,</strong></span> <span class='ocrx_word' id='word_1_259' title='bbox 1171 505 1308 533; x_wconf 88' lang='lat' dir='ltr'><strong>foventur.</strong></span> <span class='ocrx_word' id='word_1_260' title='bbox 1341 504 1520 535; x_wconf 83' lang='lat' dir='ltr'><strong>Consideret,</strong></span> <span class='ocrx_word' id='word_1_261' title='bbox 1547 510 1649 538; x_wconf 71' lang='lat' dir='ltr'><strong>quaaso,</strong></span> <span class='ocrx_word' id='word_1_262' title='bbox 1678 507 1778 531; x_wconf 76' lang='lat' dir='ltr'><strong>vestrae</strong></span> 
     </span>
    </p>
   </div>
   <div class='ocr_carea' id='block_1_40' title="bbox 989 548 1776 585">
    <p class='ocr_par' dir='ltr' id='par_1_40' title="bbox 989 548 1776 585">
     <span class='ocr_line' id='line_1_40' title="bbox 989 548 1776 585; baseline -0.006 -5"><span class='ocrx_word' id='word_1_263' title='bbox 989 552 1143 580; x_wconf 81' lang='lat' dir='ltr'><strong>sanctitatis</strong></span> <span class='ocrx_word' id='word_1_264' title='bbox 1164 550 1284 584; x_wconf 81' lang='lat' dir='ltr'><strong>solertia,</strong></span> <span class='ocrx_word' id='word_1_265' title='bbox 1308 557 1390 585; x_wconf 90' lang='lat' dir='ltr'><strong>quam</strong></span> <span class='ocrx_word' id='word_1_266' title='bbox 1415 556 1498 584; x_wconf 78' lang='lat' dir='ltr'><strong>grave</strong></span> <span class='ocrx_word' id='word_1_267' title='bbox 1513 549 1548 576; x_wconf 89' lang='lat' dir='ltr'><strong>sit</strong></span> <span class='ocrx_word' id='word_1_268' title='bbox 1565 552 1592 576; x_wconf 85' lang='lat' dir='ltr'><strong>et</strong></span> <span class='ocrx_word' id='word_1_269' title='bbox 1609 548 1776 580; x_wconf 84' lang='lat' dir='ltr'><strong>indecorum,</strong></span> 
     </span>
    </p>
   </div>
   <div class='ocr_carea' id='block_1_41' title="bbox 990 595 1775 631">
    <p class='ocr_par' dir='ltr' id='par_1_41' title="bbox 990 595 1775 631">
     <span class='ocr_line' id='line_1_41' title="bbox 990 595 1775 631; baseline -0.004 -6"><span class='ocrx_word' id='word_1_270' title='bbox 990 598 1087 626; x_wconf 78' lang='lat' dir='ltr'><strong>iisdem</strong></span> <span class='ocrx_word' id='word_1_271' title='bbox 1105 598 1201 625; x_wconf 87' lang='lat' dir='ltr'><strong>diebus</strong></span> <span class='ocrx_word' id='word_1_272' title='bbox 1224 597 1293 625; x_wconf 91' lang='lat' dir='ltr'><strong>alios</strong></span> <span class='ocrx_word' id='word_1_273' title='bbox 1316 596 1425 631; x_wconf 80' lang='lat' dir='ltr'><strong>quidem</strong></span> <span class='ocrx_word' id='word_1_274' title='bbox 1439 595 1552 631; x_wconf 82' lang='lat' dir='ltr'><strong>jejuniis</strong></span> <span class='ocrx_word' id='word_1_275' title='bbox 1571 595 1691 624; x_wconf 83' lang='lat' dir='ltr'><strong>intentos</strong></span> <span class='ocrx_word' id='word_1_276' title='bbox 1704 602 1775 627; x_wconf 76' lang='lat' dir='ltr'><strong>esse,</strong></span> 
     </span>
    </p>
   </div>
   <div class='ocr_carea' id='block_1_42' title="bbox 990 641 1776 676">
    <p class='ocr_par' dir='ltr' id='par_1_42' title="bbox 990 641 1776 676">
     <span class='ocr_line' id='line_1_42' title="bbox 990 641 1776 676; baseline -0.003 -5"><span class='ocrx_word' id='word_1_277' title='bbox 990 643 1058 671; x_wconf 89' lang='lat' dir='ltr'><strong>alios</strong></span> <span class='ocrx_word' id='word_1_278' title='bbox 1071 651 1135 671; x_wconf 88' lang='lat' dir='ltr'><strong>vero</strong></span> <span class='ocrx_word' id='word_1_279' title='bbox 1153 643 1275 671; x_wconf 88' lang='lat' dir='ltr'><strong>convivia</strong></span> <span class='ocrx_word' id='word_1_280' title='bbox 1291 642 1450 670; x_wconf 89' lang='lat' dir='ltr'><strong>celebrare:</strong></span> <span class='ocrx_word' id='word_1_281' title='bbox 1466 645 1493 669; x_wconf 92' lang='lat' dir='ltr'><strong>et</strong></span> <span class='ocrx_word' id='word_1_282' title='bbox 1505 646 1565 676; x_wconf 88' lang='lat' dir='ltr'><strong>post</strong></span> <span class='ocrx_word' id='word_1_283' title='bbox 1580 641 1637 669; x_wconf 92' lang='lat' dir='ltr'><strong>dies</strong></span> <span class='ocrx_word' id='word_1_284' title='bbox 1653 641 1776 675; x_wconf 70' lang='lat' dir='ltr'><strong>PaSchm,</strong></span> 
     </span>
    </p>
   </div>
   <div class='ocr_carea' id='block_1_43' title="bbox 991 686 1777 724">
    <p class='ocr_par' dir='ltr' id='par_1_43' title="bbox 991 686 1777 724">
     <span class='ocr_line' id='line_1_43' title="bbox 991 686 1777 724; baseline -0.001 -7"><span class='ocrx_word' id='word_1_285' title='bbox 991 689 1060 717; x_wconf 81' lang='lat' dir='ltr'><strong>alios</strong></span> <span class='ocrx_word' id='word_1_286' title='bbox 1083 689 1192 724; x_wconf 88' lang='lat' dir='ltr'><strong>quidem</strong></span> <span class='ocrx_word' id='word_1_287' title='bbox 1210 686 1236 717; x_wconf 87' lang='lat' dir='ltr'><strong>iu</strong></span> <span class='ocrx_word' id='word_1_288' title='bbox 1263 688 1455 716; x_wconf 81' lang='lat' dir='ltr'><strong>festivitatibus</strong></span> <span class='ocrx_word' id='word_1_289' title='bbox 1469 693 1496 716; x_wconf 89' lang='lat' dir='ltr'><strong>et</strong></span> <span class='ocrx_word' id='word_1_290' title='bbox 1511 688 1664 716; x_wconf 79' lang='lat' dir='ltr'><strong>aiiimorum</strong></span> <span class='ocrx_word' id='word_1_291' title='bbox 1680 689 1777 716; x_wconf 89' lang='lat' dir='ltr'><strong>remis-</strong></span> 
     </span>
    </p>
   </div>
   <div class='ocr_carea' id='block_1_44' title="bbox 990 734 1772 770">
    <p class='ocr_par' dir='ltr' id='par_1_44' title="bbox 990 734 1772 770">
     <span class='ocr_line' id='line_1_44' title="bbox 990 734 1772 770; baseline -0.004 -5"><span class='ocrx_word' id='word_1_292' title='bbox 990 737 1067 765; x_wconf 74' lang='lat' dir='ltr'><strong>sione</strong></span> <span class='ocrx_word' id='word_1_293' title='bbox 1085 736 1198 770; x_wconf 83' lang='lat' dir='ltr'><strong>versari,</strong></span> <span class='ocrx_word' id='word_1_294' title='bbox 1215 736 1285 764; x_wconf 89' lang='lat' dir='ltr'><strong>alios</strong></span> <span class='ocrx_word' id='word_1_295' title='bbox 1305 743 1369 764; x_wconf 79' lang='lat' dir='ltr'><strong>vero</strong></span> <span class='ocrx_word' id='word_1_296' title='bbox 1393 735 1512 763; x_wconf 87' lang='lat' dir='ltr'><strong>deﬁnitis</strong></span> <span class='ocrx_word' id='word_1_297' title='bbox 1528 742 1630 763; x_wconf 83' lang='lat' dir='ltr'><strong>vacare</strong></span> <span class='ocrx_word' id='word_1_298' title='bbox 1652 734 1772 769; x_wconf 84' lang='lat' dir='ltr'><strong>jejuniis.</strong></span> 
     </span>
    </p>
   </div>
   <div class='ocr_carea' id='block_1_45' title="bbox 990 782 1780 819">
    <p class='ocr_par' dir='ltr' id='par_1_45' title="bbox 990 782 1780 819">
     <span class='ocr_line' id='line_1_45' title="bbox 990 782 1780 819; baseline 0 -9"><span class='ocrx_word' id='word_1_299' title='bbox 990 783 1048 811; x_wconf 83' lang='lat' dir='ltr'><strong>Hoc</strong></span> <span class='ocrx_word' id='word_1_300' title='bbox 1063 783 1153 819; x_wconf 82' lang='lat' dir='ltr'><strong>itaque</strong></span> <span class='ocrx_word' id='word_1_301' title='bbox 1176 783 1349 812; x_wconf 87' lang='lat' dir='ltr'><strong>convenienti</strong></span> <span class='ocrx_word' id='word_1_302' title='bbox 1375 783 1563 811; x_wconf 89' lang='lat' dir='ltr'><strong>emendatione</strong></span> <span class='ocrx_word' id='word_1_303' title='bbox 1578 782 1691 816; x_wconf 76' lang='lat' dir='ltr'><strong>corrigi,</strong></span> <span class='ocrx_word' id='word_1_304' title='bbox 1705 785 1732 809; x_wconf 86' lang='lat' dir='ltr'><strong>et</strong></span> <span class='ocrx_word' id='word_1_305' title='bbox 1746 782 1780 810; x_wconf 87' lang='lat' dir='ltr'><strong>ad</strong></span> 
     </span>
    </p>
   </div>
   <div class='ocr_carea' id='block_1_46' title="bbox 989 827 1776 867">
    <p class='ocr_par' dir='ltr' id='par_1_46' title="bbox 989 827 1776 867">
     <span class='ocr_line' id='line_1_46' title="bbox 989 827 1776 867; baseline -0.003 -10"><span class='ocrx_word' id='word_1_306' title='bbox 989 837 1070 857; x_wconf 91' lang='lat' dir='ltr'><strong>unam</strong></span> <span class='ocrx_word' id='word_1_307' title='bbox 1088 830 1266 867; x_wconf 80' lang='lat' dir='ltr'><strong>eamdemque</strong></span> <span class='ocrx_word' id='word_1_308' title='bbox 1283 829 1397 858; x_wconf 88' lang='lat' dir='ltr'><strong>formam</strong></span> <span class='ocrx_word' id='word_1_309' title='bbox 1413 831 1510 865; x_wconf 79' lang='lat' dir='ltr'><strong>redigi,</strong></span> <span class='ocrx_word' id='word_1_310' title='bbox 1527 830 1618 857; x_wconf 86' lang='lat' dir='ltr'><strong>divina</strong></span> <span class='ocrx_word' id='word_1_311' title='bbox 1639 829 1696 856; x_wconf 69' lang='lat' dir='ltr'><strong>vult</strong></span> <span class='ocrx_word' id='word_1_312' title='bbox 1711 827 1776 855; x_wconf 90' lang='lat' dir='ltr'><strong>Pro-</strong></span> 
     </span>
    </p>
   </div>
   <div class='ocr_carea' id='block_1_47' title="bbox 991 874 1775 912">
    <p class='ocr_par' dir='ltr' id='par_1_47' title="bbox 991 874 1775 912">
     <span class='ocr_line' id='line_1_47' title="bbox 991 874 1775 912; baseline -0.003 -8"><span class='ocrx_word' id='word_1_313' title='bbox 991 876 1121 909; x_wconf 84' lang='lat' dir='ltr'><strong>videntia,</strong></span> <span class='ocrx_word' id='word_1_314' title='bbox 1131 876 1359 911; x_wconf 86' lang='lat' dir='ltr'><strong>quemadmodum</strong></span> <span class='ocrx_word' id='word_1_315' title='bbox 1373 883 1467 905; x_wconf 86' lang='lat' dir='ltr'><strong>omnes</strong></span> <span class='ocrx_word' id='word_1_316' title='bbox 1481 884 1542 904; x_wconf 90' lang='lat' dir='ltr'><strong>meo</strong></span> <span class='ocrx_word' id='word_1_317' title='bbox 1554 874 1775 912; x_wconf 86' lang='lat' dir='ltr'><strong>quidemjudicio</strong></span> 
     </span>
    </p>
   </div>
   <div class='ocr_carea' id='block_1_48' title="bbox 990 921 1151 957">
    <p class='ocr_par' dir='ltr' id='par_1_48' title="bbox 990 921 1151 957">
     <span class='ocr_line' id='line_1_48' title="bbox 990 921 1151 957; baseline 0.012 -7"><span class='ocrx_word' id='word_1_318' title='bbox 990 921 1151 957; x_wconf 78' lang='lat' dir='ltr'><strong>intelligitis.</strong></span> 
     </span>
    </p>
   </div>
   <div class='ocr_carea' id='block_1_49' title="bbox 1278 967 1484 996">
    <p class='ocr_par' dir='ltr' id='par_1_49' title="bbox 1278 967 1484 996">
     <span class='ocr_line' id='line_1_49' title="bbox 1278 967 1484 996; baseline 0 0"><span class='ocrx_word' id='word_1_319' title='bbox 1278 967 1392 996; x_wconf 75' lang='lat' dir='ltr'><strong>CAPUT</strong></span> <span class='ocrx_word' id='word_1_320' title='bbox 1412 967 1484 996; x_wconf 75' lang='lat' dir='ltr'><strong>XIX.</strong></span> 
     </span>
    </p>
   </div>
   <div class='ocr_carea' id='block_1_50' title="bbox 989 1012 1773 1075">
    <p class='ocr_par' dir='ltr' id='par_1_50' title="bbox 989 1012 1773 1075">
     <span class='ocr_line' id='line_1_50' title="bbox 989 1012 1773 1075; baseline -0.001 -33"><span class='ocrx_word' id='word_1_321' title='bbox 989 1012 1115 1044; x_wconf 73' lang='lat' dir='ltr'><strong>Hortatio</strong></span> <span class='ocrx_word' id='word_1_322' title='bbox 1133 1018 1162 1043; x_wconf 82' lang='lat' dir='ltr'><strong>ut</strong></span> <span class='ocrx_word' id='word_1_323' title='bbox 1182 1015 1328 1043; x_wconf 69' lang='lat' dir='ltr'><strong>maximam</strong></span> <span class='ocrx_word' id='word_1_324' title='bbox 1347 1019 1448 1075; x_wconf 61' lang='grc' dir='ltr'><strong>νῗγιῗηι</strong></span> <span class='ocrx_word' id='word_1_325' title='bbox 1464 1015 1534 1041; x_wconf 71' lang='lat' dir='ltr'><strong>orbis</strong></span> <span class='ocrx_word' id='word_1_326' title='bbox 1555 1018 1686 1041; x_wconf 79' lang='lat' dir='ltr'><strong>terrarum</strong></span> <span class='ocrx_word' id='word_1_327' title='bbox 1701 1014 1773 1048; x_wconf 71' lang='lat' dir='ltr'><strong>aequi</strong></span> 
     </span>
     <span class='ocr_line' id='line_1_51' title="bbox 1337 1057 1425 1075; baseline 0 0"><span class='ocrx_word' id='word_1_328' title='bbox 1337 1058 1364 1075; x_wconf 71' lang='grc' dir='ltr'>ιιι</span> <span class='ocrx_word' id='word_1_329' title='bbox 1377 1057 1403 1075; x_wconf 82' lang='grc'><strong>117</strong></span> <span class='ocrx_word' id='word_1_330' title='bbox 1419 1069 1425 1075; x_wconf 96' lang='grc'>.</span> 
     </span>
    </p>
   </div>
   <div class='ocr_carea' id='block_1_51' title="bbox 1337 1054 1425 1077">
    <p class='ocr_par' dir='ltr' id='par_1_51' title="bbox 1337 1054 1425 1077">
     <span class='ocr_line' id='line_1_52' title="bbox 1337 1054 1425 1077; baseline 0 0"><span class='ocrx_word' id='word_1_331' title='bbox 1337 1054 1425 1077; x_wconf 76' lang='lat' dir='ltr'><strong>uelint.</strong></span> 
     </span>
    </p>
   </div>
   <div class='ocr_carea' id='block_1_52' title="bbox 1027 1106 1777 1141">
    <p class='ocr_par' dir='ltr' id='par_1_52' title="bbox 1027 1106 1777 1141">
     <span class='ocr_line' id='line_1_53' title="bbox 1027 1106 1777 1141; baseline -0.004 -5"><span class='ocrx_word' id='word_1_332' title='bbox 1027 1107 1165 1136; x_wconf 71' lang='lat' dir='ltr'><strong>«Proinde</strong></span> <span class='ocrx_word' id='word_1_333' title='bbox 1176 1115 1238 1136; x_wconf 92' lang='lat' dir='ltr'><strong>cum</strong></span> <span class='ocrx_word' id='word_1_334' title='bbox 1257 1107 1310 1136; x_wconf 87' lang='lat' dir='ltr'><strong>hoc</strong></span> <span class='ocrx_word' id='word_1_335' title='bbox 1337 1106 1374 1135; x_wconf 88' lang='lat' dir='ltr'><strong>ita</strong></span> <span class='ocrx_word' id='word_1_336' title='bbox 1402 1107 1541 1134; x_wconf 88' lang='lat' dir='ltr'><strong>emendari</strong></span> <span class='ocrx_word' id='word_1_337' title='bbox 1570 1110 1721 1141; x_wconf 86' lang='lat' dir='ltr'><strong>oporteret,</strong></span> <span class='ocrx_word' id='word_1_338' title='bbox 1746 1110 1777 1133; x_wconf 90' lang='lat' dir='ltr'><strong>ut</strong></span> 
     </span>
    </p>
   </div>
   <div class='ocr_carea' id='block_1_53' title="bbox 988 1151 1775 1181">
    <p class='ocr_par' dir='ltr' id='par_1_53' title="bbox 988 1151 1775 1181">
     <span class='ocr_line' id='line_1_54' title="bbox 988 1151 1775 1181; baseline -0.004 0"><span class='ocrx_word' id='word_1_339' title='bbox 988 1152 1058 1181; x_wconf 89' lang='lat' dir='ltr'><strong>nihil</strong></span> <span class='ocrx_word' id='word_1_340' title='bbox 1083 1152 1164 1180; x_wconf 86' lang='lat' dir='ltr'><strong>nobis</strong></span> <span class='ocrx_word' id='word_1_341' title='bbox 1187 1159 1334 1181; x_wconf 87' lang='lat' dir='ltr'><strong>commune</strong></span> <span class='ocrx_word' id='word_1_342' title='bbox 1358 1156 1431 1179; x_wconf 88' lang='lat' dir='ltr'><strong>esset</strong></span> <span class='ocrx_word' id='word_1_343' title='bbox 1457 1158 1520 1179; x_wconf 89' lang='lat' dir='ltr'><strong>eum</strong></span> <span class='ocrx_word' id='word_1_344' title='bbox 1537 1151 1646 1179; x_wconf 93' lang='lat' dir='ltr'><strong>illorum</strong></span> <span class='ocrx_word' id='word_1_345' title='bbox 1668 1151 1775 1179; x_wconf 90' lang='lat' dir='ltr'><strong>Domini</strong></span> 
     </span>
    </p>
   </div>
   <div class='ocr_carea' id='block_1_54' title="bbox 988 1197 1778 1233">
    <p class='ocr_par' dir='ltr' id='par_1_54' title="bbox 988 1197 1778 1233">
     <span class='ocr_line' id='line_1_55' title="bbox 988 1197 1778 1233; baseline -0.003 -6"><span class='ocrx_word' id='word_1_346' title='bbox 988 1198 1193 1228; x_wconf 82' lang='lat' dir='ltr'><strong>interfectorum</strong></span> <span class='ocrx_word' id='word_1_347' title='bbox 1206 1203 1234 1225; x_wconf 90' lang='lat' dir='ltr'><strong>et</strong></span> <span class='ocrx_word' id='word_1_348' title='bbox 1246 1197 1447 1233; x_wconf 87' lang='lat' dir='ltr'><strong>parricidarum</strong></span> <span class='ocrx_word' id='word_1_349' title='bbox 1470 1197 1684 1231; x_wconf 85' lang='lat' dir='ltr'><strong>consuetudine;</strong></span> <span class='ocrx_word' id='word_1_350' title='bbox 1699 1206 1778 1225; x_wconf 84' lang='lat' dir='ltr'><strong>cum-</strong></span> 
     </span>
    </p>
   </div>
   <div class='ocr_carea' id='block_1_55' title="bbox 988 1243 1776 1279">
    <p class='ocr_par' dir='ltr' id='par_1_55' title="bbox 988 1243 1776 1279">
     <span class='ocr_line' id='line_1_56' title="bbox 988 1243 1776 1279; baseline -0.001 -8"><span class='ocrx_word' id='word_1_351' title='bbox 988 1251 1041 1279; x_wconf 83' lang='lat' dir='ltr'><strong>que</strong></span> <span class='ocrx_word' id='word_1_352' title='bbox 1062 1243 1108 1272; x_wconf 81' lang='lat' dir='ltr'><strong>liic</strong></span> <span class='ocrx_word' id='word_1_353' title='bbox 1131 1244 1198 1271; x_wconf 91' lang='lat' dir='ltr'><strong>ordo</strong></span> <span class='ocrx_word' id='word_1_354' title='bbox 1220 1244 1425 1272; x_wconf 87' lang='lat' dir='ltr'><strong>decentissimus</strong></span> <span class='ocrx_word' id='word_1_355' title='bbox 1443 1245 1489 1277; x_wconf 82' lang='lat' dir='ltr'><strong>sit,</strong></span> <span class='ocrx_word' id='word_1_356' title='bbox 1505 1251 1586 1279; x_wconf 88' lang='lat' dir='ltr'><strong>quem</strong></span> <span class='ocrx_word' id='word_1_357' title='bbox 1608 1251 1705 1271; x_wconf 85' lang='lat' dir='ltr'><strong>omnes</strong></span> <span class='ocrx_word' id='word_1_358' title='bbox 1720 1249 1776 1270; x_wconf 89' lang='lat' dir='ltr'><strong>tam</strong></span> 
     </span>
    </p>
   </div>
   <div class='ocr_carea' id='block_1_56' title="bbox 989 1289 1775 1325">
    <p class='ocr_par' dir='ltr' id='par_1_56' title="bbox 989 1289 1775 1325">
     <span class='ocr_line' id='line_1_57' title="bbox 989 1289 1775 1325; baseline -0.003 -8"><span class='ocrx_word' id='word_1_359' title='bbox 989 1289 1199 1318; x_wconf 81' lang='lat' dir='ltr'><strong>occidentalium</strong></span> <span class='ocrx_word' id='word_1_360' title='bbox 1222 1297 1303 1325; x_wconf 84' lang='lat' dir='ltr'><strong>quain</strong></span> <span class='ocrx_word' id='word_1_361' title='bbox 1324 1289 1536 1317; x_wconf 84' lang='lat' dir='ltr'><strong>meridianarum</strong></span> <span class='ocrx_word' id='word_1_362' title='bbox 1559 1293 1587 1316; x_wconf 84' lang='lat' dir='ltr'><strong>et</strong></span> <span class='ocrx_word' id='word_1_363' title='bbox 1610 1289 1775 1324; x_wconf 81' lang='lat' dir='ltr'><strong>septentrio-</strong></span> 
     </span>
    </p>
   </div>
   <div class='ocr_carea' id='block_1_57' title="bbox 988 1334 1778 1371">
    <p class='ocr_par' dir='ltr' id='par_1_57' title="bbox 988 1334 1778 1371">
     <span class='ocr_line' id='line_1_58' title="bbox 988 1334 1778 1371; baseline -0.001 -7"><span class='ocrx_word' id='word_1_364' title='bbox 988 1337 1091 1365; x_wconf 88' lang='lat' dir='ltr'><strong>nalium</strong></span> <span class='ocrx_word' id='word_1_365' title='bbox 1110 1336 1184 1364; x_wconf 84' lang='lat' dir='ltr'><strong>orbis</strong></span> <span class='ocrx_word' id='word_1_366' title='bbox 1199 1337 1319 1371; x_wconf 84' lang='lat' dir='ltr'><strong>partium</strong></span> <span class='ocrx_word' id='word_1_367' title='bbox 1343 1336 1480 1369; x_wconf 65' lang='lat' dir='ltr'><strong>Ecclesiae,</strong></span> <span class='ocrx_word' id='word_1_368' title='bbox 1497 1343 1530 1363; x_wconf 88' lang='lat' dir='ltr'><strong>ac</strong></span> <span class='ocrx_word' id='word_1_369' title='bbox 1550 1334 1687 1363; x_wconf 64' lang='lat' dir='ltr'><strong>n0nnullai</strong></span> <span class='ocrx_word' id='word_1_370' title='bbox 1709 1341 1778 1369; x_wconf 85' lang='lat' dir='ltr'><strong>quo-</strong></span> 
     </span>
    </p>
   </div>
   <div class='ocr_carea' id='block_1_58' title="bbox 989 1382 1775 1419">
    <p class='ocr_par' dir='ltr' id='par_1_58' title="bbox 989 1382 1775 1419">
     <span class='ocr_line' id='line_1_59' title="bbox 989 1382 1775 1419; baseline -0.005 -7"><span class='ocrx_word' id='word_1_371' title='bbox 989 1392 1042 1419; x_wconf 92' lang='lat' dir='ltr'><strong>que</strong></span> <span class='ocrx_word' id='word_1_372' title='bbox 1055 1383 1226 1412; x_wconf 85' lang='lat' dir='ltr'><strong>orientalium</strong></span> <span class='ocrx_word' id='word_1_373' title='bbox 1241 1387 1351 1411; x_wconf 82' lang='lat' dir='ltr'><strong>servant</strong></span> <span class='ocrx_word' id='word_1_374' title='bbox 1364 1393 1370 1410; x_wconf 87' lang='lat'><strong>:</strong></span> <span class='ocrx_word' id='word_1_375' title='bbox 1382 1383 1486 1411; x_wconf 90' lang='lat' dir='ltr'><strong>idcirco</strong></span> <span class='ocrx_word' id='word_1_376' title='bbox 1499 1382 1525 1410; x_wconf 91' lang='lat' dir='ltr'><strong>id</strong></span> <span class='ocrx_word' id='word_1_377' title='bbox 1537 1389 1642 1416; x_wconf 78' lang='lat' dir='ltr'><strong>aequum</strong></span> <span class='ocrx_word' id='word_1_378' title='bbox 1656 1385 1775 1408; x_wconf 87' lang='lat' dir='ltr'><strong>rectum-</strong></span> 
     </span>
    </p>
   </div>
   <div class='ocr_carea' id='block_1_59' title="bbox 989 1427 1777 1466">
    <p class='ocr_par' dir='ltr' id='par_1_59' title="bbox 989 1427 1777 1466">
     <span class='ocr_line' id='line_1_60' title="bbox 989 1427 1777 1466; baseline -0.005 -8"><span class='ocrx_word' id='word_1_379' title='bbox 989 1438 1043 1466; x_wconf 88' lang='lat' dir='ltr'><strong>que</strong></span> <span class='ocrx_word' id='word_1_380' title='bbox 1061 1438 1122 1459; x_wconf 87' lang='lat' dir='ltr'><strong>esse</strong></span> <span class='ocrx_word' id='word_1_381' title='bbox 1143 1438 1238 1458; x_wconf 86' lang='lat' dir='ltr'><strong>omnes</strong></span> <span class='ocrx_word' id='word_1_382' title='bbox 1251 1430 1452 1464; x_wconf 82' lang='lat' dir='ltr'><strong>iudicaverunt,</strong></span> <span class='ocrx_word' id='word_1_383' title='bbox 1468 1428 1539 1464; x_wconf 92' lang='lat' dir='ltr'><strong>quod</strong></span> <span class='ocrx_word' id='word_1_384' title='bbox 1553 1432 1581 1455; x_wconf 91' lang='lat' dir='ltr'><strong>et</strong></span> <span class='ocrx_word' id='word_1_385' title='bbox 1596 1427 1675 1456; x_wconf 81' lang='lat' dir='ltr'><strong>vobis</strong></span> <span class='ocrx_word' id='word_1_386' title='bbox 1696 1427 1777 1462; x_wconf 84' lang='lat' dir='ltr'><strong>placi-</strong></span> 
     </span>
    </p>
   </div>
   <div class='ocr_carea' id='block_1_60' title="bbox 990 1474 1777 1510">
    <p class='ocr_par' dir='ltr' id='par_1_60' title="bbox 990 1474 1777 1510">
     <span class='ocr_line' id='line_1_61' title="bbox 990 1474 1777 1510; baseline -0.005 -6"><span class='ocrx_word' id='word_1_387' title='bbox 990 1482 1080 1504; x_wconf 86' lang='lat' dir='ltr'><strong>turum</strong></span> <span class='ocrx_word' id='word_1_388' title='bbox 1107 1484 1168 1504; x_wconf 88' lang='lat' dir='ltr'><strong>esse</strong></span> <span class='ocrx_word' id='word_1_389' title='bbox 1196 1475 1406 1510; x_wconf 82' lang='lat' dir='ltr'><strong>spopondi,_ut</strong></span> <span class='ocrx_word' id='word_1_390' title='bbox 1432 1475 1536 1503; x_wconf 87' lang='lat' dir='ltr'><strong>scilicet</strong></span> <span class='ocrx_word' id='word_1_391' title='bbox 1558 1474 1632 1510; x_wconf 90' lang='lat' dir='ltr'><strong>quod</strong></span> <span class='ocrx_word' id='word_1_392' title='bbox 1655 1474 1682 1501; x_wconf 91' lang='lat' dir='ltr'><strong>in</strong></span> <span class='ocrx_word' id='word_1_393' title='bbox 1710 1474 1777 1501; x_wconf 86' lang='lat' dir='ltr'><strong>urbe</strong></span> 
     </span>
    </p>
   </div>
   <div class='ocr_carea' id='block_1_61' title="bbox 989 1519 1776 1558">
    <p class='ocr_par' dir='ltr' id='par_1_61' title="bbox 989 1519 1776 1558">
     <span class='ocr_line' id='line_1_62' title="bbox 989 1519 1776 1558; baseline -0.006 -7"><span class='ocrx_word' id='word_1_394' title='bbox 989 1523 1075 1551; x_wconf 76' lang='lat' dir='ltr'><strong>Roma</strong></span> <span class='ocrx_word' id='word_1_395' title='bbox 1089 1530 1191 1558; x_wconf 84' lang='lat' dir='ltr'><strong>perque</strong></span> <span class='ocrx_word' id='word_1_396' title='bbox 1207 1529 1314 1549; x_wconf 86' lang='lat' dir='ltr'><strong>omnem</strong></span> <span class='ocrx_word' id='word_1_397' title='bbox 1327 1521 1444 1554; x_wconf 82' lang='lat' dir='ltr'><strong>Italiam,</strong></span> <span class='ocrx_word' id='word_1_398' title='bbox 1458 1520 1592 1553; x_wconf 84' lang='lat' dir='ltr'><strong>Africam,</strong></span> <span class='ocrx_word' id='word_1_399' title='bbox 1609 1519 1755 1556; x_wconf 66' lang='lat' dir='ltr'><strong>Egyptum</strong></span> <span class='ocrx_word' id='word_1_400' title='bbox 1767 1527 1776 1553; x_wconf 83' lang='lat'><strong>;</strong></span> 
     </span>
    </p>
   </div>
   <div class='ocr_carea' id='block_1_62' title="bbox 150 1564 938 1613">
    <p class='ocr_par' dir='ltr' id='par_1_62' title="bbox 150 1567 937 1606">
     <span class='ocr_line' id='line_1_63' title="bbox 150 1567 937 1606; baseline 0.005 -12"><span class='ocrx_word' id='word_1_401' title='bbox 150 1567 258 1595; x_wconf 73' lang='grc' dir='ltr'>ἃπασαν</span> <span class='ocrx_word' id='word_1_402' title='bbox 268 1587 274 1599; x_wconf 88' lang='lat'><strong>_.</strong></span> <span class='ocrx_word' id='word_1_403' title='bbox 293 1568 429 1602; x_wconf 79' lang='grc' dir='ltr'>Αἴγυπτον</span> <span class='ocrx_word' id='word_1_404' title='bbox 441 1589 447 1600; x_wconf 83' lang='grc'>,</span> <span class='ocrx_word' id='word_1_405' title='bbox 463 1569 582 1596; x_wconf 84' lang='grc' dir='ltr'>Σπανίαν</span> <span class='ocrx_word' id='word_1_406' title='bbox 592 1589 598 1601; x_wconf 89' lang='grc'>,</span> <span class='ocrx_word' id='word_1_407' title='bbox 613 1569 727 1601; x_wconf 85' lang='grc' dir='ltr'>Γαλλίας</span> <span class='ocrx_word' id='word_1_408' title='bbox 739 1591 745 1602; x_wconf 92' lang='grc'>,</span> <span class='ocrx_word' id='word_1_409' title='bbox 762 1570 937 1606; x_wconf 81' lang='grc' dir='ltr'>Βρεττανίας,</span> 
     </span>
    </p>
   </div>
   <div class='ocr_carea' id='block_1_63' title="bbox 992 1564 1778 1613">
    <p class='ocr_par' dir='ltr' id='par_1_63' title="bbox 992 1564 1778 1604">
     <span class='ocr_line' id='line_1_64' title="bbox 992 1564 1778 1604; baseline -0.005 -7"><span class='ocrx_word' id='word_1_410' title='bbox 992 1577 1041 1604; x_wconf 89' lang='lat' dir='ltr'><strong>per</strong></span> <span class='ocrx_word' id='word_1_411' title='bbox 1055 1564 1226 1604; x_wconf 84' lang='lat' dir='ltr'><strong>Hispaniam,</strong></span> <span class='ocrx_word' id='word_1_412' title='bbox 1252 1568 1366 1602; x_wconf 85' lang='lat' dir='ltr'><strong>Gallias,</strong></span> <span class='ocrx_word' id='word_1_413' title='bbox 1395 1567 1562 1600; x_wconf 85' lang='lat' dir='ltr'><strong>Britannias,</strong></span> <span class='ocrx_word' id='word_1_414' title='bbox 1587 1567 1702 1602; x_wconf 81' lang='lat' dir='ltr'><strong>Libyas;</strong></span> <span class='ocrx_word' id='word_1_415' title='bbox 1728 1573 1778 1601; x_wconf 89' lang='lat' dir='ltr'><strong>per</strong></span> 
     </span>
    </p>
   </div>
   <div class='ocr_carea' id='block_1_64' title="bbox 149 1614 940 1654">
    <p class='ocr_par' dir='ltr' id='par_1_64' title="bbox 149 1614 940 1654">
     <span class='ocr_line' id='line_1_65' title="bbox 149 1614 940 1654; baseline 0.006 -14"><span class='ocrx_word' id='word_1_416' title='bbox 149 1614 253 1646; x_wconf 75' lang='grc' dir='ltr'>Λιϐύας</span> <span class='ocrx_word' id='word_1_417' title='bbox 271 1614 344 1649; x_wconf 78' lang='grc'>(71),</span> <span class='ocrx_word' id='word_1_418' title='bbox 372 1615 434 1650; x_wconf 84' lang='grc' dir='ltr'>ὃλην</span> <span class='ocrx_word' id='word_1_419' title='bbox 457 1615 588 1648; x_wconf 82' lang='grc' dir='ltr'>Ἐλλάδα,</span> <span class='ocrx_word' id='word_1_420' title='bbox 611 1616 735 1652; x_wconf 81' lang='grc' dir='ltr'>Ἀσιανήν</span> <span class='ocrx_word' id='word_1_421' title='bbox 757 1625 786 1643; x_wconf 84' lang='grc' dir='ltr'>τε</span> <span class='ocrx_word' id='word_1_422' title='bbox 809 1618 940 1654; x_wconf 86' lang='grc' dir='ltr'>διοίκησιν</span> 
     </span>
    </p>
   </div>
   <div class='ocr_carea' id='block_1_65' title="bbox 150 1660 941 1699">
    <p class='ocr_par' dir='ltr' id='par_1_65' title="bbox 150 1660 941 1699">
     <span class='ocr_line' id='line_1_66' title="bbox 150 1660 941 1699; baseline 0.006 -13"><span class='ocrx_word' id='word_1_423' title='bbox 150 1660 196 1687; x_wconf 75' lang='grc' dir='ltr'><strong>καὶ</strong></span> <span class='ocrx_word' id='word_1_424' title='bbox 209 1660 343 1697; x_wconf 84' lang='grc' dir='ltr'><strong>Ποντικὴν</strong></span> <span class='ocrx_word' id='word_1_425' title='bbox 353 1681 360 1692; x_wconf 91' lang='grc'>,</span> <span class='ocrx_word' id='word_1_426' title='bbox 377 1662 424 1688; x_wconf 73' lang='grc' dir='ltr'><strong>καὶ</strong></span> <span class='ocrx_word' id='word_1_427' title='bbox 438 1661 564 1688; x_wconf 81' lang='grc' dir='ltr'>Κιλικίαν</span> <span class='ocrx_word' id='word_1_428' title='bbox 576 1683 583 1694; x_wconf 82' lang='grc'>,</span> <span class='ocrx_word' id='word_1_429' title='bbox 604 1663 653 1697; x_wconf 77' lang='grc' dir='ltr'><strong>μιᾷ</strong></span> <span class='ocrx_word' id='word_1_430' title='bbox 669 1663 715 1689; x_wconf 69' lang='grc' dir='ltr'>καὶ</span> <span class='ocrx_word' id='word_1_431' title='bbox 734 1663 871 1699; x_wconf 73' lang='grc' dir='ltr'>συμφώνῳ</span> <span class='ocrx_word' id='word_1_432' title='bbox 895 1674 941 1699; x_wconf 83' lang='grc' dir='ltr'><strong>φυ-</strong></span> 
     </span>
    </p>
   </div>
   <div class='ocr_carea' id='block_1_66' title="bbox 149 1705 940 1745">
    <p class='ocr_par' dir='ltr' id='par_1_66' title="bbox 149 1705 940 1745">
     <span class='ocr_line' id='line_1_67' title="bbox 149 1705 940 1745; baseline 0.004 -13"><span class='ocrx_word' id='word_1_433' title='bbox 149 1705 274 1732; x_wconf 76' lang='grc' dir='ltr'>λάττεται</span> <span class='ocrx_word' id='word_1_434' title='bbox 306 1706 420 1742; x_wconf 82' lang='grc' dir='ltr'><strong>γνώμῃ,</strong></span> <span class='ocrx_word' id='word_1_435' title='bbox 450 1706 575 1741; x_wconf 79' lang='grc' dir='ltr'>ἁσμένως</span> <span class='ocrx_word' id='word_1_436' title='bbox 601 1706 678 1733; x_wconf 84' lang='grc' dir='ltr'>τοῦτο</span> <span class='ocrx_word' id='word_1_437' title='bbox 704 1707 749 1733; x_wconf 76' lang='grc' dir='ltr'>καὶ</span> <span class='ocrx_word' id='word_1_438' title='bbox 777 1709 793 1742; x_wconf 82' lang='grc' dir='ltr'>ἡ</span> <span class='ocrx_word' id='word_1_439' title='bbox 821 1708 940 1745; x_wconf 77' lang='grc' dir='ltr'>ὑμετέρα</span> 
     </span>
    </p>
   </div>
   <div class='ocr_carea' id='block_1_67' title="bbox 150 1751 940 1789">
    <p class='ocr_par' dir='ltr' id='par_1_67' title="bbox 150 1751 940 1789">
     <span class='ocr_line' id='line_1_68' title="bbox 150 1751 940 1789; baseline 0.006 -12"><span class='ocrx_word' id='word_1_440' title='bbox 150 1751 329 1787; x_wconf 80' lang='grc' dir='ltr'><strong>προσδέξηται</strong></span> <span class='ocrx_word' id='word_1_441' title='bbox 343 1752 460 1785; x_wconf 78' lang='grc' dir='ltr'>σύνεσις,</span> <span class='ocrx_word' id='word_1_442' title='bbox 477 1752 639 1788; x_wconf 81' lang='grc' dir='ltr'>λογιζομένη</span> <span class='ocrx_word' id='word_1_443' title='bbox 653 1753 735 1789; x_wconf 76' lang='grc' dir='ltr'><strong>ὡς.οῷ</strong></span> <span class='ocrx_word' id='word_1_444' title='bbox 750 1753 829 1788; x_wconf 84' lang='grc' dir='ltr'>μόνον</span> <span class='ocrx_word' id='word_1_445' title='bbox 841 1754 940 1782; x_wconf 86' lang='grc' dir='ltr'>πλείων</span> 
     </span>
    </p>
   </div>
   <div class='ocr_carea' id='block_1_68' title="bbox 149 1797 939 1834">
    <p class='ocr_par' dir='ltr' id='par_1_68' title="bbox 149 1797 939 1834">
     <span class='ocr_line' id='line_1_69' title="bbox 149 1797 939 1834; baseline 0.005 -11"><span class='ocrx_word' id='word_1_446' title='bbox 149 1797 224 1823; x_wconf 68' lang='grc' dir='ltr'>ἐστὶν</span> <span class='ocrx_word' id='word_1_447' title='bbox 243 1798 257 1824; x_wconf 88' lang='grc' dir='ltr'>ὁ</span> <span class='ocrx_word' id='word_1_448' title='bbox 271 1797 325 1824; x_wconf 87' lang='grc' dir='ltr'><strong>τῶν</strong></span> <span class='ocrx_word' id='word_1_449' title='bbox 345 1798 417 1825; x_wconf 78' lang='grc' dir='ltr'>κατὰ</span> <span class='ocrx_word' id='word_1_450' title='bbox 439 1799 502 1831; x_wconf 89' lang='grc' dir='ltr'>τοὺς</span> <span class='ocrx_word' id='word_1_451' title='bbox 524 1799 738 1834; x_wconf 77' lang='grc' dir='ltr'>προειρημένους</span> <span class='ocrx_word' id='word_1_452' title='bbox 757 1799 855 1832; x_wconf 85' lang='grc' dir='ltr'>τόπους</span> <span class='ocrx_word' id='word_1_453' title='bbox 877 1800 939 1827; x_wconf 81' lang='grc' dir='ltr'><strong>Ἐκ-</strong></span> 
     </span>
    </p>
   </div>
   <div class='ocr_carea' id='block_1_69' title="bbox 150 1843 937 1883">
    <p class='ocr_par' dir='ltr' id='par_1_69' title="bbox 150 1843 937 1883">
     <span class='ocr_line' id='line_1_70' title="bbox 150 1843 937 1883; baseline 0.005 -13"><span class='ocrx_word' id='word_1_454' title='bbox 150 1843 270 1879; x_wconf 81' lang='grc' dir='ltr'>κλησιῶν</span> <span class='ocrx_word' id='word_1_455' title='bbox 285 1844 418 1880; x_wconf 81' lang='grc' dir='ltr'>ἀριθμὸς,</span> <span class='ocrx_word' id='word_1_456' title='bbox 434 1845 502 1872; x_wconf 83' lang='grc' dir='ltr'><strong>ἀλλὰ</strong></span> <span class='ocrx_word' id='word_1_457' title='bbox 515 1845 562 1871; x_wconf 77' lang='grc' dir='ltr'><strong>καὶ</strong></span> <span class='ocrx_word' id='word_1_458' title='bbox 575 1845 612 1877; x_wconf 80' lang='grc' dir='ltr'><strong>ὡς</strong></span> <span class='ocrx_word' id='word_1_459' title='bbox 631 1845 710 1872; x_wconf 74' lang='grc' dir='ltr'>τοῦτο</span> <span class='ocrx_word' id='word_1_460' title='bbox 731 1845 847 1881; x_wconf 82' lang='grc' dir='ltr'>μάλιστα</span> <span class='ocrx_word' id='word_1_461' title='bbox 863 1849 937 1883; x_wconf 86' lang='grc' dir='ltr'>κοινῇ</span> 
     </span>
    </p>
   </div>
   <div class='ocr_carea' id='block_1_70' title="bbox 151 1890 941 1930">
    <p class='ocr_par' dir='ltr' id='par_1_70' title="bbox 151 1890 941 1930">
     <span class='ocr_line' id='line_1_71' title="bbox 151 1890 941 1930; baseline 0.004 -13"><span class='ocrx_word' id='word_1_462' title='bbox 151 1890 255 1922; x_wconf 82' lang='grc' dir='ltr'>πάντας</span> <span class='ocrx_word' id='word_1_463' title='bbox 268 1890 414 1918; x_wconf 82' lang='grc' dir='ltr'>όσιώτατόν</span> <span class='ocrx_word' id='word_1_464' title='bbox 430 1892 488 1918; x_wconf 83' lang='grc' dir='ltr'>ἐστι</span> <span class='ocrx_word' id='word_1_465' title='bbox 507 1891 660 1926; x_wconf 85' lang='grc' dir='ltr'>βούλεσθαι,</span> <span class='ocrx_word' id='word_1_466' title='bbox 680 1892 748 1928; x_wconf 81' lang='grc' dir='ltr'>ὅπερ</span> <span class='ocrx_word' id='word_1_467' title='bbox 767 1893 814 1919; x_wconf 79' lang='grc' dir='ltr'><strong>καὶ</strong></span> <span class='ocrx_word' id='word_1_468' title='bbox 834 1893 848 1919; x_wconf 88' lang='grc' dir='ltr'>ὁ</span> <span class='ocrx_word' id='word_1_469' title='bbox 865 1894 941 1930; x_wconf 85' lang='grc' dir='ltr'><strong>ἀκρι-</strong></span> 
     </span>
    </p>
   </div>
   <div class='ocr_carea' id='block_1_71' title="bbox 150 1935 940 1974">
    <p class='ocr_par' dir='ltr' id='par_1_71' title="bbox 150 1935 940 1974">
     <span class='ocr_line' id='line_1_72' title="bbox 150 1935 940 1974; baseline 0.004 -12"><span class='ocrx_word' id='word_1_470' title='bbox 150 1935 202 1971; x_wconf 77' lang='grc' dir='ltr'><strong>ϐὴς</strong></span> <span class='ocrx_word' id='word_1_471' title='bbox 223 1935 302 1970; x_wconf 81' lang='grc' dir='ltr'>λόγος</span> <span class='ocrx_word' id='word_1_472' title='bbox 321 1936 375 1972; x_wconf 72' lang='grc'>(72)</span> <span class='ocrx_word' id='word_1_473' title='bbox 397 1937 523 1964; x_wconf 81' lang='grc' dir='ltr'>ἀπαιτεῖν</span> <span class='ocrx_word' id='word_1_474' title='bbox 540 1938 627 1970; x_wconf 79' lang='grc' dir='ltr'>δοκεῖ,</span> <span class='ocrx_word' id='word_1_475' title='bbox 649 1938 696 1964; x_wconf 76' lang='grc' dir='ltr'><strong>καὶ</strong></span> <span class='ocrx_word' id='word_1_476' title='bbox 719 1938 846 1974; x_wconf 81' lang='grc' dir='ltr'><strong>οὐδεμίαν</strong></span> <span class='ocrx_word' id='word_1_477' title='bbox 872 1939 940 1974; x_wconf 74' lang='grc' dir='ltr'>μετὰ</span> 
     </span>
    </p>
   </div>
   <div class='ocr_carea' id='block_1_72' title="bbox 149 1982 940 2020">
    <p class='ocr_par' dir='ltr' id='par_1_72' title="bbox 149 1982 940 2020">
     <span class='ocr_line' id='line_1_73' title="bbox 149 1982 940 2020; baseline 0.005 -12"><span class='ocrx_word' id='word_1_478' title='bbox 149 1982 201 2017; x_wconf 80' lang='grc' dir='ltr'><strong>τῆς</strong></span> <span class='ocrx_word' id='word_1_479' title='bbox 218 1982 350 2010; x_wconf 84' lang='grc' dir='ltr'>Ἰουδαίων</span> <span class='ocrx_word' id='word_1_480' title='bbox 373 1983 515 2019; x_wconf 77' lang='grc' dir='ltr'>ἐπιορκίας</span> <span class='ocrx_word' id='word_1_481' title='bbox 539 1984 593 2019; x_wconf 83' lang='grc'>(75)</span> <span class='ocrx_word' id='word_1_482' title='bbox 613 1985 685 2020; x_wconf 77' lang='grc' dir='ltr'>ἔχειν</span> <span class='ocrx_word' id='word_1_483' title='bbox 708 1985 859 2012; x_wconf 84' lang='grc' dir='ltr'>κοινωνίαν.</span> <span class='ocrx_word' id='word_1_484' title='bbox 881 1986 940 2012; x_wconf 86' lang='grc' dir='ltr'><strong>Ἵνα</strong></span> 
     </span>
    </p>
   </div>
   <div class='ocr_carea' id='block_1_73' title="bbox 150 2029 940 2066">
    <p class='ocr_par' dir='ltr' id='par_1_73' title="bbox 150 2029 940 2066">
     <span class='ocr_line' id='line_1_74' title="bbox 150 2029 940 2066; baseline 0.003 -11"><span class='ocrx_word' id='word_1_485' title='bbox 150 2029 180 2056; x_wconf 86' lang='grc' dir='ltr'>δὲ</span> <span class='ocrx_word' id='word_1_486' title='bbox 199 2029 230 2055; x_wconf 75' lang='grc' dir='ltr'>τὸ</span> <span class='ocrx_word' id='word_1_487' title='bbox 245 2029 509 2066; x_wconf 80' lang='grc' dir='ltr'>κεῳαλαιωδέστερον</span> <span class='ocrx_word' id='word_1_488' title='bbox 524 2031 665 2065; x_wconf 86' lang='grc' dir='ltr'>συντόμως</span> <span class='ocrx_word' id='word_1_489' title='bbox 680 2031 763 2062; x_wconf 70' lang='grc' dir='ltr'>εἴπω,</span> <span class='ocrx_word' id='word_1_490' title='bbox 781 2032 856 2065; x_wconf 82' lang='grc' dir='ltr'>κοινῇ</span> <span class='ocrx_word' id='word_1_491' title='bbox 873 2031 940 2057; x_wconf 84' lang='grc' dir='ltr'>πάν-</span> 
     </span>
    </p>
   </div>
   <div class='ocr_carea' id='block_1_74' title="bbox 150 2075 939 2113">
    <p class='ocr_par' dir='ltr' id='par_1_74' title="bbox 150 2075 939 2113">
     <span class='ocr_line' id='line_1_75' title="bbox 150 2075 939 2113; baseline 0.003 -12"><span class='ocrx_word' id='word_1_492' title='bbox 150 2083 204 2102; x_wconf 89' lang='grc' dir='ltr'><strong>των</strong></span> <span class='ocrx_word' id='word_1_493' title='bbox 220 2075 302 2110; x_wconf 77' lang='grc' dir='ltr'>ἤρεσε</span> <span class='ocrx_word' id='word_1_494' title='bbox 320 2075 420 2110; x_wconf 82' lang='grc' dir='ltr'>κρίσει,</span> <span class='ocrx_word' id='word_1_495' title='bbox 437 2076 488 2111; x_wconf 87' lang='grc' dir='ltr'><strong>τὴν</strong></span> <span class='ocrx_word' id='word_1_496' title='bbox 505 2076 658 2112; x_wconf 84' lang='grc' dir='ltr'>ἁγιωτάτην</span> <span class='ocrx_word' id='word_1_497' title='bbox 674 2076 719 2102; x_wconf 73' lang='grc' dir='ltr'><strong>τοῦ</strong></span> <span class='ocrx_word' id='word_1_498' title='bbox 735 2076 831 2112; x_wconf 82' lang='grc' dir='ltr'>Πάσχα</span> <span class='ocrx_word' id='word_1_499' title='bbox 844 2077 939 2113; x_wconf 74' lang='grc' dir='ltr'>ἑορτὴν</span> 
     </span>
    </p>
   </div>
   <div class='ocr_carea' id='block_1_75' title="bbox 153 2121 940 2161">
    <p class='ocr_par' dir='ltr' id='par_1_75' title="bbox 153 2121 940 2161">
     <span class='ocr_line' id='line_1_76' title="bbox 153 2121 940 2161; baseline 0.001 -14"><span class='ocrx_word' id='word_1_500' title='bbox 153 2122 204 2157; x_wconf 83' lang='grc' dir='ltr'>μιᾷ</span> <span class='ocrx_word' id='word_1_501' title='bbox 217 2122 265 2148; x_wconf 73' lang='grc' dir='ltr'><strong>καὶ</strong></span> <span class='ocrx_word' id='word_1_502' title='bbox 279 2123 312 2157; x_wconf 81' lang='grc' dir='ltr'>τῇ</span> <span class='ocrx_word' id='word_1_503' title='bbox 327 2122 396 2158; x_wconf 79' lang='grc' dir='ltr'>αὐτῇ</span> <span class='ocrx_word' id='word_1_504' title='bbox 410 2122 502 2161; x_wconf 66' lang='grc' dir='ltr'>ἡμέρᾳ</span> <span class='ocrx_word' id='word_1_505' title='bbox 517 2122 710 2149; x_wconf 80' lang='grc' dir='ltr'>συντελεῖσθαι.</span> <span class='ocrx_word' id='word_1_506' title='bbox 729 2122 796 2149; x_wconf 82' lang='grc' dir='ltr'>Οὐδὲ</span> <span class='ocrx_word' id='word_1_507' title='bbox 810 2121 863 2158; x_wconf 80' lang='grc' dir='ltr'><strong>γὰρ</strong></span> <span class='ocrx_word' id='word_1_508' title='bbox 877 2122 940 2158; x_wconf 79' lang='grc' dir='ltr'>πρέ-</span> 
     </span>
    </p>
   </div>
   <div class='ocr_carea' id='block_1_76' title="bbox 151 2167 939 2205">
    <p class='ocr_par' dir='ltr' id='par_1_76' title="bbox 151 2167 939 2205">
     <span class='ocr_line' id='line_1_77' title="bbox 151 2167 939 2205; baseline 0.003 -11"><span class='ocrx_word' id='word_1_509' title='bbox 151 2177 197 2194; x_wconf 77' lang='grc' dir='ltr'><strong>πει</strong></span> <span class='ocrx_word' id='word_1_510' title='bbox 219 2168 248 2194; x_wconf 82' lang='grc' dir='ltr'>ἐν</span> <span class='ocrx_word' id='word_1_511' title='bbox 262 2167 380 2204; x_wconf 76' lang='grc' dir='ltr'>τοσαύτῃ</span> <span class='ocrx_word' id='word_1_512' title='bbox 402 2169 527 2205; x_wconf 80' lang='grc' dir='ltr'>ἁγιότητι</span> <span class='ocrx_word' id='word_1_513' title='bbox 548 2167 617 2196; x_wconf 78' lang='grc' dir='ltr'>εἶναί</span> <span class='ocrx_word' id='word_1_514' title='bbox 636 2178 697 2196; x_wconf 87' lang='grc' dir='ltr'>τινα</span> <span class='ocrx_word' id='word_1_515' title='bbox 720 2168 868 2205; x_wconf 79' lang='grc' dir='ltr'>διαφορὰν,</span> <span class='ocrx_word' id='word_1_516' title='bbox 892 2169 939 2196; x_wconf 78' lang='grc' dir='ltr'><strong>καὶ</strong></span> 
     </span>
    </p>
   </div>
   <div class='ocr_carea' id='block_1_77' title="bbox 150 2212 938 2252">
    <p class='ocr_par' dir='ltr' id='par_1_77' title="bbox 150 2212 938 2252">
     <span class='ocr_line' id='line_1_78' title="bbox 150 2212 938 2252; baseline -0.001 -10"><span class='ocrx_word' id='word_1_517' title='bbox 150 2215 269 2247; x_wconf 84' lang='grc' dir='ltr'><strong>κάλλιον,</strong></span> <span class='ocrx_word' id='word_1_518' title='bbox 284 2215 397 2242; x_wconf 66' lang='grc' dir='ltr'>ἕπεσθαι</span> <span class='ocrx_word' id='word_1_519' title='bbox 415 2217 448 2252; x_wconf 86' lang='grc' dir='ltr'>τῇ</span> <span class='ocrx_word' id='word_1_520' title='bbox 465 2215 561 2252; x_wconf 86' lang='grc' dir='ltr'>γνώμῃ</span> <span class='ocrx_word' id='word_1_521' title='bbox 575 2214 659 2251; x_wconf 82' lang='grc' dir='ltr'>ταύτῃ</span> <span class='ocrx_word' id='word_1_522' title='bbox 675 2215 740 2250; x_wconf 68' lang='grc'>(74),</span> <span class='ocrx_word' id='word_1_523' title='bbox 756 2216 784 2242; x_wconf 81' lang='grc' dir='ltr'><strong>ὲν</strong></span> <span class='ocrx_word' id='word_1_524' title='bbox 826 2214 938 2250; x_wconf 75' lang='grc' dir='ltr'>οὐδεμία</span> 
     </span>
    </p>
   </div>
   <div class='ocr_carea' id='block_1_78' title="bbox 993 1612 1782 1650">
    <p class='ocr_par' dir='ltr' id='par_1_78' title="bbox 993 1612 1782 1650">
     <span class='ocr_line' id='line_1_79' title="bbox 993 1612 1782 1650; baseline -0.004 -7"><span class='ocrx_word' id='word_1_525' title='bbox 993 1616 1146 1644; x_wconf 88' lang='lat' dir='ltr'><strong>universam</strong></span> <span class='ocrx_word' id='word_1_526' title='bbox 1160 1615 1310 1648; x_wconf 79' lang='lat' dir='ltr'><strong>Achaiam;</strong></span> <span class='ocrx_word' id='word_1_527' title='bbox 1328 1623 1378 1650; x_wconf 88' lang='lat' dir='ltr'><strong>per</strong></span> <span class='ocrx_word' id='word_1_528' title='bbox 1397 1615 1527 1642; x_wconf 77' lang='lat' dir='ltr'><strong>Asianum</strong></span> <span class='ocrx_word' id='word_1_529' title='bbox 1548 1613 1631 1650; x_wconf 56' lang='lat'><strong>59‘.</strong></span> <span class='ocrx_word' id='word_1_530' title='bbox 1646 1618 1672 1641; x_wconf 91' lang='lat' dir='ltr'><strong>et</strong></span> <span class='ocrx_word' id='word_1_531' title='bbox 1685 1612 1782 1641; x_wconf 73' lang='lat' dir='ltr'><strong>Ponti-&#39;</strong></span> 
     </span>
    </p>
   </div>
   <div class='ocr_carea' id='block_1_79' title="bbox 991 1653 1782 1697">
    <p class='ocr_par' dir='ltr' id='par_1_79' title="bbox 991 1653 1782 1697">
     <span class='ocr_line' id='line_1_80' title="bbox 991 1653 1782 1697; baseline -0.004 -7"><span class='ocrx_word' id='word_1_532' title='bbox 991 1670 1051 1689; x_wconf 89' lang='lat' dir='ltr'><strong>cam</strong></span> <span class='ocrx_word' id='word_1_533' title='bbox 1068 1662 1206 1690; x_wconf 65' lang='lat' dir='ltr'><strong>dioecesim</strong></span> <span class='ocrx_word' id='word_1_534' title='bbox 1216 1682 1224 1695; x_wconf 97' lang='lat'><strong>,</strong></span> <span class='ocrx_word' id='word_1_535' title='bbox 1242 1669 1290 1697; x_wconf 87' lang='lat' dir='ltr'><strong>per</strong></span> <span class='ocrx_word' id='word_1_536' title='bbox 1300 1661 1421 1689; x_wconf 85' lang='lat' dir='ltr'><strong>Ciliciam</strong></span> <span class='ocrx_word' id='word_1_537' title='bbox 1436 1660 1554 1695; x_wconf 87' lang='lat' dir='ltr'><strong>denique</strong></span> <span class='ocrx_word' id='word_1_538' title='bbox 1568 1659 1696 1688; x_wconf 89' lang='lat' dir='ltr'><strong>concordi</strong></span> <span class='ocrx_word' id='word_1_539' title='bbox 1713 1653 1782 1687; x_wconf 53' lang='lat' dir='ltr'><strong>seno&#39;</strong></span> 
     </span>
    </p>
   </div>
   <div class='ocr_carea' id='block_1_80' title="bbox 992 1706 1778 1742">
    <p class='ocr_par' dir='ltr' id='par_1_80' title="bbox 992 1706 1778 1742">
     <span class='ocr_line' id='line_1_81' title="bbox 992 1706 1778 1742; baseline -0.003 -6"><span class='ocrx_word' id='word_1_540' title='bbox 992 1709 1076 1737; x_wconf 87' lang='lat' dir='ltr'><strong>tentia</strong></span> <span class='ocrx_word' id='word_1_541' title='bbox 1089 1707 1262 1742; x_wconf 80' lang='lat' dir='ltr'><strong>observatur,</strong></span> <span class='ocrx_word' id='word_1_542' title='bbox 1275 1707 1302 1735; x_wconf 88' lang='lat' dir='ltr'><strong>id</strong></span> <span class='ocrx_word' id='word_1_543' title='bbox 1313 1713 1404 1736; x_wconf 84' lang='lat' dir='ltr'><strong>vestra</strong></span> <span class='ocrx_word' id='word_1_544' title='bbox 1415 1714 1523 1742; x_wconf 88' lang='lat' dir='ltr'><strong>quoque</strong></span> <span class='ocrx_word' id='word_1_545' title='bbox 1530 1706 1672 1742; x_wconf 85' lang='lat' dir='ltr'><strong>prudentia</strong></span> <span class='ocrx_word' id='word_1_546' title='bbox 1688 1706 1778 1734; x_wconf 88' lang='lat' dir='ltr'><strong>liben-</strong></span> 
     </span>
    </p>
   </div>
   <div class='ocr_carea' id='block_1_81' title="bbox 992 1753 1776 1790">
    <p class='ocr_par' dir='ltr' id='par_1_81' title="bbox 992 1753 1776 1790">
     <span class='ocr_line' id='line_1_82' title="bbox 992 1753 1776 1790; baseline -0.003 -8"><span class='ocrx_word' id='word_1_547' title='bbox 992 1755 1064 1783; x_wconf 88' lang='lat' dir='ltr'><strong>tibus</strong></span> <span class='ocrx_word' id='word_1_548' title='bbox 1079 1755 1179 1783; x_wconf 89' lang='lat' dir='ltr'><strong>animis</strong></span> <span class='ocrx_word' id='word_1_549' title='bbox 1194 1755 1383 1790; x_wconf 82' lang='lat' dir='ltr'><strong>amplectatur.</strong></span> <span class='ocrx_word' id='word_1_550' title='bbox 1395 1753 1461 1781; x_wconf 91' lang='lat' dir='ltr'><strong>lllud</strong></span> <span class='ocrx_word' id='word_1_551' title='bbox 1474 1753 1604 1781; x_wconf 90' lang='lat' dir='ltr'><strong>nimirum</strong></span> <span class='ocrx_word' id='word_1_552' title='bbox 1620 1753 1776 1786; x_wconf 88' lang='lat' dir='ltr'><strong>attendens,</strong></span> 
     </span>
    </p>
   </div>
   <div class='ocr_carea' id='block_1_82' title="bbox 991 1798 1777 1835">
    <p class='ocr_par' dir='ltr' id='par_1_82' title="bbox 991 1798 1777 1835">
     <span class='ocr_line' id='line_1_83' title="bbox 991 1798 1777 1835; baseline -0.003 -7"><span class='ocrx_word' id='word_1_553' title='bbox 991 1807 1043 1828; x_wconf 90' lang='lat' dir='ltr'><strong>non</strong></span> <span class='ocrx_word' id='word_1_554' title='bbox 1063 1801 1143 1829; x_wconf 93' lang='lat' dir='ltr'><strong>modo</strong></span> <span class='ocrx_word' id='word_1_555' title='bbox 1164 1800 1294 1835; x_wconf 84' lang='lat' dir='ltr'><strong>majorem</strong></span> <span class='ocrx_word' id='word_1_556' title='bbox 1313 1808 1373 1829; x_wconf 87' lang='lat' dir='ltr'><strong>esse</strong></span> <span class='ocrx_word' id='word_1_557' title='bbox 1391 1808 1534 1829; x_wconf 89' lang='lat' dir='ltr'><strong>numerum</strong></span> <span class='ocrx_word' id='word_1_558' title='bbox 1553 1798 1733 1826; x_wconf 82' lang='lat' dir='ltr'><strong>Ecclesiarum</strong></span> <span class='ocrx_word' id='word_1_559' title='bbox 1750 1800 1777 1826; x_wconf 94' lang='lat' dir='ltr'><strong>in</strong></span> 
     </span>
    </p>
   </div>
   <div class='ocr_carea' id='block_1_83' title="bbox 992 1844 1782 1882">
    <p class='ocr_par' dir='ltr' id='par_1_83' title="bbox 992 1844 1782 1882">
     <span class='ocr_line' id='line_1_84' title="bbox 992 1844 1782 1882; baseline -0.004 -8"><span class='ocrx_word' id='word_1_560' title='bbox 992 1847 1058 1875; x_wconf 89' lang='lat' dir='ltr'><strong>locis</strong></span> <span class='ocrx_word' id='word_1_561' title='bbox 1081 1854 1161 1882; x_wconf 88' lang='lat' dir='ltr'><strong>supra</strong></span> <span class='ocrx_word' id='word_1_562' title='bbox 1177 1845 1353 1880; x_wconf 87' lang='lat' dir='ltr'><strong>memoratis,</strong></span> <span class='ocrx_word' id='word_1_563' title='bbox 1366 1853 1462 1873; x_wconf 81' lang='lat' dir='ltr'><strong>verum</strong></span> <span class='ocrx_word' id='word_1_564' title='bbox 1489 1846 1573 1873; x_wconf 88' lang='lat' dir='ltr'><strong>etiam</strong></span> <span class='ocrx_word' id='word_1_565' title='bbox 1589 1844 1782 1880; x_wconf 64' lang='lat' dir='ltr'><strong>aequissimum.</strong></span> 
     </span>
    </p>
   </div>
   <div class='ocr_carea' id='block_1_84' title="bbox 990 1892 1777 1928">
    <p class='ocr_par' dir='ltr' id='par_1_84' title="bbox 990 1892 1777 1928">
     <span class='ocr_line' id='line_1_85' title="bbox 990 1892 1777 1928; baseline -0.003 -7"><span class='ocrx_word' id='word_1_566' title='bbox 990 1901 1063 1926; x_wconf 87' lang='lat' dir='ltr'><strong>esse,</strong></span> <span class='ocrx_word' id='word_1_567' title='bbox 1079 1897 1109 1920; x_wconf 91' lang='lat' dir='ltr'><strong>ut</strong></span> <span class='ocrx_word' id='word_1_568' title='bbox 1125 1901 1220 1921; x_wconf 87' lang='lat' dir='ltr'><strong>omnes</strong></span> <span class='ocrx_word' id='word_1_569' title='bbox 1234 1893 1261 1920; x_wconf 91' lang='lat' dir='ltr'><strong>in</strong></span> <span class='ocrx_word' id='word_1_570' title='bbox 1280 1900 1424 1921; x_wconf 89' lang='lat' dir='ltr'><strong>commune</strong></span> <span class='ocrx_word' id='word_1_571' title='bbox 1439 1893 1465 1920; x_wconf 92' lang='lat' dir='ltr'><strong>id</strong></span> <span class='ocrx_word' id='word_1_572' title='bbox 1480 1892 1574 1926; x_wconf 87' lang='lat' dir='ltr'><strong>velint,</strong></span> <span class='ocrx_word' id='word_1_573' title='bbox 1594 1893 1666 1928; x_wconf 86' lang='lat' dir='ltr'><strong>quod</strong></span> <span class='ocrx_word' id='word_1_574' title='bbox 1681 1893 1777 1921; x_wconf 86' lang='lat' dir='ltr'><strong>stricta</strong></span> 
     </span>
    </p>
   </div>
   <div class='ocr_carea' id='block_1_85' title="bbox 991 1932 1782 1974">
    <p class='ocr_par' dir='ltr' id='par_1_85' title="bbox 991 1932 1782 1974">
     <span class='ocr_line' id='line_1_86' title="bbox 991 1932 1782 1974; baseline 0 -8"><span class='ocrx_word' id='word_1_575' title='bbox 991 1939 1060 1967; x_wconf 85' lang='lat' dir='ltr'><strong>ratio</strong></span> <span class='ocrx_word' id='word_1_576' title='bbox 1089 1939 1200 1974; x_wconf 76' lang='lat' dir='ltr'><strong>exigere</strong></span> <span class='ocrx_word' id='word_1_577' title='bbox 1232 1939 1358 1972; x_wconf 86' lang='lat' dir='ltr'><strong>videtur,</strong></span> <span class='ocrx_word' id='word_1_578' title='bbox 1389 1945 1440 1966; x_wconf 89' lang='lat' dir='ltr'><strong>nec</strong></span> <span class='ocrx_word' id='word_1_579' title='bbox 1469 1938 1550 1965; x_wconf 91' lang='lat' dir='ltr'><strong>ullam</strong></span> <span class='ocrx_word' id='word_1_580' title='bbox 1583 1945 1644 1965; x_wconf 90' lang='lat' dir='ltr'><strong>cum</strong></span> <span class='ocrx_word' id='word_1_581' title='bbox 1669 1932 1782 1966; x_wconf 52' lang='lat' dir='ltr'><strong>Judaeo?</strong></span> 
     </span>
    </p>
   </div>
   <div class='ocr_carea' id='block_1_86' title="bbox 992 1981 1783 2020">
    <p class='ocr_par' dir='ltr' id='par_1_86' title="bbox 992 1981 1783 2020">
     <span class='ocr_line' id='line_1_87' title="bbox 992 1981 1783 2020; baseline -0.003 -7"><span class='ocrx_word' id='word_1_582' title='bbox 992 1993 1050 2013; x_wconf 87' lang='lat' dir='ltr'><strong>rum</strong></span> <span class='ocrx_word' id='word_1_583' title='bbox 1067 1985 1186 2020; x_wconf 84' lang='lat' dir='ltr'><strong>pcrjurio</strong></span> <span class='ocrx_word' id='word_1_584' title='bbox 1200 1985 1360 2013; x_wconf 88' lang='lat' dir='ltr'><strong>societatem</strong></span> <span class='ocrx_word' id='word_1_585' title='bbox 1375 1985 1486 2013; x_wconf 87' lang='lat' dir='ltr'><strong>habere.</strong></span> <span class='ocrx_word' id='word_1_586' title='bbox 1504 1985 1593 2018; x_wconf 82' lang='lat' dir='ltr'><strong>Atque</strong></span> <span class='ocrx_word' id='word_1_587' title='bbox 1608 1988 1639 2011; x_wconf 90' lang='grc' dir='ltr'><strong>ιιι</strong></span> <span class='ocrx_word' id='word_1_588' title='bbox 1657 1981 1783 2011; x_wconf 72' lang='grc' dir='ltr'>ειιιιιιιιιι-’</span> 
     </span>
    </p>
   </div>
   <div class='ocr_carea' id='block_1_87' title="bbox 991 2030 1778 2066">
    <p class='ocr_par' dir='ltr' id='par_1_87' title="bbox 991 2030 1778 2066">
     <span class='ocr_line' id='line_1_88' title="bbox 991 2030 1778 2066; baseline -0.001 -8"><span class='ocrx_word' id='word_1_589' title='bbox 991 2032 1039 2059; x_wconf 84' lang='lat' dir='ltr'><strong>tim</strong></span> <span class='ocrx_word' id='word_1_590' title='bbox 1068 2039 1099 2059; x_wconf 89' lang='lat' dir='ltr'><strong>ac</strong></span> <span class='ocrx_word' id='word_1_591' title='bbox 1123 2031 1244 2060; x_wconf 86' lang='lat' dir='ltr'><strong>breviter</strong></span> <span class='ocrx_word' id='word_1_592' title='bbox 1266 2031 1366 2064; x_wconf 90' lang='lat' dir='ltr'><strong>dicam,</strong></span> <span class='ocrx_word' id='word_1_593' title='bbox 1379 2031 1481 2066; x_wconf 82' lang='lat' dir='ltr'><strong>placuit</strong></span> <span class='ocrx_word' id='word_1_594' title='bbox 1502 2030 1640 2059; x_wconf 86' lang='lat' dir='ltr'><strong>communi</strong></span> <span class='ocrx_word' id='word_1_595' title='bbox 1655 2031 1778 2058; x_wconf 91' lang='lat' dir='ltr'><strong>omnium</strong></span> 
     </span>
    </p>
   </div>
   <div class='ocr_carea' id='block_1_88' title="bbox 987 2076 1785 2112">
    <p class='ocr_par' dir='ltr' id='par_1_88' title="bbox 987 2076 1785 2112">
     <span class='ocr_line' id='line_1_89' title="bbox 987 2076 1785 2112; baseline -0.001 -8"><span class='ocrx_word' id='word_1_596' title='bbox 987 2078 1099 2112; x_wconf 87' lang='lat' dir='ltr'><strong>judicio,</strong></span> <span class='ocrx_word' id='word_1_597' title='bbox 1115 2081 1144 2104; x_wconf 90' lang='lat' dir='ltr'><strong>ut</strong></span> <span class='ocrx_word' id='word_1_598' title='bbox 1158 2076 1341 2105; x_wconf 74' lang='lat' dir='ltr'><strong>sanctissimae</strong></span> <span class='ocrx_word' id='word_1_599' title='bbox 1362 2077 1474 2104; x_wconf 69' lang='lat' dir='ltr'><strong>Pascha:</strong></span> <span class='ocrx_word' id='word_1_600' title='bbox 1496 2076 1632 2104; x_wconf 79' lang='lat' dir='ltr'><strong>festivitas</strong></span> <span class='ocrx_word' id='word_1_601' title='bbox 1652 2083 1707 2103; x_wconf 90' lang='lat' dir='ltr'><strong>uno</strong></span> <span class='ocrx_word' id='word_1_602' title='bbox 1729 2083 1785 2110; x_wconf 22' lang='lat' dir='ltr'><strong>eo-V</strong></span> 
     </span>
    </p>
   </div>
   <div class='ocr_carea' id='block_1_89' title="bbox 990 2115 1777 2158">
    <p class='ocr_par' dir='ltr' id='par_1_89' title="bbox 990 2115 1777 2158">
     <span class='ocr_line' id='line_1_90' title="bbox 990 2115 1777 2158; baseline -0.004 -7"><span class='ocrx_word' id='word_1_603' title='bbox 990 2125 1104 2158; x_wconf 91' lang='lat' dir='ltr'><strong>demque</strong></span> <span class='ocrx_word' id='word_1_604' title='bbox 1113 2115 1162 2150; x_wconf 42' lang='lat' dir='ltr'><strong>‘die</strong></span> <span class='ocrx_word' id='word_1_605' title='bbox 1176 2122 1373 2151; x_wconf 88' lang='lat' dir='ltr'><strong>celebraretur.</strong></span> <span class='ocrx_word' id='word_1_606' title='bbox 1382 2121 1475 2157; x_wconf 79' lang='lat' dir='ltr'><strong>Neque</strong></span> <span class='ocrx_word' id='word_1_607' title='bbox 1487 2122 1559 2150; x_wconf 88' lang='lat' dir='ltr'><strong>enim</strong></span> <span class='ocrx_word' id='word_1_608' title='bbox 1572 2122 1650 2150; x_wconf 87' lang='lat' dir='ltr'><strong>decet</strong></span> <span class='ocrx_word' id='word_1_609' title='bbox 1664 2122 1691 2149; x_wconf 93' lang='lat' dir='ltr'><strong>in</strong></span> <span class='ocrx_word' id='word_1_610' title='bbox 1703 2125 1777 2149; x_wconf 83' lang='lat' dir='ltr'><strong>tanta</strong></span> 
     </span>
    </p>
   </div>
   <div class='ocr_carea' id='block_1_90' title="bbox 990 2164 1778 2202">
    <p class='ocr_par' dir='ltr' id='par_1_90' title="bbox 990 2164 1778 2202">
     <span class='ocr_line' id='line_1_91' title="bbox 990 2164 1778 2202; baseline -0.003 -7"><span class='ocrx_word' id='word_1_611' title='bbox 990 2164 1133 2196; x_wconf 83' lang='lat' dir='ltr'><strong>sanctitate</strong></span> <span class='ocrx_word' id='word_1_612' title='bbox 1160 2167 1278 2202; x_wconf 88' lang='lat' dir='ltr'><strong>aliquam</strong></span> <span class='ocrx_word' id='word_1_613' title='bbox 1302 2174 1362 2196; x_wconf 87' lang='lat' dir='ltr'><strong>esse</strong></span> <span class='ocrx_word' id='word_1_614' title='bbox 1379 2167 1588 2199; x_wconf 87' lang='lat' dir='ltr'><strong>dissonantiam,</strong></span> <span class='ocrx_word' id='word_1_615' title='bbox 1614 2171 1778 2202; x_wconf 83' lang='lat' dir='ltr'><strong>praestatque</strong></span> 
     </span>
    </p>
   </div>
   <div class='ocr_carea' id='block_1_91' title="bbox 990 2212 1780 2248">
    <p class='ocr_par' dir='ltr' id='par_1_91' title="bbox 990 2212 1780 2248">
     <span class='ocr_line' id='line_1_92' title="bbox 990 2212 1780 2248; baseline -0.001 -7"><span class='ocrx_word' id='word_1_616' title='bbox 990 2222 1050 2242; x_wconf 90' lang='lat' dir='ltr'><strong>eam</strong></span> <span class='ocrx_word' id='word_1_617' title='bbox 1076 2214 1151 2248; x_wconf 88' lang='lat' dir='ltr'><strong>sequi</strong></span> <span class='ocrx_word' id='word_1_618' title='bbox 1167 2213 1338 2246; x_wconf 87' lang='lat' dir='ltr'><strong>sententiam,</strong></span> <span class='ocrx_word' id='word_1_619' title='bbox 1359 2213 1386 2240; x_wconf 91' lang='lat' dir='ltr'><strong>in</strong></span> <span class='ocrx_word' id='word_1_620' title='bbox 1401 2220 1454 2248; x_wconf 89' lang='lat' dir='ltr'><strong>qua</strong></span> <span class='ocrx_word' id='word_1_621' title='bbox 1480 2213 1552 2240; x_wconf 88' lang='lat' dir='ltr'><strong>nulla</strong></span> <span class='ocrx_word' id='word_1_622' title='bbox 1581 2217 1623 2241; x_wconf 86' lang='lat' dir='ltr'><strong>est</strong></span> <span class='ocrx_word' id='word_1_623' title='bbox 1642 2212 1723 2241; x_wconf 83' lang='lat' dir='ltr'><strong>alieni</strong></span> <span class='ocrx_word' id='word_1_624' title='bbox 1734 2220 1780 2240; x_wconf 88' lang='lat' dir='ltr'><strong>er.</strong></span> 
     </span>
    </p>
   </div>
   <div class='ocr_carea' id='block_1_92' title="bbox 150 2259 938 2299">
    <p class='ocr_par' dir='ltr' id='par_1_92' title="bbox 150 2261 937 2299">
     <span class='ocr_line' id='line_1_93' title="bbox 150 2261 937 2299; baseline 0 -10"><span class='ocrx_word' id='word_1_625' title='bbox 150 2262 226 2289; x_wconf 69' lang='grc' dir='ltr'>ἐστὶν</span> <span class='ocrx_word' id='word_1_626' title='bbox 241 2262 383 2299; x_wconf 83' lang='grc' dir='ltr'>ἀλλοτρίας</span> <span class='ocrx_word' id='word_1_627' title='bbox 409 2262 512 2297; x_wconf 83' lang='grc' dir='ltr'>πλάνης</span> <span class='ocrx_word' id='word_1_628' title='bbox 532 2262 579 2289; x_wconf 71' lang='grc' dir='ltr'><strong>καὶ</strong></span> <span class='ocrx_word' id='word_1_629' title='bbox 595 2262 791 2298; x_wconf 83' lang='grc' dir='ltr'>ἁμαρτήματος</span> <span class='ocrx_word' id='word_1_630' title='bbox 804 2261 937 2297; x_wconf 71' lang='grc' dir='ltr'>ἐπιμιξία.</span> 
     </span>
    </p>
   </div>
   <div class='ocr_carea' id='block_1_93' title="bbox 992 2259 1653 2299">
    <p class='ocr_par' dir='ltr' id='par_1_93' title="bbox 992 2259 1653 2296">
     <span class='ocr_line' id='line_1_94' title="bbox 992 2259 1653 2296; baseline -0.002 -6"><span class='ocrx_word' id='word_1_631' title='bbox 992 2261 1062 2290; x_wconf 85' lang='lat' dir='ltr'><strong>roris</strong></span> <span class='ocrx_word' id='word_1_632' title='bbox 1076 2259 1241 2295; x_wconf 88' lang='lat' dir='ltr'><strong>scelerisque</strong></span> <span class='ocrx_word' id='word_1_633' title='bbox 1257 2259 1376 2289; x_wconf 88' lang='lat' dir='ltr'><strong>societas</strong></span> <span class='ocrx_word' id='word_1_634' title='bbox 1387 2265 1468 2296; x_wconf 88' lang='lat' dir='ltr'><strong>atque</strong></span> <span class='ocrx_word' id='word_1_635' title='bbox 1484 2260 1653 2289; x_wconf 73' lang='lat' dir='ltr'><strong>communio.</strong></span> 
     </span>
    </p>
   </div>
   <div class='ocr_carea' id='block_1_94' title="bbox 186 2336 935 2375">
    <p class='ocr_par' dir='ltr' id='par_1_94' title="bbox 186 2336 935 2375">
     <span class='ocr_line' id='line_1_95' title="bbox 186 2336 935 2375; baseline -0.007 -8"><span class='ocrx_word' id='word_1_636' title='bbox 186 2338 241 2375; x_wconf 82' lang='lat'>(69)</span> <span class='ocrx_word' id='word_1_637' title='bbox 248 2338 328 2374; x_wconf 81' lang='lat' dir='ltr'><strong>Vulg.</strong></span> <span class='ocrx_word' id='word_1_638' title='bbox 338 2339 458 2375; x_wconf 75' lang='grc' dir='ltr'><strong>ἑτέρους</strong></span> <span class='ocrx_word' id='word_1_639' title='bbox 462 2338 521 2373; x_wconf 82' lang='grc' dir='ltr'><strong>μὲν</strong></span> <span class='ocrx_word' id='word_1_640' title='bbox 529 2337 595 2375; x_wconf 74' lang='grc' dir='ltr'>ταῖς</span> <span class='ocrx_word' id='word_1_641' title='bbox 603 2337 757 2375; x_wconf 50' lang='grc' dir='ltr'>νηστείαις</span> <span class='ocrx_word' id='word_1_642' title='bbox 768 2336 935 2375; x_wconf 63' lang='grc' dir='ltr'>σχολιίζειν,</span> 
     </span>
    </p>
   </div>
   <div class='ocr_carea' id='block_1_95' title="bbox 150 2371 937 2410">
    <p class='ocr_par' dir='ltr' id='par_1_95' title="bbox 150 2371 937 2410">
     <span class='ocr_line' id='line_1_96' title="bbox 150 2371 937 2410; baseline -0.004 -9"><span class='ocrx_word' id='word_1_643' title='bbox 150 2371 279 2409; x_wconf 73' lang='lat' dir='ltr'><strong>lntelligit</strong></span> <span class='ocrx_word' id='word_1_644' title='bbox 295 2371 496 2410; x_wconf 25' lang='lat' dir='ltr'><strong>citputrjejunii,</strong></span> <span class='ocrx_word' id='word_1_645' title='bbox 507 2374 583 2410; x_wconf 72' lang='lat' dir='ltr'><strong>quod</strong></span> <span class='ocrx_word' id='word_1_646' title='bbox 602 2373 797 2410; x_wconf 77' lang='lat' dir='ltr'><strong>alio_te_tnp_ore</strong></span> <span class='ocrx_word' id='word_1_647' title='bbox 817 2380 840 2410; x_wconf 82' lang='lat' dir='ltr'><strong>a_</strong></span> <span class='ocrx_word' id='word_1_648' title='bbox 851 2371 937 2410; x_wconf 80' lang='lat' dir='ltr'><strong>Quar-</strong></span> 
     </span>
    </p>
   </div>
   <div class='ocr_carea' id='block_1_96' title="bbox 151 2407 936 2443">
    <p class='ocr_par' dir='ltr' id='par_1_96' title="bbox 151 2407 936 2443">
     <span class='ocr_line' id='line_1_97' title="bbox 151 2407 936 2443; baseline -0.003 -8"><span class='ocrx_word' id='word_1_649' title='bbox 151 2407 340 2442; x_wconf 60' lang='lat' dir='ltr'><strong>tadecilnanis&#39;,</strong></span> <span class='ocrx_word' id='word_1_650' title='bbox 358 2407 419 2436; x_wconf 80' lang='lat' dir='ltr'><strong>alio</strong></span> <span class='ocrx_word' id='word_1_651' title='bbox 435 2417 449 2436; x_wconf 87' lang='lat' dir='ltr'><strong>a</strong></span> <span class='ocrx_word' id='word_1_652' title='bbox 476 2407 589 2443; x_wconf 86' lang='lat' dir='ltr'><strong>reliquis</strong></span> <span class='ocrx_word' id='word_1_653' title='bbox 605 2408 773 2443; x_wconf 80' lang='lat' dir='ltr'><strong>Christianis</strong></span> <span class='ocrx_word' id='word_1_654' title='bbox 788 2407 936 2443; x_wconf 86' lang='lat' dir='ltr'><strong>inchoaba-</strong></span> 
     </span>
    </p>
   </div>
   <div class='ocr_carea' id='block_1_97' title="bbox 152 2442 935 2479">
    <p class='ocr_par' dir='ltr' id='par_1_97' title="bbox 152 2442 935 2479">
     <span class='ocr_line' id='line_1_98' title="bbox 152 2442 935 2479; baseline -0.003 -9"><span class='ocrx_word' id='word_1_655' title='bbox 152 2451 207 2472; x_wconf 87' lang='lat' dir='ltr'><strong>tur.</strong></span> <span class='ocrx_word' id='word_1_656' title='bbox 233 2445 314 2473; x_wconf 91' lang='lat' dir='ltr'><strong>Certe</strong></span> <span class='ocrx_word' id='word_1_657' title='bbox 338 2445 370 2472; x_wconf 88' lang='lat' dir='ltr'><strong>de</strong></span> <span class='ocrx_word' id='word_1_658' title='bbox 386 2445 474 2479; x_wconf 86' lang='lat' dir='ltr'><strong>capite</strong></span> <span class='ocrx_word' id='word_1_659' title='bbox 498 2442 592 2479; x_wconf 85' lang='lat' dir='ltr'><strong>jejnnii</strong></span> <span class='ocrx_word' id='word_1_660' title='bbox 610 2443 668 2470; x_wconf 70' lang='lat' dir='ltr'><strong>limo</strong></span> <span class='ocrx_word' id='word_1_661' title='bbox 689 2442 845 2479; x_wconf 72' lang='lat' dir='ltr'><strong>accipienda</strong></span> <span class='ocrx_word' id='word_1_662' title='bbox 865 2449 935 2479; x_wconf 72' lang='lat' dir='ltr'><strong>esse,</strong></span> 
     </span>
    </p>
   </div>
   <div class='ocr_carea' id='block_1_98' title="bbox 151 2477 936 2515">
    <p class='ocr_par' dir='ltr' id='par_1_98' title="bbox 151 2477 936 2515">
     <span class='ocr_line' id='line_1_99' title="bbox 151 2477 936 2515; baseline -0.005 -8"><span class='ocrx_word' id='word_1_663' title='bbox 151 2481 250 2508; x_wconf 86' lang='lat' dir='ltr'><strong>docent</strong></span> <span class='ocrx_word' id='word_1_664' title='bbox 263 2488 323 2515; x_wconf 78' lang='lat' dir='ltr'><strong>quze</strong></span> <span class='ocrx_word' id='word_1_665' title='bbox 339 2477 489 2514; x_wconf 76' lang='lat' dir='ltr'><strong>sequuntur</strong></span> <span class='ocrx_word' id='word_1_666' title='bbox 498 2477 536 2506; x_wconf 74' lang='lat' dir='ltr'><strong>de</strong></span> <span class='ocrx_word' id='word_1_667' title='bbox 549 2478 644 2515; x_wconf 83' lang='lat' dir='ltr'><strong>diebus</strong></span> <span class='ocrx_word' id='word_1_668' title='bbox 659 2483 719 2515; x_wconf 82' lang='lat' dir='ltr'><strong>post</strong></span> <span class='ocrx_word' id='word_1_669' title='bbox 730 2477 849 2515; x_wconf 53' lang='lat' dir='ltr'><strong>Pascha.</strong></span> <span class='ocrx_word' id='word_1_670' title='bbox 861 2477 936 2515; x_wconf 72' lang='lat' dir='ltr'><strong>Alio-</strong></span> 
     </span>
    </p>
   </div>
   <div class='ocr_carea' id='block_1_99' title="bbox 151 2511 936 2549">
    <p class='ocr_par' dir='ltr' id='par_1_99' title="bbox 151 2511 936 2549">
     <span class='ocr_line' id='line_1_100' title="bbox 151 2511 936 2549; baseline -0.004 -8"><span class='ocrx_word' id='word_1_671' title='bbox 151 2515 198 2549; x_wconf 89' lang='lat' dir='ltr'><strong>qui</strong></span> <span class='ocrx_word' id='word_1_672' title='bbox 215 2511 348 2549; x_wconf 81' lang='lat' dir='ltr'><strong>supérllua</strong></span> <span class='ocrx_word' id='word_1_673' title='bbox 361 2511 434 2542; x_wconf 76' lang='lat' dir='ltr'><strong>esset</strong></span> <span class='ocrx_word' id='word_1_674' title='bbox 446 2515 581 2548; x_wconf 88' lang='lat' dir='ltr'><strong>repetitio.</strong></span> <span class='ocrx_word' id='word_1_675' title='bbox 611 2514 640 2541; x_wconf 86' lang='lat' dir='ltr'><strong>Si</strong></span> <span class='ocrx_word' id='word_1_676' title='bbox 655 2511 714 2547; x_wconf 81' lang='lat' dir='ltr'><strong>quis</strong></span> <span class='ocrx_word' id='word_1_677' title='bbox 730 2511 866 2549; x_wconf 81' lang='lat' dir='ltr'><strong>tamen_de</strong></span> <span class='ocrx_word' id='word_1_678' title='bbox 883 2512 936 2539; x_wconf 86' lang='lat' dir='ltr'><strong>line</strong></span> 
     </span>
    </p>
   </div>
   <div class='ocr_carea' id='block_1_100' title="bbox 149 2546 934 2586">
    <p class='ocr_par' dir='ltr' id='par_1_100' title="bbox 149 2546 934 2586">
     <span class='ocr_line' id='line_1_101' title="bbox 149 2546 934 2586; baseline -0.003 -10"><span class='ocrx_word' id='word_1_679' title='bbox 149 2546 256 2586; x_wconf 61' lang='lat' dir='ltr'><strong>jejunii&#39;</strong></span> <span class='ocrx_word' id='word_1_680' title='bbox 267 2546 515 2586; x_wconf 74' lang='lat' dir='ltr'><strong>Qttadragesimalis</strong></span> <span class='ocrx_word' id='word_1_681' title='bbox 531 2550 589 2576; x_wconf 65' lang='lat' dir='ltr'><strong>haec</strong></span> <span class='ocrx_word' id='word_1_682' title='bbox 610 2546 762 2586; x_wconf 68' lang='lat' dir='ltr'><strong>intelligere</strong></span> <span class='ocrx_word' id='word_1_683' title='bbox 774 2546 869 2586; x_wconf 52' lang='lat' dir='ltr'><strong>malit,</strong></span> <span class='ocrx_word' id='word_1_684' title='bbox 882 2555 934 2574; x_wconf 90' lang='lat' dir='ltr'><strong>nou</strong></span> 
     </span>
    </p>
   </div>
   <div class='ocr_carea' id='block_1_101' title="bbox 152 2581 935 2620">
    <p class='ocr_par' dir='ltr' id='par_1_101' title="bbox 152 2581 935 2620">
     <span class='ocr_line' id='line_1_102' title="bbox 152 2581 935 2620; baseline -0.004 -8"><span class='ocrx_word' id='word_1_685' title='bbox 152 2581 318 2619; x_wconf 76' lang='lat' dir='ltr'><strong>repugnabo.</strong></span> <span class='ocrx_word' id='word_1_686' title='bbox 332 2581 399 2620; x_wconf 76' lang='lat' dir='ltr'><strong>Vide</strong></span> <span class='ocrx_word' id='word_1_687' title='bbox 423 2584 650 2620; x_wconf 78' lang='lat' dir='ltr'><strong>Chrysostomum</strong></span> <span class='ocrx_word' id='word_1_688' title='bbox 663 2584 689 2610; x_wconf 93' lang='lat' dir='ltr'><strong>in</strong></span> <span class='ocrx_word' id='word_1_689' title='bbox 700 2581 827 2620; x_wconf 30' lang='lat' dir='ltr'><strong>‘ltomilia_</strong></span> <span class='ocrx_word' id='word_1_690' title='bbox 835 2583 935 2620; x_wconf 73' lang='lat' dir='ltr'><strong>adver-</strong></span> 
     </span>
    </p>
   </div>
   <div class='ocr_carea' id='block_1_102' title="bbox 151 2616 874 2654">
    <p class='ocr_par' dir='ltr' id='par_1_102' title="bbox 151 2616 874 2654">
     <span class='ocr_line' id='line_1_103' title="bbox 151 2616 874 2654; baseline -0.006 -7"><span class='ocrx_word' id='word_1_691' title='bbox 151 2616 198 2648; x_wconf 75' lang='lat' dir='ltr'><strong>sus</strong></span> <span class='ocrx_word' id='word_1_692' title='bbox 210 2616 259 2647; x_wconf 59' lang='lat' dir='ltr'><strong>e&#39;os</strong></span> <span class='ocrx_word' id='word_1_693' title='bbox 273 2619 319 2653; x_wconf 88' lang='lat' dir='ltr'><strong>qui</strong></span> <span class='ocrx_word' id='word_1_694' title='bbox 335 2619 424 2654; x_wconf 69' lang='lat' dir='ltr'><strong>primo</strong></span> <span class='ocrx_word' id='word_1_695' title='bbox 437 2616 539 2646; x_wconf 76' lang='lat' dir='ltr'><strong>Pascha</strong></span> <span class='ocrx_word' id='word_1_696' title='bbox 550 2619 721 2654; x_wconf 80' lang='lat' dir='ltr'><strong>jejunabant,</strong></span> <span class='ocrx_word' id='word_1_697' title='bbox 736 2625 798 2652; x_wconf 83' lang='lat' dir='ltr'><strong>pag.</strong></span> <span class='ocrx_word' id='word_1_698' title='bbox 812 2616 874 2654; x_wconf 61' lang='lat' dir='ltr'><strong>litt.</strong></span> 
     </span>
    </p>
   </div>
   <div class='ocr_carea' id='block_1_103' title="bbox 188 2651 936 2689">
    <p class='ocr_par' dir='ltr' id='par_1_103' title="bbox 188 2651 936 2689">
     <span class='ocr_line' id='line_1_104' title="bbox 188 2651 936 2689; baseline -0.003 -8"><span class='ocrx_word' id='word_1_699' title='bbox 188 2655 243 2688; x_wconf 89' lang='lat'>(70)</span> <span class='ocrx_word' id='word_1_700' title='bbox 262 2651 342 2689; x_wconf 61' lang='lat' dir='ltr'><strong>Vulg.</strong></span> <span class='ocrx_word' id='word_1_701' title='bbox 359 2651 394 2681; x_wconf 87' lang='grc' dir='ltr'>οὗ</span> <span class='ocrx_word' id='word_1_702' title='bbox 408 2654 520 2681; x_wconf 79' lang='grc' dir='ltr'><strong>ἕνεκεν.</strong></span> <span class='ocrx_word' id='word_1_703' title='bbox 539 2651 614 2688; x_wconf 63' lang='lat' dir='ltr'><strong>Apud</strong></span> <span class='ocrx_word' id='word_1_704' title='bbox 641 2651 801 2689; x_wconf 39' lang='lat' dir='ltr'><strong>Socratem;</strong></span> <span class='ocrx_word' id='word_1_705' title='bbox 812 2651 936 2689; x_wconf 76' lang='lat' dir='ltr'><strong>Tlieodo-</strong></span> 
     </span>
    </p>
   </div>
   <div class='ocr_carea' id='block_1_104' title="bbox 153 2684 933 2723">
    <p class='ocr_par' dir='ltr' id='par_1_104' title="bbox 153 2684 933 2723">
     <span class='ocr_line' id='line_1_105' title="bbox 153 2684 933 2723; baseline -0.004 -7"><span class='ocrx_word' id='word_1_706' title='bbox 153 2684 245 2722; x_wconf 68' lang='lat' dir='ltr'><strong>ritum,</strong></span> <span class='ocrx_word' id='word_1_707' title='bbox 260 2684 398 2718; x_wconf 70' lang='lat' dir='ltr'><strong>Gelasium</strong></span> <span class='ocrx_word' id='word_1_708' title='bbox 411 2697 443 2716; x_wconf 86' lang='lat' dir='ltr'><strong>ac</strong></span> <span class='ocrx_word' id='word_1_709' title='bbox 458 2684 639 2721; x_wconf 79' lang='lat' dir='ltr'><strong>Nicephorum</strong></span> <span class='ocrx_word' id='word_1_710' title='bbox 653 2689 749 2723; x_wconf 79' lang='lat' dir='ltr'><strong>legitur</strong></span> <span class='ocrx_word' id='word_1_711' title='bbox 763 2696 769 2714; x_wconf 85' lang='lat'><strong>:</strong></span> <span class='ocrx_word' id='word_1_712' title='bbox 784 2684 933 2723; x_wconf 65' lang='lat' dir='ltr'><strong>tbvi-ivaxav.</strong></span> 
     </span>
    </p>
   </div>
   <div class='ocr_carea' id='block_1_105' title="bbox 152 2721 934 2756">
    <p class='ocr_par' dir='ltr' id='par_1_105' title="bbox 152 2721 934 2756">
     <span class='ocr_line' id='line_1_106' title="bbox 152 2721 934 2756; baseline -0.004 -5"><span class='ocrx_word' id='word_1_713' title='bbox 152 2724 247 2753; x_wconf 77' lang='lat' dir='ltr'><strong>Melius</strong></span> <span class='ocrx_word' id='word_1_714' title='bbox 266 2730 354 2751; x_wconf 79' lang='lat' dir='ltr'><strong>tamen</strong></span> <span class='ocrx_word' id='word_1_715' title='bbox 380 2728 450 2752; x_wconf 76' lang='lat' dir='ltr'><strong>esset</strong></span> <span class='ocrx_word' id='word_1_716' title='bbox 478 2723 580 2750; x_wconf 86' lang='grc' dir='ltr'>τούτων</span> <span class='ocrx_word' id='word_1_717' title='bbox 603 2721 705 2756; x_wconf 71' lang='grc' dir='ltr'>ἕνεκεν,</span> <span class='ocrx_word' id='word_1_718' title='bbox 732 2723 773 2749; x_wconf 86' lang='lat' dir='ltr'><strong>vel</strong></span> <span class='ocrx_word' id='word_1_719' title='bbox 788 2721 892 2754; x_wconf 83' lang='grc' dir='ltr'>τούτου,</span> <span class='ocrx_word' id='word_1_720' title='bbox 907 2727 934 2749; x_wconf 82' lang='grc' dir='ltr'><strong>ιιι</strong></span> 
     </span>
    </p>
   </div>
   <div class='ocr_carea' id='block_1_106' title="bbox 151 2757 935 2795">
    <p class='ocr_par' dir='ltr' id='par_1_106' title="bbox 151 2757 935 2795">
     <span class='ocr_line' id='line_1_107' title="bbox 151 2757 935 2795; baseline -0.001 -10"><span class='ocrx_word' id='word_1_721' title='bbox 151 2768 243 2793; x_wconf 73' lang='lat' dir='ltr'><strong>supra.</strong></span> <span class='ocrx_word' id='word_1_722' title='bbox 280 2759 307 2786; x_wconf 90' lang='lat' dir='ltr'><strong>lu</strong></span> <span class='ocrx_word' id='word_1_723' title='bbox 336 2760 522 2795; x_wconf 83' lang='lat' dir='ltr'><strong>manuscripto</strong></span> <span class='ocrx_word' id='word_1_724' title='bbox 546 2759 638 2795; x_wconf 84' lang='lat' dir='ltr'><strong>codice</strong></span> <span class='ocrx_word' id='word_1_725' title='bbox 669 2757 779 2795; x_wconf 17' lang='lat' dir='ltr'><strong>Fuketiir</strong></span> <span class='ocrx_word' id='word_1_726' title='bbox 807 2757 935 2785; x_wconf 86' lang='lat' dir='ltr'><strong>scribitur</strong></span> 
     </span>
    </p>
   </div>
   <div class='ocr_carea' id='block_1_107' title="bbox 150 2793 834 2829">
    <p class='ocr_par' dir='ltr' id='par_1_107' title="bbox 150 2793 834 2829">
     <span class='ocr_line' id='line_1_108' title="bbox 150 2793 834 2829; baseline -0.003 -8"><span class='ocrx_word' id='word_1_727' title='bbox 150 2794 247 2822; x_wconf 82' lang='grc' dir='ltr'>τούτου</span> <span class='ocrx_word' id='word_1_728' title='bbox 264 2796 368 2827; x_wconf 68' lang='grc' dir='ltr'>ἕνεκεν,</span> <span class='ocrx_word' id='word_1_729' title='bbox 382 2802 468 2829; x_wconf 83' lang='lat' dir='ltr'><strong>neque</strong></span> <span class='ocrx_word' id='word_1_730' title='bbox 477 2793 561 2821; x_wconf 75' lang='lat' dir='ltr'><strong>aliter</strong></span> <span class='ocrx_word' id='word_1_731' title='bbox 574 2794 599 2821; x_wconf 91' lang='lat' dir='ltr'><strong>in</strong></span> <span class='ocrx_word' id='word_1_732' title='bbox 615 2794 734 2821; x_wconf 83' lang='lat' dir='ltr'><strong>Turncbi</strong></span> <span class='ocrx_word' id='word_1_733' title='bbox 754 2793 834 2829; x_wconf 83' lang='lat' dir='ltr'><strong>libro.</strong></span> 
     </span>
    </p>
   </div>
   <div class='ocr_carea' id='block_1_108' title="bbox 187 2827 935 2866">
    <p class='ocr_par' dir='ltr' id='par_1_108' title="bbox 187 2827 935 2866">
     <span class='ocr_line' id='line_1_109' title="bbox 187 2827 935 2866; baseline -0.001 -10"><span class='ocrx_word' id='word_1_734' title='bbox 187 2830 243 2866; x_wconf 82' lang='lat' dir='ltr'>(7t)</span> <span class='ocrx_word' id='word_1_735' title='bbox 260 2831 379 2866; x_wconf 77' lang='grc' dir='ltr'><strong>Λιϐύας.</strong></span> <span class='ocrx_word' id='word_1_736' title='bbox 396 2827 569 2864; x_wconf 79' lang='lat' dir='ltr'><strong>Transposita</strong></span> <span class='ocrx_word' id='word_1_737' title='bbox 584 2830 627 2857; x_wconf 82' lang='lat' dir='ltr'><strong>hic</strong></span> <span class='ocrx_word' id='word_1_738' title='bbox 640 2837 699 2866; x_wconf 68' lang='lat' dir='ltr'><strong>esse</strong></span> <span class='ocrx_word' id='word_1_739' title='bbox 712 2827 842 2866; x_wconf 67' lang='lat' dir='ltr'><strong>voeabula</strong></span> <span class='ocrx_word' id='word_1_740' title='bbox 856 2834 935 2866; x_wconf 82' lang='lat' dir='ltr'><strong>nemo</strong></span> 
     </span>
    </p>
   </div>
   <div class='ocr_carea' id='block_1_109' title="bbox 154 2863 934 2900">
    <p class='ocr_par' dir='ltr' id='par_1_109' title="bbox 154 2863 934 2900">
     <span class='ocr_line' id='line_1_110' title="bbox 154 2863 934 2900; baseline -0.001 -9"><span class='ocrx_word' id='word_1_741' title='bbox 154 2873 207 2892; x_wconf 86' lang='lat' dir='ltr'><strong>non</strong></span> <span class='ocrx_word' id='word_1_742' title='bbox 233 2863 316 2900; x_wconf 55' lang='lat' dir='ltr'><strong>videt.</strong></span> <span class='ocrx_word' id='word_1_743' title='bbox 341 2865 450 2892; x_wconf 85' lang='lat' dir='ltr'><strong>ltectius</strong></span> <span class='ocrx_word' id='word_1_744' title='bbox 472 2863 564 2900; x_wconf 84' lang='lat' dir='ltr'><strong>itaque</strong></span> <span class='ocrx_word' id='word_1_745' title='bbox 587 2865 656 2900; x_wconf 88' lang='lat' dir='ltr'><strong>apud</strong></span> <span class='ocrx_word' id='word_1_746' title='bbox 671 2863 807 2900; x_wconf 81' lang='lat' dir='ltr'><strong>Gelasium</strong></span> <span class='ocrx_word' id='word_1_747' title='bbox 823 2863 934 2900; x_wconf 71' lang='lat' dir='ltr'><strong>Cy_z_ice-</strong></span> 
     </span>
    </p>
   </div>
   <div class='ocr_carea' id='block_1_110' title="bbox 152 2897 932 2937">
    <p class='ocr_par' dir='ltr' id='par_1_110' title="bbox 152 2897 932 2937">
     <span class='ocr_line' id='line_1_111' title="bbox 152 2897 932 2937; baseline -0.005 -8"><span class='ocrx_word' id='word_1_748' title='bbox 152 2908 215 2929; x_wconf 81' lang='lat' dir='ltr'><strong>num</strong></span> <span class='ocrx_word' id='word_1_749' title='bbox 233 2899 330 2937; x_wconf 74' lang='lat' dir='ltr'><strong>legitur</strong></span> <span class='ocrx_word' id='word_1_750' title='bbox 340 2900 511 2937; x_wconf 84' lang='grc' dir='ltr'>Βρεττανίας,</span> <span class='ocrx_word' id='word_1_751' title='bbox 521 2897 667 2936; x_wconf 69' lang='grc' dir='ltr'>Ἀἴγυπτόν</span> <span class='ocrx_word' id='word_1_752' title='bbox 690 2908 718 2926; x_wconf 86' lang='grc' dir='ltr'>τε</span> <span class='ocrx_word' id='word_1_753' title='bbox 745 2898 791 2926; x_wconf 82' lang='grc' dir='ltr'>καὶ</span> <span class='ocrx_word' id='word_1_754' title='bbox 817 2897 932 2930; x_wconf 74' lang='grc' dir='ltr'>Λιϐύας·</span> 
     </span>
    </p>
   </div>
   <div class='ocr_carea' id='block_1_111' title="bbox 991 2338 1714 2375">
    <p class='ocr_par' dir='ltr' id='par_1_111' title="bbox 991 2338 1714 2375">
     <span class='ocr_line' id='line_1_112' title="bbox 991 2338 1714 2375; baseline -0.004 -8"><span class='ocrx_word' id='word_1_755' title='bbox 991 2340 1118 2375; x_wconf 83' lang='lat' dir='ltr'><strong>Socrates</strong></span> <span class='ocrx_word' id='word_1_756' title='bbox 1131 2345 1199 2375; x_wconf 81' lang='lat' dir='ltr'><strong>vero</strong></span> <span class='ocrx_word' id='word_1_757' title='bbox 1206 2338 1416 2375; x_wconf 70' lang='lat' dir='ltr'><strong>liabetAt6&#39;5-qv,</strong></span> <span class='ocrx_word' id='word_1_758' title='bbox 1431 2339 1501 2375; x_wconf 57' lang='lat' dir='ltr'><strong>thod</strong></span> <span class='ocrx_word' id='word_1_759' title='bbox 1519 2338 1605 2375; x_wconf 77' lang='lat' dir='ltr'><strong>magis</strong></span> <span class='ocrx_word' id='word_1_760' title='bbox 1617 2338 1714 2375; x_wconf 60' lang='lat' dir='ltr'><strong>probo.</strong></span> 
     </span>
    </p>
   </div>
   <div class='ocr_carea' id='block_1_112' title="bbox 1027 2372 1780 2410">
    <p class='ocr_par' dir='ltr' id='par_1_112' title="bbox 1027 2372 1780 2410">
     <span class='ocr_line' id='line_1_113' title="bbox 1027 2372 1780 2410; baseline 0 -10"><span class='ocrx_word' id='word_1_761' title='bbox 1027 2373 1236 2410; x_wconf 54' lang='grc' dir='ltr'>(72)]Ακριϐὴς</span> <span class='ocrx_word' id='word_1_762' title='bbox 1248 2374 1348 2410; x_wconf 65' lang='grc' dir='ltr'>λόγος.</span> <span class='ocrx_word' id='word_1_763' title='bbox 1362 2372 1447 2410; x_wconf 61' lang='grc' dir='ltr'>Αἰνιιᾶ</span> <span class='ocrx_word' id='word_1_764' title='bbox 1455 2372 1687 2410; x_wconf 71' lang='lat' dir='ltr'><strong>Tlieodoritumet</strong></span> <span class='ocrx_word' id='word_1_765' title='bbox 1699 2372 1780 2401; x_wconf 85' lang='lat' dir='ltr'><strong>Gela-</strong></span> 
     </span>
    </p>
   </div>
   <div class='ocr_carea' id='block_1_113' title="bbox 991 2407 1779 2445">
    <p class='ocr_par' dir='ltr' id='par_1_113' title="bbox 991 2407 1779 2445">
     <span class='ocr_line' id='line_1_114' title="bbox 991 2407 1779 2445; baseline -0.001 -8"><span class='ocrx_word' id='word_1_766' title='bbox 991 2407 1245 2445; x_wconf 16' lang='lat' dir='ltr'><strong>siu‘mr&#39;Cyrzicenuni</strong></span> <span class='ocrx_word' id='word_1_767' title='bbox 1266 2407 1364 2445; x_wconf 68' lang='lat' dir='ltr'><strong>legitur</strong></span> <span class='ocrx_word' id='word_1_768' title='bbox 1376 2409 1517 2445; x_wconf 82' lang='grc' dir='ltr'>λογισμός,</span> <span class='ocrx_word' id='word_1_769' title='bbox 1529 2409 1601 2444; x_wconf 88' lang='lat' dir='ltr'><strong>quod</strong></span> <span class='ocrx_word' id='word_1_770' title='bbox 1619 2407 1686 2445; x_wconf 83' lang='lat' dir='ltr'><strong>mihi</strong></span> <span class='ocrx_word' id='word_1_771' title='bbox 1701 2413 1779 2445; x_wconf 75' lang='lat' dir='ltr'><strong>certe</strong></span> 
     </span>
    </p>
   </div>
   <div class='ocr_carea' id='block_1_114' title="bbox 991 2443 1776 2480">
    <p class='ocr_par' dir='ltr' id='par_1_114' title="bbox 991 2443 1776 2480">
     <span class='ocr_line' id='line_1_115' title="bbox 991 2443 1776 2480; baseline -0.003 -8"><span class='ocrx_word' id='word_1_772' title='bbox 991 2454 1043 2474; x_wconf 90' lang='lat' dir='ltr'><strong>non</strong></span> <span class='ocrx_word' id='word_1_773' title='bbox 1055 2443 1197 2480; x_wconf 81' lang='lat' dir='ltr'><strong>displicet;</strong></span> <span class='ocrx_word' id='word_1_774' title='bbox 1217 2448 1246 2470; x_wconf 92' lang='lat' dir='ltr'><strong>ut</strong></span> <span class='ocrx_word' id='word_1_775' title='bbox 1272 2444 1401 2480; x_wconf 84' lang='grc' dir='ltr'>λογισμός</span> <span class='ocrx_word' id='word_1_776' title='bbox 1418 2443 1488 2472; x_wconf 82' lang='lat' dir='ltr'><strong>idem</strong></span> <span class='ocrx_word' id='word_1_777' title='bbox 1517 2445 1552 2472; x_wconf 91' lang='lat' dir='ltr'><strong>sit</strong></span> <span class='ocrx_word' id='word_1_778' title='bbox 1575 2451 1608 2470; x_wconf 89' lang='lat' dir='ltr'><strong>ac</strong></span> <span class='ocrx_word' id='word_1_779' title='bbox 1626 2443 1776 2480; x_wconf 66' lang='grc' dir='ltr'>ψηφισῆόῇ</span> 
     </span>
    </p>
   </div>
   <div class='ocr_carea' id='block_1_115' title="bbox 991 2478 1777 2514">
    <p class='ocr_par' dir='ltr' id='par_1_115' title="bbox 991 2478 1777 2514">
     <span class='ocr_line' id='line_1_116' title="bbox 991 2478 1777 2514; baseline -0.003 -7"><span class='ocrx_word' id='word_1_780' title='bbox 991 2481 1016 2507; x_wconf 86' lang='lat' dir='ltr'><strong>id</strong></span> <span class='ocrx_word' id='word_1_781' title='bbox 1032 2483 1083 2512; x_wconf 81' lang='lat' dir='ltr'><strong>est,</strong></span> <span class='ocrx_word' id='word_1_782' title='bbox 1102 2478 1219 2513; x_wconf 82' lang='lat' dir='ltr'><strong>diligens</strong></span> <span class='ocrx_word' id='word_1_783' title='bbox 1238 2478 1416 2514; x_wconf 17' lang='lat' dir='ltr'><strong>rsuppnta‘tio;</strong></span> <span class='ocrx_word' id='word_1_784' title='bbox 1434 2480 1505 2506; x_wconf 89' lang='lat' dir='ltr'><strong>unde</strong></span> <span class='ocrx_word' id='word_1_785' title='bbox 1519 2484 1546 2506; x_wconf 88' lang='lat' dir='ltr'><strong>et</strong></span> <span class='ocrx_word' id='word_1_786' title='bbox 1570 2484 1714 2514; x_wconf 75' lang='lat' dir='ltr'><strong>computus</strong></span> <span class='ocrx_word' id='word_1_787' title='bbox 1723 2478 1777 2514; x_wconf 79' lang='lat' dir='ltr'><strong>Pa-</strong></span> 
     </span>
    </p>
   </div>
   <div class='ocr_carea' id='block_1_116' title="bbox 989 2513 1778 2550">
    <p class='ocr_par' dir='ltr' id='par_1_116' title="bbox 989 2513 1778 2550">
     <span class='ocr_line' id='line_1_117' title="bbox 989 2513 1778 2550; baseline -0.003 -8"><span class='ocrx_word' id='word_1_788' title='bbox 989 2515 1091 2542; x_wconf 79' lang='lat' dir='ltr'><strong>sclialis</strong></span> <span class='ocrx_word' id='word_1_789' title='bbox 1105 2519 1148 2550; x_wconf 80' lang='lat' dir='ltr'><strong>est</strong></span> <span class='ocrx_word' id='word_1_790' title='bbox 1166 2513 1326 2548; x_wconf 77' lang='lat' dir='ltr'><strong>appellatus.</strong></span> <span class='ocrx_word' id='word_1_791' title='bbox 1339 2515 1426 2542; x_wconf 81' lang='lat' dir='ltr'><strong>Aliter</strong></span> <span class='ocrx_word' id='word_1_792' title='bbox 1437 2516 1556 2550; x_wconf 82' lang='lat' dir='ltr'><strong>sumitur</strong></span> <span class='ocrx_word' id='word_1_793' title='bbox 1570 2514 1687 2550; x_wconf 77' lang='grc' dir='ltr'><strong>ἀκριϐὴς</strong></span> <span class='ocrx_word' id='word_1_794' title='bbox 1698 2513 1778 2548; x_wconf 86' lang='grc' dir='ltr'>λόγος</span> 
     </span>
    </p>
   </div>
   <div class='ocr_carea' id='block_1_117' title="bbox 990 2549 1795 2585">
    <p class='ocr_par' dir='ltr' id='par_1_117' title="bbox 990 2549 1795 2585">
     <span class='ocr_line' id='line_1_118' title="bbox 990 2549 1795 2585; baseline 0 -7"><span class='ocrx_word' id='word_1_795' title='bbox 990 2551 1017 2578; x_wconf 86' lang='lat' dir='ltr'><strong>iit</strong></span> <span class='ocrx_word' id='word_1_796' title='bbox 1031 2549 1146 2585; x_wconf 86' lang='lat' dir='ltr'><strong>epistola</strong></span> <span class='ocrx_word' id='word_1_797' title='bbox 1174 2550 1302 2585; x_wconf 72' lang='lat' dir='ltr'><strong>synodica</strong></span> <span class='ocrx_word' id='word_1_798' title='bbox 1317 2550 1425 2576; x_wconf 89' lang='lat' dir='ltr'><strong>concilii</strong></span> <span class='ocrx_word' id='word_1_799' title='bbox 1451 2549 1565 2582; x_wconf 59' lang='lat' dir='ltr'><strong>Nicazui,</strong></span> <span class='ocrx_word' id='word_1_800' title='bbox 1581 2549 1627 2576; x_wconf 91' lang='lat' dir='ltr'><strong>ubi</strong></span> <span class='ocrx_word' id='word_1_801' title='bbox 1640 2550 1728 2583; x_wconf 80' lang='lat' dir='ltr'><strong>agitur</strong></span> <span class='ocrx_word' id='word_1_802' title='bbox 1744 2551 1778 2577; x_wconf 84' lang='lat' dir='ltr'><strong>de</strong></span> <span class='ocrx_word' id='word_1_803' title='bbox 1789 2573 1795 2578; x_wconf 97' lang='lat'><strong>.</strong></span> 
     </span>
    </p>
   </div>
   <div class='ocr_carea' id='block_1_118' title="bbox 990 2583 1777 2620">
    <p class='ocr_par' dir='ltr' id='par_1_118' title="bbox 990 2583 1777 2620">
     <span class='ocr_line' id='line_1_119' title="bbox 990 2583 1777 2620; baseline 0 -8"><span class='ocrx_word' id='word_1_804' title='bbox 990 2583 1072 2614; x_wconf 80' lang='lat' dir='ltr'><strong>causa</strong></span> <span class='ocrx_word' id='word_1_805' title='bbox 1084 2583 1196 2612; x_wconf 64' lang='lat' dir='ltr'><strong>Meletii.</strong></span> <span class='ocrx_word' id='word_1_806' title='bbox 1207 2583 1273 2612; x_wconf 70' lang='lat' dir='ltr'><strong>Nam</strong></span> <span class='ocrx_word' id='word_1_807' title='bbox 1294 2585 1410 2620; x_wconf 76' lang='grc' dir='ltr'><strong>ἀκριϐὴς</strong></span> <span class='ocrx_word' id='word_1_808' title='bbox 1426 2585 1505 2619; x_wconf 86' lang='grc' dir='ltr'>λόγος</span> <span class='ocrx_word' id='word_1_809' title='bbox 1518 2584 1574 2612; x_wconf 77' lang='lat' dir='ltr'><strong>illic</strong></span> <span class='ocrx_word' id='word_1_810' title='bbox 1590 2586 1717 2620; x_wconf 3' lang='lat' dir='ltr'><strong>(sumitur</strong></span> <span class='ocrx_word' id='word_1_811' title='bbox 1729 2593 1777 2619; x_wconf 85' lang='lat' dir='ltr'><strong>pro</strong></span> 
     </span>
    </p>
   </div>
   <div class='ocr_carea' id='block_1_119' title="bbox 989 2619 1775 2654">
    <p class='ocr_par' dir='ltr' id='par_1_119' title="bbox 989 2619 1775 2654">
     <span class='ocr_line' id='line_1_120' title="bbox 989 2619 1775 2654; baseline -0.003 -6"><span class='ocrx_word' id='word_1_812' title='bbox 989 2622 1085 2648; x_wconf 88' lang='lat' dir='ltr'><strong>stricto</strong></span> <span class='ocrx_word' id='word_1_813' title='bbox 1094 2621 1166 2654; x_wconf 90' lang='lat' dir='ltr'><strong>jure,</strong></span> <span class='ocrx_word' id='word_1_814' title='bbox 1176 2624 1204 2646; x_wconf 83' lang='lat' dir='ltr'><strong>et</strong></span> <span class='ocrx_word' id='word_1_815' title='bbox 1214 2619 1360 2653; x_wconf 82' lang='lat' dir='ltr'><strong>opponitur</strong></span> <span class='ocrx_word' id='word_1_816' title='bbox 1371 2619 1491 2654; x_wconf 76' lang='lat' dir='ltr'><strong>aequitati</strong></span> <span class='ocrx_word' id='word_1_817' title='bbox 1507 2627 1554 2652; x_wconf 76' lang='lat' dir='ltr'><strong>seu</strong></span> <span class='ocrx_word' id='word_1_818' title='bbox 1569 2619 1775 2653; x_wconf 78' lang='lat' dir='ltr'><strong>dispensationi.</strong></span> 
     </span>
    </p>
   </div>
   <div class='ocr_carea' id='block_1_120' title="bbox 1025 2653 1777 2692">
    <p class='ocr_par' dir='ltr' id='par_1_120' title="bbox 1025 2653 1777 2692">
     <span class='ocr_line' id='line_1_121' title="bbox 1025 2653 1777 2692; baseline -0.003 -10"><span class='ocrx_word' id='word_1_819' title='bbox 1025 2656 1081 2692; x_wconf 80' lang='grc'>(75)</span> <span class='ocrx_word' id='word_1_820' title='bbox 1096 2653 1157 2689; x_wconf 81' lang='grc' dir='ltr'><strong>Τῆς</strong></span> <span class='ocrx_word' id='word_1_821' title='bbox 1176 2654 1329 2692; x_wconf 68' lang='grc' dir='ltr'>Ἰουδαίων</span> <span class='ocrx_word' id='word_1_822' title='bbox 1352 2653 1515 2692; x_wconf 64' lang='grc' dir='ltr'>ἐπιορκίας.</span> <span class='ocrx_word' id='word_1_823' title='bbox 1536 2653 1634 2682; x_wconf 73' lang='lat' dir='ltr'><strong>Pertitli</strong></span> <span class='ocrx_word' id='word_1_824' title='bbox 1663 2662 1777 2692; x_wconf 88' lang='lat' dir='ltr'><strong>ac_per-</strong></span> 
     </span>
    </p>
   </div>
   <div class='ocr_carea' id='block_1_121' title="bbox 987 2689 1776 2726">
    <p class='ocr_par' dir='ltr' id='par_1_121' title="bbox 987 2689 1776 2726">
     <span class='ocr_line' id='line_1_122' title="bbox 987 2689 1776 2726; baseline -0.003 -8"><span class='ocrx_word' id='word_1_825' title='bbox 987 2689 1041 2726; x_wconf 79' lang='lat' dir='ltr'><strong>juri</strong></span> <span class='ocrx_word' id='word_1_826' title='bbox 1056 2689 1188 2718; x_wconf 73' lang='lat' dir='ltr'><strong>vbeantur</strong></span> <span class='ocrx_word' id='word_1_827' title='bbox 1202 2689 1298 2726; x_wconf 75' lang='lat' dir='ltr'><strong>Judaei,</strong></span> <span class='ocrx_word' id='word_1_828' title='bbox 1315 2691 1362 2725; x_wconf 90' lang='lat' dir='ltr'><strong>qui</strong></span> <span class='ocrx_word' id='word_1_829' title='bbox 1375 2697 1437 2717; x_wconf 89' lang='lat' dir='ltr'><strong>cum</strong></span> <span class='ocrx_word' id='word_1_830' title='bbox 1452 2690 1554 2718; x_wconf 91' lang='lat' dir='ltr'><strong>nullum</strong></span> <span class='ocrx_word' id='word_1_831' title='bbox 1573 2694 1670 2726; x_wconf 81' lang='lat' dir='ltr'><strong>praeter</strong></span> <span class='ocrx_word' id='word_1_832' title='bbox 1692 2689 1776 2717; x_wconf 86' lang='lat' dir='ltr'><strong>Deum</strong></span> 
     </span>
    </p>
   </div>
   <div class='ocr_carea' id='block_1_122' title="bbox 989 2725 1776 2762">
    <p class='ocr_par' dir='ltr' id='par_1_122' title="bbox 989 2725 1776 2762">
     <span class='ocr_line' id='line_1_123' title="bbox 989 2725 1776 2762; baseline -0.004 -8"><span class='ocrx_word' id='word_1_833' title='bbox 989 2725 1080 2762; x_wconf 78' lang='lat' dir='ltr'><strong>regem</strong></span> <span class='ocrx_word' id='word_1_834' title='bbox 1104 2733 1137 2752; x_wconf 86' lang='lat' dir='ltr'><strong>ac</strong></span> <span class='ocrx_word' id='word_1_835' title='bbox 1161 2725 1300 2762; x_wconf 79' lang='lat' dir='ltr'><strong>dominum</strong></span> <span class='ocrx_word' id='word_1_836' title='bbox 1323 2730 1514 2762; x_wconf 72' lang='lat' dir='ltr'><strong>agnoscerent,</strong></span> <span class='ocrx_word' id='word_1_837' title='bbox 1538 2725 1663 2762; x_wconf 82' lang='lat' dir='ltr'><strong>eumdem</strong></span> <span class='ocrx_word' id='word_1_838' title='bbox 1682 2731 1776 2762; x_wconf 64' lang='lat' dir='ltr'><strong>postea</strong></span> 
     </span>
    </p>
   </div>
   <div class='ocr_carea' id='block_1_123' title="bbox 989 2759 1777 2801">
    <p class='ocr_par' dir='ltr' id='par_1_123' title="bbox 989 2759 1777 2801">
     <span class='ocr_line' id='line_1_124' title="bbox 989 2759 1777 2801; baseline -0.001 -13"><span class='ocrx_word' id='word_1_839' title='bbox 989 2759 1242 2801; x_wconf 38' lang='lat' dir='ltr'><strong>ne‘gaveruntanec</strong></span> <span class='ocrx_word' id='word_1_840' title='bbox 1259 2759 1386 2788; x_wconf 32' lang='lat' dir='ltr'><strong>alium’se</strong></span> <span class='ocrx_word' id='word_1_841' title='bbox 1400 2768 1490 2796; x_wconf 78' lang='lat' dir='ltr'><strong>regem</strong></span> <span class='ocrx_word' id='word_1_842' title='bbox 1507 2760 1609 2788; x_wconf 86' lang='lat' dir='ltr'><strong>habere</strong></span> <span class='ocrx_word' id='word_1_843' title='bbox 1623 2759 1704 2795; x_wconf 84' lang='lat' dir='ltr'><strong>quam</strong></span> <span class='ocrx_word' id='word_1_844' title='bbox 1720 2759 1777 2787; x_wconf 72' lang='lat' dir='ltr'><strong>Cae-</strong></span> 
     </span>
    </p>
   </div>
   <div class='ocr_carea' id='block_1_124' title="bbox 989 2800 1278 2824">
    <p class='ocr_par' dir='ltr' id='par_1_124' title="bbox 989 2800 1278 2824">
     <span class='ocr_line' id='line_1_125' title="bbox 989 2800 1278 2824; baseline -0.003 -1"><span class='ocrx_word' id='word_1_845' title='bbox 989 2804 1017 2824; x_wconf 89' lang='lat' dir='ltr'><strong>sa</strong></span> <span class='ocrx_word' id='word_1_846' title='bbox 1022 2804 1077 2823; x_wconf 91' lang='lat' dir='ltr'><strong>rem</strong></span> <span class='ocrx_word' id='word_1_847' title='bbox 1099 2800 1188 2823; x_wconf 84' lang='lat' dir='ltr'><strong>testati</strong></span> <span class='ocrx_word' id='word_1_848' title='bbox 1203 2800 1278 2822; x_wconf 77' lang='lat' dir='ltr'><strong>Slll&#39;ll.</strong></span> 
     </span>
    </p>
   </div>
   <div class='ocr_carea' id='block_1_125' title="bbox 1024 2829 1777 2867">
    <p class='ocr_par' dir='ltr' id='par_1_125' title="bbox 1024 2829 1777 2867">
     <span class='ocr_line' id='line_1_126' title="bbox 1024 2829 1777 2867; baseline -0.004 -9"><span class='ocrx_word' id='word_1_849' title='bbox 1024 2831 1080 2867; x_wconf 71' lang='grc'>(74)</span> <span class='ocrx_word' id='word_1_850' title='bbox 1099 2830 1140 2867; x_wconf 67' lang='grc' dir='ltr'><strong>Τῇ</strong></span> <span class='ocrx_word' id='word_1_851' title='bbox 1150 2829 1250 2867; x_wconf 69' lang='grc' dir='ltr'><strong>γνώμῃ</strong></span> <span class='ocrx_word' id='word_1_852' title='bbox 1265 2830 1369 2867; x_wconf 75' lang='grc' dir='ltr'><strong>ταύτῃ.</strong></span> <span class='ocrx_word' id='word_1_853' title='bbox 1383 2830 1448 2867; x_wconf 73' lang='lat' dir='ltr'><strong>Post</strong></span> <span class='ocrx_word' id='word_1_854' title='bbox 1463 2831 1616 2867; x_wconf 63' lang='lat' dir='ltr'><strong>haecrerba</strong></span> <span class='ocrx_word' id='word_1_855' title='bbox 1632 2830 1728 2859; x_wconf 86' lang='lat' dir='ltr'><strong>deerat</strong></span> <span class='ocrx_word' id='word_1_856' title='bbox 1750 2829 1777 2856; x_wconf 90' lang='lat' dir='ltr'><strong>in</strong></span> 
     </span>
    </p>
   </div>
   <div class='ocr_carea' id='block_1_126' title="bbox 989 2865 1776 2901">
    <p class='ocr_par' dir='ltr' id='par_1_126' title="bbox 989 2865 1776 2901">
     <span class='ocr_line' id='line_1_127' title="bbox 989 2865 1776 2901; baseline -0.003 -7"><span class='ocrx_word' id='word_1_857' title='bbox 989 2865 1108 2895; x_wconf 82' lang='lat' dir='ltr'><strong>editione</strong></span> <span class='ocrx_word' id='word_1_858' title='bbox 1127 2865 1354 2901; x_wconf 41' lang='lat' dir='ltr'><strong>Rob.&#39;Stepltani</strong></span> <span class='ocrx_word' id='word_1_859' title='bbox 1386 2865 1604 2901; x_wconf 60' lang='lat' dir='ltr'><strong>integralinea;</strong></span> <span class='ocrx_word' id='word_1_860' title='bbox 1639 2874 1719 2901; x_wconf 79' lang='lat' dir='ltr'><strong>quam</strong></span> <span class='ocrx_word' id='word_1_861' title='bbox 1743 2873 1776 2892; x_wconf 82' lang='lat' dir='ltr'><strong>ex</strong></span> 
     </span>
    </p>
   </div>
   <div class='ocr_carea' id='block_1_127' title="bbox 990 2899 1779 2941">
    <p class='ocr_par' dir='ltr' id='par_1_127' title="bbox 990 2899 1779 2941">
     <span class='ocr_line' id='line_1_128' title="bbox 990 2899 1779 2941; baseline -0.004 -11"><span class='ocrx_word' id='word_1_862' title='bbox 990 2902 1116 2935; x_wconf 83' lang='lat' dir='ltr'><strong>Socrate,</strong></span> <span class='ocrx_word' id='word_1_863' title='bbox 1133 2899 1306 2935; x_wconf 77' lang='lat' dir='ltr'><strong>Tlieodorito,</strong></span> <span class='ocrx_word' id='word_1_864' title='bbox 1317 2900 1425 2932; x_wconf 81' lang='lat' dir='ltr'><strong>Gelasio</strong></span> <span class='ocrx_word' id='word_1_865' title='bbox 1437 2899 1468 2929; x_wconf 75' lang='lat' dir='ltr'><strong>ac</strong></span> <span class='ocrx_word' id='word_1_866' title='bbox 1482 2899 1633 2938; x_wconf 83' lang='lat' dir='ltr'><strong>Nicephoro</strong></span> <span class='ocrx_word' id='word_1_867' title='bbox 1644 2899 1779 2941; x_wconf 74' lang='lat' dir='ltr'><strong>supplere,</strong></span> 
     </span>
    </p>
   </div>
  </div>
