2000 3167
148 159 213 186 ⁸081

690 160 734 187 DE
751 160 833 187 VI'I'A
851 159 1080 188 CONSTANTIM
1100 160 1164 187 LIB.
1187 160 1229 188 Ill.

1709 161 1778 190 1082

150 218 199 254 μὲν
216 217 338 249 ἅπαντας
355 217 407 244 ὑπὸ
429 217 492 252 μίαν
507 217 675 252 συγκαλέσας
687 219 804 254 ἡμέραν,
822 219 930 254 παροῦσ

993 218 1104 246 diceret.
1115 218 1197 254 495
1213 218 1315 253 Quippe
1326 225 1419 245 omnes
1436 223 1512 246 certo
1526 219 1568 246 die
1577 219 1603 246 in
1615 226 1695 246 unum
1711 226 1775 246 con-

148 264 175 289 ὁὲ
188 264 237 299 τὴν
250 263 316 298 πρὸς
332 263 462 299 ἀλλήλους
482 263 647 299 ὑποθέμενος
661 265 771 300 εἰρήνην
790 265 938 301 περισπού-

148 309 244 336 δαστον
257 309 402 340 ποιεῖσθαι,
418 308 467 340 τὰς
479 309 507 335 δὲ
520 309 687 343 φιλονείκους
701 310 791 346 ἔριδας
807 311 939 346 ἐκτρέπε-

149 355 220 387 σθαι,
233 355 299 390 μηδὲ
312 353 478 389 βασκαίνειν,
491 354 568 386 εἴτις
577 355 727 391 εὐδοκιμῶν
740 357 769 382 ὲν
780 356 938 389 ἐπισκόποις

148 401 268 436 φαίνοιτο
282 401 378 435 σοφίας
401 401 430 427 ὲν
448 400 528 436 λόγῳ,
544 402 631 430 κοινὸν
646 402 668 428 δ’
679 403 805 437 ἡγεῖσθαι
821 404 938 438 τάγαθὸν

148 447 195 482 τῆς
214 447 273 478 ἑνὸς
291 447 400 482 ἀρετῆς,
415 447 482 482 μηδὲ
498 448 550 483 μὴν
570 447 623 474 τῶν
637 449 825 485 μετριωτέρων
837 458 939 477 κατεπ-

148 493 269 528 αἱρεσθαι
290 494 352 524 τοὺς
378 492 516 528 κρείττους
531 503 536 508 ·
567 494 635 520 Θεοῦ
652 495 706 531 γὰρ
722 493 830 522 εἶναιτὸ
841 497 937 532 κριτή-

148 548 205 576 ριον
222 539 275 566 τῶν
293 538 389 574 ἀληθεῖ
406 539 479 574 λόγῳ
500 541 662 575 κρειττόνων
683 542 729 568 καὶ
751 543 807 573 τοῖς
827 543 938 569 ἀσθενε-

149 586 252 622 στέροις
267 585 295 612 δὲ
311 585 365 612 δεῖν
388 586 649 613 ὒποκατακλίνεσθαι
667 587 738 623 λόγῳ
760 588 936 624 συγγνώμης,

146 631 184 667 τῷ
197 632 227 658 τὸ
245 631 347 658 τέλειον
363 631 520 666 ἁπανταχοῦ
538 632 648 659 σπάνιον
663 633 816 668 τυγχάνειν.
831 634 876 660 Διὺ
889 635 936 661 καὶ

139 677 270 713 ⁴ἀλλήλοις
283 677 324 704 δεῖ
336 677 371 704 τὰ
384 677 490 713 σμικρὰ
508 678 634 705 πταίουσι
657 679 820 716 συγγνώμην
834 680 935 716 νέμειν,

147 723 306 759 χαρίζεσθαί
328 732 359 750 τε
380 724 428 750 καὶ
449 726 600 759 συγχωρεῖν
623 725 673 752 ὅσα
688 725 856 761 ἀνθρώπινα,
874 727 938 762 περὶ

146 768 244 795 πολλοῦ
265 768 429 804 τιμωμένων
443 769 498 804 (8i)
513 769 561 805 τὴν
580 769 724 806 σύμφωνον
741 771 885 806 ἁρμονίαν,
900 771 937 804 ὡς

145 814 178 841 ἂν
205 814 242 849 μὴ
262 813 331 849 πρὸς
352 813 483 849 ἀλλήλους
509 814 716 849 στασιαζόντων,
743 815 842 852 χλεύης
863 817 936 844 αἰτία

146 859 298 894 παρέχηται
321 860 377 891 τοῖς
402 860 447 886 τὸν
471 859 541 886 θεῖον
572 859 740 896 βλασφημεῖν
766 862 847 897 νόμον
869 871 937 898 παρ.

145 902 354 937 εσκευασμένοις
364 911 370 918 ·
386 899 423 930 ὧν
435 903 552 938 μάλιστα
564 903 598 931 τὰ
606 904 695 931 πάντα
710 905 765 941 (82)
780 906 834 933 δεῖν
846 906 935 942 σωΘῆ-
952 911 973 938 Β

144 957 187 976 ναι
205 948 360 984 δυναμένων
376 949 454 985 (8⁶2’),
472 951 497 976 εἰ
511 949 546 977 τὰ
560 950 620 977 καθ’
634 951 708 986 ἡμᾶς
727 952 817 984 αὐτοῖς
829 952 936 988 ζηλωτὰ

145 995 288 1029 φαίνοιντο,
303 996 339 1032 μὴ
361 997 521 1031 ἀμφιγνοεῖν
534 997 589 1033 (83)
608 998 645 1030 ὡς
660 999 690 1024 οὐ
705 999 762 1031 τοῖς
774 1000 856 1026 πᾶσιν
872 1001 888 1035 ἡ
905 1001 937 1026 ὲκ

144 1041 229 1076 λόγων
245 1041 363 1077 ὠφέλεια
386 1042 515 1070 συντελεῖ.
537 1044 569 1069 Οἱ
584 1043 632 1078 μὲν
644 1044 699 1080 γὰρ
715 1044 753 1077 ὡς
763 1044 936 1080 πρδςτροφὴν

143 1087 282 1123 χαίρουσιν
294 1089 519 1124 ὲπικουροὺμενοι
534 1090 604 1126 (84),
618 1091 642 1117 ot
656 1090 684 1116 δὲ
695 1092 758 1123 τοὺς
768 1092 936 1126 προστασίας

143 1136 358 1172 ἐπειλημμένοι-ις
378 1137 540 1172 ὑποτρέχειν
569 1137 712 1164 είώθασινι
726 1138 798 1165 ἄλλοι
814 1139 877 1170 τοὺς
894 1139 936 1165 δε-

142 1247 190 1274 κοῠ
202 1247 459 1282 λόγουωιειιιοιίιιιη
477 1248 558 1274 tradit
575 1247 728 1281 huiusmodi
752 1248 906 1274 orationum
926 1256 933 1274 :

148 1284 177 1309 '0
190 1283 411 1317 συνταττόμενος,
432 1282 510 1318 δῆλός
526 1284 599 1309 ἐστιν
612 1283 759 1318 ἀνιώμενος
771 1283 816 1309 ἐπὶ
881 1293 935 1318 χω-

144 1317 243 1353 ρισμῷ,
263 1319 288 1344 id
305 1323 358 1349 est,
380 1319 430 1350 Qui
444 1318 576 1350 valedicil,
591 1326 646 1353 pne
656 1317 686 1345 ser
708 1319 758 1353 fert
773 1317 934 1345 dolorént'ob

144 1354 302 1380 discessum.
329 1353 381 1380 Sed
407 1358 434 1380 et
453 1354 478 1379 itt
502 1358 558 1380 toto
579 1354 668 1387 capite
693 1355 792 1388 passim
822 1359 935 1387 usurpat

143 1388 337 1415 συντάττεσθαι
351 1396 402 1422 pro
424 1388 588 1417 valedicere.
602 1388 686 1422 quue
700 1389 832 1416 orationis
849 1397 934 1422 genus

141 1424 174 1451 ab
192 1424 310 1459 Homero
323 1424 440 1459 primum
454 1424 593 1450 inventum
605 1431 665 1451 esse
678 1424 755 1456 dicit,
771 1425 839 1456 apud
855 1432 934 1459 quem

144 1459 254 1496 illysses
269 1458 427 1496 Pltteacibus
442 1459 579 1496 valedicit.
600 1460 635 1486 At
659 1458 761 1486 Natalis
777 1458 934 1496 Comes,qui

142 1493 317 1522 Menandrum
333 1494 469 1520 rhetorem
486 1494 514 1520 in
535 1493 662 1521 Latinum
679 1502 830 1522 sermonem
844 1493 934 1522 trans-

143 1530 213 1562 tulit,
230 1529 408 1556 συντακτικὺν
422 1528 501 1563 λόγον
527 1530 609 1556 vertit
630 1530 811 1564 adjunctivam
832 1531 935 1556 oration

142 1574 212 1597 nem,
235 1570 262 1591 et
278 1565 358 1592 verba
377 1564 420 1590 illa
436 1572 496 1597 quae
512 1565 606 1595 citavi,
619 1565 633 1590 ὁ
650 1565 874 1600 συνταττόμενος,
894 1566 933 1592 itt-

142 1605 308 1635 terpretatur
332 1600 491 1634 adjungens,
516 1604 568 1627 etc.
599 1600 657 1632 Quo
685 1600 749 1626 nihil
768 1600 829 1634 ﬁngi
846 1605 933 1634 potest

141 1634 268 1670 ineptius.
285 1635 365 1667 Atqui
378 1635 571 1661 συντάττεσθαι
593 1635 697 1661 Griecis
711 1639 751 1661 est
770 1635 931 1663 valedicere.

141 1670 291 1705 Hesychius
309 1670 522 1703 εΣυντάξασθαι,
537 1670 722 1697 ἀσπάσασθαι.
741 1670 787 1696 Sic
803 1671 934 1698 Eusebius

141 1710 253 1740 ttsurpat
272 1706 299 1732 in
316 1705 370 1732 ﬁne
395 1706 475 1739 hujus
491 1706 600 1740 capitis,
618 1709 646 1732 et
670 1706 697 1732 in
725 1705 794 1732 libro
813 1712 821 1732 t
839 1705 884 1732 ubi
895 1707 934 1740 ,de

140 1739 230 1768 morie
247 1739 401 1768 Constantii
421 1741 514 1768 Chlori
527 1739 671 1775 ’loquitur.
692 1740 852 1775 Hujusmodi
871 1749 933 1767 ora-

143 1776 178 1803 tio
198 1780 287 1803 exstat
309 1775 430 1810 Gregorii
456 1775 631 1809 Nazianzeni,
648 1776 739 1803 habita
761 1775 787 1802 itt
803 1783 932 1803 consessu

141 1816 249 1838 centum
271 1816 299 1838 et
327 1811 522 1845 quinquaginta
545 1812 754 1846 episcoporum,
784 1818 845 1845 quae
871 1819 934 1837 συν-

140 1847 286 1882 τακτήριος
298 1847 378 1880 λόγος
393 1846 560 1878 inscribitur,
585 1847 655 1880 quod
679 1846 748 1873 idem
766 1851 808 1882 est
821 1853 853 1873 ac
869 1854 932 1873 συν-

140 1881 278 1913 τακτιᾷιός.
295 1883 325 1909 In
338 1883 388 1910 hac
403 1882 535 1916 siquidem
553 1883 676 1909 oratione
692 1881 839 1915 Gregorius
857 1882 931 1908 vale-

142 1917 209 1944 dicit
232 1917 360 1945 Ecclesia:
382 1916 699 1951 Constantinopolitante.
735 1916 818 1952 ﬂecte
850 1917 933 1952 igitur

141 1952 245 1987 Suidasﬁ
256 1953 367 1980 scribit:
380 1952 588 1987 Συντακτήριος,
604 1951 789 1983 συντακτικός.
799 1951 851 1979 Sed
862 1951 932 1986 quod

141 1987 216 2014 idctn
235 1986 333 2015 Suidas
348 1988 425 2015 addit
437 1986 582 2021 Origeuem
596 1989 696 2015 dictum
708 1994 768 2014 esse
780 1989 933 2022 συντακτή-

143 2031 211 2058 ριον,
226 2023 304 2057 longe
319 2022 433 2053 fallitur,
449 2023 600 2058 συντάκτης
614 2023 685 2049 enim
703 2023 792 2049 dictus
809 2027 852 2049 est
867 2023 930 2050 Ort-

142 2057 225 2093 gcues
241 2063 309 2085 teste
325 2058 490 2092 Epiphanio.
503 2065 555 2084 non
567 2057 775 2093 νσυντακτήριος.

178 2093 233 2128 (8i)
249 2093 318 2127 Περὶ
331 2092 448 2120 πολλοῦ
463 2092 642 2127 τιμωμένων.
658 2093 753 2120 Melius
766 2092 932 2120 scriberetur

139 2129 323 2164 τιμωμένους.

178 2161 234 2200 (82)
248 2161 305 2192 ’Ὧν
316 2164 452 2199 μάλιστα
465 2163 503 2200 τὰ
517 2163 614 2200 πάντα
632 2163 705 2200 δεῖν.
724 2163 824 2200 Deesse
839 2164 932 2191 viden-

143 2198 187 2227 tur
201 2198 341 2226 ntinuulla.
358 2200 431 2226 Sane
448 2200 476 2226 hi
490 2199 550 2226 libri
566 2199 688 2233 pluribus
711 2199 737 2225 itt
755 2198 822 2225 locis
844 2199 930 2226 mutili

141 2239 215 2266 sunt,
234 2235 326 2269 utjaut
343 2234 487 2268 aliquoties
502 2235 666 2261 notavimus.
685 2234 734 2261 llic
751 2239 840 2269 a_utem
858 2233 931 2261 locus

140 2277 196 2297 non
222 2266 396 2297 incoumtode
423 2270 459 2296 ita
491 2269 611 2303 suppleri
631 2274 740 2303 potest:
757 2266 794 2296 ὧν
814 2268 930 2304 μάλιστα

141 2306 265 2341 προνοεῖν
284 2305 367 2341 ἡμᾶς,
382 2305 430 2331 καὶ
448 2305 534 2341 ποιεῖν
548 2305 580 2331 τὰ
597 2305 686 2332 πάντα
700 2305 764 2330 δεῖν.
784 2304 845 2341 Ηλιιρ
859 2306 930 2332 enim

140 2340 175 2367 de
201 2343 312 2375 paganis
328 2342 466 2372 dicuntur,
491 2340 524 2366 de
555 2341 652 2374 quibus
676 2342 798 2375 proxime
826 2340 931 2368 locutus

140 2375 231 2402 fuerat
252 2375 460 2405 Constantinus,
490 2382 551 2401 cttm
582 2376 677 2402 dixit:
702 2377 756 2406 τοῖς
784 2375 830 2401 τὸν
860 2375 930 2402 θεῖον

141 2410 311 2446 βλασφημεῖν
322 2411 404 2446 νόμον
421 2410 702 2446 παρεσκευασμένοις.
715 2411 767 2446 νΑἰι
780 2417 845 2444 ergo
860 2410 930 2438 Con—

140 2445 278 2473 stantinus
293 2447 325 2472 ad
354 2445 508 2480 episcopos,
537 2445 688 2473 cavendum
714 2445 836 2479 inprimis
858 2453 927 2479 esse,

139 2488 176 2508 ne
192 2488 226 2508 ex
243 2481 363 2515 ipsorum
380 2481 595 2508 dissensionibus
610 2481 643 2507 ad
655 2481 880 2508 contemnendam
896 2490 928 2508 ac

138 2516 317 2544 deridendam
335 2515 553 2543 Christianorum
571 2516 730 2550 religionem
748 2521 928 2550 provocentttr

138 2550 250 2586 pagani.
267 2551 365 2577 Eorum
377 2551 448 2577 enim
466 2552 612 2578 maximam
629 2558 726 2578 curant
750 2558 783 2578 ac
796 2551 927 2578 sollicitu-

137 2587 232 2613 dinem
249 2592 344 2620 gcrere
357 2593 405 2612 nos
420 2591 557 2620 oportere,
569 2587 714 2621 omniaque
726 2593 818 2620 agere,
830 2586 927 2620 quibus

138 2622 175 2648 ad
196 2627 288 2648 veram
307 2620 385 2656 Iidem
410 2628 441 2647 ac
463 2622 576 2648 salutem
595 2620 700 2656 possint
722 2623 853 2648 revocari.
874 2622 925 2649 Eos

139 2662 208 2683 vero
219 2656 321 2682 servari
337 2654 417 2682 facile
435 2662 525 2690 posse,
543 2660 570 2683 et
585 2654 619 2683 ad
643 2657 808 2691 agnitionem
825 2657 926 2684 verita-

119 2719 124 2724 _
138 2692 176 2718 tis
192 2691 346 2725 pervenire.
361 2691 384 2717 si
400 2698 444 2717 res
464 2697 563 2718 nostrae
584 2691 637 2719 illis
650 2693 735 2719 beata:
750 2696 776 2718 et
791 2692 925 2719 admiran-

79 2750 85 2758 ,
126 2726 181 2754 ’(Ιω
196 2725 349 2753 videantur.
359 2725 475 2753 Proinde
489 2733 706 2761 unumquemque
720 2727 827 2754 illoruttt
843 2728 924 2755 variis

138 2761 229 2788 modis
253 2766 334 2823 at‘que
358 2761 463 2788 artibus
489 2761 663 2789 allicieudum
690 2769 751 2789 esse
774 2763 808 2789 ad
832 2767 924 2797 partes

138 2800 258 2823 nostras.
299 2797 364 2823 titur
375 2796 473 2823 deinde
489 2797 612 2823 exemplo
634 2797 811 2823 tuedicorum.
832 2798 878 2823 oui
894 2804 922 2823 ut

138 2800 258 2823 nostras.
276 2796 364 2823 Utitur
375 2796 473 2823 deinde
489 2797 612 2831 exemplo
634 2797 811 2830 medicorum,
832 2796 878 2832 qui
894 2804 922 2825 ut

137 2832 221 2864 aegris
251 2832 366 2859 salutem
395 2833 550 2864 restituant,
578 2832 667 2859 omnia
694 2832 922 2867 excogitautqua:

139 2866 193 2893 illis
207 2866 281 2894 utilia
297 2868 352 2894 l'ore
365 2868 488 2894 credunt.
505 2867 566 2894 Haec
579 2874 652 2894 certe
667 2875 718 2894 nou
735 2866 921 2895 iuiellexeruut

143 2901 314 2937 interpretes,
335 2903 361 2930 itt
389 2909 502 2937 quorum
528 2903 649 2931 versione
665 2904 748 2931 lector
763 2903 813 2931 alia
829 2905 918 2932 omnia

991 265 1105 292 vocavit.
1113 265 1233 299 Cumque
1243 265 1378 298 adessent,
1389 272 1435 292 eos
1445 264 1699 298 admonuitutpacis
1707 265 1776 291 inter

991 319 1021 339 se
1034 311 1175 339 servandae
1188 311 1302 339 studiosi
1315 316 1416 345 essent,
1432 315 1460 338 et
1479 311 1639 346 pervicaces
1662 317 1774 339 conten-

991 358 1077 385 tiones
1093 357 1236 393 lugerent;
1258 365 1307 384 nec
1325 357 1481 384 inviderent
1500 357 1522 384 si
1541 357 1602 391 quis
1617 358 1687 385 inter
1705 359 1776 393 ipsos

990 403 1135 438 episcopus
1157 402 1298 437 sapientia:
1322 407 1349 429 et
1374 402 1509 429 facundiae
1537 402 1615 431 laude
1639 403 1749 430 ﬂoreret
1768 407 1793 432 :'

989 448 1036 475 sed
1049 448 1266 482 uniuscujusque
1277 447 1405 475 virtutem
1423 455 1567 485 commune
1586 449 1707 476 omnium
1727 449 1775 476 bo-

989 502 1052 521 num
1069 501 1132 522 esse
1144 494 1331 521 existimarent
1349 503 1355 521 :
1377 502 1445 521 neve
1463 494 1479 520 ii
1504 493 1550 528 qui
1573 495 1777 529 prmstantiores

988 544 1062 575 sunt,
1079 548 1162 575 supra
1177 540 1321 568 inferiores
1333 547 1393 568 sese
1406 540 1534 569 eﬂerreut
1548 549 1554 567 :
1572 540 1618 566 Dei
1631 540 1703 567 enim
1716 548 1777 568 esse

990 588 1023 614 de
1039 595 1104 614 vera
1132 587 1264 622 cujusque
1290 587 1390 614 virtute
1413 594 1445 613 ac
1464 586 1619 621 praestantia
1641 585 1774 620 judicare.

990 633 1090 660 Ducere
1104 633 1205 668 potius,
1223 637 1253 660 ut
1269 633 1476 667 praestantiores
1505 632 1700 659 infirmioribus
1717 639 1777 659 sese

991 679 1198 706 accommodent
1211 686 1271 706 cum
1287 679 1452 714 indulgentia
1463 679 1579 713 quadam
1596 686 1628 705 ac
1642 679 1754 706 lenitate
1767 687 1775 706 :

987 724 1138 758 praesertim
1159 731 1220 751 cum
1237 722 1389 751 absolutum
1405 723 1532 751 omnibus
1557 724 1679 751 numeris
1697 725 1777 759 quid-

987 769 1059 804 piam
1073 769 1194 804 reperire
1207 776 1319 803 prorsus
1335 768 1522 797 diﬂicillimum
1537 770 1581 798 sit.
1596 769 1689 805 Itaque
1704 770 1777 805 ipsos

988 819 1054 847 levis
1070 819 1185 847 aliorum
1201 819 1292 847 delicti
1314 824 1409 846 mutuo
1426 820 1534 846 veniam
1565 819 1723 855 indulgere;
1750 825 1778 848 et

987 872 1115 907 quidquid
1132 871 1288 899 humanitus
1302 877 1445 907 peccatum
1461 871 1507 905 sit,
1519 872 1676 900 condonare
1692 879 1777 907 opor-

989 930 1056 958 tere,
1074 933 1200 961 magnam
1222 932 1329 960 semper
1356 924 1490 952 rationem
1521 924 1651 952 habentes
1677 930 1777 953 mutuae

987 979 1162 1007 concordia}:
1186 986 1220 1006 ne
1233 978 1304 1005 forte
1328 977 1393 1005 dum
1407 977 1459 1012 ipsi
1477 977 1549 1005 inter
1573 985 1602 1005 se
1629 978 1777 1006 seditiones

987 1033 1101 1067 agitant,
1117 1032 1151 1059 iis
1164 1033 1211 1068 qui
1224 1032 1343 1061 divinam
1364 1032 1451 1067 legem
1469 1031 1620 1059 maledictis
1639 1031 1776 1059 incessere

986 1087 1073 1122 parati
1088 1091 1162 1119 sunt,
1187 1086 1293 1113 ridendi
1324 1086 1478 1120 praebeatur
1507 1085 1626 1113 occasio.
1655 1085 1774 1118 Quorum

986 1144 1075 1168 tamen
1090 1139 1237 1167 maximam
1254 1139 1388 1166 rationem
1401 1138 1435 1165 ab
1448 1138 1515 1173 ipsis
1532 1137 1685 1165 habendam
1698 1144 1774 1170 esse;

986 1250 1180 1284 deprehendet.
1197 1249 1297 1276 Eodem
1324 1248 1483 1276 referendus
1513 1253 1554 1275 est
1572 1248 1648 1276 locus
1665 1249 1774 1277 Eusebii

987 1287 1012 1312 in
1025 1285 1113 1320 capite
1128 1284 1162 1312 56
1176 1285 1252 1318 hujus
1268 1284 1342 1316 libri,
1357 1284 1454 1320 ubirait
1465 1283 1678 1320 constantinum
1694 1285 1776 1319 impe-

987 1319 1102 1348 ratorem
1123 1327 1248 1354 magnam
1275 1319 1329 1346 vim
1356 1319 1415 1346 auri
1445 1319 1570 1347 ecclesiis
1600 1319 1718 1346 donasse
1739 1321 1775 1347 ad

986 1363 1137 1391 pauperum
1170 1355 1337 1391 alimoniam,
1373 1362 1434 1391 cum
1466 1362 1564 1391 omnes
1588 1355 1711 1391 homines
1740 1356 1773 1383 ad

986 1390 1185 1425 Sttscipicltdztttt
1211 1390 1340 1417 salutaris
1369 1390 1430 1416 lidei
1456 1390 1607 1417 doctrinam
1625 1390 1675 1416 hac
1690 1391 1774 1417 etiam

988 1427 1092 1453 ratione
1117 1426 1233 1452 invitare
1261 1426 1359 1458 vellet;
1387 1425 1511 1459 exemplo
1539 1425 1731 1459 Apostoli,qui
1748 1426 1773 1452 in

988 1461 1106 1496 Epistola
1121 1462 1153 1488 ad
1172 1460 1432 1496 Philippeusesrhzec
1447 1460 1485 1487 ait
1500 1468 1507 1486 :
1528 1460 1638 1493 Siieper
1654 1460 1769 1496 acclinia-

986 1494 1054 1530 nént,
1071 1497 1124 1523 sive
1138 1504 1184 1531 per
1200 1494 1335 1531 veritatem
1352 1495 1474 1531 Christus
1487 1497 1670 1531 αηηιιηέίειιιι·ἶ
1684 1494 1775 1531 Porro

986 1533 1082 1560 intus.
1106 1529 1185 1559 codd.
1210 1530 1278 1557 Fuk.
1305 1536 1332 1557 et
1359 1530 1457 1562 Savil.,
1489 1536 1515 1556 et
1530 1530 1555 1556 in
1572 1529 1689 1557 Turuebi
1705 1530 1774 1558 libro

987 1572 1058 1595 totus
1083 1568 1127 1594 ltic
1151 1567 1225 1594 lacus
1239 1567 1275 1592 ita
1289 1566 1419 1592 scribitur
1436 1573 1442 1591 :
1459 1565 1512 1597 Οὓς
1537 1566 1582 1592 καὶ
1600 1564 1775 1600 μάλιστωὲεῖ

986 1602 1113 1638 σωθῆναι·
1130 1602 1178 1628 οὐκ
1205 1601 1333 1628 ἀδύνατον
1347 1600 1400 1636 γὰρ
1427 1602 1452 1638 εί
1465 1601 1498 1638 τὰ
1509 1600 1570 1627 καθ’
1587 1601 1660 1638 ἡμᾶς
1677 1601 1774 1632 αὐτοὺς

985 1636 1094 1674 ζηλωτὰ
1116 1638 1261 1674 φαίνοιντο·
1276 1644 1346 1674 quae
1367 1638 1426 1663 sine
1438 1637 1518 1663 dubio
1532 1644 1607 1674 vera
1618 1636 1706 1674 lectio
1720 1641 1770 1674 est.

985 1670 1129 1701 ld'tantuni
1143 1672 1282 1699 emendari
1294 1670 1387 1704 velim,
1406 1676 1435 1698 ut
1449 1679 1497 1705 pro
1512 1671 1562 1698 οὐκ
1577 1670 1707 1698 ἀδύνατον
1719 1671 1773 1707 γάρ

985 1709 1121 1736 scribatur
1136 1708 1186 1734 οὐκ
1198 1707 1329 1734 ἀδύνατον
1343 1707 1382 1739 δέ,
1400 1712 1428 1734 et
1443 1712 1536 1741 postea
1551 1715 1600 1742 pro
1615 1706 1652 1742 μὴ
1666 1707 1774 1740 ἀγνοεῖν

986 1744 1089 1779 legatur
1105 1743 1142 1778 μὴ
1158 1744 1264 1779 ἀγνοεῖν
1279 1742 1342 1779 γάρ.

1020 1777 1088 1813 (82‘)
1106 1777 1251 1812 ⁷Σωθῆναι
1278 1777 1463 1812 δυναμένων.
1490 1777 1545 1804 lloc
1571 1777 1631 1804 loco
1655 1777 1773 1812 σωθῆναι

985 1814 1054 1841 idetn
1070 1819 1124 1845 est,
1138 1814 1209 1848 quod
1222 1813 1349 1840 salutaris
1365 1813 1434 1848 [ideir
1445 1813 1598 1840 doctrinam
1613 1813 1754 1846 percipere
1764 1832 1772 1844 ,

984 1849 1121 1884 quomodo
1149 1847 1266 1875 Sutttitttr
1281 1847 1353 1884 apud
1368 1847 1495 1884 Paulum,
1520 1848 1564 1873 ubi
1584 1847 1667 1884 _dicit‘
1684 1847 1771 1884 Deum

985 1881 1053 1911 velle
1064 1891 1157 1911 omnes
1173 1883 1298 1910 homines
1315 1882 1407 1910 salvos
1424 1881 1492 1914 ﬁeri,
1515 1887 1541 1908 et
1557 1882 1590 1908 ad
1608 1882 1771 1915 agnitionem

985 1919 1108 1946 veritatis
1127 1918 1220 1946 venire
1233 1917 1257 1953 (1
1271 1917 1343 1953 ATim.
1360 1925 1391 1948 ιι,
1408 1917 1445 1951 4).
1467 1917 1516 1953 list
1529 1917 1581 1953 hoc
1607 1916 1717 1953 verbum
1743 1918 1771 1944 itt

983 1962 1015 1981 eo
1029 1962 1109 1981 sensu
1119 1951 1254 1989 proprium
1264 1951 1590 1989 Christianaereligionis.
1602 1951 1666 1989 _Quo
1681 1956 1770 1989 tamen

984 1990 1025 2016 usi
1044 1994 1106 2016 sunt
1120 1987 1200 2016 etiam
1219 1987 1378 2022 posterioris
1390 1987 1440 2014 εενί
1457 1987 1622 2020 philosophi,
1638 1991 1666 2014 ut
1682 1987 1769 2022 legere

984 2025 1093 2052 tuemini
1111 2025 1137 2050 in
1151 2021 1359 2051 Commentariis
1376 2022 1463 2049 Procli
1477 2023 1504 2048 in
1525 2021 1662 2048 Tintwum.

1019 2059 1074 2095 (85)
1091 2058 1139 2093 Μὴ
1169 2058 1353 2095 ἀμφιγνοεῖν.
1377 2058 1554 2095 ‘Stjrribendum
1570 2058 1658 2095 potius
1682 2057 1718 2093 μή
1741 2065 1769 2084 τε

983 2092 1157 2131 ἀμφιγνοεῖν,
1176 2092 1430 2131 subatutieudoﬁsiv
1450 2093 1521 2127 qttod
1534 2092 1613 2131 paulo
1628 2098 1690 2131 ante
1701 2092 1768 2126 pra:-

984 2127 1075 2158 cessit.
1095 2130 1147 2157 Sed
1164 2130 1250 2156 codex
1272 2128 1378 2156 Fuketii
1402 2135 1491 2154 veram
1518 2127 1598 2154 nobis
1628 2127 1769 2154 lectionem

983 2167 1090 2200 aperuit
1110 2165 1140 2193 iu
1170 2172 1223 2198 quo
1240 2164 1338 2199 legitur
1357 2163 1394 2199 μὴ
1410 2163 1518 2200 αγνοεῐν
1543 2162 1564 2188 δ’
1593 2163 1665 2200 ᾦμᾶς
1694 2160 1768 2198 οἶμαι

984 2198 1032 2235 ὥς,
1049 2206 1103 2228 ctc.
1130 2201 1219 2234 Atque
1245 2198 1283 2226 ita
1310 2198 1394 2235 etiam
1409 2199 1556 2235 Turnebus
1567 2198 1690 2235 aderam
1708 2199 1767 2225 iibrt

984 2233 1029 2263 sui
1051 2233 1209 2263 emendaret
1223 2242 1256 2261 ex
1273 2242 1322 2261 ms.
1337 2234 1440 2261 codice.
1455 2248 1489 2253 —
1505 2233 1573 2259 Aliis
1585 2233 1683 2267 placet,
1703 2241 1767 2260 voce

948 2263 968 2291 ί)
981 2272 1037 2298 δεῖν
1058 2277 1122 2298 ante
1138 2270 1257 2306 σωθῆναι
1274 2270 1371 2302 deleta,
1388 2269 1424 2305 μὴ
1435 2269 1489 2295 δεῖν
1499 2263 1660 2303 ἀμφιγνοεῖν
1670 2263 1767 2303 legere.

983 2307 1060 2334 Eutr.

1016 2344 1072 2380 (84)
1088 2343 1165 2376 Vulg.
1180 2341 1427 2380 ἐπικαιρσᾴμενοι.
1454 2339 1571 2380 Verbum
1599 2339 1717 2380 insolens
1742 2346 1764 2380 [ei

982 2373 1081 2405 novum
1103 2386 1110 2404 :
1130 2373 1178 2412 pro
1203 2385 1257 2411 quo
1276 2373 1455 2412 scribendum
1476 2375 1582 2401 videtur
1604 2373 1764 2412 ἐπικουρού-

982 2422 1067 2449 μενοι.
1096 2411 1200 2440 Sensus
1218 2416 1308 2449 autem
1339 2412 1360 2449 is
1377 2411 1488 2449 omnino
1503 2415 1544 2449 est
1563 2416 1642 2443 quem
1657 2411 1684 2449 in
1707 2417 1763 2437 ver-

979 2444 1056 2476 sione
1071 2455 1130 2474 mea
1148 2447 1236 2482 posui.
1255 2447 1299 2473 Ait
1311 2447 1385 2473 enim
1398 2445 1592 2482 Constantinus
1604 2444 1688 2471 variis
1704 2452 1762 2472 cau-

979 2485 1016 2512 sis
1036 2489 1065 2511 et
1080 2480 1270 2510 occasionibus
1287 2489 1408 2516 paganos
1423 2480 1455 2507 ad
1472 2480 1630 2514 religionem
1645 2485 1768 2516 nostram

978 2519 1068 2547 solere
1092 2517 1226 2545 converti.
1252 2515 1335 2544 Alios’
1350 2524 1397 2550 spe
1422 2516 1615 2543 alimentorum
1635 2515 1713 2548 duci;
1732 2517 1758 2542 ot

978 2555 1168 2588 elecmosynas
1194 2553 1298 2580 scilicet
1315 2552 1543 2588 Christianorum.
1567 2550 1643 2588 Alios
1656 2558 1705 2584 spe
1721 2558 1762 2588 pa:

979 2586 1107 2622 trociniij
1123 2589 1157 2616 ob
1169 2589 1359 2622 episcoporum
1376 2587 1476 2614 scilicet
1494 2586 1696 2618 auctoritatem,
1720 2586 1766 2619 qui

978 2627 1049 2660 apud
1063 2621 1252 2658 imperatorem
1265 2621 1294 2650 et
1305 2627 1454 2660 summates
1470 2621 1613 2660 plurimum
1628 2626 1764 2660 poterant,

979 2656 1130 2696 προστασία
1156 2664 1201 2696 est
1221 2657 1402 2696 patrocinium
1427 2665 1475 2696 seu
1493 2656 1661 2691 sullragium,
1689 2658 1764 2696 ut-ad

977 2692 1151 2722 Aiumianum
1177 2692 1361 2721 Marcellinum
1387 2692 1488 2725 notavi,
1509 2700 1562 2726 qua
1577 2699 1643 2718 voce
1669 2692 1765 2719 crebro

977 2732 1063 2758 utitur
1088 2730 1209 2758 Joannes
1235 2729 1458 2764 Chrysostomus.
1488 2727 1516 2754 In
1544 2727 1646 2762 optimo
1673 2727 1765 2764 codice

976 2766 1125 2793 Fuketiano
1138 2766 1213 2792 deest
1231 2772 1283 2791 vox
1293 2762 1532 2799 ἒπικαιροὺμενοι,
1551 2767 1677 2799 totusque
1689 2762 1764 2789 locus

976 2802 1014 2842 ita
1030 2802 1130 2842 legitur
1145 2809 1151 2828 :
1165 2801 1189 2827 οἱ
1215 2799 1263 2835 μὲν
1278 2800 1331 2842 γιὰρ
1346 2799 1383 2842 ως
1397 2797 1478 2841 ’πρὸς
1491 2797 1593 2842 τροφὴν
1609 2797 1763 2842 χαίρουσιν·

975 2837 999 2863 οἱ
1029 2833 1137 2868 δὲ’τοὺς
1167 2833 1332 2872 προστασίαζ
1364 2833 1580 2870 ἐπειλημμένους
1605 2833 1764 2869 ὑποτρέχειν

973 2872 1108 2899 εἰώθασιν.
