2000 3167
248 147 317 176 1083

618 148 756 177 EUSEBII
778 147 1022 177 CIESARIENSl-S
1038 148 1113 177 OPP.
1136 148 1225 176 PARS
1244 148 1264 176 ί.
1276 163 1311 169 —-
1327 147 1521 177 HlSTORlCA.

1807 149 1874 175 1084

247 206 346 242 quippe
359 213 420 234 cum
438 206 518 234 facile
538 208 640 235 servari
656 209 770 244 possint.
797 209 820 237 si
833 217 864 236 ea
878 217 938 244 quae
962 209 1032 244 apud

1095 209 1193 241 ξιώσεοη.
1223 208 1482 244 φιλοφρονουμένους
1511 207 1688 240 ἀσπάζονται,
1709 207 1757 235 καὶ
1782 207 1875 241 ξενίοις

247 260 297 280 nos
312 258 453 288 geruntur,
471 253 523 281 illis
535 254 634 281 eximia
659 259 686 282 et
700 255 857 282 admiranda
883 255 1034 282 videantur.

247 297 340 333 Neque
365 306 429 326 vero
447 300 511 334 ipsis
540 300 686 327 obscurum
703 307 776 333 esse,
808 308 965 328 sermonum
989 308 1036 327 co-

249 346 322 381 piam
341 345 551 380 haudquaquam
576 346 703 373 omnibus
718 346 874 373 hominibus
890 346 1035 373 utilitatem

247 391 354 420 aﬁ‘erre.
373 393 424 419 Alii
441 393 512 419 enim
529 397 658 426 tauquam
675 393 709 419 ad
727 393 810 419 vitam
828 392 1034 420 sustentandam

246 438 387 465 counnoda
413 438 464 465 sibi
483 437 651 471 suppeditari
669 436 788 471 gaudent
807 446 813 464 :
833 437 878 464 alii
893 437 927 464 ad
943 442 1036 472 patro-

247 483 347 512 ciuium
359 483 446 511 soleul
463 483 618 517 confugere.
632 483 747 516 Quidam
762 490 830 510 eosa
844 482 944 518 quibus
958 483 1035 510 beni-

247 537 299 565 gne
313 529 485 564 exeipinntur
499 529 635 563 diligunt;
652 529 777 556 nonnulli
793 529 963 556 munusculis
985 529 1035 556 ho-

246 575 346 606 norati,
361 575 393 601 ad
408 574 557 600 amicitiam
573 574 719 600 ineundum
745 574 931 609 impelluntur.
952 574 1033 602 Pauci

247 620 392 647 admodum
403 625 467 646 sunt
478 620 534 646 veri
550 626 707 646 sermonum
725 624 880 647 amatores:
892 627 940 647 nec
957 619 1038 648 facile

247 666 394 698 invenitur,
411 665 456 700 qui
476 667 600 694 veritatis
615 666 752 693 studiosus
765 666 813 693 sit.
827 666 912 698 Quam
926 666 960 693 oh
972 673 1039 694 cau-

246 718 304 739 sam
319 712 445 739 omnibus
469 719 528 738 sese
544 712 750 738 accommodare
762 714 881 745 oportet,
897 715 924 738 et
950 712 1038 738 instar

246 757 345 784 medici
364 757 505 791 cujusdam
535 764 566 784 ea
585 764 645 791 qua:
667 756 700 782 ad
728 755 938 790 uniuscujusque
966 756 1038 784 salu-

247 806 301 830 tem
317 802 391 829 utilia
409 807 472 829 sunt
483 802 703 832 subministrare,
720 805 749 827 ut
762 800 891 828 salutaris
906 802 1032 829 doctrina

1089 253 1237 289 τιμώμενοι
1267 253 1409 288 ἀγαπῶσιν
1441 253 1539 288 ἑτεροι-
1559 252 1668 288 βραχεῖς
1696 252 1718 279 δ’
1739 254 1763 280 οι
1791 252 1875 286 λόγων

1089 298 1196 334 ἀληθῶν
1221 298 1329 334 ἀληθεῖς
1358 299 1413 334 (85)
1439 299 1562 334 ἐρασταὶ,
1586 299 1633 326 καὶ
1655 299 1767 331 σπάνιος
1797 297 1830 325 αὖ
1862 299 1877 324 ὁ

1088 344 1138 379 τῆς
1169 345 1297 380 ἀληθείας
1327 345 1412 379 φίλος.
1447 345 1491 371 Διὸ
1520 344 1589 380 πρὸς
1614 345 1718 377 πάντας
1744 345 1879 380 ἁρμόττε-

1089 391 1152 418 σθαι
1170 391 1219 422 δεῖ,
1240 391 1330 426 ἰατροῦ
1339 391 1417 427 δίκην
1429 391 1535 426 ἑκάστῳ
1549 390 1584 417 τὰ
1595 390 1720 426 λυσιτελῆ
1737 392 1804 427 πρὸς
1820 400 1876 418 σω-

1083 445 1116 472 τη
1123 437 1182 472 ρίαν
1197 438 1407 473 ποριζομένους·
1425 437 1490 465 ὥστ’
1501 439 1530 472 ἐξ
1545 438 1664 470 ἅπαντος
1679 438 1728 474 τὴν
1741 439 1876 474 σωτήριον

1084 483 1161 518 παρὰ
1179 483 1235 515 τοῖς
1246 484 1312 510 πᾶσι
1326 483 1485 517 δοξάζεσθαι
1498 484 1680 511 διδασκαλίαν.
1696 484 1813 512 Τοιαῦτα
1826 485 1876 520 μὲν

1083 528 1113 554 ὲν
1128 528 1246 563 πρώτοις
1257 529 1389 566 παρῄνει·
1405 531 1481 562 τέλος
1500 530 1522 557 δ’
1540 531 1668 563 ἐπετίθει,
1680 531 1729 563 τὰς
1743 531 1811 567 ὑπὲρ
1826 532 1877 559 a6-

1083 574 1130 600 τοῦ
1155 574 1222 610 πρὸς
1245 575 1292 602 τὸν
1309 576 1375 602 Θεὸν
1395 577 1534 613 ἱκετηρίας
1555 577 1780 613 ἐσπουδασμένως
1791 579 1878 605 ποιεῖ-

1087 620 1159 647 σθαι.
1172 621 1249 648 Οὕτω
1264 622 1295 657 δὴ
1308 622 1518 658 συνταξάμενος,
1527 625 1573 651 ἐπὶ
1583 624 1616 652 τὰ
1630 625 1704 659 σφῶν
1717 625 1803 652 οἰκεῖα
1813 626 1878 657 τοὺς

1087 666 1192 698 πάντας
1211 667 1350 695 ἐπανιέναι
1370 669 1461 703 ἠφίει·
1477 670 1501 696 οἱ
1518 669 1541 695 δ’
1553 669 1704 706 ἐπανῄεσαν
1722 671 1770 698 σὺν
1783 670 1879 706 εὐφρο-

1087 711 1164 748 σύνῃ,
1179 713 1289 749 ἐκράτει
1306 722 1335 741 τε
1349 714 1443 741 λοιπὸν
1464 715 1539 750 παρὰ
1553 717 1609 748 τοῖς
1621 717 1689 743 πᾶσι
1705 716 1753 752 μία
1769 715 1881 752 γνώμη,

1087 759 1154 793 παρ’
1184 759 1258 794 αὐτῷ
1284 759 1390 794 βασιλεί
1420 761 1639 796 συμφωνηθεῖσα,
1669 761 1879 797 συναπτομένων

1086 803 1180 839 ὥσπερ
1203 805 1246 839 ἐφ’
1263 805 1303 832 ἑνὶ
1315 805 1430 842 σώματι,
1446 806 1501 834 τῶν
1517 808 1550 834 ἐκ
1571 807 1675 844 μακροῦ
1694 808 1878 844 διῃρημένων.

247 848 320 875 omni
335 856 367 875 ex
382 852 457 881 parte
474 848 508 875 ab
532 848 660 881 omnibus
676 849 834 875 honoretur.
851 848 882 875 Et
896 848 954 875 haec
971 849 1080 883 quidem
1111 850 1200 884 primo
1223 852 1284 878 loco
1317 853 1469 887 imperator
1498 853 1537 881 eis
1569 854 1707 889 prmcepit.
1731 855 1770 881 Ad
1788 860 1880 882 extre-

246 901 320 921 mum
333 901 398 921 vero
423 893 530 927 adjecit,
551 898 580 920 ut
611 901 661 927 pro
697 901 727 920 se
757 901 864 928 quoque
889 901 983 928 preces
1006 894 1039 921 ad
1059 894 1143 923 Deum
1172 897 1268 925 sedulo
1300 898 1433 926 facerent.
1450 899 1517 926 Cum
1532 900 1558 926 in
1573 900 1644 926 hunc
1659 901 1765 927 modum
1781 901 1820 927 eis
1834 909 1881 927 va-

247 939 397 972 ledixisset,
421 940 526 966 cunctis
559 944 620 973 post
635 940 693 966 hare
722 939 749 966 in
774 940 890 974 patriam
916 941 1045 969 redeundi
1079 947 1238 977 potestatem
1272 945 1348 973 fecit.
1363 946 1401 973 llli
1425 946 1508 982 igitur
1532 954 1635 974 summa
1653 955 1714 974 cum
1743 947 1881 975 hilaritate

247 985 355 1012 domum
372 986 474 1013 reversi
505 990 586 1018 sunt;
615 993 646 1012 ac
664 986 791 1020 deinceps
816 994 869 1013 una
898 987 968 1022 apud
987 995 1083 1015 omnes
1103 989 1188 1017 valuit
1214 991 1313 1026 opinio,
1347 993 1398 1020 sub
1424 993 1507 1027 ipsius
1539 993 1710 1028 imperatoris
1736 993 1880 1028 prresentia

247 1032 385 1059 communi
413 1032 532 1059 omnium
564 1039 698 1059 consensu
724 1033 845 1066 ﬁrmata;
862 1041 924 1061 cum
947 1033 965 1061 ii
978 1034 1024 1070 qui
1038 1035 1094 1070 jam
1119 1036 1219 1065 dudum
1234 1046 1249 1065 a
1263 1046 1292 1066 se
1308 1044 1401 1066 mutuo
1426 1039 1523 1067 divulsi
1554 1045 1642 1073 erant,
1656 1040 1682 1067 in
1702 1048 1784 1067 unum
1796 1039 1880 1067 veluti

247 1087 347 1113 corpus
362 1079 537 1107 coaluissent.

476 1125 560 1162 496
582 1125 697 1154 CAPUT
721 1125 801 1152 XXII.

249 1171 387 1204 Quomodo
404 1171 470 1199 alios
483 1174 588 1208 quidem
611 1173 732 1199 hortatus
755 1173 796 1202 sit,
813 1172 847 1198 ad
859 1172 927 1199 alio:
950 1178 1037 1201 autem

353 1209 497 1241 scripserit,
513 1213 536 1234 et
555 1209 587 1234 de
599 1208 771 1242 pecuniarum
792 1208 928 1235 divisione.

283 1250 372 1279 Tanto
385 1252 468 1286 igitur
482 1260 608 1280 successu
627 1252 774 1286 imperator
793 1252 973 1286 exhilaratus,
999 1253 1032 1280 iis

248 1297 295 1332 qui
311 1299 414 1332 synodo
426 1299 537 1326 minimc
556 1295 754 1330 interfuissent,
770 1298 953 1333 gratissimum
980 1299 1039 1327 I'ru—

248 1351 321 1371 cxum
335 1352 384 1378 per
395 1345 500 1371 litteras
518 1345 644 1379 przebuit.
656 1344 708 1372 Sed
724 1349 751 1371 et
767 1345 901 1372 universis
917 1345 1036 1380 populis,

251 1394 304 1416 tam
324 1390 356 1417 iis
373 1391 416 1424 qui
436 1398 483 1425 per
500 1397 579 1424 agros
592 1398 672 1425 quant
691 1391 736 1426 qui
757 1391 783 1417 in
801 1391 916 1417 urbibus
930 1391 1038 1418 habita-

249 1434 326 1466 bant,
340 1442 464 1468 magnam
481 1435 601 1469 pecunim
618 1435 672 1462 vim
699 1436 824 1463 distribui
842 1435 936 1469 jussit;
951 1437 1040 1471 publi-

250 1490 310 1507 ram
325 1481 502 1508 festivitatem
522 1483 556 1509 ob
573 1483 732 1510 vicesimum
755 1482 862 1517 imperii
879 1483 920 1514 sui
938 1491 1038 1511 annuat

250 1528 300 1554 hac
317 1529 422 1555 ratione
435 1529 641 1556 concelebraris.

532 1575 647 1603 CAPUT
661 1574 757 1602 XXIII.

253 1618 390 1651 Quomodo
405 1619 440 1646 ad
460 1618 601 1680 JEgyptlios
626 1620 768 1660 scripserit,
785 1627 880 1654 eosque
897 1619 930 1646 ad
950 1627 1041 1654 pacem

561 1659 672 1680 torlattts
696 1660 740 1680 stt.

561 1659 672 1681 torlattts
696 1660 740 1681 stt.

287 1699 388 1726 Verum
409 1700 514 1727 cunctis
533 1700 604 1727 inter
628 1708 658 1726 se
674 1708 766 1736 pacem
789 1700 951 1733 colentibus,
969 1701 1041 1736 apud

252 1745 326 1772 solos
340 1743 485 1780 Egyptios
501 1745 680 1780 implacabilis
698 1746 884 1773 contentionis
900 1746 978 1774 furor
994 1754 1040 1773 ar-

252 1791 335 1818 debat
352 1799 358 1818 :
373 1791 440 1818 adeo
453 1796 481 1818 ut
494 1792 648 1819 molestiam
658 1793 769 1826 quidem
783 1793 945 1820 exhibercnt
961 1793 1042 1827 impe—
1055 1805 1077 1833 ο

253 1838 339 1865 ratori
350 1857 356 1869 ,
375 1846 427 1865 non
444 1838 503 1865 ideo
518 1842 608 1866 tamen
622 1846 684 1866 eum
697 1840 730 1866 ad
747 1840 917 1868 iracundiam
936 1839 1041 1866 excita;

253 1890 327 1912 rent.
341 1883 403 1911 lllos
418 1885 490 1911 cnim
505 1889 535 1911 ut
556 1891 658 1918 patres,
675 1891 723 1912 aut
738 1886 828 1920 potius
845 1891 873 1913 ut
894 1885 1041 1921 prophetas

254 1930 313 1964 Dei,
329 1931 401 1958 omni
415 1931 518 1962 honore
532 1931 679 1966 imperator
693 1931 823 1964 alliciens,
844 1933 942 1959 iterum
963 1932 996 1959 ad
1013 1939 1042 1960 se

253 1977 380 2008 vocavit;
398 1977 496 2004 iterum
513 1977 616 2004 arbiter
627 1978 784 2005 eorumdem
793 1978 859 2011 fuit;
877 1978 976 2005 iterum
993 1985 1041 2004 eos

253 2022 414 2049 muneribus
433 2029 465 2049 ac
481 2022 559 2048 donis
577 2022 729 2049 honoravit.
751 2021 919 2049 Sententiam
936 2029 1043 2056 quoque

253 2074 336 2100 quam
362 2067 465 2094 arbiter
491 2067 608 2100 dixerat,
631 2075 679 2101 per
697 2067 838 2102 epistolam
861 2068 1042 2103 signiﬁcavit,

255 2113 422 2141 confirmans
439 2117 467 2140 et;
491 2114 620 2140 sanciens
637 2121 668 2141 ea
692 2121 753 2148 qua:
770 2121 784 2140 a
807 2115 911 2150 synodo
934 2113 1043 2141 decreta

255 2157 380 2191 fuerant,
396 2165 497 2193 eosque
512 2158 660 2186 adhortans
678 2163 706 2185 ut
720 2159 874 2186 concordia:
888 2159 1040 2190 studerent,

255 2211 306 2230 nec
319 2203 448 2231 Ecclesia
466 2212 567 2239 corpus
582 2205 737 2232 distrahere
759 2212 791 2231 ac
806 2204 962 2238 discerpere
984 2203 1042 2231 vel-

1347 1127 1546 1154 ΚΕΦΑΛΑΙΟΝ
1569 1127 1633 1154 KB'.

1091 1173 1190 1205 Ὅπως
1209 1172 1263 1206 οὓς
1282 1172 1341 1207 μὲν
1359 1172 1561 1208 προέπεμψεν,
1581 1170 1626 1206 οἷς
1639 1172 1673 1199 δὲ
1692 1173 1815 1208 ἕῃοαψε,
1830 1171 1882 1200 και

1318 1207 1477 1242 χρημάτων
1490 1208 1649 1241 διαδόσεις.

1126 1253 1235 1290 Χαὶρων
1253 1253 1322 1289 δῆτα
1342 1253 1468 1289 βασιλεὺς
1483 1255 1529 1281 ἐπὶ
1545 1254 1585 1290 τῷ
1604 1253 1805 1290 κατορθώματι,
1823 1255 1882 1286 τοῖς

1092 1300 1130 1336 μὴ
1141 1299 1328 1336 παρατυχοῦσι
1343 1301 1376 1335 τῇ
1394 1300 1495 1336 συνόδῳ
1515 1301 1621 1336 καρπὸν
1634 1300 1732 1335 εὐθαλῆ
1745 1298 1883 1335 δεδώρητο

1090 1345 1124 1371 δι’
1137 1344 1286 1371 ἐπιστολῶν
1297 1353 1303 1359 -
1328 1343 1403 1375 λαοῖς
1421 1344 1444 1370 θ’
1462 1344 1556 1374 ἅπασι,
1574 1346 1629 1376 τοῖς
1649 1354 1678 1371 τε
1701 1346 1760 1371 κατ’
1778 1345 1882 1380 ἀγροὺς

1091 1392 1138 1418 κα)¹
1151 1393 1207 1422 τοῖς
1218 1391 1288 1425 ἀμφὶ
1306 1390 1354 1422 τὰς
1366 1390 1467 1421 πόλεις,
1480 1390 1629 1425 χρημάτων
1647 1390 1778 1424 ἀφθόνους
1791 1390 1880 1417 διαδό-

1094 1446 1150 1469 σεις
1169 1437 1302 1463 ποιεῖσθαι
1324 1435 1532 1472 παρεκελεύετο,
1555 1435 1606 1463 ὦδὲ
1622 1445 1659 1472 πη
1679 1436 1816 1473 γεραίρων
1831 1436 1882 1472 τὴν

1093 1483 1189 1519 ἑορτὴν
1202 1483 1251 1518 τῆς
1265 1482 1437 1514 εἰκοσαετοῦς
1453 1482 1599 1518 βασιλείας.

1344 1569 1542 1596 ΚΕΦΑΛΛΙΟΝ
1567 1569 1630 1596 Kl".

1093 1614 1195 1647 Ὅπως
1213 1613 1280 1648 περὶ
1303 1614 1425 1648 εἰρήνης
1447 1614 1619 1657 Α’Ζγυπτίοις
1636 1615 1748 1650 ἔγραψέ
1775 1624 1808 1642 τε
1833 1615 1885 1643 καὶ

1398 1658 1580 1684 πίιρῃνεσεν.

1134 1695 1213 1722 Ἀλλὰ
1230 1695 1285 1732 γὰρ
1305 1696 1434 1723 ἁπάντων
1455 1696 1681 1732 εῐρηνευομένων,
1697 1697 1785 1732 μόνοις
1798 1697 1884 1731 Αἰγυ-

1093 1743 1181 1774 πτίοις
1193 1742 1307 1777 ἄμικτος
1316 1741 1349 1778 ἦν
1360 1744 1376 1778 ἡ
1388 1743 1456 1778 πρὸς
1469 1743 1599 1778 ἀλλήλους
1614 1742 1772 1778 φιλονεικία,
1784 1743 1821 1774 ὡς
1838 1743 1886 1770 καὶ

1094 1786 1170 1820 αὖθις
1185 1788 1302 1824 ἐνοχλεῖν
1321 1789 1442 1824 βασιλέα,
1455 1789 1485 1815 οὺ
1502 1789 1554 1824 μὴν
1572 1789 1619 1815 καὶ
1633 1788 1702 1824 πρὸς
1716 1789 1801 1824 ὀργὴν
1813 1788 1887 1823 ἐγει-

1098 1843 1164 1870 ρειν.
1176 1832 1226 1862 Οἷα
1237 1834 1302 1870 γοῦν
1314 1835 1444 1871 πατέρας,
1455 1835 1471 1871 ἦ
1483 1835 1530 1861 καὶ
1544 1835 1642 1870 μᾶλλον
1652 1835 1793 1870 προφήτας
1805 1834 1885 1867 Θεοῦ,

1098 1882 1173 1917 πάσῃ
1187 1882 1324 1917 περιέπων
1335 1883 1412 1917 τιμῇ,
1425 1883 1471 1908 καὶ
1483 1880 1607 1916 δεύτερον
1623 1881 1726 1911 ἐκάλει,
1743 1881 1788 1907 καὶ
1804 1881 1886 1908 πάλιν

1097 1931 1238 1965 ὲμεσίτευε
1253 1931 1309 1961 τοῖς
1326 1930 1416 1961 αὐτοῖς
1436 1928 1613 1962 ἀνεξικάκως,
1634 1930 1680 1955 καὶ
1694 1928 1791 1964 δώροις
1805 1929 1888 1964 ἐτίμα.

1098 1975 1188 2007 πάλιν,
1206 1975 1300 2010 ἐδήλου
1321 1983 1351 2001 τε
1372 1974 1421 2010 τὴν
1438 1974 1541 2001 δίαιταν
1562 1974 1594 2000 δι’
1610 1973 1763 2009 ἐπιστολῆς.
1783 1974 1837 2000 Καὶ
1853 1973 1890 2000 τὰ

1097 2021 1146 2056 τῆς
1162 2021 1270 2048 συνόδου
1284 2021 1406 2056 δόγματα
1418 2021 1508 2056 κυρῶν
1523 2019 1748 2056 ἐπεσφραγίζετο,
1763 2019 1890 2055 παρεκά-

1097 2066 1138 2092 λει
1147 2074 1177 2092 τε
1191 2066 1349 2101 συμφωνίας
1362 2065 1481 2100 ἔχεσθαι,
1500 2065 1567 2101 μηδὲ
1583 2065 1698 2100 διασπᾷν
1712 2065 1759 2091 καὶ
1770 2065 1888 2092 κατατέ-

1099 2120 1175 2148 μνειν
1188 2112 1238 2147 τὴν
1255 2112 1428 2146 Ἐκκλησίαν,
1441 2111 1491 2146 τῆς
1501 2111 1529 2138 δὲ
1543 2111 1589 2138 τοῦ
1601 2111 1668 2137 Θεοῦ
1682 2112 1798 2146 κρίσεως
1810 2113 1839 2137 ἐν
1849 2112 1889 2147 νῷ

1097 2159 1148 2193 τὴν
1169 2159 1280 2195 μνήμην
1297 2159 1454 2194 λαμϐάνειν.
1470 2159 1524 2185 Καὶ
1536 2158 1621 2184 ταῦτα
1632 2158 1660 2184 δὲ
1673 2157 1798 2193 βασιλεὺς
1807 2158 1840 2184 δι’
1853 2159 1890 2185 οι-

1099 2203 1176 2236 κείας
1187 2204 1329 2231 ἐπέστελλε
1343 2205 1459 2241 γραφῆς.

255 2249 321 2282 lcnt,
337 2250 384 2277 sed
406 2251 526 2277 futurum
550 2250 596 2277 Dei
608 2250 741 2284 judicium
757 2250 850 2278 animo
871 2254 1042 2285 reputarent.
1061 2249 1094 2277 Et
1113 2250 1171 2278 haec
1187 2250 1297 2285 quidem
1326 2251 1475 2287 imperator
1490 2250 1600 2286 speciali
1624 2249 1739 2285 epistola
1755 2249 1796 2278 eis
1820 2258 1888 2285 sug-

254 2296 348 2330 gessit.

532 2353 647 2381 CAPUT
670 2351 762 2380 XXIV.

286 2399 424 2433 Quomodo
437 2399 565 2435 episcopis
581 2405 605 2426 et
621 2399 738 2434 plebibus
756 2399 894 2434 religiosas
909 2399 1010 2427 litteras

539 2436 636 2470 :wpius
648 2434 762 2470 scripsit.

293 2479 346 2506 Sed
365 2484 393 2507 et
418 2479 471 2507 alia
488 2479 603 2516 plurima
628 2479 760 2508 eiusmodi
785 2480 904 2514 scripsit,
923 2487 955 2507 ac
976 2486 1045 2514 pene

256 2525 474 2553 innumerabiles
490 2526 615 2552 exaravit
641 2525 791 2560 epistolas;
814 2533 886 2553 nunc
910 2525 1044 2560 episcopis

254 2571 436 2604 prznscribens
453 2579 484 2598 ea
513 2579 573 2606 qua:
589 2571 621 2598 ad
638 2571 823 2599 Ecclesiarum
839 2571 886 2598 Dei
900 2571 1044 2598 utilitatem

255 2617 426 2652 spectabant,
454 2625 528 2646 nunc
547 2617 620 2652 ipsas
634 2618 729 2652 plebes
745 2625 794 2653 per
805 2617 910 2644 litteras
923 2617 1044 2651 compel-

290 2719 458 2754 (85)Λόγων
464 2718 585 2753 ἀληθῶν
591 2719 722 2754 ἀληθεῖς.
732 2718 816 2746 Codd.
827 2717 933 2754 Fuketii
941 2723 967 2745 et
976 2718 1052 2745 Savi-

262 2754 287 2779 lii
303 2753 434 2789 scriptum
452 2755 645 2791 Ιιπὺοιιιλόγων
655 2754 895 2791 ἁληθῶνὲρασταί.
911 2753 1051 2791 Quomodo

263 2790 343 2815 ctiam
365 2791 392 2816 in
415 2790 483 2817 libro
501 2790 619 2816 'l'uruebi
646 2792 679 2817 ad
701 2789 854 2817 ‘mareinem
879 2789 1048 2815 emendatur.

263 2823 317 2849 ειη-«ι
332 2825 437 2858 vulgata
454 2825 535 2852 lectio
551 2826 638 2859 magis
651 2826 738 2860 placet
754 2823 790 2852 oh
807 2832 838 2851 ca
854 2831 911 2858 qua:
927 2823 1049 2860 proxime

265 2865 425 2894 sequuntur,
440 2865 469 2886 ut
482 2860 583 2886 vitetur
596 2858 766 2896 ⁴ταυτολογία.
793 2859 876 2888 Paulo
890 2863 952 2894 post
962 2858 1047 2886 codex

1350 2349 1550 2377 ΚΕΦΑΛΑΙΟΝ
1568 2350 1631 2375 ΚΔ¹.

1094 2399 1195 2431 ὀπως
1219 2397 1395 2430 ἐπισκόποις
1417 2396 1569 2458 ἓέαῇἒιὲς
1588 2393 1720 2427 εὐλαϐῶς
1739 2395 1890 2429 πολλάκις

1436 2440 1560 2467 map-er.

1131 2479 1187 2506 Kal.
1204 2479 1272 2505 ἀλλὰ
1285 2479 1313 2505 δὲ
1327 2478 1430 2511 τούτοις
1447 2477 1565 2514 ἔγραψεν
1579 2477 1679 2512 ἀδελφὰ
1697 2476 1792 2513 μυρία,
1809 2475 1890 2502 πλεί-

1096 2533 1162 2557 στας
1180 2525 1203 2552 θ’
1225 2526 1289 2557 ὅσας
1305 2524 1447 2556 ἐπιστολὰς
1464 2523 1600 2555 διετύπου,
1619 2525 1647 2550 ἐν
1666 2523 1743 2559 μέρει
1761 2521 1810 2557 μὲν
1826 2522 1889 2548 ἐπι-

1096 2571 1209 2603 σκόποις
1224 2572 1295 2607 ὑπὲρ
1310 2572 1363 2598 τῶν
1379 2570 1551 2606 Ἑκκλησιῶν
1558 2569 1605 2596 τοῦ
1614 2568 1681 2596 Θεοῦ
1698 2567 1732 2594 τὰ
1745 2567 1890 2602 πρόσφορα

1095 2617 1318 2653 διαταττόμενος·
1339 2617 1390 2654 ήδη
1406 2617 1434 2644 δὲ
1457 2617 1506 2644 καὶ
1526 2616 1617 2648 αὐτοῖς
1637 2613 1808 2651 προσεφώνει
1833 2614 1890 2646 τοῖς

1084 2736 1091 2743 .
1105 2717 1209 2746 Fuketii
1225 2723 1253 2745 et
1273 2719 1379 2745 schedm
1395 2718 1485 2753 Regia:
1507 2719 1606 2746 habent
1625 2726 1633 2745 :
1651 2717 1696 2751 ὑφ’
1716 2714 1890 2753 ἐνὶησώματι

1104 2761 1156 2780 uon
1175 2753 1216 2787 ἐφ’
1231 2753 1282 2786 ἐνὶ,
1295 2759 1324 2780 ιιι
1348 2752 1446 2786 legitur
1460 2754 1486 2781 in
1514 2753 1629 2788 vulgatis
1655 2752 1835 2779 editionibus.
1846 2752 1890 2788 >ln

1102 2789 1213 2826 eodem_
1223 2790 1315 2826 codice
1337 2789 1466 2823 scriptum
1487 2786 1603 2826 inveni;
1615 2787 1709 2822 διόπερ
1723 2794 1827 2826 narra;
1840 2786 1892 2826 ἁρ-

1103 2823 1246 2865 μᾴττεσθαι
1263 2823 1312 2858 δεῖ,
1338 2821 1399 2852 ιιοιί
1411 2830 1440 2852 ut
1455 2825 1534 2859 vulgo
1557 2823 1657 2851 editum
1680 2821 1731 2855 est,
1763 2821 1804 2847 διὸ
1822 2821 1891 2857 πρὸς

1100 2866 1211 2890 παντας.
