2000 3167
149 172 218 200 I085

698 174 743 202 DE
763 175 845 202 VITA
863 175 1093 204 CONSTANTINI
1112 176 1176 204 LIB.
1197 177 1241 205 III.

1697 179 1764 208 I086

149 229 289 265 πλήθεσιν,
300 230 430 264 ἀδελφοὺς
442 231 585 257 ἀποκαλῶν
597 232 643 258 καὶ
653 232 869 268 συνθεράποντας
881 235 938 261 ἑαυ-

990 234 1059 266 laus,
1076 234 1228 269 fratresque
1240 239 1267 262 et
1279 242 1426 264 conservos
1439 243 1504 264 suos
1522 236 1664 263 nominans
1676 235 1769 263 Eccle-

147 275 194 300 τοῦ
204 275 267 306 τοὺς
273 275 322 309 τῆς
331 274 493 310 Ἐκκλησίας
503 275 584 308 λαοὺς
599 277 613 302 ὁ
628 277 835 312 τρισμακάριος.
851 278 936 314 Σχολὴ

147 322 170 351 δ’
190 322 222 350 ἂν
242 323 346 357 γένοιτο
366 323 451 349 ταῦτα
470 324 515 350 ἐπὶ
531 323 633 355 οἰκείας
652 323 805 356 ὑποθέσεως
822 333 937 359 συναγα-

148 370 206 403 γεῖν
217 369 283 404 (86),
300 370 338 401 ὡς
355 369 388 396 ἂν
404 370 440 405 μὴ
451 369 482 396 τὸ
501 369 581 404 σῶμα
594 369 643 405 τῆς
657 369 797 405 παρούσης
811 371 875 406 ἡμῖν
886 371 938 397 δια-

149 415 276 442 κόπτοιτο
293 415 422 450 ἱστορίας.

404 472 604 500 ΚΕΦΑΛΑΙΟΝ
618 473 681 500 ΚΕ’.

150 517 246 557 ὀπως
261 517 298 557 ἐν
320 517 533 557 Ὶεροσολρμοζς
548 519 663 557 ’ἐπὶμτῷ
688 519 859 557 aly/garoue)
882 519 939 554 τῆς

183 552 238 588 τοῦ
255 552 392 588 Σωτῆρος
405 552 488 587 ἡμῶν
499 552 794 586 ἀναστάσεως-(ναὸν
809 552 938 588 προσεύ-

184 587 306 620 κτήριον
316 587 533 622 οἰκοδομεῖσθαι
544 589 721 622 προσέταξε.

185 632 293 659 Τούτων
315 633 337 659 δ’
358 630 402 659 ὧδ’
419 633 544 668 ἐχόντων,
563 635 671 670 μνήμης
686 634 749 662 ἄλλο
763 644 789 662 τι
811 635 938 670 μέγιστον

151 678 206 714 (87)
226 679 270 705 ἐπὶ
285 679 332 706 τοῦ
345 679 531 706 Παλαιστινῶν
542 680 634 712 ἔθνους
650 681 664 707 ὁ
680 681 803 716 Θεοφιλὴς
818 681 938 717 εἰργάζε-

151 733 196 751 το·
211 724 238 751 τί
259 724 281 750 δ’
300 723 334 760 ἦν
348 725 443 757 τοῦτος
470 725 521 752 Τὸν
550 726 579 751 ὲν
598 727 654 757 τοῖς
674 727 868 763 Ἰεροσολύμοις
887 727 938 762 τῆς

151 770 285 807 σωτηρίου
303 772 475 804 ἀναστάσεως
492 772 723 808 μακαριστότατον
742 774 833 805 τόπον,
850 773 936 800 ἐδόκει

149 818 204 844 δεῖν
218 817 292 852 αὐτῷ
306 818 440 853 περιφανῆ
452 818 499 845 καὶ
511 818 608 845 σεπτὸν
626 819 761 854 ἀποφῆναι
772 820 827 851 τοῖς
843 820 935 845 πᾶσιν.

150 863 253 889 Λύτίκα
265 862 329 897 γοῦν
346 861 418 889 οἷκον
438 864 580 899 εὐκτήριον
596 865 778 899 συστήσασθαι
790 864 938 891 διεκελεύε-

149 916 191 939 το,
207 908 256 935 οὐκ
273 908 348 935 ἀθεεὶ
363 909 435 935 τοῦτ’
447 910 475 935 ὲν
488 909 592 945 διανοίᾳ
608 909 704 944 βαλὼν,
722 909 777 937 ἀλλ’
795 911 840 937 ὑπ’
856 910 936 937 αὐτοῦ

149 951 197 980 τοῦ
211 954 336 989 Σωτῆρος
349 955 520 990 ἀνακινηοεὶς
535 955 573 990 τῷ
588 955 732 991 πνεύματι.

405 1002 600 1028 ΚΕΦΑΛΑῘΟΝ
615 1003 685 1036 KQ”.

152 1046 212 1072 Ὀτι
231 1045 263 1072 τὸ
280 1045 359 1073 θεῖον
380 1046 484 1081 μνῆμα
507 1045 621 1080 χώμασι
660 1048 708 1074 καὶ
729 1048 861 1081 εἰδώλοις
878 1048 938 1081 ζάπ-

412 1081 552 1116 έκρυψίιν
563 1084 589 1108 οἱ
602 1082 693 1109 ἄθεοι.

188 1126 300 1160 Ἀνδρες
315 1125 365 1160 μὲν
377 1126 431 1162 γάρ
443 1135 508 1153 ποτε
527 1127 675 1159 δυσσεϐεῖς,
688 1128 786 1163 μᾶλλον
799 1129 826 1155 δὲ
840 1130 894 1156 πᾶν
908 1130 937 1156 τὺ

150 1171 284 1206 δαιμόνων
304 1171 347 1197 διὰ
371 1172 472 1199 τούτων
489 1173 575 1206 γένος,
601 1174 718 1209 σπουδὴν
739 1174 828 1201 ἔθεντο
851 1175 938 1211 σκότῳ

152 1216 199 1243 καὶ
214 1216 283 1253 λήθῃ
297 1217 460 1251 παραδοῦναι
474 1218 505 1244 τὸ
521 1218 661 1246 Θεσπέσιον
677 1221 764 1247 ἐκεῖνο
779 1221 827 1255 τῆς
838 1221 937 1248 ἀθανα-

152 1263 212 1294 σίας
233 1263 338 1298 μνῆμα,
360 1264 425 1299 παρ’
441 1261 462 1297 ᾧ
483 1265 539 1298 φῶς
565 1266 755 1302 ἐξαστράπτων
781 1268 794 1293 ὁ
817 1268 939 1300 καταϐὰς

151 1306 296 1344 οὐρανόθεν
312 1309 436 1344 ἄγγελος,
456 1311 603 1338 ἀπεκύλισε
620 1313 664 1339 τὸν
673 1313 745 1340 λίθον
759 1313 812 1339 τῶν
825 1313 873 1345 τὰς
884 1314 939 1340 δια-

152 1354 226 1386 νοίας
244 1353 443 1390 λελιθωμὲνων,
460 1356 505 1382 καὶ
521 1356 566 1383 τὸν
583 1356 670 1389 ζῶντα
688 1357 756 1393 μετὰ
768 1358 821 1385 τῶν
835 1358 939 1394 νεκρῶν

152 1398 190 1426 ἔθ’
205 1399 335 1434 ὑπάρχειν
353 1400 553 1435 ὑπειληφότωνυ
566 1401 614 1434 τὰς
627 1405 754 1437 γυναῖκας
770 1402 935 1438 εὐαγγελιζό-

153 1455 244 1482 μενος,
271 1445 316 1471 τόν
329 1454 358 1471 τε
370 1446 420 1480 τῆς
432 1447 561 1480 ἀπιστίας
585 1447 658 1475 λίθον
677 1450 727 1484 τῆς
745 1449 833 1476 αὐτῶν
844 1450 939 1477 διανοί·

153 1497 185 1520 ας
197 1488 252 1523 (88)
263 1490 309 1516 ἐπὶ
320 1489 380 1526 δόξῃ
397 1491 446 1526 τῆς
461 1492 507 1518 τοῦ
522 1491 685 1528 ζητουμένου
694 1494 765 1529 ζωῆς
772 1494 938 1530 ἀφαιρούμε-

152 1541 207 1565 νος.
224 1534 309 1561 Τοῦτο
326 1535 374 1570 μὲν
393 1534 439 1562 οὖν
460 1537 491 1562 τὸ
511 1538 642 1572 σωτήριον
660 1538 756 1573 ἄντρον
776 1539 849 1566 ἅθεοί
867 1548 939 1572 τινες

153 1579 200 1606 καὶ
214 1579 353 1612 δυσσεϐεῖς
365 1581 467 1616 ἀφανὲς
479 1582 507 1615 ἐξ
519 1582 668 1618 ἀνθρώπων
679 1585 840 1620 ποιήσασθαι
852 1586 938 1612 διανε-

153 1624 256 1659 νόηντο.
271 1626 367 1661 ἄφρονι
377 1626 498 1662 λογισμῷ
510 1628 559 1663 τὴν
574 1628 702 1663 ἀλήθειαν
717 1630 804 1666 ταύτῃ
819 1639 856 1665 πη
873 1632 939 1667 κρύ-

153 1669 204 1704 ψαι
222 1669 403 1706 λογισάμενοι.
421 1673 475 1698 Καὶ
496 1673 527 1708 δὴ
548 1673 630 1700 πολὺν
650 1675 868 1710 είσενεγκάμενοι
890 1677 938 1711 μό-

153 1715 226 1751 χθον,
242 1716 294 1751 γῆν
308 1715 406 1749 ἔξωθέν
422 1718 503 1745 ποθεν
520 1719 729 1755 εἰσφορήσαντες
738 1720 804 1756 (89),
815 1722 860 1748 τὸν
871 1722 939 1749 πὰνι

153 1769 188 1787 τοι
200 1761 365 1789 καλύπτουσι
379 1763 470 1795 τόπον,
480 1764 586 1791 κᾶπειτ’
600 1767 640 1797 εἰς
651 1765 718 1801 ὕψος
741 1767 937 1803 αἰωρήσαντες,

154 1806 220 1842 λίθῳ
235 1816 265 1834 τε
284 1809 533 1845 καταστρώσαντες,
552 1811 626 1838 κάτω
642 1820 694 1838 που
712 1812 743 1838 τὸ
757 1812 827 1840 θεῖον
842 1814 938 1850 ἄντρον

154 1853 207 1879 ὑπὸ
222 1853 310 1889 πολλῷ
327 1854 365 1890 τῷ
381 1855 486 1891 χώματι
501 1857 754 1892 κατακρύπτουσιν-
773 1857 823 1885 εἷθ’
837 1860 874 1891 ὡς
894 1860 940 1885 οὺ-

153 1898 228 1930 δενὸς
239 1899 330 1932 αὐτοῖς
341 1901 511 1936 λειπομένου,
527 1903 576 1938 τῆς
589 1904 640 1938 γῆς
658 1903 785 1939 ὕπερθεν,
802 1905 887 1931 δεινὸν
902 1905 940 1937 ὡς

154 1944 262 1979 ἀληθῶς
276 1947 401 1980 ταφεῶνα
416 1947 507 1982 ψυχῶν
522 1949 756 1981 ἐπισκευάζουσιν,
777 1950 880 1986 νεκρῶν
902 1952 940 1977 εί-

153 1989 244 2017 δώλων
263 1993 367 2019 σκότιον
393 1993 551 2029 Ἀφροδίτης
569 1994 709 2030 ἀκολάστῳ
731 1995 836 2030 δαίμονι
856 1996 940 2031 μυχὸν

153 2038 409 2074 οἰκοδομησάμενοι·
430 2040 546 2066 κᾶπειτα
565 2041 687 2076 μυσαρὰς
703 2041 826 2067 ἐνταυθοῖ
847 2041 941 2074 θυσίας

154 2083 202 2108 ἐπὶ
218 2083 337 2119 βεϐήλων
354 2085 400 2110 καὶ
414 2085 518 2118 ἐναγῶν
535 2085 634 2120 βωμῶν
647 2086 852 2118 ἐπισπένδοντες
867 2087 937 2122 (90)·

153 2128 240 2166 ταύτῃ
256 2129 310 2165 γὰρ
328 2131 415 2165 μόνως
434 2131 481 2157 καὶ
492 2131 542 2157 οὐκ
556 2131 651 2162 ἄλλως,
667 2131 697 2157 τὸ
714 2131 880 2159 σπουδασθὲν
899 2134 939 2165 εἰς

987 279 1034 306 size
1053 279 1175 313 populos,
1192 280 1234 306 vir
1251 280 1435 308 beatissimus.
1456 279 1555 308 Verum
1571 281 1630 308 hage
1644 285 1768 315 soparato

988 327 1125 352 volumine
1144 326 1284 361 colligere,
1301 326 1370 353 alias
1389 326 1504 354 fortasse
1520 328 1604 354 otium
1628 327 1719 361 fuerit,
1736 334 1770 354 no

987 371 1066 405 hujus
1085 371 1210 399 Historiae
1226 376 1326 398 nostra:
1340 372 1427 399 series
1443 372 1662 407 iuterrumpatur.

1222 461 1304 497 1,97
1321 460 1439 488 CAPUT'
1453 461 1537 488 xxv.

987 509 1124 542 Quomodo
1138 508 1326 542 Hierosolymis
1341 509 1367 534 in
1391 514 1481 534 sancto
1495 507 1638 533 Dominicm
1654 516 1769 535 resurre-

1102 545 1198 571 ctionis
1215 544 1271 570 loco
1287 542 1410 576 templum
1424 542 1522 569 exstrui
1535 543 1664 576 pra’ccpit.

1021 591 1068 619 IIis
1081 591 1115 618 ita
1126 590 1217 626 gestis,
1228 591 1374 624 imperator
1386 589 1439 616 Deo
1453 589 1551 616 ('llﬂl‘llS
1558 589 1629 615 aliud
1642 588 1768 623 quiddam

989 637 1111 672 inprimis
1139 635 1318 663 memorabile
1336 643 1478 670 aggressus
1497 640 1538 662 est
1563 635 1589 661 in
1616 634 1768 661 Palaestina.

986 682 1121 715 Quidnam
1148 689 1214 709 vero
1231 681 1296 708 illud
1307 681 1369 708 est?
1384 681 1571 708 Beatissimmn
1586 680 1660 706 illum
1678 679 1769 706 Dolui-

986 728 1055 756 nicae
1069 727 1277 754 resurrectionis
1290 727 1378 754 locum
1392 727 1436 761 qui
1455 731 1496 753 est
1509 724 1714 760 Hierosolymis,
1732 724 1766 751 il-

987 774 1099 800 Iustrem
1112 780 1144 800 ac
1158 773 1342 800 venerabilem
1359 772 1466 800 cunctis
1477 771 1636 798 mortalibus
1653 770 1770 802 elilcere,

987 818 1067 847 officii
1083 819 1123 846 sui
1144 826 1204 846 esse
1223 818 1400 845 existimavit.
1418 817 1565 844 Confestim
1583 817 1663 851 igitur
1678 822 1770 843 orato-

989 866 1056 892 rium
1069 865 1167 892 ibidem
1177 865 1280 891 exstrui
1294 863 1433 890 mandavit
1447 871 1454 889 :
1467 870 1520 888 non
1533 861 1634 895 absque
1647 861 1693 888 Dei
1705 865 1771 887 nutu

987 919 1020 938 eo
1035 911 1178 943 inductus,
1195 909 1242 938 sed
1260 909 1319 945 ipso
1338 909 1483 936 Servators
1495 908 1554 942 ejus
1566 908 1685 934 animum
1701 907 1770 934 itei-

988 961 1073 984 tante.

1266 1001 1382 1030 CAPUT
1402 1001 1496 1028 XXVI.

1007 1049 1143 1082 Quomodo
1166 1049 1239 1081 impii
1259 1048 1406 1081 sepulcrum
1435 1046 1542 1072 Domini
1562 1046 1701 1072 ruderibus
1724 1049 1749 1071 et

1122 1084 1272 1110 simulacris
1289 1083 1461 1116 superpositis
1474 1082 1636 1107 obteret-unt.

1023 1130 1128 1165 Quippe
1145 1129 1220 1164 impii
1235 1128 1370 1163 quondam
1388 1127 1521 1159 homines,
1540 1134 1587 1153 seu
1606 1126 1695 1160 potius
1711 1125 1772 1153 uni-

988 1184 1098 1204 versum
1114 1177 1266 1202 dmutonum
1281 1181 1377 1209 genus,
1390 1173 1535 1208 impiorum
1551 1172 1689 1200 hominum
1708 1165 1773 1206 ope-

988 1231 1031 1255 ra,
1047 1221 1229 1250 venerantium
1250 1220 1315 1247 illud
1339 1219 1556 1247 immortalitatis
1568 1223 1770 1246 monumentum

989 1269 1109 1296 tenebris
1124 1273 1206 1301 atque
1225 1267 1361 1293 oblivione
1377 1266 1485 1300 penitus
1509 1265 1646 1291 involvere
1663 1264 1773 1290 studue-

989 1319 1061 1341 rant.
1076 1313 1153 1345 Illud,
1170 1313 1290 1346 inquam,
1302 1316 1516 1343 monumentum,
1526 1310 1559 1337 ad
1574 1310 1644 1344 quod
1661 1308 1772 1343 angelus

988 1358 1052 1386 olim
1065 1366 1080 1385 e
1090 1358 1159 1385 cwlo
1172 1358 1297 1392 delapsus
1309 1356 1461 1384 admirabili
1474 1356 1533 1383 luce
1545 1355 1771 1386 radiaus,saxum

989 1403 1140 1431 revolverat
1155 1411 1187 1430 ex
1203 1402 1303 1429 animis
1321 1409 1414 1429 eorum
1436 1402 1482 1436 qui
1499 1409 1562 1428 vere
1586 1401 1659 1427 sa-xei
1682 1405 1771 1433 erant,

989 1453 1016 1477 et
1024 1450 1069 1483 qui
1081 1450 1214 1476 viventem
1223 1447 1360 1475 Christum
1374 1448 1444 1474 inter
1453 1452 1575 1474 mortuos
1584 1447 1671 1473 adhuc
1683 1446 1772 1480 iacere

989 1495 1214 1522 arbitrabantur:
1234 1493 1340 1520 felicem
1364 1493 1488 1520 nuntium
1511 1492 1628 1519 all‘erens
1650 1493 1772 1519 mulieri-

990 1540 1049 1572 bus,
1073 1545 1100 1568 et
1120 1539 1320 1567 incredulitatis
1345 1538 1460 1574 lapidem
1485 1545 1500 1565 ο
1529 1538 1664 1564 mentibus
1679 1545 1771 1564 earum

992 1593 1145 1618 removens,
1161 1590 1191 1612 ut
1215 1585 1369 1620 opinionem
1395 1585 1428 1611 de
1448 1584 1503 1611 vita
1526 1584 1583 1618 ejus
1599 1583 1645 1617 qui
1669 1584 1702 1610 ab
1721 1583 1774 1610 illis

992 1633 1171 1666 quzercbatur,
1185 1631 1351 1658 adstrueret.
1369 1630 1446 1658 lianc
1460 1631 1543 1665 igitur
1554 1629 1699 1656 salutarem
1709 1636 1772 1664 spe-

991 1678 1109 1711 luncam,
1127 1679 1202 1713 impii
1218 1678 1327 1713 quidam
1345 1685 1378 1705 ac
1391 1677 1498 1712 profani
1514 1676 1637 1704 homines
1652 1675 1772 1702 funditus

991 1724 1099 1752 abolere
1122 1725 1149 1751 in
1173 1725 1293 1751 animum
1321 1724 1497 1757 induxerant;
1524 1723 1605 1750 stulte
1628 1722 1772 1750 admodum

990 1770 1106 1804 opinati,
1123 1777 1151 1797 se
1167 1770 1219 1797 hoc
1235 1770 1315 1797 modo
1335 1770 1477 1797 veritatem
1501 1777 1561 1796 esse
1579 1769 1773 1796 occultaturos.

990 1813 1083 1848 Itaque
1108 1823 1160 1842 non
1187 1817 1246 1842 sine
1270 1823 1377 1842 summo
1410 1815 1523 1848 labore,
1551 1815 1665 1848 plarima
1692 1815 1773 1841 Immo

991 1860 1098 1887 aliunde
1111 1861 1223 1887 advecta
1240 1866 1405 1895 aggestaque
1418 1865 1501 1887 totum
1520 1860 1607 1886 locum
1620 1859 1771 1894 opplevere.

991 1905 1076 1938 Quem
1092 1913 1151 1932 cum
1164 1906 1297 1932 mediocri
1311 1906 1458 1932 altitudine
1470 1906 1631 1932 extulissent
1645 1910 1672 1931 et
1685 1905 1773 1939 lapide

992 1950 1215 1981 eonstravisseut,
1233 1950 1284 1977 sub
1303 1950 1353 1976 hac
1368 1953 1440 1976 tanta
1452 1949 1578 1983 congerie
1593 1956 1697 1975 sacram
1713 1956 1774 1983 spe-

991 1996 1099 2023 luncam
1113 1996 1285 2023 obtexerunt.
1302 1995 1403 2022 Dehinc
1413 1996 1522 2030 perinde
1547 2002 1578 2022 ac
1594 1995 1616 2022 si
1638 1994 1702 2021 nihil
1716 2002 1774 2022 aruo

991 2040 1062 2075 plius
1082 2040 1148 2074 ipsis
1172 2043 1339 2074 superesset,
1370 2047 1451 2074 supra
1478 2038 1542 2065 illud
1564 2039 1661 2072 solum,
1686 2039 1773 2066 infau-

990 2090 1061 2112 stum
1085 2093 1196 2120 prorsus
1218 2085 1368 2111 animarum
1392 2084 1545 2118 sepulcrum
1559 2088 1770 2117 exstruxerunt;

993 2131 1137 2158 obscuram
1162 2136 1331 2158 IIIOI‘IUOI'IIIII
1346 2131 1554 2158 εἰιηυὶιιοι-οτυιη
1573 2137 1717 2157 cavernam
1744 2129 1772 2156 in

188 2232 243 2266 (86)
258 2232 353 2259 Ταῦτα
367 2232 417 2259 ἐπὶ
434 2233 544 2266 οἰκείας
559 2232 728 2265 ὑποθέσεως
743 2233 935 2267 συναγαγεῖν.

992 2238 1068 2265 rant,
1093 2232 1261 2260 referendam
1283 2233 1384 2266 putavi.
1402 2232 1662 2266 Christophorsonus
1681 2236 1771 2258 tamen

155 2268 237 2296 Certe
254 2269 382 2295 Eusebius
399 2268 469 2302 quod
485 2269 527 2294 hic
538 2269 690 2301 pollicetur,
705 2272 796 2301 postea
807 2269 937 2301 implevit,

155 2311 303 2336 omnesque
321 2304 447 2335 epistolas
462 2308 489 2329 et
503 2304 656 2330 sanctiones
675 2304 738 2336 imp.
758 2303 938 2336 Constantini,

155 2347 215 2372 qnfu
237 2340 268 2363 ml
284 2338 444 2364 catholicam
461 2338 540 2365 Iidem
561 2337 727 2371 spectabant,
746 2338 855 2371 speciali
870 2338 940 2364 libro

156 2373 315 2406 cnlltlllt‘XIIS
340 2378 390 2400 est.
413 2374 439 2400 Id
456 2381 499 2400 tne
521 2374 611 2399 docuit
634 2375 716 2399 codex
738 2372 896 2403 liledieteus,
913 2374 938 2399 in

157 2416 209 2443 quo
232 2410 263 2433 :ul
290 2408 393 2434 (‘alrem
425 2408 551 2434 Hisloriu:
574 2407 758 2434 ecclesiastica:
791 2408 940 2442 perscripta

158 2448 196 2469 est
214 2443 325 2475 l‘pisinltl
341 2443 509 2470 Constantini
526 2443 558 2469 ad
574 2442 741 2472 Palzestinos,
758 2450 839 2475 quam
852 2443 878 2468 in
895 2451 941 2469 su-

157 2479 264 2512 periore
280 2479 349 2504 libro
363 2479 455 2505 relttlit
474 2478 612 2509 Eusebius,
629 2482 655 2504 et
675 2481 735 2512 post
756 2477 938 2512 supradictam

155 2509 294 2545 epistolam
318 2513 441 2545 leguntur
457 2514 512 2539 hmo
528 2513 627 2539 verba:
648 2511 733 2538 [αὕτα
749 2509 798 2546 μὲν
822 2509 868 2538 οὖν
889 2509 940 2546 ᾦδὲ

157 2555 201 2586 μοι
216 2546 327 2586 stateem:
350 2547 417 2586 ίξ’ἐρε
438 2548 465 2586 δξ
482 2547 572 2586 λοιπόν
583 2556 591 2562 ·
617 2548 679 2586 τους
700 2546 814 2586 νόμομς.
828 2547 875 2586 xui.
892 2547 941 2586 τὰς

154 2567 224 2616 imp
240 2582 289 2615 τῆς
302 2567 417 2616 ἀληθοδς
438 2567 575 2613 εὐσεὲείας
591 2582 638 2608 τοῦ
652 2567 880 2616 θεοφιλοῡξήμῶν
894 2567 942 2608 κῖιῖ

155 2617 308 2652 πραοτάτου
334 2617 464 2651 βασιλέως
486 2617 643 2649 ἐπιστολὰς,
667 2617 713 2650 ἀφ’
743 2617 838 2651 ἑτέρας
854 2617 942 2652 ἀρχῆς

155 2653 224 2687 ὁμοῦ
237 2652 331 2687 πάσας
341 2652 546 2686 συναγάγωμεν.

189 2687 244 2722 (87)
266 2686 393 2720 Μνήμης
407 2686 483 2713 ἄλλο
499 2695 526 2713 τι
546 2686 698 2720 μέγιστον.
713 2686 804 2713 Prima
819 2694 871 2713 vox
892 2687 941 2714 (le-

156 2722 234 2749 leuda
268 2722 373 2747 videtur
391 2725 481 2754 utpote
510 2721 659 2755 superflua,
685 2721 737 2748 nisi
757 2721 825 2748 forte
842 2722 941 2749 subau-

157 2758 247 2784 diatur
266 2757 375 2792 μνήμης
393 2756 484 2783 ἕνεκα.
510 2757 602 2783 I’osset
616 2758 702 2792 etiam
722 2756 787 2792 dici?
803 2757 842 2787 εἰς
873 2757 941 2792 μνή-

159 2801 221 2828 μην.
245 2791 387 2828 Τὶηνιεὺιιε
409 2792 442 2818 ad
457 2799 533 2818 oram
555 2792 598 2818 sui
615 2791 676 2819 libri
693 2791 846 2819 emendavit
868 2791 942 2823 ἄξιον

158 2835 206 2862 pro
223 2827 357 2862 μέγιστον.

159 2861 165 2884 ἱ
192 2861 247 2896 (88)
264 2861 321 2895 Τῆς
335 2861 434 2889 αὐτῶν
451 2862 593 2894 διανοίας.
611 2862 708 2889 Vocem
724 2862 812 2889 αὐτῶν
829 2862 862 2889 ad
883 2869 941 2888 mu-

157 2897 251 2931 lieres,
263 2905 321 2932 qua)
333 2898 419 2932 prima
436 2897 494 2925 lues
509 2897 541 2925 ad
555 2897 708 2932 Sepulcrum
729 2897 837 2926 Domini
860 2904 942 2925 veno-

990 2276 1049 2294 eam
1068 2268 1160 2294 retulit
1177 2268 1209 2294 ad
1230 2276 1326 2295 saxeos
1349 2268 1408 2294 illos
1428 2272 1454 2293 et
1475 2267 1643 2297 incredulos.
1664 2267 1697 2294 de
1712 2267 1773 2301 qui-

990 2304 1047 2363 busl
1063 2302 1142 2336 paulo
1168 2308 1231 2329 ante
1255 2303 1360 2330 locutus
1384 2308 1426 2330 est
1447 2302 1579 2329 Eusebius
1598 2311 1605 2335 ;
1629 2302 1699 2336 quod
1719 2309 1770 2328 non

991 2346 1038 2363 ι]Γο
1050 2346 1084 2363 »0.

1010 2346 1084 2364 Γουθ.

990 2346 1158 2408 ΨῗέὲΤῆν
1171 2372 1280 2405 ἔξωθέν
1299 2374 1390 2408 ποθεν
1409 2370 1652 2408 εὶσφορήσαντεςτ
1682 2370 1772 2396 Malim

990 2407 1079 2440 legere
1094 2409 1145 2444 γῆν
1159 2408 1188 2441 ἐξ
1200 2408 1260 2435 ὅθεν
1277 2407 1357 2434 ποθέν
1370 2427 1377 2440 ,
1393 2408 1419 2434 id
1433 2413 1484 2440 est,
1501 2407 1582 2433 humo
1598 2407 1773 2439 undecunque

991 2447 1110 2477 aggesta.

1025 2474 1079 2511 (90)
1106 2478 1218 2510 Θυσίας
1236 2477 1285 2504 ἐπὶ
1306 2477 1417 2511 βωμῶν
1435 2475 1677 2508 ἐπισπένδοντες.
1705 2474 1770 2502 Pes—

991 2513 1058 2539 sime
1067 2513 1136 2539 huuc
1149 2513 1235 2539 locum
1250 2513 1596 2546 vertitElii-istophorsouus
1609 2511 1660 2537 hoc
1672 2511 1749 2536 modo
1762 2519 1770 2536 :

992 2547 1058 2573 Tum
1077 2547 1242 2574 detestabiles
1262 2548 1297 2573 ibi
1326 2547 1443 2573 victimas
1471 2554 1547 2580 super
1571 2547 1687 2578 impurus
1710 2553 1770 2571 aras

991 2582 1141 2609 immolare.
1162 2583 1243 2616 Atqui
1264 2590 1319 2609 vox
1342 2582 1500 2612 σπένδοντες
1512 2580 1579 2607 satis
1592 2580 1769 2616 indic:il,uon

991 2619 1024 2644 de
1035 2617 1154 2644 victimis
1170 2615 1214 2644 hie
1225 2617 1369 2644 Eusebium
1384 2617 1468 2650 loqui,
1479 2617 1526 2642 sed
1541 2616 1573 2642 de
1586 2615 1770 2650 Iibationihus,

991 2653 1053 2679 vino
1068 2653 1182 2684 scilicet,
1196 2652 1264 2679 lacte
1286 2657 1312 2678 et
1334 2649 1481 2681 similibus,
1503 2658 1563 2685 qua:
1586 2649 1700 2683 gentiles
1720 2649 1773 2685 diis

991 2688 1048 2714 suis
1068 2687 1228 2714 offerebant.
1244 2687 1318 2714 Adde
1332 2687 1403 2720 quod
1426 2684 1550 2712 victimas
1562 2684 1710 2720 superaris
1723 2684 1772 2711 im-

991 2722 1097 2754 molari,
1117 2730 1228 2756 prorsus
1246 2719 1393 2749 absurdum
1407 2726 1457 2748 est.
1479 2720 1580 2756 Hostia:
1603 2719 1676 2746 enim
1695 2719 1772 2756 iusta

992 2765 1053 2784 aras
1066 2754 1256 2783 mactabautur
1266 2778 1272 2789 ,
1286 2765 1338 2782 non
1356 2764 1435 2791 super
1447 2755 1514 2782 aris.
1529 2755 1615 2783 Notus
1628 2758 1669 2780 est
1684 2754 1772 2781 Ovidii

991 2799 1097 2825 versus,
1115 2791 1192 2819 Fast.
1206 2792 1252 2818 lib.
1268 2799 1288 2824 1,
1301 2791 1352 2819 557
1364 2796 1391 2818 et
1402 2798 1461 2824 seq.

995 2848 1077 2882 Rede,
1092 2857 1179 2884 caper,
1197 2849 1285 2876 vitem.
1309 2847 1406 2875 Tamen
1428 2847 1487 2874 hinc
1509 2846 1590 2882 [huic]
1606 2853 1671 2884 ‘cum
1690 2846 1773 2873 stabis

1576 2882 1610 2908 ad
1627 2889 1699 2915 aras,
1717 2885 1773 2910 etc.
