2000 3167
233 169 302 197 1087

589 167 724 195 EUSEBII
741 168 980 199 CAESARIENSIS
1000 171 1076 199 OPP.
1098 170 1188 199 PARS
1214 172 1234 198 I.
1253 185 1287 190 —
1301 170 1496 199 HISTORICA.

1789 173 1858 201 1088

233 229 365 255 honorem
383 225 478 253 lascivi
502 225 632 253 damonis
652 234 731 262 quem
758 227 892 255 Venerem
910 234 1020 261 vocant,

1076 228 1152 264 ἔργον
1164 227 1237 261 ἄξειν
1254 228 1387 264 ἐνόμιζον,
1399 230 1423 255 εξ
1437 229 1480 255 διὰ
1493 227 1596 255 τούτων
1618 228 1670 255 τῶν
1685 229 1789 263 ἐναγῶν
1808 237 1860 264 μυ-

232 274 407 305 ωὰἰῦωηιεδ,
424 272 468 299 ubi
481 274 646 300 exsecranda
657 273 792 301 sacriﬁcia
807 283 889 310 super
902 275 1021 309 profanis

233 324 261 347 et
277 319 392 353 impuris
406 319 539 346 altaribus
550 318 712 346 offerebant.
730 319 757 346 Id
771 321 842 348 enim
858 321 929 356 quod
945 321 1022 348 insti-

234 368 352 395 tuerant,
371 364 408 390 ita
423 363 532 390 demum
555 370 586 391 se
604 363 777 398 perfecturos
791 372 852 391 esse
867 366 1021 399 opinaban-

234 415 289 443 tur,
305 410 328 437 si
343 410 458 444 impuris
470 409 623 443 huiusmodi
637 410 762 437 sordibus
777 410 861 446 498
874 411 1020 438 salutarem

232 457 394 491 speluncam
409 455 578 483 obruissent.
592 455 684 483 Miseri
698 457 769 483 enim
784 457 852 484 illud
870 457 1021 492 intelligere

234 509 288 529 non
304 506 442 536 poterant,
464 501 524 528 ﬁeri
550 502 662 529 omnino
685 510 737 530 Ι]οη
758 510 849 537 posse.
867 508 897 530 ut
913 503 959 538 qui
987 504 1021 531 de

235 552 322 574 morte
335 547 476 574 victoriam
494 547 643 579 retulisset,
656 548 708 574 hoc
721 548 843 582 ipsorum
855 548 961 576 facinus
972 555 1020 576 oc-

233 595 337 623 cultum
365 594 531 628 relinqueret
548 603 555 622 :
573 595 800 629 quemadmodum
823 603 872 623 nec
895 596 952 623 fieri
971 603 1019 631 po-

233 647 297 674 test,
310 646 340 668 ut
363 641 405 668 sol
421 648 502 675 supra
524 645 611 668 terras
626 641 746 674 radians,
766 647 792 669 ct
812 647 971 670 consuetum
993 643 1020 670 in

231 688 302 715 caelo
315 695 425 716 cursum
439 695 583 722 peragens,
595 688 678 715 totius
693 689 802 723 generis
821 689 931 716 humani
950 689 1022 716 noti-

233 735 297 762 tiam
311 734 502 769 subterfugiat.
519 734 623 768 Quippe
640 734 797 762 Servatoris
815 735 900 763 nostri
922 742 1020 770 poten-

231 781 269 807 tia
282 777 361 815 lorige
375 779 557 814 praestantiori
574 779 633 807 luce
652 780 842 815 resplendens,
858 789 907 808 nec
930 787 959 808 ut
980 782 1020 809 sol

230 834 356 861 corpora,
367 826 413 853 sed
426 826 531 853 animos
544 825 683 853 hominum
699 826 849 860 illustrans,
864 831 949 854 totum
962 827 1019 862 jam

233 878 367 900 terrarum
383 872 477 898 orbem
493 871 576 898 radiis
605 872 744 907 implebat.
758 873 812 900 Sed
841 873 1019 901 nihilominus

1073 274 1219 309 σαγμὰτων
1231 275 1260 301 τὸ
1271 275 1403 310 σωτήριον
1415 274 1510 308 ἄντρον
1527 274 1745 310 κατακρύψειανν
1759 276 1790 302 οὐ
1803 275 1859 311 γὰρ

1071 317 1122 346 οἷοὶ
1136 320 1160 346 τ’
1173 318 1242 356 ἦσαν
1257 321 1375 347 συνιέναι
1396 321 1420 346 οἱ
1443 320 1563 352 δείλαιοι,
1578 321 1615 352 ὡς
1629 320 1679 347 οὐκ
1699 319 1756 356 εἶχε
1777 321 1859 355 φύσιν

1071 366 1115 392 τὸν
1125 366 1193 393 κατὰ
1205 366 1250 393 τοῦ
1265 366 1379 393 θανάτου
1392 366 1506 402 βραδεῖα
1519 367 1731 402 ἁναόησάμενον,
1743 367 1859 404 κρύφιον

1071 413 1231 439 καταλιπεῖν
1247 413 1277 440 τὸ
1292 413 1468 448 κατόρθωμα,
1486 413 1546 440 οὐδὲ
1566 413 1615 448 τὴν
1637 414 1783 449 σύμπασαν
1804 415 1860 441 τῶν

1071 458 1221 494 ἀνθρώπων
1232 459 1336 495 [φύσιν]
1352 459 1443 485 λαϐεῖν
1460 459 1515 494 (9i)
1529 459 1645 495 λάμπων
1662 460 1732 496 ὑπὲρ
1747 461 1799 496 γῆς
1813 469 1861 494 γε-

1071 505 1183 540 νόμενος
1193 506 1207 531 ὁ
1218 505 1303 540 ἥλιος,
1320 505 1366 532 καὶ
1379 505 1424 532 τὸν
1439 507 1537 532 οἰκεῖον
1548 507 1576 532 ὲν
1588 506 1696 542 οὐρανῷ
1709 507 1861 534 διῖππεὺων

1070 551 1184 587 δρόμον·
1202 550 1295 578 τούτου
1321 552 1375 587 γὰρ
1398 551 1558 587 κρειττόνως
1583 551 1673 587 ψυχὰς
1696 552 1859 588 ἀνθρώπων,

1071 597 1127 623 ἀλλ’
1142 597 1173 623 οὑ
1195 596 1308 632 σώματα
1329 598 1346 632 ἡ
1369 598 1499 633 σωτήριος
1516 599 1712 632 καταυγάσασα
1733 598 1860 634 δύναμις,

1071 643 1124 670 τῶν
1145 643 1253 670 οἰκείων
1276 643 1322 670 τοῦ
1341 644 1429 677 φωτὸς
1446 643 1635 680 μαρμαρυγῶν
1655 644 1701 671 τὸν
1715 644 1861 680 σύμπαντα

1071 687 1243 724 κατεπλὴρου
1260 688 1371 723 κόσμον.
1391 688 1463 724 Πλὴν
1480 688 1546 714 ἀλλὰ
1560 688 1614 714 τῶν
1634 688 1720 715 ἀθέων
1735 689 1782 716 καὶ
1796 689 1861 716 δυσ-

1071 733 1157 760 σεὸὦν
1181 733 1284 769 ἀνδρῶν
1313 733 1347 760 τὰ
1367 734 1437 760 κατὰ
1455 733 1504 768 τῆς
1525 733 1652 769 ἀληθείας
1674 735 1859 769 μηχανήματα

1073 782 1188 817 μακροῖς
1201 781 1375 818 παρετείνετο
1389 781 1505 816 χρόνοις,
1524 780 1612 812 οὐδείς
1624 789 1653 806 τε
1670 781 1724 807 τῶν
1739 780 1860 812 πώποτε,

1070 825 1118 860 οὐχ
1133 825 1300 860 ἡγουμένων,
1317 826 1346 851 οὐ
1361 825 1531 860 στρατηγῶν,
1548 826 1598 852 οὐκ
1610 825 1699 852 αὐτῶν
1716 825 1859 861 βασιλέων,

1071 872 1117 898 ἐπὶ
1128 871 1285 906 καθαιρέσει
1293 871 1346 898 τῶν
1354 871 1561 907 τετολμημένων
1571 871 1685 908 εὓρηται
1699 872 1859 908 ἐπιτήδειος,

229 926 263 946 ea
279 926 340 954 qum
359 917 433 952 impii
449 926 480 944 ac
498 917 602 951 profani
623 918 748 947 homines
763 920 893 947 adversus
916 921 1019 947 verita-

1076 917 1086 953 ῆ
1102 918 1180 953 μόνος
1193 915 1232 950 εἷς
1243 919 1256 944 ὁ
1270 918 1308 952 τῷ
1321 906 1488 953 παμϐασιλεῖ
1499 918 1557 953 Θεῷ
1569 906 1653 953 φίλος.
1667 919 1722 945 Καὶ
1739 906 1862 954 πνεύμα-

233 969 286 992 tem
309 964 458 991 machinati
478 963 598 996 fuerant,
615 963 695 999 longo
711 965 843 1000 temporis
856 965 945 1000 spatio
960 973 1022 999 pcr-

232 1014 401 1038 mauserunt.
413 1009 467 1036 Nec
481 1009 550 1036 ullus
563 1017 596 1037 ex
610 1010 783 1044 praesidibus,
795 1015 841 1037 aut
854 1017 887 1037 ex
896 1011 1019 1043 ducibus,

232 1062 279 1084 aut
298 1065 332 1084 ex
350 1057 417 1092 ipsis
437 1057 519 1084 etiam
547 1057 773 1091 imperatoribus,
794 1058 841 1092 qui
859 1058 892 1084 ad
915 1062 1020 1084 tantum

231 1104 320 1132 scelus
337 1103 512 1130 evertendqu
527 1103 639 1130 idoneus
655 1105 734 1136 foret,
750 1104 876 1131 inventus
892 1109 934 1131 est
952 1111 1020 1138 pne-

233 1154 273 1176 ter
290 1155 374 1175 unum
394 1147 451 1175 Deo
464 1149 586 1175 omnium
607 1149 664 1183 regi
680 1149 902 1183 acceptissimum
919 1149 1020 1183 princi-

231 1201 303 1229 pem.
317 1194 367 1227 Qui
385 1193 477 1221 divino
493 1194 629 1221 animatus
657 1195 768 1229 spiritu,
789 1203 849 1222 cum
866 1203 947 1230 supra
964 1203 1019 1222 Ine-

232 1245 366 1268 moratum
384 1239 486 1272 locum,
500 1240 628 1268 omnibus
643 1241 829 1275 purgamentis
844 1248 876 1268 ac
892 1241 1019 1267 sordibus

233 1286 267 1314 ab
282 1286 446 1314 adversariis
459 1286 647 1314 lraudulenter
659 1287 877 1319 obstructum,et
888 1285 1017 1313 oblivioni

231 1333 340 1368 penitus
356 1333 485 1360 traditum
499 1339 562 1360 esse
580 1333 690 1368 indigne
709 1333 804 1366 ferret,
821 1341 870 1360 nec
886 1333 1019 1368 improbi-

233 1378 280 1406 tati
294 1386 388 1406 eorum
400 1379 446 1413 qui
461 1379 486 1406 id
507 1378 592 1407 moliti
608 1379 715 1406 fuerant
730 1379 881 1407 cedendum
897 1386 957 1406 esse
973 1386 1020 1405 ar-

232 1424 399 1457 bitraretur;
414 1424 461 1451 Dei
475 1424 609 1459 adjutoris
622 1425 663 1452 sui
682 1425 792 1452 numine
807 1424 944 1456 invocato,
956 1432 1021 1458 pur-

232 1469 290 1505 gari
299 1469 428 1504 praecepit
441 1478 448 1496 :
460 1473 536 1496 ratus
547 1476 606 1496 eam
615 1470 732 1496 maxime
747 1469 796 1496 soli
813 1474 927 1504 partem,
939 1476 1020 1504 quam

1070 973 1095 990 τι
1111 964 1176 999 γοῦν
1191 965 1304 999 κάτοχος
1319 963 1394 999 θείῳ,
1409 964 1497 1000 χῶρον
1514 964 1594 991 αὑτὸν
1608 965 1709 991 ἐκεῖνον
1723 965 1769 991 τὺν
1784 965 1863 1001 δεδη-

1069 1011 1200 1046 λωμένον,
1216 1010 1316 1042 πάσαις
1336 1011 1367 1037 οὐ
1384 1011 1520 1046 καθαραῖς
1536 1010 1612 1042 ὕλαις
1631 1011 1735 1047 ὲχθρῶν
1748 1011 1861 1037 ὲπιῦου-

1069 1056 1129 1088 λαῖς
1144 1055 1380 1091 κατακεκρύφθαι,
1402 1056 1471 1093 λήθῃ
1489 1065 1518 1083 τε
1536 1056 1582 1083 καὶ
1600 1056 1696 1091 ἀγνοίᾳ
1717 1056 1864 1092 παραδεδο-

1072 1101 1152 1137 μένον
1167 1102 1197 1127 οὑ
1214 1100 1347 1136 παριδὼν,
1359 1101 1420 1128 οὐδὲ
1436 1103 1468 1137 τῇ
1484 1102 1537 1128 τῶν
1551 1101 1644 1128 αἰτίων
1656 1102 1862 1137 παραχωρήσας

1069 1147 1233 1182 κακίᾳ,Θεὺν
1245 1148 1291 1174 τὸν
1306 1147 1390 1174 αὑτοῦ
1407 1147 1536 1183 συνεργὸν
1554 1147 1797 1182 ἐπικαλεσάμενος,
1811 1156 1863 1174 κα-

1069 1193 1212 1229 θαίρεσθαι
1223 1194 1396 1230 προστάττει,
1408 1194 1493 1229 αὐτὴν
1506 1193 1538 1229 δὴ
1551 1193 1667 1228 μάλιστα
1681 1193 1730 1229 τὴν
1741 1193 1794 1221 ὑπὸ
1807 1194 1862 1220 τῶν

1068 1240 1172 1275 ἐχθρῶν
1183 1240 1372 1276 μεμιασμένην
1392 1239 1544 1267 ἀπολαῦσαι
1556 1240 1610 1267 δεῖν
1622 1240 1743 1275 οἰόμενος
1754 1240 1804 1275 τῆς
1813 1239 1862 1266 τοῦ

1068 1285 1226 1320 παναγάοου
1241 1286 1274 1313 δι’
1293 1286 1376 1312 αὑτοῦ
1392 1286 1601 1322 μεγαλουργίας.
1619 1287 1693 1321 Ἅμα
1705 1285 1733 1312 δὲ
1744 1287 1864 1322 προστά-

1072 1340 1156 1367 γματι
1167 1331 1201 1358 τὰ
1213 1332 1262 1367 τῆς
1279 1332 1386 1368 ἀπάτης
1403 1333 1586 1368 μηχανήματα
1598 1333 1638 1364 εἰς
1654 1332 1750 1366 ἔδαφος
1760 1332 1864 1359 ἄνωθεν

1073 1377 1119 1411 ἀφ’
1140 1376 1242 1412 ὑψηλοῦ
1260 1377 1468 1413 κατερῤίπτετο,
1491 1377 1582 1403 ὲλύετό
1596 1386 1626 1404 τε
1643 1378 1690 1404 καὶ
1706 1376 1863 1412 καθῃρεῖτο,

1073 1423 1165 1454 αὐτοῖς
1182 1423 1286 1456 ξοάνοις
1298 1424 1345 1450 καὶ
1357 1423 1477 1459 δαίμοσι,
1495 1423 1542 1450 καὶ
1555 1423 1590 1450 τά
1608 1423 1656 1458 τῆς
1673 1422 1775 1458 πλάνης
1790 1423 1864 1449 οἰκο-

1074 1469 1230 1504 δομήματα.

232 1515 384 1542 adversarii
400 1514 647 1547 contaminassent,
663 1523 712 1543 sua
727 1523 810 1550 opera
839 1523 871 1542 ac
903 1515 1055 1542 ministerio
1075 1516 1166 1542 divina
1182 1515 1234 1542 frui
1251 1515 1453 1551 magnificentia
1466 1520 1598 1550 oportere.
1618 1515 1705 1543 Simul
1720 1520 1801 1549 atque
1812 1514 1865 1542 hoc

233 1561 266 1588 ab
281 1560 444 1595 imperatore
455 1565 620 1595 praeceptum
635 1566 686 1593 est,
696 1562 825 1590 continuo
837 1569 917 1596 opera
934 1562 977 1589 illa
1002 1561 1035 1590 ad
1053 1561 1174 1589 fraudem
1190 1567 1356 1596 comparata,
1367 1569 1382 1589 e
1394 1561 1501 1589 sublimi
1516 1562 1550 1589 ad
1565 1561 1652 1589 solum
1667 1560 1769 1595 dejecta
1782 1566 1864 1594 sunt;

232 1611 260 1634 et
271 1607 386 1635 mdilieia
398 1607 431 1634 ad
441 1607 617 1642 decipiendos
630 1608 754 1636 homines
765 1614 931 1643 constructa,
951 1617 1012 1637 cum
1027 1609 1094 1644 ipsis
1110 1609 1208 1637 statuis
1224 1617 1257 1637 ac
1273 1609 1438 1638 daemonibus
1452 1609 1541 1636 diruta
1565 1613 1628 1636 sunt
1641 1615 1674 1635 ac
1687 1607 1829 1642 dissipata.

509 1663 622 1692 CAPUT
642 1665 750 1693 XXVII.

1327 1665 1525 1694 ΚΕΦΛΛΛΙΟΝ
1541 1666 1605 1692 KZ’.

235 1708 372 1741 Quomodo
397 1708 587 1746 contamina;
609 1711 698 1746 templi
720 1712 859 1739 materiam
873 1721 904 1740 ac
925 1713 1020 1739 rudera

1076 1714 1168 1746 Ὅπως
1198 1713 1424 1744 Κωνσταντῖνος
1453 1711 1505 1738 τοῦ
1537 1710 1694 1746 ειὸωλείοιζ
1717 1709 1771 1743 τὰς
1788 1709 1868 1742 ὕλας

420 1744 570 1778 longissime
582 1745 676 1779 prajici
691 1747 837 1774 ntaudatit.

269 1820 362 1856 Neque
384 1826 474 1849 tamen
492 1822 536 1850 hic
560 1824 715 1858 conquievit
735 1824 909 1859 imperatoris
927 1807 1021 1853 ala.cri-

236 1871 287 1895 tas.
313 1867 366 1895 Sed
382 1872 513 1902 praeterea
528 1868 584 1896 tolli
600 1874 660 1897 ruta
674 1877 756 1903 caesa,
777 1876 802 1898 et
826 1879 907 1906 quam
924 1871 1024 1906 longis—

235 1915 304 1941 sime
323 1918 401 1941 extra
427 1915 495 1942 ﬁnes
517 1916 638 1952 regionis
655 1917 751 1952 projici
777 1919 927 1945 mandavit.
947 1918 1024 1952 Quod

236 1960 329 1987 itidem
355 1967 519 1997 prreceptum
538 1962 661 1997 protinus
675 1964 840 1990 exsecutioni
869 1965 1023 1991 mandatum

236 2009 288 2032 est.
310 2004 456 2040 Hucusque
473 2015 538 2034 vero
559 2015 721 2042 progressus
741 2009 898 2043 imperator,
922 2017 1024 2044 nequa-

237 2059 317 2086 quam
334 2052 386 2080 sibi
400 2053 543 2080 satisfecit.
558 2054 611 2082 Sed
627 2055 720 2081 divino
737 2055 854 2089 quodam
874 2061 940 2083 aestu
956 2057 1023 2083 inci-

237 2096 411 2131 tatus,jussit
435 2103 465 2125 ut
480 2099 539 2126 loco
551 2099 684 2128 altissime
698 2100 808 2134 elTosso,
825 2101 912 2129 solum
935 2101 1023 2135 ipsum

236 2147 331 2177 utpote
344 2145 495 2172 daemonum
510 2146 625 2180 piaculis
638 2147 863 2180 contaminatum,
872 2148 951 2175 simul
963 2155 1024 2175 cum

237 2194 328 2225 egesta
342 2190 423 2218 humo
440 2198 521 2225 quam
539 2191 695 2227 longissime
707 2197 907 2227 exportarctur.

455 2236 538 2272 499
551 2237 664 2265 CAPUT
684 2237 802 2265 xxvm.

372 2282 557 2317 Manifeualio
567 2284 729 2312 sanctissimi
747 2285 871 2319 sepulcri.

273 2327 328 2355 Nec
346 2336 422 2355 mora
435 2349 442 2362 ,
461 2329 532 2356 istud
546 2337 654 2364 quoque
682 2335 709 2357 ut
734 2330 840 2365 jussum
859 2336 918 2358 erat
932 2331 1026 2366 imple-

239 2378 294 2401 tum
309 2379 362 2402 est.
381 2374 525 2410 Postquam
544 2375 617 2403 aliud
631 2376 729 2410 solum,
760 2377 837 2404 locus
857 2377 962 2406 scilicet
979 2379 1026 2412 qui

239 2421 266 2447 in
288 2421 341 2447 imo
354 2427 424 2454 erat,
437 2423 586 2456 apparuit;
602 2427 665 2450 tunc
681 2431 743 2450 vero
769 2424 856 2458 ipsum
882 2429 1026 2459 angustum

237 2468 497 2502 sanctissimumque
526 2468 673 2496 Dominica:
701 2470 910 2498 resurrectionis
935 2479 1027 2498 monu-

238 2520 358 2542 mentum
374 2520 472 2550 prazter
488 2516 611 2544 omnium
629 2524 703 2551 spem
724 2517 846 2550 refulsit,
859 2522 886 2545 et
896 2518 1026 2552 spelunca

239 2561 283 2589 illa
299 2569 359 2596 qua:
372 2567 466 2590 sancta
478 2567 636 2590 sanctorum
659 2570 723 2590 vere
743 2563 794 2590 dici
818 2568 917 2598 potest,
937 2571 1028 2591 resur-

238 2607 370 2636 rectionis
381 2607 536 2636 Servatoris
553 2609 637 2636 nostri
656 2608 802 2643 quamdam
830 2609 964 2644 expressit
988 2610 1026 2636 si-

274 2698 330 2733 (9I)
347 2697 425 2733 Vulg.
448 2698 520 2726 οὐδὲ
534 2698 592 2733 τὴν
610 2700 706 2734 σύμπ.
727 2698 810 2734 ἀνρρ.
827 2697 940 2726 λαθεῖν.
959 2698 1030 2732 Sup-

239 2733 373 2770 plevimus
393 2734 474 2770 φύσιν
497 2739 558 2770 post
579 2733 858 2770 σύμπασαντξΐοιυηι
878 2734 1032 2770 locum_sic

239 2742 373 2769 ptevlmus
393 2742 474 2768 φυσιν
496 2742 558 2794 post
579 2742 738 2770 συμπασαν.
766 2742 858 2761 tutum
878 2742 966 2760 locum
992 2742 1030 2760 stc

239 2769 390 2795 rescribere
401 2769 479 2803 jubet
518 2770 620 2797 alcsius
634 2778 641 2795 τ
662 2770 700 2801 ὡς
713 2769 773 2795 οὐδὲ
786 2777 811 2796 τ.
831 2776 856 2795 σ.
871 2769 930 2795 ἀνθ.
950 2768 1030 2803 φύσιν

239 2803 340 2838 δυνηθῇ
354 2803 454 2836 λαθεῖν,
470 2809 521 2831 etc.
540 2804 592 2831 Sed
608 2804 678 2832 forte
695 2805 831 2838 scriptura
849 2809 941 2830 nostra
966 2804 1029 2831 ferri

240 2843 339 2872 potest,
361 2840 441 2865 modo
462 2844 631 2874 supponatur
667 2839 830 2871 Eusebium,
850 2839 968 2872 neglecta
984 2846 1028 2865 κιο

242 2879 315 2900 tione
330 2875 507 2909 grammatica
522 2874 560 2909 τῷ
575 2874 638 2908 εἶχε
658 2875 753 2909 φύσιν
770 2879 963 2907 consentanea,
983 2882 1029 2910 ge-

1109 1744 1163 1810 τὲαῐ
1171 1749 1224 1798 cui
1250 1747 1370 1782 χώματα
1395 1746 1514 1782 μακράν
1530 1755 1589 1773 που
1600 1744 1745 1780 ριφθῆναι
1772 1752 1868 1778 προσ-

1132 1792 1230 1810 ταμεν.

1132 1792 1230 1815 Iacer.

1111 1830 1148 1857 Οὐ
1168 1830 1219 1865 μὴν
1241 1830 1269 1856 ὲν
1284 1829 1388 1861 τούτοις
1406 1829 1441 1856 τὰ
1457 1829 1506 1864 τῆς
1523 1828 1639 1863 σπουδῆς
1658 1829 1760 1855 ἰστατο.
1780 1827 1867 1855 Πάλιν

1076 1877 1105 1903 δὲ
1130 1876 1257 1911 βασιλεὺς
1284 1877 1410 1914 αἴρεσθαι
1433 1877 1480 1904 καὶ
1505 1876 1673 1913 πορρωτάτω
1701 1875 1749 1910 τῆς
1774 1874 1868 1910 χώρας

1079 1923 1318 1959 άπορριπτεῐσθαι,
1345 1923 1398 1950 τῶν
1419 1923 1640 1959 καθαιρουμένων
1661 1922 1710 1958 τὴν
1735 1923 1763 1948 ὲν
1782 1921 1868 1953 λίθοις

1077 1969 1126 1996 καὶ
1141 1967 1229 2001 ξύλοις
1243 1969 1308 2004 ὓλην
1322 1970 1484 2005 προστάττει
1495 1978 1501 1984 ·
1514 1969 1594 2003 ἔργον
1605 1969 1632 1995 δὲ
1650 1969 1697 1995 καὶ
1720 1967 1787 2003 τῷδε
1799 1976 1870 2002 παρ-

1076 2013 1220 2048 ηκολούθει
1233 2014 1271 2050 τῷ
1291 2015 1371 2050 λόγῳ.
1395 2015 1462 2041 Ἀλλ’
1473 2015 1527 2041 οὐδ’
1543 2016 1588 2041 ἐπὶ
1605 2014 1691 2050 τούτῳ
1707 2013 1787 2048 μόνον
1803 2021 1870 2047 προ-

1079 2060 1164 2086 ελθεῖν
1178 2061 1308 2096 ἀπήρκει.
1325 2061 1410 2087 Πάλιν
1420 2061 1442 2088 δ’
1455 2061 1613 2092 ἐπιθειάσας
1626 2059 1761 2095 βασιλεὺς,
1774 2057 1870 2085 τοῦδα-

1079 2114 1128 2139 φος
1144 2106 1219 2138 αὐτὸ,
1240 2106 1306 2132 πολὺ
1321 2106 1367 2133 τοῦ
1381 2105 1470 2142 χώρου
1493 2106 1573 2141 βάθος
1584 2105 1776 2141 ἀνορύξαντας.
1794 2103 1870 2139 αὺτῷ

1078 2151 1120 2186 χοῖ
1137 2150 1232 2186 πόρρω
1252 2160 1304 2177 που
1316 2151 1452 2184 ἐξωτάτω,
1467 2151 1575 2187 λύθροις
1590 2151 1638 2178 ἆτε
1647 2149 1807 2186 δαιμονικῖκ
1823 2150 1871 2184 ep-

1081 2196 1250 2232 ρυπωμὲνον,
1262 2197 1436 2232 ἑκφορείσθαι
1446 2196 1673 2233 παρακελεύεται.

1329 2243 1528 2269 ΚΕΦΑΛΑΙΟΝ
1551 2243 1607 2270 KH’
1612 2263 1618 2269 .

1039 2279 1064 2309 D
1121 2288 1292 2323 Φανέρωσις
1307 2289 1360 2316 τοῦ
1375 2289 1461 2324 ἁγίου
1483 2289 1541 2316 τῶν
1554 2288 1647 2324 ἁγίων
1657 2287 1825 2323 μνήματος.

1114 2335 1289 2371 Παραχρῆμα
1301 2335 1323 2361 δ’
1339 2334 1491 2361 ὲπετελεῖτο
1503 2335 1549 2360 καὶ
1564 2333 1654 2361 τοῦτο.
1679 2333 1722 2365 Ὠς
1739 2333 1761 2360 δ’
1776 2333 1871 2368 ἕτερον

1078 2380 1136 2408 ἀνθ’
1152 2380 1245 2416 ἑτέρου
1260 2382 1390 2415 στοιχεῖον
1404 2379 1419 2406 ὁ
1431 2379 1501 2407 κατὰ
1514 2379 1610 2415 βάθους
1622 2379 1672 2415 τῆς
1683 2379 1735 2414 γῆς
1748 2378 1872 2414 ἀνεφάνη

1079 2427 1177 2463 χῶρος,
1197 2428 1263 2454 αὐτὸ
1279 2428 1311 2462 δὴ
1331 2427 1423 2454 λοιπὸν
1443 2427 1473 2453 τὺ
1495 2426 1592 2461 σεμνὸν
1609 2426 1656 2452 καὶ
1670 2425 1802 2459 πανάγιον
1819 2424 1871 2459 τῆς

1082 2472 1216 2508 σωτηρίου
1233 2473 1405 2504 ἀναστάσεως
1422 2472 1570 2508 μαρτύριον
1587 2471 1652 2507 παρ’
1667 2470 1762 2497 ἐλπίδα
1779 2471 1869 2497 πᾶσα,

1082 2517 1251 2552 ἀνεφαίνετο,
1273 2519 1320 2545 καὶ
1337 2519 1366 2545 τό
1388 2527 1417 2545 τε
1435 2518 1511 2552 ἆγιον
1530 2516 1583 2544 τῶν
1601 2517 1685 2551 ἁγίων
1702 2516 1800 2552 ἄντρον
1823 2517 1869 2550 τὴ,

1083 2564 1180 2599 ὁμοίαν
1191 2564 1241 2599 τῆς
1255 2564 1300 2591 τοῦ
1313 2565 1438 2601 Σωτῆρος
1453 2563 1624 2595 άναὸιώσεως
1633 2562 1827 2598 ἀπελάμϐανεν
1839 2564 1870 2588 εἱ-

1083 2610 1157 2638 κόνα.
1176 2610 1221 2637 Διὸ
1235 2610 1302 2645 μετὰ
1314 2611 1363 2645 τὴν
1378 2612 1406 2638 ὲν
1420 2611 1508 2646 σκότῳ
1525 2610 1680 2640 κατάδυσιν,
1692 2607 1769 2641 αὖθις
1786 2609 1834 2635 ἐπὶ
1845 2610 1870 2635 τ’.

1085 2699 1204 2726 neralem
1223 2700 1304 2734 hujus
1317 2699 1462 2726 locutionis
1478 2707 1585 2727 sensum
1597 2720 1604 2731 ,
1619 2706 1672 2734 quo
1686 2697 1732 2734 1Q
1742 2697 1876 2725 ἐδύνατο

1084 2735 1237 2769 :rquivalet,
1258 2731 1432 2770 respexisse,
1446 2742 1532 2770 eoque
1551 2731 1635 2762 sensti
1652 2733 1683 2760 τὸ
1702 2731 1764 2768 εἶχε
1778 2734 1876 2770 φύσιν

1084 2768 1130 2804 (ἐ
1157 2770 1276 2805 ἐδύνατο)
1296 2768 1357 2796 ante
1380 2769 1474 2796 λαϐεῖν
1490 2768 1734 2805 'sttbinrtellcxisse,
1757 2768 1875 2802 subjecti

1098 2810 1174 2847 {artes
1194 2805 1232 2840 τῷ
1248 2807 1264 2831 ὁ
1287 2805 1374 2838 ἣλιος
1398 2805 1550 2833 tribuendo.
1571 2804 1696 2832 Judicent
1718 2807 1875 2839 peritiores.

1107 2848 1161 2868 DI'I'.
