2000 3167
132 140 200 169 1089

679 143 721 171 DE
742 145 822 173 VlTA
842 145 1074 175 CONSTANTINI
1094 147 1160 176 LIB.
1183 148 1228 176 Ill;

1694 153 1764 180 ιιουο

126 194 185 232 ’φῶς
202 196 309 234 προῄει,
327 198 375 226 καὶ
386 199 441 232 τοῖς
456 200 502 227 ἐπὶ
514 200 580 227 θέαν
596 202 805 240 ἀφικνουμένοις
817 206 914 243 ἑναργῑ

972 208 1166 241 militudinem,
1194 217 1254 236 cum
1278 214 1339 244 post
1365 209 1447 237 silum
1465 216 1497 237 ac
1519 209 1646 238 tenebras
1664 211 1763 245 quibus

128 244 257 281 παρεῖχεν
283 245 349 280 ὁρᾷν
372 245 426 272 τῶν
460 246 552 273 αὐτόθι
575 249 776 284 πεπραγμένων
810 250 918 287 θαυμά-

127 298 181 317 των
196 289 245 326 τὴν
258 291 389 326 ἱστορίαν,
401 291 492 327 ἔργοις
516 293 625 329 ἁπάσης
645 296 839 333 γεγωνοτέροις
860 306 917 332 φω-

127 336 175 407 vii;
203 336 258 371 (92)
286 336 333 372 τὴν
367 337 413 363 τοῦ
434 337 559 374 Σωτῆρος
582 340 730 368 ἀνάστασιν
762 343 918 379 μαρτυρού-

131 390 149 407 υ.
165 389 220 407 νον.

129 389 220 416 μενον.

381 519 579 546 ΚΕΦΛΛΛῘΟΝ
590 520 656 547 ΚΘν.

129 565 224 603 Ὅπως
251 565 319 603 περὶ
332 564 411 603 τῆς.
424 566 592 601 οἰκοδομῆς,
615 568 663 594 καὶ
681 568 755 602 πρὸς
771 568 918 603 ἄρχοντας

168 601 218 627 καὶ
234 601 310 635 πρὸς
326 601 479 634 Μακάριον
495 603 606 636 ἔγραψε
628 603 682 630 τὸν
694 601 873 631 ἐπίσκοπον.

163 646 272 674 Τούτων
282 646 304 673 δ’
316 644 367 673 ὧδε
380 647 567 683 πραχθέντων,
579 649 678 676 αὐτίκα
692 649 818 684 βασιλεὺς
828 651 917 686 νόμων

128 693 248 720 εὐσεϐῶν
261 693 409 726 διατάξεσι,
425 695 568 730 χορηγίαις
583 704 612 721 τε
628 695 762 730 ἀφθόνοις,
786 694 859 722 οἷκον
872 698 917 723 εὑ-

128 740 238 774 κτήριον
253 739 391 775 θεοπρεπῆ
407 741 478 776 ἀμφὶ
492 741 523 767 τὸ
535 742 667 777 σωτήριον
680 742 776 777 ἄντρον
790 743 918 777 ἐγκελεύ-

127 794 186 811 εται
199 786 313 821 πλουσίᾳ
329 786 376 813 καὶ
391 786 514 823 βασιλικῇ
531 787 674 824 δείμασθαι
696 789 864 826 πολυτελείᾳ,
881 791 918 823 ὠς

127 831 160 857 ἂν
184 833 216 858 ἐκ
243 831 348 867 μακροῦ
369 831 448 858 τοῦτο
470 833 688 869 προτεθειμένος,
713 835 803 861 καὶτὸ
821 835 917 870 μέλλον

971 253 1079 281 obtecta
1097 253 1196 293 fuerat.
1216 263 1311 283 rursus
1336 257 1362 282 in
1383 256 1470 283 lucem
1496 256 1608 291 prodiit,
1634 261 1661 284 et
1679 258 1762 284 mira-
1801 283 1805 287 _

970 299 1094 326 culorum
1110 307 1171 333 qua:
1185 299 1222 327 ibi
1236 301 1373 335 quondam
1386 305 1460 336 gesta
1479 301 1600 334 fuerant,
1617 302 1760 329 historiam

971 345 1005 373 iis
1022 345 1069 380 qui
1083 346 1116 372 ad
1134 347 1312 381 spectandum
1332 347 1522 379 conﬂuxerant
1539 348 1762 376 manifestissime

970 391 1113 419 videndam
1140 392 1284 425 exhibuit,
1311 393 1392 420 rebus
1417 394 1486 428 ipsis
1507 402 1568 429 qua:
1593 394 1667 422 omni
1697 401 1762 421 voce

970 436 1074 465 clarius
1096 443 1205 470 sonant,
1233 438 1388 467 Servatoris
1417 439 1503 467 nostri
1531 440 1761 468 resurrectionem

972 486 1083 509 testata.

1251 525 1365 555 CAPUT
1386 527 1481 556 XXIX.

971 571 1157 610 Quomodo_de
1171 577 1346 610 construenda
1363 573 1484 606 ecclesia,
1499 576 1533 601 ad
1547 576 1673 610 prmities
1685 580 1709 603 ct
1726 576 1760 603 ad

1093 607 1245 635 Macarium
1266 610 1417 643 episcopum
1431 610 1534 637 litteras
1548 607 1636 638 dedit.

1006 654 1054 681 His
1070 654 1103 681 ad
1122 655 1195 682 httnc
1211 655 1318 682 modum
1334 656 1428 690 gestis.
1444 656 1588 684 confestim
1613 657 1762 691 imperator

970 699 1080 727 emissis
1095 700 1338 729 constitutionibus
1355 706 1383 729 et
1402 702 1509 730 liberali
1524 708 1635 737 sumptu
1663 710 1760 738 suppe-

970 745 1072 778 ditato,
1100 746 1174 774 circa
1203 747 1352 775 salutarem
1377 748 1536 782 speluncam
1567 749 1623 776 Deo
1648 749 1760 784 dignum

970 793 1098 829 templum
1114 794 1196 830 regali
1212 795 1413 830 magniﬁcentia
1428 797 1535 824 exstrui
1549 797 1636 832 jubet.
1653 797 1758 831 Quippe

967 840 1022 874 jam
1045 841 1148 875 pridem
1170 841 1221 868 hoc
1236 842 1305 876 apttd
1320 849 1348 869 se
1362 843 1556 874 constituerat,
1583 843 1665 877 idque
1687 843 1759 878 quod

127 877 236 905 ἔσεσθαι
247 877 380 913 κρείττονι
400 878 539 914 προθυμίᾳ
552 880 726 915 τεθεαμένος.
742 880 804 912 Τοῖς
817 881 867 916 μὲν
881 881 912 918 δὴ

968 888 1029 910 erat
1048 884 1182 919 futurum,
1204 885 1295 913 divina
1314 887 1432 921 quadam
1459 887 1603 914 alacritate
1628 889 1760 922 praevide-

127 924 180 964 τῶν
195 924 278 951 ὲθνῶν
293 925 339 951 ἐπὶ
350 925 399 960 τῆς
412 924 481 960 ἑῴας
494 926 633 961 ἄρχουσιν,
649 927 774 962 ἀφθόνοις
784 928 830 955 καὶ
840 928 917 963 δαψι-

127 970 182 996 λέσι
201 971 352 1006 χορηγίαις,
369 971 508 1007 ὑπερφυές
528 981 558 998 τε
579 973 625 999 καὶ
643 974 712 1008 μέγα
731 974 776 1001 καὶ
791 974 916 1001 πλούσιον

127 1016 316 1044 ἀποδεικνύναι
332 1017 362 1043 τὺ
378 1017 467 1052 ἔργον,
480 1017 518 1053 τῷ
530 1018 557 1044 δὲ
571 1018 792 1055 τῆςἘκκλησίας
805 1021 916 1048 ἐπισκό-

127 1070 170 1098 πῳ
193 1062 231 1098 τῷ
252 1062 403 1098 τηνικαῦτα
425 1063 474 1099 τῆς
494 1065 523 1091 ἐν
546 1065 741 1100 Ἱεροσολύμοις
755 1067 916 1101 προεστῶτι,

127 1110 228 1137 τοιάνδε
242 1110 402 1146 κατέπεμπε
413 1111 532 1147 γραφὴν,
548 1111 582 1138 δι’
596 1110 630 1148 ἧς
640 1113 684 1139 τὸν
697 1114 828 1148 σωτήριον
840 1113 917 1148 λόγον

127 1156 175 1191 τῆς
192 1156 309 1188 πίστεως
328 1157 453 1192 ἐναργέσι
475 1159 576 1191 φωναῖς
592 1159 722 1194 παρίστη,
743 1159 835 1186 τοῦτον
850 1160 918 1196 γρά-

128 1211 185 1236 φων
197 1202 241 1229 τὸν
253 1201 368 1238 τρόπον.

389 1260 590 1288 ΚΕΦΑΛΑΙΟΝ
612 1261 652 1288 Λ’.

126 1307 355 1345 Κωνσταντινου
369 1307 445 1345 arch
457 1307 610 1345 Μακᾴριον
625 1308 692 1345 περ)
711 1308 766 1345 τῆς
782 1309 835 1336 τοῦ
844 1319 918 1345 μαρ-

266 1343 369 1376 τυρίου
383 1343 435 1370 τοῦ
450 1343 586 1377 Σωτῆρος
607 1343 774 1378 οἰκοδομῆς.

163 1397 173 1414 ‹
185 1388 308 1424 Νικητὴς
319 1389 533 1422 Κωνσταντῖνος,
549 1389 694 1424 Μέγιστος,
705 1390 847 1422 Σεεαστὸς,
857 1392 918 1417 Μα-

127 1434 228 1470 καρίῳ.

164 1489 173 1506 ι
193 1479 316 1516 Τοσαύτη
336 1480 383 1507 τοῦ
405 1481 529 1516 Σωτῆρος
545 1480 625 1516 ἡμῶν
646 1482 718 1507 ἐστιν
737 1483 753 1517 ἡ
775 1481 864 1518 χάρις.
881 1481 918 1513 ὡς

130 1527 263 1565 μηδεμίαν
285 1527 370 1562 λόγων
390 1526 535 1562 θεραπείαν
553 1527 610 1563 (95)
633 1529 681 1554 τοῦ
702 1528 835 1564 παρόντος
852 1528 918 1555 Θαύ-

128 1580 212 1608 ματος
234 1571 311 1604 ἀξίαν
333 1569 402 1598 εἶναι
423 1572 522 1599 δοκεῖν,
538 1572 574 1599 Τὸ
591 1571 646 1608 γὰρ
661 1572 691 1599 τὸ
705 1573 849 1608 γνώρισμα
869 1573 915 1599 τοῦ
930 1568 950 1596 C

126 1617 278 1652 ἀγιωτάτου
290 1618 395 1646 ἐκείνου
405 1619 507 1651 πάθους
523 1619 576 1646 ὑπὸ
590 1620 622 1654 τῇ
640 1620 674 1654 γῇ
693 1619 775 1646 πάλαι
797 1619 915 1655 κρυπτό-

128 1673 218 1699 μενον,
232 1664 375 1696 τοσαύταις
386 1664 455 1691 ὲτῶν
468 1664 601 1701 περιόδοις
617 1665 718 1697 λαθεῖν,
735 1665 814 1701 ἄχρις
827 1664 857 1693 οὗ
872 1666 916 1693 διὰ

125 1711 175 1748 τῆς
191 1711 238 1738 τοῦ
249 1712 338 1739 κοινοῦ
353 1712 460 1739 πάντων
474 1712 570 1748 ἐχθροῦ
584 1713 751 1748 ἀναιρέσεως
767 1712 822 1747 (94)
839 1713 915 1739 ἐλευ-

125 1757 267 1794 θερωθεῖσι
283 1760 338 1790 τοῖς
346 1758 442 1785 ἑαυτοῦ
453 1758 617 1795 θεράπουσιν
629 1759 797 1794 ἁναλάμπειν
809 1759 914 1794 ἔμελλε,

125 1804 216 1830 πᾶσαν
238 1803 368 1839 ἔκπληξιν
388 1803 496 1839 ἀληθῶς
512 1804 679 1839 ὑπερϐαίνει.
696 1804 728 1830 Et
744 1804 798 1838 γὰρ
815 1804 915 1835 πάντες

124 1851 151 1877 ot
168 1849 213 1876 διὰ
229 1850 319 1885 πάσης
340 1850 389 1885 τῆς
403 1849 565 1885 οἰκουμένης
580 1847 650 1876 εἶναι
667 1849 809 1881 δοκοῦντες
827 1850 914 1884 σοφοὶ,

124 1899 165 1929 είς
177 1896 207 1923 ἓν
223 1898 269 1924 καὶ
281 1897 310 1924 τὸ
321 1897 388 1924 αὐτὸ
401 1897 582 1928 συνελθόντες,
595 1896 669 1929 ἄξιόν
683 1905 709 1923 τι
724 1896 770 1922 τοῦ
785 1896 915 1932 πράγμα-

123 1953 170 1976 τος
194 1943 366 1979 ἐθελήσουσιν
381 1944 477 1974 εἰπεῖν,
495 1943 547 1970 οὐδ’
563 1943 595 1969 ἂν
613 1942 680 1979 πρὸς
700 1943 731 1969 τὸ
748 1943 914 1978 βραχύτατον

123 1988 305 2025 ἀμιλληθῆνᾳι
330 1989 503 2024 δυνήσαιντο·
527 1987 573 2014 ἐπὶ
599 1987 724 2014 τοσοῦτον
749 1988 838 2013 πᾶσαν
859 1987 913 2022 (95)

123 2035 294 2071 ἀνθρωπίνου
319 2034 449 2069 λογισμοῦ
471 2034 627 2070 χωρητικὴν
642 2034 732 2068 φύσιν,
750 2034 766 2069 ἡ
783 2033 829 2059 τοῦ
848 2033 913 2060 θαύ-

124 2091 210 2118 ματος
234 2081 328 2108 τούτου
350 2080 519 2116 ὑπερϐαίνει,
548 2081 602 2114 ὅσῳ
616 2079 670 2106 τῶν
689 2078 867 2115 ἀνθρωπίνων
880 2078 914 2105 τὰ

123 2128 237 2163 οὐράνια
266 2127 459 2161 συνεστηκέναι
486 2125 668 2161 δυνατώτερα.
687 2126 735 2152 Διά
752 2125 829 2152 τοῦτο
848 2124 913 2159 γοῦν

122 2172 200 2206 οὗτος
215 2174 258 2201 ἀεὶ
275 2174 323 2201 καὶ
337 2173 443 2209 πρῶτος
461 2171 508 2199 καὶ
529 2171 608 2207 μόνος
627 2180 671 2207 μοι
683 2172 793 2203 σκοπὸς,
814 2171 847 2198 ἵν’
861 2171 914 2198 ὦσα

125 2229 177 2255 περ
202 2220 299 2256 ἑαυτὴν
324 2220 458 2255 ὁσημέραι
482 2218 648 2254 καινοτέροις
665 2217 801 2253 θαύμασιν
827 2218 843 2252 ἡ
863 2218 912 2252 τῆς

122 2267 253 2302 ἀληθειας
277 2267 367 2298 πίστις
395 2265 587 2297 ἐπιδείκνυσιν,
612 2264 683 2292 οὕτω
711 2265 756 2291 καὶ
779 2265 807 2291 αἱ
830 2264 913 2299 ψυχαὶ

161 2399 215 2435 (92)
224 2399 316 2435 Vulg...
339 2399 435 2434 ἔργοις
448 2394 571 2432 ἀπάσῆς
587 2397 787 2435 γεγωνοτέραν
797 2395 908 2435 φωνῆςἸ

123 2432 306 2472 δρίἱὺξὲῐιιίιιῇι
326 2432 480 2472 est-procul
504 2432 596 2472 dubio;
607 2433 818 2472 γεγωνοτέροις,
832 2432 910 2472 ‘qu‘od

123 2479 177 2498 non
192 2471 258 2496 vidit
278 2467 551 2504 Christophormnus.
576 2469 625 2496 Est
648 2467 750 2494 autent
765 2468 807 2494 hic
832 2467 910 2504 hujus

121 2507 174 2533 loci
190 2513 306 2533 sensus:
324 2502 396 2531 illam
411 2505 542 2532 Dominit‘i
555 2504 669 2538 sepulcri
684 2507 743 2537 post
757 2507 794 2529 tot
811 2502 908 2529 saecula

122 2540 344 2571 restitutionem,
369 2541 456 2575 reipsa
481 2540 657 2575 conﬁt-nuisse
679 2539 908 2575 resurrectionem

121 2575 230 2604 Domini
255 2576 354 2602 nostri.
381 2574 418 2601 ln'
435 2576 527 2603 codice
555 2574 621 2602 Fuk.
646 2574 743 2608 legitur
759 2574 908 2607 γεγωνοτέ-

123 2620 190 2647 ρως,
204 2610 340 2647 quomodo
352 2611 438 2647 etiam
452 2610 594 2647 Turnebus
608 2609 804 2647 adorattrtibri
820 2609 860 2647 sui
875 2616 908 2635 ex

121 2643 227 2680 scripto
239 2645 331 2672 codice
343 2646 512 2673 emendarat.
521 2645 548 2671 lu
558 2645 665 2671 schedis
673 2643 908 2680 Regiisscriptum

121 2688 165 2709 est
177 2679 375 2717 γεγωνοτέρας.
390 2681 508 2709 Savilius
521 2680 554 2706 ad
570 2687 644 2706 oram
658 2679 719 2706 libri
733 2687 746 2706 s
769 2679 774 2705 i
791 2685 909 2711 notarat,

120 2716 194 2744 forte
209 2716 403 2752 γεγωνότερον.

156 2749 310 2788 (95)’Μηδὲ
322 2749 397 2787 μὶάν
410 2751 509 2788 λόγων·
529 2750 699 2788 θεραπείαν.
715 2750 791 2788 Apud
812 2749 907 2776 Socra«

122 2785 189 2818 tem.
198 2785 390 2814 Theudoritum
400 2795 431 2814 ac
443 2787 622 2820 Nicephorum
638 2787 737 2821 legitur
748 2785 834 2819 λόγων
845 2793 908 2820 χορ-

120 2822 214 2861 ηγίαν,
229 2823 301 2861 quod
319 2824 422 2861 r_ectius_
433 2827 506 2857 puto.
526 2857 540 2861 _
591 2856 596 2861 _
704 2857 710 2861 _
742 2858 751 2861 Α
792 2855 805 2861 ~

158 2858 214 2892 (91)
232 2856 283 2884 Ᾱιὰ
301 2858 356 2893 τῆς
372 2858 424 2885 τοῦ
434 2856 540 2885 κοινοῦ
556 2856 676 2884 πάντων
698 2856 807 2891 ἐχθροῦ
826 2856 909 2883 ἀναι-

121 2893 243 2927 ρέσεως.
257 2894 366 2921 llostem
378 2894 514 2929 publicum
527 2893 722 2921 Constantinus
737 2894 779 2921 hic
791 2892 908 2926 appellat

929 2242 952 2270 D

971 935 1023 958 rat.
1037 931 1076 958 Ac
1092 932 1244 960 rectoribus
1255 933 1365 967 quidem
1380 934 1586 968 provinciarum
1601 942 1650 969 per
1662 935 1760 962 Orien-

971 981 1023 1004 tem
1042 977 1183 1011 praecepit,
1201 978 1378 1012 ut,impensis
1392 979 1504 1013 copiose
1525 972 1756 1012 subministratis,

970 1023 1067 1058 ingens
1087 1024 1262 1058 amplumque
1278 1028 1306 1051 et
1317 1025 1491 1060 magniﬁcum
1503 1033 1571 1060 opus
1588 1025 1652 1053 illttd
1667 1025 1758 1053 edit-e-

969 1073 1039 1096 rent.
1056 1070 1096 1096 Ad
1111 1070 1270 1105 episcopum
1286 1078 1351 1097 vero
1365 1071 1410 1105 qui
1427 1075 1491 1098 tunc
1517 1072 1647 1106 temporis
1662 1070 1757 1098 Hieru-

968 1115 1136 1151 solymorttm
1167 1116 1279 1150 regebat
1301 1116 1463 1149 Ecclesium,
1491 1117 1623 1151 ejusmodi
1650 1117 1758 1144 litteras

968 1160 1052 1193 dedit,
1077 1161 1176 1194 quibus
1196 1161 1325 1188 salutaris
1354 1161 1414 1188 ﬁdei
1431 1162 1583 1189 doctrinam
1615 1162 1757 1197 apertissi-

969 1206 1021 1233 mis
1038 1207 1130 1234 verbis
1143 1208 1312 1239 adstruebat,
1327 1207 1364 1233 ita
1378 1207 1503 1235 scribens
1518 1219 1524 1235 :

1256 1263 1372 1292 CAPUT
1394 1263 1479 1291 XXX.

969 1308 1138 1336 Constantini
1161 1310 1195 1337 ad
1221 1310 1370 1337 Macarium
1391 1311 1504 1341 epistola
1528 1310 1560 1336 Ile
1575 1309 1756 1343 wdiﬁcatione

1160 1346 1284 1380 martyrii
1302 1345 1453 1373 Servatoris
1470 1345 1565 1372 nostri.
1759 1366 1762 1367 ν

1007 1401 1016 1416 ε
1035 1391 1129 1419 Victor
1145 1391 1351 1422 Constantinus,
1368 1391 1513 1422 Maximus,
1527 1391 1665 1426 Augustus
1677 1411 1685 1425 ,
1701 1391 1758 1418 Ma-

969 1438 1056 1465 cario.

1007 1491 1016 1509 ‹
1035 1482 1120 1510 Tanta
1131 1487 1174 1510 est
1186 1482 1341 1510 Servatoris
1355 1482 1440 1510 nostri
1460 1483 1557 1517 gratia,
1570 1489 1599 1510 ut
1612 1483 1683 1510 nulla
1700 1491 1755 1511 ser-

970 1529 1058 1555 tnonis
1084 1529 1160 1562 copia
1188 1529 1221 1555 ad
1244 1529 1386 1563 przesentis
1411 1528 1537 1555 miraculi
1568 1529 1756 1557 narrationem

968 1573 1091 1601 suﬁieere
1109 1573 1241 1601 videatur.
1260 1574 1326 1601 Nam
1342 1574 1537 1601 sacratissima:
1554 1574 1627 1601 illius
1650 1575 1758 1610 passio-

968 1620 1010 1647 nis
1023 1624 1237 1650 monumeutum.
1253 1621 1303 1647 sub
1321 1625 1392 1646 terra
1408 1620 1571 1655 jampridem
1589 1621 1757 1648 occultatum

968 1670 1006 1692 tot
1021 1673 1154 1693 annorum
1176 1666 1268 1700 spatio
1283 1666 1436 1698 delituisse,
1464 1666 1545 1701 500
1569 1667 1659 1701 quoad
1681 1675 1758 1694 com—

967 1712 1040 1738 muni
1055 1713 1178 1739 omnium
1192 1712 1270 1739 ltosle
1287 1712 1406 1745 sublato,
1424 1711 1534 1739 famulis
1551 1713 1609 1747 ejus
1631 1713 1658 1740 in
1675 1713 1758 1741 liber-

967 1762 1048 1784 talem
1065 1757 1209 1784 vindicatis
1224 1756 1377 1792 all‘ulgeret,
1393 1765 1502 1785 omnem
1518 1765 1613 1786 revera
1631 1758 1756 1785 admira-

967 1805 1067 1830 tionem
1081 1807 1202 1837 snperat.
1221 1802 1288 1829 Nam
1307 1803 1413 1830 tametsi
1426 1811 1520 1830 omnes
1544 1809 1680 1838 quotquot
1696 1805 1758 1832 tibi-

966 1857 1018 1883 que
1035 1853 1168 1875 terrarum
1187 1848 1324 1882 sapientes
1343 1849 1489 1881 habentur,
1507 1850 1533 1875 in
1550 1857 1632 1876 unum
1655 1851 1755 1882 coacti,

965 1895 1066 1929 aliquid
1081 1901 1130 1928 pro
1147 1894 1224 1927 hujus
1240 1894 1280 1920 rei
1293 1894 1431 1928 dignitate
1456 1895 1549 1922 dicere
1572 1895 1755 1930 instituerint,

965 1948 999 1968 ne
1015 1941 1048 1967 ad
1065 1939 1204 1967 minimam
1218 1939 1327 1973 quidem
1345 1940 1403 1974 ejus
1415 1945 1520 1975 partem
1538 1941 1660 1976 aspirare
1676 1949 1755 1976 posse

965 1988 1034 2014 milii
1050 1987 1184 2014 videntur.
1204 1986 1308 2020 Quippe
1323 1985 1403 2021 hujus
1419 1987 1542 2014 miraculi
1555 1987 1634 2020 ﬁdes,
1646 1995 1754 2015 omnem

966 2035 1091 2061 humanae
1110 2033 1225 2060 rationis
1241 2039 1368 2066 capacem
1393 2038 1522 2060 naturam
1548 2038 1653 2061 tantum
1673 2041 1754 2061 exce-

965 2081 1015 2113 dit,
1034 2084 1166 2114 quantum
1182 2080 1308 2107 humanis
1322 2079 1415 2107 divina
1430 2079 1600 2114 praecellunt.
1619 2080 1752 2113 Quocirca

965 2128 1009 2155 hic
1021 2135 1091 2154 unus
1107 2126 1173 2154 mihi
1185 2134 1217 2154 ac
1231 2127 1385 2161 prmciputts
1398 2134 1507 2162 semper
1524 2131 1565 2155 est
1588 2135 1697 2162 scopus,
1724 2132 1754 2154 tit

963 2172 1193 2207 quemadmodum
1206 2172 1333 2199 veritatis
1348 2172 1415 2200 ﬁdes
1433 2173 1511 2200 novis
1531 2173 1654 2207 quotidie
1670 2172 1754 2199 mira-

965 2218 1032 2245 culis
1048 2217 1215 2251 inclarescit,
1227 2218 1269 2245 sic
1281 2219 1362 2245 etiam
1377 2223 1481 2246 mentes
1492 2219 1613 2246 omnium
1630 2223 1751 2245 nostrum

966 2264 999 2291 ad
1014 2262 1195 2292 sanctissima:
1212 2265 1279 2299 legis
1292 2265 1495 2292 observantiam
1514 2272 1576 2292 cutn
1597 2265 1671 2292 omni
1695 2271 1753 2291 mo-

963 2393 1107 2430 Liciiiittm,
1125 2399 1184 2428 post
1193 2396 1272 2430 cujus
1287 2396 1398 2423 exitium
1413 2397 1452 2423 ait
1463 2403 1569 2424 sacrum
1585 2396 1689 2424 Domini
1707 2404 1751 2423 se-

963 2429 1095 2466 pulcrum.
1105 2431 1176 2464 quod
1189 2429 1252 2458 ante
1264 2431 1390 2465 latuerat,
1400 2432 1425 2458 in
1441 2433 1528 2459 lucetn
1539 2438 1567 2459 et
1575 2437 1752 2466 conspectum

961 2465 1100 2491 hominum
1112 2466 1257 2499 prodiisse.
1271 2467 1383 2494 Occisus
1398 2472 1440 2494 est
1454 2467 1575 2494 Licinius
1589 2465 1662 2494 anno
1672 2466 1752 2494 Chri-

961 2500 995 2526 sti
1008 2499 1071 2530 526.
1085 2501 1265 2536 inscribitur
1281 2503 1307 2527 in
1323 2501 1414 2529 Fastis
1430 2502 1519 2530 ldatii.
1535 2503 1689 2536 Eodemque
1702 2510 1752 2528 an-

961 2543 996 2571 no
1007 2543 1068 2571 eum
1084 2534 1184 2561 Helena
1198 2535 1411 2571 Hierosolymam
1425 2538 1588 2570 advenisset,
1598 2534 1751 2571 sepulcrum

961 2569 1066 2606 Domini
1093 2575 1230 2604 repertum
1252 2577 1303 2598 est.
1319 2566 1414 2599 Posset
1441 2574 1522 2600 etiam
1540 2566 1639 2606 publici
1664 2572 1751 2599 hostis

960 2605 1072 2642 nomine
1087 2606 1191 2633 daemon
1217 2606 1420 2642 hicintelligi,
1445 2609 1495 2635 nisi
1518 2605 1579 2642 quae
1600 2613 1752 2642 sequuntur

961 2641 1043 2667 verba
1054 2645 1244 2675 repugnarent.
1253 2641 1345 2676 Neque
1356 2641 1428 2669 enim
1438 2641 1561 2670 diabolus
1571 2648 1633 2670 tunc
1641 2641 1750 2670 demum

961 2676 1049 2713 victus
1061 2681 1144 2713 atque
1160 2684 1307 2713 oppressus
1324 2682 1377 2709 est.
1391 2686 1452 2705 cum
1472 2679 1627 2713 sepulcrum
1645 2678 1749 2704 Domini

961 2711 1068 2747 egestis
1085 2712 1230 2739 ruderibus
1256 2713 1391 2740 detectum
1418 2717 1469 2739 est.
1495 2711 1572 2741 Adde
1589 2713 1659 2747 quod
1676 2712 1751 2740 ἁναμ

964 2754 1046 2808 fissae,
1058 2746 1143 2808 lidlest
1169 2748 1267 2781 caedes,
1281 2749 1378 2776 ntelius
1392 2749 1425 2776 de
1439 2748 1545 2776 Licinio
1558 2746 1656 2776 dicitur
1667 2756 1748 2783 quant

964 2789 994 2808 le
1031 2790 1053 2807 Iil
1068 2790 1091 2807 10
1103 2790 1128 2808 0.

962 2783 994 2808 de
1011 2782 1128 2808 diabolo.

995 2816 1052 2853 (95)
1074 2817 1140 2853 Ἐπὶ
1164 2818 1312 2845 τοσοῦτον
1337 2819 1449 2847 πᾶσαν.
1480 2819 1658 2846 Scribendum
1685 2824 1750 2853 puto

963 2851 1159 2888 Lne‘tﬁoeou’ctp
1175 2855 1274 2887 πᾶσαν,
1286 2860 1339 2883 etc.
1357 2856 1384 2882 Iit
1401 2857 1470 2883 libro
1484 2854 1549 2882 Fuit.
1566 2851 1693 2883 scribitur
1704 2855 1750 2881 ἐπὶ

962 2887 1073 2914 τοσοῦτο
1088 2887 1151 2924 γὰρ,
1169 2896 1221 2917 etc.
