2000 3167
225 160 295 189 MM

612 156 747 186 EUSEBll
765 155 1004 185 CESARIENSIS
1022 155 1098 183 OPP.
1120 155 1210 183 PARS
1229 156 1287 184 1.-
1306 155 1501 184 HISTORJCA.

1779 154 1851 181 H04

223 223 276 245 tus.
304 216 417 251 ldeoque
445 215 493 243 Dei
518 215 703 242 amantissima
738 219 869 250 augusta,
891 215 1003 249 deiparau

1059 213 1092 250 δὴ
1104 213 1210 249 βασιλὶς
1226 215 1243 250 ἡ
1258 214 1464 250 θεοσεὸεστάτη,
1478 214 1529 250 τῆς
1546 213 1671 240 θεοτόκου
1685 213 1733 249 τὴν
1754 212 1851 248 κύησιν

223 262 344 298 Virginis}
360 266 465 296 partum
490 260 597 289 eximiis
621 261 802 288 monumentis
818 261 945 293 ornavit,
962 268 1008 288 sa-

222 316 296 336 cram
307 308 380 335 illam
394 307 551 343 speluncam
564 308 636 335 omni
648 307 737 335 cultus
748 314 848 342 genere
859 305 1007 334 illustrans.

223 355 278 382 Nec
302 353 386 391 multo
406 357 466 388 post
485 353 632 388 imperator
645 353 768 380 eamdem
789 351 894 380 Domini
911 350 1009 378 nativi-

223 405 305 428 tatem
320 399 455 435 regalibus
470 398 591 427 donariis
613 398 773 431 honoravit;
790 397 874 424 variis
889 404 922 425 ex
942 404 1008 423 auro

221 451 248 472 et
266 449 378 481 argento
394 444 585 477 monumentis,
602 443 724 479 velisque
740 450 789 471 acu
801 442 897 477 pictis,
915 440 1008 469 matris

221 499 277 519 suae
294 490 436 518 cumulans
454 490 697 526 magniﬁcentiam.
711 489 846 516 Praeterea
861 489 1008 523 imperato-

223 538 260 565 ris
275 536 384 572 quidem
402 539 487 564 mater
502 536 529 564 in
550 535 709 563 memoriam
723 535 891 563 ascensionis
907 534 1008 562 Christi

222 584 342 611 omnium
367 582 530 616 Servatoris,
554 582 582 610 in
610 585 701 609 monte
717 580 855 609 Olivarutn
881 580 1007 608 sublimia

222 629 356 656 exstruxit
374 627 507 661 aedilicia.
529 627 555 655 in
570 627 629 662 ipso
652 626 753 654 montis
775 626 878 653 vertice
901 626 1006 653 sacram

222 675 329 710 erigens
343 674 428 702 tndem
450 681 510 701 cum
536 672 646 708 templo.
660 672 709 700 Hic
727 679 808 707 porro
834 672 1006 699 Servatorem

222 726 341 752 omnium
368 725 517 757 Christum,
537 723 645 751 arcanis
673 722 808 758 mysteriis
829 721 909 757 505
927 722 1008 749 disci-

222 771 300 806 pulos
313 778 376 799 suos
395 771 424 797 in
447 770 504 805 ipsa
527 768 655 804 spelunca
675 769 807 801 initiasse,
820 776 902 795 verax
924 773 1006 795 testa-

223 821 267 844 tur
277 815 399 844 bistoria.
409 816 558 850 Imperator
569 821 633 842 vero
644 814 695 842 hoc
708 814 790 842 etiam
807 814 834 840 in
848 813 916 846 loco,
925 813 1007 840 variis

222 861 388 890 ornamentis
409 868 441 888 ac
464 860 584 888 donariis
607 867 742 886 summum
766 859 885 886 omnium
906 858 1005 894 Regem

222 912 364 936 veneratus
384 911 436 934 est.
453 906 541 940 Atque
562 905 620 933 haec
639 906 693 931 duo
707 909 818 939 augusta
833 911 865 931 ac
878 893 1006 938 pulcher-
1021 893 1042 920 Β

223 953 291 980 rima
306 956 491 983 monumenta,
508 949 653 978 immortali
665 949 795 977 memoria
807 949 885 984 digna
898 950 925 976 in
939 949 1005 976 dua-

222 1000 271 1026 bus
286 998 371 1027 sacris
383 997 535 1032 speluncis,
554 995 655 1024 Helena
677 1000 802 1030 augusta,
817 995 935 1030 religiosi
953 996 1005 1023 im-

222 1044 353 1078 peratoris
380 1047 467 1070 mater
490 1041 700 1077 religiosissima,
715 1041 766 1076 pite
788 1041 940 1068 devotionis
962 1048 1007 1068 ar-

221 1093 348 1124 gumenta
364 1089 418 1116 Deo
443 1088 581 1116 Servatori
606 1095 655 1115 stto
685 1087 830 1121 dedicavit,
846 1095 907 1115 cum
935 1088 1006 1116 tilius

222 1134 368 1172 imperiaiis
398 1134 524 1169 potentiae
552 1134 702 1162 subsidium
726 1134 750 1161 ei
775 1134 922 1162 conferret.
950 1134 1006 1162 Nec

222 1181 305 1208 multo
324 1184 386 1216 post
402 1179 546 1215 grandaeva
560 1179 656 1207 mulier
669 1179 778 1214 dignum
799 1179 936 1207 laboribus
949 1180 1006 1207 suis

221 1226 358 1262 prtemium
371 1225 471 1252 retulit.
486 1223 553 1251 Nam
573 1231 634 1252 cum
654 1228 739 1252 totum
757 1224 817 1252 vita:
834 1231 889 1252 sua:
901 1230 1005 1259 tempus

257 1302 311 1337 (96)
328 1302 596 1346 ηαραπξτάιτιέαςτί
610 1310 651 1346 ξεν
668 1302 825 1346 “alter
844 1302 902 1346 ῌοη
921 1303 1006 1346 ρηοδο

223 1339 471 1372 interpretationem
494 1338 732 1372 Cbristopborsoni
752 1338 797 1372 qui
814 1339 899 1364 aulica
920 1338 1005 1365 inter-

221 1378 351 1408 pretatur.
364 1372 432 1408 Nam
446 1372 529 1400 aulaea
546 1380 633 1400 scenae
647 1374 736 1407 potius
749 1373 912 1408 conveniunt
925 1381 1005 1408 quam

220 1406 350 1436 ecclesiae.
371 1407 437 1434 Vela
454 1408 535 1443 igitur
552 1406 726 1442 interpretari
745 1408 836 1443 malui.
853 1406 1004 1443 Vclarcnim

220 1443 377 1470 iuecclcsiis
392 1447 480 1469 erant.
497 1442 563 1469 Nam
577 1447 605 1469 et
619 1444 645 1469 in
663 1443 748 1476 portis
765 1442 873 1469 fuerunt
890 1442 959 1474 vcla,
974 1444 1006 1470 de

220 1479 318 1513 quibus
335 1477 500 1512 Epiphanius
517 1477 543 1513 i_n
554 1477 666 1510 cpistola
682 1479 716 1504 ad
729 1476 860 1513 Joannem
879 1477 1005 1506 Hieroso-

221 1511 391 1549 l’yntitanutu'
408 1520 488 1549 quam
520 1511 615 1549 Latine
637 1514 723 1549 _vertit
744 1512 931 1549 qllieronymus
949 1523 956 1540 :
978 1518 1006 1540 et

220 1547 293 1575 circa
305 1548 398 1580 altare,
417 1547 565 1580 cujusmodi
575 1547 644 1581 apud
657 1555 704 1574 nos
715 1547 860 1574 etiamnum
873 1548 1004 1575 visuntur.

221 1583 306 1610 Porro
316 1582 372 1609 vela
385 1589 443 1616 qua:
459 1582 493 1609 ad
507 1586 599 1616 portas
609 1583 843 1618 appendebantur,
854 1582 940 1610 Grteci
952 1584 1006 1618 ἀμ-

221 1617 323 1654 φίθυρα
339 1618 476 1654 όνὶοςικιιιιἶ
492 1623 552 1654 qua:
566 1624 614 1644 vox
634 1617 731 1654 legitur
747 1618 774 1644 in
792 1617 1004 1654 epistolarCho’s-

220 1652 275 1680 reis
289 1652 361 1687 apud
377 1652 606 1687 Tbeophylactum
633 1652 660 1679 iu
685 1653 755 1679 libro
770 1660 797 1683 v,
813 1660 873 1686 cap.
891 1653 931 1680 lli.
951 1654 1005 1681 0c-

220 1685 497 1722 currit'etiamrap’ud’
517 1685 738 1721 Cltrysostomum
761 1688 788 1714 in
804 1685 913 1715 humilia
927 1689 960 1716 87
977 1690 1005 1716 in

221 1722 385 1749 Matt/neum.
411 1721 443 1748 ln'
465 1727 557 1749 vetere
575 1723 669 1749 charta
684 1723 836 1750 donationis
861 1731 920 1757 quae
934 1724 1004 1751 facta

220 1762 262 1785 est
293 1757 421 1793 Ecclesia:
439 1757 616 1793 Corneliana:
645 1765 726 1792 quant
759 1758 843 1784 edidit
872 1758 1004 1793 Josophus

221 1793 366 1820 Suaresius
383 1791 557 1820 Vasionensis
569 1791 711 1827 episcopus
738 1792 767 1819 lit
784 1793 885 1820 mentio
907 1791 1002 1820 horum

219 1828 340 1855 velorum
359 1827 402 1855 his
415 1827 504 1854 verbis
535 1836 544 1854 :
569 1828 603 1854 Et
619 1836 666 1862 pro
683 1836 737 1855 ara:
756 1837 813 1859 ora,
831 1829 886 1855 t'élﬂ
903 1833 1004 1856 trattto-

219 1864 313 1895 ten‘ca,
330 1863 390 1889 alba
406 1862 548 1889 auroclat'a
557 1865 620 1895 duo,
636 1868 688 1890 etc.
707 1863 774 1890 Item
787 1869 846 1890 ante
857 1865 942 1897 regias
959 1865 1003 1891 ba-

219 1899 309 1930 silicae,
325 1899 379 1925 vela
392 1897 462 1924 linea
476 1898 593 1932 plumata
608 1898 711 1932 majora
726 1898 788 1932 ﬁssa
811 1907 918 1925 numero
930 1900 981 1926 tria
993 1909 1002 1926 :

219 1934 279 1960 item
304 1934 370 1960 vela.
382 1933 452 1959 linea
471 1941 538 1967 pura
556 1934 618 1960 tria.
631 1934 698 1960 Ante
714 1934 900 1960 consistorium
919 1935 1003 1961 velunt

219 1968 316 1994 lineam
326 1976 421 2002 purum
441 1975 533 1994 unum.
547 1967 581 1994 In
591 1976 689 2002 pronao
701 1971 783 1996 velunt
798 1969 894 1995 lincunt
908 1978 1003 2003 parum

219 2009 341 2036 unum,“
352 2003 423 2029 intra
441 2003 576 2029 basilicam
593 2011 639 2034 pro
659 2004 768 2036 porticia
779 2005 833 2030 vela
847 2004 916 2030 linea
929 2013 1004 2031 rosu-

218 2038 274 2064 lata
288 2046 341 2074 texi
359 2046 368 2064 .'
388 2043 413 2065 et
435 2039 684 2074 ante_secretat'iuttt
711 2038 749 2066 vel
764 2039 896 2065 turricula
923 2039 1004 2074 (forte

218 2073 390 2101 scribendum
403 2072 537 2108 cubicula)
550 2073 606 2103 vela
618 2073 686 2100 linea
702 2075 820 2100 rosulata
834 2072 944 2108 pensilia
956 2076 1003 2101 Ita-

218 2109 305 2135 beutt’a
317 2116 395 2135 arcus
410 2109 472 2134 duo.

253 2143 309 2178 (27)
327 2142 409 2170 Νεών
419 2151 461 2170 τε.
480 2142 582 2170 Deesse
596 2143 642 2170 hic
661 2143 785 2170 videntur
797 2143 924 2170 ttonnulla
936 2165 943 2176 ,
957 2149 1003 2171 aut

217 2183 291 2205 certe
305 2179 467 2214 transposita
489 2186 550 2214 esse
560 2179 712 2214 _vocabula.
742 2179 938 2214 ltaquerlocutu
962 2181 1001 2206 sit:

218 2214 322 2249 restitui
339 2211 444 2249 [uallem
457 2213 528 2248 ἱερὸν
546 2211 620 2240 οἷκον
635 2211 861 2249 ἐκκλησίαςνεών
880 2223 910 2240 τε
926 2215 1002 2249 ἆγιον

218 2238 489 2284 aegrotantes
498 2238 688 2276 intestati...
703 2238 908 2284 examination
921 2238 1001 2277 (Ξιζῖἷζ
1018 2238 1039 2265 D

217 2283 428 2317 stopltorsonus,
446 2284 527 2317 quasi
543 2284 614 2311 dicat
632 2284 761 2310 Eusebius
784 2283 910 2310 lleleuam
935 2286 1000 2312 duas

217 2319 348 2346 ecclesias
367 2319 552 2346 constt-exisse
568 2319 594 2345 itt
609 2324 699 2345 monte
711 2319 848 2346 ()livarum
860 2339 866 2350 ,
884 2319 999 2346 alteram

217 2353 244 2380 in
260 2355 381 2386 vertice,
402 2354 516 2380 alteram
535 2353 561 2380 in
579 2361 674 2388 specu;
700 2354 771 2388 quod
793 2359 881 2382 tamett
905 2362 998 2381 verum

218 2397 270 2416 tton
293 2393 367 2423 puto.
383 2388 470 2416 Unam
485 2388 557 2416 enim
570 2389 709 2416 basilicam
725 2398 738 2415 a
760 2388 937 2416 Constantino
961 2391 998 2416 ibi

217 2424 377 2451 aediﬁcatam
391 2431 453 2459 esse
473 2424 554 2451 tradit
574 2428 667 2450 auctor
685 2423 822 2450 ltinerart‘i
846 2425 999 2459 Hierosoly-

217 2459 323 2486 mitani.
344 2459 377 2488 Et
394 2458 526 2486 Eusebius
539 2459 565 2485 in
579 2460 751 2494 paucgyrico,
766 2460 810 2486 ubi
821 2459 854 2486 de
868 2458 998 2494 martyrio

217 2495 331 2529 loquens
345 2495 416 2528 quod
431 2495 624 2529 Constantinus
641 2494 833 2529 llterOsolymis
843 2495 996 2526 tedilicavit,

217 2527 311 2566 eodem
326 2527 405 2566 modo
419 2530 536 2566 loquitur
550 2537 556 2555 :
572 2527 650 2566 υἷκον
673 2527 816 2566 εὐκτήριον
832 2530 995 2566 παμμεγέθη

219 2564 282 2591 νεών
298 2573 327 2591 τε
340 2565 416 2598 ἆγιον
432 2563 470 2599 τῷ
489 2565 614 2600 σωτηρίῳ
627 2565 731 2600 σημείῳ
743 2563 878 2597 πλουσίως
890 2563 997 2600 italiae;

217 2600 304 2636 ψιλέσι
333 2600 500 2636 κατεκόσμει
536 2599 721 2635 φιλοτιμίαιςέ
752 2602 795 2627 ubi
822 2601 896 2627 vides
923 2599 996 2628 οἷκον

217 2634 357 2671 ἐὺκτήριον
372 2641 400 2663 et
411 2634 474 2662 ναὸν
496 2634 640 2671 t_'onjungi,
664 2642 690 2663 et
715 2637 749 2662 de
774 2644 825 2662 una
847 2637 995 2670 eademque

217 2668 328 2698 ecclesia
345 2671 410 2698 dici.
430 2670 461 2698 Et
484 2668 557 2697 οἷκον
583 2668 692 2705 quidem
713 2671 855 2706 εὐκτήριον
877 2668 995 2705 appellat

217 2706 354 2732 basilicam
365 2726 373 2738 ,
384 2714 417 2733 eo
428 2707 499 2740 quod
513 2707 625 2741 populus
640 2708 732 2733 orandi
755 2715 835 2733 causa
851 2713 882 2732 eo
895 2714 994 2733 conve~

217 2745 302 2772 mret;
316 2740 378 2767 ναόν
391 2748 454 2768 vero
469 2740 554 2768 totam
564 2742 649 2768 tndem
667 2749 772 2768 sacram
786 2749 846 2775 qua:
862 2748 915 2767 uno
934 2748 993 2768 aut-

217 2776 274 2802 bitu
292 2781 416 2802 contenta
434 2777 555 2803 continet
568 2777 594 2802 itt
616 2784 645 2803 se
665 2778 779 2807 atrium.
795 2777 930 2810 porticus,
948 2785 992 2803 se-

217 2811 372 2841 cretarium,
392 2811 590 2845 baptisterium,
603 2817 631 2837 et
644 2812 729 2845 ipsam
747 2812 898 2838 bastltcatu.
915 2812 992 2844 Quod

217 2845 323 2881 quidem
334 2846 504 2881 apertissime
518 2846 594 2872 docet
605 2847 744 2878 Eusebius,
761 2847 830 2873 inl'ra
846 2847 870 2872 ιιι
883 2854 943 2881 cap.
957 2847 991 2874 50

217 2880 295 2914 hujus
312 2880 384 2913 ltbri,
399 2880 443 2907 ubi
459 2881 492 2908 de
514 2881 652 2908 Dominico
675 2890 756 2909 aureo
780 2882 906 2916 loquitur,
917 2880 990 2916 quod

1058 261 1183 296 μνήμασι
1209 260 1374 297 θαυμαστοῖς
1403 260 1578 296 κατεκόσμει,
1589 260 1724 291 παντοίως
1739 259 1769 286 τὺ
1787 258 1850 295 τῇδε

1061 306 1243 342 ἱερὸν.ᾰντρον
1259 306 1457 342 φαιδρύνουσα·
1478 305 1605 341 βασιλεὺς
1619 304 1648 331 δὲ
1665 304 1763 340 μικρὸν
1777 303 1851 330 ὓστε-

1060 361 1107 388 ρον
1128 352 1276 388 βασιλικοῖς
1307 352 1464 388 ἀναθήμασι
1486 352 1533 379 καὶ
1554 350 1656 386 ταύτην
1675 350 1772 386 ἐτίμα,
1794 350 1850 382 τοῖς

1059 398 1089 431 es
1108 398 1229 435 ἀργύρου
1247 398 1294 426 καὶ
1312 399 1413 435 χρυσοῦ
1433 397 1596 434 κειμηλίοις,
1619 395 1849 432 παραπετάσμασι

1057 453 1088 471 τε
1107 445 1239 477 ποικίλοις
1262 444 1318 481 (26)
1331 445 1381 476 τὰς
1400 445 1449 480 τῆς
1471 444 1574 480 μητρὸς
1595 442 1721 475 ὲπαύξων
1743 441 1851 477 φιλοκα-

1058 490 1127 524 λίας.
1142 492 1226 519 Πάλιν
1241 492 1262 518 δ’
1279 492 1296 527 ἡ
1317 491 1367 527 μὲν
1384 491 1516 526 βασιλέως
1538 491 1629 526 μήτηρ
1644 490 1693 525 τῆς
1708 489 1748 520 εἰς
1768 489 1850 524 οὑρσμ

1058 536 1120 568 νοὺς
1142 536 1254 571 πορείας
1270 536 1317 563 τοῦ
1338 535 1392 562 τῶν
1413 535 1485 563 ὂλων
1498 535 1644 570 Σωτῆρος,
1667 534 1714 561 ἐπὶ
1728 533 1774 560 τοῦ
1794 533 1848 560 τῶν

1059 582 1156 608 ἐλαιῶν
1176 582 1256 616 ὅρους
1281 583 1331 617 τὴν
1358 583 1468 617 μνήμην
1490 581 1660 617 ὲπηρμέναις
1684 580 1848 614 οἰκοδομίαις

1058 628 1175 663 ἀνύψου,
1193 629 1248 656 ἄνω
1270 628 1338 664 πρὸς
1357 629 1418 660 ταῖς
1436 627 1603 664 ἀκρωρείαις
1626 627 1702 663 παρὰ
1727 629 1776 663 τὴν
1799 627 1848 654 τοῦ

1058 675 1157 706 παντὸς
1169 674 1250 711 ὄρους
1270 674 1402 710 κορυφὴν,
1437 674 1510 709 ἱερὸν
1535 671 1609 700 οἷκον
1636 673 1783 709 ἐκκλησίας
1801 674 1848 700 ἀν-

1058 721 1212 756 εγείρουσα,
1229 719 1295 747 νεών
1312 728 1342 746 τε
1355 719 1419 754 (27)·
1432 718 1572 746 κάνταῦθα
1583 719 1661 752 λόγος
1676 717 1777 753 ἀληθὴς
1791 717 1846 753 (28)

1057 766 1176 801 κατέχει,
1193 767 1221 792 ὲν
1236 765 1310 800 αὐτῷ
1333 765 1423 800 ἄντρῳ
1449 764 1505 800 (29)
1520 764 1583 795 τοὺς
1603 763 1686 791 αὑτοῦ
1712 762 1846 794 Οιασώτας

1059 814 1135 849 μυεῖν
1149 812 1198 844 τὰς
1212 813 1385 848 ἀπορρήτους
1395 812 1507 843 τελετὰς
1518 811 1565 838 τὸν
1575 810 1630 837 τῶν
1643 810 1711 837 ὅλων
1721 809 1844 845 Σωτῆρα.

1057 859 1188 891 Βασιλεὺς
1207 858 1235 885 δὲ
1251 858 1391 886 κάνταῦθα
1414 857 1552 889 παντοίοις
1570 855 1725 892 ἀναθήμασί
1746 864 1775 882 τε
1798 854 1846 882 καὶ

1057 905 1169 940 κόσμοις
1190 904 1235 930 τὸν
1262 904 1347 939 μέγαν
1364 903 1492 940 ἐγέραιρε
1520 902 1646 929 Βασιλέα.
1674 900 1729 927 Καὶ
1745 899 1776 936 δὴ
1799 899 1845 926 δύο

1056 951 1141 978 ταῦτα
1156 951 1265 986 μνήμης
1279 950 1379 982 ἐπάξια
1393 949 1513 980 αἰωνίου,
1531 947 1678 985 σεμνὰφκαὶ
1694 945 1843 982 περικαλλῆ

1057 996 1261 1032 καθιερώματα,
1277 996 1323 1022 ἐπὶ
1338 996 1386 1023 δύο
1404 995 1544 1030 μυστικῶν
1561 994 1666 1030 ἄντρων
1688 993 1779 1028 Ἑλένη
1800 993 1845 1019 αὐ-

1056 1043 1157 1078 γούστα
1173 1042 1233 1078 Θεῷ
1251 1041 1290 1077 τῷ
1305 1042 1389 1080 αὑτῆς
1411 1041 1528 1077 Σωτῆρι,
1552 1038 1692 1075 θεοφιλοῦς
1713 1038 1844 1074 βασιλέως

1057 1088 1182 1124 θεοφιλὴς
1221 1089 1327 1123 μήτηρ,
1365 1087 1493 1118 εὐσεϐοῦς
1529 1087 1666 1122 τεκμήρια
1698 1084 1844 1115 διαθέσεως

1057 1135 1157 1170 ἵδρυτο,
1179 1133 1268 1166 δεξιὰν
1288 1133 1356 1169 αὐτῇ
1381 1133 1520 1168 βασιλικῆς
1535 1132 1658 1164 ἐξουσίας
1675 1131 1721 1158 τοῦ
1749 1130 1844 1162 παιδὸς

1057 1180 1275 1216 παρασχομένου.
1299 1179 1412 1215 Καρπὸν
1433 1179 1455 1205 δ’
1479 1178 1589 1211 ἐπάξιον
1610 1179 1627 1213 ἡ
1650 1177 1770 1213 πρέσὸυς
1792 1177 1844 1203 οὐκ

1057 1228 1096 1258 είς
1119 1228 1227 1262 μακρὰν
1254 1225 1454 1260 ἀπελάμϐανεν,
1479 1224 1590 1259 ἀγαυοῖς
1619 1224 1667 1260 μὲν
1690 1224 1773 1250 ἅπασι
1796 1222 1843 1249 τδν

1057 1305 1251 1334 Constantinus
1276 1303 1425 1332 Antiochia:
1443 1303 1597 1330 aediﬁcavit.
1627 1303 1718 1336 Atque
1735 1303 1771 1329 ita
1792 1310 1842 1329 ex-

1057 1341 1198 1375 plicandus
1220 1345 1259 1366 est
1280 1340 1387 1367 Eusebii
1413 1339 1487 1366 loctts
1511 1339 1613 1375 indine
1632 1338 1785 1375 panegyrici
1802 1338 1842 1375 de

1057 1372 1251 1402 iriceunalibus
1265 1374 1446 1405 Constantini,
1460 1379 1488 1400 et
1502 1375 1528 1400 in
1544 1373 1612 1401 libro
1627 1381 1643 1399 ξ(
1659 1372 1707 1399 llis
1715 1377 1734 1399 ι.
1752 1373 1839 1399 eccle-

1056 1411 1180 1444 siasticum
1194 1414 1221 1436 et
1236 1410 1260 1437 in
1275 1418 1334 1444 cap.
1345 1409 1380 1437 45
1393 1409 1471 1442 hujus
1487 1409 1557 1440 libri,
1573 1409 1617 1436 tibi
1628 1407 1690 1444 ναᾴν
1703 1413 1729 1434 et
1743 1407 1842 1442 εὐκτή-

1059 1454 1114 1481 ριον
1129 1443 1206 1472 οἷκον
1220 1442 1411 1480 sirnnljungit.
1428 1445 1515 1481 Paulo
1531 1444 1614 1481 aliter,
1625 1444 1649 1470 itt
1666 1442 1773 1481 ηερε-5ξ
1794 1450 1842 1468 co—

1057 1478 1116 1507 dice
1129 1480 1232 1507 Theod.
1244 1500 1252 1513 ,
1266 1481 1299 1507 de
1312 1478 1373 1506 'ltis’
1389 1480 1434 1513 qui
1460 1480 1494 1506 ad
1520 1479 1647 1505 ecclesias
1669 1478 1839 1512 c0Itfugiunt.

1056 1515 1094 1542 lbi
1109 1516 1180 1543 enim
1194 1515 1257 1547 ναὸς
1272 1515 1416 1550 εὐκτήριος
1429 1515 1528 1550 dicitur
1542 1514 1664 1550 basilica
1680 1521 1727 1550 seu
1746 1518 1839 1540 orato-

1059 1551 1127 1577 rium
1145 1551 1170 1576 in
1187 1558 1240 1584 quo
1257 1556 1298 1577 est
1318 1549 1411 1576 altare.
1429 1549 1547 1576 Ecclesia
1565 1556 1630 1576 vero
1641 1549 1739 1575 dicitur
1753 1553 1839 1584 totum

1057 1583 1202 1612 mdilicium
1225 1585 1300 1618 cujus
1321 1585 1423 1611 ambitu
1456 1585 1574 1616 atrium,
1599 1584 1728 1618 porticus,
1752 1583 1838 1616 cella,

1055 1620 1174 1651 lavacra,
1188 1620 1275 1654 ipsum
1288 1621 1407 1652 denique
1420 1620 1570 1646 oratorium
1589 1619 1773 1654 continentur.

1092 1655 1148 1690 (ΞΒ)
1161 1653 1320 1682 Κάνταῦθα
1333 1655 1422 1689 λόγος
1444 1654 1570 1687 ἀληθής.
1589 1655 1689 1681 Auctor
1700 1653 1839 1679 [litterarii

1057 1690 1309 1725 Ilierosalytnitatti:
1328 1700 1336 1715 ι
1351 1690 1423 1721 Inde,
1439 1690 1533 1723 inquit,
1548 1689 1669 1715 ascendis
1685 1689 1708 1714 itt
1719 1693 1839 1725 montem

1056 1725 1164 1756 Olivcti,
1183 1724 1227 1751 ubi
1245 1725 1375 1751 Dominus
1389 1725 1537 1758 discipulos
1550 1724 1641 1750 docuit
1655 1729 1718 1750 ante
1733 1724 1838 1758 passio-

1056 1768 1128 1787 nem.
1143 1770 1152 1786 ι
1165 1760 1236 1786 Beda
1247 1764 1273 1787 in
1284 1761 1353 1787 libro
1363 1757 1469 1786 Delocis
1477 1760 1585 1790 sanctis,
1597 1767 1656 1791 cap.
1673 1759 1687 1785 7
1701 1767 1706 1784 :
1725 1767 1732 1782 ι
1748 1757 1839 1785 Tertia

1056 1803 1162 1830 quoque
1178 1795 1295 1828 ejusdem
1313 1795 1413 1821 montis
1432 1794 1838 1830 adaustralcmBctltauitepar-

1057 1828 1109 1857 tem
1120 1828 1236 1857 ecclesia
1247 1834 1299 1861 est.
1317 1830 1361 1856 tibi
1378 1830 1507 1856 Dominus
1520 1835 1581 1856 ante
1592 1830 1743 1863 passionem
1757 1828 1840 1863 disci-

1055 1865 1124 1899 pulis
1135 1866 1167 1892 de
1179 1866 1221 1892 die
1232 1865 1324 1898 judicii
1337 1865 1442 1892 locutus
1455 1869 1522 1891 est»
1538 1864 1664 1898 lntelligit
1675 1864 1760 1890 locum
1771 1862 1840 1890 hiat-

1056 1898 1127 1932 ibtei,
1138 1908 1198 1934 cap.
1208 1907 1281 1927 xxiv.
1297 1900 1372 1927 Hauc
1385 1900 1465 1933 igitur
1477 1900 1695 1933 pratdicationetn
1706 1898 1839 1926 Eusebius

1055 1935 1106 1962 hoc
1117 1936 1175 1963 loco
1187 1936 1303 1970 appellat
1318 1935 1490 1970 ἀπορρήτους
1505 1934 1632 1966 τελετάς,
1657 1934 1682 1961 id
1699 1940 1749 1966 est,
1765 1942 1774 1958 ι
1791 1941 1838 1970 ar-

1054 1978 1121 1997 cana
1135 1971 1274 2005 mysteria,
1291 1979 1300 1996 ι
1316 1977 1348 1997 eo
1363 1969 1432 2004 quod
1447 1971 1480 1997 de
1495 1971 1574 1996 rebus
1590 1970 1706 2003 arcanis,
1724 1974 1786 2004 puta
1803 1969 1838 1995 de

1054 2004 1289 2032 consummatione
1304 2006 1413 2037 mundi,
1427 2010 1454 2031 et
1469 2007 1502 2031 de
1526 2005 1642 2031 adventu
1664 2004 1764 2031 Christi
1788 2011 1838 2030 el-

1055 2045 1194 2075 trentoque
1205 2041 1307 2075 judicio
1318 2060 1326 2072 ,
1339 2044 1401 2067 tunc
1423 2040 1561 2075 Dominus
1576 2040 1683 2066 locutus
1703 2045 1747 2067 stt.
1768 2039 1835 2066 Nam

1054 2081 1080 2102 et
1094 2074 1207 2109 apostoli
1223 2080 1285 2102 tunc
1307 2080 1480 2102 accesserunt
1499 2075 1531 2101 ad
1552 2074 1695 2101 Dominum
1719 2080 1836 2107 secreto,

1055 2116 1085 2137 ttt
1098 2113 1136 2137 ait
1148 2110 1299 2140 Maltltteus.
1317 2110 1416 2145 quippe
1429 2111 1473 2144 qui
1494 2110 1620 2145 mysteria
1640 2115 1668 2136 et
1683 2110 1836 2137 futurorum

1055 2146 1244 2172 revelatiouem
1260 2152 1340 2172 nosse
1347 2146 1497 2180 cupiebant
1506 2164 1513 2176 ,
1527 2145 1754 2179 quemadmodum
1767 2145 1837 2173 scri-

1054 2181 1092 2207 hit
1112 2181 1288 2216 Hieronymus
1304 2181 1331 2207 in
1341 2179 1506 2207 Matt/urunt.
1523 2181 1599 2213 Quod
1613 2187 1677 2206 vero
1695 2180 1733 2206 ait
1752 2180 1837 2216 Euse-

1055 2216 1125 2246 bius,
1143 2215 1284 2243 Dominum
1303 2216 1359 2242 haec
1388 2216 1516 2250 mysteria
1538 2215 1680 2242 tradidisse
1706 2215 1836 2249 apostolis

1055 2251 1081 2276 in
1096 2252 1242 2286 spelunca,
1265 2250 1292 2277 id
1314 2250 1422 2285 quidem
1448 2251 1474 2276 iit
1488 2250 1645 2286 Evangelia
1658 2250 1758 2277 diserte
1781 2257 1835 2278 non

1054 2287 1192 2313 scribitur.
1216 2285 1271 2312 imo
1284 2286 1452 2312 contrarium
1469 2286 1559 2319 potius
1587 2285 1647 2312 elici
1665 2293 1746 2319 posse
1760 2286 1836 2313 vide-

1055 2326 1097 2347 tur
1110 2329 1141 2348 ex
1161 2321 1314 2355 Evangelio.
1333 2320 1361 2347 lu
1376 2328 1409 2347 eo
1424 2321 1495 2347 enim
1517 2320 1649 2352 refertur,
1665 2321 1757 2347 urbem
1771 2321 1836 2347 Ilie—

1054 2357 1250 2391 rosolymorunt
1269 2356 1297 2382 in
1320 2355 1566 2391 conspectuiluisse
1589 2355 1746 2390 discipulis,
1771 2363 1834 2382 cum

1054 2389 1181 2417 Dominus
1194 2391 1250 2418 haec
1274 2389 1441 2425 praedicaret.
1469 2389 1526 2417 Non
1553 2390 1634 2425 igitur
1659 2392 1684 2417 ιιι
1704 2390 1834 2425 spelunca

1052 2432 1139 2459 erant,
1162 2427 1207 2452 sed
1223 2426 1250 2452 in
1273 2431 1381 2460 patente
1402 2431 1429 2452 et
1454 2430 1548 2459 aperto
1575 2426 1643 2452 loco.
1666 2425 1832 2460 Responderi

1054 2465 1141 2487 tamen
1155 2466 1260 2495 potest,
1278 2461 1433 2495 speluncam
1448 2461 1519 2487 illam
1534 2462 1608 2487 varia
1621 2461 1746 2487 habuisse
1758 2462 1835 2487 lora-

1052 2497 1136 2528 mina,
1161 2497 1312 2529 cujusmodi
1329 2496 1418 2530 plures
1440 2495 1574 2529 spelunca:
1602 2496 1711 2523 fuerunt
1733 2496 1760 2522 in
1784 2495 1835 2522 Pa-

1052 2531 1165 2563 Izcstitta,
1183 2538 1210 2557 ιιι
1222 2533 1318 2558 ducunt
1333 2531 1483 2557 ttineraria.
1511 2530 1589 2557 Certe
1606 2539 1668 2557 cum
1690 2531 1834 2558 Matthteus

1051 2566 1165 2593 altirmet
1179 2567 1326 2600 discipulos
1342 2572 1446 2593 secreto
1457 2567 1490 2592 ad
1507 2566 1648 2592 Dominum
1672 2567 1832 2597 accessisse,

1050 2602 1189 2634 probabile
1202 2607 1243 2628 est
1259 2609 1319 2628 eum
1334 2609 1485 2628 set-nionem
1497 2601 1524 2627 itt
1538 2601 1667 2635 spelunca
1684 2608 1699 2628 a
1715 2601 1832 2629 Domino

1049 2637 1105 2663 illic
1122 2638 1254 2663 reSIdente
1268 2637 1387 2666 habitum
1404 2635 1497 2663 fuisse.

1084 2671 1218 2707 (29)Vulg.
1232 2671 1302 2704 τοὺς
1312 2672 1346 2697 ὲν
1355 2670 1434 2704 αὐτῷ
1444 2671 1548 2705 ἄντρῳ.
1561 2670 1650 2698 Prima
1659 2678 1711 2698 vox
1719 2671 1832 2699 delenda

1047 2712 1090 2733 est
1105 2713 1195 2740 utpote
1207 2707 1352 2740 supetllua.
1372 2707 1501 2733 Alludere
1513 2712 1603 2732 autem
1620 2707 1726 2733 videtur
1744 2707 1832 2734 Euse-

1049 2742 1108 2769 bius
1135 2744 1167 2768 ad
1183 2749 1284 2768 ntoreut
1310 2742 1450 2776 gentilium
1465 2762 1472 2773 ,
1489 2741 1534 2776 qui
1551 2741 1691 2768 Mitltriaca
1708 2749 1786 2769 sacra
1802 2743 1831 2769 in

1047 2777 1144 2809 spelaea
1163 2777 1344 2811 peragebant,
1366 2782 1395 2803 ut
1415 2777 1495 2803 docet
1519 2776 1685 2811 Porphyrius
1712 2777 1738 2803 in
1762 2778 1833 2804 libro

1046 2811 1085 2838 De
1097 2813 1270 2843 abstinentia,
1297 2811 1492 2847 Hieronymus
1504 2811 1613 2846 aliique.
1638 2811 1831 2847 Coujecturaut

1046 2853 1166 2873 nostram
1180 2848 1323 2874 continuat
1346 2849 1429 2875 codex
1445 2846 1570 2880 Fukctii,
1588 2848 1614 2874 in
1632 2855 1684 2882 quo
1697 2846 1759 2876 'vox
1785 2847 1833 2876 illa

1044 2881 1107 2913 τοὺς
1125 2884 1210 2909 abest.
