  <div class='ocr_page' id='page_1' title='image "/cluster/home/n/w/nwhite01/storage/ocr_20150623/20/njp.32101077772471/578.png"; bbox 0 0 2000 3167; ppageno 0'>
   <div class='ocr_carea' id='block_1_1' title="bbox 189 170 257 198">
    <p class='ocr_par' dir='ltr' id='par_1_1' title="bbox 189 170 257 198">
     <span class='ocr_line' id='line_1_1' title="bbox 189 170 257 198; baseline 0.029 -2"><span class='ocrx_word' id='word_1_1' title='bbox 189 170 257 198; x_wconf 81' lang='lat' dir='ltr'><strong>H05</strong></span> 
     </span>
    </p>
   </div>
   <div class='ocr_carea' id='block_1_2' title="bbox 713 173 1253 204">
    <p class='ocr_par' dir='ltr' id='par_1_2' title="bbox 713 173 1253 204">
     <span class='ocr_line' id='line_1_2' title="bbox 713 173 1253 204; baseline 0.006 -4"><span class='ocrx_word' id='word_1_2' title='bbox 713 173 758 201; x_wconf 89' lang='lat' dir='ltr'><strong>DE</strong></span> <span class='ocrx_word' id='word_1_3' title='bbox 775 173 855 202; x_wconf 78' lang='lat' dir='ltr'><strong>Vl’l’A</strong></span> <span class='ocrx_word' id='word_1_4' title='bbox 872 174 1103 204; x_wconf 73' lang='lat' dir='ltr'><strong>CONSTANTINI</strong></span> <span class='ocrx_word' id='word_1_5' title='bbox 1123 176 1186 203; x_wconf 85' lang='lat' dir='ltr'><strong>LIB.</strong></span> <span class='ocrx_word' id='word_1_6' title='bbox 1207 176 1253 204; x_wconf 80' lang='lat' dir='ltr'><strong>Ill.</strong></span> 
     </span>
    </p>
   </div>
   <div class='ocr_carea' id='block_1_3' title="bbox 1746 175 1814 204">
    <p class='ocr_par' dir='ltr' id='par_1_3' title="bbox 1746 175 1814 204">
     <span class='ocr_line' id='line_1_3' title="bbox 1746 175 1814 204; baseline 0.029 -2"><span class='ocrx_word' id='word_1_7' title='bbox 1746 175 1814 204; x_wconf 74' lang='lat' dir='ltr'><strong>H06</strong></span> 
     </span>
    </p>
   </div>
   <div class='ocr_carea' id='block_1_4' title="bbox 188 222 956 273">
    <p class='ocr_par' dir='ltr' id='par_1_4' title="bbox 188 227 956 273">
     <span class='ocr_line' id='line_1_4' title="bbox 188 227 956 273; baseline 0.013 -19"><span class='ocrx_word' id='word_1_8' title='bbox 188 227 275 255; x_wconf 83' lang='grc' dir='ltr'>πάντα</span> <span class='ocrx_word' id='word_1_9' title='bbox 296 230 346 264; x_wconf 81' lang='grc' dir='ltr'>τῆς</span> <span class='ocrx_word' id='word_1_10' title='bbox 361 230 434 266; x_wconf 78' lang='grc' dir='ltr'>ζωῆς</span> <span class='ocrx_word' id='word_1_11' title='bbox 452 232 547 268; x_wconf 84' lang='grc' dir='ltr'>χρόνον</span> <span class='ocrx_word' id='word_1_12' title='bbox 562 233 604 259; x_wconf 74' lang='grc' dir='ltr'><strong>ἐπ’</strong></span> <span class='ocrx_word' id='word_1_13' title='bbox 626 233 700 269; x_wconf 88' lang='grc' dir='ltr'>αὐτῷ</span> <span class='ocrx_word' id='word_1_14' title='bbox 713 236 816 270; x_wconf 83' lang='grc' dir='ltr'>γήραος</span> <span class='ocrx_word' id='word_1_15' title='bbox 837 237 906 273; x_wconf 80' lang='grc' dir='ltr'>οὐδῷ</span> <span class='ocrx_word' id='word_1_16' title='bbox 922 237 956 264; x_wconf 83' lang='grc' dir='ltr'><strong>διι</strong></span> 
     </span>
    </p>
   </div>
   <div class='ocr_carea' id='block_1_5' title="bbox 1010 222 1800 273">
    <p class='ocr_par' dir='ltr' id='par_1_5' title="bbox 1010 222 1800 273">
     <span class='ocr_line' id='line_1_5' title="bbox 1010 222 1800 273; baseline 0.001 -9"><span class='ocrx_word' id='word_1_17' title='bbox 1010 259 1014 268; x_wconf 72' lang='grc'><strong>,</strong></span> <span class='ocrx_word' id='word_1_18' title='bbox 1029 233 1114 272; x_wconf 78' lang='lat' dir='ltr'><strong>usque</strong></span> <span class='ocrx_word' id='word_1_19' title='bbox 1127 238 1158 264; x_wconf 86' lang='lat' dir='ltr'><strong>ad</strong></span> <span class='ocrx_word' id='word_1_20' title='bbox 1175 239 1261 273; x_wconf 86' lang='lat' dir='ltr'><strong>prima</strong></span> <span class='ocrx_word' id='word_1_21' title='bbox 1287 237 1433 265; x_wconf 67' lang='lat' dir='ltr'><strong>senectutis</strong></span> <span class='ocrx_word' id='word_1_22' title='bbox 1453 237 1546 265; x_wconf 83' lang='lat' dir='ltr'><strong>limina</strong></span> <span class='ocrx_word' id='word_1_23' title='bbox 1557 222 1589 265; x_wconf 77' lang='lat' dir='ltr'><strong>in</strong></span> <span class='ocrx_word' id='word_1_24' title='bbox 1606 245 1709 266; x_wconf 92' lang='lat' dir='ltr'><strong>summa</strong></span> <span class='ocrx_word' id='word_1_25' title='bbox 1729 237 1800 266; x_wconf 77' lang='lat' dir='ltr'><strong>felici</strong></span> 
     </span>
    </p>
   </div>
   <div class='ocr_carea' id='block_1_6' title="bbox 187 276 975 319">
    <p class='ocr_par' dir='ltr' id='par_1_6' title="bbox 187 276 975 319">
     <span class='ocr_line' id='line_1_6' title="bbox 187 276 975 319; baseline 0.014 -20"><span class='ocrx_word' id='word_1_26' title='bbox 187 276 380 311; x_wconf 80' lang='grc' dir='ltr'>περαναμένη,</span> <span class='ocrx_word' id='word_1_27' title='bbox 405 277 494 312; x_wconf 89' lang='grc' dir='ltr'>λόγοις</span> <span class='ocrx_word' id='word_1_28' title='bbox 516 279 545 305; x_wconf 76' lang='grc' dir='ltr'>δὲ</span> <span class='ocrx_word' id='word_1_29' title='bbox 574 279 620 306; x_wconf 73' lang='grc' dir='ltr'><strong>καὶ</strong></span> <span class='ocrx_word' id='word_1_30' title='bbox 640 279 730 315; x_wconf 74' lang='grc' dir='ltr'>ἔργοις</span> <span class='ocrx_word' id='word_1_31' title='bbox 754 281 809 307; x_wconf 87' lang='grc' dir='ltr'>τῶν</span> <span class='ocrx_word' id='word_1_32' title='bbox 835 284 975 319; x_wconf 81' lang='grc' dir='ltr'><strong>σωτηρίων</strong></span> 
     </span>
    </p>
   </div>
   <div class='ocr_carea' id='block_1_7' title="bbox 185 322 973 365">
    <p class='ocr_par' dir='ltr' id='par_1_7' title="bbox 185 322 973 365">
     <span class='ocr_line' id='line_1_7' title="bbox 185 322 973 365; baseline 0.011 -18"><span class='ocrx_word' id='word_1_33' title='bbox 185 322 422 357; x_wconf 52' lang='grc' dir='ltr'>παραγγελμάτων</span> <span class='ocrx_word' id='word_1_34' title='bbox 456 323 578 357; x_wconf 80' lang='grc' dir='ltr'>εὐθαλεῖς</span> <span class='ocrx_word' id='word_1_35' title='bbox 611 327 808 363; x_wconf 75' lang='grc' dir='ltr'><strong>παρασχομένη</strong></span> <span class='ocrx_word' id='word_1_36' title='bbox 840 330 973 365; x_wconf 79' lang='grc' dir='ltr'>καρποὺς,</span> 
     </span>
    </p>
   </div>
   <div class='ocr_carea' id='block_1_8' title="bbox 185 365 975 410">
    <p class='ocr_par' dir='ltr' id='par_1_8' title="bbox 185 365 975 410">
     <span class='ocr_line' id='line_1_8' title="bbox 185 365 975 410; baseline 0.013 -19"><span class='ocrx_word' id='word_1_37' title='bbox 185 365 293 392; x_wconf 72' lang='grc' dir='ltr'>κᾶπειθ’</span> <span class='ocrx_word' id='word_1_38' title='bbox 316 366 386 394; x_wconf 82' lang='grc' dir='ltr'>οὓτω</span> <span class='ocrx_word' id='word_1_39' title='bbox 412 367 468 403; x_wconf 80' lang='grc' dir='ltr'>βίον</span> <span class='ocrx_word' id='word_1_40' title='bbox 494 370 610 406; x_wconf 86' lang='grc' dir='ltr'>εὐσταλῆ</span> <span class='ocrx_word' id='word_1_41' title='bbox 637 371 685 398; x_wconf 77' lang='grc' dir='ltr'><strong>καὶ</strong></span> <span class='ocrx_word' id='word_1_42' title='bbox 709 371 822 404; x_wconf 81' lang='grc' dir='ltr'>ἄλυπον,</span> <span class='ocrx_word' id='word_1_43' title='bbox 851 373 975 410; x_wconf 85' lang='grc' dir='ltr'>σώματος</span> 
     </span>
    </p>
   </div>
   <div class='ocr_carea' id='block_1_9' title="bbox 184 410 971 454">
    <p class='ocr_par' dir='ltr' id='par_1_9' title="bbox 184 410 971 454">
     <span class='ocr_line' id='line_1_9' title="bbox 184 410 971 454; baseline 0.014 -17"><span class='ocrx_word' id='word_1_44' title='bbox 184 410 251 446; x_wconf 82' lang='grc' dir='ltr'>ὁμοῦ</span> <span class='ocrx_word' id='word_1_45' title='bbox 270 412 317 439; x_wconf 71' lang='grc' dir='ltr'>καὶ</span> <span class='ocrx_word' id='word_1_46' title='bbox 333 413 423 449; x_wconf 82' lang='grc' dir='ltr'>ψυχῆς</span> <span class='ocrx_word' id='word_1_47' title='bbox 438 415 467 441; x_wconf 78' lang='grc' dir='ltr'>ἐν</span> <span class='ocrx_word' id='word_1_48' title='bbox 481 416 629 452; x_wconf 71' lang='grc' dir='ltr'>ἐρρωμένῳ</span> <span class='ocrx_word' id='word_1_49' title='bbox 645 419 798 454; x_wconf 81' lang='grc' dir='ltr'><strong>φρονήματι</strong></span> <span class='ocrx_word' id='word_1_50' title='bbox 815 419 971 448; x_wconf 77' lang='grc' dir='ltr'><strong>διανύσασα⁵</strong></span> 
     </span>
    </p>
   </div>
   <div class='ocr_carea' id='block_1_10' title="bbox 184 457 974 504">
    <p class='ocr_par' dir='ltr' id='par_1_10' title="bbox 184 457 974 504">
     <span class='ocr_line' id='line_1_10' title="bbox 184 457 974 504; baseline 0.01 -18"><span class='ocrx_word' id='word_1_51' title='bbox 184 460 227 495; x_wconf 75' lang='grc' dir='ltr'><strong>ἐφ’</strong></span> <span class='ocrx_word' id='word_1_52' title='bbox 240 457 281 493; x_wconf 79' lang='grc' dir='ltr'>οἷς</span> <span class='ocrx_word' id='word_1_53' title='bbox 295 462 341 488; x_wconf 74' lang='grc' dir='ltr'>καὶ</span> <span class='ocrx_word' id='word_1_54' title='bbox 354 462 430 494; x_wconf 83' lang='grc' dir='ltr'>τέλος</span> <span class='ocrx_word' id='word_1_55' title='bbox 442 463 582 496; x_wconf 73' lang='grc' dir='ltr'>εὐσεϐείας</span> <span class='ocrx_word' id='word_1_56' title='bbox 593 465 714 498; x_wconf 72' lang='grc' dir='ltr'>ἐπάξιον,</span> <span class='ocrx_word' id='word_1_57' title='bbox 730 465 841 500; x_wconf 80' lang='grc' dir='ltr'><strong>ἀγαθῶν</strong></span> <span class='ocrx_word' id='word_1_58' title='bbox 855 475 885 493; x_wconf 90' lang='grc' dir='ltr'><strong>τε</strong></span> <span class='ocrx_word' id='word_1_59' title='bbox 899 468 974 504; x_wconf 81' lang='grc' dir='ltr'>παρὰ</span> 
     </span>
    </p>
   </div>
   <div class='ocr_carea' id='block_1_11' title="bbox 183 506 876 547">
    <p class='ocr_par' dir='ltr' id='par_1_11' title="bbox 183 506 876 547">
     <span class='ocr_line' id='line_1_11' title="bbox 183 506 876 547; baseline 0.007 -13"><span class='ocrx_word' id='word_1_60' title='bbox 183 506 250 534; x_wconf 80' lang='grc' dir='ltr'>Θεοῦ</span> <span class='ocrx_word' id='word_1_61' title='bbox 265 507 382 544; x_wconf 76' lang='grc' dir='ltr'>ἀμοιϐὴν</span> <span class='ocrx_word' id='word_1_62' title='bbox 401 509 470 536; x_wconf 78' lang='grc' dir='ltr'><strong>κάπὶ</strong></span> <span class='ocrx_word' id='word_1_63' title='bbox 483 510 530 536; x_wconf 84' lang='grc' dir='ltr'>τοῦ</span> <span class='ocrx_word' id='word_1_64' title='bbox 548 510 680 546; x_wconf 75' lang='grc' dir='ltr'><strong>παρόντος</strong></span> <span class='ocrx_word' id='word_1_65' title='bbox 695 510 794 547; x_wconf 77' lang='grc' dir='ltr'>εὕρατο</span> <span class='ocrx_word' id='word_1_66' title='bbox 808 512 876 547; x_wconf 81' lang='grc' dir='ltr'>βίου.</span> 
     </span>
    </p>
   </div>
   <div class='ocr_carea' id='block_1_12' title="bbox 436 556 717 586">
    <p class='ocr_par' dir='ltr' id='par_1_12' title="bbox 436 556 717 586">
     <span class='ocr_line' id='line_1_12' title="bbox 436 556 717 586; baseline 0.011 -5"><span class='ocrx_word' id='word_1_67' title='bbox 436 556 634 584; x_wconf 78' lang='grc' dir='ltr'><strong>ΚΕΦΑΛΛΙΟΝ</strong></span> <span class='ocrx_word' id='word_1_68' title='bbox 650 558 717 586; x_wconf 75' lang='grc' dir='ltr'><strong>ΜΔΖ.</strong></span> 
     </span>
    </p>
   </div>
   <div class='ocr_carea' id='block_1_13' title="bbox 183 601 969 640">
    <p class='ocr_par' dir='ltr' id='par_1_13' title="bbox 183 601 969 640">
     <span class='ocr_line' id='line_1_13' title="bbox 183 601 969 640; baseline 0.009 -13"><span class='ocrx_word' id='word_1_69' title='bbox 183 601 251 634; x_wconf 75' lang='grc' dir='ltr'><strong>Περὶ</strong></span> <span class='ocrx_word' id='word_1_70' title='bbox 269 602 499 637; x_wconf 76' lang='grc' dir='ltr'>μεγαλοψυχίας</span> <span class='ocrx_word' id='word_1_71' title='bbox 522 603 572 630; x_wconf 77' lang='grc' dir='ltr'>καὶ</span> <span class='ocrx_word' id='word_1_72' title='bbox 598 605 734 638; x_wconf 78' lang='grc' dir='ltr'><strong>εὐποιίας</strong></span> <span class='ocrx_word' id='word_1_73' title='bbox 756 605 811 640; x_wconf 80' lang='grc' dir='ltr'>τῆς</span> <span class='ocrx_word' id='word_1_74' title='bbox 838 607 969 640; x_wconf 78' lang='grc' dir='ltr'><strong>Ἑλένης.</strong></span> 
     </span>
    </p>
   </div>
   <div class='ocr_carea' id='block_1_14' title="bbox 216 647 972 688">
    <p class='ocr_par' dir='ltr' id='par_1_14' title="bbox 216 647 972 688">
     <span class='ocr_line' id='line_1_14' title="bbox 216 647 972 688; baseline 0.009 -15"><span class='ocrx_word' id='word_1_75' title='bbox 216 647 272 683; x_wconf 82' lang='grc' dir='ltr'><strong>Τὴν</strong></span> <span class='ocrx_word' id='word_1_76' title='bbox 287 647 382 682; x_wconf 85' lang='grc' dir='ltr'><strong>γάρτοι</strong></span> <span class='ocrx_word' id='word_1_77' title='bbox 399 648 546 684; x_wconf 72' lang='grc' dir='ltr'><strong>σύμπασαν</strong></span> <span class='ocrx_word' id='word_1_78' title='bbox 575 649 645 684; x_wconf 75' lang='grc' dir='ltr'>ἑῴαν</span> <span class='ocrx_word' id='word_1_79' title='bbox 661 651 884 688; x_wconf 74' lang='grc' dir='ltr'>μεγαλοπρεπείᾳ</span> <span class='ocrx_word' id='word_1_80' title='bbox 900 653 972 688; x_wconf 84' lang='grc' dir='ltr'>βασι-</span> 
     </span>
    </p>
   </div>
   <div class='ocr_carea' id='block_1_15' title="bbox 180 691 970 736">
    <p class='ocr_par' dir='ltr' id='par_1_15' title="bbox 180 691 970 736">
     <span class='ocr_line' id='line_1_15' title="bbox 180 691 970 736; baseline 0.01 -18"><span class='ocrx_word' id='word_1_81' title='bbox 180 691 258 728; x_wconf 83' lang='grc' dir='ltr'>λικῆς</span> <span class='ocrx_word' id='word_1_82' title='bbox 282 693 405 726; x_wconf 76' lang='grc' dir='ltr'>ἐξουσίας</span> <span class='ocrx_word' id='word_1_83' title='bbox 426 695 658 731; x_wconf 77' lang='grc' dir='ltr'>ὲμπεριελθοῦσα,</span> <span class='ocrx_word' id='word_1_84' title='bbox 685 697 769 736; x_wconf 65' lang='grc' dir='ltr'>μυρία</span> <span class='ocrx_word' id='word_1_85' title='bbox 794 698 842 733; x_wconf 77' lang='grc' dir='ltr'><strong>μὲν</strong></span> <span class='ocrx_word' id='word_1_86' title='bbox 866 698 970 735; x_wconf 76' lang='grc' dir='ltr'>ἀθρόως</span> 
     </span>
    </p>
   </div>
   <div class='ocr_carea' id='block_1_16' title="bbox 181 739 970 781">
    <p class='ocr_par' dir='ltr' id='par_1_16' title="bbox 181 739 970 781">
     <span class='ocr_line' id='line_1_16' title="bbox 181 739 970 781; baseline 0.009 -16"><span class='ocrx_word' id='word_1_87' title='bbox 181 740 235 770; x_wconf 82' lang='grc' dir='ltr'>τοῖς</span> <span class='ocrx_word' id='word_1_88' title='bbox 252 739 321 766; x_wconf 77' lang='grc' dir='ltr'>κατὰ</span> <span class='ocrx_word' id='word_1_89' title='bbox 344 740 420 767; x_wconf 79' lang='grc' dir='ltr'>πόλιν</span> <span class='ocrx_word' id='word_1_90' title='bbox 440 741 565 777; x_wconf 76' lang='grc' dir='ltr'>ἐδωρεῖτο</span> <span class='ocrx_word' id='word_1_91' title='bbox 577 743 682 778; x_wconf 83' lang='grc' dir='ltr'>δήμοις,</span> <span class='ocrx_word' id='word_1_92' title='bbox 702 743 754 779; x_wconf 75' lang='grc' dir='ltr'>ἰδίᾳ</span> <span class='ocrx_word' id='word_1_93' title='bbox 774 752 803 770; x_wconf 89' lang='grc' dir='ltr'><strong>τε</strong></span> <span class='ocrx_word' id='word_1_94' title='bbox 821 745 875 771; x_wconf 80' lang='grc' dir='ltr'>τῶν</span> <span class='ocrx_word' id='word_1_95' title='bbox 888 754 970 781; x_wconf 83' lang='grc' dir='ltr'>προσ-</span> 
     </span>
    </p>
   </div>
   <div class='ocr_carea' id='block_1_17' title="bbox 179 783 970 826">
    <p class='ocr_par' dir='ltr' id='par_1_17' title="bbox 179 783 970 826">
     <span class='ocr_line' id='line_1_17' title="bbox 179 783 970 826; baseline 0.009 -15"><span class='ocrx_word' id='word_1_96' title='bbox 179 783 273 812; x_wconf 79' lang='grc' dir='ltr'>ιόντων</span> <span class='ocrx_word' id='word_1_97' title='bbox 309 787 432 822; x_wconf 68' lang='grc' dir='ltr'>ἑκάστῳ·</span> <span class='ocrx_word' id='word_1_98' title='bbox 458 787 540 823; x_wconf 78' lang='grc' dir='ltr'>μυρία</span> <span class='ocrx_word' id='word_1_99' title='bbox 566 788 591 814; x_wconf 80' lang='grc' dir='ltr'>δὲ</span> <span class='ocrx_word' id='word_1_100' title='bbox 621 790 677 821; x_wconf 82' lang='grc' dir='ltr'>τοῖς</span> <span class='ocrx_word' id='word_1_101' title='bbox 698 793 903 826; x_wconf 78' lang='grc' dir='ltr'><strong>στρατιωτικοῖς</strong></span> <span class='ocrx_word' id='word_1_102' title='bbox 926 791 970 818; x_wconf 89' lang='grc' dir='ltr'><strong>τά-</strong></span> 
     </span>
    </p>
   </div>
   <div class='ocr_carea' id='block_1_18' title="bbox 179 832 969 871">
    <p class='ocr_par' dir='ltr' id='par_1_18' title="bbox 179 832 969 871">
     <span class='ocr_line' id='line_1_18' title="bbox 179 832 969 871; baseline 0.01 -14"><span class='ocrx_word' id='word_1_103' title='bbox 179 839 264 867; x_wconf 86' lang='grc' dir='ltr'>γμασι</span> <span class='ocrx_word' id='word_1_104' title='bbox 282 832 357 868; x_wconf 82' lang='grc' dir='ltr'>δεξιᾷ</span> <span class='ocrx_word' id='word_1_105' title='bbox 379 833 583 869; x_wconf 76' lang='grc' dir='ltr'>μεγαλοπρεπεῖ</span> <span class='ocrx_word' id='word_1_106' title='bbox 606 835 723 871; x_wconf 83' lang='grc' dir='ltr'>διένεμε,</span> <span class='ocrx_word' id='word_1_107' title='bbox 745 837 858 864; x_wconf 81' lang='grc' dir='ltr'>πλεῖστά</span> <span class='ocrx_word' id='word_1_108' title='bbox 880 837 904 864; x_wconf 71' lang='grc' dir='ltr'>θ’</span> <span class='ocrx_word' id='word_1_109' title='bbox 919 839 969 865; x_wconf 81' lang='grc' dir='ltr'><strong>ὅσα</strong></span> 
     </span>
    </p>
   </div>
   <div class='ocr_carea' id='block_1_19' title="bbox 1026 284 1812 316">
    <p class='ocr_par' dir='ltr' id='par_1_19' title="bbox 1026 284 1812 316">
     <span class='ocr_line' id='line_1_19' title="bbox 1026 284 1812 316; baseline 0.001 -5"><span class='ocrx_word' id='word_1_110' title='bbox 1026 289 1082 311; x_wconf 86' lang='lat' dir='ltr'><strong>tale</strong></span> <span class='ocrx_word' id='word_1_111' title='bbox 1107 284 1280 316; x_wconf 81' lang='lat' dir='ltr'><strong>traduxisset,</strong></span> <span class='ocrx_word' id='word_1_112' title='bbox 1297 288 1324 311; x_wconf 91' lang='lat' dir='ltr'><strong>et</strong></span> <span class='ocrx_word' id='word_1_113' title='bbox 1338 284 1489 311; x_wconf 88' lang='lat' dir='ltr'><strong>divinorum</strong></span> <span class='ocrx_word' id='word_1_114' title='bbox 1511 284 1698 312; x_wconf 80' lang='lat' dir='ltr'><strong>mandatorum</strong></span> <span class='ocrx_word' id='word_1_115' title='bbox 1715 285 1812 313; x_wconf 81' lang='lat' dir='ltr'><strong>uberes</strong></span> 
     </span>
    </p>
   </div>
   <div class='ocr_carea' id='block_1_20' title="bbox 1025 329 1811 365">
    <p class='ocr_par' dir='ltr' id='par_1_20' title="bbox 1025 329 1811 365">
     <span class='ocr_line' id='line_1_20' title="bbox 1025 329 1811 365; baseline 0.003 -9"><span class='ocrx_word' id='word_1_116' title='bbox 1025 329 1130 357; x_wconf 82' lang='lat' dir='ltr'><strong>fructus</strong></span> <span class='ocrx_word' id='word_1_117' title='bbox 1156 335 1213 358; x_wconf 88' lang='lat' dir='ltr'><strong>tum</strong></span> <span class='ocrx_word' id='word_1_118' title='bbox 1239 329 1331 357; x_wconf 82' lang='lat' dir='ltr'><strong>verbis</strong></span> <span class='ocrx_word' id='word_1_119' title='bbox 1355 334 1411 356; x_wconf 93' lang='lat' dir='ltr'><strong>tum</strong></span> <span class='ocrx_word' id='word_1_120' title='bbox 1439 330 1565 365; x_wconf 90' lang='lat' dir='ltr'><strong>operibus</strong></span> <span class='ocrx_word' id='word_1_121' title='bbox 1591 330 1764 365; x_wconf 87' lang='lat' dir='ltr'><strong>protulisset,</strong></span> <span class='ocrx_word' id='word_1_122' title='bbox 1779 337 1811 358; x_wconf 81' lang='lat' dir='ltr'><strong>ac</strong></span> 
     </span>
    </p>
   </div>
   <div class='ocr_carea' id='block_1_21' title="bbox 1025 375 1812 410">
    <p class='ocr_par' dir='ltr' id='par_1_21' title="bbox 1025 375 1812 410">
     <span class='ocr_line' id='line_1_21' title="bbox 1025 375 1812 410; baseline 0.001 -8"><span class='ocrx_word' id='word_1_123' title='bbox 1025 379 1167 410; x_wconf 81' lang='lat' dir='ltr'><strong>propterea</strong></span> <span class='ocrx_word' id='word_1_124' title='bbox 1183 375 1263 402; x_wconf 90' lang='lat' dir='ltr'><strong>vitam</strong></span> <span class='ocrx_word' id='word_1_125' title='bbox 1280 375 1380 403; x_wconf 88' lang='lat' dir='ltr'><strong>doloris</strong></span> <span class='ocrx_word' id='word_1_126' title='bbox 1394 381 1531 410; x_wconf 85' lang='lat' dir='ltr'><strong>expertem</strong></span> <span class='ocrx_word' id='word_1_127' title='bbox 1543 382 1603 403; x_wconf 84' lang='lat' dir='ltr'><strong>cum</strong></span> <span class='ocrx_word' id='word_1_128' title='bbox 1617 383 1722 403; x_wconf 84' lang='lat' dir='ltr'><strong>summa</strong></span> <span class='ocrx_word' id='word_1_129' title='bbox 1737 383 1812 403; x_wconf 85' lang='lat' dir='ltr'><strong>meu-</strong></span> 
     </span>
    </p>
   </div>
   <div class='ocr_carea' id='block_1_22' title="bbox 1026 421 1809 457">
    <p class='ocr_par' dir='ltr' id='par_1_22' title="bbox 1026 421 1809 457">
     <span class='ocr_line' id='line_1_22' title="bbox 1026 421 1809 457; baseline -0.001 -8"><span class='ocrx_word' id='word_1_130' title='bbox 1026 422 1060 449; x_wconf 89' lang='lat' dir='ltr'><strong>tis</strong></span> <span class='ocrx_word' id='word_1_131' title='bbox 1074 426 1102 449; x_wconf 83' lang='lat' dir='ltr'><strong>et</strong></span> <span class='ocrx_word' id='word_1_132' title='bbox 1120 422 1248 457; x_wconf 89' lang='lat' dir='ltr'><strong>corporis</strong></span> <span class='ocrx_word' id='word_1_133' title='bbox 1274 421 1390 449; x_wconf 88' lang='lat' dir='ltr'><strong>sanitate</strong></span> <span class='ocrx_word' id='word_1_134' title='bbox 1412 423 1572 457; x_wconf 81' lang='lat' dir='ltr'><strong>peregisset.</strong></span> <span class='ocrx_word' id='word_1_135' title='bbox 1585 422 1692 449; x_wconf 88' lang='lat' dir='ltr'><strong>tandem</strong></span> <span class='ocrx_word' id='word_1_136' title='bbox 1708 422 1809 449; x_wconf 79' lang='lat' dir='ltr'><strong>exitum</strong></span> 
     </span>
    </p>
   </div>
   <div class='ocr_carea' id='block_1_23' title="bbox 1024 462 1810 508">
    <p class='ocr_par' dir='ltr' id='par_1_23' title="bbox 1024 462 1810 508">
     <span class='ocr_line' id='line_1_23' title="bbox 1024 462 1810 508; baseline 0.001 -14"><span class='ocrx_word' id='word_1_137' title='bbox 1024 468 1132 502; x_wconf 86' lang='lat' dir='ltr'><strong>pietatis</strong></span> <span class='ocrx_word' id='word_1_138' title='bbox 1147 475 1202 496; x_wconf 70' lang='lat' dir='ltr'><strong>suae</strong></span> <span class='ocrx_word' id='word_1_139' title='bbox 1227 467 1443 500; x_wconf 76' lang='lat' dir='ltr'><strong>convenientem,</strong></span> <span class='ocrx_word' id='word_1_140' title='bbox 1464 473 1490 507; x_wconf 86' lang='lat' dir='ltr'><strong>et</strong></span> <span class='ocrx_word' id='word_1_141' title='bbox 1510 469 1661 500; x_wconf 74' lang='lat' dir='ltr'><strong>mercedem</strong></span> <span class='ocrx_word' id='word_1_142' title='bbox 1676 462 1810 508; x_wconf 83' lang='lat' dir='ltr'><strong>bonorum</strong></span> 
     </span>
    </p>
   </div>
   <div class='ocr_carea' id='block_1_24' title="bbox 1024 507 1738 551">
    <p class='ocr_par' dir='ltr' id='par_1_24' title="bbox 1024 507 1738 551">
     <span class='ocr_line' id='line_1_24' title="bbox 1024 507 1738 551; baseline 0 -9"><span class='ocrx_word' id='word_1_143' title='bbox 1024 521 1135 550; x_wconf 90' lang='lat' dir='ltr'><strong>operum</strong></span> <span class='ocrx_word' id='word_1_144' title='bbox 1148 515 1175 542; x_wconf 93' lang='lat' dir='ltr'><strong>in</strong></span> <span class='ocrx_word' id='word_1_145' title='bbox 1188 514 1239 542; x_wconf 87' lang='lat' dir='ltr'><strong>hac</strong></span> <span class='ocrx_word' id='word_1_146' title='bbox 1251 514 1335 551; x_wconf 77' lang='lat' dir='ltr'><strong>etiam</strong></span> <span class='ocrx_word' id='word_1_147' title='bbox 1347 507 1402 542; x_wconf 84' lang='lat' dir='ltr'><strong>vita</strong></span> <span class='ocrx_word' id='word_1_148' title='bbox 1418 522 1432 542; x_wconf 86' lang='lat' dir='ltr'><strong>a</strong></span> <span class='ocrx_word' id='word_1_149' title='bbox 1451 515 1505 542; x_wconf 87' lang='lat' dir='ltr'><strong>Deo</strong></span> <span class='ocrx_word' id='word_1_150' title='bbox 1524 519 1669 542; x_wconf 89' lang='lat' dir='ltr'><strong>consecuta</strong></span> <span class='ocrx_word' id='word_1_151' title='bbox 1686 518 1738 549; x_wconf 67' lang='lat' dir='ltr'><strong>est,</strong></span> 
     </span>
    </p>
   </div>
   <div class='ocr_carea' id='block_1_25' title="bbox 1309 553 1534 588">
    <p class='ocr_par' dir='ltr' id='par_1_25' title="bbox 1309 553 1534 588">
     <span class='ocr_line' id='line_1_25' title="bbox 1309 553 1534 588; baseline -0.009 0"><span class='ocrx_word' id='word_1_152' title='bbox 1309 558 1423 588; x_wconf 86' lang='lat' dir='ltr'><strong>CAPUT</strong></span> <span class='ocrx_word' id='word_1_153' title='bbox 1443 553 1534 587; x_wconf 54' lang='lat' dir='ltr'><strong>XLIV;</strong></span> 
     </span>
    </p>
   </div>
   <div class='ocr_carea' id='block_1_26' title="bbox 1026 606 1764 642">
    <p class='ocr_par' dir='ltr' id='par_1_26' title="bbox 1026 606 1764 642">
     <span class='ocr_line' id='line_1_26' title="bbox 1026 606 1764 642; baseline -0.001 -8"><span class='ocrx_word' id='word_1_154' title='bbox 1026 631 1029 634; x_wconf 75' lang='grc'>.</span> <span class='ocrx_word' id='word_1_155' title='bbox 1067 606 1106 633; x_wconf 89' lang='lat' dir='ltr'><strong>De</strong></span> <span class='ocrx_word' id='word_1_156' title='bbox 1120 607 1301 642; x_wconf 80' lang='lat' dir='ltr'><strong>magnitudine</strong></span> <span class='ocrx_word' id='word_1_157' title='bbox 1317 607 1401 633; x_wconf 78' lang='lat' dir='ltr'><strong>animi</strong></span> <span class='ocrx_word' id='word_1_158' title='bbox 1419 611 1442 634; x_wconf 79' lang='lat' dir='ltr'><strong>et</strong></span> <span class='ocrx_word' id='word_1_159' title='bbox 1458 606 1627 640; x_wconf 80' lang='lat' dir='ltr'><strong>beneﬁcentia</strong></span> <span class='ocrx_word' id='word_1_160' title='bbox 1645 606 1764 634; x_wconf 73' lang='lat' dir='ltr'><strong>Helentt.</strong></span> 
     </span>
    </p>
   </div>
   <div class='ocr_carea' id='block_1_27' title="bbox 1057 651 1811 689">
    <p class='ocr_par' dir='ltr' id='par_1_27' title="bbox 1057 651 1811 689">
     <span class='ocr_line' id='line_1_27' title="bbox 1057 651 1811 689; baseline -0.003 -9"><span class='ocrx_word' id='word_1_161' title='bbox 1057 653 1161 689; x_wconf 85' lang='lat' dir='ltr'><strong>Quippe</strong></span> <span class='ocrx_word' id='word_1_162' title='bbox 1174 653 1235 681; x_wconf 93' lang='lat' dir='ltr'><strong>dum</strong></span> <span class='ocrx_word' id='word_1_163' title='bbox 1253 657 1338 680; x_wconf 88' lang='lat' dir='ltr'><strong>totum</strong></span> <span class='ocrx_word' id='word_1_164' title='bbox 1354 652 1492 680; x_wconf 87' lang='lat' dir='ltr'><strong>Orientem</strong></span> <span class='ocrx_word' id='word_1_165' title='bbox 1507 659 1568 679; x_wconf 92' lang='lat' dir='ltr'><strong>cum</strong></span> <span class='ocrx_word' id='word_1_166' title='bbox 1585 651 1671 686; x_wconf 77' lang='lat' dir='ltr'><strong>regali</strong></span> <span class='ocrx_word' id='word_1_167' title='bbox 1686 651 1811 688; x_wconf 77' lang='lat' dir='ltr'><strong>magnifi-</strong></span> 
     </span>
    </p>
   </div>
   <div class='ocr_carea' id='block_1_28' title="bbox 1021 697 1808 735">
    <p class='ocr_par' dir='ltr' id='par_1_28' title="bbox 1021 697 1808 735">
     <span class='ocr_line' id='line_1_28' title="bbox 1021 697 1808 735; baseline -0.003 -9"><span class='ocrx_word' id='word_1_168' title='bbox 1021 700 1108 727; x_wconf 89' lang='lat' dir='ltr'><strong>centia</strong></span> <span class='ocrx_word' id='word_1_169' title='bbox 1127 697 1263 735; x_wconf 76' lang='lat' dir='ltr'><strong>peragrat.</strong></span> <span class='ocrx_word' id='word_1_170' title='bbox 1290 704 1345 727; x_wconf 83' lang='lat' dir='ltr'><strong>tum</strong></span> <span class='ocrx_word' id='word_1_171' title='bbox 1364 698 1532 730; x_wconf 77' lang='lat' dir='ltr'><strong>civitatibus,</strong></span> <span class='ocrx_word' id='word_1_172' title='bbox 1551 702 1606 724; x_wconf 92' lang='lat' dir='ltr'><strong>tum</strong></span> <span class='ocrx_word' id='word_1_173' title='bbox 1632 697 1744 732; x_wconf 79' lang='lat' dir='ltr'><strong>privatis</strong></span> <span class='ocrx_word' id='word_1_174' title='bbox 1763 697 1808 732; x_wconf 88' lang='lat' dir='ltr'><strong>qui</strong></span> 
     </span>
    </p>
   </div>
   <div class='ocr_carea' id='block_1_29' title="bbox 1022 743 1810 781">
    <p class='ocr_par' dir='ltr' id='par_1_29' title="bbox 1022 743 1810 781">
     <span class='ocr_line' id='line_1_29' title="bbox 1022 743 1810 781; baseline -0.003 -8"><span class='ocrx_word' id='word_1_175' title='bbox 1022 747 1106 781; x_wconf 81' lang='lat' dir='ltr'><strong>ipsam</strong></span> <span class='ocrx_word' id='word_1_176' title='bbox 1125 746 1247 779; x_wconf 82' lang='lat' dir='ltr'><strong>adibant,</strong></span> <span class='ocrx_word' id='word_1_177' title='bbox 1260 745 1402 773; x_wconf 88' lang='lat' dir='ltr'><strong>innumera</strong></span> <span class='ocrx_word' id='word_1_178' title='bbox 1427 745 1556 772; x_wconf 81' lang='lat' dir='ltr'><strong>beneﬁcia</strong></span> <span class='ocrx_word' id='word_1_179' title='bbox 1573 743 1721 772; x_wconf 82' lang='lat' dir='ltr'><strong>acervatim</strong></span> <span class='ocrx_word' id='word_1_180' title='bbox 1745 751 1810 772; x_wconf 88' lang='lat' dir='ltr'><strong>con-</strong></span> 
     </span>
    </p>
   </div>
   <div class='ocr_carea' id='block_1_30' title="bbox 1022 791 1808 826">
    <p class='ocr_par' dir='ltr' id='par_1_30' title="bbox 1022 791 1808 826">
     <span class='ocr_line' id='line_1_30' title="bbox 1022 791 1808 826; baseline 0 -8"><span class='ocrx_word' id='word_1_181' title='bbox 1022 792 1103 819; x_wconf 87' lang='lat' dir='ltr'><strong>tulit:</strong></span> <span class='ocrx_word' id='word_1_182' title='bbox 1123 793 1265 819; x_wconf 88' lang='lat' dir='ltr'><strong>innumera</strong></span> <span class='ocrx_word' id='word_1_183' title='bbox 1291 799 1399 826; x_wconf 88' lang='lat' dir='ltr'><strong>quoque</strong></span> <span class='ocrx_word' id='word_1_184' title='bbox 1427 791 1591 819; x_wconf 85' lang='lat' dir='ltr'><strong>militaribus</strong></span> <span class='ocrx_word' id='word_1_185' title='bbox 1603 791 1727 819; x_wconf 89' lang='lat' dir='ltr'><strong>numeris</strong></span> <span class='ocrx_word' id='word_1_186' title='bbox 1740 791 1808 819; x_wconf 87' lang='lat' dir='ltr'><strong>libe-</strong></span> 
     </span>
    </p>
   </div>
   <div class='ocr_carea' id='block_1_31' title="bbox 1020 837 1809 872">
    <p class='ocr_par' dir='ltr' id='par_1_31' title="bbox 1020 837 1809 872">
     <span class='ocr_line' id='line_1_31' title="bbox 1020 837 1809 872; baseline -0.001 -6"><span class='ocrx_word' id='word_1_187' title='bbox 1020 838 1070 866; x_wconf 87' lang='lat' dir='ltr'><strong>rali</strong></span> <span class='ocrx_word' id='word_1_188' title='bbox 1086 846 1167 866; x_wconf 75' lang='lat' dir='ltr'><strong>malm</strong></span> <span class='ocrx_word' id='word_1_189' title='bbox 1185 838 1331 866; x_wconf 88' lang='lat' dir='ltr'><strong>distribuit.</strong></span> <span class='ocrx_word' id='word_1_190' title='bbox 1346 837 1513 872; x_wconf 82' lang='lat' dir='ltr'><strong>Pauperibus</strong></span> <span class='ocrx_word' id='word_1_191' title='bbox 1535 842 1625 864; x_wconf 89' lang='lat' dir='ltr'><strong>autem</strong></span> <span class='ocrx_word' id='word_1_192' title='bbox 1638 844 1671 864; x_wconf 86' lang='lat' dir='ltr'><strong>ac</strong></span> <span class='ocrx_word' id='word_1_193' title='bbox 1689 838 1769 866; x_wconf 82' lang='lat' dir='ltr'><strong>nudis</strong></span> <span class='ocrx_word' id='word_1_194' title='bbox 1782 843 1809 865; x_wconf 92' lang='lat' dir='ltr'><strong>et</strong></span> 
     </span>
    </p>
   </div>
   <div class='ocr_carea' id='block_1_32' title="bbox 179 877 956 920">
    <p class='ocr_par' dir='ltr' id='par_1_32' title="bbox 179 877 956 920">
     <span class='ocr_line' id='line_1_32' title="bbox 179 877 956 920; baseline 0.01 -17"><span class='ocrx_word' id='word_1_195' title='bbox 179 877 275 914; x_wconf 78' lang='grc' dir='ltr'><strong>πένησι</strong></span> <span class='ocrx_word' id='word_1_196' title='bbox 296 880 409 913; x_wconf 79' lang='grc' dir='ltr'>γυμνοῖς</span> <span class='ocrx_word' id='word_1_197' title='bbox 435 880 481 906; x_wconf 72' lang='grc' dir='ltr'>καὶ</span> <span class='ocrx_word' id='word_1_198' title='bbox 509 881 702 917; x_wconf 82' lang='grc' dir='ltr'>ἀπεριστάτοις</span> <span class='ocrx_word' id='word_1_199' title='bbox 725 883 825 915; x_wconf 78' lang='grc' dir='ltr'><strong>ἐδίδου,</strong></span> <span class='ocrx_word' id='word_1_200' title='bbox 843 885 898 916; x_wconf 85' lang='grc' dir='ltr'>τοῖς</span> <span class='ocrx_word' id='word_1_201' title='bbox 920 885 956 920; x_wconf 64' lang='grc' dir='ltr'><strong>με</strong></span> 
     </span>
    </p>
   </div>
   <div class='ocr_carea' id='block_1_33' title="bbox 1010 877 1807 920">
    <p class='ocr_par' dir='ltr' id='par_1_33' title="bbox 1019 880 1807 920">
     <span class='ocr_line' id='line_1_33' title="bbox 1019 880 1807 920; baseline -0.001 -8"><span class='ocrx_word' id='word_1_202' title='bbox 1019 880 1092 912; x_wconf 87' lang='lat' dir='ltr'><strong>omni</strong></span> <span class='ocrx_word' id='word_1_203' title='bbox 1106 893 1157 920; x_wconf 89' lang='lat' dir='ltr'><strong>ope</strong></span> <span class='ocrx_word' id='word_1_204' title='bbox 1170 893 1201 913; x_wconf 90' lang='lat' dir='ltr'><strong>ac</strong></span> <span class='ocrx_word' id='word_1_205' title='bbox 1216 884 1316 912; x_wconf 85' lang='lat' dir='ltr'><strong>solatio</strong></span> <span class='ocrx_word' id='word_1_206' title='bbox 1325 884 1459 911; x_wconf 87' lang='lat' dir='ltr'><strong>destitutis</strong></span> <span class='ocrx_word' id='word_1_207' title='bbox 1475 884 1672 919; x_wconf 83' lang='lat' dir='ltr'><strong>quamplurima</strong></span> <span class='ocrx_word' id='word_1_208' title='bbox 1687 884 1807 918; x_wconf 81' lang='lat' dir='ltr'><strong>donavit,</strong></span> 
     </span>
    </p>
   </div>
   <div class='ocr_carea' id='block_1_34' title="bbox 177 924 956 967">
    <p class='ocr_par' dir='ltr' id='par_1_34' title="bbox 177 924 956 967">
     <span class='ocr_line' id='line_1_34' title="bbox 177 924 956 967; baseline 0.01 -17"><span class='ocrx_word' id='word_1_209' title='bbox 177 924 326 960; x_wconf 72' lang='grc' dir='ltr'>χρημάτων</span> <span class='ocrx_word' id='word_1_210' title='bbox 339 925 425 958; x_wconf 83' lang='grc' dir='ltr'>δόσεις</span> <span class='ocrx_word' id='word_1_211' title='bbox 440 927 598 964; x_wconf 76' lang='grc' dir='ltr'>ποιουμένη,</span> <span class='ocrx_word' id='word_1_212' title='bbox 614 929 669 960; x_wconf 86' lang='grc' dir='ltr'>τοῖς</span> <span class='ocrx_word' id='word_1_213' title='bbox 683 928 711 954; x_wconf 80' lang='grc' dir='ltr'>δὲ</span> <span class='ocrx_word' id='word_1_214' title='bbox 724 928 758 956; x_wconf 83' lang='grc' dir='ltr'>τὰ</span> <span class='ocrx_word' id='word_1_215' title='bbox 775 930 843 965; x_wconf 84' lang='grc' dir='ltr'>πρὸς</span> <span class='ocrx_word' id='word_1_216' title='bbox 857 930 907 967; x_wconf 79' lang='grc' dir='ltr'>τὴν</span> <span class='ocrx_word' id='word_1_217' title='bbox 920 932 956 958; x_wconf 52' lang='grc' dir='ltr'>τοί</span> 
     </span>
    </p>
   </div>
   <div class='ocr_carea' id='block_1_35' title="bbox 1010 924 1808 967">
    <p class='ocr_par' dir='ltr' id='par_1_35' title="bbox 1020 930 1808 966">
     <span class='ocr_line' id='line_1_35' title="bbox 1020 930 1808 966; baseline 0 -8"><span class='ocrx_word' id='word_1_218' title='bbox 1020 931 1072 959; x_wconf 91' lang='lat' dir='ltr'><strong>illis</strong></span> <span class='ocrx_word' id='word_1_219' title='bbox 1093 931 1246 965; x_wconf 82' lang='lat' dir='ltr'><strong>pecuniam,</strong></span> <span class='ocrx_word' id='word_1_220' title='bbox 1266 931 1308 958; x_wconf 87' lang='lat' dir='ltr'><strong>bis</strong></span> <span class='ocrx_word' id='word_1_221' title='bbox 1330 935 1451 963; x_wconf 87' lang='lat' dir='ltr'><strong>vestem,</strong></span> <span class='ocrx_word' id='word_1_222' title='bbox 1468 930 1502 957; x_wconf 83' lang='lat' dir='ltr'><strong>ad</strong></span> <span class='ocrx_word' id='word_1_223' title='bbox 1530 930 1670 966; x_wconf 79' lang='lat' dir='ltr'><strong>tegendam</strong></span> <span class='ocrx_word' id='word_1_224' title='bbox 1686 931 1808 966; x_wconf 84' lang='lat' dir='ltr'><strong>corporis</strong></span> 
     </span>
    </p>
   </div>
   <div class='ocr_carea' id='block_1_36' title="bbox 178 969 956 1013">
    <p class='ocr_par' dir='ltr' id='par_1_36' title="bbox 178 970 956 1013">
     <span class='ocr_line' id='line_1_36' title="bbox 178 970 956 1013; baseline 0.01 -17"><span class='ocrx_word' id='word_1_225' title='bbox 178 970 303 1006; x_wconf 84' lang='grc' dir='ltr'>σώματος</span> <span class='ocrx_word' id='word_1_226' title='bbox 319 972 423 1008; x_wconf 80' lang='grc' dir='ltr'>σκέπην</span> <span class='ocrx_word' id='word_1_227' title='bbox 440 973 557 1007; x_wconf 68' lang='grc' dir='ltr'>δαψιλῶς</span> <span class='ocrx_word' id='word_1_228' title='bbox 571 974 744 1010; x_wconf 64' lang='grc' dir='ltr'>ἐπαρκοῦσα*</span> <span class='ocrx_word' id='word_1_229' title='bbox 761 976 870 1012; x_wconf 82' lang='grc' dir='ltr'>ἑτέρους</span> <span class='ocrx_word' id='word_1_230' title='bbox 885 977 956 1013; x_wconf 69' lang='grc' dir='ltr'>διπήλ</span> 
     </span>
    </p>
   </div>
   <div class='ocr_carea' id='block_1_37' title="bbox 1010 969 1806 1013">
    <p class='ocr_par' dir='ltr' id='par_1_37' title="bbox 1019 976 1806 1012">
     <span class='ocr_line' id='line_1_37' title="bbox 1019 976 1806 1012; baseline 0.001 -8"><span class='ocrx_word' id='word_1_231' title='bbox 1019 977 1166 1005; x_wconf 82' lang='lat' dir='ltr'><strong>nuditatem</strong></span> <span class='ocrx_word' id='word_1_232' title='bbox 1180 977 1284 1012; x_wconf 81' lang='lat' dir='ltr'><strong>prolixe</strong></span> <span class='ocrx_word' id='word_1_233' title='bbox 1299 976 1486 1012; x_wconf 84' lang='lat' dir='ltr'><strong>suppeditans.</strong></span> <span class='ocrx_word' id='word_1_234' title='bbox 1501 976 1576 1004; x_wconf 84' lang='lat' dir='ltr'><strong>Alios</strong></span> <span class='ocrx_word' id='word_1_235' title='bbox 1601 977 1665 1004; x_wconf 92' lang='lat' dir='ltr'><strong>item</strong></span> <span class='ocrx_word' id='word_1_236' title='bbox 1680 977 1806 1010; x_wconf 86' lang='lat' dir='ltr'><strong>vinculis,</strong></span> 
     </span>
    </p>
   </div>
   <div class='ocr_carea' id='block_1_38' title="bbox 177 1017 967 1058">
    <p class='ocr_par' dir='ltr' id='par_1_38' title="bbox 177 1017 967 1058">
     <span class='ocr_line' id='line_1_38' title="bbox 177 1017 967 1058; baseline 0.01 -16"><span class='ocrx_word' id='word_1_237' title='bbox 177 1017 255 1044; x_wconf 81' lang='grc' dir='ltr'>λαττε</span> <span class='ocrx_word' id='word_1_238' title='bbox 279 1017 396 1053; x_wconf 84' lang='grc' dir='ltr'>δεσμῶν.</span> <span class='ocrx_word' id='word_1_239' title='bbox 427 1019 565 1054; x_wconf 84' lang='grc' dir='ltr'>μετάλλων</span> <span class='ocrx_word' id='word_1_240' title='bbox 589 1029 619 1046; x_wconf 89' lang='grc' dir='ltr'><strong>τε</strong></span> <span class='ocrx_word' id='word_1_241' title='bbox 643 1022 814 1058; x_wconf 71' lang='grc' dir='ltr'>κακοπαθείᾳ</span> <span class='ocrx_word' id='word_1_242' title='bbox 835 1023 967 1050; x_wconf 83' lang='grc' dir='ltr'>ταλαιπω-</span> 
     </span>
    </p>
   </div>
   <div class='ocr_carea' id='block_1_39' title="bbox 176 1063 966 1104">
    <p class='ocr_par' dir='ltr' id='par_1_39' title="bbox 176 1063 966 1104">
     <span class='ocr_line' id='line_1_39' title="bbox 176 1063 966 1104; baseline 0.011 -16"><span class='ocrx_word' id='word_1_243' title='bbox 176 1063 323 1098; x_wconf 74' lang='grc' dir='ltr'>ρουμένους</span> <span class='ocrx_word' id='word_1_244' title='bbox 333 1072 340 1078; x_wconf 83' lang='grc'><strong>”</strong></span> <span class='ocrx_word' id='word_1_245' title='bbox 354 1064 499 1100; x_wconf 72' lang='grc' dir='ltr'><strong>ἠλευθέρου</strong></span> <span class='ocrx_word' id='word_1_246' title='bbox 513 1075 542 1092; x_wconf 84' lang='grc' dir='ltr'><strong>τε</strong></span> <span class='ocrx_word' id='word_1_247' title='bbox 558 1067 818 1104; x_wconf 82' lang='grc' dir='ltr'>πλεονεκτουμένους</span> <span class='ocrx_word' id='word_1_248' title='bbox 828 1078 834 1084; x_wconf 87' lang='grc'><strong>·</strong></span> <span class='ocrx_word' id='word_1_249' title='bbox 855 1070 902 1096; x_wconf 77' lang='grc' dir='ltr'><strong>καὶ</strong></span> <span class='ocrx_word' id='word_1_250' title='bbox 918 1070 966 1097; x_wconf 82' lang='grc' dir='ltr'><strong>πά-</strong></span> 
     </span>
    </p>
   </div>
   <div class='ocr_carea' id='block_1_40' title="bbox 176 1109 636 1147">
    <p class='ocr_par' dir='ltr' id='par_1_40' title="bbox 176 1109 636 1147">
     <span class='ocr_line' id='line_1_40' title="bbox 176 1109 636 1147; baseline 0.011 -12"><span class='ocrx_word' id='word_1_251' title='bbox 176 1113 215 1135; x_wconf 80' lang='grc' dir='ltr'><strong>λιν</strong></span> <span class='ocrx_word' id='word_1_252' title='bbox 229 1109 325 1142; x_wconf 78' lang='grc' dir='ltr'>ἄλλους</span> <span class='ocrx_word' id='word_1_253' title='bbox 342 1110 449 1147; x_wconf 78' lang='grc' dir='ltr'>ἐξορίας</span> <span class='ocrx_word' id='word_1_254' title='bbox 468 1112 636 1140; x_wconf 80' lang='grc' dir='ltr'>ἀνεκαλεῖτο.</span> 
     </span>
    </p>
   </div>
   <div class='ocr_carea' id='block_1_41' title="bbox 427 1157 712 1187">
    <p class='ocr_par' dir='ltr' id='par_1_41' title="bbox 427 1157 712 1187">
     <span class='ocr_line' id='line_1_41' title="bbox 427 1157 712 1187; baseline 0.011 -3"><span class='ocrx_word' id='word_1_255' title='bbox 427 1157 626 1186; x_wconf 79' lang='grc' dir='ltr'><strong>ΚΕΦΑΛΛΙΟΝ</strong></span> <span class='ocrx_word' id='word_1_256' title='bbox 645 1159 712 1187; x_wconf 80' lang='lat' dir='ltr'><strong>ME&#39;.</strong></span> 
     </span>
    </p>
   </div>
   <div class='ocr_carea' id='block_1_42' title="bbox 151 1202 962 1266">
    <p class='ocr_par' dir='ltr' id='par_1_42' title="bbox 151 1202 962 1266">
     <span class='ocr_line' id='line_1_42' title="bbox 151 1202 962 1266; baseline 0.01 -37"><span class='ocrx_word' id='word_1_257' title='bbox 151 1232 152 1235; x_wconf 29' lang='grc' dir='ltr'><strong>η</strong></span> <span class='ocrx_word' id='word_1_258' title='bbox 172 1202 270 1236; x_wconf 83' lang='grc' dir='ltr'>’Ὅπως</span> <span class='ocrx_word' id='word_1_259' title='bbox 287 1203 421 1237; x_wconf 78' lang='grc' dir='ltr'>εὐλαϐῶς</span> <span class='ocrx_word' id='word_1_260' title='bbox 436 1205 471 1231; x_wconf 79' lang='grc' dir='ltr'>ἐν</span> <span class='ocrx_word' id='word_1_261' title='bbox 487 1204 744 1266; x_wconf 54' lang='grc' dir='ltr'>ταῖἑεῖὲκκλησίαις</span> <span class='ocrx_word' id='word_1_262' title='bbox 772 1209 922 1244; x_wconf 77' lang='grc' dir='ltr'>συνήγετο</span> <span class='ocrx_word' id='word_1_263' title='bbox 943 1211 962 1244; x_wconf 74' lang='grc' dir='ltr'><strong><em>ἡ</em></strong></span> 
     </span>
     <span class='ocr_line' id='line_1_43' title="bbox 543 1249 627 1266; baseline 0 0"><span class='ocrx_word' id='word_1_264' title='bbox 543 1261 551 1266; x_wconf 61' lang='grc' dir='ltr'><em>ν</em></span> <span class='ocrx_word' id='word_1_265' title='bbox 574 1249 627 1266; x_wconf 61' lang='lat' dir='ltr'><strong>&quot;Vn.</strong></span> 
     </span>
    </p>
   </div>
   <div class='ocr_carea' id='block_1_43' title="bbox 543 1249 627 1275">
    <p class='ocr_par' dir='ltr' id='par_1_43' title="bbox 543 1249 627 1275">
     <span class='ocr_line' id='line_1_44' title="bbox 543 1249 627 1275; baseline 0.024 -9"><span class='ocrx_word' id='word_1_266' title='bbox 543 1249 616 1275; x_wconf 61' lang='grc' dir='ltr'>νιενη</span> <span class='ocrx_word' id='word_1_267' title='bbox 621 1261 627 1268; x_wconf 96' lang='grc'><em>.</em></span> 
     </span>
    </p>
   </div>
   <div class='ocr_carea' id='block_1_44' title="bbox 207 1282 962 1325">
    <p class='ocr_par' dir='ltr' id='par_1_44' title="bbox 207 1282 962 1325">
     <span class='ocr_line' id='line_1_45' title="bbox 207 1282 962 1325; baseline 0.013 -17"><span class='ocrx_word' id='word_1_268' title='bbox 207 1282 342 1316; x_wconf 80' lang='grc' dir='ltr'>Τοιούτοις</span> <span class='ocrx_word' id='word_1_269' title='bbox 359 1283 425 1319; x_wconf 84' lang='grc' dir='ltr'>δῆτα</span> <span class='ocrx_word' id='word_1_270' title='bbox 444 1284 667 1321; x_wconf 80' lang='grc' dir='ltr'>λαμπρυνομένη,</span> <span class='ocrx_word' id='word_1_271' title='bbox 685 1287 743 1314; x_wconf 77' lang='grc' dir='ltr'>οὐδὲ</span> <span class='ocrx_word' id='word_1_272' title='bbox 760 1288 810 1323; x_wconf 80' lang='grc' dir='ltr'>τῆς</span> <span class='ocrx_word' id='word_1_273' title='bbox 827 1290 895 1325; x_wconf 80' lang='grc' dir='ltr'>πρὸς</span> <span class='ocrx_word' id='word_1_274' title='bbox 918 1291 962 1318; x_wconf 85' lang='grc' dir='ltr'>τὸν</span> 
     </span>
    </p>
   </div>
   <div class='ocr_carea' id='block_1_45' title="bbox 173 1327 960 1373">
    <p class='ocr_par' dir='ltr' id='par_1_45' title="bbox 173 1327 960 1373">
     <span class='ocr_line' id='line_1_46' title="bbox 173 1327 960 1373; baseline 0.011 -19"><span class='ocrx_word' id='word_1_275' title='bbox 173 1327 236 1355; x_wconf 77' lang='grc' dir='ltr'>Θεὸν</span> <span class='ocrx_word' id='word_1_276' title='bbox 253 1329 328 1361; x_wconf 80' lang='grc' dir='ltr'>ὁσίας</span> <span class='ocrx_word' id='word_1_277' title='bbox 345 1331 543 1367; x_wconf 82' lang='grc' dir='ltr'>κατωλιγώρει,</span> <span class='ocrx_word' id='word_1_278' title='bbox 562 1333 697 1367; x_wconf 77' lang='grc' dir='ltr'>φοιτῶσαν</span> <span class='ocrx_word' id='word_1_279' title='bbox 715 1334 763 1369; x_wconf 76' lang='grc' dir='ltr'>μὲν</span> <span class='ocrx_word' id='word_1_280' title='bbox 780 1336 866 1372; x_wconf 80' lang='grc' dir='ltr'>αὐτὴν</span> <span class='ocrx_word' id='word_1_281' title='bbox 882 1337 911 1363; x_wconf 85' lang='grc' dir='ltr'>ὲν</span> <span class='ocrx_word' id='word_1_282' title='bbox 927 1338 960 1373; x_wconf 86' lang='grc' dir='ltr'>τῇ</span> 
     </span>
    </p>
   </div>
   <div class='ocr_carea' id='block_1_46' title="bbox 170 1374 958 1418">
    <p class='ocr_par' dir='ltr' id='par_1_46' title="bbox 170 1374 958 1418">
     <span class='ocr_line' id='line_1_47' title="bbox 170 1374 958 1418; baseline 0.013 -18"><span class='ocrx_word' id='word_1_283' title='bbox 170 1374 302 1411; x_wconf 74' lang='grc' dir='ltr'><strong>ἐκκλησίᾳ</strong></span> <span class='ocrx_word' id='word_1_284' title='bbox 318 1375 364 1402; x_wconf 76' lang='grc' dir='ltr'>τοῦ</span> <span class='ocrx_word' id='word_1_285' title='bbox 378 1376 446 1404; x_wconf 86' lang='grc' dir='ltr'>Θεοῦ</span> <span class='ocrx_word' id='word_1_286' title='bbox 463 1377 506 1404; x_wconf 74' lang='grc' dir='ltr'>διὰ</span> <span class='ocrx_word' id='word_1_287' title='bbox 524 1378 624 1410; x_wconf 78' lang='grc' dir='ltr'>παντὸς</span> <span class='ocrx_word' id='word_1_288' title='bbox 655 1380 772 1416; x_wconf 79' lang='grc' dir='ltr'>ὁρᾶσθαι</span> <span class='ocrx_word' id='word_1_289' title='bbox 790 1382 958 1418; x_wconf 77' lang='grc' dir='ltr'>παρέχουσα,</span> 
     </span>
    </p>
   </div>
   <div class='ocr_carea' id='block_1_47' title="bbox 169 1419 960 1465">
    <p class='ocr_par' dir='ltr' id='par_1_47' title="bbox 169 1419 960 1465">
     <span class='ocr_line' id='line_1_48' title="bbox 169 1419 960 1465; baseline 0.013 -19"><span class='ocrx_word' id='word_1_290' title='bbox 169 1419 305 1456; x_wconf 76' lang='grc' dir='ltr'>λαμπροῖς</span> <span class='ocrx_word' id='word_1_291' title='bbox 326 1421 354 1448; x_wconf 79' lang='grc' dir='ltr'>δὲ</span> <span class='ocrx_word' id='word_1_292' title='bbox 375 1423 586 1458; x_wconf 74' lang='grc' dir='ltr'>κατακοσμοῦσα</span> <span class='ocrx_word' id='word_1_293' title='bbox 607 1426 759 1461; x_wconf 76' lang='grc' dir='ltr'>κειμηλίοις</span> <span class='ocrx_word' id='word_1_294' title='bbox 777 1427 840 1460; x_wconf 80' lang='grc' dir='ltr'>τοὺς</span> <span class='ocrx_word' id='word_1_295' title='bbox 861 1429 960 1465; x_wconf 84' lang='grc' dir='ltr'>εὐκτη-</span> 
     </span>
    </p>
   </div>
   <div class='ocr_carea' id='block_1_48' title="bbox 171 1465 959 1507">
    <p class='ocr_par' dir='ltr' id='par_1_48' title="bbox 171 1465 959 1507">
     <span class='ocr_line' id='line_1_49' title="bbox 171 1465 959 1507; baseline 0.009 -16"><span class='ocrx_word' id='word_1_296' title='bbox 171 1465 244 1501; x_wconf 77' lang='grc' dir='ltr'>ρίους</span> <span class='ocrx_word' id='word_1_297' title='bbox 260 1467 360 1499; x_wconf 73' lang='grc' dir='ltr'>οἴκους,</span> <span class='ocrx_word' id='word_1_298' title='bbox 377 1468 444 1503; x_wconf 80' lang='grc' dir='ltr'>μηδὲ</span> <span class='ocrx_word' id='word_1_299' title='bbox 459 1469 522 1502; x_wconf 80' lang='grc' dir='ltr'>τοὺς</span> <span class='ocrx_word' id='word_1_300' title='bbox 540 1471 568 1496; x_wconf 82' lang='grc' dir='ltr'>ὲν</span> <span class='ocrx_word' id='word_1_301' title='bbox 583 1472 644 1503; x_wconf 79' lang='grc' dir='ltr'>ταῖς</span> <span class='ocrx_word' id='word_1_302' title='bbox 661 1471 844 1507; x_wconf 78' lang='grc' dir='ltr'>βραχυτάταις</span> <span class='ocrx_word' id='word_1_303' title='bbox 864 1474 959 1500; x_wconf 82' lang='grc' dir='ltr'>πόλεσι</span> 
     </span>
    </p>
   </div>
   <div class='ocr_carea' id='block_1_49' title="bbox 169 1512 958 1554">
    <p class='ocr_par' dir='ltr' id='par_1_49' title="bbox 169 1512 958 1554">
     <span class='ocr_line' id='line_1_50' title="bbox 169 1512 958 1554; baseline 0.011 -16"><span class='ocrx_word' id='word_1_304' title='bbox 169 1513 316 1548; x_wconf 79' lang='grc' dir='ltr'>παρορῶσα</span> <span class='ocrx_word' id='word_1_305' title='bbox 333 1514 422 1546; x_wconf 83' lang='grc' dir='ltr'>ναούς.</span> <span class='ocrx_word' id='word_1_306' title='bbox 445 1512 499 1541; x_wconf 82' lang='grc' dir='ltr'><strong>Ἷῐν</strong></span> <span class='ocrx_word' id='word_1_307' title='bbox 517 1513 563 1542; x_wconf 75' lang='grc' dir='ltr'>οὖν</span> <span class='ocrx_word' id='word_1_308' title='bbox 580 1517 646 1552; x_wconf 77' lang='grc' dir='ltr'>ὀρᾷν</span> <span class='ocrx_word' id='word_1_309' title='bbox 671 1518 719 1553; x_wconf 85' lang='grc' dir='ltr'>τὴν</span> <span class='ocrx_word' id='word_1_310' title='bbox 740 1518 906 1554; x_wconf 75' lang='grc' dir='ltr'>θαυμασίαν,</span> <span class='ocrx_word' id='word_1_311' title='bbox 929 1521 958 1547; x_wconf 83' lang='grc' dir='ltr'><strong>ἐν</strong></span> 
     </span>
    </p>
   </div>
   <div class='ocr_carea' id='block_1_50' title="bbox 169 1558 958 1600">
    <p class='ocr_par' dir='ltr' id='par_1_50' title="bbox 169 1558 958 1600">
     <span class='ocr_line' id='line_1_51' title="bbox 169 1558 958 1600; baseline 0.011 -16"><span class='ocrx_word' id='word_1_312' title='bbox 169 1558 254 1593; x_wconf 82' lang='grc' dir='ltr'>σεμνῇ</span> <span class='ocrx_word' id='word_1_313' title='bbox 268 1559 316 1585; x_wconf 70' lang='grc' dir='ltr'><strong>καὶ</strong></span> <span class='ocrx_word' id='word_1_314' title='bbox 331 1559 457 1586; x_wconf 80' lang='grc' dir='ltr'>εὐσταλεῖ</span> <span class='ocrx_word' id='word_1_315' title='bbox 472 1561 600 1597; x_wconf 74' lang='grc' dir='ltr'>περιϐολῇ</span> <span class='ocrx_word' id='word_1_316' title='bbox 613 1562 651 1598; x_wconf 79' lang='grc' dir='ltr'>τῷ</span> <span class='ocrx_word' id='word_1_317' title='bbox 664 1563 760 1599; x_wconf 81' lang='grc' dir='ltr'>πλήθει</span> <span class='ocrx_word' id='word_1_318' title='bbox 782 1566 958 1600; x_wconf 78' lang='grc' dir='ltr'>συναγελαζο-</span> 
     </span>
    </p>
   </div>
   <div class='ocr_carea' id='block_1_51' title="bbox 1017 1022 1805 1058">
    <p class='ocr_par' dir='ltr' id='par_1_51' title="bbox 1017 1022 1805 1058">
     <span class='ocr_line' id='line_1_52' title="bbox 1017 1022 1805 1058; baseline 0 -8"><span class='ocrx_word' id='word_1_319' title='bbox 1017 1028 1064 1051; x_wconf 89' lang='lat' dir='ltr'><strong>aut</strong></span> <span class='ocrx_word' id='word_1_320' title='bbox 1078 1023 1248 1051; x_wconf 87' lang='lat' dir='ltr'><strong>metallorum</strong></span> <span class='ocrx_word' id='word_1_321' title='bbox 1261 1024 1390 1050; x_wconf 64' lang='lat' dir='ltr'><strong>aerumnis</strong></span> <span class='ocrx_word' id='word_1_322' title='bbox 1400 1022 1514 1051; x_wconf 78' lang='lat' dir='ltr'><strong>alﬂictos</strong></span> <span class='ocrx_word' id='word_1_323' title='bbox 1527 1023 1662 1057; x_wconf 83' lang='lat' dir='ltr'><strong>exsolvit;</strong></span> <span class='ocrx_word' id='word_1_324' title='bbox 1676 1023 1805 1058; x_wconf 84' lang='lat' dir='ltr'><strong>quosdam</strong></span> 
     </span>
    </p>
   </div>
   <div class='ocr_carea' id='block_1_52' title="bbox 1016 1068 1806 1104">
    <p class='ocr_par' dir='ltr' id='par_1_52' title="bbox 1016 1068 1806 1104">
     <span class='ocr_line' id='line_1_53' title="bbox 1016 1068 1806 1104; baseline 0.001 -8"><span class='ocrx_word' id='word_1_325' title='bbox 1016 1069 1142 1096; x_wconf 86' lang='lat' dir='ltr'><strong>violentia</strong></span> <span class='ocrx_word' id='word_1_326' title='bbox 1158 1069 1338 1104; x_wconf 87' lang='lat' dir='ltr'><strong>potentiorum</strong></span> <span class='ocrx_word' id='word_1_327' title='bbox 1353 1076 1498 1104; x_wconf 88' lang='lat' dir='ltr'><strong>oppressos</strong></span> <span class='ocrx_word' id='word_1_328' title='bbox 1513 1068 1647 1101; x_wconf 82' lang='lat' dir='ltr'><strong>liberavit,</strong></span> <span class='ocrx_word' id='word_1_329' title='bbox 1662 1070 1806 1097; x_wconf 82' lang='lat' dir='ltr'><strong>nonnullos</strong></span> 
     </span>
    </p>
   </div>
   <div class='ocr_carea' id='block_1_53' title="bbox 1015 1115 1416 1144">
    <p class='ocr_par' dir='ltr' id='par_1_53' title="bbox 1015 1115 1416 1144">
     <span class='ocr_line' id='line_1_54' title="bbox 1015 1115 1416 1144; baseline 0.002 -2"><span class='ocrx_word' id='word_1_330' title='bbox 1015 1116 1096 1143; x_wconf 86' lang='lat' dir='ltr'><strong>etiam</strong></span> <span class='ocrx_word' id='word_1_331' title='bbox 1112 1117 1145 1143; x_wconf 90' lang='lat' dir='ltr'><strong>ab</strong></span> <span class='ocrx_word' id='word_1_332' title='bbox 1160 1115 1256 1144; x_wconf 72' lang='lat' dir='ltr'><strong>exsilio</strong></span> <span class='ocrx_word' id='word_1_333' title='bbox 1269 1116 1416 1143; x_wconf 85' lang='lat' dir='ltr'><strong>revocavit.</strong></span> 
     </span>
    </p>
   </div>
   <div class='ocr_carea' id='block_1_54' title="bbox 1301 1161 1517 1190">
    <p class='ocr_par' dir='ltr' id='par_1_54' title="bbox 1301 1161 1517 1190">
     <span class='ocr_line' id='line_1_55' title="bbox 1301 1161 1517 1190; baseline -0.005 0"><span class='ocrx_word' id='word_1_334' title='bbox 1301 1161 1415 1190; x_wconf 82' lang='lat' dir='ltr'><strong>CAPUT</strong></span> <span class='ocrx_word' id='word_1_335' title='bbox 1432 1161 1517 1190; x_wconf 79' lang='lat' dir='ltr'><strong>XLV.</strong></span> 
     </span>
    </p>
   </div>
   <div class='ocr_carea' id='block_1_55' title="bbox 1015 1207 1800 1246">
    <p class='ocr_par' dir='ltr' id='par_1_55' title="bbox 1015 1207 1800 1246">
     <span class='ocr_line' id='line_1_56' title="bbox 1015 1207 1800 1246; baseline 0.004 -11"><span class='ocrx_word' id='word_1_336' title='bbox 1015 1207 1151 1241; x_wconf 83' lang='lat' dir='ltr'><strong>Quomodo</strong></span> <span class='ocrx_word' id='word_1_337' title='bbox 1177 1208 1277 1236; x_wconf 83' lang='lat' dir='ltr'><strong>Helena</strong></span> <span class='ocrx_word' id='word_1_338' title='bbox 1297 1209 1325 1236; x_wconf 84' lang='lat' dir='ltr'><strong>in</strong></span> <span class='ocrx_word' id='word_1_339' title='bbox 1348 1209 1466 1237; x_wconf 74' lang='lat' dir='ltr'><strong>ecclesiis</strong></span> <span class='ocrx_word' id='word_1_340' title='bbox 1490 1209 1612 1246; x_wconf 80' lang='lat' dir='ltr'><strong>religiose</strong></span> <span class='ocrx_word' id='word_1_341' title='bbox 1639 1216 1742 1238; x_wconf 81' lang='lat' dir='ltr'><strong>versata</strong></span> <span class='ocrx_word' id='word_1_342' title='bbox 1755 1211 1800 1238; x_wconf 73' lang='lat' dir='ltr'><strong>sit.</strong></span> 
     </span>
    </p>
   </div>
   <div class='ocr_carea' id='block_1_56' title="bbox 1047 1285 1801 1323">
    <p class='ocr_par' dir='ltr' id='par_1_56' title="bbox 1047 1285 1801 1323">
     <span class='ocr_line' id='line_1_57' title="bbox 1047 1285 1801 1323; baseline 0.005 -11"><span class='ocrx_word' id='word_1_343' title='bbox 1047 1285 1206 1322; x_wconf 71' lang='lat' dir='ltr'><strong>Huiusmodi</strong></span> <span class='ocrx_word' id='word_1_344' title='bbox 1227 1287 1357 1322; x_wconf 87' lang='lat' dir='ltr'><strong>operibus</strong></span> <span class='ocrx_word' id='word_1_345' title='bbox 1380 1295 1440 1314; x_wconf 88' lang='lat' dir='ltr'><strong>cum</strong></span> <span class='ocrx_word' id='word_1_346' title='bbox 1468 1295 1594 1323; x_wconf 77' lang='lat' dir='ltr'><strong>magnam</strong></span> <span class='ocrx_word' id='word_1_347' title='bbox 1618 1288 1669 1316; x_wconf 87' lang='lat' dir='ltr'><strong>sibi</strong></span> <span class='ocrx_word' id='word_1_348' title='bbox 1688 1288 1801 1323; x_wconf 79' lang='lat' dir='ltr'><strong>gloriam</strong></span> 
     </span>
    </p>
   </div>
   <div class='ocr_carea' id='block_1_57' title="bbox 1011 1333 1798 1371">
    <p class='ocr_par' dir='ltr' id='par_1_57' title="bbox 1011 1333 1798 1371">
     <span class='ocr_line' id='line_1_58' title="bbox 1011 1333 1798 1371; baseline 0.005 -11"><span class='ocrx_word' id='word_1_349' title='bbox 1011 1338 1207 1367; x_wconf 86' lang='lat' dir='ltr'><strong>comparasset,</strong></span> <span class='ocrx_word' id='word_1_350' title='bbox 1219 1334 1348 1370; x_wconf 86' lang='lat' dir='ltr'><strong>pietatem</strong></span> <span class='ocrx_word' id='word_1_351' title='bbox 1360 1340 1425 1369; x_wconf 82' lang='lat' dir='ltr'><strong>erga</strong></span> <span class='ocrx_word' id='word_1_352' title='bbox 1437 1333 1520 1361; x_wconf 89' lang='lat' dir='ltr'><strong>Deum</strong></span> <span class='ocrx_word' id='word_1_353' title='bbox 1533 1334 1645 1362; x_wconf 85' lang='lat' dir='ltr'><strong>minime</strong></span> <span class='ocrx_word' id='word_1_354' title='bbox 1659 1335 1778 1371; x_wconf 80' lang='lat' dir='ltr'><strong>neglexit</strong></span> <span class='ocrx_word' id='word_1_355' title='bbox 1791 1345 1798 1364; x_wconf 88' lang='lat'>:</span> 
     </span>
    </p>
   </div>
   <div class='ocr_carea' id='block_1_58' title="bbox 1012 1380 1799 1413">
    <p class='ocr_par' dir='ltr' id='par_1_58' title="bbox 1012 1380 1799 1413">
     <span class='ocr_line' id='line_1_59' title="bbox 1012 1380 1799 1413; baseline 0.003 -6"><span class='ocrx_word' id='word_1_356' title='bbox 1012 1388 1073 1407; x_wconf 93' lang='lat' dir='ltr'><strong>nam</strong></span> <span class='ocrx_word' id='word_1_357' title='bbox 1089 1385 1117 1408; x_wconf 82' lang='lat' dir='ltr'><strong>et</strong></span> <span class='ocrx_word' id='word_1_358' title='bbox 1142 1381 1261 1413; x_wconf 82' lang='lat' dir='ltr'><strong>assidue,</strong></span> <span class='ocrx_word' id='word_1_359' title='bbox 1287 1380 1394 1408; x_wconf 85' lang='lat' dir='ltr'><strong>cunctis</strong></span> <span class='ocrx_word' id='word_1_360' title='bbox 1412 1380 1576 1413; x_wconf 86' lang='lat' dir='ltr'><strong>videntibus,</strong></span> <span class='ocrx_word' id='word_1_361' title='bbox 1604 1382 1630 1409; x_wconf 91' lang='lat' dir='ltr'><strong>in</strong></span> <span class='ocrx_word' id='word_1_362' title='bbox 1655 1381 1799 1410; x_wconf 85' lang='lat' dir='ltr'><strong>ecclesiam</strong></span> 
     </span>
    </p>
   </div>
   <div class='ocr_carea' id='block_1_59' title="bbox 1010 1427 1801 1460">
    <p class='ocr_par' dir='ltr' id='par_1_59' title="bbox 1010 1427 1801 1460">
     <span class='ocr_line' id='line_1_60' title="bbox 1010 1427 1801 1460; baseline 0.004 -7"><span class='ocrx_word' id='word_1_363' title='bbox 1010 1427 1169 1460; x_wconf 83' lang='lat' dir='ltr'><strong>ventitabat,</strong></span> <span class='ocrx_word' id='word_1_364' title='bbox 1194 1432 1221 1455; x_wconf 88' lang='lat' dir='ltr'><strong>et</strong></span> <span class='ocrx_word' id='word_1_365' title='bbox 1243 1435 1337 1456; x_wconf 85' lang='lat' dir='ltr'><strong>sacras</strong></span> <span class='ocrx_word' id='word_1_366' title='bbox 1355 1428 1427 1456; x_wconf 65' lang='lat' dir='ltr'><strong>sedes</strong></span> <span class='ocrx_word' id='word_1_367' title='bbox 1441 1427 1550 1456; x_wconf 85' lang='lat' dir='ltr'><strong>eximiis</strong></span> <span class='ocrx_word' id='word_1_368' title='bbox 1570 1428 1738 1455; x_wconf 82' lang='lat' dir='ltr'><strong>ornamentis</strong></span> <span class='ocrx_word' id='word_1_369' title='bbox 1751 1429 1801 1456; x_wconf 83' lang='lat' dir='ltr'><strong>de-</strong></span> 
     </span>
    </p>
   </div>
   <div class='ocr_carea' id='block_1_60' title="bbox 1009 1473 1799 1510">
    <p class='ocr_par' dir='ltr' id='par_1_60' title="bbox 1009 1473 1799 1510">
     <span class='ocr_line' id='line_1_61' title="bbox 1009 1473 1799 1510; baseline 0.003 -10"><span class='ocrx_word' id='word_1_370' title='bbox 1009 1473 1130 1507; x_wconf 84' lang='lat' dir='ltr'><strong>corabat,</strong></span> <span class='ocrx_word' id='word_1_371' title='bbox 1143 1481 1177 1500; x_wconf 92' lang='lat' dir='ltr'><strong>ne</strong></span> <span class='ocrx_word' id='word_1_372' title='bbox 1191 1473 1368 1501; x_wconf 84' lang='lat' dir='ltr'><strong>minimarum</strong></span> <span class='ocrx_word' id='word_1_373' title='bbox 1383 1474 1491 1509; x_wconf 89' lang='lat' dir='ltr'><strong>quidem</strong></span> <span class='ocrx_word' id='word_1_374' title='bbox 1506 1474 1613 1502; x_wconf 89' lang='lat' dir='ltr'><strong>urbium</strong></span> <span class='ocrx_word' id='word_1_375' title='bbox 1634 1475 1734 1502; x_wconf 82' lang='lat' dir='ltr'><strong>sacella</strong></span> <span class='ocrx_word' id='word_1_376' title='bbox 1750 1474 1799 1510; x_wconf 76' lang='lat' dir='ltr'><strong>de-</strong></span> 
     </span>
    </p>
   </div>
   <div class='ocr_carea' id='block_1_61' title="bbox 1008 1519 1798 1555">
    <p class='ocr_par' dir='ltr' id='par_1_61' title="bbox 1008 1519 1798 1555">
     <span class='ocr_line' id='line_1_62' title="bbox 1008 1519 1798 1555; baseline 0.001 -8"><span class='ocrx_word' id='word_1_377' title='bbox 1008 1519 1135 1554; x_wconf 80' lang='lat' dir='ltr'><strong>spiciens.</strong></span> <span class='ocrx_word' id='word_1_378' title='bbox 1145 1519 1237 1554; x_wconf 88' lang='lat' dir='ltr'><strong>Itaque</strong></span> <span class='ocrx_word' id='word_1_379' title='bbox 1247 1519 1338 1547; x_wconf 89' lang='lat' dir='ltr'><strong>vitlere</strong></span> <span class='ocrx_word' id='word_1_380' title='bbox 1348 1525 1408 1548; x_wconf 79' lang='lat' dir='ltr'><strong>erat</strong></span> <span class='ocrx_word' id='word_1_381' title='bbox 1416 1520 1556 1548; x_wconf 88' lang='lat' dir='ltr'><strong>mulierem</strong></span> <span class='ocrx_word' id='word_1_382' title='bbox 1567 1527 1677 1555; x_wconf 89' lang='lat' dir='ltr'><strong>prorsus</strong></span> <span class='ocrx_word' id='word_1_383' title='bbox 1684 1521 1798 1548; x_wconf 87' lang='lat' dir='ltr'><strong>admira-</strong></span> 
     </span>
    </p>
   </div>
   <div class='ocr_carea' id='block_1_62' title="bbox 1007 1565 1798 1602">
    <p class='ocr_par' dir='ltr' id='par_1_62' title="bbox 1007 1565 1798 1602">
     <span class='ocr_line' id='line_1_63' title="bbox 1007 1565 1798 1602; baseline 0.003 -10"><span class='ocrx_word' id='word_1_384' title='bbox 1007 1565 1098 1599; x_wconf 89' lang='lat' dir='ltr'><strong>bilem,</strong></span> <span class='ocrx_word' id='word_1_385' title='bbox 1108 1566 1229 1593; x_wconf 80' lang='lat' dir='ltr'><strong>modesto</strong></span> <span class='ocrx_word' id='word_1_386' title='bbox 1238 1573 1269 1593; x_wconf 92' lang='lat' dir='ltr'><strong>ac</strong></span> <span class='ocrx_word' id='word_1_387' title='bbox 1278 1566 1384 1594; x_wconf 87' lang='lat' dir='ltr'><strong>decenti</strong></span> <span class='ocrx_word' id='word_1_388' title='bbox 1393 1566 1484 1594; x_wconf 85' lang='lat' dir='ltr'><strong>habitu</strong></span> <span class='ocrx_word' id='word_1_389' title='bbox 1493 1573 1545 1593; x_wconf 90' lang='lat' dir='ltr'><strong>una</strong></span> <span class='ocrx_word' id='word_1_390' title='bbox 1552 1574 1613 1594; x_wconf 88' lang='lat' dir='ltr'><strong>cum</strong></span> <span class='ocrx_word' id='word_1_391' title='bbox 1621 1566 1722 1602; x_wconf 86' lang='lat' dir='ltr'><strong>reliqua</strong></span> <span class='ocrx_word' id='word_1_392' title='bbox 1733 1568 1798 1595; x_wconf 69' lang='lat' dir='ltr'><strong>mulo</strong></span> 
     </span>
    </p>
   </div>
   <div class='ocr_carea' id='block_1_63' title="bbox 169 1603 956 1648">
    <p class='ocr_par' dir='ltr' id='par_1_63' title="bbox 169 1603 956 1647">
     <span class='ocr_line' id='line_1_64' title="bbox 169 1603 956 1647; baseline 0.014 -19"><span class='ocrx_word' id='word_1_393' title='bbox 169 1603 262 1639; x_wconf 78' lang='grc' dir='ltr'>μένην,</span> <span class='ocrx_word' id='word_1_394' title='bbox 282 1605 332 1640; x_wconf 86' lang='grc' dir='ltr'>τήν</span> <span class='ocrx_word' id='word_1_395' title='bbox 348 1614 377 1631; x_wconf 85' lang='grc' dir='ltr'><strong>τε</strong></span> <span class='ocrx_word' id='word_1_396' title='bbox 400 1606 467 1641; x_wconf 72' lang='grc' dir='ltr'>πρὸς</span> <span class='ocrx_word' id='word_1_397' title='bbox 490 1607 520 1633; x_wconf 76' lang='grc' dir='ltr'><strong>τὸ</strong></span> <span class='ocrx_word' id='word_1_398' title='bbox 536 1607 612 1634; x_wconf 82' lang='grc' dir='ltr'>Θεῖον</span> <span class='ocrx_word' id='word_1_399' title='bbox 638 1609 779 1636; x_wconf 78' lang='grc' dir='ltr'>εὐλάϐειαν</span> <span class='ocrx_word' id='word_1_400' title='bbox 798 1611 842 1637; x_wconf 88' lang='grc' dir='ltr'>διὰ</span> <span class='ocrx_word' id='word_1_401' title='bbox 866 1612 956 1647; x_wconf 83' lang='grc' dir='ltr'>πάσης</span> 
     </span>
    </p>
   </div>
   <div class='ocr_carea' id='block_1_64' title="bbox 1010 1603 1796 1648">
    <p class='ocr_par' dir='ltr' id='par_1_64' title="bbox 1010 1611 1796 1648">
     <span class='ocr_line' id='line_1_65' title="bbox 1010 1611 1796 1648; baseline 0.003 -10"><span class='ocrx_word' id='word_1_402' title='bbox 1010 1611 1124 1639; x_wconf 88' lang='lat' dir='ltr'><strong>titudine</strong></span> <span class='ocrx_word' id='word_1_403' title='bbox 1138 1617 1304 1645; x_wconf 86' lang='lat' dir='ltr'><strong>versantem,</strong></span> <span class='ocrx_word' id='word_1_404' title='bbox 1320 1620 1452 1647; x_wconf 87' lang='lat' dir='ltr'><strong>suamque</strong></span> <span class='ocrx_word' id='word_1_405' title='bbox 1463 1612 1543 1648; x_wconf 82' lang='lat'><strong>506</strong></span> <span class='ocrx_word' id='word_1_406' title='bbox 1556 1620 1620 1648; x_wconf 83' lang='lat' dir='ltr'><strong>erga</strong></span> <span class='ocrx_word' id='word_1_407' title='bbox 1636 1612 1719 1641; x_wconf 91' lang='lat' dir='ltr'><strong>Deum</strong></span> <span class='ocrx_word' id='word_1_408' title='bbox 1732 1613 1796 1641; x_wconf 89' lang='lat' dir='ltr'><strong>reli-</strong></span> 
     </span>
    </p>
   </div>
   <div class='ocr_carea' id='block_1_65' title="bbox 167 1649 702 1689">
    <p class='ocr_par' dir='ltr' id='par_1_65' title="bbox 167 1649 702 1689">
     <span class='ocr_line' id='line_1_66' title="bbox 167 1649 702 1689; baseline 0.009 -14"><span class='ocrx_word' id='word_1_409' title='bbox 167 1649 308 1684; x_wconf 69' lang='grc' dir='ltr'>θεοφιλοῦς</span> <span class='ocrx_word' id='word_1_410' title='bbox 322 1651 449 1686; x_wconf 77' lang='grc' dir='ltr'>πράξεως</span> <span class='ocrx_word' id='word_1_411' title='bbox 466 1653 702 1689; x_wconf 76' lang='grc' dir='ltr'>ἐπιδεικνυμένην.</span> 
     </span>
    </p>
   </div>
   <div class='ocr_carea' id='block_1_66' title="bbox 414 1698 707 1734">
    <p class='ocr_par' dir='ltr' id='par_1_66' title="bbox 414 1698 707 1734">
     <span class='ocr_line' id='line_1_67' title="bbox 414 1698 707 1734; baseline 0.01 -10"><span class='ocrx_word' id='word_1_412' title='bbox 414 1698 612 1725; x_wconf 80' lang='grc' dir='ltr'><strong>ΚΕΦΑΛΛΙΟΝ</strong></span> <span class='ocrx_word' id='word_1_413' title='bbox 633 1701 707 1734; x_wconf 65' lang='lat' dir='ltr'><strong>MT.</strong></span> 
     </span>
    </p>
   </div>
   <div class='ocr_carea' id='block_1_67' title="bbox 168 1741 954 1806">
    <p class='ocr_par' dir='ltr' id='par_1_67' title="bbox 168 1741 954 1806">
     <span class='ocr_line' id='line_1_68' title="bbox 168 1741 954 1806; baseline 0.01 -39"><span class='ocrx_word' id='word_1_414' title='bbox 168 1741 267 1772; x_wconf 80' lang='grc' dir='ltr'>ὀπως</span> <span class='ocrx_word' id='word_1_415' title='bbox 282 1741 530 1806; x_wconf 51' lang='grc' dir='ltr'>ὀγδοηκοντοῦτῖἶ</span> <span class='ocrx_word' id='word_1_416' title='bbox 544 1742 623 1787; x_wconf 59' lang='grc' dir='ltr'>οὖσα</span> <span class='ocrx_word' id='word_1_417' title='bbox 639 1746 688 1772; x_wconf 74' lang='grc' dir='ltr'>καὶ</span> <span class='ocrx_word' id='word_1_418' title='bbox 711 1745 877 1781; x_wconf 79' lang='grc' dir='ltr'>διαθεμένη,</span> <span class='ocrx_word' id='word_1_419' title='bbox 892 1748 954 1775; x_wconf 84' lang='grc' dir='ltr'>ἑτε-</span> 
     </span>
     <span class='ocr_line' id='line_1_69' title="bbox 528 1788 609 1806; baseline 0.012 -1"><span class='ocrx_word' id='word_1_420' title='bbox 528 1788 609 1806; x_wconf 80' lang='lat' dir='ltr'><strong>eum.</strong></span> 
     </span>
    </p>
   </div>
   <div class='ocr_carea' id='block_1_68' title="bbox 528 1788 609 1808">
    <p class='ocr_par' dir='ltr' id='par_1_68' title="bbox 528 1788 609 1808">
     <span class='ocr_line' id='line_1_70' title="bbox 528 1788 609 1808; baseline 0.037 -3"><span class='ocrx_word' id='word_1_421' title='bbox 528 1788 609 1808; x_wconf 77' lang='grc' dir='ltr'><strong>Ευτίι.</strong></span> 
     </span>
    </p>
   </div>
   <div class='ocr_carea' id='block_1_69' title="bbox 207 1823 951 1865">
    <p class='ocr_par' dir='ltr' id='par_1_69' title="bbox 207 1823 951 1865">
     <span class='ocr_line' id='line_1_71' title="bbox 207 1823 951 1865; baseline 0.009 -16"><span class='ocrx_word' id='word_1_422' title='bbox 207 1823 283 1849; x_wconf 76' lang='grc' dir='ltr'>Ἐπεὶ</span> <span class='ocrx_word' id='word_1_423' title='bbox 295 1823 322 1850; x_wconf 81' lang='grc' dir='ltr'><strong>δὲ</strong></span> <span class='ocrx_word' id='word_1_424' title='bbox 336 1823 427 1851; x_wconf 68' lang='grc' dir='ltr'>λοιπὸν</span> <span class='ocrx_word' id='word_1_425' title='bbox 436 1825 470 1852; x_wconf 79' lang='grc' dir='ltr'>τὰ</span> <span class='ocrx_word' id='word_1_426' title='bbox 484 1826 532 1861; x_wconf 84' lang='grc' dir='ltr'>τῆς</span> <span class='ocrx_word' id='word_1_427' title='bbox 543 1826 696 1862; x_wconf 76' lang='grc' dir='ltr'>αὐτάρκους</span> <span class='ocrx_word' id='word_1_428' title='bbox 707 1828 856 1856; x_wconf 78' lang='grc' dir='ltr'>διανύσασα</span> <span class='ocrx_word' id='word_1_429' title='bbox 868 1830 951 1865; x_wconf 81' lang='grc' dir='ltr'>ζωῆς,</span> 
     </span>
    </p>
   </div>
   <div class='ocr_carea' id='block_1_70' title="bbox 165 1868 953 1911">
    <p class='ocr_par' dir='ltr' id='par_1_70' title="bbox 165 1868 953 1911">
     <span class='ocr_line' id='line_1_72' title="bbox 165 1868 953 1911; baseline 0.01 -17"><span class='ocrx_word' id='word_1_430' title='bbox 165 1868 210 1895; x_wconf 73' lang='grc' dir='ltr'>ἐπὶ</span> <span class='ocrx_word' id='word_1_431' title='bbox 230 1869 278 1904; x_wconf 81' lang='grc' dir='ltr'>τὴν</span> <span class='ocrx_word' id='word_1_432' title='bbox 303 1870 445 1905; x_wconf 83' lang='grc' dir='ltr'>κρείττονα</span> <span class='ocrx_word' id='word_1_433' title='bbox 470 1871 545 1907; x_wconf 82' lang='grc' dir='ltr'>λῆξιν</span> <span class='ocrx_word' id='word_1_434' title='bbox 569 1872 701 1905; x_wconf 75' lang='grc' dir='ltr'>ἐκαλεῖτο,</span> <span class='ocrx_word' id='word_1_435' title='bbox 720 1874 812 1909; x_wconf 84' lang='grc' dir='ltr'>σχεδόν</span> <span class='ocrx_word' id='word_1_436' title='bbox 829 1883 879 1901; x_wconf 89' lang='grc' dir='ltr'><strong>που</strong></span> <span class='ocrx_word' id='word_1_437' title='bbox 903 1876 953 1911; x_wconf 85' lang='grc' dir='ltr'>τῆς</span> 
     </span>
    </p>
   </div>
   <div class='ocr_carea' id='block_1_71' title="bbox 163 1913 950 1957">
    <p class='ocr_par' dir='ltr' id='par_1_71' title="bbox 163 1913 950 1957">
     <span class='ocr_line' id='line_1_73' title="bbox 163 1913 950 1957; baseline 0.011 -18"><span class='ocrx_word' id='word_1_438' title='bbox 163 1913 269 1950; x_wconf 79' lang='grc' dir='ltr'>ἡλικίας</span> <span class='ocrx_word' id='word_1_439' title='bbox 286 1915 357 1950; x_wconf 73' lang='grc' dir='ltr'>ἀμφὶ</span> <span class='ocrx_word' id='word_1_440' title='bbox 368 1916 431 1948; x_wconf 75' lang='grc' dir='ltr'>τοὺς</span> <span class='ocrx_word' id='word_1_441' title='bbox 442 1917 607 1952; x_wconf 80' lang='grc' dir='ltr'>ὀγδοήκοντα</span> <span class='ocrx_word' id='word_1_442' title='bbox 620 1919 760 1951; x_wconf 71' lang='grc' dir='ltr'>ἐνιαυτοὺς</span> <span class='ocrx_word' id='word_1_443' title='bbox 773 1919 950 1957; x_wconf 80' lang='grc' dir='ltr'>διάρκέσασα,</span> 
     </span>
    </p>
   </div>
   <div class='ocr_carea' id='block_1_72' title="bbox 163 1960 952 2000">
    <p class='ocr_par' dir='ltr' id='par_1_72' title="bbox 163 1960 952 2000">
     <span class='ocr_line' id='line_1_74' title="bbox 163 1960 952 2000; baseline 0.009 -12"><span class='ocrx_word' id='word_1_444' title='bbox 163 1960 232 1996; x_wconf 77' lang='grc' dir='ltr'>πρὸς</span> <span class='ocrx_word' id='word_1_445' title='bbox 247 1962 320 1997; x_wconf 87' lang='grc' dir='ltr'>αὐτῷ</span> <span class='ocrx_word' id='word_1_446' title='bbox 337 1963 469 1999; x_wconf 78' lang='grc' dir='ltr'>γενομένη</span> <span class='ocrx_word' id='word_1_447' title='bbox 487 1964 525 2000; x_wconf 83' lang='grc' dir='ltr'>τῷ</span> <span class='ocrx_word' id='word_1_448' title='bbox 545 1964 628 1997; x_wconf 82' lang='grc' dir='ltr'>τέλει,</span> <span class='ocrx_word' id='word_1_449' title='bbox 659 1974 834 1993; x_wconf 82' lang='grc' dir='ltr'>συνεταττετο</span> <span class='ocrx_word' id='word_1_450' title='bbox 849 1968 896 1994; x_wconf 70' lang='grc' dir='ltr'>’καὶ</span> <span class='ocrx_word' id='word_1_451' title='bbox 913 1967 952 1994; x_wconf 89' lang='grc' dir='ltr'>δι-</span> 
     </span>
    </p>
   </div>
   <div class='ocr_carea' id='block_1_73' title="bbox 164 2005 952 2048">
    <p class='ocr_par' dir='ltr' id='par_1_73' title="bbox 164 2005 952 2048">
     <span class='ocr_line' id='line_1_75' title="bbox 164 2005 952 2048; baseline 0.011 -17"><span class='ocrx_word' id='word_1_452' title='bbox 164 2005 320 2033; x_wconf 76' lang='grc' dir='ltr'>ετίθετοὲπὶ</span> <span class='ocrx_word' id='word_1_453' title='bbox 332 2010 472 2043; x_wconf 86' lang='grc' dir='ltr'>μονογενεῖ</span> <span class='ocrx_word' id='word_1_454' title='bbox 480 2009 529 2045; x_wconf 78' lang='grc' dir='ltr'><strong>υἱῷ</strong></span> <span class='ocrx_word' id='word_1_455' title='bbox 542 2009 647 2045; x_wconf 79' lang='grc' dir='ltr'>βασιλεῖ</span> <span class='ocrx_word' id='word_1_456' title='bbox 660 2012 787 2048; x_wconf 81' lang='grc' dir='ltr'>μονάρχῳ</span> <span class='ocrx_word' id='word_1_457' title='bbox 800 2014 952 2048; x_wconf 81' lang='grc' dir='ltr'>κοσμοκρά-</span> 
     </span>
    </p>
   </div>
   <div class='ocr_carea' id='block_1_74' title="bbox 161 2052 949 2095">
    <p class='ocr_par' dir='ltr' id='par_1_74' title="bbox 161 2052 949 2095">
     <span class='ocr_line' id='line_1_76' title="bbox 161 2052 949 2095; baseline 0.011 -18"><span class='ocrx_word' id='word_1_458' title='bbox 161 2060 230 2086; x_wconf 81' lang='grc' dir='ltr'>τορι,</span> <span class='ocrx_word' id='word_1_459' title='bbox 249 2052 327 2080; x_wconf 83' lang='grc' dir='ltr'>παισί</span> <span class='ocrx_word' id='word_1_460' title='bbox 338 2062 366 2080; x_wconf 86' lang='grc' dir='ltr'><strong>τε</strong></span> <span class='ocrx_word' id='word_1_461' title='bbox 379 2054 472 2080; x_wconf 79' lang='grc' dir='ltr'>τούτου</span> <span class='ocrx_word' id='word_1_462' title='bbox 485 2055 629 2092; x_wconf 80' lang='grc' dir='ltr'>καίσαρσιν</span> <span class='ocrx_word' id='word_1_463' title='bbox 641 2057 740 2093; x_wconf 79' lang='grc' dir='ltr'>ἑαυτῆς</span> <span class='ocrx_word' id='word_1_464' title='bbox 754 2059 884 2092; x_wconf 79' lang='grc' dir='ltr'>ἐκγόνοις,</span> <span class='ocrx_word' id='word_1_465' title='bbox 901 2059 949 2095; x_wconf 86' lang='grc' dir='ltr'><strong>τὴν</strong></span> 
     </span>
    </p>
   </div>
   <div class='ocr_carea' id='block_1_75' title="bbox 162 2098 948 2139">
    <p class='ocr_par' dir='ltr' id='par_1_75' title="bbox 162 2098 948 2139">
     <span class='ocr_line' id='line_1_77' title="bbox 162 2098 948 2139; baseline 0.011 -16"><span class='ocrx_word' id='word_1_466' title='bbox 162 2098 278 2134; x_wconf 78' lang='grc' dir='ltr'>ὑστάτην</span> <span class='ocrx_word' id='word_1_467' title='bbox 308 2099 404 2136; x_wconf 74' lang='grc' dir='ltr'>βουλὴν</span> <span class='ocrx_word' id='word_1_468' title='bbox 431 2100 612 2138; x_wconf 81' lang='grc' dir='ltr'>διοριζομένη,</span> <span class='ocrx_word' id='word_1_469' title='bbox 647 2103 812 2139; x_wconf 70' lang='grc' dir='ltr'>διανέμουσα</span> <span class='ocrx_word' id='word_1_470' title='bbox 841 2114 870 2132; x_wconf 81' lang='grc' dir='ltr'><strong>τε</strong></span> <span class='ocrx_word' id='word_1_471' title='bbox 895 2106 948 2133; x_wconf 78' lang='grc' dir='ltr'>τῶν</span> 
     </span>
    </p>
   </div>
   <div class='ocr_carea' id='block_1_76' title="bbox 161 2141 948 2185">
    <p class='ocr_par' dir='ltr' id='par_1_76' title="bbox 161 2141 948 2185">
     <span class='ocr_line' id='line_1_78' title="bbox 161 2141 948 2185; baseline 0.01 -17"><span class='ocrx_word' id='word_1_472' title='bbox 161 2141 279 2176; x_wconf 77' lang='grc' dir='ltr'>ἐκγόνων</span> <span class='ocrx_word' id='word_1_473' title='bbox 300 2145 405 2180; x_wconf 76' lang='grc' dir='ltr'>ἑκάστῳ</span> <span class='ocrx_word' id='word_1_474' title='bbox 427 2145 460 2172; x_wconf 79' lang='grc' dir='ltr'>τὰ</span> <span class='ocrx_word' id='word_1_475' title='bbox 484 2146 534 2181; x_wconf 84' lang='grc' dir='ltr'>τῆς</span> <span class='ocrx_word' id='word_1_476' title='bbox 548 2148 649 2179; x_wconf 70' lang='grc' dir='ltr'>οἰκείας</span> <span class='ocrx_word' id='word_1_477' title='bbox 665 2147 819 2184; x_wconf 81' lang='grc' dir='ltr'>ὑπάρξεως,</span> <span class='ocrx_word' id='word_1_478' title='bbox 836 2149 884 2185; x_wconf 84' lang='grc' dir='ltr'>ὅση</span> <span class='ocrx_word' id='word_1_479' title='bbox 906 2158 948 2181; x_wconf 85' lang='grc' dir='ltr'><strong>τις</strong></span> 
     </span>
    </p>
   </div>
   <div class='ocr_carea' id='block_1_77' title="bbox 160 2187 947 2228">
    <p class='ocr_par' dir='ltr' id='par_1_77' title="bbox 160 2187 947 2228">
     <span class='ocr_line' id='line_1_79' title="bbox 160 2187 947 2228; baseline 0.011 -15"><span class='ocrx_word' id='word_1_480' title='bbox 160 2187 226 2223; x_wconf 79' lang='grc' dir='ltr'>αὐτῇ</span> <span class='ocrx_word' id='word_1_481' title='bbox 234 2188 362 2224; x_wconf 78' lang='grc' dir='ltr'>καθ’ὃλης</span> <span class='ocrx_word' id='word_1_482' title='bbox 370 2190 473 2226; x_wconf 82' lang='grc' dir='ltr'>ὑπῆρξε</span> <span class='ocrx_word' id='word_1_483' title='bbox 481 2191 707 2227; x_wconf 79' lang='grc' dir='ltr'>τῆςοῑκουμένης.</span> <span class='ocrx_word' id='word_1_484' title='bbox 717 2195 771 2220; x_wconf 70' lang='grc' dir='ltr'><strong>Καὶ</strong></span> <span class='ocrx_word' id='word_1_485' title='bbox 777 2194 805 2220; x_wconf 80' lang='grc' dir='ltr'><strong>δὲ</strong></span> <span class='ocrx_word' id='word_1_486' title='bbox 814 2194 947 2228; x_wconf 56' lang='grc' dir='ltr'><strong>(29)τοῦ-</strong></span> 
     </span>
    </p>
   </div>
   <div class='ocr_carea' id='block_1_78' title="bbox 158 2233 946 2275">
    <p class='ocr_par' dir='ltr' id='par_1_78' title="bbox 158 2233 946 2275">
     <span class='ocr_line' id='line_1_80' title="bbox 158 2233 946 2275; baseline 0.011 -16"><span class='ocrx_word' id='word_1_487' title='bbox 158 2241 203 2259; x_wconf 82' lang='grc' dir='ltr'><strong>τον</strong></span> <span class='ocrx_word' id='word_1_488' title='bbox 219 2233 363 2270; x_wconf 80' lang='grc' dir='ltr'>διαθεμένη</span> <span class='ocrx_word' id='word_1_489' title='bbox 378 2235 423 2262; x_wconf 77' lang='grc' dir='ltr'>τὸν</span> <span class='ocrx_word' id='word_1_490' title='bbox 438 2236 549 2272; x_wconf 76' lang='grc' dir='ltr'>τρόπον,</span> <span class='ocrx_word' id='word_1_491' title='bbox 567 2237 660 2264; x_wconf 87' lang='grc' dir='ltr'>λοιπὸν</span> <span class='ocrx_word' id='word_1_492' title='bbox 672 2238 721 2274; x_wconf 81' lang='grc' dir='ltr'>τὴν</span> <span class='ocrx_word' id='word_1_493' title='bbox 744 2240 789 2266; x_wconf 78' lang='grc' dir='ltr'>τοῦ</span> <span class='ocrx_word' id='word_1_494' title='bbox 803 2240 861 2275; x_wconf 84' lang='grc' dir='ltr'>βίου</span> <span class='ocrx_word' id='word_1_495' title='bbox 879 2250 946 2267; x_wconf 85' lang='grc' dir='ltr'>κατ-</span> 
     </span>
    </p>
   </div>
   <div class='ocr_carea' id='block_1_79' title="bbox 1008 1658 1771 1694">
    <p class='ocr_par' dir='ltr' id='par_1_79' title="bbox 1008 1658 1771 1694">
     <span class='ocr_line' id='line_1_81' title="bbox 1008 1658 1771 1694; baseline 0.004 -10"><span class='ocrx_word' id='word_1_496' title='bbox 1008 1658 1114 1692; x_wconf 77' lang='lat' dir='ltr'><strong>gionem</strong></span> <span class='ocrx_word' id='word_1_497' title='bbox 1128 1659 1200 1685; x_wconf 89' lang='lat' dir='ltr'><strong>omni</strong></span> <span class='ocrx_word' id='word_1_498' title='bbox 1215 1658 1319 1692; x_wconf 86' lang='lat' dir='ltr'><strong>piorum</strong></span> <span class='ocrx_word' id='word_1_499' title='bbox 1333 1666 1445 1693; x_wconf 87' lang='lat' dir='ltr'><strong>opermn</strong></span> <span class='ocrx_word' id='word_1_500' title='bbox 1461 1666 1561 1694; x_wconf 79' lang='lat' dir='ltr'><strong>genere</strong></span> <span class='ocrx_word' id='word_1_501' title='bbox 1575 1659 1771 1687; x_wconf 84' lang='lat' dir='ltr'><strong>declarantem.</strong></span> 
     </span>
    </p>
   </div>
   <div class='ocr_carea' id='block_1_80' title="bbox 1293 1704 1515 1735">
    <p class='ocr_par' dir='ltr' id='par_1_80' title="bbox 1293 1704 1515 1735">
     <span class='ocr_line' id='line_1_82' title="bbox 1293 1704 1515 1735; baseline 0.009 -3"><span class='ocrx_word' id='word_1_502' title='bbox 1293 1704 1406 1732; x_wconf 86' lang='lat' dir='ltr'><strong>CAPUT</strong></span> <span class='ocrx_word' id='word_1_503' title='bbox 1423 1705 1515 1735; x_wconf 77' lang='lat' dir='ltr'><strong>XLVI.</strong></span> 
     </span>
    </p>
   </div>
   <div class='ocr_carea' id='block_1_81' title="bbox 1042 1752 1761 1815">
    <p class='ocr_par' dir='ltr' id='par_1_81' title="bbox 1042 1752 1761 1815">
     <span class='ocr_line' id='line_1_83' title="bbox 1042 1752 1761 1815; baseline 0.004 -36"><span class='ocrx_word' id='word_1_504' title='bbox 1042 1752 1178 1785; x_wconf 82' lang='lat' dir='ltr'><strong>Quomodo</strong></span> <span class='ocrx_word' id='word_1_505' title='bbox 1203 1754 1388 1815; x_wconf 42' lang='lat' dir='ltr'><strong>octogenario,</strong></span> <span class='ocrx_word' id='word_1_506' title='bbox 1407 1758 1561 1795; x_wconf 68' lang='lat' dir='ltr'><strong>testamento</strong></span> <span class='ocrx_word' id='word_1_507' title='bbox 1579 1753 1659 1788; x_wconf 82' lang='lat' dir='ltr'><strong>facta,</strong></span> <span class='ocrx_word' id='word_1_508' title='bbox 1677 1762 1690 1780; x_wconf 90' lang='lat' dir='ltr'><strong>e</strong></span> <span class='ocrx_word' id='word_1_509' title='bbox 1707 1753 1761 1782; x_wconf 80' lang='lat' dir='ltr'><strong>vita</strong></span> 
     </span>
     <span class='ocr_line' id='line_1_84' title="bbox 1359 1794 1460 1815; baseline 0 0"><span class='ocrx_word' id='word_1_510' title='bbox 1359 1794 1460 1815; x_wconf 66' lang='lat' dir='ltr'><strong>ecessit.</strong></span> 
     </span>
    </p>
   </div>
   <div class='ocr_carea' id='block_1_82' title="bbox 1359 1794 1460 1816">
    <p class='ocr_par' dir='ltr' id='par_1_82' title="bbox 1359 1794 1460 1816">
     <span class='ocr_line' id='line_1_85' title="bbox 1359 1794 1460 1816; baseline -0.01 0"><span class='ocrx_word' id='word_1_511' title='bbox 1359 1794 1460 1816; x_wconf 69' lang='grc' dir='ltr'>εεθδειι.</span> 
     </span>
    </p>
   </div>
   <div class='ocr_carea' id='block_1_83' title="bbox 1038 1832 1796 1870">
    <p class='ocr_par' dir='ltr' id='par_1_83' title="bbox 1038 1832 1796 1870">
     <span class='ocr_line' id='line_1_86' title="bbox 1038 1832 1796 1870; baseline 0.004 -11"><span class='ocrx_word' id='word_1_512' title='bbox 1038 1832 1097 1860; x_wconf 83' lang='lat' dir='ltr'><strong>Jam</strong></span> <span class='ocrx_word' id='word_1_513' title='bbox 1114 1841 1187 1865; x_wconf 31' lang='lat' dir='ltr'><strong>‘vero</strong></span> <span class='ocrx_word' id='word_1_514' title='bbox 1205 1841 1273 1860; x_wconf 87' lang='lat' dir='ltr'><strong>Icum</strong></span> <span class='ocrx_word' id='word_1_515' title='bbox 1297 1834 1364 1861; x_wconf 86' lang='lat' dir='ltr'><strong>satis</strong></span> <span class='ocrx_word' id='word_1_516' title='bbox 1382 1834 1461 1870; x_wconf 78' lang='lat' dir='ltr'><strong>longo</strong></span> <span class='ocrx_word' id='word_1_517' title='bbox 1486 1834 1548 1862; x_wconf 80' lang='lat' dir='ltr'><strong>vitae</strong></span> <span class='ocrx_word' id='word_1_518' title='bbox 1572 1835 1658 1870; x_wconf 87' lang='lat' dir='ltr'><strong>spatio</strong></span> <span class='ocrx_word' id='word_1_519' title='bbox 1682 1835 1796 1863; x_wconf 87' lang='lat' dir='ltr'><strong>decurso</strong></span> 
     </span>
    </p>
   </div>
   <div class='ocr_carea' id='block_1_84' title="bbox 1003 1879 1794 1917">
    <p class='ocr_par' dir='ltr' id='par_1_84' title="bbox 1003 1879 1794 1917">
     <span class='ocr_line' id='line_1_87' title="bbox 1003 1879 1794 1917; baseline 0.005 -11"><span class='ocrx_word' id='word_1_520' title='bbox 1003 1880 1036 1906; x_wconf 84' lang='lat' dir='ltr'><strong>ad</strong></span> <span class='ocrx_word' id='word_1_521' title='bbox 1053 1879 1199 1907; x_wconf 83' lang='lat' dir='ltr'><strong>feliciorem</strong></span> <span class='ocrx_word' id='word_1_522' title='bbox 1209 1885 1311 1908; x_wconf 88' lang='lat' dir='ltr'><strong>sortem</strong></span> <span class='ocrx_word' id='word_1_523' title='bbox 1327 1886 1482 1914; x_wconf 88' lang='lat' dir='ltr'><strong>vocaretur,</strong></span> <span class='ocrx_word' id='word_1_524' title='bbox 1499 1889 1599 1909; x_wconf 89' lang='lat' dir='ltr'><strong>annum</strong></span> <span class='ocrx_word' id='word_1_525' title='bbox 1613 1881 1701 1910; x_wconf 67' lang='lat' dir='ltr'><strong>aetatis</strong></span> <span class='ocrx_word' id='word_1_526' title='bbox 1713 1890 1794 1917; x_wconf 78' lang='lat' dir='ltr'><strong>agens</strong></span> 
     </span>
    </p>
   </div>
   <div class='ocr_carea' id='block_1_85' title="bbox 1002 1926 1792 1963">
    <p class='ocr_par' dir='ltr' id='par_1_85' title="bbox 1002 1926 1792 1963">
     <span class='ocr_line' id='line_1_88' title="bbox 1002 1926 1792 1963; baseline 0.004 -10"><span class='ocrx_word' id='word_1_527' title='bbox 1002 1926 1112 1954; x_wconf 89' lang='lat' dir='ltr'><strong>circiter</strong></span> <span class='ocrx_word' id='word_1_528' title='bbox 1123 1926 1366 1962; x_wconf 79' lang='lat' dir='ltr'><strong>octogesimum,in</strong></span> <span class='ocrx_word' id='word_1_529' title='bbox 1381 1927 1439 1962; x_wconf 82' lang='lat' dir='ltr'><strong>ipso</strong></span> <span class='ocrx_word' id='word_1_530' title='bbox 1454 1929 1549 1954; x_wconf 88' lang='lat' dir='ltr'><strong>mortis</strong></span> <span class='ocrx_word' id='word_1_531' title='bbox 1564 1928 1683 1956; x_wconf 83' lang='lat' dir='ltr'><strong>conﬁnio</strong></span> <span class='ocrx_word' id='word_1_532' title='bbox 1695 1929 1792 1963; x_wconf 88' lang='lat' dir='ltr'><strong>posita,</strong></span> 
     </span>
    </p>
   </div>
   <div class='ocr_carea' id='block_1_86' title="bbox 1003 1971 1790 2008">
    <p class='ocr_par' dir='ltr' id='par_1_86' title="bbox 1003 1971 1790 2008">
     <span class='ocr_line' id='line_1_89' title="bbox 1003 1971 1790 2008; baseline 0.005 -10"><span class='ocrx_word' id='word_1_533' title='bbox 1003 1976 1165 1999; x_wconf 87' lang='lat' dir='ltr'><strong>testamento</strong></span> <span class='ocrx_word' id='word_1_534' title='bbox 1193 1971 1276 2005; x_wconf 78' lang='lat' dir='ltr'><strong>facto,</strong></span> <span class='ocrx_word' id='word_1_535' title='bbox 1295 1971 1418 1999; x_wconf 86' lang='lat' dir='ltr'><strong>ultimam</strong></span> <span class='ocrx_word' id='word_1_536' title='bbox 1443 1972 1607 2000; x_wconf 85' lang='lat' dir='ltr'><strong>voluntatem</strong></span> <span class='ocrx_word' id='word_1_537' title='bbox 1625 1973 1790 2008; x_wconf 78' lang='lat' dir='ltr'><strong>declaravit,</strong></span> 
     </span>
    </p>
   </div>
   <div class='ocr_carea' id='block_1_87' title="bbox 1002 2017 1791 2055">
    <p class='ocr_par' dir='ltr' id='par_1_87' title="bbox 1002 2017 1791 2055">
     <span class='ocr_line' id='line_1_90' title="bbox 1002 2017 1791 2055; baseline 0.004 -11"><span class='ocrx_word' id='word_1_538' title='bbox 1002 2018 1136 2045; x_wconf 80' lang='lat' dir='ltr'><strong>lineredem</strong></span> <span class='ocrx_word' id='word_1_539' title='bbox 1148 2017 1305 2053; x_wconf 87' lang='lat' dir='ltr'><strong>relinquens</strong></span> <span class='ocrx_word' id='word_1_540' title='bbox 1319 2018 1429 2046; x_wconf 91' lang='lat' dir='ltr'><strong>unicum</strong></span> <span class='ocrx_word' id='word_1_541' title='bbox 1446 2018 1541 2052; x_wconf 85' lang='lat' dir='ltr'><strong>ﬁlium,</strong></span> <span class='ocrx_word' id='word_1_542' title='bbox 1559 2019 1646 2046; x_wconf 75' lang='lat' dir='ltr'><strong>solam</strong></span> <span class='ocrx_word' id='word_1_543' title='bbox 1670 2019 1791 2055; x_wconf 75' lang='lat' dir='ltr'><strong>impera~</strong></span> 
     </span>
    </p>
   </div>
   <div class='ocr_carea' id='block_1_88' title="bbox 1002 2064 1790 2096">
    <p class='ocr_par' dir='ltr' id='par_1_88' title="bbox 1002 2064 1790 2096">
     <span class='ocr_line' id='line_1_91' title="bbox 1002 2064 1790 2096; baseline 0.004 -6"><span class='ocrx_word' id='word_1_544' title='bbox 1002 2069 1087 2091; x_wconf 87' lang='lat' dir='ltr'><strong>torem</strong></span> <span class='ocrx_word' id='word_1_545' title='bbox 1102 2071 1135 2091; x_wconf 89' lang='lat' dir='ltr'><strong>ac</strong></span> <span class='ocrx_word' id='word_1_546' title='bbox 1150 2064 1290 2091; x_wconf 90' lang='lat' dir='ltr'><strong>dominum</strong></span> <span class='ocrx_word' id='word_1_547' title='bbox 1309 2064 1384 2092; x_wconf 89' lang='lat' dir='ltr'><strong>orbis</strong></span> <span class='ocrx_word' id='word_1_548' title='bbox 1403 2068 1549 2096; x_wconf 85' lang='lat' dir='ltr'><strong>terrarum,</strong></span> <span class='ocrx_word' id='word_1_549' title='bbox 1564 2072 1626 2092; x_wconf 89' lang='lat' dir='ltr'><strong>cum</strong></span> <span class='ocrx_word' id='word_1_550' title='bbox 1638 2065 1701 2093; x_wconf 85' lang='lat' dir='ltr'><strong>[iliis</strong></span> <span class='ocrx_word' id='word_1_551' title='bbox 1714 2065 1790 2093; x_wconf 87' lang='lat' dir='ltr'><strong>nobi-</strong></span> 
     </span>
    </p>
   </div>
   <div class='ocr_carea' id='block_1_89' title="bbox 1001 2109 1786 2146">
    <p class='ocr_par' dir='ltr' id='par_1_89' title="bbox 1001 2109 1786 2146">
     <span class='ocr_line' id='line_1_92' title="bbox 1001 2109 1786 2146; baseline 0.003 -9"><span class='ocrx_word' id='word_1_552' title='bbox 1001 2109 1110 2137; x_wconf 88' lang='lat' dir='ltr'><strong>lissimis</strong></span> <span class='ocrx_word' id='word_1_553' title='bbox 1132 2109 1277 2138; x_wconf 72' lang='lat' dir='ltr'><strong>cmsaribus</strong></span> <span class='ocrx_word' id='word_1_554' title='bbox 1291 2110 1437 2145; x_wconf 78' lang='lat' dir='ltr'><strong>nepotibus</strong></span> <span class='ocrx_word' id='word_1_555' title='bbox 1450 2111 1516 2138; x_wconf 84' lang='lat' dir='ltr'><strong>suis.</strong></span> <span class='ocrx_word' id='word_1_556' title='bbox 1531 2111 1650 2144; x_wconf 84' lang='lat' dir='ltr'><strong>Quorum</strong></span> <span class='ocrx_word' id='word_1_557' title='bbox 1665 2111 1786 2146; x_wconf 76' lang='lat' dir='ltr'><strong>singulis,</strong></span> 
     </span>
    </p>
   </div>
   <div class='ocr_carea' id='block_1_90' title="bbox 999 2156 1786 2192">
    <p class='ocr_par' dir='ltr' id='par_1_90' title="bbox 999 2156 1786 2192">
     <span class='ocr_line' id='line_1_93' title="bbox 999 2156 1786 2192; baseline 0.001 -8"><span class='ocrx_word' id='word_1_558' title='bbox 999 2156 1069 2184; x_wconf 87' lang='lat' dir='ltr'><strong>bona</strong></span> <span class='ocrx_word' id='word_1_559' title='bbox 1084 2163 1144 2191; x_wconf 82' lang='lat' dir='ltr'><strong>quae</strong></span> <span class='ocrx_word' id='word_1_560' title='bbox 1159 2163 1207 2191; x_wconf 90' lang='lat' dir='ltr'><strong>per</strong></span> <span class='ocrx_word' id='word_1_561' title='bbox 1222 2157 1379 2184; x_wconf 88' lang='lat' dir='ltr'><strong>universum</strong></span> <span class='ocrx_word' id='word_1_562' title='bbox 1397 2156 1489 2184; x_wconf 87' lang='lat' dir='ltr'><strong>orbem</strong></span> <span class='ocrx_word' id='word_1_563' title='bbox 1505 2157 1669 2192; x_wconf 85' lang='lat' dir='ltr'><strong>possidebat,</strong></span> <span class='ocrx_word' id='word_1_564' title='bbox 1685 2158 1786 2186; x_wconf 77' lang='lat' dir='ltr'><strong>divisit.</strong></span> 
     </span>
    </p>
   </div>
   <div class='ocr_carea' id='block_1_91' title="bbox 999 2201 1786 2235">
    <p class='ocr_par' dir='ltr' id='par_1_91' title="bbox 999 2201 1786 2235">
     <span class='ocr_line' id='line_1_94' title="bbox 999 2201 1786 2235; baseline 0.005 -8"><span class='ocrx_word' id='word_1_565' title='bbox 999 2201 1113 2228; x_wconf 87' lang='lat' dir='ltr'><strong>lnbunc</strong></span> <span class='ocrx_word' id='word_1_566' title='bbox 1140 2202 1249 2229; x_wconf 91' lang='lat' dir='ltr'><strong>modum</strong></span> <span class='ocrx_word' id='word_1_567' title='bbox 1273 2206 1436 2230; x_wconf 87' lang='lat' dir='ltr'><strong>testamento</strong></span> <span class='ocrx_word' id='word_1_568' title='bbox 1455 2202 1538 2235; x_wconf 80' lang='lat' dir='ltr'><strong>facto,</strong></span> <span class='ocrx_word' id='word_1_569' title='bbox 1565 2203 1635 2230; x_wconf 89' lang='lat' dir='ltr'><strong>diem</strong></span> <span class='ocrx_word' id='word_1_570' title='bbox 1662 2202 1786 2231; x_wconf 90' lang='lat' dir='ltr'><strong>ultimum</strong></span> 
     </span>
    </p>
   </div>
   <div class='ocr_carea' id='block_1_92' title="bbox 999 2246 1785 2285">
    <p class='ocr_par' dir='ltr' id='par_1_92' title="bbox 999 2246 1785 2285">
     <span class='ocr_line' id='line_1_95' title="bbox 999 2246 1785 2285; baseline 0.006 -12"><span class='ocrx_word' id='word_1_571' title='bbox 999 2246 1105 2280; x_wconf 85' lang='lat' dir='ltr'><strong>clausit,</strong></span> <span class='ocrx_word' id='word_1_572' title='bbox 1117 2252 1250 2282; x_wconf 61' lang='lat' dir='ltr'><strong>prasente</strong></span> <span class='ocrx_word' id='word_1_573' title='bbox 1263 2252 1291 2276; x_wconf 87' lang='lat' dir='ltr'><strong>et</strong></span> <span class='ocrx_word' id='word_1_574' title='bbox 1301 2248 1427 2275; x_wconf 83' lang='lat' dir='ltr'><strong>adstante</strong></span> <span class='ocrx_word' id='word_1_575' title='bbox 1443 2248 1494 2283; x_wconf 85' lang='lat' dir='ltr'><strong>ipsi</strong></span> <span class='ocrx_word' id='word_1_576' title='bbox 1508 2248 1556 2276; x_wconf 87' lang='lat' dir='ltr'><strong>tali</strong></span> <span class='ocrx_word' id='word_1_577' title='bbox 1570 2253 1699 2285; x_wconf 90' lang='lat' dir='ltr'><strong>tantoque</strong></span> <span class='ocrx_word' id='word_1_578' title='bbox 1718 2250 1785 2284; x_wconf 82' lang='lat' dir='ltr'><strong>ﬁlio,</strong></span> 
     </span>
    </p>
   </div>
   <div class='ocr_carea' id='block_1_93' title="bbox 160 2278 956 2330">
    <p class='ocr_par' dir='ltr' id='par_1_93' title="bbox 160 2278 943 2321">
     <span class='ocr_line' id='line_1_96' title="bbox 160 2278 943 2321; baseline 0.011 -16"><span class='ocrx_word' id='word_1_579' title='bbox 160 2278 221 2305; x_wconf 85' lang='grc' dir='ltr'>έλυε</span> <span class='ocrx_word' id='word_1_580' title='bbox 241 2280 376 2316; x_wconf 82' lang='grc' dir='ltr'>τελευτὴν,</span> <span class='ocrx_word' id='word_1_581' title='bbox 400 2281 532 2317; x_wconf 83' lang='grc' dir='ltr'>παρόντος</span> <span class='ocrx_word' id='word_1_582' title='bbox 548 2282 615 2319; x_wconf 86' lang='grc' dir='ltr'>αὐτῇ</span> <span class='ocrx_word' id='word_1_583' title='bbox 637 2284 684 2312; x_wconf 73' lang='grc' dir='ltr'>καὶ</span> <span class='ocrx_word' id='word_1_584' title='bbox 703 2286 873 2321; x_wconf 66' lang='grc' dir='ltr'>παρεστῶτος</span> <span class='ocrx_word' id='word_1_585' title='bbox 886 2287 943 2314; x_wconf 86' lang='grc' dir='ltr'>υἱοῦ</span> 
     </span>
    </p>
   </div>
   <div class='ocr_carea' id='block_1_94' title="bbox 1010 2278 1783 2330">
    <p class='ocr_par' dir='ltr' id='par_1_94' title="bbox 1010 2294 1783 2330">
     <span class='ocr_line' id='line_1_97' title="bbox 1010 2294 1783 2330; baseline 0.008 -10"><span class='ocrx_word' id='word_1_586' title='bbox 1010 2298 1024 2320; x_wconf 69' lang='lat' dir='ltr'><strong>:t</strong></span> <span class='ocrx_word' id='word_1_587' title='bbox 1035 2294 1107 2321; x_wconf 93' lang='lat' dir='ltr'><strong>omni</strong></span> <span class='ocrx_word' id='word_1_588' title='bbox 1118 2294 1310 2329; x_wconf 89' lang='lat' dir='ltr'><strong>obsequiorum</strong></span> <span class='ocrx_word' id='word_1_589' title='bbox 1331 2301 1431 2329; x_wconf 82' lang='lat' dir='ltr'><strong>genere</strong></span> <span class='ocrx_word' id='word_1_590' title='bbox 1452 2299 1568 2324; x_wconf 83' lang='lat' dir='ltr'><strong>matrem</strong></span> <span class='ocrx_word' id='word_1_591' title='bbox 1589 2297 1706 2330; x_wconf 88' lang='lat' dir='ltr'><strong>l&#39;ovente,</strong></span> <span class='ocrx_word' id='word_1_592' title='bbox 1723 2305 1783 2326; x_wconf 85' lang='lat' dir='ltr'><strong>ma-</strong></span> 
     </span>
    </p>
   </div>
   <div class='ocr_carea' id='block_1_95' title="bbox 155 2324 945 2366">
    <p class='ocr_par' dir='ltr' id='par_1_95' title="bbox 155 2324 945 2366">
     <span class='ocr_line' id='line_1_98' title="bbox 155 2324 945 2366; baseline 0.01 -16"><span class='ocrx_word' id='word_1_593' title='bbox 155 2324 296 2357; x_wconf 74' lang='grc' dir='ltr'>τοσούτου,</span> <span class='ocrx_word' id='word_1_594' title='bbox 319 2325 514 2361; x_wconf 81' lang='grc' dir='ltr'>θεραπεύοντός</span> <span class='ocrx_word' id='word_1_595' title='bbox 528 2336 557 2354; x_wconf 86' lang='grc' dir='ltr'><strong>τε</strong></span> <span class='ocrx_word' id='word_1_596' title='bbox 575 2329 623 2355; x_wconf 74' lang='grc' dir='ltr'><strong>καὶ</strong></span> <span class='ocrx_word' id='word_1_597' title='bbox 637 2329 691 2356; x_wconf 86' lang='grc' dir='ltr'>τῶν</span> <span class='ocrx_word' id='word_1_598' title='bbox 711 2330 810 2366; x_wconf 82' lang='grc' dir='ltr'>χειρῶν</span> <span class='ocrx_word' id='word_1_599' title='bbox 827 2331 945 2366; x_wconf 76' lang='grc' dir='ltr'>ἐφαπτο-</span> 
     </span>
    </p>
   </div>
   <div class='ocr_carea' id='block_1_96' title="bbox 160 2369 944 2414">
    <p class='ocr_par' dir='ltr' id='par_1_96' title="bbox 160 2369 944 2414">
     <span class='ocr_line' id='line_1_99' title="bbox 160 2369 944 2414; baseline 0.013 -19"><span class='ocrx_word' id='word_1_600' title='bbox 160 2369 254 2414; x_wconf 18' lang='grc' dir='ltr'>μένουγξ</span> <span class='ocrx_word' id='word_1_601' title='bbox 276 2371 313 2402; x_wconf 85' lang='grc' dir='ltr'>ὼς</span> <span class='ocrx_word' id='word_1_602' title='bbox 337 2371 374 2408; x_wconf 84' lang='grc' dir='ltr'>μὴ</span> <span class='ocrx_word' id='word_1_603' title='bbox 396 2372 521 2400; x_wconf 84' lang='grc' dir='ltr'>τεθνάναι</span> <span class='ocrx_word' id='word_1_604' title='bbox 542 2375 655 2407; x_wconf 78' lang='grc' dir='ltr'>εἰκότως</span> <span class='ocrx_word' id='word_1_605' title='bbox 673 2376 722 2411; x_wconf 83' lang='grc' dir='ltr'>τὴν</span> <span class='ocrx_word' id='word_1_606' title='bbox 744 2377 944 2414; x_wconf 80' lang='grc' dir='ltr'>τρισμακαρῑαν</span> 
     </span>
    </p>
   </div>
   <div class='ocr_carea' id='block_1_97' title="bbox 154 2413 944 2457">
    <p class='ocr_par' dir='ltr' id='par_1_97' title="bbox 154 2413 944 2457">
     <span class='ocr_line' id='line_1_100' title="bbox 154 2413 944 2457; baseline 0.011 -16"><span class='ocrx_word' id='word_1_607' title='bbox 154 2416 211 2447; x_wconf 84' lang='grc' dir='ltr'>τοῖς</span> <span class='ocrx_word' id='word_1_608' title='bbox 223 2413 252 2442; x_wconf 81' lang='grc' dir='ltr'>εὖ</span> <span class='ocrx_word' id='word_1_609' title='bbox 266 2417 395 2452; x_wconf 76' lang='grc' dir='ltr'>φρονοῦσι</span> <span class='ocrx_word' id='word_1_610' title='bbox 410 2418 507 2451; x_wconf 89' lang='grc' dir='ltr'>δοκεῖν,</span> <span class='ocrx_word' id='word_1_611' title='bbox 523 2419 672 2456; x_wconf 79' lang='grc' dir='ltr'>μεταϐολὴν</span> <span class='ocrx_word' id='word_1_612' title='bbox 687 2421 715 2447; x_wconf 85' lang='grc' dir='ltr'><strong>δὲ</strong></span> <span class='ocrx_word' id='word_1_613' title='bbox 735 2422 782 2448; x_wconf 78' lang='grc' dir='ltr'>καὶ</span> <span class='ocrx_word' id='word_1_614' title='bbox 801 2422 944 2457; x_wconf 82' lang='grc' dir='ltr'>μετάθεσιν</span> 
     </span>
    </p>
   </div>
   <div class='ocr_carea' id='block_1_98' title="bbox 153 2462 943 2504">
    <p class='ocr_par' dir='ltr' id='par_1_98' title="bbox 153 2462 943 2504">
     <span class='ocr_line' id='line_1_101' title="bbox 153 2462 943 2504; baseline 0.01 -16"><span class='ocrx_word' id='word_1_615' title='bbox 153 2462 250 2498; x_wconf 86' lang='grc' dir='ltr'>ἁληθεί</span> <span class='ocrx_word' id='word_1_616' title='bbox 278 2463 347 2498; x_wconf 86' lang='grc' dir='ltr'>λόγῳ</span> <span class='ocrx_word' id='word_1_617' title='bbox 369 2465 418 2500; x_wconf 80' lang='grc' dir='ltr'><strong>τῆς</strong></span> <span class='ocrx_word' id='word_1_618' title='bbox 441 2466 557 2499; x_wconf 82' lang='grc' dir='ltr'>γεώδους</span> <span class='ocrx_word' id='word_1_619' title='bbox 582 2467 656 2502; x_wconf 85' lang='grc' dir='ltr'>ζωῆς</span> <span class='ocrx_word' id='word_1_620' title='bbox 678 2467 724 2494; x_wconf 79' lang='grc' dir='ltr'>ἐπὶ</span> <span class='ocrx_word' id='word_1_621' title='bbox 747 2469 796 2504; x_wconf 88' lang='grc' dir='ltr'>τὴν</span> <span class='ocrx_word' id='word_1_622' title='bbox 819 2469 943 2504; x_wconf 84' lang='grc' dir='ltr'>οὐράνιον</span> 
     </span>
    </p>
   </div>
   <div class='ocr_carea' id='block_1_99' title="bbox 152 2509 942 2552">
    <p class='ocr_par' dir='ltr' id='par_1_99' title="bbox 152 2509 942 2552">
     <span class='ocr_line' id='line_1_102' title="bbox 152 2509 942 2552; baseline 0.011 -18"><span class='ocrx_word' id='word_1_623' title='bbox 152 2509 308 2544; x_wconf 84' lang='grc' dir='ltr'>ὑπομεῖναι.</span> <span class='ocrx_word' id='word_1_624' title='bbox 333 2510 558 2548; x_wconf 83' lang='grc' dir='ltr'>Ἀνεστοιχειοῦτο</span> <span class='ocrx_word' id='word_1_625' title='bbox 572 2514 638 2548; x_wconf 76' lang='grc' dir='ltr'>γοῦν</span> <span class='ocrx_word' id='word_1_626' title='bbox 651 2515 720 2550; x_wconf 84' lang='grc' dir='ltr'>αὐτῇ</span> <span class='ocrx_word' id='word_1_627' title='bbox 730 2514 801 2550; x_wconf 76' lang='grc' dir='ltr'>ψυχῇ</span> <span class='ocrx_word' id='word_1_628' title='bbox 813 2515 869 2552; x_wconf 82' lang='grc'><strong>(50)</strong></span> <span class='ocrx_word' id='word_1_629' title='bbox 896 2516 942 2543; x_wconf 78' lang='grc' dir='ltr'><strong>ἐπὶ</strong></span> 
     </span>
    </p>
   </div>
   <div class='ocr_carea' id='block_1_100' title="bbox 149 2553 942 2598">
    <p class='ocr_par' dir='ltr' id='par_1_100' title="bbox 149 2553 942 2598">
     <span class='ocr_line' id='line_1_103' title="bbox 149 2553 942 2598; baseline 0.011 -19"><span class='ocrx_word' id='word_1_630' title='bbox 149 2553 203 2588; x_wconf 84' lang='grc' dir='ltr'><strong>τὴν</strong></span> <span class='ocrx_word' id='word_1_631' title='bbox 217 2554 354 2590; x_wconf 73' lang='grc' dir='ltr'>ἄφθαρτον</span> <span class='ocrx_word' id='word_1_632' title='bbox 370 2557 417 2583; x_wconf 78' lang='grc' dir='ltr'><strong>καὶ</strong></span> <span class='ocrx_word' id='word_1_633' title='bbox 432 2557 579 2595; x_wconf 85' lang='grc' dir='ltr'>ἀγγελικὴν</span> <span class='ocrx_word' id='word_1_634' title='bbox 594 2559 699 2592; x_wconf 84' lang='grc' dir='ltr'>οὐσίαν,</span> <span class='ocrx_word' id='word_1_635' title='bbox 715 2560 785 2594; x_wconf 85' lang='grc' dir='ltr'>πρὸς</span> <span class='ocrx_word' id='word_1_636' title='bbox 801 2561 846 2588; x_wconf 79' lang='grc' dir='ltr'><strong>τὸν</strong></span> <span class='ocrx_word' id='word_1_637' title='bbox 856 2561 942 2598; x_wconf 82' lang='grc' dir='ltr'>αὐτῆς</span> 
     </span>
    </p>
   </div>
   <div class='ocr_carea' id='block_1_101' title="bbox 148 2599 538 2639">
    <p class='ocr_par' dir='ltr' id='par_1_101' title="bbox 148 2599 538 2639">
     <span class='ocr_line' id='line_1_104' title="bbox 148 2599 538 2639; baseline 0.015 -14"><span class='ocrx_word' id='word_1_638' title='bbox 148 2600 166 2626; x_wconf 85' lang='grc' dir='ltr'>ἁ</span> <span class='ocrx_word' id='word_1_639' title='bbox 173 2599 396 2637; x_wconf 78' lang='grc' dir='ltr'>ναλαμϐανομένη</span> <span class='ocrx_word' id='word_1_640' title='bbox 413 2603 489 2638; x_wconf 86' lang='grc' dir='ltr'>Σωτῆ</span> <span class='ocrx_word' id='word_1_641' title='bbox 494 2613 538 2639; x_wconf 91' lang='grc' dir='ltr'><strong>ρα.</strong></span> 
     </span>
    </p>
   </div>
   <div class='ocr_carea' id='block_1_102' title="bbox 409 2649 693 2679">
    <p class='ocr_par' dir='ltr' id='par_1_102' title="bbox 409 2649 693 2679">
     <span class='ocr_line' id='line_1_105' title="bbox 409 2649 693 2679; baseline 0.014 -4"><span class='ocrx_word' id='word_1_642' title='bbox 409 2649 608 2677; x_wconf 77' lang='grc' dir='ltr'><strong>ΚΕΦΑΛΔΙΟΝ</strong></span> <span class='ocrx_word' id='word_1_643' title='bbox 627 2651 693 2679; x_wconf 89' lang='grc' dir='ltr'><strong>ΜΖ’.</strong></span> 
     </span>
    </p>
   </div>
   <div class='ocr_carea' id='block_1_103' title="bbox 148 2691 940 2732">
    <p class='ocr_par' dir='ltr' id='par_1_103' title="bbox 148 2691 940 2732">
     <span class='ocr_line' id='line_1_106' title="bbox 148 2691 940 2732; baseline 0.013 -15"><span class='ocrx_word' id='word_1_644' title='bbox 148 2691 250 2724; x_wconf 79' lang='grc' dir='ltr'>’Ὅπως</span> <span class='ocrx_word' id='word_1_645' title='bbox 272 2691 456 2732; x_wconf 39' lang='grc' dir='ltr'>τὴνιμητᾴρα</span> <span class='ocrx_word' id='word_1_646' title='bbox 477 2696 702 2732; x_wconf 61' lang='grc' dir='ltr'>Κωνςταντῖνος</span> <span class='ocrx_word' id='word_1_647' title='bbox 723 2697 873 2732; x_wconf 75' lang='grc' dir='ltr'>κατέθετο,</span> <span class='ocrx_word' id='word_1_648' title='bbox 889 2700 940 2727; x_wconf 78' lang='grc' dir='ltr'>καὶ</span> 
     </span>
    </p>
   </div>
   <div class='ocr_carea' id='block_1_104' title="bbox 291 2727 798 2766">
    <p class='ocr_par' dir='ltr' id='par_1_104' title="bbox 291 2727 798 2766">
     <span class='ocr_line' id='line_1_107' title="bbox 291 2727 798 2766; baseline 0.014 -13"><span class='ocrx_word' id='word_1_649' title='bbox 291 2727 347 2762; x_wconf 80' lang='grc' dir='ltr'><strong>πρὸ</strong></span> <span class='ocrx_word' id='word_1_650' title='bbox 359 2728 465 2756; x_wconf 82' lang='grc' dir='ltr'>τούτου</span> <span class='ocrx_word' id='word_1_651' title='bbox 478 2729 528 2757; x_wconf 78' lang='grc' dir='ltr'>καὶ</span> <span class='ocrx_word' id='word_1_652' title='bbox 541 2729 638 2760; x_wconf 79' lang='grc' dir='ltr'>ζῶσαν</span> <span class='ocrx_word' id='word_1_653' title='bbox 647 2727 798 2766; x_wconf 58' lang='grc' dir='ltr'>ἐτίμησεν.</span> 
     </span>
    </p>
   </div>
   <div class='ocr_carea' id='block_1_105' title="bbox 186 2772 936 2818">
    <p class='ocr_par' dir='ltr' id='par_1_105' title="bbox 186 2772 936 2818">
     <span class='ocr_line' id='line_1_108' title="bbox 186 2772 936 2818; baseline 0.012 -19"><span class='ocrx_word' id='word_1_654' title='bbox 186 2773 242 2800; x_wconf 74' lang='grc' dir='ltr'>Καὶ</span> <span class='ocrx_word' id='word_1_655' title='bbox 257 2772 288 2800; x_wconf 83' lang='grc' dir='ltr'>τὸ</span> <span class='ocrx_word' id='word_1_656' title='bbox 307 2774 405 2810; x_wconf 79' lang='grc' dir='ltr'>σκῆνος</span> <span class='ocrx_word' id='word_1_657' title='bbox 418 2775 446 2802; x_wconf 85' lang='grc' dir='ltr'><strong>δὲ</strong></span> <span class='ocrx_word' id='word_1_658' title='bbox 462 2775 510 2811; x_wconf 76' lang='grc' dir='ltr'>τῆς</span> <span class='ocrx_word' id='word_1_659' title='bbox 526 2777 673 2813; x_wconf 80' lang='grc' dir='ltr'>μακαρίας,</span> <span class='ocrx_word' id='word_1_660' title='bbox 690 2779 720 2805; x_wconf 82' lang='grc' dir='ltr'><strong>οὐ</strong></span> <span class='ocrx_word' id='word_1_661' title='bbox 736 2780 786 2816; x_wconf 82' lang='grc' dir='ltr'>τῆς</span> <span class='ocrx_word' id='word_1_662' title='bbox 804 2780 936 2818; x_wconf 76' lang='grc' dir='ltr'>τυχούσης</span> 
     </span>
    </p>
   </div>
   <div class='ocr_carea' id='block_1_106' title="bbox 186 2838 558 2878">
    <p class='ocr_par' dir='ltr' id='par_1_106' title="bbox 186 2838 558 2878">
     <span class='ocr_line' id='line_1_109' title="bbox 186 2838 558 2878; baseline 0.013 -12"><span class='ocrx_word' id='word_1_663' title='bbox 186 2838 252 2878; x_wconf 55' lang='grc' dir='ltr'><strong>(ᾖξ’)</strong></span> <span class='ocrx_word' id='word_1_664' title='bbox 267 2839 314 2878; x_wconf 62' lang='lat' dir='ltr'><strong>de.</strong></span> <span class='ocrx_word' id='word_1_665' title='bbox 332 2840 403 2875; x_wconf 76' lang='lat' dir='ltr'><strong>Lege</strong></span> <span class='ocrx_word' id='word_1_666' title='bbox 417 2842 459 2878; x_wconf 87' lang='grc' dir='ltr'><strong>δή.</strong></span> <span class='ocrx_word' id='word_1_667' title='bbox 471 2842 558 2878; x_wconf 21' lang='grc' dir='ltr'>γΕοιτ.</span> 
     </span>
    </p>
   </div>
   <div class='ocr_carea' id='block_1_107' title="bbox 186 2875 935 2918">
    <p class='ocr_par' dir='ltr' id='par_1_107' title="bbox 186 2875 935 2918">
     <span class='ocr_line' id='line_1_110' title="bbox 186 2875 935 2918; baseline 0.013 -17"><span class='ocrx_word' id='word_1_668' title='bbox 186 2875 517 2918; x_wconf 18' lang='grc' dir='ltr'>ςξοχγΆγεσῑςοιχείοῦτο</span> <span class='ocrx_word' id='word_1_669' title='bbox 540 2879 616 2918; x_wconf 58' lang='grc' dir='ltr'>γοῦγ</span> <span class='ocrx_word' id='word_1_670' title='bbox 638 2879 717 2916; x_wconf 84' lang='grc' dir='ltr'>αὐτῇ</span> <span class='ocrx_word' id='word_1_671' title='bbox 745 2881 842 2918; x_wconf 71' lang='grc' dir='ltr'><strong>ψυχῇ.</strong></span> <span class='ocrx_word' id='word_1_672' title='bbox 873 2882 935 2911; x_wconf 66' lang='lat' dir='ltr'><strong>Haec</strong></span> 
     </span>
    </p>
   </div>
   <div class='ocr_carea' id='block_1_108' title="bbox 152 2911 935 2953">
    <p class='ocr_par' dir='ltr' id='par_1_108' title="bbox 152 2911 935 2953">
     <span class='ocr_line' id='line_1_111' title="bbox 152 2911 935 2953; baseline 0.01 -15"><span class='ocrx_word' id='word_1_673' title='bbox 152 2911 275 2945; x_wconf 75' lang='lat' dir='ltr'><strong>Origenis</strong></span> <span class='ocrx_word' id='word_1_674' title='bbox 287 2912 437 2940; x_wconf 83' lang='lat' dir='ltr'><strong>doctrinam</strong></span> <span class='ocrx_word' id='word_1_675' title='bbox 451 2911 550 2949; x_wconf 74' lang='lat' dir='ltr'><strong>sapere</strong></span> <span class='ocrx_word' id='word_1_676' title='bbox 564 2911 760 2951; x_wconf 38' lang='lat' dir='ltr'><strong>videntum-&quot;cui</strong></span> <span class='ocrx_word' id='word_1_677' title='bbox 780 2911 860 2953; x_wconf 68' lang='lat' dir='ltr'><strong>supra</strong></span> <span class='ocrx_word' id='word_1_678' title='bbox 877 2926 935 2946; x_wconf 85' lang='lat' dir='ltr'><strong>mo-</strong></span> 
     </span>
    </p>
   </div>
   <div class='ocr_carea' id='block_1_109' title="bbox 996 2340 1782 2379">
    <p class='ocr_par' dir='ltr' id='par_1_109' title="bbox 996 2340 1782 2379">
     <span class='ocr_line' id='line_1_112' title="bbox 996 2340 1782 2379; baseline 0.006 -12"><span class='ocrx_word' id='word_1_679' title='bbox 996 2347 1101 2374; x_wconf 88' lang='lat' dir='ltr'><strong>nusque</strong></span> <span class='ocrx_word' id='word_1_680' title='bbox 1117 2340 1174 2375; x_wconf 89' lang='lat' dir='ltr'><strong>ejus</strong></span> <span class='ocrx_word' id='word_1_681' title='bbox 1191 2341 1380 2376; x_wconf 86' lang='lat' dir='ltr'><strong>amplectente,</strong></span> <span class='ocrx_word' id='word_1_682' title='bbox 1396 2341 1463 2369; x_wconf 86' lang='lat' dir='ltr'><strong>adeo</strong></span> <span class='ocrx_word' id='word_1_683' title='bbox 1479 2346 1508 2369; x_wconf 88' lang='lat' dir='ltr'><strong>ut</strong></span> <span class='ocrx_word' id='word_1_684' title='bbox 1530 2350 1699 2379; x_wconf 82' lang='lat' dir='ltr'><strong>nequaquam</strong></span> <span class='ocrx_word' id='word_1_685' title='bbox 1713 2345 1782 2372; x_wconf 90' lang='lat' dir='ltr'><strong>mori</strong></span> 
     </span>
    </p>
   </div>
   <div class='ocr_carea' id='block_1_110' title="bbox 995 2385 1782 2422">
    <p class='ocr_par' dir='ltr' id='par_1_110' title="bbox 995 2385 1782 2422">
     <span class='ocr_line' id='line_1_113' title="bbox 995 2385 1782 2422; baseline 0.006 -11"><span class='ocrx_word' id='word_1_686' title='bbox 995 2385 1092 2413; x_wconf 91' lang='lat' dir='ltr'><strong>mulier</strong></span> <span class='ocrx_word' id='word_1_687' title='bbox 1115 2385 1284 2420; x_wconf 85' lang='lat' dir='ltr'><strong>beatissima,</strong></span> <span class='ocrx_word' id='word_1_688' title='bbox 1305 2386 1352 2414; x_wconf 91' lang='lat' dir='ltr'><strong>sed</strong></span> <span class='ocrx_word' id='word_1_689' title='bbox 1376 2388 1466 2422; x_wconf 88' lang='lat' dir='ltr'><strong>potius</strong></span> <span class='ocrx_word' id='word_1_690' title='bbox 1494 2388 1625 2415; x_wconf 85' lang='lat' dir='ltr'><strong>caducam</strong></span> <span class='ocrx_word' id='word_1_691' title='bbox 1652 2389 1722 2416; x_wconf 85' lang='lat' dir='ltr'><strong>hanc</strong></span> <span class='ocrx_word' id='word_1_692' title='bbox 1741 2389 1782 2417; x_wconf 83' lang='lat' dir='ltr'><strong>vi-</strong></span> 
     </span>
    </p>
   </div>
   <div class='ocr_carea' id='block_1_111' title="bbox 996 2432 1783 2464">
    <p class='ocr_par' dir='ltr' id='par_1_111' title="bbox 996 2432 1783 2464">
     <span class='ocr_line' id='line_1_114' title="bbox 996 2432 1783 2464; baseline 0.005 -6"><span class='ocrx_word' id='word_1_693' title='bbox 996 2435 1050 2458; x_wconf 88' lang='lat' dir='ltr'><strong>tam</strong></span> <span class='ocrx_word' id='word_1_694' title='bbox 1079 2439 1140 2459; x_wconf 89' lang='lat' dir='ltr'><strong>cum</strong></span> <span class='ocrx_word' id='word_1_695' title='bbox 1159 2432 1305 2460; x_wconf 89' lang='lat' dir='ltr'><strong>immortali</strong></span> <span class='ocrx_word' id='word_1_696' title='bbox 1330 2433 1384 2461; x_wconf 81' lang='lat' dir='ltr'><strong>vita</strong></span> <span class='ocrx_word' id='word_1_697' title='bbox 1410 2439 1580 2462; x_wconf 85' lang='lat' dir='ltr'><strong>commutare</strong></span> <span class='ocrx_word' id='word_1_698' title='bbox 1608 2439 1682 2463; x_wconf 88' lang='lat' dir='ltr'><strong>recte</strong></span> <span class='ocrx_word' id='word_1_699' title='bbox 1718 2442 1783 2464; x_wconf 84' lang='lat' dir='ltr'><strong>sen-</strong></span> 
     </span>
    </p>
   </div>
   <div class='ocr_carea' id='block_1_112' title="bbox 994 2476 1782 2515">
    <p class='ocr_par' dir='ltr' id='par_1_112' title="bbox 994 2476 1782 2515">
     <span class='ocr_line' id='line_1_115' title="bbox 994 2476 1782 2515; baseline 0.008 -12"><span class='ocrx_word' id='word_1_700' title='bbox 994 2476 1121 2505; x_wconf 84' lang='lat' dir='ltr'><strong>tientibus</strong></span> <span class='ocrx_word' id='word_1_701' title='bbox 1135 2478 1280 2506; x_wconf 86' lang='lat' dir='ltr'><strong>videretur.</strong></span> <span class='ocrx_word' id='word_1_702' title='bbox 1298 2479 1395 2507; x_wconf 78' lang='lat' dir='ltr'><strong>Anima</strong></span> <span class='ocrx_word' id='word_1_703' title='bbox 1416 2479 1497 2515; x_wconf 81' lang='lat' dir='ltr'><strong>igitur</strong></span> <span class='ocrx_word' id='word_1_704' title='bbox 1516 2480 1600 2514; x_wconf 77' lang='lat' dir='ltr'><strong>illius,</strong></span> <span class='ocrx_word' id='word_1_705' title='bbox 1615 2482 1641 2508; x_wconf 93' lang='lat' dir='ltr'><strong>in</strong></span> <span class='ocrx_word' id='word_1_706' title='bbox 1660 2481 1782 2509; x_wconf 72' lang='lat' dir='ltr'><strong>incorru-</strong></span> 
     </span>
    </p>
   </div>
   <div class='ocr_carea' id='block_1_113' title="bbox 992 2522 1779 2562">
    <p class='ocr_par' dir='ltr' id='par_1_113' title="bbox 992 2522 1779 2562">
     <span class='ocr_line' id='line_1_116' title="bbox 992 2522 1779 2562; baseline 0.008 -13"><span class='ocrx_word' id='word_1_707' title='bbox 992 2522 1112 2557; x_wconf 83' lang='lat' dir='ltr'><strong>ptibilem</strong></span> <span class='ocrx_word' id='word_1_708' title='bbox 1130 2529 1157 2551; x_wconf 89' lang='lat' dir='ltr'><strong>et</strong></span> <span class='ocrx_word' id='word_1_709' title='bbox 1182 2524 1332 2560; x_wconf 78' lang='lat' dir='ltr'><strong>angelicam</strong></span> <span class='ocrx_word' id='word_1_710' title='bbox 1359 2525 1539 2554; x_wconf 83' lang='lat' dir='ltr'><strong>substantiam</strong></span> <span class='ocrx_word' id='word_1_711' title='bbox 1567 2527 1731 2562; x_wconf 84' lang='lat' dir='ltr'><strong>reformata,</strong></span> <span class='ocrx_word' id='word_1_712' title='bbox 1746 2529 1779 2555; x_wconf 87' lang='lat' dir='ltr'><strong>ad</strong></span> 
     </span>
    </p>
   </div>
   <div class='ocr_carea' id='block_1_114' title="bbox 991 2568 1576 2608">
    <p class='ocr_par' dir='ltr' id='par_1_114' title="bbox 991 2568 1576 2608">
     <span class='ocr_line' id='line_1_117' title="bbox 991 2568 1576 2608; baseline 0.007 -12"><span class='ocrx_word' id='word_1_713' title='bbox 991 2569 1075 2597; x_wconf 87' lang='lat' dir='ltr'><strong>Deum</strong></span> <span class='ocrx_word' id='word_1_714' title='bbox 1091 2568 1263 2598; x_wconf 80' lang='lat' dir='ltr'><strong>Serratorem</strong></span> <span class='ocrx_word' id='word_1_715' title='bbox 1277 2579 1357 2600; x_wconf 90' lang='lat' dir='ltr'><strong>suum</strong></span> <span class='ocrx_word' id='word_1_716' title='bbox 1374 2579 1511 2608; x_wconf 85' lang='lat' dir='ltr'><strong>assumpta</strong></span> <span class='ocrx_word' id='word_1_717' title='bbox 1524 2577 1576 2602; x_wconf 87' lang='lat' dir='ltr'><strong>est.</strong></span> 
     </span>
    </p>
   </div>
   <div class='ocr_carea' id='block_1_115' title="bbox 1260 2659 1496 2689">
    <p class='ocr_par' dir='ltr' id='par_1_115' title="bbox 1260 2659 1496 2689">
     <span class='ocr_line' id='line_1_118' title="bbox 1260 2659 1496 2689; baseline 0.004 -2"><span class='ocrx_word' id='word_1_718' title='bbox 1260 2659 1375 2688; x_wconf 83' lang='lat' dir='ltr'><strong>CAPUT</strong></span> <span class='ocrx_word' id='word_1_719' title='bbox 1395 2660 1496 2689; x_wconf 79' lang='lat' dir='ltr'><strong>XLVII.</strong></span> 
     </span>
    </p>
   </div>
   <div class='ocr_carea' id='block_1_116' title="bbox 990 2702 1775 2742">
    <p class='ocr_par' dir='ltr' id='par_1_116' title="bbox 990 2702 1775 2742">
     <span class='ocr_line' id='line_1_119' title="bbox 990 2702 1775 2742; baseline 0.008 -13"><span class='ocrx_word' id='word_1_720' title='bbox 990 2702 1126 2735; x_wconf 79' lang='lat' dir='ltr'><strong>Quomodo</strong></span> <span class='ocrx_word' id='word_1_721' title='bbox 1141 2702 1330 2742; x_wconf 59' lang='lat' dir='ltr'><strong>Constantinus</strong></span> <span class='ocrx_word' id='word_1_722' title='bbox 1346 2711 1456 2742; x_wconf 69' lang='lat' dir='ltr'><strong>matrem</strong></span> <span class='ocrx_word' id='word_1_723' title='bbox 1468 2707 1586 2740; x_wconf 74' lang='lat' dir='ltr'><strong>deposuit</strong></span> <span class='ocrx_word' id='word_1_724' title='bbox 1600 2715 1609 2734; x_wconf 91' lang='lat'><em>:</em></span> <span class='ocrx_word' id='word_1_725' title='bbox 1623 2711 1648 2735; x_wconf 80' lang='lat' dir='ltr'><strong>et</strong></span> <span class='ocrx_word' id='word_1_726' title='bbox 1662 2706 1775 2742; x_wconf 79' lang='lat' dir='ltr'><strong>qualiter</strong></span> 
     </span>
    </p>
   </div>
   <div class='ocr_carea' id='block_1_117' title="bbox 1198 2739 1567 2769">
    <p class='ocr_par' dir='ltr' id='par_1_117' title="bbox 1198 2739 1567 2769">
     <span class='ocr_line' id='line_1_120' title="bbox 1198 2739 1567 2769; baseline 0.011 -4"><span class='ocrx_word' id='word_1_727' title='bbox 1198 2739 1272 2766; x_wconf 80' lang='lat' dir='ltr'><strong>illam</strong></span> <span class='ocrx_word' id='word_1_728' title='bbox 1288 2739 1371 2767; x_wconf 79' lang='lat' dir='ltr'><strong>coluit</strong></span> <span class='ocrx_word' id='word_1_729' title='bbox 1386 2741 1450 2768; x_wconf 83' lang='lat' dir='ltr'><strong>dum</strong></span> <span class='ocrx_word' id='word_1_730' title='bbox 1461 2739 1567 2769; x_wconf 78' lang='lat' dir='ltr'><strong>uiueret.</strong></span> 
     </span>
    </p>
   </div>
   <div class='ocr_carea' id='block_1_118' title="bbox 1023 2783 1776 2825">
    <p class='ocr_par' dir='ltr' id='par_1_118' title="bbox 1023 2783 1776 2825">
     <span class='ocr_line' id='line_1_121' title="bbox 1023 2783 1776 2825; baseline 0.009 -15"><span class='ocrx_word' id='word_1_731' title='bbox 1023 2783 1148 2812; x_wconf 82' lang='lat' dir='ltr'><strong>Cadaver</strong></span> <span class='ocrx_word' id='word_1_732' title='bbox 1172 2790 1263 2813; x_wconf 89' lang='lat' dir='ltr'><strong>autem</strong></span> <span class='ocrx_word' id='word_1_733' title='bbox 1276 2785 1361 2821; x_wconf 88' lang='lat' dir='ltr'><strong>ipsius</strong></span> <span class='ocrx_word' id='word_1_734' title='bbox 1376 2786 1479 2815; x_wconf 87' lang='lat' dir='ltr'><strong>honore</strong></span> <span class='ocrx_word' id='word_1_735' title='bbox 1494 2788 1703 2825; x_wconf 75' lang='lat' dir='ltr'><strong>haudquaquam</strong></span> <span class='ocrx_word' id='word_1_736' title='bbox 1718 2788 1776 2817; x_wconf 85' lang='lat' dir='ltr'><strong>vul-</strong></span> 
     </span>
    </p>
   </div>
   <div class='ocr_carea' id='block_1_119' title="bbox 987 2851 1772 2892">
    <p class='ocr_par' dir='ltr' id='par_1_119' title="bbox 987 2851 1772 2892">
     <span class='ocr_line' id='line_1_122' title="bbox 987 2851 1772 2892; baseline 0.008 -13"><span class='ocrx_word' id='word_1_737' title='bbox 987 2851 1050 2892; x_wconf 87' lang='lat' dir='ltr'><strong>du_m</strong></span> <span class='ocrx_word' id='word_1_738' title='bbox 1076 2851 1201 2892; x_wconf 74' lang='lat' dir='ltr'><strong>addictus</strong></span> <span class='ocrx_word' id='word_1_739' title='bbox 1214 2853 1273 2892; x_wconf 79' lang='lat' dir='ltr'><strong>fuit_</strong></span> <span class='ocrx_word' id='word_1_740' title='bbox 1292 2853 1425 2892; x_wconf 71' lang='lat' dir='ltr'><strong>Eusebius</strong></span> <span class='ocrx_word' id='word_1_741' title='bbox 1447 2859 1551 2884; x_wconf 85' lang='lat' dir='ltr'><strong>noster.</strong></span> <span class='ocrx_word' id='word_1_742' title='bbox 1582 2856 1678 2892; x_wconf 77' lang='lat' dir='ltr'><strong>Neque</strong></span> <span class='ocrx_word' id='word_1_743' title='bbox 1698 2858 1772 2886; x_wconf 85' lang='lat' dir='ltr'><strong>enim</strong></span> 
     </span>
    </p>
   </div>
   <div class='ocr_carea' id='block_1_120' title="bbox 986 2887 1772 2925">
    <p class='ocr_par' dir='ltr' id='par_1_120' title="bbox 986 2887 1772 2925">
     <span class='ocr_line' id='line_1_123' title="bbox 986 2887 1772 2925; baseline 0.008 -11"><span class='ocrx_word' id='word_1_744' title='bbox 986 2887 1083 2915; x_wconf 66' lang='lat' dir='ltr'><strong>animai</strong></span> <span class='ocrx_word' id='word_1_745' title='bbox 1098 2887 1239 2917; x_wconf 79' lang='lat' dir='ltr'><strong>beatorum</strong></span> <span class='ocrx_word' id='word_1_746' title='bbox 1265 2888 1293 2917; x_wconf 86' lang='lat' dir='ltr'><strong>in</strong></span> <span class='ocrx_word' id='word_1_747' title='bbox 1308 2889 1459 2925; x_wconf 72' lang='lat' dir='ltr'><strong>angelicam</strong></span> <span class='ocrx_word' id='word_1_748' title='bbox 1480 2887 1658 2922; x_wconf 75' lang='lat' dir='ltr'><strong>substantiam</strong></span> <span class='ocrx_word' id='word_1_749' title='bbox 1683 2892 1772 2921; x_wconf 70' lang='lat' dir='ltr'><strong>refos-</strong></span> 
     </span>
    </p>
   </div>
  </div>
