2000 3167
211 192 280 221 “01

583 191 717 220 EUSEBH
736 192 974 220 CESARIENSIS
992 192 1068 220 OPP.
1089 192 1181 220 PARS
1199 192 1218 219 1.
1239 208 1275 212 -
1293 191 1486 220 HISTORICA.

1765 191 1829 220 1108

210 252 267 286 gari
283 250 410 279 affectum
424 249 486 278 I'uit.
502 248 567 277 Nam
580 257 641 278 cum
663 250 764 286 ingenti
780 251 927 279 satellitum
945 258 994 278 nu-

1053 249 1157 285 ίιξιοῦτο
1178 250 1314 286 σπουδῆς⁹
1335 251 1450 286 πλείστῃ
1467 250 1531 284 γοῦν
1545 249 1692 285 δορυφορίᾳ
1714 247 1761 275 ἐπι
1781 249 1830 283 τὴν

209 305 285 326 mero
295 297 323 326 in
341 297 442 332 regiam
458 295 551 323 urbem
565 300 733 331 pervectum,
748 296 848 324 ibidem
864 297 890 324 in
908 297 993 332 regali

210 346 385 371 monumento
404 341 557 376 depositum
580 346 631 370 est.
655 341 712 370 Hoc
729 343 809 370 modo
823 343 995 378 imperatoris

210 393 298 416 mater
309 388 416 416 vivendi
433 387 514 416 tinem
538 387 618 421 fecit;
638 388 736 416 mulier
753 388 919 424 sempiterna
935 396 993 416 me-

210 433 297 462 moria
321 432 488 467 dignissima,
505 436 561 459 tum
581 433 615 460 ob
643 433 783 468 religiosos
807 437 884 462 actus
895 433 995 468 quibus

208 480 316 512 enituit,
330 484 386 506 tum
401 479 435 506 ob
445 479 698 514 praestantissimum
713 478 788 506 illum
801 484 829 506 et
846 478 995 507 admirabi-

211 527 262 552 lem
279 525 375 553 [uatum
390 525 436 560 qui
458 532 492 552 ex
516 524 562 552 illa
576 530 652 552 ortus
665 530 716 553 est.
740 526 824 558 Quem
838 525 945 558 quidem
960 524 996 552 ob

210 576 322 599 caeteras
334 578 389 604 res,
406 570 527 598 maxime
539 578 604 598 vero
620 571 654 598 ob
673 570 800 604 pietatem
819 570 845 598 in
866 575 993 604 matrem,

210 617 319 644 beatum
341 616 467 644 convenit
482 615 639 651 praedicare.
655 615 759 650 Quippe
775 616 860 650 illam,
871 624 933 644 cum
947 625 996 643 an-

211 667 255 689 tea
274 661 320 689 Dei
334 660 432 689 cultrix
447 669 500 689 non
519 666 599 693 esset,
617 665 672 688 tam
686 661 759 696 piam
783 669 815 689 ac
842 661 995 696 religiosam

211 707 387 742 prmstitit,ut
400 714 415 734 a
429 707 567 734 communi
578 707 697 734 omnium
714 706 860 734 Servatore
872 707 995 735 instituta

210 753 295 780 fuisse
301 753 445 780 videretur.
455 746 602 786 Regalibus
614 756 702 779 autem
713 752 861 780 honoribus
873 753 909 780 ita
923 760 997 780 eam-

211 799 272 825 dem
287 798 405 831 ornavit,
417 802 446 824 ut
470 798 497 825 in
512 798 639 826 omnibus
662 798 819 833 provinciis.
838 803 893 826 lum
904 803 935 825 *a
950 806 998 832 pa-

211 842 290 878 ganis
302 847 357 870 tum
371 850 386 869 a
403 842 536 870 militibus
556 847 669 877 augusta
686 847 713 870 et
726 843 884 878 imperatrix
896 851 998 871 nuncu-

212 890 333 920 paretur,
350 892 378 913 et
396 886 471 914 aurei
486 887 589 914 nummi
603 885 660 920 ejus
682 887 799 922 imagine
815 887 996 923 signarentur.

212 931 293 968 507
304 931 457 965 Quinetiam
472 931 660 960 thesaurorum
686 933 817 968 regalium
837 938 997 969 potestatem
1013 930 1035 957 Β

212 979 237 1006 ei
250 977 443 1007 Constantinus
459 984 641 1014 concesserat,
659 979 756 1014 quibus
778 986 827 1014 pro
840 979 956 1008 arbitrio
972 984 999 1007 et

212 1032 246 1050 ex
265 1023 348 1051 animi
357 1024 397 1051 sui
409 1024 556 1058 sententia,
568 1029 650 1060 prout
666 1025 771 1052 libitum
781 1029 852 1053 esset
864 1030 997 1054 uteretur.

213 1069 280 1097 Nam
294 1074 322 1097 et
335 1068 363 1096 in
379 1070 431 1097 hac
453 1075 531 1103 parte
547 1074 662 1097 matrem
685 1077 764 1098 suam
781 1071 953 1106 conspicuam
972 1076 1000 1099 et

214 1116 320 1143 beatam
329 1114 560 1149 omniumjudicio
569 1115 700 1144 reddidit.
711 1116 843 1150 Quocirca
854 1125 888 1145 ex
897 1117 930 1145 iis
941 1124 1001 1152 quae

214 1161 249 1189 ad
277 1161 435 1190 memoriam
465 1161 540 1188 illius
553 1161 742 1190 illustrandam
768 1163 921 1198 pertinent,
946 1171 1000 1191 non

215 1206 350 1235 immerito
362 1207 418 1234 haec
441 1205 521 1234 etiam
547 1207 756 1243 sssumpsimus,
778 1216 838 1243 qua:
855 1206 1001 1243 imperator

215 1260 264 1287 pro
292 1252 422 1288 singulari
442 1259 491 1280 sua
508 1252 611 1288 pietate
636 1253 665 1281 in
678 1253 811 1281 honorem
837 1255 931 1282 matris
944 1262 1001 1282 sum

215 1298 311 1333 gessit,
326 1299 390 1326 dum
414 1298 514 1326 divinis
537 1299 710 1334 obtemperat
735 1299 852 1335 legibus,
868 1308 928 1335 quae
940 1300 1001 1328 llliis

215 1343 305 1371 debita
317 1343 344 1371 in
360 1347 486 1378 parentes
501 1342 588 1371 oﬂicia
604 1343 757 1379 iniungunt.
773 1344 930 1379 Hujusmodi
942 1346 1001 1380 pul-

215 1390 350 1418 cherrima
362 1397 445 1425 opera
460 1389 487 1417 in
495 1389 638 1418 Palaestina
650 1391 806 1425 imperator,
818 1392 857 1418 uti
873 1391 1001 1424 diximus,

216 1438 365 1466 exstruxit.
382 1437 435 1465 Sed
449 1441 477 1465 et
490 1437 518 1464 in
533 1435 647 1471 reliquis
661 1437 806 1471 provinciis
816 1444 899 1465 novas
909 1445 924 1464 a
943 1437 1003 1464 fun-

216 1484 350 1511 damentis
375 1483 512 1511 aediﬁcatus
539 1484 688 1516 ecclesias,
715 1483 800 1511 multo
833 1483 1002 1518 augustiores

217 1536 300 1564 quam
315 1537 374 1563 qua:
395 1534 474 1556 antea
487 1533 575 1561 erant,
595 1529 696 1556 eﬂ‘ecit.

485 1573 600 1602 CAPUT
614 1573 730 1601 XLVIII.

254 1620 393 1654 Quomodo
410 1619 642 1654 Constantinopoli
662 1619 791 1654 martyrio
808 1619 954 1646 construxit

338 1662 492 1688 omnemque
504 1653 635 1681 idolorum
647 1653 746 1681 culturi;
761 1653 883 1681 aboievit.

253 1703 321 1730 Cum
337 1708 400 1729 vero
412 1702 550 1728 civitatem
567 1701 684 1729 nominis
698 1701 740 1728 sui
757 1701 790 1728 ad
803 1709 935 1729 summam
950 1701 1003 1737 glo-

219 1749 288 1776 riam
301 1747 432 1775 extollere
456 1746 637 1781 instituisset,
653 1747 778 1782 plurimis
801 1754 861 1775 eam
877 1748 1004 1776 oratoriis

219 1794 382 1827 exornavit,
395 1793 622 1828 amplissimisque
638 1793 779 1829 martyriis
797 1798 826 1821 et
841 1793 1003 1827 splendidis-

220 1839 298 1867 simis
312 1839 415 1867 adibus
434 1839 533 1874 partim
561 1839 589 1866 in
607 1838 745 1866 suburbiis
758 1859 767 1872 ,
790 1839 889 1874 partim
905 1839 933 1866 in
947 1839 1004 1874 ipsa

219 1885 330 1914 civitate
343 1885 515 1913 censtructis.
531 1884 619 1920 Atque
634 1884 686 1912 hoc
707 1889 788 1913 modo
802 1886 882 1913 simul
900 1891 1005 1922 marty—

220 1939 282 1960 rum
301 1932 444 1960 honoravit
465 1931 641 1964 memoriam,
664 1931 745 1964 simul
769 1931 905 1959 civitatem
927 1940 1004 1960 suam

222 1979 275 2014 Ipsi
292 1984 442 2014 martyrum
457 1976 512 2004 Deo
533 1975 818 2014 consecraviqTotus
834 1977 949 2012 denique
961 1985 1005 2004 sa-

221 2026 322 2061 pientia
334 2025 380 2052 Dei
399 2028 554 2059 exaestuans
564 2042 572 2056 ,
586 2022 678 2050 Urbem
699 2022 773 2050 iliam
789 2030 870 2058 quam
886 2023 1006 2058 appella-

223 2073 296 2101 tione
309 2071 427 2100 nominis
444 2071 485 2099 sui
501 2071 631 2106 insignire
652 2071 820 2104 decreverat,
833 2070 907 2097 omni
921 2070 1006 2098 idolo-

221 2126 282 2146 rum
298 2117 371 2146 cultu
396 2125 481 2152 usque
497 2118 564 2145 adeo
577 2124 692 2145 vacuam
705 2123 766 2144 esse
780 2116 884 2150 voluit,
902 2122 1006 2145 utnus—

218 2171 302 2200 quam
330 2163 357 2191 in
373 2163 418 2190 illa
436 2162 565 2191 falsorum
579 2162 720 2190 numinum
735 2161 878 2190 simulacra
896 2161 923 2188 in
937 2166 1006 2190 tem-

223 2246 340 2270 mantur.
354 2241 434 2269 Certe
449 2240 579 2274 Origenes
591 2241 619 2268 in
637 2240 836 2268 resurrectione
848 2247 961 2274 corpora
979 2241 1005 2268 in

223 2269 340 2310 animas,
358 2281 385 2304 et
397 2269 542 2303 animas'in
559 2276 670 2310 angelos
681 2279 812 2302 mutatum
829 2275 862 2302 iri
881 2269 1003 2309 credidit,
1021 2269 1043 2297 Ι)

223 2317 254 2339 ut
266 2311 364 2339 alicubi
381 2311 447 2338 dicit
461 2311 649 2346 Hieronymus.

257 2346 314 2383 (51)
328 2346 398 2383 (Ἐπεὶ
421 2346 479 2383 τὴν
499 2343 729 2383 ,βασιλεύουσαν
744 2379 750 2383 _
760 2343 875 2383 :tdoitgf._
890 2343 1005 2383 Romam

223 2379 357 2418 Intelligit.
371 2381 410 2408 Eo
425 2379 496 2418 enim
508 2381 685 2418 del_atum_est
702 2379 817 2418 cadaver
829 2379 936 2418 llelente
948 2380 1006 2406 Au-

222 2415 326 2451 gustae:
343 2421 370 2444 et
386 2420 457 2451 post,
470 2416 605 2451 biennium
621 2415 882 2451 Constantinopolim
906 2416 1004 2451 depor-

221 2449 318 2484 iatum,
346 2456 375 2479 ut
387 2449 483 2478 'tradit
497 2450 665 2485 Nicephorus
682 2451 708 2477 iu
728 2449 869 2485 librorvnl,
886 2457 945 2483 cap.
959 2450 1002 2476 50.

209 2490 259 2516 ,Δι
274 2487 401 2515 Socrates
417 2486 444 2513 in
459 2486 506 2513 lib.
521 2493 540 2517 i,
556 2484 616 2519 cap.
634 2485 678 2517 17,
701 2486 782 2511 verba
800 2484 908 2512 Eusebii
929 2490 1003 2511 tran—

223 2521 364 2554 scribens,
385 2521 436 2558 τὴν
456 2519 664 2558 ﬁactiegoumv
675 2519 752 2547 πόλιν
773 2527 868 2546 novam
892 2519 1003 2558 Romam

223 2555 425 2592 interpretatur.
450 2555 536 2590 Quem
559 2555 827 2592 Socratiserrorem
851 2555 946 2592 merito
959 2562 1004 2582 re-

223 2589 367 2629 prehendit
381 2591 512 2618 Barouius
522 2610 530 2622 ,
544 2597 604 2629 cum
614 2589 936 2629 AEusebiusregiaa‘urbis
957 2597 1005 2629 no:

225 2624 296 2654 iuine
313 2627 425 2654 Romam
445 2633 553 2660 semper
563 2625 713 2661 designare,
726 2625 822 2661 soleat.
841 2624 916 2652 Adde
933 2625 1004 2661 quod

225 2662 344 2689 nondum
364 2661 489 2690 dedicata
504 2659 565 2688 erat
575 2659 834 2694 Coustantinopolis,
848 2666 880 2686 ac
893 2660 1004 2694 proinde

223 2699 288 2725 urbs
302 2697 380 2733 regia
392 2696 484 2724 vocari
500 2703 570 2733 non_
577 2700 681 2733 poterat
692 2716 701 2728 ,
717 2702 777 2733 cum
793 2700 856 2722 tunc
876 2695 1004 2728 temporis

223 2736 296 2760 esset
323 2729 426 2758 tantum
451 2735 528 2758 vetus
554 2730 721 2766 Byzantium.
750 2729 896 2766 Socratem
915 2734 1002 2766 tamen

223 2772 333 2794 secutus
345 2772 386 2795 est
396 2767 546 2798 Cedrenus,
563 2764 696 2800 quietiam
711 2766 763 2792 hoc
778 2765 863 2799 addit,
875 2764 1003 2800 Helenam

226 2802 367 2828 duodecim
385 2809 463 2828 auius
474 2807 538 2828 ante
551 2799 756 2827 COnstanlimnu
768 2808 783 2827 e
797 2800 865 2827 vivis
878 2799 977 2826 abiisse
995 2808 1001 2825 :

226 2836 281 2865 Καὶ
300 2836 419 2871 ἀπετέθη
440 2837 469 2862 ἐν
490 2836 603 2871 λάρνακι
623 2835 748 2871 πορφυρᾷ
767 2835 848 2871 αὐτός
870 2842 898 2871 τε
918 2835 964 2871 καὶ
985 2836 1001 2870 ἡ

227 2862 319 2912 iliis?
333 2862 419 2912 οξὺτῖΐ
432 2862 605 2912 ἰτὶλένηὶλτρδ
618 2862 858 2912 δῆίξδεῖιάἑτῷντῆξ
867 2869 947 2912 αὑτοῦ
961 2862 1002 2896 τεί

226 2905 323 2940 uini;
335 2905 524 2934 ἀποθανοῦσα(
537 2905 592 2933 llae
606 2906 710 2932 ratione
725 2906 850 2934 Helenam
868 2911 999 2934 mortuam

1046 296 1242 331 βασιλεύουσαν
1266 296 1344 323 πόλιν
1367 295 1422 331 (51)
1449 294 1633 330 ἀνεκομίζετο,
1657 293 1779 321 ἐνταυθοῖ
1800 293 1830 320 δὲ

1045 341 1135 376 ¹ίῑρίοις
1151 340 1301 376 βασιλικοῖς
1321 340 1474 367 ἀπετίθετο.
1492 340 1545 366 Τοῦ
1564 340 1612 375 μὲν
1629 336 1676 366 οὖν
1700 338 1830 374 βασιλέως

1049 387 1197 414 ἐτελειοῦτο
1213 387 1230 422 ἡ
1244 387 1345 423 μήτηρ,
1360 386 1422 419 ἀξία
1435 386 1568 422 γενομένη
1583 386 1692 421 μνήμης
1701 385 1829 421 ἀλήστου,

1045 433 1099 460 τῶν
1114 442 1144 460 τε
1166 433 1252 469 αὐτῆς
1271 433 1363 460 εἵνεκα
1383 433 1514 468 θεοφιλῶν
1534 431 1670 468 πράξεων,
1692 430 1739 458 τοῦ
1755 431 1781 458 τ’
1801 432 1831 463 ἐς

1045 480 1131 515 αὐτῆς
1153 479 1251 515 φύντος
1275 479 1431 516 ὑπερφυοῦς
1453 479 1500 506 καὶ
1519 478 1669 515 παραδόξου
1692 477 1786 513 φυτοῦο
1801 477 1831 505 δν

1045 526 1114 563 πρὸς
1130 527 1186 558 τοῖς
1201 526 1296 558 ἅπασι,
1319 525 1365 552 καὶ
1381 526 1430 561 τῆς
1451 526 1490 557 είς
1511 525 1560 560 τὴν
1578 524 1739 559 γειναμένην
1754 523 1831 555 ὁσίας

1048 571 1209 609 μακαρίζειν
1225 571 1309 604 ἄξιον,
1324 570 1396 598 οὕτω
1409 570 1457 606 μὲν
1471 570 1554 606 αὐτὴν
1570 569 1682 605 θεοσεϐῆ
1695 569 1832 604 καταστή-

1048 627 1141 650 σαντα,
1158 618 1209 644 οὐκ
1220 615 1302 645 οὖσαν
1319 617 1460 653 πρότερον,
1478 617 1516 648 ὡς
1529 616 1604 652 αὑτῷ
1620 616 1709 643 δοκεῖν
1720 611 1782 650 (52)
1800 617 1833 642 ὲκ

1047 660 1159 697 πρώτης
1182 660 1222 696 τῷ
1238 659 1318 695 κοινῷ
1334 659 1440 696 Σωτῆρι
1467 658 1698 696 μεμαθητεῦσθαι·
1715 658 1785 685 οὓτω
1803 658 1832 685 δὲ

1047 706 1182 742 ἀξιώματι
1194 705 1325 742 βασιλικῷ
1337 706 1512 742 τετιμηκότα,
1526 705 1564 738 ὡς
1575 707 1604 733 ὲν
1620 706 1720 732 ἅπασιν
1733 704 1830 735 ἔθνεσι,

1048 754 1112 789 παρ’
1129 753 1221 785 αὐτοῖς
1236 761 1267 779 τε
1282 753 1338 784 τοῖς
1354 754 1558 788 στρατιωτικοῖς
1579 752 1715 788 τάγμασιν
1731 751 1831 785 αὐγού-

1049 807 1113 826 σταν
1132 799 1254 834 βασιλίδα
1273 797 1494 834 ἀναγορεύεσθαι,
1511 799 1621 834 χρυσοῖς
1636 806 1665 824 τε
1683 797 1833 833 νομίσμασι

1048 844 1095 872 καὶ
1111 843 1160 880 τὴν
1176 843 1260 879 αὐτῆς
1279 842 1460 870 ἐκτυποῦσθαι
1476 843 1567 870 εἰκόνα
1577 852 1584 858 ·
1604 842 1655 878 ἦδη
1673 843 1702 869 δὲ
1722 843 1769 869 καὶ
1783 842 1832 878 θη-

1050 889 1157 926 σαυρῶν
1180 889 1325 918 Βασιλικῶν
1349 890 1462 925 παρεῖχε
1485 888 1533 925 τὴν
1555 888 1689 921 ἐξουσίαν,
1715 888 1833 924 χρῆσθαι

1049 935 1120 963 κατὰ
1143 935 1300 972 προαίρεσιν
1318 935 1365 962 καὶ
1387 935 1496 962 διοικεῖν
1519 934 1588 961 κατὰ
1611 934 1734 970 γνώμην,
1759 934 1837 966 ὅπως

1050 980 1083 1008 ἂν
1095 980 1181 1008 ὲθέλοι
1196 980 1243 1008 καὶ
1259 981 1296 1013 ὡς
1312 980 1345 1007 ἂν
1359 978 1388 1008 εὖ
1404 980 1475 1016 ἔχειν
1490 981 1558 1016 αὑτῇ
1571 980 1706 1017 νομίζοιτο
1719 981 1832 1014 ἕκαστα,

1048 1023 1095 1051 τοῦ
1115 1024 1208 1056 παιδὸς
1230 1025 1316 1060 αὐτὴν
1331 1025 1383 1051 κὰν
1396 1025 1501 1057 τούτοις
1516 1025 1653 1062 διαπρεπῆ
1666 1027 1713 1053 καὶ
1726 1026 1834 1063 ἀξιοζή-

1049 1069 1133 1097 λωτον
1149 1071 1342 1106 πεποιημένου.
1356 1071 1401 1097 Διὸ
1425 1071 1479 1098 τῶν
1492 1073 1531 1103 εἰς
1544 1072 1624 1098 αὐτοῦ
1641 1073 1749 1108 μνήμην
1767 1074 1833 1100 ἁνα-

1051 1116 1218 1152 φερομένων,
1236 1117 1282 1144 καὶ
1296 1116 1372 1144 ταῦτ’
1383 1117 1494 1149 εἰκότως
1506 1118 1571 1153 ἡμῖν
1584 1118 1755 1154 ἀνείληπται,
1767 1119 1785 1146 ἃ
1799 1119 1834 1146 δι’

1051 1162 1190 1194 εὐσεϐείας
1212 1163 1364 1198 ὑπερϐολὴν
1387 1164 1493 1200 μητέρα
1515 1164 1612 1200 τιμῶν,
1636 1164 1754 1200 θεσμοὺς
1781 1165 1836 1192 ἀπο

1051 1208 1170 1244 επλήρου
1186 1209 1283 1241 θείους,
1300 1209 1371 1244 ἀμφὶ
1383 1209 1483 1243 γονέων
1494 1209 1575 1245 τιμῆς
1586 1209 1619 1236 τὰ
1630 1210 1767 1246 πρέποντα
1781 1209 1836 1236 δια-

1051 1254 1239 1290 ταττομένους.
1256 1255 1311 1286 Τὰς
1325 1255 1373 1290 μὲν
1387 1252 1433 1282 οὖν
1454 1255 1594 1291 λεχθείσας
1613 1255 1771 1290 φιλοκαλίας
1785 1255 1835 1292 βα-

1053 1300 1141 1332 σιλεὺς
1158 1301 1226 1337 πρὸς
1237 1300 1276 1336 τῷ
1290 1300 1475 1328 Παλαιστινῶν
1494 1301 1564 1329 ἔθνει
1575 1302 1649 1329 τόνδε
1664 1302 1774 1338 συνίστη
1789 1302 1835 1330 τὸν

1051 1346 1151 1383 τρόπον
1162 1356 1168 1362 ’
1186 1347 1233 1373 καὶ
1250 1346 1320 1374 κατὰ
1335 1347 1426 1380 πάσας
1440 1348 1469 1375 δὲ
1485 1347 1535 1380 τὰς
1548 1348 1681 1384 ἐπαρχίας
1694 1350 1837 1384 νεοπαγεϊς

1052 1390 1200 1428 ἐκκλησίας
1221 1393 1419 1425 ἐπισκευάζων,
1449 1393 1546 1429 μακρῷ
1561 1393 1615 1420 τῶν
1632 1394 1774 1430 προτέρων
1795 1402 1836 1420 1t-

1054 1438 1190 1474 μιωτέρας
1203 1438 1346 1473 ἀπέφαινε.

1283 1575 1480 1602 ΚΕΦΑΛΑΙΟΝ
1500 1576 1570 1602 MH'.

1055 1621 1151 1655 Ὅπως
1163 1621 1434 1648 ἐνΚωνο-ταντίνοιι
1450 1622 1536 1648 πόλει
1545 1621 1753 1656 μαρτύριαμὲν
1764 1621 1837 1654 ᾠκο-

1101 1657 1224 1691 δόμησε,
1242 1656 1346 1684 πᾶσαν
1359 1656 1393 1683 δὲ
1408 1656 1638 1690 είδωλολατρίαν
1652 1656 1790 1691 περιεῖλε.

1088 1702 1142 1738 Τὴν
1158 1701 1186 1728 δέ
1200 1702 1226 1736 γ’
1242 1701 1384 1737 ἐπώνυμον
1406 1700 1487 1728 αὑτοῦ
1505 1701 1581 1728 πόλιν
1601 1700 1685 1737 ὲξόχῳ
1701 1702 1766 1737 τιμῇ
1792 1709 1839 1736 γε-

1055 1748 1166 1785 ραίρων,
1185 1748 1340 1784 εὐκτηρίοις
1355 1747 1477 1775 πλείοσιν
1502 1747 1656 1784 ὲφαίδρυνε,
1679 1746 1839 1783 μαρτυρίοις

1053 1803 1084 1821 τε
1101 1793 1240 1830 μεγίστοις
1255 1794 1303 1820 καὶ
1324 1792 1566 1829 περιφανεστάτοις
1589 1792 1684 1824 οἴκοις,
1705 1793 1760 1824 τοῖς
1789 1791 1839 1826 μὲν

1054 1839 1108 1875 πρὸ
1124 1838 1171 1866 τοῦ
1183 1839 1288 1870 ἄστεος,
1304 1840 1360 1870 τοῖς
1378 1838 1401 1865 δ’
1421 1839 1449 1864 ἐν
1465 1837 1540 1874 αὐτῷ
1559 1838 1730 1873 τυγχάνουσι·
1751 1838 1785 1864 δι’
1800 1834 1840 1863 ὧν

1055 1884 1122 1921 ὁμοῦ
1139 1885 1187 1912 καὶ
1202 1884 1251 1916 τὰς
1266 1884 1320 1911 τῶν
1335 1883 1481 1920 μαρτύρων
1496 1884 1604 1920 μνήμας
1618 1884 1709 1920 ἐτίμα,
1727 1883 1774 1910 καὶ
1789 1883 1840 1919 τὴν

1055 1931 1138 1958 αὐτοῦ
1155 1931 1232 1958 πόλιν
1243 1931 1283 1966 τῷ
1300 1930 1354 1958 τῶν
1369 1930 1515 1966 μαρτύρων
1531 1929 1657 1965 καθιέρου
1675 1929 1743 1965 Θεῷ.
1760 1929 1840 1962 ’Όλος

1054 1976 1077 2003 δ’
1095 1976 1220 2012 ἐμπνέων
1237 1976 1292 2012 (55)
1305 1975 1372 2003 Θεοῦ
1391 1976 1497 2010 σοφίας,
1513 1976 1547 2011 ἥν
1562 1975 1612 2011 τῆς
1625 1975 1774 2011 ὲτῆγορίας
1784 1975 1841 2010 ’τῆς

1055 2022 1136 2050 αὑτοῦ
1152 2022 1228 2049 πόλιν
1248 2021 1392 2057 ἐπώνυμον
1407 2021 1543 2057 ἀποφῆναι
1560 2020 1659 2056 ἔκρινε,
1678 2019 1841 2055 καθαρεύειν

1055 2067 1259 2103 εἰδωλολατρίας
1274 2067 1384 2103 ἁπάσης
1404 2066 1531 2098 ἐδικαίου,
1548 2066 1586 2098 ὡς
1602 2065 1726 2102 μηδαμοῦ
1745 2065 1841 2100 φαίνε-

1058 2113 1120 2141 σθαι
1141 2114 1170 2141 ἐν
1186 2114 1255 2149 αὐτῇ
1281 2113 1335 2140 τῶν
1354 2112 1539 2148 νομιζομένων
1563 2111 1632 2139 θεῶν
1649 2111 1795 2148 ἀγάλματα
1811 2112 1842 2138 ἐν

1057 2160 1139 2195 ἱεροῖς
1160 2158 1375 2195 θρησκευόμενα,
1392 2158 1449 2185 ἀλλ’
1468 2158 1528 2184 οὐδὲ
1545 2157 1653 2193 βωμοὺς
1671 2157 1780 2192 λύθροις
1795 2157 1840 2183 αἰ-

1057 2248 1117 2268 esse
1138 2244 1278 2275 oporteret
1300 2247 1372 2275 anno
1392 2238 1495 2275 Christi
1520 2238 1572 2267 325
1606 2243 1652 2275 aut
1679 2242 1753 2265 certe
1775 2236 1841 2275 326.

1058 2276 1116 2308 Quo
1130 2272 1220 2303 tamen
1235 2282 1306 2302 anno
1322 2274 1538 2309 Hierosolymam
1558 2273 1679 2309 profecta
1697 2272 1841 2309 essedici:

1056 2306 1100 2337 tur
1121 2310 1155 2337 ab
1169 2310 1286 2338 Eusebio
1300 2314 1328 2336 et
1343 2306 1455 2337 Ruﬁno:
1473 2309 1548 2336 Adde
1559 2306 1644 2343 ’quod
1664 2312 1734 2343 post?
1751 2306 1840 2340 Crispi

1055 2345 1163 2373 caesaris
1178 2349 1206 2372 et
1218 2345 1325 2372 Fausta;
1340 2350 1461 2379 augustae
1480 2351 1572 2371 necem
1583 2342 1692 2379 'llelena
1712 2342 1840 2379 aliquau-

1055 2381 1099 2407 diu
1122 2380 1288 2412 supervixit,
1316 2383 1346 2406 ut
1371 2377 1486 2407 testatur
1517 2379 1641 2406 Zosimus
1665 2378 1691 2406 in
1715 2377 1784 2404 libro
1806 2382 1839 2403 ll.
1861 2379 1867 2386 '

1055 2415 1139 2442 Porro
1153 2414 1264 2450 Crispus
1291 2415 1397 2442 occisus
1417 2419 1458 2442 est
1476 2414 1658 2450 Constantino
1672 2418 1786 2450 augusto
1801 2419 1840 2450 _vn

1054 2455 1082 2477 et
1098 2447 1255 2477 Constantio
1269 2457 1369 2477 caesare
1392 2456 1549 2480 coss.,anuo
1560 2449 1659 2476 Christi
1672 2447 1724 2475 526
1736 2467 1743 2479 ,
1758 2452 1787 2473 ut
1801 2447 1841 2473 le-

1054 2486 1126 2520 gitur
1142 2485 1168 2512 in
1184 2484 1273 2512 Fastis
1284 2485 1371 2512 ldatii.
1384 2484 1455 2512 Mors
1472 2484 1553 2518 igitur
1579 2483 1686 2520 Helenae
1701 2489 1773 2520 anno
1789 2481 1842 2508 Do-

1055 2518 1119 2547 mini
1134 2521 1185 2547 527
1201 2526 1273 2548 recte
1283 2519 1524 2554 assignaripotest,
1541 2518 1765 2554 quemadmodum
1775 2523 1840 2543 seu-

1056 2556 1087 2582 tit
1102 2555 1227 2590 Sigonius
1243 2555 1268 2582 in
1284 2552 1352 2581 libro
1367 2562 1401 2590 ut
1411 2553 1449 2580 De
1460 2554 1575 2590 imperio
1585 2552 1754 2590 occidentali.

1091 2585 1148 2625 (52)
1165 2589 1243 2625 Vulg.
1258 2590 1297 2623 ὡς
1308 2589 1380 2625 αὺτρ
1389 2585 1501 2625 δοκεῖτί
1510 2589 1686 2625 Scriheudum
1699 2593 1740 2614 est
1749 2585 1840 2625 αὐτῷ.

1056 2621 1184 2653 Refertur
1196 2621 1268 2653 enim
1284 2621 1331 2651 ’θα
1347 2624 1386 2659 ’τῷ
1407 2624 1489 2659 κοινῷ
1511 2623 1628 2659 Σωτῆρι.
1647 2623 1735 2659 Atque
1749 2621 1840 2659 ita__iu

1055 2660 1124 2687 libro
1139 2660 1230 2687 Μοτιεί
1243 2660 1276 2687 ad
1300 2655 1447 2694 marginem
1468 2655 1644 2694 enientla'iuiu
1667 2655 1767 2694 inveni.
1784 2655 1841 2694 Nec

1055 2695 1135 2722 aliter
1156 2696 1283 2723 scribitur
1299 2695 1325 2721 in
1353 2691 1411 2722 50d.
1428 2693 1532 2721 Fukctii
1559 2699 1588 2720 et
1620 2691 1733 2725 Savilii,
1758 2696 1786 2720 et
1810 2692 1840 2718 in

1055 2729 1148 2764 Regiis
1159 2731 1276 2758 schedis.

1091 2761 1146 2802 (55)
1167 2765 1243 2800 Vulg.
1273 2766 1348 2798 ὅλως
1370 2764 1396 2791 δ’
1421 2763 1585 2802 ἐμπνέων-ι.
1600 2761 1841 2802 Malim_scrib_cre

1056 2801 1126 2833 ὅλος,
1137 2797 1305 2836 ’ῳιοῖΠοηεθ
1322 2797 1474 2834 elegantius
1485 2804 1536 2836 est.
1558 2798 1686 2836 Sic_ce_rte
1700 2798 1726 2824 in
1745 2797 1842 2824 codice

1057 2836 1125 2865 Fuk.
1143 2833 1168 2864 et
1182 2836 1207 2863 in
1225 2833 1316 2871 Regiis
1335 2833 1442 2863 schedis
1461 2834 1591 2869 scriptum
1606 2833 1729 2861 habetur.
