2000 3167
138 188 208 216 ’117

685 184 730 211 DE
750 184 829 212 Vl'IA
848 184 1078 213 CONSTANI‘INI
1097 184 1152 212 LIB
1169 185 1216 212 ῐῙΙ.

1690 185 1756 213 “19

136 244 336 281 navtaxpdttopt
360 244 407 271 καὶ
424 244 528 279 Σωτῆρι
552 243 630 278 ἡμῶν
654 243 701 270 καὶ
719 243 774 270 τῶν
794 244 862 270 ὅλων
879 244 920 270 δε-

979 251 1071 276 neam,
1088 251 1148 278 quae
1163 251 1195 270 cx
1218 244 1264 271 Dei
1281 243 1354 271 cultu
1373 245 1506 280 praecipue
1523 244 1755 280 dependet,atlim-

94 311 98 315 .
136 292 222 326 σπάεῃ
235 290 294 324 Θεῷ
308 289 442 316 τελεῖσθαι
457 288 613 324 θρησκείαν·
631 288 698 324 ὅπερ
711 288 778 323 μετὰ
792 289 841 324 τῆς
849 288 920 316 δεού-

136 345 186 373 σης
208 336 345 372 προσῆκον
362 335 434 370 ὑμᾶς
448 334 590 368 φυλάττειν
684 334 833 370 φροντίδος,
851 334 878 361 εἴ
888 334 921 369 γέ

973 290 1058 325 plere,
1073 289 1239 323 uliconﬁdo,
1260 289 1384 317 Gravitas
1406 289 1500 318 Vestra
1525 290 1669 318 desiderat.
1686 291 1756 318 Divi-

973 337 1043 364 nitas
1058 344 1108 364 vos
1120 340 1223 370 servet,
1242 335 1341 363 fratres
1356 336 1519 364 charissimi.
1543 345 1553 362 ι

138 393 183 436 μοι
197 383 239 436 τὶι
254 382 413 436 ἴαταθύμια
451 382 675 436 τῇςλθεοσεὶὃείας
689 382 845 436 -ἐξαιρέτως
883 382 1035 419 ἠρτημένα,
1061 385 1154 420 ὥσπερ
1177 382 1223 411 οὖν
1246 384 1406 419 πέπεισμαι,
1424 385 1441 420 ὴ
1460 384 1597 419 ’Υμετέρα
1623 383 1757 421 Σεμνότης

136 429 305 466 πληροῦσθαι
328 429 460 465 βούλεται.
497 430 526 456 '0
557 429 622 461 Θεὸς
646 430 718 465 ὑμᾶς
749 430 920 465 διαφυλάξοι,
935 431 1045 467 ἀδελφοὶ
1058 432 1204 468 ἀγαπητοί.
1222 441 1232 458 ι

391 477 589 504 ΚΕΦΑΛΑΙΟΝ
608 477 669 513 ΝΔί.

172 523 337 551 Ειδωλείων
349 523 398 550 καὶ
409 522 526 556 ξοάνων
537 524 692 558 πανταχοῦ
709 523 885 557 κατάλυσις.

172 570 266 597 Πάντα
284 569 331 605 μὲν
348 568 379 604 δὴ
400 567 487 595 ταῦτα
507 568 640 595 συντελῶν
658 569 698 601 είς
713 568 792 601 δόξαν
805 570 854 605 τῆς
871 579 923 597 σω-

137 615 231 652 τηρίου
242 615 382 650 δυνάμεως
396 614 521 650 βασιλεὺς
535 614 797 650 διεπραγματεύετο.
810 615 865 641 Καὶ
877 615 922 642 τὸν

140 663 189 698 μὲν
205 661 289 689 αὑτοῦ
302 661 418 696 Σωτῆρα
434 660 500 687 Θεὸν
515 656 566 687 ὧδέ
589 670 626 696 πη
646 661 757 688 διετέλει
775 661 922 697 γεραίρων,

138 708 185 744 τὴν
200 707 229 735 δέ
250 716 282 742 γε
300 707 354 734 τῶν
368 706 452 733 ἐθνῶν
468 707 650 742 δεισιδαίμονα
665 707 768 741 πλάνην
788 707 923 739 παντοίοις

137 752 265 788 ὲξήλεγχε
293 751 414 787 τρόποις.
445 752 541 779 Ἔνθεν
565 752 677 784 εἰκότως
701 751 851 787 ὲγυμνοῦτο
874 752 923 787 μὲν

137 798 229 830 αὐτοῖς
244 797 298 824 τῶν
318 797 388 825 κατὰ
405 798 482 824 πόλιν
503 797 570 824 νεῶν
584 797 624 832 ea;
647 798 812 832 προπύλαια,
834 798 924 834 θυρῶν

138 845 228 881 ἔρημα
247 844 376 880 γινόμενα
401 844 532 879 βασιλέως
549 844 757 880 προστάγματι·
777 844 876 880 ἐτέρων
899 843 921 870 δ’

1273 478 1386 507 CAPUT
1400 478 1465 506 LIV.

1124 527 1202 555 Fam:
1218 532 1243 555 et
1256 518 1399 553 simulacra
1410 525 1503 560 ubique
1517 525 1615 552 diruta.

1010 574 1072 601 Haec
1103 573 1194 600 omnia
1228 572 1375 606 imperator
1405 571 1438 598 ad
1469 570 1580 605 gloriam
1612 569 1756 597 salutiferae

975 619 1075 647 Christi
1091 618 1199 645 virtutis
1226 617 1300 644 omni
1326 616 1414 644 studio
1438 615 1593 651 peragebat.
1612 616 1650 642 Ac
1672 615 1755 643 Deum

974 665 1082 700 quidem
1101 664 1276 690 Servatorem
1292 670 1371 690 suum
1396 662 1447 689 hac
1472 661 1576 688 ratione
1601 661 1688 688 colere
1703 669 1756 688 non

974 711 1109 738 cessabat.
1127 709 1275 737 Gentilium
1290 715 1355 736 vero
1374 707 1589 742 superstitiosum
1615 713 1735 734 errarem
1747 725 1756 738 ,

975 756 1100 783 onmibus
1115 753 1204 782 modis
1227 753 1356 781 studebat
1385 752 1560 780 convincere.
1577 751 1670 786 Itaque
1688 758 1756 785 quo-

977 801 1102 835 rumdam
1119 801 1145 828 in
1166 799 1277 827 urbibus
1288 798 1415 826 fanorum
1431 796 1562 825 vestibula
1576 797 1757 829 uudahantur,

976 846 1062 874 valvis
1083 845 1159 880 jussu
1187 844 1358 880 imperatoris
1383 843 1495 876 orbata;
1518 842 1632 869 aliorum
1658 846 1757 869 tectum

141 892 155 927 ἠ
171 890 218 917 ἐπὶ
231 891 287 921 τοῖς
302 890 410 925 ὀρόφοις
422 889 516 925 στέγη,
527 889 581 916 τῶν
592 889 715 925 καλυπτή
721 898 774 926 ρων
791 890 922 926 ἀφαιρου-

979 891 1208 926 corrumpebatur,
1238 888 1335 924 tegulis
1356 887 1464 916 amotis.
1494 886 1687 914 Nonnullorum
1713 894 1759 913 ve-

139 937 238 972 μένων,
251 936 391 973 ἐφθείρετο
401 944 408 951 ο
424 935 511 963 ἄλλων
523 935 558 962 τὰ
576 935 663 972 σεμνὰ
679 935 833 972 χαλκουργή
839 944 920 971 ματα,

138 983 180 1016 ἐφ’
196 979 237 1014 οἷς
251 983 268 1018 ἡ
284 981 338 1009 τῶν
355 981 475 1008 παλαιῶν
487 981 578 1017 ἀπάτη
596 983 710 1018 μακροῖς
720 982 923 1017 ὲσεμνολογεῖτο

139 1027 255 1064 χρόνοις,
272 1027 372 1063 ἔκδηλα
392 1029 448 1059 τοῖς
471 1028 553 1054 πᾶσιν
569 1028 598 1053 ὲν
618 1028 730 1063 ἀγοραῖς
749 1028 804 1061 (55)
823 1028 923 1058 πάσαις

139 1075 189 1109 τῆς
204 1073 335 1109 βασιλέως
357 1073 461 1105 πόλεως
478 1073 654 1109 προύτίθετο’
671 1074 709 1105 ὡς
725 1074 764 1106 εἰς
782 1074 924 1109 ἀσχήμονα

139 1119 204 1146 θέαν
222 1119 380 1155 προκεῖσθαι
401 1119 457 1153 τοῖς
478 1118 588 1154 ὁρῶσιν,
606 1115 657 1145 ὧδε
677 1118 725 1153 μὲν
749 1118 794 1145 τὸν
813 1118 922 1150 Πύθιον,

140 1163 252 1200 ἑτέρωθι
276 1163 304 1190 δὲ
319 1163 366 1190 τὸν
390 1163 525 1199 Σμίνθιον,
549 1164 579 1190 ὲν
601 1163 675 1199 αὑτῷ
690 1163 718 1190 δὲ
745 1163 923 1199 ίπποδρομίῳ,

141 1211 202 1242 τοὺς
219 1210 249 1236 ὲν
266 1210 376 1244 Δελφοῖς
397 1209 537 1245 τρίποδας,
554 1209 603 1242 τὰς
623 1209 645 1236 δ’
664 1210 837 1242 Ἑλικωνίδας
852 1209 925 1237 Μού-

140 1265 190 1289 σας
204 1257 232 1282 ὲν
254 1256 377 1291 παλατίῳ
480 1255 646 1291 Ἐπληροῦτο
662 1256 690 1282 δὲ
707 1255 793 1282 διόλου
818 1256 893 1282 πᾶσα
907 1257 924 1291 ἡ

140 1300 271 1337 βασιλέως
287 1299 427 1336 ἐπώνυμος
444 1300 521 1332 πόλις
534 1301 589 1327 τῶν
602 1301 672 1327 κατὰ
688 1301 743 1328 πᾶν
759 1300 834 1332 ἒονος
850 1301 925 1327 ἐντέ-

141 1356 213 1382 χνοις
243 1346 342 1382 χαλκοῦ
365 1345 534 1380 φιλοκαλίαις
559 1347 767 1383 ἀφιερωμένων·
793 1345 834 1379 οἷς
857 1347 926 1373 θεῶν

140 1392 250 1428 ὀνόματι
270 1392 399 1424 πλείστας
422 1392 486 1424 ὅσας
512 1392 678 1428 ἑκατόμὸας,
705 1392 867 1424 ὁλοκαύτους
895 1401 925 1419 τε

141 1438 236 1470 θυσίας
250 1438 289 1469 είς
306 1436 419 1473 μάταιον
435 1437 580 1469 ἀποδόντες
597 1439 712 1473 μακροῖς
727 1438 822 1465 αίῶσιν
836 1439 860 1465 οἱ
877 1437 925 1474 τὴν

142 1483 245 1518 πλάνην
261 1482 445 1517 νενοσηκότες,
459 1481 508 1516 ὀψέ
523 1491 588 1508 ποτε
602 1484 709 1518 φρονεῖν
723 1482 854 1517 ἔγνωσαν,
869 1482 926 1509 τού-

146 1537 198 1559 τοις
214 1529 314 1560 αὐτοῖς,
329 1527 483 1563 ἀθύρμασιν
504 1528 551 1554 ἐπὶ
573 1527 669 1561 γέλωτι
693 1529 740 1555 καὶ
761 1529 856 1564 παιδιᾷ
871 1528 925 1556 τῶν

141 1574 267 1610 ὁρώντων
295 1573 426 1605 Βασιλέως
450 1573 631 1609 κεχρημένου.
657 1573 697 1600 Τὰ
713 1574 741 1601 δέ
767 1583 799 1609 γε
822 1575 924 1610 χρύσεα

143 1621 195 1647 τῶν
217 1620 382 1655 ἀγαλμάτων
401 1620 467 1656 ἄλλῃ
491 1627 530 1654 πη
557 1619 705 1655 μετήρχετο
724 1620 790 1654 (55).
818 1621 925 1657 Ἐπειδὴ

143 1667 198 1702 γὰρ
215 1667 315 1693 συνεῖδε
336 1667 423 1702 μάτην
439 1665 610 1701 δειμαίνοντα
625 1665 728 1701 νηπίων
742 1667 819 1702 δίκην
841 1667 927 1703 ἀφρό-

144 1722 195 1740 νων
221 1713 257 1740 τὸι
279 1713 368 1749 πλήθη
394 1713 443 1748 τῆς
469 1712 572 1747 πλάνης
599 1712 633 1738 τὰ
657 1713 849 1748 μορμολύκεια,
878 1713 928 1751 ὕλῃ

143 1758 244 1795 χρυσοῦ
257 1759 303 1786 καὶ
313 1759 433 1795 ἀργύρου
447 1759 635 1794 πεπλασμένα,
650 1759 697 1785 καὶ
710 1758 928 1789 ταῦτα,ὲκποδὼν

143 1805 212 1842 ᾤετο
236 1805 290 1832 δεῖν
307 1804 433 1841 ἄρασθαι,
460 1804 554 1841 ὥσπερ
578 1804 640 1831 τινὰ
664 1804 744 1832 λίθων
769 1806 929 1841 ὲγκόμματα

143 1854 200 1884 τοῖς
216 1853 245 1878 ὲν
262 1852 349 1887 σκότῳ
366 1850 501 1886 βαδίζουσι
518 1851 571 1886 πρὸ
585 1851 639 1877 τῶν
659 1850 746 1877 ποδῶν
765 1852 927 1888 ἐρριμμένα,

144 1898 219 1926 λείαν
238 1906 268 1924 τε
285 1897 333 1924 καὶ
351 1896 455 1932 ὁμαλὴν
472 1896 519 1924 τοῦ
535 1896 628 1923 λοιποῦ
645 1896 694 1932 τὴν
712 1897 852 1932 βασιλικὴν
872 1899 929 1930 τοῖς

144 1946 228 1972 πᾶσιν
248 1944 416 1971 ἀναπετάσαι
439 1943 551 1978 πορείαν
566 1943 635 1979 (56)·
662 1943 747 1970 ταῦτα
768 1943 791 1970 δ’
809 1942 855 1970 οὖν
871 1944 929 1971 δια-

145 1990 262 2026 νοηθεὶς,
285 1991 334 2026 οὐχ
355 1989 471 2017 ὁπλιτῶν
485 1988 559 2024 αὺτῷ
580 1989 627 2016 καὶ
648 1989 765 2025 πλήθους
782 1998 930 2026 στρατοπε-

145 2036 219 2068 δείας
233 2037 355 2073 ἡγήσατο
375 2035 430 2062 δεῖν
444 2035 511 2071 πρὸς
529 2035 574 2062 τὸν
589 2035 690 2062 τούτων
710 2035 830 2071 ἔλεγχον,
847 2034 887 2068 εἷς
901 2036 930 2063 δὲ

147 2082 226 2118 μόνος
237 2081 311 2117 αὐτῷ
323 2082 370 2108 καὶ
391 2081 515 2117 δεύτερος
528 2080 582 2108 τῶν
596 2080 677 2107 αὑτοῦ
691 2081 844 2117 γνωρίμων,
862 2082 930 2118 πρὸς

146 2128 297 2164 ὑπηρεσίαν
308 2128 459 2164 ἀπήρκουν,
471 2126 518 2159 οὓς
528 2126 568 2154 ἐνὶ
577 2126 688 2163 νεύματι
702 2126 771 2153 κατὰ
788 2128 841 2154 πᾶν
855 2128 930 2160 ἔθνος

938 1557 959 1588 C

183 2215 239 2256 (δῇ)
258 2215 349 2256 ναις..
365 2214 522 2256 προσῇκεν
546 2213 626 2256 ᾧμᾶς
655 2213 837 2256 pudcitiam;
857 2215 930 2256 Lego

147 2249 296 2289 προσῆκον,
309 2249 350 2289 vel
369 2250 513 2289 προσῄπειέ
525 2249 672 2289 ttt__legisse
686 2250 795 2276 videtur
807 2249 929 2289 Qhristo-

147 2283 311 2327 phorsonus.
329 2284 358 2327 I'n
374 2283 479 2312 schedis
495 2283 585 2319 Regiis
596 2284 727 2319 scriptum
743 2285 830 2319 reperi
847 2295 931 2321 προσ-

147 2321 226 2356 ῆκον,
241 2324 276 2356 ut'
284 2320 464 2356 conieceram.

185 2356 241 2390 (55)
258 2355 310 2382 Ἐν
329 2352 460 2390 ἀγοραῖς.
480 2355 647 2382 Sozomenus
664 2354 696 2390 in,
708 2353 756 2381 lib.
774 2361 805 2386 ιι,
825 2359 885 2390 cap.
903 2352 932 2390 ι,

148 2388 194 2419 ubi
217 2395 301 2417 totum
328 2388 398 2416 hunc
421 2389 530 2417 Eusebii
558 2390 645 2417 locum
672 2389 754 2423 plane
776 2388 933 2420 descripsit,

148 2426 230 2497 gzhgt
244 2425 315 2486 1:;de
327 2425 376 2457 τὰς
392 2424 500 2458 ἀγυιὰς,
520 2425 566 2451 καὶ
585 2424 630 2451 τὸν
641 2424 807 2459 ἱππόδρομον
830 2423 878 2449 καὶ
899 2423 935 2449 τὰ

187 2470 202 2487 σ
230 2469 253 2486 ει
276 2481 282 2487 .

187 2468 282 2487 σιΛεια.

188 2495 246 2535 (54)
268 2494 325 2535 rem
340 2494 373 2535 ,δ’
392 2493 586 2535 Ἑλικωνίδας
601 2494 773 2535 μούσας-ὲν
789 2493 932 2535 atad-amp.

150 2529 319 2558 Themistius
338 2529 366 2556 in
381 2530 505 2557 oratione
520 2530 537 2558 ὅ
554 2531 587 2557 ad
603 2529 783 2556 Theodosium
797 2529 872 2555 testis
882 2533 933 2561 est,

152 2565 290 2604 plus-arum
307 2568 410 2604 stat_uas
423 2564 506 2592 fuisse
513 2565 545 2604 _i_u
560 2566 635 2604 curia
646 2563 934 2604 anstantinodeem

152 2600 180 2628 in
192 2599 315 2639 oratione
330 2599 366 2639 ad
377 2605 499 2639 senatum
509 2599 578 2633 Περὶ
591 2598 764 2639 {mos-5pm,
775 2599 812 2639 ait
825 2606 871 2626 eas
881 2604 936 2626 sta-

153 2639 217 2676 tuas
231 2633 294 2676 hinc
311 2638 338 2674 et
354 2633 416 2660 inde
429 2634 575 2661 collocatas
595 2635 678 2676 fuisse
692 2633 792 2676 duplici
812 2641 934 2667 numero,

156 2671 194 2698 ita
211 2674 241 2695 ut
254 2676 305 2695 non
315 2669 371 2701 jam
385 2676 481 2695 novem
494 2673 597 2701 essent,
614 2669 662 2695 sed
673 2669 833 2695 octodecim.

191 2703 247 2740 (55)
260 2703 357 2740 "A1411
371 2710 412 2737 πη
426 2703 690 2740 μετήρχετο.ιΕι·ειι
702 2703 809 2740 quidem
826 2703 934 2740 deorum

157 2738 300 2768 simulacra
313 2739 505 2766 Constantinus
519 2739 676 2774 Byzantium
692 2738 787 2765 devehi
800 2738 890 2772 jussit.
907 2743 936 2765 ut

156 2775 251 2802 urbem
268 2774 339 2800 illan:
352 2774 504 2808 hujusmodi
524 2774 618 2808 spoliis
627 2777 782 2801 exornaret.
808 2774 936 2806 Quaecun-

156 2818 209 2845 que
220 2817 284 2837 vero
295 2817 328 2837 ex
347 2816 413 2836 auro
429 2814 597 2844 argentoque
621 2808 768 2845 fabrefacta
795 2813 889 2845 erant,
903 2817 934 2836 ea

157 2844 268 2872 conflari
293 2850 320 2872 et
341 2851 467 2871 nummos
481 2852 514 2871 ex
535 2845 568 2871 iis
592 2844 648 2871 fieri
668 2844 759 2878 jussit,
776 2844 813 2870 uti
838 2844 935 2871 scribit

159 2880 326 2907 Sozomenns
338 2879 364 2906 iu
375 2879 420 2906 lih.
435 2887 462 2911 ιι,
480 2887 538 2914 cap.
548 2880 628 2915 Lqui
641 2877 713 2915 hunc
725 2877 832 2906 Eusebii
848 2879 935 2906 locum

161 2916 261 2949 optime
279 2915 480 2950 interpretatur.
498 2913 534 2943 De
548 2913 598 2944 hac
616 2913 774 2948 templorum
787 2920 813 2941 et
824 2914 935 2942 simula-

973 937 1094 965 neranda
1120 945 1152 963 ex
1177 942 1230 962 mre
1254 934 1418 966 simulacra,
1447 939 1507 968 qua:
1527 939 1604 959 error
1627 931 1758 966 majorum

973 984 1066 1012 multis
1087 982 1143 1018 jam
1166 981 1244 1009 annis
1259 980 1401 1015 magnifice
1418 979 1557 1013 iactabat,
1581 985 1629 1013 per
1645 978 1701 1005 fora
1714 986 1759 1004 ur-

973 1029 1015 1057 bis
1041 1029 1075 1056 ab
1107 1028 1273 1062 imperatore
1300 1023 1495 1059 cognominatae
1512 1042 1520 1054 ,
1547 1023 1665 1049 omnium
1694 1029 1760 1048 ocu-

974 1075 1009 1102 lis
1031 1073 1152 1108 suhjecta
1178 1076 1253 1104 sunt,
1280 1071 1347 1097 adeo
1369 1073 1398 1096 ut
1419 1069 1452 1096 ad
1476 1068 1621 1095 ludibrium
1644 1072 1672 1094 et
1695 1074 1760 1094 con-

975 1120 1114 1149 tumeliam
1140 1117 1321 1154 spectantium
1344 1119 1470 1150 paterent
1492 1113 1626 1148 expositi,
1645 1113 1689 1140 hic
1705 1113 1759 1149 Py-

976 1168 1047 1195 thius
1078 1165 1187 1201 Apollo,
1218 1164 1273 1191 illic
1305 1161 1458 1188 Sminthius
1489 1165 1542 1188 :et
1556 1161 1582 1187 in
1605 1160 1663 1194 ipso
1693 1159 1759 1192 qui--

974 1213 1035 1241 dem
1063 1212 1136 1241 circo
1163 1210 1283 1246 tripodes
1315 1207 1461 1242 Delphici;
1489 1206 1571 1233 Musae
1600 1210 1689 1232 autem
1708 1204 1761 1231 lle-

975 1258 1107 1287 liconides
1135 1257 1163 1284 in
1195 1252 1454 1291 palatio.‘Dcnique
1484 1253 1579 1280 civitas
1607 1251 1651 1278 illa
1679 1250 1758 1286 511

976 1303 1132 1340 imperatori
1169 1301 1357 1336 cognominis,
1382 1304 1438 1327 tota
1455 1299 1554 1333 passim
1589 1297 1689 1331 repleta
1717 1301 1758 1324 est

976 1350 1060 1386 signis
1085 1348 1177 1381 :cneis,
1206 1355 1267 1383 qum
1292 1346 1407 1382 eleganti
1438 1352 1521 1380 opere
1537 1344 1686 1374 elaborata,
1712 1349 1760 1377 per

977 1395 1099 1432 singulas
1110 1395 1266 1431 provincias
1284 1393 1350 1420 olim
1372 1392 1497 1420 dedicata
1517 1390 1633 1418 fuerant.
1658 1389 1760 1423 Quibus

977 1451 1039 1471 eum
1057 1442 1184 1471 homines
1203 1441 1299 1469 morbo
1311 1439 1413 1467 erroris
1429 1437 1552 1473 oppressi
1566 1457 1574 1469 ,
1588 1436 1668 1470 longo
1690 1439 1756 1462 tem-

977 1489 1051 1524 poris
1062 1489 1148 1524 spatio
1163 1492 1294 1515 centenas
1306 1485 1429 1512 victimas
1445 1488 1473 1510 et
1492 1482 1653 1509 holocausta
1671 1481 1759 1508 incas-

977 1543 1036 1563 sum
1053 1533 1166 1570 perinde
1190 1540 1222 1560 ac
1246 1531 1299 1559 diis
1320 1528 1532 1557 immolavisscnt
1545 1546 1553 1559 ,
1571 1533 1633 1553 sero
1652 1525 1760 1552 tandem

978 1589 1076 1617 sapere
1091 1580 1256 1610 didicerunt,
1276 1581 1420 1612 postquam
1440 1574 1589 1608 imperator
1609 1572 1706 1599 iisdem
1727 1571 1760 1597 ad

977 1628 1062 1655 risum
1090 1630 1117 1654 et
1141 1625 1370 1654 oblectamentum
1395 1619 1575 1655 spectantium
1605 1618 1643 1645 uti
1669 1617 1761 1650 cmpit.

978 1673 1132 1701 Simulacra
1148 1678 1212 1699 vero
1227 1677 1262 1698 ex
1277 1675 1344 1696 auro
1370 1666 1531 1697 fabrefacta,
1563 1664 1617 1691 alio
1642 1662 1759 1698 quodam

977 1722 1050 1748 ultus
1060 1723 1103 1746 est
1113 1717 1204 1745 modo.
1222 1715 1289 1743 Nam
1303 1714 1431 1749 quoniam
1452 1711 1604 1746 imperitam
1623 1709 1760 1736 hominum

978 1764 1187 1796 multitudinem,
1203 1761 1347 1789 infantium
1362 1760 1446 1786 instar
1458 1777 1466 1791 ,
1490 1755 1642 1792 huiusmodi
1661 1754 1763 1782 erroris

979 1808 1069 1836 larvas
1089 1815 1123 1835 ex
1137 1813 1203 1834 auro
1220 1809 1388 1839 argentoque
1404 1802 1571 1830 fabrefactus
1584 1800 1683 1827 frustra
1695 1806 1762 1826 con-

980 1853 1139 1881 tremiscere
1153 1854 1328 1886 cognoverat,
1346 1856 1394 1876 eas
1406 1856 1421 1875 e
1442 1847 1533 1874 medio
1547 1845 1682 1873 tollendas
1702 1851 1764 1872 esse

979 1899 1100 1931 censuit;
1114 1898 1213 1933 quippe
1228 1904 1287 1931 qua:
1298 1895 1372 1923 velut
1388 1895 1539 1928 fragmenta
1557 1891 1679 1926 quaedam
1697 1890 1764 1930 lapi-

980 1946 1042 1973 dum
1054 1948 1157 1976 essent,
1168 1946 1230 1970 ante
1244 1941 1327 1976 pedes
1339 1939 1478 1967 hominum
1495 1939 1521 1965 in
1538 1936 1633 1964 mediis
1647 1934 1765 1962 tenebris

980 1990 1175 2019 ambulantium
1203 1988 1345 2029 projecta,
1377 1986 1541 2022 planumque
1576 1983 1702 2017 deinceps
1738 1986 1765 2009 et

979 2036 1110 2072 mquabile
1125 2036 1176 2062 iter
1191 2035 1242 2061 via:
1260 2033 1341 2068 regia:
1364 2031 1471 2060 cunctis
1495 2037 1554 2058 esse
1570 2028 1763 2064 aperiendum:

979 2092 1039 2119 qua:
1053 2091 1114 2111 cum
1139 2082 1211 2117 apud
1228 2088 1257 2108 se
1270 2083 1422 2115 reputasset
1436 2098 1445 2111 ,
1468 2086 1520 2105 non
1538 2077 1647 2104 militari
1665 2083 1763 2108 manu,

981 2138 1032 2158 nec
1059 2129 1181 2157 exercitu
1199 2127 1232 2154 ad
1251 2127 1308 2154 haec
1335 2125 1507 2160 reprimenda
1533 2123 1583 2151 sibi
1614 2129 1682 2156 opus
1705 2129 1765 2148 esse

982 2225 1091 2246 crorum
1107 2216 1247 2244 eversione
1262 2215 1393 2242 Eusebius
1407 2217 1500 2240 noster
1514 2212 1540 2238 in
1556 2217 1682 2238 sermone
1693 2210 1711 2236 2
1731 2209 1766 2236 de

947 2237 970 2264 Β
983 2237 1363 2280 resurrectiovnelilt-avsc‘ribit:I:
1379 2237 1392 2275 ἶ
1404 2237 1611 2282 ἦιιῖιιξεεοῦὶθς
1626 2246 1766 2282 audebunt

987 2279 1089 2320 dicere,
1110 2287 1173 2322 quia
1189 2291 1311 2314 mortuus
1328 2288 1369 2322 est
1392 2288 1424 2322 et_
1437 2279 1685 2322 _non'_resurre35‘it.
1706 2279 1765 2319 Non

986 2315 1156 2358 qnazro'quid
1180 2322 1290 2358 dicant,
1318 2320 1364 2347 sed
1380 2319 1444 2353 quid
1471 2318 1617 2358 patiantur.
1640 2315 1677 2358 Si
1693 2315 1765 2358 epitn

987 2350 1059 2386 stant
1078 2350 1171 2385 eorum
1185 2350 1293 2390 templa,
1309 2363 1362 2382 non
1371 2350 1530 2382 resurrexit.
1548 2350 1575 2378 Si
1587 2358 1639 2377 non
1651 2350 1766 2390 conflata

987 2383 1154 2420 Tsiiiii’ebiuni
1170 2383 1315 2418 simulacra
1330 2394 1390 2424 post
1410 2395 1529 2424 crucem,
1540 2394 1595 2424 non
1617 2383 1768 2424 resurrexit

987 2429 1032 2463 qui
1047 2428 1134 2462 arguit
1145 2433 1252 2463 eaqua:
1260 2433 1311 2463 rion
1326 2421 1431 2463 vivunt.
1447 2432 1456 2448 ι
1475 2423 1508 2449 Ει
1522 2421 1668 2463 aliquaqdo
1676 2424 1744 2459 post
1758 2427 1766 2445 :

990 2455 1005 2488 ἱ
1022 2455 1217 2490 Νοιινίηνοιιὶοὲ
1228 2460 1312 2488 solem
1329 2459 1485 2491 clariorem,
1498 2457 1530 2483 ad
1551 2455 1766 2491 satisfactionem

988 2489 1196 2526 resurrectionis
1205 2495 1321 2527 Domini,
1337 2489 1611 2529 gentilium‘ﬂuotidie
1626 2489 1768 2529 deﬁciente

988 2533 1103 2560 cultura.
1130 2526 1352 2558 Protendunlur'
1366 2532 1454 2556 autem
1482 2526 1609 2554 Ecclesia:
1630 2526 1714 2556 bona,
1741 2527 1769 2550 et

988 2568 1107 2603 quotidie
1131 2570 1267 2603 crescunt.
1286 2574 1295 2591 ι

1024 2602 1079 2638 (56)
1100 2597 1514 2638 ‘Arazstdo'qt_:ropslag.l)qst
1531 2597 1582 2638 has
1594 2602 1687 2638 voces,
1707 2601 1769 2638 gum

988 2628 1141 2673 sequuntur
1156 2643 1241 2670 usque
1253 2636 1287 2662 ad
1301 2628 1357 2673 haec
1370 2633 1452 2673 verba
1461 2630 1526 2673 οἷον,
1535 2631 1567 2666 δὴ
1578 2631 1625 2671 κα).
1645 2628 1769 2673 βασιλεὺς

987 2676 1001 2701 ό
1012 2665 1170 2708 θαυμάσιος,
1189 2665 1287 2708 desunt
1301 2671 1326 2696 in
1343 2669 1436 2696 codice
1461 2667 1546 2701 Regio
1561 2665 1592 2708 Et
1612 2666 1637 2708 in
1652 2665 1770 2708 editri‘One

990 2698 1213 2742 ltobrstepliani.
1229 2705 1339 2742 Adjecla
1355 2698 1516 2742 sunt_a_uteni
1533 2709 1548 2729 a
1562 2698 1770 2742 GrttterotPorf

991 2744 1058 2771 tesio
1072 2748 1099 2770 et
1120 2738 1383 2775 'Christopliorsono
1399 2738 1526 2775 aliisque.
1549 2744 1582 2764 ex
1606 2741 1771 2775 papegyrtcu

990 2768 1098 2806 Eusebii
1115 2768 1194 2804 θίγοι
1207 2768 1316 2810 εοὶἰυιίε
1326 2768 1565 2810 ουᾱὶοἰιῃιεξρει-ιο
1577 2768 1626 2798 nos
1640 2771 1666 2796 in
1678 2768 1772 2796 codice

990 2814 1139 2841 Fuketiano
1155 2820 1187 2840 ea
1204 2808 1367 2846 reperimus,
1382 2814 1409 2836 et
1421 2808 1540 2835 Savilius
1559 2809 1586 2834 in
1615 2812 1665 2833 suo
1679 2810 1773 2832 exelu-

989 2849 1055 2884 plari
1077 2849 1170 2877 eadem
1189 2851 1297 2875 exstare
1311 2849 1461 2873 monuerat.
