2000 3167
147 155 213 183 “‘21

676 155 720 183 DE
743 155 822 182 VITA
841 155 1075 183 CONSTANTINI
1094 155 1158 183 LlB.
1178 157 1225 183 IlI.

1698 161 1769 189 ΜΗ

147 208 224 250 ρητοι
234 211 358 248 πράξεις,
367 213 405 244 ὼς
415 212 444 239 ἐν
453 211 546 248 ἀνόμῳ
556 213 602 239 καὶ
612 213 771 249 ἀπροστάτῃ
781 211 861 248 χώρῳ
875 211 929 248 (6‘2)

982 213 1087 240 dicendi
1109 220 1190 248 quam
1218 213 1280 245 viri,
1298 214 1419 242 abdicata
1445 222 1526 243 sexus
1553 215 1595 244 sui
1622 218 1765 251 gravitate,

145 259 217 287 κατὰ
231 259 305 287 τόνδε
319 258 365 285 τὸν
377 257 445 285 νεὼν
460 258 659 293 ὲπεχειροῦντο,
677 259 793 294 Ἔφορός
804 266 833 283 τε
847 258 932 289 οὐδεὶς

145 303 179 341 ἦν
194 304 248 331 τῶν
260 303 463 340 πραττομένων,
481 303 520 338 τῷ
533 303 634 339 μηδένα
650 303 754 339 σεμνῶν
767 303 873 338 ἀνδρῶν
885 303 933 329 αὐ-

145 351 203 378 τόθι
233 350 334 385 τολμᾷν
362 349 498 384 παριέναι.
523 349 591 376 Ἀλλ’
615 349 676 384 οὐχ).
695 350 742 376 καὶ
760 349 871 384 βασιλέα
887 349 932 376 τὸν

148 397 235 433 μέγαν
249 394 293 422 οἶά
308 396 332 422 τ’
349 394 382 430 ἦν
403 395 437 422 τὰ
458 395 521 431 τῇδε
535 395 661 430 δρώμενα
681 394 834 421 λανθάνεινο
852 395 932 421 αὐτο-

146 443 252 478 πτήσας
267 441 295 468 δὲ
311 441 454 468 καὶταῦτα
467 441 591 476 βασιλικῇ
611 440 775 476 προμηθείᾳ,
791 441 842 467 οὐκ
858 441 933 474 ἄξιον

146 486 215 515 εἶναι
232 487 307 523 ἡλίου
329 486 419 521 αὐγῶν
435 487 479 513 τὸν
496 486 597 513 τοιόνδε
620 486 688 513 νεὼν
707 486 823 522 ἔκρινεν,
842 487 933 519 αὐτοῖς

146 534 169 560 δ’
186 533 373 568 ἀφιερώμασιν
389 533 425 558 ἐκ
446 532 553 567 βάθρων
568 533 598 559 τὸ
618 533 671 559 πᾶν
690 532 871 567 ἀφανισθῆναι
888 541 934 559 κε-

146 580 228 606 λεύει.
254 578 360 605 Ἐλύετο
379 578 407 604 δὲ
426 578 525 605 αὐτίκα
546 577 676 613 βασιλικῷ
690 577 815 613 νεύματι,
833 578 866 604 τὰ
885 578 932 613 τῆς

146 625 295 652 ἀκολάστου
307 623 410 658 πλάνης
426 624 619 659 μηχανήματα,
631 623 691 659 χείρ
706 632 735 650 τε
754 623 933 658 στρατιωτικὴ

146 673 179 707 τῇ
203 671 249 698 τοῦ
273 671 356 698 τόπου
380 670 511 706 καθάρσει
531 670 690 705 διηκονεῖτο,
714 669 889 705 σωφροσύνην
911 669 932 695 δ’

147 717 296 751 ἐμάνθανον
314 715 410 752 ἀπειλῇ
436 715 576 751 βασιλέως,
593 716 618 741 οἱ
640 715 721 751 μέχρι
743 715 814 742 τοῦδ’
835 715 934 742 ἀκόλα-

148 770 215 794 στοι,
233 761 325 797 ὥσπερ
346 759 392 788 οὖν
407 761 454 787 καὶ
477 760 530 787 τῶν
550 761 658 797 δοκήσει
683 761 772 796 σοφῶν
802 761 933 797 Ἑλλήνων

146 807 172 833 οἱ
183 806 388 842 δεισιδαίμονες,
406 806 430 832 οἳ
444 806 491 833 καὶ
513 806 589 832 αὐτοὶ
601 806 650 841 τῆς
664 807 739 841 σφῶν
756 807 933 842 ματαιότητος

147 852 220 888 ἔργῳ
235 852 283 887 τὴν
300 854 396 888 πεῖραν
412 851 574 888 ἐμάνθανον.

983 259 1126 286 muliebria
1144 260 1294 294 patientes,
1312 261 1460 290 damonem
1484 250 1635 298 placebant:
1651 265 1691 292 Ad
1709 266 1766 294 haec
1810 294 1813 298 ,

983 304 1114 340 illegitimi
1132 305 1276 332 mulierum
1292 308 1453 335 concubitus
1467 313 1496 335 et
1512 309 1643 337 adulteria
1655 331 1662 344 ,
1680 311 1765 338 Reda-

983 358 1036 386 que
1051 359 1082 378 ac
1099 350 1202 378 nefaria
1215 350 1315 386 ﬂagitia
1332 352 1359 378 in
1372 360 1404 380 eo
1415 354 1514 389 templo
1528 359 1655 389 tanquam
1668 355 1694 382 in
1707 355 1769 384 loeti

983 398 1016 424 ab
1030 398 1103 424 omni
1120 397 1180 432 lege
1196 405 1228 425 ac
1249 403 1355 426 rectore
1375 407 1471 432 vacuo,
1487 401 1697 436 peragebantur.
1712 401 1768 428 Nec

983 444 1124 478 quisquam
1139 448 1199 470 erat
1211 444 1256 478 qui
1270 451 1300 471 ea
1316 452 1376 478 qua:
1391 445 1446 472 illic
1458 446 1622 479 gerebantur
1635 447 1765 474 observa-

985 493 1035 519 ret,
1051 494 1192 523 propterea
1206 489 1278 523 quod
1293 497 1373 516 nemo
1396 490 1438 516 vir
1456 491 1546 525 gravis
1571 498 1603 518 ac
1630 493 1770 519 modestus

983 542 1015 561 eo
1035 536 1165 562 accedere
1181 534 1309 562 audebat.
1333 535 1367 561 At
1390 542 1443 562 non
1469 536 1550 562 etiam
1579 536 1766 571 imperatorem

984 579 1132 606 maximum
1145 580 1230 607 latere
1245 584 1395 615 potuerunt
1411 588 1471 615 quae
1491 581 1526 608 ibi
1543 583 1769 616 perpetrabantur

983 625 1099 652 scelera.
1115 624 1168 652 Sed
1179 632 1241 652 cum
1257 632 1288 652 ea
1303 625 1416 659 ipsemet
1431 626 1612 660 imperatoria:
1623 629 1768 662 providen—

985 671 1028 697 tia:
1037 670 1115 697 oculo
1129 670 1303 705 inspexisset,
1313 670 1467 705 huiusmodi
1477 672 1609 706 templum
1625 673 1766 709 indignum

984 717 1089 744 censuit
1101 717 1173 752 quod
1189 717 1255 744 solis
1267 717 1351 745 radiis
1366 717 1561 745 illustraretur.
1571 717 1690 747 Proinde
1703 720 1766 747 illud

984 769 1037 788 una
1063 769 1124 789 cum
1153 761 1309 789 simulacris
1336 769 1367 789 ac
1391 762 1512 789 donariis
1540 767 1626 790 totum
1649 762 1770 790 funditus

984 807 1067 835 everti
1083 807 1175 842 jussit.
1188 807 1337 834 Confestim
1353 807 1435 842 igitur
1453 809 1573 843 protervi
1593 809 1695 836 erroris
1711 818 1770 836 ma-

985 852 1160 880 chinamenta
1178 853 1351 887 imperatoris
1365 859 1503 888 praecepto
1529 854 1658 889 dissipata
1683 861 1766 888 sunt,

149 900 276 928 militibus
296 900 329 927 ad
352 901 517 935 purgandum
548 900 636 927 locum
659 907 768 934 operam
803 908 878 928 suam
917 901 1120 935 praestantibus.
1152 900 1185 927 Et
1207 901 1253 935 qui
1279 901 1396 928 lascivia:
1419 905 1499 928 antea
1526 901 1609 928 dediti
1645 901 1768 934 fuerant,

147 947 319 982 imperatoris
342 947 422 974 minis
454 948 614 980 conterriti,
646 948 768 975 modeste
787 955 816 976 se
853 955 948 982 gerere
977 949 1143 976 didicerunt.
1169 948 1229 975 Pari
1268 949 1347 976 modo
1379 949 1560 983 superstitiosi
1585 949 1697 984 gentiles
1718 950 1770 983 illi,

147 993 192 1028 qui
207 993 259 1020 sibi
274 992 387 1020 multum
409 1001 504 1028 sapere
526 994 664 1027 videntur,
688 995 835 1022 modestius
854 1000 936 1031 agere
961 1001 1022 1022 sunt
1052 995 1151 1023 edocti.
1171 995 1222 1028 Qui
1249 995 1355 1030 quidem
1367 995 1447 1022 etiam
1473 995 1522 1029 ipsi
1537 1003 1613 1022 suam
1629 996 1770 1024 stultitiam

148 1048 179 1067 ac
196 1040 343 1067 vanitatem
360 1040 447 1071 reipsa
459 1040 623 1068 didicerunt.

391 1086 588 1112 ΚΕΦΑΛΑΙΟΝ
614 1087 685 1120 Νίῖν.

251 1131 431 1165 Ἀσκληπιοῦ
447 1131 500 1158 τοῦ
511 1133 545 1158 ἐν
554 1133 656 1167 Αἰγαῖς
670 1132 844 1166 κατάλυσις.
911 1160 912 1163 η

188 1176 296 1212 Ἐπειδὴ
310 1176 364 1212 γὰρ
384 1177 465 1208 πολὺς
482 1175 515 1212 ἦν
531 1178 545 1204 ὁ
563 1177 617 1205 τῶν
635 1178 744 1214 δοκήσει
766 1177 854 1212 σοφῶν
870 1178 933 1214 περὶ

146 1222 191 1250 τὸν
208 1223 261 1250 τῶν
276 1223 394 1250 Κιλίκων
404 1223 517 1259 δαίμονα
524 1224 631 1257 πλάνος,
643 1225 744 1260 μυρίων
762 1225 843 1260 ὲπτοη
848 1224 934 1260 μένων

147 1270 190 1296 ἐπ’
204 1269 277 1304 αὑτῷ
293 1269 329 1300 ὡς
344 1269 377 1296 ἂν
394 1270 440 1296 ἐπὶ
452 1270 552 1305 σωτῆρι
568 1270 615 1296 καὶ
632 1270 724 1306 ἰατρῷ,
737 1270 799 1296 ποτὲ
813 1265 860 1305 μέν
872 1271 932 1296 ἑπι-

147 1316 301 1352 φαινομένῳ
310 1317 366 1347 τοῖς
380 1315 572 1350 ἐγκαθεύδουσι
582 1316 648 1352 (65),
662 1316 726 1343 ποτὲ
739 1317 766 1343 δὲ
777 1316 830 1343 τῶν
841 1317 876 1344 τὰ
886 1317 934 1343 σώ-

149 1370 220 1396 ματα
237 1363 393 1397 καμνόντων
418 1362 523 1397 ἰωμένῳ
544 1362 593 1393 τὰς
613 1362 723 1393 νόσους·
748 1361 840 1397 ψυχῶν
860 1362 882 1388 δ’
899 1360 932 1398 ἦν

146 1409 244 1446 ὁλετὴρ
260 1410 387 1446 ἄντικρυς
397 1406 485 1442 οὗτος,
499 1409 546 1436 τοῦ
558 1409 606 1444 μὲν
621 1409 736 1445 ἀληθοῦς
749 1409 873 1444 ἀφέλκων
882 1410 934 1435 Σω-

146 1457 238 1493 τῆρος,
249 1457 295 1482 ἐπὶ
304 1456 332 1482 δὲ
351 1455 399 1491 τὴν
416 1455 495 1481 ἄθεον
508 1455 612 1491 πλάνην
627 1455 774 1482 κατασπῶν
785 1456 848 1488 τοὺς
865 1455 933 1490 πρὸς

147 1504 255 1538 ἀπάτην
270 1503 391 1538 εὐχερεῖς
403 1511 409 1517 ·
424 1503 515 1529 εἰκότα
528 1503 558 1538 δὴ
575 1501 699 1537 βασιλεὺς
720 1502 846 1537 πράττων
865 1502 931 1538 (64),

146 1550 214 1576 Θεὸν
228 1549 350 1584 ζηλωτὴν
380 1548 487 1583 ἀληθῶς
503 1548 617 1583 Σωτῆρα
643 1547 871 1583 προϐεϐλημένος,
887 1549 933 1575 καὶ

146 1594 240 1621 τοῦτον
259 1595 299 1626 εἰς
312 1594 407 1629 ἔδαφος
425 1594 469 1621 τὸν
488 1593 555 1620 νεὼν
575 1593 702 1620 ἐκέλευσε
717 1594 930 1630 καταϐληθῆναι.

153 1641 209 1667 Ἐν).
227 1641 254 1667 δὲ
280 1641 394 1676 νεύματι
419 1640 490 1667 κατὰ
513 1641 564 1675 γῆς
588 1639 716 1675 ἡπλοῦτο,
738 1640 812 1676 δεξιᾷ
832 1642 932 1677 καταρ-

147 1687 326 1722 ριπτούμενος
347 1688 529 1722 στρατιωτικῇ
551 1686 580 1713 τὸ
600 1686 654 1712 τῶν
683 1687 812 1720 γενναίων
828 1687 932 1721 φιλοσό-

148 1743 204 1768 φων
220 1733 353 1769 βοώμενον
365 1732 456 1768 θαῦμα
468 1733 535 1768 (65),
547 1732 592 1759 καὶ
605 1733 619 1758 ὁ
631 1732 693 1767 τῇδε
702 1732 757 1767 (66)
767 1732 930 1767 ἐνδομυχῶν,

147 1778 177 1805 οὐ
201 1778 316 1814 δαίμων,
340 1778 399 1805 οὑδὲ
427 1787 458 1812 γε
486 1778 563 1809 Οεὺς,
588 1777 687 1809 πλάνος
712 1777 740 1804 δέ
763 1787 806 1810 τις
826 1778 929 1813 ψυχῶν,

149 1825 263 1859 μακροῖς
295 1824 341 1850 καὶ
369 1823 476 1859 μυρίοις
504 1822 677 1858 ἐξαπατήσας
699 1824 812 1858 χρόνοις.
840 1822 896 1850 Εἶθ’
918 1825 931 1850 ὁ

147 1869 240 1896 κακῶν
251 1870 358 1905 ἑτέρους
376 1868 538 1901 ἀπαλλάξειν
554 1869 600 1895 καὶ
614 1869 756 1904 συμφορᾶς
773 1869 932 1904 προϊσχόμε-

147 1924 202 1947 νος,
214 1916 290 1942 οὐδὲν
308 1916 388 1947 αὐτὸς
401 1915 489 1950 ἐαυτῷ
509 1914 577 1950 πρὸς
595 1914 700 1949 ἄμυναν
713 1914 811 1950 εὕρατο
824 1915 932 1950 φάρμα-

147 1968 195 1987 κον
212 1961 310 1996 μᾶλλον
328 1960 392 1996 (67),
406 1961 421 1995 ἢ
437 1961 480 1986 ἣτε
497 1959 620 1994 κεραυνῷ
632 1959 762 1995 βληθῆναι
775 1960 929 1995 μυθεύεται.

184 2037 321 2073 (6'2)Vulg.
335 2037 374 2070 ὡς
387 2037 421 2063 ἐν
428 2037 527 2070 ἀνόμῳ
533 2036 582 2062 καὶ
590 2036 745 2073 cia-morderi
751 2035 842 2070 χώρῳ.
855 2037 929 2064 Scri-

146 2071 264 2101 bendum
286 2073 469 2107 proculdubio
485 2071 652 2107 ἀπροστάντῃ,
670 2078 697 2097 ut
710 2071 929 2107 legilurinpaue-

147 2100 241 2144 ἀνι-ἰρο
253 2100 347 2144 pagina
361 2107 422 2144 6'28,
435 2107 478 2144 ubi
492 2100 563 2133 totus
573 2107 616 2144 hic
628 2100 824 2144 loculegitur.
838 2100 930 2144 codex

151 2141 239 2169 tamen
254 2142 319 2170 Fuk.
340 2143 422 2178 etiam
435 2142 461 2178 iu
479 2142 643 2178 panegyrico
663 2141 757 2178 scribit
772 2142 927 2178 ἀποστάτη.

150 2178 234 2213 Paulo
251 2182 314 2204 ante
330 2175 503 2204 scribendum
514 2175 725 2212 θειξκλεψίγαμοί
735 2185 765 2202 τε
777 2177 889 2213 φθοραί,
901 2175 930 2205 ut

150 2212 283 2247 legiturin
300 2213 472 2245 panegyrieo.

184 2246 239 2283 (65)
260 2247 322 2283 Τοῖς
341 2246 563 2281 ἐγκαθεύδουσι.
585 2247 673 2283 Hujus
694 2247 770 2283 verbi
793 2247 857 2283 vim?
874 2255 927 2274 non

148 2282 280 2309 intellexit
295 2282 568 2316 Christophorsonus,
592 2290 640 2309 nec
661 2282 809 2309 Portesius.
837 2282 930 2316 Neque

148 2318 220 2344 enim
247 2317 399 2344 decumbere
421 2324 452 2343 ac
469 2317 584 2343 dormire
599 2318 758 2351 simpliciter
773 2325 803 2344 ea
819 2325 869 2344 vox
892 2318 929 2344 si-

148 2353 270 2413 fuilicat,
283 2353 328 2379 sed
343 2352 458 2378 dormire
470 2353 496 2378 in
508 2352 614 2387 templo.
630 2352 694 2378 Erat
710 2352 754 2379 hic
768 2360 825 2379 mos
840 2353 928 2387 genti-

160 2388 223 2413 ium.
236 2391 265 2413 ut
276 2392 462 2413 neruoctautes
475 2388 501 2413 iu
515 2387 613 2413 tcmolo
626 2387 730 2413 somnia
744 2393 770 2413 et
782 2387 897 2413 remedia
913 2396 928 2413 a

160 2388 223 2418 ium,
236 2391 265 2413 ut
276 2392 462 2420 peruoctantes
475 2388 501 2413 iu
515 2387 613 2421 templo
626 2387 730 2414 somnia
744 2393 770 2413 et
782 2387 897 2414 remedia
913 2396 928 2415 a

149 2422 201 2449 diis
214 2422 270 2448 suis
284 2426 481 2456 exspectarent.
492 2422 576 2456 Cujus
592 2423 628 2449 rei
659 2422 764 2448 infinita
780 2428 926 2449 occurrunt

148 2457 270 2492 exempla
296 2457 365 2490 apud
393 2458 517 2490 antiquos
539 2458 696 2492 scriptores,
717 2456 764 2492 sed
792 2457 924 2491 praecipue

149 2491 220 2526 apud
233 2491 379 2518 Aristidem
389 2491 423 2526 fin
444 2493 613 2519 orationibus
630 2492 725 2518 sacris.
741 2491 830 2518 Latini
847 2493 923 2518 dice-

150 2527 216 2552 bant
232 2526 366 2552 incubare.
387 2525 499 2553 Plautus
524 2528 549 2553 in
569 2527 728 2553 Curculione
744 2535 750 2553 :
766 2536 775 2551 ι
801 2527 862 2553 Ideo
882 2527 921 2558 fit,

149 2561 212 2595 quia
224 2560 269 2588 hic
282 2560 342 2587 leno
354 2565 470 2594 aegrotus
486 2561 595 2588 incubat
615 2562 641 2588 in
655 2561 801 2595 Aﬂsculapii
820 2561 891 2588 fano.
911 2572 920 2587 ι

150 2595 259 2630 Solinus
275 2595 301 2621 iu
320 2603 379 2629 cap.
400 2595 415 2620 7
429 2603 435 2620 :
453 2604 461 2620 ι
477 2595 611 2630 Epidauro
623 2597 703 2622 decus
717 2601 758 2623 est
772 2595 922 2630 Aisculapii

149 2629 290 2665 sacellum,
306 2631 349 2656 cui
366 2629 535 2662 incubantes,
549 2641 558 2656 ι
569 2635 621 2657 etc.
633 2630 813 2665 Hieronymus
823 2632 848 2658 iu
860 2629 919 2665 cap.

149 2666 184 2694 65
203 2664 288 2698 Isaiae,
305 2665 338 2692 ad
359 2664 404 2691 illa
419 2666 510 2697 verba,
524 2665 642 2692 habitant
663 2666 691 2691 in
709 2664 846 2698 sepulcris,
864 2676 874 2691 ί
894 2664 922 2694 iu

150 2701 281 2732 delubris,
307 2700 404 2733 inquit,
421 2699 551 2727 idolorum
577 2701 713 2727 dormiens
733 2710 740 2728 :
767 2703 810 2727 ubi
828 2702 922 2728 stratis

151 2735 264 2769 pellibus
277 2736 427 2762 hostiarum
443 2735 573 2772 incubare
583 2736 654 2772 soliti
670 2737 922 2772 eILant,’utsomniis

151 2771 241 2798 futura
258 2775 459 2806 cognoscerent.
474 2771 549 2803 Quod
563 2771 589 2797 in
602 2771 664 2798 fano
679 2770 824 2805 [Esculapii
837 2779 922 2806 usque

152 2807 230 2833 hodie
257 2813 335 2833 error
364 2806 535 2832 ethnicorum
567 2806 694 2837 celebrat,
722 2806 922 2841 multorumque

149 2841 264 2869 aliorum
283 2852 289 2870 :
306 2849 365 2876 quae
379 2847 431 2868 non
452 2841 599 2868 suntaliud
619 2841 669 2868 nisi
690 2841 781 2869 tumuli
801 2847 921 2869 mortuo-

150 2884 218 2904 ΙἯΙΠ.
236 2885 247 2902 Ι

1226 1084 1305 1120 513
1326 1083 1439 1113 CAPUT
1461 1085 1528 1114 LVl.

1106 1131 1253 1159 Destruclia
1275 1131 1363 1165 templi
1380 1130 1531 1166 Afteulapii
1557 1131 1644 1167 ngis.

1106 1155 1250 1159 _--...._..-
1380 1155 1529 1166 __-....-,..
1557 1155 1644 1167 -__.,._-

1002 1155 1086 1215 [Nam
1103 1182 1164 1205 cum
1180 1177 1313 1204 maximus
1327 1184 1359 1203 ac
1373 1176 1576 1212 vulgatissimus
1598 1179 1769 1213 superstitio-

984 1225 1026 1252 nis
1041 1232 1118 1252 error
1134 1224 1208 1251 circa
1228 1223 1302 1250 illum
1319 1221 1420 1250 Cilicia:
1444 1224 1593 1251 daemonem
1610 1225 1769 1252 vanissimos

984 1271 1106 1298 homines
1121 1273 1290 1303 occupasset,
1304 1276 1335 1295 ac
1347 1276 1430 1303 prope
1447 1270 1543 1296 inﬁniti
1561 1277 1622 1296 eum
1643 1274 1768 1305 tanquam

984 1322 1150 1344 servatorem
1168 1325 1199 1344 ac
1212 1316 1345 1344 medicum
1363 1308 1703 1392 admirarenturiquippe
1722 1317 1768 1352 qui

984 1373 1055 1392 nunc
1079 1365 1106 1392 in
1135 1365 1235 1392 templo
1259 1365 1456 1392 dormientibus
1489 1372 1574 1392 annar
1594 1369 1631 1391 ret
1651 1384 1658 1392 .
1696 1372 1768 1391 nunc

984 1373 1055 1393 nunc
1079 1365 1106 1392 in
1135 1365 1235 1400 templo
1259 1365 1456 1392 dormientibus
1489 1365 1631 1400 appareret
1651 1384 1658 1398 ,
1696 1372 1768 1391 nunc

984 1412 1092 1439 morbos
1105 1411 1294 1445 :egrotantium
1307 1416 1415 1439 curaret
1430 1412 1499 1446 (erat
1513 1417 1600 1439 tamen
1616 1411 1660 1439 ille
1673 1419 1765 1438 revera

984 1458 1111 1484 seductor
1141 1457 1314 1489 animarum,
1344 1461 1434 1492 utpote
1460 1457 1505 1492 qui
1533 1457 1656 1484 homines
1680 1457 1788 1492 decipi.

985 1503 1088 1535 faciles,
1106 1511 1120 1530 a
1134 1510 1200 1530 vero
1213 1503 1359 1530 Servatore
1370 1504 1500 1531 abductos
1518 1504 1550 1530 ad
1562 1503 1656 1530 falsum
1672 1504 1767 1538 impie-

986 1551 1049 1576 tatis
1077 1557 1197 1576 errorem
1227 1549 1425 1585 pertraheret).
1445 1550 1592 1584 imperator
1619 1557 1667 1584 pro
1692 1556 1768 1575 more

983 1600 1065 1628 atque
1084 1595 1208 1621 instituto
1224 1601 1284 1626 suo,
1314 1595 1413 1629 quippe
1429 1595 1475 1629 qui
1489 1595 1632 1622 zelatorem
1657 1601 1687 1621 ac
1703 1601 1767 1622 vere

984 1639 1153 1666 Servatorem
1168 1639 1249 1666 Deum
1262 1639 1313 1665 sibi
1331 1640 1474 1666 colendum
1495 1645 1674 1674 proposuerat
1687 1659 1694 1671 .
1715 1640 1766 1666 hoc

983 1684 1064 1711 etiam
1080 1683 1209 1718 templum
1220 1684 1277 1711 solo
1289 1684 1390 1718 aequari
1406 1684 1544 1719 praecepit.
1564 1683 1619 1711 Nec
1633 1691 1718 1717 mora,
1734 1686 1767 1711 ad

984 1737 1064 1756 unum
1080 1730 1254 1764 imperatoris
1268 1734 1362 1756 nutum
1377 1730 1450 1757 humi
1462 1730 1549 1763 jacuit
1565 1738 1645 1756 manu
1658 1730 1767 1756 militari

983 1776 1139 1802 subversum
1155 1777 1298 1811 templum,
1316 1777 1387 1811 quod
1404 1777 1509 1803 nobiles
1533 1776 1682 1811 philosophi
1706 1780 1767 1803 tan-

983 1825 1075 1855 topere
1084 1827 1262 1855 suspexerunt
1279 1831 1287 1849 :
1301 1827 1327 1850 et
1341 1831 1394 1850 una
1405 1830 1466 1850 cum
1482 1822 1582 1856 templo
1593 1822 1636 1849 ille
1646 1822 1705 1857 ipse
1720 1823 1765 1858 qui

983 1867 1058 1894 intus
1077 1867 1212 1900 latitabat,
1226 1875 1280 1896 non
1298 1870 1401 1896 da-mon
1415 1873 1461 1895 aut
1476 1869 1552 1900 deus,
1575 1868 1621 1895 sed
1642 1867 1767 1902 deceptor

981 1913 1089 1947 quidam
1113 1913 1278 1946 animarum,
1298 1914 1344 1948 qui
1361 1914 1510 1948 longissimi
1539 1913 1664 1948 temporis
1679 1914 1767 1948 spatio

980 1959 1105 1986 homines
1122 1959 1148 1986 in
1165 1960 1288 1988 fraudem
1306 1961 1460 1988 induxerat.
1483 1959 1528 1987 Sic
1554 1959 1634 1994 igitur
1655 1959 1700 1987 ille
1718 1960 1764 1994 qui

998 2036 1053 2072 (64)
1062 2037 1139 2071 Vulg.
1155 2037 1254 2064 εἰκότα
1261 2037 1298 2071 δὴ
1306 2036 1571 2071 πράττωνΡεεείωθ
1578 2037 1767 2071 (Σὴνὶςιοριιομ

981 2071 1062 2099 sonus
1077 2074 1132 2099 haec
1146 2073 1179 2098 ad
1194 2071 1381 2106 JEsculapium
1397 2073 1496 2104 retulit,
1510 2080 1571 2099 cum
1585 2072 1618 2099 de
1630 2072 1764 2099 Constan-

981 2108 1037 2134 tino
1055 2108 1219 2137 imperatore
1240 2107 1375 2139 dicantur,
1397 2112 1425 2133 ut
1441 2107 1468 2133 in
1494 2107 1618 2134 versione
1638 2114 1695 2133 mea
1715 2115 1764 2133 ex—

980 2143 1076 2174 pressi.
1086 2141 1201 2169 Certein
1215 2142 1281 2169 Fuk.
1292 2147 1320 2169 et
1329 2141 1447 2169 Turnebi
1459 2142 1536 2169 codd.
1555 2142 1653 2177 legitur
1670 2141 1762 2168 εἰκότα

979 2177 1011 2213 δὴ
1030 2177 1154 2213 βασιλεὺς
1174 2177 1310 2213 πράττων.

1015 2211 1070 2247 (65)
1088 2211 1239 2239 Fer-ralem
1252 2212 1459 2246 φιλοσόφων...
1471 2211 1762 2247 θαῦμαηΛροΙΙοηὶυηι

981 2245 1150 2282 Tyanensem
1170 2245 1313 2282 intelligit,
1337 2248 1446 2282 deﬁquo
1467 2247 1563 2282 scribit
1584 2245 1764 2273 Philostratus

981 2281 1009 2308 in
1026 2282 1072 2309 lib.
1087 2290 1094 2309 ι
1110 2290 1171 2308 eum
1198 2283 1223 2309 in
1245 2281 1344 2316 templo
1359 2281 1506 2316 Aisculapii
1530 2281 1616 2315 ngis,
1635 2286 1762 2316 tanquam

981 2317 1066 2352 ipsius
1084 2317 1126 2344 dei
1145 2318 1288 2351 hospitem,
1303 2318 1347 2352 diu
1362 2323 1499 2343 versatum
1516 2324 1585 2343 esse.

1016 2353 1071 2386 (66)
1092 2352 1146 2387 Καὶ
1167 2353 1183 2378 ὁ
1207 2352 1288 2387 τῇδε.
1315 2351 1408 2387 Longe
1424 2351 1510 2387 raliter
1536 2351 1653 2386 optimus
1677 2351 1763 2378 codex

980 2386 1097 2414 Fukelii.
1113 2386 1180 2413 Nam
1198 2393 1258 2421 pust
1272 2394 1364 2414 vocem
1385 2386 1476 2421 θαῦμα
1493 2391 1620 2420 punctum
1640 2386 1761 2421 apponit.

982 2423 1082 2448 Deinde
1099 2422 1134 2447 ila
1156 2423 1285 2456 scriptum
1309 2423 1409 2448 habet:
1429 2420 1490 2447 Ὅτι
1512 2421 1541 2447 δὲ
1561 2420 1713 2455 ὲνδομυχῶν
1731 2421 1761 2447 οὑ

977 2457 1079 2495 δαίμων
1092 2456 1166 2495 οὺδὲ-
1177 2455 1217 2495 τε
1227 2456 1285 2495 Θεός
1295 2465 1301 2471 ·
1317 2457 1414 2495 πλάνος
1428 2456 1456 2482 δὲ
1470 2455 1628 2495 τις-ψυχῶν,
1641 2457 1761 2495 μακροῖς

977 2492 1023 2519 καὶ
1039 2491 1143 2527 μυρίοις
1159 2492 1331 2526 ἐξαπατήσας
1348 2491 1462 2527 χρόνοις,
1478 2491 1555 2525 δῆλον
1571 2493 1603 2527 ὲκ
1620 2491 1674 2516 τῶν
1685 2498 1763 2527 νπρα-

977 2527 1099 2562 γμάτων.
1117 2526 1239 2559 Quatuor
1258 2532 1396 2562 postrema
1415 2527 1495 2553 verba
1514 2533 1572 2559 qua:
1591 2526 1621 2562 in
1645 2526 1762 2562 vulgatis

978 2561 1076 2589 desunt
1092 2561 1267 2593 editionibus,
1284 2561 1427 2589 Turnebus
1443 2567 1548 2595 quoque
1565 2561 1597 2587 ad
1619 2567 1694 2586 oram
1720 2561 1761 2587 sui

977 2596 1040 2624 libri
1069 2597 1206 2631 adiecerat
1224 2604 1258 2623 ex
1286 2597 1470 2631 manuscripto
1500 2595 1603 2631 codice.
1630 2595 1696 2631 lllox_
1716 2595 1760 2622 ubi

977 2629 1251 2667 vulgatie'editioues
1278 2632 1398 2667 habent,
1420 2629 1470 2657 εἷθ’
1487 2631 1501 2657 ὁ
1529 2629 1621 2667 κακῶν
1654 2629 1763 2667 ἑτέρους

974 2665 1150 2698 ἀπαλλάξειν,
1167 2672 1231 2699 etc.,
1246 2668 1329 2694 codex
1351 2665 1454 2693 Fukctii
1471 2667 1506 2692 ita
1526 2665 1641 2692 scribit:
1664 2665 1762 2701 Ὀγᾲρ

974 2703 1065 2729 κακῶν
1078 2702 1186 2737 ἑτέρους
1194 2702 1243 2729 ἀπ.
1257 2702 1304 2727 καὶ
1319 2702 1459 2737 συμφορᾶς
1470 2700 1675 2736 προϊσχόμενος,
1685 2699 1762 2727 οὐδὲν

974 2738 1053 2763 αὐτὸν
1069 2735 1157 2772 ἑαυτῴ
1171 2737 1238 2772 πρὸς
1254 2735 1482 2772 ἄμυνανεῦρατο,
1495 2735 1554 2772 etc.
1573 2736 1760 2772 Quicquidem

975 2773 1053 2799 lectio
1067 2770 1154 2806 aptior
1171 2770 1235 2798 mihi
1251 2770 1356 2799 videtur
1369 2776 1397 2798 e't
1408 2770 1516 2798 melior.
1533 2771 1561 2798 In
1573 2770 1665 2806 Regiis
1678 2771 1760 2798 etiam

975 2808 1082 2843 schedis
1096 2807 1196 2843 εὕρατο
1209 2807 1339 2843 scriptum
1358 2806 1460 2843 inveni.
1649 2841 1655 2843 _
1734 2840 1740 2843 _
1777 2807 1784 2843 ξ

1011 2833 1067 2876 (67)
1087 2833 1245 2876 Φάρμακον
1265 2833 1396 2876 μᾶλλον.
1414 2841 1552 2868 Postrema
1568 2848 1621 2868 vox
1641 2841 1716 2868 deest
1733 2840 1759 2867 in
1778 2833 1787 2866 ί

977 2879 1072 2904 codice
1092 2877 1186 2912 Hegio,
1205 2882 1233 2905 et
1248 2877 1365 2905 fortasse
1382 2877 1519 2904 subaudiri
1547 2881 1644 2911 potest.
1662 2877 1759 2904 Caneri
