2000 3167
274 133 342 160 £123

645 132 778 160 EUSEBII
797 131 1033 161 CASSARIENSIS
1052 130 1127 159 OPP.
1147 129 1237 157 PARS
1256 129 1316 157 |.—-
1334 129 1530 158 HISTORICA;

1814 131 1888 159 ΗΜ

270 189 348 216 malis
372 192 399 216 et
419 189 619 217 calamitatibus
643 188 712 217 alios
737 189 918 217 liberaturum
939 197 970 217 se
991 196 1047 216 esse

1108 187 1176 214 Ἀλλ’
1193 187 1242 214 οὐκ
1258 187 1287 213 ἑν
1306 187 1399 222 μύθοις
1411 185 1445 223 ἦν
1460 187 1495 213 τὰ
1514 185 1561 213 τοῦ
1585 186 1724 222 ἡμεδαποῦ
1744 171 1888 222 ’βασιλέως

270 234 426 269 spondebat,
444 234 547 261 nullum
564 236 620 269 ipse
635 235 783 262 remedium
805 235 906 270 reperit
923 242 976 269 quo
989 241 1049 262 sese

270 284 406 312 tueretur,
422 287 473 307 non
490 281 575 315 magis
591 288 671 315 quam
683 288 744 308 cum
762 280 875 308 fulmine
892 287 1048 315 percussum

270 332 332 353 eum
357 325 440 353 fuisse
462 325 560 353 fabula:
574 325 687 362 lingunt.
715 326 751 353 At
769 334 822 354 non
850 327 914 353 item
930 325 1049 353 fabulosa

270 370 380 398 fuerunt
393 372 563 406 imperatoris
582 373 664 399 nostri
684 372 824 406 facinora,
850 372 903 400 Deo
929 371 1051 406 inprimis

1100 234 1160 268 Θεῷ
1175 232 1360 268 κεχαρισμένα
1381 232 1591 269 κατορῠώματα·
1613 232 1647 259 δι’
1666 232 1796 268 ἐναργοῦς
1813 233 1843 260 δέ
1859 235 1887 267 γ’

1099 278 1200 314 ἀρετῆς
1221 277 1267 304 τοῦ
1291 277 1373 304 αὑτοῦ
1396 277 1533 312 Σωτῆρος,
1560 276 1717 313 αὐτόῤῥιξος
1734 278 1780 304 καὶ
1793 278 1807 304 ό
1819 279 1887 313 τῇδε

1100 323 1167 355 νεὼς
1179 323 1350 359 ἀνετρέπετο,
1361 322 1399 354 ὡς
1411 322 1470 358 μηδ’
1484 323 1556 358 ἴχνος
1566 322 1658 349 αὐτόθι
1668 322 1719 357 τῆς
1731 322 1886 358 ἔμπροσθεν

1102 368 1304 405 περιλελεῖφθαι
1319 368 1426 400 μανίας.

270 423 394 453 accepta;
414 419 461 446 snd
476 427 525 454 per
539 419 788 447 manifestissimatn
809 419 894 454 ipsius
911 418 1066 446 Servatoris
1086 417 1139 443 vim
1152 422 1232 451 atquc
1246 416 1385 447 virtutem,
1411 416 1463 442 hoc
1480 415 1608 449 templum
1632 423 1682 442 una
1703 422 1764 442 cum
1779 415 1888 443 car-teris

270 465 402 493 radicitus
417 473 540 493 eversum
553 470 602 497 est,
615 466 683 494 adeo
703 472 732 493 ut
746 467 868 501 pristina:
887 466 1000 493 insania:
1017 472 1049 492 ne
1063 464 1203 498 vestigium
1220 463 1327 498 quidem
1348 463 1429 489 ullum
1448 463 1544 490 ibidem
1560 463 1726 491 remanserit.

549 509 663 537 CAPUT
689 510 766 537 LVII.

305 556 442 586 Ouomodo
468 555 586 591 gentiles,
602 556 735 583 damnatis
764 557 1013 588 simulacris,Deum

569 596 742 624 agnoverunt.

304 636 396 671 Itaque
423 640 556 670 quotquot
580 641 661 663 antea
687 637 876 671 superstitioso
898 630 1067 664 daemonium

267 681 353 709 cultui
367 680 467 708 addicti
485 679 602 712 fuerant,
619 688 680 707 eum
694 689 816 708 errorem
829 689 908 708 suum
924 680 1048 708 confuta-

268 731 324 754 tum
337 726 422 754 oculis
436 726 493 753 suis
509 726 645 758 viderent,
662 731 688 754 et
704 727 824 754 omnium
852 727 951 761 ubique
983 731 1048 754 tem-

267 773 373 808 plorum
396 780 427 800 ac
453 772 661 800 simulacrorum
681 773 837 800 vastitatem
867 773 1046 805 intuerentur.

268 818 314 845 alii
330 818 362 845 ad
378 818 523 845 salutarem
537 817 638 845 Christi
651 819 801 846 doctrinam
817 826 846 846 se
861 819 1046 846 conferebant:

1356 509 1551 535 ΚΕΦΑΑΑΙΟΝ
1566 509 1629 539 NZ'.

1100 553 1166 587 Πῶς
1193 555 1220 581 οἱ
1246 554 1400 589 Ἕλληνες,
1420 554 1619 588 καταγνόντες
1651 554 1711 581 τῶν
1735 555 1885 589 εἰδώλων,

1257 588 1442 623 ἐπέστρεφον
1465 590 1508 621 εὶς
1532 590 1725 624 θεογνωσίαν.

1135 635 1236 666 Πάντες
1256 635 1278 661 δ’
1291 636 1314 661 οί
1332 635 1397 670 πρὶν
1421 635 1626 670 δεισιδαίμονες,
1643 636 1688 663 τδν
1709 636 1817 671 ἔλεγχον
1832 635 1885 672 τῆς

1101 680 1189 707 αὐτῶν
1206 680 1309 714 πλάνης
1328 680 1422 712 αὐταῖς
1443 680 1534 714 ὕψεσιν
1553 680 1678 716 ὁρῶντες,
1693 680 1747 707 τῶν
1765 681 1789 708 Θ’
1803 682 1886 708 ἁπαν-

1101 727 1182 763 ταχοῦ
1198 727 1263 754 νεῶν
1288 736 1317 754 τε
1338 728 1385 754 καὶ
1414 728 1566 764 ἱδρυμάτων
1588 728 1660 764 ἔργῳ
1682 727 1811 763 θεώμενοι
1834 728 1884 764 τὴν

1100 773 1226 809 ἐρημίαν,
1243 775 1266 800 οἱ
1285 774 1334 809 μὲν
1351 773 1390 809 τῷ
1409 774 1535 809 σωτηρίῳ
1550 773 1738 810 προσέφευγον
1761 773 1842 809 λόγῳ,
1857 775 1884 800 οε

1099 818 1131 850 δ’,
1149 819 1173 844 εἱ
1187 818 1234 844 καὶ
1247 817 1325 844 τοῦτο
1339 818 1376 854 μὴ
1389 817 1530 854 ἔπραττον,
1539 819 1589 854 τῆς
1600 819 1665 853 γοῦν
1681 818 1809 855 πατρῴας
1820 828 1884 845 κατ-

267 863 329 896 alii,
350 863 411 890 licet
429 863 497 890 idem
513 862 603 890 facere
621 863 732 896 nollent,
753 864 882 897 majorum
898 869 985 891 tatnen
998 871 1047 892 cae-

1099 865 1243 899 εγίνωσκον
1271 865 1456 900 ματαιότητος,
1481 864 1582 898 ὲγὲλων
1615 873 1645 891 τε
1661 865 1708 891 καὶ
1732 864 1884 899 κατεγέλων

267 908 403 935 remonias
416 927 424 941 ,
445 911 538 941 utpote
556 915 640 934 vanas
667 913 747 942 atque
775 907 869 934 inanes
885 907 1049 934 condemna—

267 955 334 982 bant
347 974 354 987 ,
369 959 395 980 et
406 961 473 989 quos
485 958 563 981 antea
574 961 622 988 pro
635 953 687 980 diis
696 953 866 984 habuissent,
879 953 1046 980 deridebant.

267 1000 365 1034 Quidni
381 1008 446 1028 vero
456 1001 489 1027 ita
501 1001 644 1032 sentirent,
657 1007 719 1027 cum
738 999 786 1027 sub
804 1003 915 1027 externa
939 1000 1049 1026 simula-

268 1054 374 1074 crorum
392 1046 482 1081 specie
499 1051 602 1073 tantam
628 1045 701 1072 intus
726 1045 858 1073 latentem
890 1046 1047 1080 spurcitiem

269 1092 435 1119 cernerent?
463 1091 528 1118 Nam
547 1096 593 1118 aut
609 1091 769 1118 cadaverum
795 1098 868 1123 ossa,
898 1095 944 1118 aut
967 1091 1049 1119 arida:

267 1137 393 1164 calvaria:
407 1137 547 1170 suberant,
571 1137 749 1171 impostorum
767 1135 848 1172 514
863 1135 960 1163 fraude
984 1137 1047 1164 sub-

267 1187 351 1217 repta:
370 1189 377 1208 :
392 1187 436 1209 aut
452 1182 553 1209 sordidi
571 1183 651 1217 panni
678 1182 749 1216 turpi
764 1182 934 1209 immunditia
946 1182 1048 1214 referti,

272 1232 320 1254 aut
336 1228 453 1262 denique
469 1228 524 1255 feni
551 1236 583 1255 ac
598 1228 702 1263 stipula:
715 1235 839 1255 acervus.
860 1227 925 1261 Qua:
941 1235 1002 1255 cum
1023 1228 1048 1254 iu

268 1274 452 1309 penetralibus
467 1274 676 1302 simulacrorum
700 1274 789 1301 anima
811 1273 963 1300 carentium
987 1281 1050 1300 con-

269 1324 342 1355 gesta
369 1320 532 1355 aspicerent,
557 1324 585 1347 et
610 1326 688 1347 suam
714 1323 741 1346 et
770 1323 912 1353 parentum
941 1325 1048 1345 suorum

269 1372 400 1392 summam
431 1364 594 1392 dementiam
629 1363 818 1391 incusabant:
841 1363 958 1389 maxime
989 1370 1050 1390 cum

269 1409 526 1442 animadverterent,
540 1409 567 1435 in
585 1409 642 1435 suis
655 1408 709 1435 illis
730 1407 830 1443 adytis,
846 1412 928 1442 atque
944 1407 970 1434 in
984 1407 1049 1442 ipsis

268 1454 419 1481 simulacris
432 1454 532 1480 nullum
541 1461 601 1481 esse
609 1453 680 1481 intus
693 1453 860 1481 habitantem
871 1473 878 1486 ,
891 1459 942 1479 non
952 1453 1050 1480 dmino-

269 1508 331 1527 nem
354 1501 464 1527 oracula
487 1500 662 1532 fundentem,
687 1507 740 1526 non
764 1500 842 1526 deum
862 1499 1049 1534 prazdieentem

1097 911 1152 938 τῶν
1168 911 1251 938 πάλαι
1267 911 1449 946 νομιζομένων
1468 911 1560 943 αὐτοῖς
1579 910 1659 937 θεῶν·
1680 912 1727 938 καὶ
1749 911 1809 943 πῶς
1828 911 1884 948 γὰρ

1098 957 1147 994 οὐκ
1159 957 1267 992 ἔμελλον
1288 956 1358 983 οὕτω
1384 958 1501 992 φρονεῖν,
1526 957 1575 992 τῆς
1599 956 1698 990 ἔξωθεν
1713 956 1765 984 τῶν
1782 956 1883 989 ξοάνων

1099 1003 1247 1038 φαντασίας
1259 1002 1385 1039 πλείστην
1397 1004 1463 1038 ὅσην
1475 1003 1588 1039 μιαρίαν
1607 1003 1672 1030 εἵσω
1689 1003 1883 1038 κεκρυμμένην

1098 1049 1229 1085 ὁρῶντες;
1243 1050 1276 1075 Ἢ
1291 1049 1346 1085 γὰρ
1359 1048 1462 1085 νεκρῶν
1478 1049 1609 1084 σωμάτων
1622 1049 1693 1084 ὑπῆν
1708 1049 1796 1080 ὀστέα,
1813 1048 1884 1084 ξηρά

1097 1104 1128 1122 τε
1143 1096 1249 1130 κρανία,
1268 1095 1372 1131 γοήτων
1389 1095 1559 1130 περιεργίαις
1584 1095 1796 1130 ὲσκευωρημένα
1813 1094 1881 1130 (68).

1099 1140 1115 1175 ἢ
1135 1140 1262 1175 ῥυπῶντα
1275 1140 1345 1176 ῥάκη
1361 1140 1502 1175 βδελυρίας
1521 1140 1635 1176 αἰσχρᾶς
1648 1139 1763 1175 ἔμπλεα,
1780 1140 1797 1175 ἦ
1820 1139 1884 1174 χόρ-

1099 1194 1144 1212 του
1163 1186 1210 1212 καὶ
1223 1186 1348 1221 καλάμης
1366 1185 1491 1221 φορυτὸςο
1510 1185 1528 1211 ἃ.
1548 1185 1580 1221 δὴ
1603 1185 1657 1212 τῶν
1674 1185 1784 1220 ἀψύχων
1807 1185 1883 1216 ἐντὸς

1100 1232 1290 1268 σεσωρευμένα
1318 1232 1472 1267 Οεωμένοις,
1497 1232 1588 1263 αὐτοῖς
1606 1240 1635 1257 τε
1658 1232 1705 1258 καὶ
1721 1232 1776 1262 τοῖς
1793 1231 1883 1257 αὐτῶν

1100 1277 1230 1312 πατράσι,
1243 1276 1341 1312 πολλὴν
1355 1276 1484 1312 λογισμοῦ
1499 1276 1654 1313 ἀφροσύνην
1667 1276 1882 1312 κατεμέμφοντο,

1099 1319 1143 1346 ὅτε
1157 1319 1260 1355 μάλιστ’
1277 1319 1407 1351 ἐνενόουν,
1427 1320 1465 1351 ὠς
1481 1319 1568 1350 οὐδεὶς
1584 1320 1638 1354 ἄρα
1651 1317 1684 1355 ἦν
1699 1320 1726 1346 ὲν
1742 1320 1798 1350 τοῖς
1818 1318 1883 1344 ἀδύ-

1099 1374 1155 1396 τοις
1171 1365 1257 1391 αὑτῶν
1272 1367 1375 1400 μυχοῖς,
1389 1365 1442 1391 οὐδ’
1453 1366 1482 1391 ἐν
1498 1365 1589 1396 αὐτοῖς
1599 1365 1751 1399 ἀγάλμασιν
1769 1364 1883 1395 ἓνοικος,

1099 1411 1130 1437 οὑ
1140 1410 1253 1445 δαίμων,
1272 1410 1301 1437 οὐ
1322 1407 1482 1446 χρῆτμῳδὸς
1499 1410 1569 1446 (69),
1585 1411 1615 1437 οὐ
1632 1409 1702 1442 θεὸς,
1723 1410 1752 1436 οὐ
1776 1409 1882 1445 μάντις,

1100 1454 1143 1482 οἷα
1154 1455 1185 1491 δὴ
1197 1456 1227 1482 τὸ
1242 1456 1305 1491 πρὶν
1323 1456 1522 1491 ὑπελάμϐανον,
1539 1456 1595 1482 ἀλλ’
1614 1455 1668 1482 οὐδ’
1686 1454 1806 1491 ἀμυδρόν
1825 1464 1851 1481 τι
1864 1454 1883 1489 ἢ

1101 1501 1211 1533 σκιῶδες
1228 1501 1381 1537 φάντασμα.
1403 1501 1448 1528 Διὸ
1464 1501 1495 1537 δὴ
1516 1501 1668 1537 προχείρως
1682 1502 1738 1532 τοῖς
1753 1501 1785 1527 ὲκ
1808 1500 1883 1534 βασι-

267 1545 370 1578 futura,
395 1545 624 1580 quemadmodum
654 1544 704 1572 sibi
729 1549 806 1572 antea
834 1532 1047 1579 persuaserant:

1099 1546 1167 1578 λέως
1186 1547 1402 1582 καταπεμφθεῐσι
1418 1547 1472 1574 πᾶν
1490 1547 1624 1573 σκοτεινὸν
1644 1547 1739 1582 ἄντρον
1762 1547 1809 1573 καὶ
1830 1546 1883 1577 πᾶς

269 1592 325 1620 imo
357 1599 390 1619 ne
424 1592 568 1618 obscurum
595 1590 703 1625 quidem
733 1598 765 1617 ac
793 1590 963 1617 tenebrosum
989 1596 1048 1623 spe~

268 1643 366 1666 ctrum.
387 1637 475 1671 Atque
496 1636 596 1663 idcirco
620 1636 732 1670 quodvis
760 1635 802 1662 vel
827 1634 1045 1662 obscurissimum

269 1688 375 1710 antrum
389 1688 417 1710 et
431 1681 592 1709 abditissimi
610 1682 710 1716 quique
735 1687 857 1708 recessus
868 1699 876 1712 ,
894 1680 927 1707 iis
953 1680 998 1714 qui
1012 1680 1046 1706 ab

267 1730 431 1764 imperatore
447 1728 523 1756 missi
536 1733 614 1755 erant
629 1726 706 1754 facile
718 1731 860 1762 patuerunt
875 1726 970 1760 :adyta
981 1725 1045 1760 quin

267 1777 349 1803 etiam
367 1779 394 1802 et
408 1775 544 1802 inaccessa
567 1774 640 1809 prius
667 1773 736 1805 loca,
750 1773 861 1807 ipsaque
885 1771 1045 1806 tetnplorum

1099 1593 1251 1629 ἀπόρρητος
1265 1594 1347 1630 μυχὸς
1359 1594 1439 1629 garb;
1450 1591 1494 1629 ἦν,
1513 1593 1600 1620 ἄϐατα
1618 1602 1648 1620 τε
1669 1593 1716 1620 καὶ
1733 1593 1827 1625 ἄδυτα,
1844 1593 1883 1619 ἰε-

1100 1637 1154 1673 ρὼν
1167 1647 1195 1664 τε
1208 1638 1241 1665 τὰ
1255 1638 1395 1670 ἐνδοτάτω,
1414 1640 1619 1674 στρατιωτικοῖς
1642 1639 1819 1665 κατεπατεῖτο
1833 1637 1883 1673 βή-

1101 1692 1190 1718 μασιν·
1206 1683 1269 1710 ὥστ’
1286 1684 1386 1719 ἐναργῆ
1400 1685 1454 1716 τοῖς
1475 1685 1559 1711 πᾶσιν
1572 1686 1604 1711 ὲκ
1616 1684 1698 1711 τῶνδε
1715 1684 1783 1720 (69')
1799 1683 1883 1711 κατάι

1099 1736 1188 1764 φωρον
1200 1728 1337 1763 γεγονέναι
1351 1729 1400 1763 τὴν
1411 1729 1439 1761 ἐξ
1453 1729 1548 1761 αἰῶνος
1563 1729 1667 1766 μακροῦ
1681 1729 1734 1756 τῶν
1750 1729 1885 1766 Ἑλλήνων

1098 1774 1224 1801 ἁπάντων
1241 1776 1485 1810 κατακρατήσασαν
1499 1775 1618 1807 διανοίας
1634 1776 1767 1811 πήρωσιν.

266 1821 425 1856 penetralia,
442 1820 557 1847 militum
580 1819 704 1854 vestigiis
732 1819 898 1846 terebantur.
932 1817 972 1844 Ex
996 1825 1049 1853 quo
1074 1819 1241 1854 deprehensa
1258 1825 1286 1847 et
1312 1826 1474 1848 cunctorum
1500 1821 1587 1849 oculis
1605 1822 1728 1856 exposita
1745 1826 1788 1849 est
1799 1822 1882 1849 catei-

266 1871 309 1894 tas
322 1867 429 1899 mentis,
443 1873 501 1901 quae
515 1865 627 1901 gentiles
647 1872 741 1892 omnes
752 1864 915 1900 jampridem
932 1863 1065 1892 involutos
1082 1868 1202 1893 tenebat.

543 1910 660 1939 CAPUT
679 1910 769 1939 LVIII.

268 1957 404 1992 Quomodo
429 1959 498 1992 apud
515 1957 826 1992 Heliopolim,destructo
847 1955 954 1983 Veneria
971 1955 1045 1990 fano,

440 1994 540 2027 primus
559 1993 695 2020 ecclesiam
716 1992 871 2019 construxit.

302 2040 390 2075 Atque
405 2040 462 2068 haec
480 2041 550 2067 inter
576 2039 706 2074 pra-clara
734 2037 903 2072 imperatoris
926 2036 1046 2064 facinora

268 2087 368 2115 merito
381 2091 589 2119 recenseantur;
611 2085 684 2112 sicut
698 2090 726 2112 et
742 2084 786 2111 illa
808 2091 868 2118 qua:
889 2083 1046 2124 singillatim

268 2133 294 2160 in
311 2133 394 2160 variis
408 2133 554 2168 provinciis
574 2131 722 2160 constituit.
747 2130 901 2165 Cuiusmodi
926 2129 989 2156 illud
1001 2132 1047 2163 test

267 2179 339 2213 quod
359 2178 385 2205 in
401 2178 468 2213 ,urbe
490 2177 633 2205 Plitenices
659 2175 788 2211 Heliopoli
817 2176 851 2202 ab
878 2181 911 2202 eo
941 2179 1045 2208 gestum

267 2186 339 2213 quou
359 2186 385 2205 ιη
423 2186 468 2205 rue
490 2186 633 2205 rutentces
659 2186 788 2211 nellopott
817 2186 851 2202 au
878 2186 911 2202 cu
941 2186 1042 2208 gestuin

267 2186 477 2265 vidimus.(IQua
492 2224 518 2251 in
532 2224 599 2252 urbe
613 2223 727 2258 gentiles
747 2221 854 2256 quidem
873 2221 918 2256 qui
940 2221 1042 2248 obscat-

268 2278 331 2297 nam
353 2270 490 2297 libidinem
521 2270 577 2296 deae
610 2269 719 2296 Veneris
745 2267 878 2294 vocabulo
907 2265 1044 2298 alliciunt;

269 2315 398 2343 uxoribus
413 2323 443 2342 ac
464 2315 570 2342 filiabus
586 2315 641 2348 suis
658 2313 743 2348 stupri
761 2313 868 2347 impune
887 2311 1045 2338 admittendi

1345 1914 1542 1942 ΚΕΦΑΛΑῙΟΝ
1564 1914 1630 1941 NH’.

1100 1958 1194 1991 Ὅπως
1210 1958 1244 1985 ἐν
1268 1958 1451 1986 Ἡλιουπόλει
1470 1960 1527 1994 τὴν
1548 1959 1717 1994 Ἀφροδίτην
1736 1960 1881 1993 καθελὼν,

1237 1994 1404 2028 ἐκκλησίαν
1421 1995 1595 2029 ᾠκοδόμησε
1616 1995 1739 2029 πρῶτος.

1135 2039 1190 2066 Καὶ
1202 2039 1287 2066 ταῦτα
1303 2039 1325 2067 δ’
1340 2039 1372 2067 ἄν
1387 2048 1428 2071 τις
1450 2040 1506 2075 (70)
1530 2042 1588 2072 τοῖς
1612 2040 1741 2076 βασιλέως
1770 2041 1880 2073 εἰκότως

1098 2084 1210 2120 ἀναθείη
1226 2084 1442 2121 κατορθώμασιν,
1464 2085 1558 2121 ὥσπερ
1576 2083 1621 2112 οὖν
1643 2086 1689 2112 καὶ
1710 2085 1745 2113 τὰ
1761 2086 1881 2122 μερικῶς

1099 2130 1158 2157 καθ’
1175 2131 1287 2158 ἕκαστον
1305 2130 1379 2162 ἔθνος
1395 2131 1468 2166 αὐτῷ
1489 2131 1674 2166 διαταχθέντα·
1693 2129 1747 2158 οἷον
1768 2132 1815 2158 ἐπὶ
1829 2132 1880 2168 τῆς

1098 2175 1225 2203 Φοινίκων
1243 2175 1446 2209 Ἡλιουπόλεως,
1463 2174 1548 2212 ἐφ’ἦς
1559 2177 1583 2203 οἱ
1606 2177 1654 2212 μὲν
1669 2177 1718 2212 τὴν
1732 2177 1880 2204 ἀκόλαστςν

1098 2222 1193 2257 ἡδονὴν
1215 2222 1346 2258 τιμῶντες
1365 2224 1555 2258 προσρήματι,
1578 2225 1709 2258 γαμεταῖς
1729 2223 1777 2249 καὶ
1797 2223 1879 2256 θυγα-

1098 2269 1191 2303 τράσιν
1205 2268 1315 2303 ἁναίδην
1331 2269 1503 2304 ὲκπορνεύειν
1514 2269 1692 2304 συνεχώρουν.
1709 2269 1777 2295 Νυνὶ
1794 2268 1822 2294 δὲ
1835 2267 1879 2295 νό-

1100 2322 1148 2349 μος
1169 2314 1263 2348 ἐφοίτα
1284 2313 1343 2345 νέος
1367 2322 1397 2341 τε
1423 2315 1468 2341 καὶ
1492 2314 1606 2350 σώφρων
1629 2313 1704 2350 παρὰ
1731 2314 1878 2349 βασιλέως,

268 2361 404 2389 licentiam
427 2344 639 2417 concesserauq
652 2359 728 2387 Nunc
751 2367 815 2386 vero
847 2365 913 2385 nova
940 2358 982 2384 lex
1010 2357 1043 2383 ab

1099 2344 1178 2398 μηδὲν
1190 2344 1249 2386 ’τῶν
1272 2344 1355 2387 πάλαι
1380 2360 1502 2395 συνήθων
1517 2344 1617 2396 τολμᾷν
1636 2344 1814 2396 διαγορεύων·

269 2435 356 2457 tamen
368 2428 475 2456 codices
485 2435 542 2455 eam
554 2429 709 2461 agnoscunt.
719 2426 746 2453 In
757 2426 809 2452 line
819 2425 915 2459 capitis
933 2431 982 2459 pro
1001 2423 1044 2449 ἀν-

267 2464 405 2501 ετρέπετο,
421 2464 504 2501 codex
515 2461 713 2501 Fuketiihabet
725 2461 914 2501 ἀνετέτραπτο.
937 2494 956 2501 n
993 2493 1009 2501 ι.

303 2494 358 2534 (68)
367 2494 488 2531 Γοήτων
501 2497 676 2534 περλεργίαις
682 2494 920 2534 ἐσκευωρὴμένα.
930 2494 1044 2534 _Rectius

269 2535 295 2562 in
307 2530 406 2561 ‘codice
423 2530 521 2568 Regio,
536 2530 657 2568 'Fu'ItLVet
680 2531 764 2568 Savil.
775 2532 912 2568 Ascriliilur
929 2530 1044 2555 ὲσκαιω-

270 2569 384 2605 ρημὲνα.
403 2564 490 2605 Quain
505 2564 596 2595 vocem
619 2564 1043 2605 itavertitlQhristophorsmius,

269 2597 350 2632 Edim
375 2597 596 2638 prmstigiatorum
619 2601 685 2628 dolis
708 2600 801 2638 callide
827 2597 944 2626 obiectae.
969 2597 1044 2630 Quod

269 2647 321 2666 non
341 2635 445 2673 probo:
465 2635 741 2673 iualimquevertere,
760 2635 896 2673 subrepta,
912 2637 1045 2673 autcerte

268 2670 405 2700 adornata:
423 2678 446 2700 et
459 2673 493 2699 ad
511 2670 640 2705 maleﬁcia
661 2674 828 2704 comparatur.
845 2670 911 2705 Ossa
931 2670 1002 2705 enim
1018 2671 1045 2705 et

269 2709 393 2735 calvariae
410 2713 472 2735 sunt
486 2702 624 2742 magorum
640 2702 829 2738 instrumenta,
841 2704 939 2738 quibus
957 2702 994 2729 illi
1011 2702 1045 2728 ad

268 2744 400 2770 tualelicia
417 2751 464 2770 sua
480 2743 633 2769 utebantur.

304 2779 359 2813 (ti9)
381 2779 420 2804 οὺ
441 2777 562 2813 δαίμων,
583 2778 618 2802 οὐ
635 2774 819 2813 χρησμῳδός.
835 2773 862 2813 In
887 2771 1046 2813 panegyrico

270 2808 516 2839 dc‘tiicennalihus
531 2808 699 2839 Constantini
713 2808 794 2837 aliter
807 2809 974 2839 collocantur
989 2808 1045 2833 haec

269 2849 349 2875 vulta
369 2856 375 2873 :
397 2847 434 2873 Οὺ
459 2846 573 2881 δαίμων,
602 2846 630 2872 οὺ
656 2845 730 2878 Θεὸς,
761 2844 790 2871 οὐ
815 2842 991 2879 χρησμῳδὸς,
1014 2841 1044 2867 οὐ

1100 2429 1203 2465 μάντις,
1212 2426 1289 2465 quod
1301 2426 1424 2464 cqpidem
1438 2426 1525 2465 magis
1536 2426 1632 2465 probo.

1129 2462 1196 2498 (69‘)
1212 2460 1384 2498 Dgsidera'tur
1397 2460 1460 2487 καί·
1474 2460 1520 2488 aut
1535 2461 1674 2496 legendum
1689 2462 1810 2498 ἐναργῶς
1830 2470 1877 2498 pro

1096 2496 1208 2531 ἐναργῆ.
1226 2496 1303 2523 Ειητ.

1135 2507 1143 2524 ι
1163 2506 1208 2531 γη.
1226 2506 1303 2523 ιιυιτ.

1135 2506 1190 2567 (ςο)
1209 2530 1369 2567 Καίνταῦτα
1384 2530 1410 2567 δ’
1424 2530 1462 2558 ἄν
1480 2540 1533 2567 τις,
1546 2537 1598 2559 etc.
1615 2532 1676 2559 llme
1691 2532 1780 2558 omnia
1794 2538 1877 2566 usque

1097 2566 1227 2594 advoces
1247 2566 1305 2592 illas
1321 2566 1346 2591 οἱ
1363 2566 1411 2601 μὲν
1426 2567 1474 2601 τὴν
1489 2566 1645 2598 ἀκόλαστον,
1668 2567 1764 2593 desunt
1786 2567 1811 2593 iu
1832 2575 1876 2593 co-

1100 2603 1158 2629 dice
1172 2601 1256 2635 Regio
1276 2606 1303 2628 et
1324 2601 1349 2627 in
1376 2602 1492 2628 editione
1517 2602 1584 2629 IIuI).
1608 2602 1748 2636 Stephani.
1765 2602 1875 2635 Atijeclﬂ

1097 2642 1161 2664 sunt
1177 2640 1264 2663 autem
1286 2643 1301 2670 a
1317 2635 1384 2662 viris
1398 2635 1495 2667 doctis,
1515 2644 1548 2664 ex
1572 2635 1747 2670 manuscripti
1773 2636 1876 2663 codicis

1098 2672 1160 2698 lide.
1180 2670 1261 2698 Certe
1279 2669 1419 2697 Turnebus
1433 2675 1460 2697 et
1478 2671 1594 2698 Savilius
1615 2672 1640 2698 in
1657 2671 1715 2698 suis
1736 2670 1876 2698 codicibus

1098 2714 1129 2733 ea
1149 2710 1307 2740 repererunt
1325 2714 1332 2732 :
1350 2711 1376 2731 et
1399 2712 1448 2732 nos
1470 2706 1495 2732 in
1518 2706 1588 2733 Fuk.
1608 2706 1700 2733 codice
1722 2707 1816 2733 eadem
1841 2705 1875 2740 ad

1099 2739 1248 2775 marginem
1269 2740 1385 2773 ascripta
1402 2740 1528 2768 vidimus.
1544 2741 1598 2768 Nisi
1617 2741 1688 2775 quod
1705 2741 1790 2768 codex
1807 2739 1875 2769 Fuk.

1099 2783 1150 2811 una
1168 2782 1233 2811 vace
1247 2775 1419 2811 auctiorest,
1434 2782 1494 2802 cum
1512 2777 1538 2803 in
1551 2784 1584 2804 eo
1604 2776 1708 2811 legatur
1724 2777 1779 2808 τοῖς
1799 2775 1875 2811 βασι-

1098 2809 1165 2842 λέως
1178 2809 1287 2841 εἰκότως
1301 2809 1421 2845 ἀναθείη,
1434 2816 1485 2838 ctc.
