2000 3167
231 142 300 171 ιιτῖι

582 141 717 169 EUSEBll
737 140 975 169 CIESARIENSIS
993 139 1069 168 OPP.
1091 139 1181 168 PARS
1200 140 1220 167 l.
1240 154 1275 160 ——
1294 139 1489 168 lllSTORl‘CA.

1794 139 1868 168 “'28

231 205 323 237 petum
337 200 543 236 rcpressissent.
553 201 642 236 Atqhe
654 201 698 228 hic
718 208 813 228 rursus
823 201 955 236 principis
967 207 1021 227 cie-

1076 199 1172 234 ὁρμάς.
1187 199 1275 226 Πάλιν
1292 198 1315 224 θ’
1331 200 1348 234 ἡ
1362 198 1492 233 βασιλέως
1503 197 1672 230 ἁνεξικακία,
1685 197 1762 233 δίκην
1776 197 1869 232 Σωτῆ-

231 249 343 280 mentia.
370 248 456 275 instar
470 247 626 275 Servatoris
640 248 664 275 ei
682 247 837 274 animorum
856 246 964 279 medici,
989 254 1022 271 aa-

231 295 286 329 gris
296 293 450 321 hominibus
464 292 628 320 medicinam
637 292 771 320 orationis
779 292 1022 327 adhibuit.Quippe

231 347 315 367 unum
327 347 359 367 ex
376 339 409 366 iis
424 346 492 374 quos
509 338 584 366 circa
596 346 625 367 se
637 343 775 373 Spectatos
789 337 916 370 habebat,
933 340 1020 365 comi-

232 386 267 413 lis
282 385 385 412 honore
412 385 583 417 decoratum,
610 384 748 412 hominem
775 383 1022 414 fidelissimum,t-o

232 430 319 462 misit,
341 429 446 465 plebem
469 428 547 464 quasi
569 429 702 463 legatione
729 428 827 456 blanda
843 428 1021 462 compellans.

231 476 353 511 Aliisque
365 483 448 512 super
471 476 540 503 alias
565 475 675 510 scriptis
690 475 800 507 litteris,
829 475 953 502 hortatus
981 479 1023 501 est

232 530 279 551 eos
294 527 325 550 ut
344 523 403 557 paci
433 523 585 552 studerent.
611 523 711 550 docens
735 530 788 557 qua
805 522 909 549 ratione
924 522 1022 549 diviuzc

234 569 358 604 religioni
374 569 551 604 congruentia
565 574 703 604 gererent.
722 569 761 595 Ac
783 568 890 595 tandem
905 568 938 595 iis
960 575 1021 603 per-

234 615 332 648 suasit,
361 614 559 648 excusavitque
584 620 632 640 eos
653 613 679 639 in
696 612 753 640 suis
770 611 879 643 litteris,
896 618 1023 638 asserens

233 667 264 688 se
281 667 374 688 coram
389 659 509 687 audiisse
521 660 609 694 ipsum
626 659 672 693 qui
694 659 777 686 totius
803 658 946 686 seditionis
975 665 1023 684 au-

233 710 293 734 ctor
308 705 415 733 fuisset.
447 705 538 740 Atque
553 706 603 732 has
626 705 684 738 ejus
706 704 834 739 epistolas
849 711 902 731 non
918 702 1020 738 vulgari

234 753 358 779 doctrina
376 755 404 778 et
419 751 536 778 utilitate
547 751 672 782 refertas,
693 751 745 778 hoc
756 750 814 777 loco
825 751 1021 784 apposuissem,

235 798 286 825 nisi
303 798 357 825 rcis
374 798 530 833 ignominiae
544 802 636 824 notam
656 797 808 824 inurerent.
823 796 957 829 Quocirca
973 796 1023 822 has

234 845 344 880 quidem
362 845 544 880 impraesentia
556 845 691 877 omittam,
712 843 813 878 quippe
827 844 873 878 qui
890 843 1020 870 malorum

1074 252 1120 280 ρος
1145 245 1192 271 καὶ
1212 243 1306 280 ψυχῶν
1334 243 1438 279 ἰατροῦ,
1461 244 1511 274 τὰς
1538 242 1582 269 διὰ
1610 242 1696 277 λόγων
1715 243 1866 278 θεραπίας

1074 291 1196 327 προσῆγε
1221 292 1277 322 τοῖς
1299 289 1467 326 νενοσηκόσι·
1490 289 1696 323 διεπρεσϐεύετο
1721 290 1789 325 δῆτα
1809 291 1868 322 τοῖς

1073 338 1146 370 λαοῖς
1169 338 1370 373 ἡμερωτέρως,
1389 337 1443 363 τῶν
1470 337 1536 372 παρ’
1561 335 1636 371 αὺτῷ
1664 335 1795 371 δοκίμων,
1818 337 1868 363 καὶ

1073 385 1105 420 τῇ
1131 383 1186 410 τῶν
1219 384 1347 419 κομήτων
1377 382 1439 416 ἀξίᾳ
1467 382 1657 419 τετιμημένων
1687 381 1792 418 ἀνδρῶν
1820 383 1867 409 τὸν

1075 429 1234 456 πιστότατον
1259 429 1419 464 ἐκπέμψας·
1438 431 1544 466 φρονεῖν
1563 437 1593 455 τε
1614 428 1649 455 τὰ
1668 428 1738 464 πρὸς
1755 428 1869 464 είρήνην

1075 474 1234 510 ἐπαλλήλοις
1257 475 1374 511 παρῄνει
1395 475 1565 511 γράμμασιν,
1583 475 1708 502 ἐδίδασκέ
1727 483 1756 501 τε
1778 475 1869 510 πράτ-

1074 530 1130 547 τειν
1148 520 1288 556 θεοσεϐείᾳ
1300 521 1469 557 πρεπόντως·
1485 521 1577 548 ἔπειθὲ
1597 530 1626 548 τε
1640 523 1686 548 καὶ
1707 521 1869 555 ἀπελογεῖτο

1073 568 1106 595 δι’
1132 565 1170 594 ὧν
1193 568 1260 603 πρὸς
1284 568 1382 599 αὐτοὺς
1408 567 1537 603 ἔγραψεν,
1555 568 1592 600 ὡς
1605 567 1652 594 τοῦ
1672 568 1721 604 τῆς
1745 568 1869 599 στάσεως

1075 614 1162 640 αἰτίου
1187 613 1340 649 διακηκοὼς
1360 612 1425 649 K76)
1449 613 1530 646 αὐτὸς
1556 614 1609 649 εἴη.
1636 614 1691 640 Καὶ
1717 614 1820 645 ταύτας
1844 613 1867 640 δ’

1074 660 1155 687 αὑτοῦ
1168 660 1218 692 τὰς
1231 660 1386 692 ἐπιστολὰς,
1399 661 1431 687 οὺ
1443 661 1494 696 τῆς
1505 661 1639 696 τυχούσης
1653 659 1820 691 παιδεύσεώς
1837 667 1868 686 τε

1074 706 1121 735 καὶ
1144 705 1275 740 ὡφελείας
1299 705 1422 742 πλήρεις,
1451 706 1608 742 παρεθέμην
1624 706 1656 733 ἂν
1673 707 1718 733 ἐπὶ
1735 706 1782 732 τοῦ
1796 714 1869 741 παρ-

1074 752 1159 784 όντος,
1173 753 1197 778 sl
1228 752 1266 787 μὴ
1280 751 1405 788 διαϐολὴν
1424 753 1526 788 ἐπῆγον
1536 753 1593 784 τοῖς
1609 751 1865 788 κατηγορουμένοις·

1074 798 1114 824 διὸ
1133 797 1234 829 ταύτας
1252 797 1301 833 μὲν
1316 798 1497 834 ἀναϐήσομαι,
1518 798 1614 833 κρίνας
1635 798 1672 834 μὴ
1689 797 1868 824 ἀνανεοῦσθαι

1075 842 1167 869 κακῶν
1186 844 1306 878 μνήμην,
1326 843 1410 877 μόνας
1425 843 1453 870 δὲ
1477 843 1587 878 συνάψω
1607 842 1646 878 τῷ
1666 842 1748 878 λόγῳ,
1770 842 1803 874 ἃς
1821 843 1869 869 ἐπὶ

236 891 394 918 memoriam
410 891 618 926 haudquaquam
630 897 760 918 renovare
773 889 940 917 decreverim
953 899 959 916 ε
977 897 1021 916 eas

1076 889 1207 925 swaupsi;
1230 889 1277 915 καὶ
1298 889 1393 924 εἰρήνῃ
1418 888 1472 915 τῶν
1495 888 1581 915 ἄλλων
1596 887 1796 923 εὑθυμούμενος
1810 888 1867 921 (77)

235 945 300 964 vero
321 936 393 964 solas
420 937 463 964 hic
483 937 614 968 inseratur,
629 944 697 971 quas
720 935 765 963 ille
781 936 814 963 de
828 935 942 963 aliorum
959 943 1023 969 pace

235 988 263 1010 et
276 983 419 1010 concordia
438 982 520 1018 516
537 983 658 1018 gaudens
685 987 712 1010 et
742 981 881 1017 gratulans
903 982 1023 1009 conscri-

234 1028 300 1063 psit.
317 1027 420 1061 Quibus
439 1029 547 1063 quidem
565 1029 662 1056 litteris
677 1029 804 1056 hortatur
816 1035 875 1060 cos,
902 1032 932 1054 ut
957 1027 1024 1054 alte-

236 1074 293 1100 rius
310 1073 362 1100 loci
392 1074 543 1101 antistitem
562 1094 570 1106 ,
595 1074 672 1109 cujus
696 1074 852 1101 interventu
872 1079 965 1107 pacem
983 1073 1024 1099 in-

234 1124 276 1146 ter
289 1126 317 1146 se
334 1119 473 1151 fecissent,
499 1127 670 1154 nequaquam
695 1119 747 1146 sibi
758 1118 899 1145 vindicare
914 1118 999 1145 velint
1016 1127 1024 1145 :

235 1165 281 1191 scd
298 1165 388 1200 potius
402 1165 480 1200 juxta
511 1164 639 1192 Ecclesia:
664 1165 758 1197 ritum,
775 1172 836 1192 eum
866 1165 1021 1199 episcopum

1075 934 1237 970 συνέγραψεν
1259 934 1293 960 δι’
1310 930 1348 960 ὧν
1375 933 1492 970 παρῄνει
1510 933 1649 969 ἀλλοτρίου
1669 933 1717 969 μὲν
1737 933 1869 969 ἄρχοντος

1075 982 1117 1016 ἐφ’
1133 978 1154 1015 ᾧ
1173 982 1222 1014 τὴν
1239 981 1349 1016 εἰρήνην
1363 981 1521 1016 πεποίηντο,
1543 979 1676 1015 μηδαμῶς
1698 979 1799 1006 ἐθέλειν
1824 988 1870 1014 με-

1074 1027 1261 1059 ταποιεῖσθαι,
1283 1027 1377 1062 θεσμῷ
1398 1023 1588 1061 δ”ὲκκλησίας
1614 1025 1708 1052 τοῦτον
1731 1026 1868 1062 αἱρεῖσθαι

1075 1074 1202 1109 ποιμένα.
1214 1074 1243 1100 ὂν
1256 1074 1335 1105 αὐτὸς
1352 1073 1517 1106 ἀναδείξειεν
1527 1074 1541 1099 ὁ
1554 1073 1642 1104 κοινὸς
1657 1073 1709 1099 τῶν
1721 1073 1790 1099 ὅλων
1804 1073 1869 1098 Σω-

1077 1119 1140 1154 τήρ.
1156 1119 1258 1154 Γράφει
1273 1118 1302 1145 δὲ
1317 1118 1389 1153 αὑτῴ
1409 1126 1439 1144 τε
1457 1117 1496 1153 τῷ
1507 1117 1562 1153 λαῷ
1577 1118 1624 1144 καὶ
1637 1119 1693 1148 τοῖς
1707 1116 1868 1148 ἐπισκόποις

1077 1166 1213 1202 διαφόρως
1227 1166 1261 1192 τὰ
1277 1165 1486 1200 ὑποτεταγμένα
1496 1171 1503 1178 ·

234 1210 345 1244 eligant,
362 1218 441 1245 quem
460 1211 516 1245 ipse
529 1212 680 1239 communis
696 1211 818 1239 omnium
844 1211 974 1238 Servator
1003 1213 1198 1248 designaverit.
1214 1213 1419 1240 Scribitautem
1435 1216 1490 1238 tum
1522 1211 1555 1239 ad
1581 1211 1720 1246 populum,
1748 1216 1802 1238 tum
1834 1211 1870 1238 ad

234 1256 386 1291 episcopos,
399 1257 454 1284 luet:
466 1264 525 1292 qum
541 1261 707 1291 sequuntur:

530 1302 644 1331 CAPUT
662 1302 719 1330 LX.

250 1349 417 1376 Constantini
433 1349 543 1382 epistola
560 1350 594 1376 ari
611 1349 796 1381 Antiocheam,
815 1358 846 1377 nc
861 1349 1004 1377 Eusebium

270 1385 393 1411 Cmsareu
411 1385 607 1417 ubstrahereul,
622 1385 666 1411 sed
683 1390 710 1411 ut
723 1384 805 1411 alium
828 1391 986 1418 quu'rereut.

272 1438 282 1454 α
305 1428 399 1456 Victor
421 1429 617 1457 Constantinus
642 1429 789 1463 Maximus,
807 1429 959 1464 Augustus,
978 1437 1024 1464 po-

229 1473 294 1509 pulo
307 1473 494 1502 Antiochensi.

271 1526 283 1544 ι
301 1517 387 1551 Quam
403 1525 480 1553 grata
505 1522 582 1545 estet
594 1526 673 1553 quam
687 1519 806 1554 jucunda
822 1520 928 1547 cunctis
943 1521 1024 1554 hujus

236 1563 326 1590 saeculi
357 1563 535 1597 prudentibus
569 1572 600 1591 ac
634 1566 802 1598 sapientibus
833 1566 899 1592 viris
930 1572 1018 1594 vestra

235 1609 391 1636 concordia.
406 1609 463 1644 Ego
480 1614 554 1637 certe
581 1617 640 1644 vos,
663 1611 770 1643 fratres,
791 1612 959 1646 sempiterna
974 1613 1022 1640 bc-

1346 1301 1544 1328 KE‘l’AAAlON
1563 1300 1598 1327 Ξ’.

1077 1349 1304 1376 Κωνσταντίνου
1320 1348 1394 1381 1116c
1407 1347 1581 1382 Ἀντιοχέας,
1592 1347 1635 1381 μὴ
1651 1346 1795 1380 ἀποσπᾷν
1811 1347 1870 1373 Εὑ-

1148 1384 1251 1411 σέϐιον
1265 1383 1453 1417 Καισαρείας,
1468 1383 1538 1410 ἀλλ’
1547 1383 1650 1416 ἕτερον
1661 1382 1796 1416 ζητῆσαι.

1119 1440 1128 1456 ‹
1150 1429 1271 1464 Νικητὴς
1283 1430 1496 1460 Κωνσταντῖνος,
1516 1427 1810 1463 ΜέγιστοςΙΣεόαστὺς,
1829 1426 1869 1462 τῴ

1078 1474 1134 1510 λαῷ
1149 1474 1317 1509 Ἀντιοχέων.

1116 1531 1126 1547 ί
1153 1521 1196 1552 Ὠς
1213 1520 1398 1556 κεχαρισμένη
1420 1529 1451 1554 γε
1466 1522 1499 1555 τῇ
1519 1519 1565 1546 τοῦ
1585 1519 1687 1555 κόσμου
1715 1519 1820 1546 συνέσει
1837 1527 1869 1545 τι

1075 1568 1123 1594 καὶ
1145 1567 1227 1602 σοφίᾳ
1253 1568 1269 1602 ὴ
1292 1568 1356 1602 παρ’
1373 1567 1449 1602 ὑμῶν
1467 1566 1593 1601 ὁμόνοια·
1620 1566 1666 1592 καὶ
1682 1565 1762 1600 ἔγωγ’
1779 1566 1863 1600 ὑμᾶς,

1077 1614 1195 1648 ἀδελφοὶ,
1209 1612 1341 1641 ἀθάνατον
1356 1612 1446 1647 φιλίαν
1462 1612 1548 1647 φιλεῖν
1566 1612 1683 1646 ἔγνωκα,
1700 1611 1867 1648 προκληθεὶς

271 1666 327 1711 (16)
350 1666 405 1706 Tot”)
424 1665 478 1711 τῇς
490 1667 639 1711 cederem?
655 1668 751 1695 αἰτίου
772 1669 948 1710 ᾃιαχηκοώς.
966 1669 1017 1696 Eu-

1076 1671 1141 1698 Nam
1161 1672 1194 1711 de
1206 1671 1310 1711 Fausta
1332 1671 1442 1698 omnino
1461 1671 1516 1711 litae
1538 1670 1647 1711 intelligi
1666 1677 1866 1711 non_possunt.

235 1702 368 1738 stathium
385 1702 509 1738 intelligit
525 1704 734 1730 Antiochensem
752 1705 919 1738 episcopum,
936 1711 965 1731 ut
986 1713 1017 1732 ex

237 1736 315 1763 titulo
334 1737 433 1770 capitis
446 1743 567 1771 apparet.
582 1738 666 1771 Quem
680 1747 740 1765 cum
761 1736 906 1767 Eusebiani
924 1740 1020 1768 fraude

235 1777 263 1810 et
280 1772 412 1810 calumnia
425 1780 439 1799 e
452 1772 516 1799 sede
529 1780 578 1800 sua
593 1774 764 1810 dejrccissetrt,
778 1775 873 1810 ingens
889 1776 1020 1802 tumultus

235 1807 387 1843 Antiochia:
413 1812 524 1843 exortus
555 1813 606 1835 est.
631 1809 658 1835 Id
684 1807 892 1843 contigit'anno
918 1811 1018 1837 Christi

235 1841 346 1880 529ιρι⁵
363 1850 394 1868 ex
413 1842 646 1880 l’hilostorgiilib.
663 1852 681 1870 ιι
698 1841 843 1880 nianifcste
865 1845 1017 1880 colligitur;

237 1882 283 1903 aut
298 1877 360 1910 550,
383 1882 413 1904 ut
430 1882 553 1904 astruere
576 1879 681 1905 videtur
704 1879 886 1908 Tlieodoritus
905 1877 1020 1908 in—libro

236 1919 274 1944 ιι,
291 1919 351 1946 cap.
373 1912 418 1939 5:.
440 1911 489 1938 llic
504 1913 575 1940 cnim
600 1913 736 1941 Meletium
756 1916 790 1942 ad
811 1915 903 1942 sedem
925 1916 1020 1943 Antio-

236 1947 352 1985 chenam
369 1948 529 1985 translatum
546 1956 606 1976 esse
622 1950 717 1976 scribit
731 1951 842 1985 triginta
864 1951 943 1978 annis
958 1957 1019 1985 post

235 1982 435 2020 abdicationem
462 1983 610 2011 Eustathii.
648 1982 786 2012 Meletium
817 1993 899 2020 porro
924 1982 1021 2013 Antio-

236 2017 324 2044 chiam
347 2019 504 2045 translatum
527 2026 586 2046 esse
612 2024 719 2047 constat
741 2017 934 2048 anno‘Chrisli
956 2021 1019 2048 560.

236 2052 416 2085 Quamobrem
448 2055 574 2080 assentiri
605 2063 658 2081 non
692 2062 801 2088 possum
835 2056 1022 2083 illustrissirno

236 2087 367 2125 cardinali
384 2088 510 2125 Duronio,
530 2089 588 2123 qui,
604 2087 721 2117 Eusebio
743 2096 835 2118 nostro
850 2099 958 2125 semper
981 2092 1022 2118 in—

236 2121 338 2162 fensus,
353 2123 415 2162 dum
430 2122 489 2162 ejus
503 2121 686 2162 narrationem
704 2127 782 2162 sequi
797 2121 917 2158 recusat;
927 2127 1021 2162 omnia

236 2158 404 2191 permiscuit.
431 2159 477 2184 Ait
499 2160 570 2186 enim
598 2162 668 2187 hunc
700 2158 843 2187 tumultum
869 2161 1021 2188 Antiochia:

1075 1712 1139 1734 ante
1159 1707 1252 1741 viginti
1271 1706 1327 1734 fere
1340 1713 1437 1738 annos,
1453 1706 1475 1732 si
1495 1705 1647 1741 Baronium
1655 1706 1804 1741 sequimur,
1818 1715 1866 1734 oe-

1074 1743 1141 1769 cisa.
1156 1740 1312 1776 llieronymi
1327 1749 1390 1769 vero
1405 1741 1481 1768 locus
1500 1749 1532 1768 ex
1549 1741 1618 1767 libro
1634 1740 1672 1767 De
1692 1740 1866 1774 Scriptoribus

1073 1776 1273 1808 ecclesiasticis,
1295 1785 1390 1810 parum
1424 1776 1488 1803 facit
1512 1784 1560 1810 pro
1587 1776 1715 1809 Baronio,
1745 1784 1806 1803 cum
1839 1779 1866 1804 in

1075 1813 1192 1846 antiquis
1216 1811 1389 1840 editionibus.
1412 1811 1535 1845 adeoque
1559 1811 1584 1838 in
1608 1811 1779 1846 Lugdunensi
1803 1819 1867 1846 quae

1076 1854 1157 1882 penes
1176 1854 1218 1874 me
1237 1851 1292 1878 cst,
1308 1847 1410 1874 diserte
1427 1847 1556 1880 scriptum
1571 1847 1617 1877 sit,
1631 1846 1677 1872 sub
1692 1846 1865 1874 Constantino

1075 1883 1191 1916 principe
1215 1883 1311 1909 missus
1326 1887 1361 1908 est
1380 1882 1406 1908 in
1422 1882 1554 1908 exsilium.
1575 1881 1755 1914 Quamobrem
1778 1881 1865 1909 Euse-

1073 1918 1145 1943 brum
1160 1915 1205 1944 hic
1217 1917 1292 1952 sequi
1313 1917 1403 1944 malim
1417 1924 1498 1951 quam
1514 1916 1669 1952 Barouium.
1684 1915 1776 1950 Neque
1790 1917 1863 1944 enim

1074 1953 1161 1983 video,
1180 1959 1228 1978 cur
1248 1951 1313 1979 tanti
1333 1957 1422 1979 tnotus
1440 1953 1466 1978 in
1492 1952 1629 1979 creatione
1651 1951 1784 1978 Eustathii
1802 1960 1864 1980 esse

1074 1987 1226 2020 potuerint,
1251 1988 1284 2014 de
1310 1988 1408 2021 quibus
1432 1987 1457 2014 in
1474 1987 1586 2022 epistola
1604 1987 1777 2020 imperatoris
1791 1987 1864 2014 Con-

1074 2022 1184 2048 stantini
1203 2022 1232 2048 [it
1246 2023 1361 2053 mentio,
1374 2027 1403 2048 ut
1428 2023 1461 2048 ad
1487 2029 1533 2049 eos
1557 2022 1690 2048 sedandos
1715 2022 1864 2049 mittendus

1074 2057 1156 2083 fuerit
1174 2065 1277 2089 comes,
1291 2062 1383 2091 totque
1396 2057 1523 2091 epistolas
1539 2057 1572 2084 ab
1594 2057 1756 2091 imperatore
1779 2058 1862 2084 scribi

1074 2092 1234 2126 oportuerit.
1248 2093 1323 2118 Adde
1337 2092 1408 2126 quod
1427 2093 1620 2119 Constantinus
1635 2093 1661 2118 in
1691 2092 1803 2126 epistola
1824 2093 1864 2119 ait

1075 2135 1104 2154 se
1117 2134 1210 2154 coram
1224 2127 1361 2154 audivisse
1377 2135 1438 2154 eum
1453 2127 1499 2160 qui
1517 2127 1599 2154 totius
1613 2127 1752 2154 seditionis
1768 2132 1866 2154 auctor

1076 2163 1228 2193 exstiterat,
1243 2162 1415 2189 Eustathium
1429 2162 1542 2194 scilicet,
1561 2169 1640 2196 quem
1652 2161 1686 2188 ad
1700 2162 1861 2188 comitatum

236 2192 382 2234 contigisse
401 2201 504 2234 multo“
521 2195 629 2221 Domini
659 2195 728 2227 5‘21,
756 2196 781 2222 id
807 2201 864 2228 cst,
899 2197 1022 2234 proximo
1040 2207 1061 2234 ῃ
1076 2198 1170 2224 venire
1192 2192 1306 2234 jussum,
1329 2197 1522 2234 in_Thraciam
1535 2192 1687 2234 relegavit.
1703 2197 1790 2234 Atque
1811 2197 1864 2234 hoc

204 2261 208 2265 _
237 2232 300 2266 ante
320 2228 454 2266 synodum
474 2229 610 2266 Nicaenam
636 2238 707 2257 anno
723 2240 728 2258 ε
747 2235 809 2258 tunc
833 2228 906 2257 cunf
924 2231 1022 2258 Eusta-

237 2262 311 2288 thius
329 2262 471 2297 episcopus
488 2264 672 2292 Anti0chcuus
689 2270 797 2293 creatus
814 2272 872 2298 est;
886 2274 947 2293 cum
973 2266 1021 2293 So-

238 2302 336 2330 crates,
351 2298 520 2326 Sozomcnus
544 2308 577 2327 ac
591 2299 773 2328 Theodoritus
791 2302 862 2328 hunc
879 2301 1021 2328 tttmultum

237 2332 264 2369 in
281 2332 450 2369 depositione
465 2334 549 2367 ipsius
565 2335 698 2363 Eustathii
714 2336 862 2369 contigisse
877 2341 1020 2363 testentur.

238 2367 290 2406 Sed
314 2367 448 2406 Baroitius
469 2370 639 2406 certissimis,
665 2376 693 2397 ut
714 2367 822 2406 quidein
848 2372 904 2406 ipse
928 2377 1021 2406 putat,

236 2403 396 2441 rationibus,
414 2403 582 2441 Eustathium
599 2413 652 2441 non
676 2403 730 2433 sub
745 2403 1019 2441 Constantino-iran

236 2438 282 2464 sed
306 2439 356 2464 sub
371 2438 541 2476 Constantio,
559 2448 591 2467 ex
613 2440 784 2468 Antiochena
806 2442 872 2468 sede
887 2438 1021 2476 dejectum

236 2479 296 2499 esse
315 2474 468 2512 contendit.
488 2473 632 2512 Videamus
643 2476 740 2512 _igitur
764 2476 864 2511 quibus
887 2473 1022 2512 id‘argu-

237 2508 337 2535 mentis
358 2513 481 2535 astruere
505 2511 618 2537 nitatur.
643 2508 860 2538 Primum—alien
881 2508 1022 2539 Athanasii

237 2542 326 2570 locum
343 2551 375 2570 ex
388 2544 502 2578 cpistola
516 2545 548 2571 ad
565 2546 703 2573 solitarios
717 2547 768 2573 sub
787 2547 909 2573 initium:
924 2556 933 2572 ι
950 2546 1021 2576 Fuit.

237 2578 335 2616 inquit,
347 2579 455 2616 quidam
473 2579 630 2607 Eustathius
647 2582 787 2616 episcopus
806 2582 964 2613 Antiochiae,
983 2583 1023 2608 vir

238 2613 406 2653 confessione
417 2615 516 2653 clarus,
530 2613 673 2653 I_etc.,—i
687 2613 766 2651 queiu
785 2617 907 2653 homines
918 2617 1024 2643 Arianm

237 2649 373 2680 opinionis
393 2649 428 2675 ita
446 2652 515 2685 apud
531 2649 718 2678 Constantium
736 2653 797 2678 licta
819 2652 955 2679 calumnia
977 2659 1023 2679 ac-

237 2689 376 2722 cu'sarunt,
386 2687 466 2722 quasi
482 2686 509 2711 in
528 2690 642 2713 matrem
653 2721 657 2722 ν
668 2687 796 2721 principis
811 2688 1023 2714 contumeliosus

237 2716 342 2756 fuisset.
355 2728 371 2756 o_
386 2716 482 2746 Verum
505 2728 555 2755 ego
579 2729 627 2755 pro
644 2716 801 2750 constantia
816 2722 1022 2749 Constantinum

239 2752 266 2777 in
285 2752 334 2779 hoc
359 2754 499 2782 Athanasii
523 2752 592 2783 ’11ιεῦ
626 2758 797 2784 scribendum
823 2764 882 2784 esse
908 2757 1022 2784 alllrmo.

238 2787 322 2827 i298“)
345 2791 560 2817 emendationem
576 2792 738 2819 confirmant
755 2799 791 2827 rea
814 2799 874 2827 quia:
891 2792 923 2818 de
940 2793 1024 2826 impc-

239 2826 336 2863 fateris
347 2830 445 2863 'matre
461 2834 521 2863 mox
535 2827 724 2861 subjiciuntur.
741 2826 868 2854 Helenam
889 2827 960 2854 enim
983 2829 1024 2853 in-

240 2856 410 2892 lelligit,'qu:e
422 2860 448 2886 in
459 2856 596 2890 Orientem
605 2863 678 2890 circa
690 2863 740 2890 hoc
753 2868 857 2898 tempus
866 2864 1020 2890 advenerat.

1076 2234 1190 2266 primum
1208 2232 1312 2259 facinus
1324 2232 1488 2259 Arianorum
1508 2237 1630 2259 recenset
1645 2232 1811 2258 Athanasius
1835 2233 1862 2259 in

1073 2267 1187 2300 epistola
1212 2268 1340 2300 superius
1367 2273 1530 2299 memorata,
1554 2268 1624 2300 quod
1645 2267 1791 2293 notandum
1809 2273 1863 2294 est.

1075 2302 1101 2328 id
1116 2303 1186 2329 cnim
1198 2307 1315 2338 igcstum
1331 2307 1373 2329 est
1387 2307 1450 2329 alite
1474 2302 1603 2338 synodum
1626 2302 1707 2336 Tyri.
1731 2303 1863 2338 adversus

1072 2337 1249 2364 Athanasium
1275 2342 1415 2368 coactam,
1446 2337 1470 2364 id
1493 2341 1610 2364 estante
1627 2344 1726 2363 annum
1754 2337 1862 2363 Domini

1073 2373 1135 2399 554.
1155 2372 1237 2399 [tecte
1258 2373 1339 2406 igitur
1359 2372 1523 2400 Athanasius
1540 2371 1681 2399 historiam
1703 2371 1765 2398 belli
1789 2372 1863 2405 quod

1073 2408 1166 2434 Ariani
1184 2406 1310 2434 Ecclesia:
1327 2407 1471 2434 Catholica:
1488 2408 1646 2437 intuleruntl
1663 2414 1679 2433 a
1693 2406 1863 2440 depositione

1075 2443 1209 2470 Eustathii
1227 2442 1377 2474 exorditur,
1404 2447 1531 2477 tanquam
1548 2449 1563 2468 a
1585 2442 1673 2476 primo
1695 2441 1861 2468 Arianorum

1074 2479 1195 2505 facinore
1208 2485 1216 2504 :
1232 2478 1304 2512 quod
1321 2485 1382 2504 cum
1399 2478 1464 2512 ipsis
1477 2485 1511 2504 ex
1526 2477 1662 2512 sententia
1674 2477 1861 2507 successisset,

1074 2518 1171 2539 caetera
1190 2511 1275 2547 prona
1296 2513 1346 2539 sibi
1369 2511 1498 2547 deinceps
1521 2519 1553 2538 ac
1570 2511 1659 2538 facilia
1685 2518 1746 2538 esse
1767 2512 1864 2538 existi-

1074 2553 1192 2575 tmtrunl.
1206 2548 1339 2574 (laterum
1356 2547 1464 2574 Baronii
1478 2548 1622 2580 sententia,
1641 2551 1695 2573 tum
1710 2554 1743 2574 ex
1758 2547 1791 2573 iis
1802 2555 1863 2581 qua:

1074 2590 1154 2616 supra
1168 2583 1223 2609 dixi
1242 2583 1382 2614 refellitur,
1397 2589 1452 2609 tum
1465 2590 1498 2609 ex
1514 2589 1546 2608 eo
1559 2583 1630 2615 quod
1645 2580 1799 2612 Flaccillus.
1811 2580 1862 2616 ’qui

1075 2623 1134 2652 post
1160 2618 1301 2644 Paulinum
1326 2623 1353 2644 et
1378 2618 1512 2644 Eulaliutn
1541 2617 1684 2644 Eustatltio
1712 2618 1860 2647 successit,

1075 2655 1144 2680 inter
1161 2654 1302 2688 episcopos
1325 2653 1369 2687 qui
1396 2652 1508 2688 Tyreusi
1532 2654 1633 2688 synodo
1661 2652 1863 2684 interfuerunt,

1075 2687 1242 2715 memoratur
1255 2687 1288 2714 ab
1307 2687 1458 2715 Athanasiio
1471 2689 1497 2714 iu
1521 2687 1645 2721 apologia
1662 2688 1694 2713 ad
1711 2688 1776 2720 imp.
1791 2687 1863 2714 Cun—

1074 2724 1218 2755 stantium,
1234 2728 1264 2750 ut
1284 2728 1358 2750 recte
1373 2723 1528 2750 observavit
1547 2722 1662 2750 Jacobus
1679 2721 1863 2749 Gothofredus

1075 2759 1102 2784 in
1115 2758 1348 2785 dissertationibus
1360 2758 1393 2784 ad
1409 2759 1453 2785 lib.
1467 2766 1484 2784 ιι
1501 2757 1683 2791 Philostorgii.

1109 2794 1153 2828 (77
1157 2800 1165 2826 )
1176 2793 1250 2825 Vulg.
1260 2793 1319 2818 τῶν
1331 2793 1667 2827 ἄλλωνένθυμούμενος.
1673 2792 1863 2828 γδςΐὶιιειιάυιη

1074 2827 1118 2855 est
1138 2827 1354 2864 εὐθυμούμενος,
1377 2834 1405 2855 ut
1421 2829 1519 2862 legisse
1539 2829 1643 2855 videtur
1666 2827 1863 2863 Christophor-

1075 2872 1166 2891 sonus.
