2000 3167
175 138 243 168 “35

715 139 759 167 DE
778 139 858 167 VITA
877 138 1104 167 CONSTANTINI
1124 140 1188 169 LIB.
1209 139 1254 169 IV.

1718 142 1787 168 1166

171 205 222 225 πον
245 196 300 233 (Si)
318 197 432 230 διέθετο,
450 199 551 234 σπουδῇ
566 198 686 235 ἐξάρχων
709 199 790 231 αὐτὸς
803 199 855 226 τῶν
882 199 946 226 ἔνδοι

1005 200 1148 234 quamdam
1162 199 1234 227 velut
1257 199 1404 227 Ecclesiam
1425 198 1470 226 Dei
1495 198 1646 227 constituit.
1666 198 1703 226 Ac
1727 201 1786 227 dili-

171 244 434 279 ὲκκλησιαζομὲνων·
449 245 516 280 μετὰ
535 245 628 280 χεῖράς
644 244 676 279 γέ
689 253 728 272 τοι
739 245 883 280 λαμϐάνων
905 245 955 276 τὰς

171 289 288 324 βίϐλους,
307 291 338 324 τῇ
358 290 411 316 τῶν
436 289 621 316 Θεοπνεύστων
637 289 734 324 λογίων
750 290 850 326 θεωρίᾳ
872 298 955 326 προσ-

169 336 259 369 ανεῖχε
268 334 312 360 τὸν
321 334 391 360 νοῦν·
409 332 458 361 εἴτ’
470 335 551 370 εὐχὰς
563 335 708 370 ἐνθέσμους
721 336 769 362 σὺν
781 336 836 367 τοῖς
852 335 896 361 τὸν
909 335 956 370 βα-

171 378 269 405 σίλειον
282 377 355 405 οἷκον
369 379 518 415 πληροῦσιν
530 379 585 414 (5‘2)
602 380 737 407 ἀπεδίδου.

427 472 623 499 ΚΕΦΛΛΛΙΟΝ
641 472 694 499 lH’.

173 517 230 552 Τῆς
240 517 390 552 Κτψιακῆς
403 517 459 552 τὴν
471 517 586 552 ἡμέραν
601 518 649 544 καὶ
662 517 856 552 παρασκευῆς
869 526 955 552 νομο-

465 553 552 580 θεσία
562 553 660 587 τιμᾷν.

204 600 259 626 Καὶ
272 598 377 634 ἡμέραν
396 598 419 625 δ’
444 598 532 634 εὐχῶν
554 598 679 634 ἡγεῖσθαι
704 597 879 633 κατάλληλον,
905 598 955 634 τὴν

168 645 266 682 κυρίαν
280 644 387 680 ἀληθῶς
406 645 453 671 καὶ
468 644 578 681 πρώτην
597 645 681 676 ὅντως
694 644 835 680 Κυριακήν
852 652 883 670 τε
907 644 955 671 καὶ

168 691 311 726 σωτήριον,
325 689 461 717 διετύπου·
480 690 597 717 διάκονοι
621 690 642 716 δ’
660 690 735 725 αὐτῷ
755 689 801 716 καὶ
817 689 952 725 ὑπηρέται

166 735 226 772 Θεῷ
236 736 440 771 καθιερωμένοι,
457 736 514 771 βίου
528 744 557 762 τε
568 736 710 771 σεμνότητι
725 736 772 762 καὶ
786 736 869 770 ἀρετῇ
878 735 953 772 πάσῃ

166 782 275 816 κόσμιοι
292 782 396 818 ἄνδρες,
411 781 528 816 φύλακες
543 781 589 808 τοῦ
603 781 702 813 παντὸς
711 780 785 808 οῐχου
803 780 859 816 (55)
885 779 952 806 καθ-

170 828 300 855 ίστανται·
319 828 461 864 δορυφόροι
479 836 509 854 τε
526 827 618 854 πιστοὶ
631 826 869 862 σωματοφύλακες,
891 826 952 862 τρό-

1006 245 1094 280 gentia
1121 245 1229 279 quidem
1243 250 1271 272 et
1284 245 1423 272 alacritate
1446 245 1557 279 praeibat
1572 245 1676 274 cunctis
1697 246 1742 280 qui
1759 247 1786 272 in

1006 290 1152 317 Ecclesiam
1186 290 1259 316 illam
1274 295 1352 317 erant
1366 291 1475 325 ascripti
1491 299 1499 317 :
1516 295 1544 318 et
1556 298 1653 318 sacros
1672 291 1785 319 Codices

1006 337 1031 362 iu
1054 343 1150 363 manus
1171 343 1281 363 sumens
1294 337 1404 364 oracula
1419 344 1432 363 a
1449 338 1504 364 Deo
1522 338 1593 364 edita
1608 342 1711 364 attento
1728 337 1785 364 ani-

1006 389 1049 408 mo
1064 382 1255 409 meditabatur.
1270 381 1384 409 Posthac
1396 381 1531 409 solemnes
1547 390 1640 417 preces
1654 390 1716 410 cum
1727 391 1785 410 um-

1005 435 1083 456 verso
1098 428 1246 456 aulicorum
1264 434 1335 456 coetu
1349 429 1494 455 recitabat.

1280 472 1392 501 CAPUT
1410 473 1500 500 XVIII.

1051 518 1126 545 Diem
1147 518 1311 546 Dominicum
1329 523 1355 545 et
1371 524 1472 560 aestum
1494 519 1587 554 feriam
1606 521 1732 549 honorari

1330 560 1459 588 prmctptt.

1039 598 1116 626 Diem
1129 606 1192 626 vero
1206 600 1407 634 precationibus
1424 607 1572 635 congruum
1599 602 1692 630 haberi
1719 610 1784 631 con-

1004 644 1108 677 stituit,
1123 652 1183 671 eum
1200 646 1244 679 qui
1267 647 1370 680 primus
1384 651 1426 674 est
1439 651 1466 673 et
1480 652 1560 681 caput
1574 653 1744 679 caaterorum.
1757 653 1784 676 et

1003 690 1048 724 qui
1074 698 1168 718 revera
1196 690 1352 719 Dominicus
1369 697 1410 720 est
1434 700 1466 720 ac
1487 693 1625 720 salutaris.
1651 694 1784 721 Prazterea

1003 735 1135 763 diaconos
1156 741 1183 764 et
1206 737 1261 764 Deo
1280 742 1452 766 consecratos
1471 738 1629 771 ministros,
1653 740 1699 774 qui
1723 741 1784 767 vitae

1003 782 1139 816 gravitate
1156 787 1184 810 et
1197 783 1307 818 reliquis
1319 784 1466 812 virtutibus
1480 786 1570 812 ornati
1584 790 1684 818 essent,
1701 787 1784 814 totius

1004 827 1099 855 domus
1122 829 1249 856 custodes
1264 830 1414 857 ordinavit.
1440 830 1561 866 Denique
1577 836 1745 866 protectores
1758 837 1784 859 et

166 884 228 906 ποις
255 874 359 906 εὐνοίας
384 873 454 909 [καὶ]
471 873 561 900 πίστει
585 873 812 908 καθωπλισμένοι,
834 873 945 908 βασιλέα

1003 873 1148 907 stipatores
1161 874 1206 900 ﬁdi
1221 894 1229 907 ,
1244 875 1439 904 benevolentia
1458 882 1486 904 et
1504 878 1565 905 ﬁdei
1582 878 1667 906 armis
1680 878 1783 906 instru-

165 919 324 946 διδάσκαλον
339 918 457 945 εὐσεϐῶν
472 918 639 945 ἐδιδάσκοντο
648 917 704 953 (54)
718 917 836 952 τρόπων,
849 917 951 952 τιμῶν-

165 971 213 995 τες
227 964 275 998 οὐχ
292 961 373 999 ἦττον
395 964 442 990 καὶ
452 963 528 989 αὐτοὶ
539 962 587 998 τὴν
603 963 734 998 σωτήριον
749 963 795 989 καὶ
810 963 952 998 Κυριακὴν

165 1010 281 1044 ἡμέραν,
297 1009 378 1044 εὐχάς
391 1017 420 1036 τε
436 1010 465 1035 ὲν
483 1008 578 1040 αὐταῖς
592 1008 779 1040 συντελοῦντες
791 1007 840 1039 τὰς
850 1006 954 1043 βασιλεῖ

165 1055 374 1090 φίλας.”Ταυτὸν
390 1054 419 1081 δὲ
432 1054 560 1091 πράττειν
576 1053 624 1080 καὶ
634 1054 735 1084 πάντας
742 1053 837 1088 ἐνῆγεν
849 1052 952 1088 ἀνθρώ-

164 1109 232 1133 πους
245 1101 260 1127 ὀ
274 1100 416 1136 μακάριος,
431 1100 524 1136 ὥσπερ
538 1100 621 1136 εὐχὴν
641 1099 742 1134 ταύτην
757 1098 949 1134 πεποιημένος,

164 1147 253 1183 ἡρέμα
272 1147 431 1182 σύμπαντας
454 1145 614 1181 ἀνθρώπους
639 1145 771 1176 θεοσεϐεῖς
794 1145 950 1180 ἀπεργάσα-

166 1193 237 1220 σθαι.
252 1193 297 1219 Διὺ
316 1194 371 1224 τοῖς
386 1193 439 1219 ὑπὸ
454 1193 503 1228 τὴν
524 1192 668 1227 Ῥωμαίων
679 1192 765 1227 ἀρχὴν
777 1191 950 1227 πολιτευομέ-

164 1248 220 1271 νοις
231 1239 325 1271 ἆπασι,
342 1238 437 1274 σχολὴν
448 1238 524 1273 ἄγειν
533 1240 592 1270 ταῖς
604 1238 756 1273 ἐπωνύμοις
769 1238 816 1264 τοῦ
827 1237 950 1273 Σωτῆρος

164 1285 281 1320 ἡμέραις
300 1285 443 1315 ἐνουθέτει,
460 1285 559 1319 ὁμοίως
585 1284 613 1311 δὲ
633 1284 740 1316 καὶτὰς
753 1283 800 1310 τοῦ
815 1283 948 1310 σαϐϐάτου

163 1332 245 1366 τιμᾷν
259 1330 325 1366 (55)·
344 1331 451 1366 μνήμης
464 1331 545 1357 ἓνεκά
559 1339 603 1366 μοι
623 1330 710 1357 δοκεῖν
727 1329 781 1356 τῶν
796 1330 825 1356 ὲν
838 1329 950 1361 ταύταις

163 1377 202 1412 τῷ
212 1376 292 1412 κοινῷ
301 1377 405 1412 Σωτῆρι
416 1376 570 1412 πεπράχοαι
588 1376 837 1412 μνημονευομένων.
852 1376 907 1411 Τὴν
921 1375 950 1403 δέ

163 1431 195 1456 γε
215 1423 346 1458 σωτήριον
370 1422 486 1457 ἡμέραν,
510 1422 544 1456 ἣν
559 1422 604 1448 καὶ
619 1422 706 1456 φωτὸς
722 1419 790 1448 εἶναι
804 1422 850 1448 καὶ
874 1422 948 1457 ἡλίου

164 1466 307 1502 ἐπώνυμον
333 1467 486 1502 συμϐαίνει,
515 1466 548 1492 τὰ
579 1465 761 1501 στρατιωτικὰ
790 1466 878 1492 πάντα
906 1465 949 1492 διὰ

164 1512 281 1547 σπουδῆς
301 1511 381 1546 τιμᾷν
403 1511 545 1544 διδάσκων,
568 1512 624 1542 τοῖς
641 1511 689 1546 μὲν
702 1511 750 1546 τῆς
770 1511 861 1537 ἐνθέου
883 1519 948 1546 μετ-γ

164 1557 255 1594 έχουσι
263 1557 390 1589 πίστεως,
400 1557 544 1588 ἀκωλύτως
556 1558 588 1592 τῇ
597 1556 743 1592 Ἐκκλησία
749 1556 796 1582 τοῦ
809 1556 873 1582 Θεοῦ
883 1565 949 1591 καρ-

162 1605 250 1639 τερεῖν
267 1604 401 1639 μετεδίδου
425 1603 531 1638 σχολῆς,
553 1603 595 1636 ἐφ’
613 1599 634 1636 ᾧ
654 1602 703 1633 τὰς
723 1601 813 1637 εὐχὰς,
834 1601 948 1637 μηδενὸς

163 1649 255 1681 αὐτοῖς
267 1649 391 1685 ἐμποδὼν
402 1649 573 1684 γιγνομένου,
588 1648 734 1675 συντελεῖν.

1003 919 1051 950 eti,
1073 919 1265 954 imperatorem
1284 922 1372 956 ipsum
1389 923 1496 955 pietatis
1514 924 1672 958 magistrum
1699 925 1783 952 habe—

1002 965 1085 998 bant;
1110 970 1138 993 et
1155 967 1301 994 salutarem
1327 975 1359 995 ac
1383 968 1550 996 Dominicum
1573 970 1643 996 diem
1670 971 1782 1004 perinde

1001 1011 1186 1045 honorabant;
1201 1020 1287 1047 eoque
1302 1014 1344 1041 die
1356 1015 1526 1048 precationes
1541 1015 1698 1050 imperatori
1715 1024 1780 1051 gra-

1003 1061 1045 1083 tas
1060 1057 1093 1084 ad
1117 1057 1200 1084 Deum
1216 1058 1374 1086 fundebant.
1394 1059 1521 1095 Reliquos
1534 1060 1615 1087 etiam
1630 1061 1757 1089 mortales
1771 1082 1780 1094 ,

1001 1103 1034 1129 ad
1049 1103 1118 1130 idem
1133 1104 1289 1133 faciendum
1306 1107 1429 1134 incitavit
1449 1107 1574 1142 princeps
1590 1108 1779 1138 beatissimus;

1001 1153 1092 1183 utpote
1107 1150 1152 1184 qui
1176 1150 1202 1177 id
1218 1151 1335 1178 maxime
1350 1152 1376 1178 in
1393 1153 1461 1179 votis
1477 1153 1606 1184 haberet,
1624 1158 1653 1180 ut
1667 1154 1778 1180 univor-

1000 1202 1046 1222 sos
1061 1196 1184 1224 homines
1199 1196 1328 1230 paulatim
1348 1197 1394 1225 Dei
1409 1198 1526 1225 cultores
1551 1198 1680 1226 ediceret.
1693 1200 1782 1234 Atque

1000 1242 1034 1268 ob
1051 1243 1118 1269 hanc
1135 1250 1243 1270 causam
1260 1244 1366 1271 cunctis
1385 1245 1434 1272 sub
1455 1244 1568 1279 Imperio
1591 1244 1715 1273 Romano
1732 1247 1780 1272 de-

1000 1288 1124 1322 gentibus
1147 1290 1294 1324 prmcepit,
1317 1295 1346 1317 ut
1370 1289 1508 1317 Dominico
1533 1290 1575 1318 die
1597 1291 1780 1323 feriarentur:

1000 1337 1082 1366 utque
1104 1333 1174 1360 diem
1193 1334 1238 1368 qui
1256 1339 1298 1361 est
1316 1335 1403 1369 pridie
1423 1336 1527 1363 sabbati
1552 1337 1678 1364 similiter
1693 1337 1780 1365 hono-

1000 1383 1093 1405 rarent
1108 1387 1116 1405 :
1134 1378 1160 1406 in
1177 1380 1333 1408 memoriam
1348 1400 1354 1411 ,
1370 1385 1399 1407 ut
1420 1382 1537 1415 videtur,
1560 1390 1651 1409 earum
1669 1391 1757 1410 rerum
1771 1404 1779 1415 ,

999 1429 1058 1456 qua:
1072 1430 1087 1450 a
1110 1425 1245 1451 communi
1263 1426 1382 1452 omnium
1400 1424 1545 1454 Servatore
1561 1427 1613 1454 illis
1629 1427 1724 1455 diebus
1737 1436 1780 1463 ge-

999 1472 1047 1494 sta:
1061 1475 1121 1495 esse
1135 1469 1320 1503 perhibentur.
1338 1469 1420 1497 Porro
1434 1477 1495 1498 cum
1512 1472 1661 1498 exercitum
1673 1480 1779 1500 omnem

1000 1512 1032 1538 ad
1048 1513 1174 1541 salutaris
1191 1515 1244 1542 diei
1255 1534 1263 1547 .
1284 1515 1329 1550 qui
1346 1516 1414 1542 lucis
1429 1523 1461 1543 ac
1476 1517 1542 1544 solis
1565 1517 1716 1552 appellatur
1732 1525 1779 1545 nos

1002 1556 1094 1589 mine,
1112 1557 1265 1592 religiosum
1289 1560 1391 1587 cultum
1414 1560 1587 1595 institueret;
1613 1563 1646 1589 iis
1671 1563 1778 1597 quidem

1001 1601 1046 1635 qui
1065 1603 1142 1629 tidem
1155 1603 1285 1631 divinitus
1298 1605 1456 1640 inspiratam
1473 1606 1590 1640 amplexi
1604 1613 1778 1641 erant,exer-

1001 1650 1079 1676 condi
1097 1657 1126 1677 se
1138 1658 1170 1678 ex
1184 1658 1259 1678 more
1274 1651 1452 1687 institutoque
1470 1653 1598 1686 Ecclesia
1611 1654 1658 1682 Dei
1677 1660 1779 1690 tempus

163 1700 248 1730 atque
263 1697 347 1724 otium
361 1697 485 1728 indulsit,
500 1703 554 1730 quo
567 1696 670 1730 absque
681 1696 736 1722 ullo
751 1696 944 1730 impedimento
963 1697 1132 1725 orationibus
1145 1703 1282 1726 vacarent.

423 1744 620 1771 ΚΕΦΛΛΔΙΟΝ
639 1742 689 1770 ΙΘ¹.

164 1790 264 1824 ὀπως
282 1790 330 1817 καὶ
347 1790 418 1823 τοὺς
435 1789 571 1823 ἐθνικοὺς
583 1790 774 1824 στρατιώτας,
789 1790 824 1816 ἐν
839 1791 946 1825 Κυρια-

354 1825 420 1858 καῖς
430 1826 569 1860 εὔχεσθαι
579 1824 753 1859 προσέταξε.

198 1871 259 1903 Τοῖς
285 1872 331 1898 καὶ
359 1872 441 1908 μήπω
460 1870 507 1898 τοῦ
527 1871 599 1898 θείου
614 1871 693 1905 λόγου
715 1870 902 1906 μετασχοῦσιν,
917 1871 945 1896 ὲν

197 1959 252 1995 (51)
277 1960 456 1994 Ἐκκλησίας
482 1960 555 1988 Θεοῦ
580 1962 700 1995 τρόπον.
727 1959 892 1988 Sozomeuus
914 1959 939 1995 in

160 1993 210 2023 lib.
226 1993 249 2026 ι,
265 2003 291 2031 c.
304 1995 330 2027 7.
342 1993 384 2031 ae
406 1993 582 2023 Constantino
594 1993 670 2031 imp.
692 1996 727 2022 ita
752 1995 867 2022 scribit:
885 1993 939 2021 Καὶ

160 2032 190 2057 ὲν
208 2031 262 2061 τοῖς
281 2030 423 2065 βασιλείοις
438 2031 580 2066 εὐκτήριον
592 2029 664 2057 οἷκον
679 2030 871 2066 κατεσκεύασε.
889 2033 942 2066 tip-

161 2070 238 2100 paret
252 2064 429 2092 SOzomenum
446 2066 472 2092 id
491 2064 529 2093 ei
549 2066 662 2093 Eusebio
683 2070 785 2095 nostro.
802 2065 840 2090 uti
857 2064 939 2100 solet,

161 2099 293 2128 hausisse.
315 2100 368 2127 Sed
387 2100 517 2127 Eusebius
531 2108 584 2128 non
598 2100 664 2127 dicit
685 2099 892 2127 Constantinum
912 2099 939 2125 in

161 2135 260 2169 palatio
272 2135 413 2162 ecclesiam
424 2136 579 2163 atditleasse.
595 2135 649 2162 Hoc
661 2139 763 2161 tantum
777 2134 852 2165 dicit,
865 2134 940 2161 illum

160 2170 281 2197 ecclesia:
303 2170 444 2204 quamdam
464 2171 579 2203 speciem
605 2171 630 2196 in
656 2170 756 2204 palatio
778 2169 938 2195 instituisse.

161 2205 228 2232 Vide
255 2205 445 2239 panegyricqu
472 2204 576 2231 Eusebii
600 2205 627 2231 in
654 2204 845 2231 tricennalibus
867 2205 938 2230 Cou-

161 2240 282 2272 stantini,
299 2247 358 2274 pag.
371 2239 434 2271 6‘28,
450 2240 494 2266 ubi
517 2239 678 2266 sententiam
702 2244 822 2265 nostram
847 2243 939 2272 aperte

161 2275 313 2302 conﬁrmat.

197 2309 251 2345 (52)
274 2309 337 2342 Τοῖς
350 2309 404 2336 τὸν
421 2309 579 2345 ,βασιλείων
592 2307 675 2336 οἴχον-
690 2307 867 2345 πληροῆονιν.
881 2307 940 2335 Vox

160 2342 285 2378 ambigua
302 2351 344 2372 est
370 2345 501 2379 βασίλειος
524 2342 610 2376 οἶκος,
629 2351 689 2378 (ιιιτε
704 2350 731 2371 et
748 2342 888 2379 ecclesiam
914 2349 941 2369 et

162 2380 297 2415 palatium
310 2378 453 2415 signiﬁcat.
474 2380 512 2406 At:
536 2380 641 2406 videtur
656 2379 787 2415 Eusebius
810 2378 843 2404 de
864 2378 941 2415 indu:

161 2412 228 2441 Strta
251 2415 276 2441 in
294 2412 371 2448 hust
395 2415 468 2442 vocis
490 2414 664 2447 ambiguitate
689 2414 793 2446 lusisse,
816 2420 848 2448 eo
870 2412 941 2446 quod

160 2447 332 2476 Constantini
347 2451 475 2484 palatium
489 2449 576 2476 simile
589 2449 804 2484 esset_ecclesiai.
825 2447 857 2484 Et
871 2454 940 2482 quos

162 2485 205 2511 hic
235 2489 310 2510 vocat
342 2481 403 2515 τοὺς
425 2485 470 2510 τὸν
496 2483 629 2518 βασίλειον
653 2481 725 2510 οἷκον
755 2481 939 2517 πληροῦντας,

161 2526 241 2551 supra
253 2520 358 2546 vocavit
369 2520 432 2550 τοὺς
446 2517 516 2546 ἔνδον
530 2517 800 2553 ὲκκλησιαζομένους.

197 2553 251 2587 (55)
271 2554 403 2586 Φύλακες
424 2554 477 2580 τοῦ
501 2551 613 2586 παντὸςέ
626 2551 720 2579 οἵκοὺ.
742 2553 875 2586 lnterpres
890 2551 941 2579 5ο.

161 2589 266 2615 zomeui
293 2589 453 2615 sententiam
482 2592 589 2615 secutus
619 2587 760 2614 ecclesiam
791 2587 940 2620 intellexit,

161 2623 202 2650 cui
217 2630 267 2648 non
282 2624 424 2650 assentior.
437 2622 503 2650 Nam
515 2622 645 2649 Eusebius
659 2630 716 2656 ipse
729 2623 754 2648 iu
763 2621 939 2657 Panegyrico,

160 2665 221 2692 pag.
238 2657 303 2687 628.
328 2658 371 2684 ubi
395 2658 452 2684 haec
470 2658 502 2684 ad
529 2658 640 2683 verbum
665 2657 798 2691 leguntur,
818 2657 882 2683 nihil
908 2657 941 2683 de

160 2691 272 2719 ecclesia
291 2693 364 2720 dicit.
387 2693 488 2720 Sensus
514 2692 594 2726 igitur
613 2691 690 2724 hujus
717 2692 766 2718 locu
789 2696 847 2722 est,
869 2691 941 2718 Cou-

161 2728 307 2754 stautiuum
329 2728 461 2754 ministris
474 2734 505 2754 ac
519 2726 627 2753 famulis
640 2727 688 2753 Dei
708 2731 736 2753 et
755 2727 940 2753 sacerdotibus

161 2770 252 2790 curam
270 2767 296 2790 et
310 2763 459 2794 custodiam
476 2762 560 2789 totius
579 2762 670 2795 palatii
692 2762 734 2788 sui
748 2761 916 2788 couuuisiSse
930 2770 938 2788 :

163 2798 198 2825 ita
227 2802 254 2824 ut
281 2799 433 2826 sacerdotes
459 2801 549 2824 essent
579 2797 656 2831 quasi
682 2797 791 2831 quidam
826 2796 940 2829 majores

159 2834 272 2866 domus,
298 2838 343 2860 aut
379 2840 446 2869 quos
477 2831 590 2860 Romani
620 2839 699 2859 curas
727 2831 820 2866 palatii
858 2838 939 2858 voca-

159 2869 233 2895 bant.

1236 1746 1316 1782 535
1343 1746 1455 1775 canor
1471 1747 1544 1774 XIX.

1020 1790 1157 1823 Quomodo
1182 1793 1261 1819 etiam
1278 1793 1385 1826 gentiles
1400 1794 1493 1819 milites
1511 1794 1601 1820 diebus
1616 1794 1761 1821 Dominicis

1275 1835 1353 1853 orare
1371 1829 1498 1854 docuerit.

1034 1871 1156 1906 Reliquis
1169 1879 1232 1899 vero
1245 1873 1290 1907 qui
1303 1873 1399 1909 divina;
1413 1873 1474 1900 ﬁdei
1489 1873 1640 1900 doctrinam
1657 1875 1774 1901 nondum

1028 1960 1085 1996 (54)
1104 1959 1292 1988 Διδάσκαλον
1320 1961 1452 1988 εὐσεϐῶν
1474 1961 1677 1989 ἐδιδάσκοντο.
1704 1962 1778 1991 Scri.

993 1994 1108 2022 beudum
1130 2000 1193 2030 puto
1209 1996 1405 2031 ἐπεγράφοντο.
1420 1996 1487 2023 Nam
1503 2004 1600 2023 excusa
1618 1997 1696 2024 lectio
1711 1997 1774 2025 ferri

994 2029 1164 2066 nonﬂpotest.
1180 2031 1267 2066 Atque
1281 2029 1361 2058 ita'in
1379 2029 1552 2066 Panegyrico:
1568 2038 1628 2065 pag.
1643 2031 1706 2059 628.

1029 2065 1085 2100 (55)
1108 2065 1162 2092 Καὶ
1183 2065 1236 2098 τὰς
1250 2065 1303 2092 τοῦ
1319 2065 1472 2100 σαϐϐάτου
1483 2065 1582 2099 τιμᾷν.
1597 2067 1777 2095 Seribeudunt

993 2105 1035 2126 est
1048 2100 1141 2136 procul
1156 2101 1237 2136 dubio
1259 2100 1308 2136 τὴν
1322 2100 1376 2136 πρὸ
1392 2099 1439 2126 τοῦ
1461 2100 1607 2127 σαϐὁάτου.
1631 2101 1718 2134 Atque
1740 2103 1777 2129 ita

993 2139 1103 2168 apparet
1127 2135 1224 2170 legisse
1251 2135 1312 2170 eum
1339 2136 1385 2170 qui
1415 2136 1505 2162 titulos
1531 2136 1626 2163 borum
1656 2136 1774 2170 capitum

992 2170 1152 2203 composuit.
1171 2169 1223 2197 Sed
1243 2175 1270 2197 et
1287 2169 1454 2197 Sozdmenus
1477 2170 1503 2196 iu
1523 2171 1591 2198 libro
1616 2170 1714 2202 primo,
1730 2179 1774 2198 ca-

992 2204 1046 2238 pite
1059 2204 1086 2240 7,
1097 2205 1211 2239 idipsmn
1225 2205 1378 2236 continuat,
1398 2205 1461 2230 dum
1478 2205 1572 2240 scribit
1586 2215 1591 2231 :
1608 2205 1662 2240 Τὴν
1678 2205 1706 2231 δὲ
1721 2206 1776 2232 Κυ‹

991 2239 1273 2276 ριᾳκὴικαλουμένην
1287 2240 1403 2276 ἡμέρέἶῆ
1418 2240 1450 2274 ἣν
1464 2239 1582 2276 Ἑβραῖοι
1597 2239 1715 2276 πρώτην
1725 2240 1776 2276 τῆς

992 2274 1135 2308 ἑϐδομάδος
1148 2275 1332 2309 ὀνομάζουσιν,
1348 2274 1475 2308 ’Έλληνες
1487 2274 1519 2310 δὲ
1528 2275 1596 2310 ἡλίῳ
1609 2274 1774 2307 ἀνατιθέασι,

991 2310 1038 2335 καὶ
1052 2310 1102 2345 τὴν
1115 2310 1167 2345 πρὸ
1182 2310 1231 2343 τῆς
1245 2310 1370 2344 ἑϐδόμης,
1394 2309 1572 2345 ἐνομοθέτησε
1594 2310 1776 2345 δικαστηρίων

992 2345 1038 2380 καὶ
1047 2345 1102 2380 τῶν
1116 2345 1202 2371 ἄλλων
1209 2344 1303 2379 σχολὴν
1317 2345 1393 2380 ᾆγειν
1399 2344 1512 2375 πάντας,
1524 2346 1570 2380 καὶ
1584 2346 1612 2370 ἐν
1625 2344 1717 2380 εὐχαῖς
1728 2346 1776 2372 καὶ

992 2378 1110 2410 λιταίςτὸ
1122 2379 1198 2405 Θεῑον
1213 2379 1383 2414 θεραπεύειν,
1400 2379 1425 2405 id
1437 2384 1478 2404 est
1495 2388 1500 2404 :
1520 2379 1567 2405 Die
1579 2378 1672 2406 autent
1686 2380 1776 2406 Domi-

993 2414 1050 2440 nico
1062 2423 1137 2448 quem
1149 2414 1253 2440 Hebra’i
1265 2415 1377 2447 primum
1396 2414 1506 2444 sabbati,
1518 2415 1626 2447 gentiles
1637 2422 1694 2440 vero
1707 2415 1775 2440 diem

992 2447 1062 2475 Solis
1069 2447 1211 2482 appellant;
1223 2450 1283 2475 item
1290 2454 1361 2475 seua
1368 2448 1444 2482 feria.
1451 2454 1555 2474 cunctos
1563 2457 1577 2474 a
1584 2449 1694 2483 judiciis
1706 2450 1776 2475 aliia-

991 2491 1040 2517 que
1056 2483 1174 2516 operibus
1194 2484 1286 2517 [ει-ἰανί
1303 2484 1433 2516 ρνωεερόι,
1447 2487 1471 2508 et
1493 2484 1610 2515 precibus
1628 2492 1658 2510 ac
1674 2485 1776 2516 suppli—

992 2517 1135 2544 cationibus
1163 2518 1244 2544 Deum
1272 2518 1397 2544 venerari.
1416 2518 1441 2543 lu
1460 2517 1500 2543 Itis
1518 2517 1662 2545 Sozomeni
1686 2519 1775 2544 verbis

993 2553 1114 2578 nonnihil
1139 2552 1302 2579 ditlicultatis
1326 2553 1464 2583 occurrit,
1487 2554 1558 2586 quod
1583 2552 1691 2586 quidem
1716 2560 1775 2585 spe—

993 2592 1048 2613 ctat
1070 2587 1104 2613 ad
1122 2587 1191 2613 diem
1210 2586 1332 2614 Veneris.
1348 2587 1396 2613 Vix
1420 2589 1492 2614 enim
1518 2587 1584 2614 mihi
1612 2588 1775 2621 persuadere

992 2629 1111 2656 possum,
1135 2623 1340 2649 Constantinum
1358 2622 1528 2656 praecepisse.
1551 2627 1579 2648 ut
1598 2630 1631 2649 eo
1645 2623 1688 2648 die
1703 2630 1717 2648 a
1729 2621 1775 2656 ju-

993 2657 1071 2682 diciis
1095 2656 1272 2683 abstinerent.
1286 2657 1365 2684 Certe
1387 2657 1518 2682 Eusebius
1535 2657 1561 2683 id
1583 2665 1636 2683 non
1657 2657 1723 2683 dicit
1740 2658 1775 2685 tia

992 2690 1106 2718 Veneris
1123 2693 1176 2721 die.
1195 2693 1241 2718 sed
1266 2697 1369 2718 tantum
1391 2693 1424 2717 de
1441 2691 1484 2718 die
1509 2692 1656 2718 Dominico.
1681 2691 1774 2718 Exstat

992 2726 1162 2753 Constantini
1183 2726 1264 2752 lexin
1289 2727 1382 2753 codice
1398 2726 1596 2759 Theodosiauo,
1619 2726 1709 2758 titulo,
1732 2726 1772 2754 De

992 2760 1083 2794 feriis,
1108 2761 1134 2787 in
1158 2768 1211 2795 qua
1237 2762 1295 2788 dies
1320 2766 1422 2788 lmillllll
1450 2761 1604 2789 Dontinicus
1629 2762 1771 2795 excipitur.

992 2798 1084 2830 Itaque
1098 2797 1124 2822 id
1139 2797 1172 2822 de
1187 2802 1236 2822 suo
1249 2797 1391 2822 admensus
1401 2801 1444 2822 est
1456 2795 1632 2823 Sozomeuus.
1646 2796 1697 2828 Qui
1711 2805 1772 2823 cuiu

992 2839 1041 2857 sua
1056 2835 1135 2858 atate
1152 2831 1177 2857 id
1191 2832 1328 2857 observari
1348 2832 1450 2858 videret
1464 2831 1696 2865 Constantinopoli
1712 2833 1773 2859 tl'uit.

992 2867 1063 2893 cuitu
1078 2867 1223 2893 advocatus
1238 2866 1264 2892 in
1278 2874 1310 2892 ea
1326 2867 1404 2898 urbe,
1421 2873 1472 2892 una
1487 2873 1548 2893 cum
1562 2867 1688 2901 Aquilino
1704 2875 1772 2901 qui»
