2000 3167
173 171 187 198 1
196 171 244 198 I73

721 171 766 199 DE
786 170 870 200 VlTA
887 169 1116 200 CONSTANTINI
1135 170 1199 200 LIB.
1218 172 1264 200 1V.

173 229 228 256 πᾶν
247 228 278 255 τὸ
299 227 352 255 τῶν
371 228 541 263 ἀνδρογύνων
561 229 639 264 γένος
663 229 759 266 ὥσπερ
780 239 806 257 τι
827 230 961 264 κίϐδηλον,

1018 230 1106 258 omnis
1121 231 1341 267 androgynorum
1363 232 1438 260 natio
1455 236 1583 268 tanquam
1605 233 1769 269 adulterina,
1785 244 1801 263 e

173 274 275 309 ἀφανὲς
288 275 429 309 γίγνεσθαι
442 276 488 302 τοῦ
503 275 570 310 βίον,
590 276 651 312 μηδ’
670 276 770 309 ἐξεῖναί
789 286 833 303 ποι
847 276 961 313 ὁρᾶσθαι

172 321 236 352 τοὺς
256 320 304 357 τὴν
325 321 469 356 ἀσέλγειαν
489 323 591 358 ταύτην
619 323 807 359 νενοσηκότας.
845 323 920 350 Ἐπεὶ
940 323 961 349 δ’

174 366 308 393 ὑπέλαϐον
324 366 349 393 οἱ
365 366 569 402 δεισιδαίμονες,
590 368 688 403 μηκέτι
705 368 749 395 τὸν
764 368 885 404 ποταμὸν
903 369 963 404 ῥεύ-

175 421 231 440 σειν
242 413 334 445 αὐτοῖς
356 412 495 448 συνήθως,
517 414 570 440 πᾶν
590 415 743 441 τούναντίον
763 415 780 451 ἣ
798 415 963 451 προσεδόκη-

174 466 223 485 σαν
236 458 301 490 Θεὸς
316 458 354 494 τῷ
377 458 508 494 βασιλέως
528 460 712 496 συμπράττων
731 461 806 496 νόμῳ
820 461 963 496 κατειργά-

173 503 253 536 ζετο·
270 504 295 530 oi.
320 504 368 539 μὲν
391 503 445 540 γὰρ
467 503 559 530 οὐκέτι
586 503 656 540 ἦσαν
675 505 700 531 οἱ
722 507 755 541 τῇ
773 505 846 540 σφῶν
873 505 964 540 βδελυ-

174 549 222 585 ρίᾳ
237 548 287 581 τὰς
301 549 393 581 πόλεις
407 549 568 585 μιαίνοντες,
585 550 599 577 ό
611 550 639 577 δὲ
655 549 758 577 ὡσανεὶ
778 551 963 587 καθαρθείσης

173 593 249 630 αὐτῷ
273 595 323 631 τῆς
343 594 450 631 χώρας,
466 595 578 631 ὲφέρετο
596 593 652 629 οἷος
670 597 815 631 οὐδέποτε,
838 597 962 625 ἀνῶαινέ

173 649 203 668 τε
220 641 338 677 πλουσίῳ
349 640 388 677 τῷ
402 641 517 678 ῥεύματι
548 642 637 675 πάσας
651 642 803 676 ἐπικλύζων
820 643 870 675 τὰς
882 643 964 680 ἀρού-

174 696 242 722 ρας,
269 687 341 723 ἔργῳ
372 687 507 714 παιδεύων
523 688 585 721 τοὺς
613 689 752 726 ἄφρονας,
772 691 886 727 μιαροὺς
914 690 963 726 μὲν

172 733 355 770 ἐκτρέπεσθαι
371 734 425 761 δεῖν
443 734 552 771 ἄνδρας,
572 735 644 771 μόνῳ
668 735 696 762 δὲ
713 735 752 771 τῷ
768 737 869 768 παντὸς
894 737 962 771 ἁγα-

172 779 220 808 θοῦ
235 779 326 816 δοτῆρι
341 780 388 817 τὴν
400 781 453 807 τῶν
468 780 558 808 καλῶν
572 781 726 809 ἀνατιθέναι
742 783 841 809 αἰτίαν.

434 920 632 947 ΚΕΦΑΛΑΙΟΝ
648 920 717 954 KG’.

172 965 273 1002 Νόμου
289 964 343 1002 τοῦ
365 965 455 1002 guard
473 966 606 1002 ᾀτέκνων
623 967 712 1000 ὄντος
734 967 907 1002 διόρθωσις,
920 968 963 995 ἔτι

208 1000 243 1027 δὲ
262 1000 311 1027 καί
327 1000 379 1027 τοῦ
391 1000 457 1034 περὶ
476 1001 625 1036 διαθηκῶν
642 1003 748 1037 ὁμοίως
762 1000 926 1038 διόρθωσις.

214 1047 294 1075 Ἀλλὰ
311 1047 364 1084 γὰρ
387 1048 469 1083 μυρία
494 1049 605 1076 τοιαῦτα
622 1049 727 1085 βασιλεῖ
747 1051 902 1086 πραχθέντα
919 1052 962 1086 ἐφ’

173 1092 292 1129 ἑκάστης
311 1094 453 1130 ἐπαρχίας,
471 1094 582 1131 πλείστη
606 1095 704 1129 γένοιτ’
718 1095 752 1122 ἂν
764 1096 887 1132 ῥᾳστώνη
907 1096 962 1132 (Ἲῖ)

173 1139 230 1171 τοῖς
243 1139 359 1175 γράφειν
375 1139 444 1167 αὐτὰ
467 1141 716 1176 φιλαπιμουμένοις”
733 1141 827 1178 ὥσπερ
850 1141 895 1178 οὖν
918 1143 964 1170 καὶ

174 1184 273 1220 νόμους
297 1184 343 1217 οὓς
361 1186 393 1212 ὲκ
413 1186 535 1213 παλαιῶν
549 1187 595 1213 ἐπὶ
610 1187 640 1214 τὸ
664 1186 809 1223 ὁσιώτερον
832 1177 965 1223 μεταϐάλ-

174 1230 228 1258 λων
243 1231 391 1259 ἀνενεοῦτο.
405 1232 460 1259 Καὶ
475 1233 574 1260 τούτων
589 1233 611 1259 δ’
622 1233 651 1260 ὲν
669 1233 751 1269 ὀλίγῳ
767 1235 831 1269 ρᾷον
848 1235 964 1270 ἐκφῆναι

172 1277 218 1304 τὸν
230 1278 338 1313 τρόπον.
361 1279 429 1310 Τοὺς
446 1279 563 1312 ἄπαιδας
577 1279 634 1316 (75)
652 1280 762 1307 παλαιοὶ
776 1281 852 1316 νόμοι
867 1282 963 1317 στερή-

174 1332 217 1351 σει
230 1324 279 1360 τῆς
289 1324 343 1351 τῶν
356 1326 475 1361 γονίμων
497 1326 623 1362 διαδοχῆς
645 1326 841 1362 ἐτιμωροῦντο·
867 1327 913 1354 καὶ
931 1325 965 1363 ἦν

173 1364 253 1402 οὗτος
266 1371 337 1397 κατὰ
356 1371 409 1398 τῶν
425 1371 545 1398 ἀτέκνων
561 1371 666 1408 ἀπηνὴς
681 1372 761 1408 νόμος
774 1393 781 1405 ,
800 1372 901 1400 ὡσανεὶ
918 1381 967 1399 πε-

174 1416 409 1453 πλημμεληκότας
433 1417 531 1450 αὐτοὺς
557 1417 644 1454 ζημίᾳ
663 1418 794 1451 κολάζων.
822 1419 913 1451 Λύσας
933 1419 965 1454 δὴ

175 1464 312 1499 συγχωρεῖ
321 1463 499 1500 κληρονομεῖν
512 1464 575 1496 τοὺς
589 1465 787 1500 προσήκοντας.
807 1464 894 1492 Τοῦτο
909 1465 965 1501 (74)

176 1508 303 1544 βασιλεὺς
331 1509 377 1536 ἐπὶ
393 1509 423 1536 τὸ
444 1510 516 1536 ὅσιον
536 1510 692 1547 μεθήρμοζε
705 1531 712 1544 ,
729 1512 793 1543 τοὺς
809 1511 878 1538 κατὰ
901 1511 968 1546 γνώ-

178 1564 232 1591 μην
254 1555 481 1592 πλημμελοῦντας
509 1556 607 1589 είπὼν,
634 1559 667 1594 τῇ
700 1559 877 1596 προσηκούσῃ
910 1560 965 1587 δεῖν

1014 277 1103 305 medio
1131 277 1287 311 tolleretur;
1311 286 1362 307 nec
1394 287 1508 314 usquam
1534 280 1755 315 conspicerem
1782 283 1801 310 ii

1015 286 1103 305 mequ
1131 286 1287 311 tolleretur;
1311 286 1362 307 nec
1394 287 1508 314 usquam
1534 287 1690 315 conspicere
1782 286 1801 310 ii

1015 325 1061 358 qui
1076 323 1231 358 hujusmodi
1247 324 1422 360 impudicitize
1440 325 1536 354 morbo
1550 286 1801 400 laborassetysw

1015 369 1146 400 quoniam
1159 370 1342 400 superstitiosi
1357 371 1481 399 homines
1495 372 1697 400 existimabant.
1737 373 1801 400 ilum

1015 369 1146 404 quoniam
1159 370 1342 405 superstitiosi
1357 371 1481 399 homines
1495 369 1802 406 existimabantﬂ‘ilum

1014 416 1128 451 posthac
1151 423 1226 443 more
1249 416 1328 444 solito
1354 424 1433 452 agros
1456 424 1520 445 suos
1544 418 1654 446 minime
1668 419 1802 454 irrigatu-

1014 469 1092 495 rum,
1111 462 1284 496 imperatoris
1318 462 1369 498 legi
1400 462 1495 491 favens
1524 463 1612 497 Deus,
1634 465 1800 492 contrarium

1014 515 1127 543 prorsus
1141 516 1222 544 quam
1242 513 1420 544 speraverant
1435 509 1571 543 praestitit.
1596 509 1663 537 Nam
1681 509 1720 537 illi
1740 509 1802 544 qui-

1013 554 1074 582 dem
1094 554 1140 590 qui
1165 555 1248 583 urbes
1271 554 1452 583 obscoenitate
1481 562 1530 582 sua
1556 554 1723 589 polluebant,
1741 562 1802 583 esse

1014 600 1157 628 desierunt
1175 621 1182 633 ,
1198 600 1256 636 ipse
1287 605 1377 628 autem
1394 600 1504 634 ﬂuvius,
1519 601 1597 636 quasi
1612 602 1718 637 expiata
1734 609 1802 637 pur-

1015 650 1132 681 gataque
1147 645 1199 681 ipsi
1216 650 1272 674 tota
1298 646 1422 681 regione,
1442 646 1552 674 uberior
1576 653 1659 681 quam
1683 654 1801 681 unquam

1014 697 1093 719 antea
1112 690 1227 724 adluxit,
1245 696 1274 719 et
1288 691 1405 727 largiore
1419 698 1551 727 aquarum
1568 692 1803 727 copiaexundans,

1013 744 1095 772 agros
1112 745 1206 765 omnes
1219 737 1345 773 irrigavit
1363 748 1369 765 :
1386 737 1483 766 stultos
1507 738 1637 766 homines
1651 739 1740 773 reipsa
1756 738 1803 765 do-

1015 791 1080 810 cens
1106 788 1188 818 atque
1207 783 1367 815 admonens,
1393 783 1517 819 impuros
1542 783 1655 818 quidem
1684 782 1805 811 aversari

1014 834 1156 863 oportere,
1178 829 1228 856 soli
1255 834 1346 858 autem
1373 829 1428 857 Deo
1456 829 1576 857 omnium
1606 830 1738 857 bonorum
1755 836 1804 856 au-

1015 875 1096 908 ctori,
1116 882 1262 910 prosperos
1282 882 1363 902 casus
1374 882 1434 903 esse
1449 874 1636 903 ascribendos.

1294 920 1410 948 CAPUT
1430 920 1526 948 XXVI.

1017 978 1153 1006 Correctio
1166 978 1231 1013 legis
1242 978 1366 1006 adversus
1377 978 1502 1010 orbo:,’et
1512 978 1578 1013 legi:
1589 979 1620 1006 de
1632 979 1805 1008 testamentis.

1054 1047 1152 1075 Verum
1165 1048 1305 1076 enimvero
1317 1055 1378 1074 cum
1396 1046 1549 1082 hujusmodi
1574 1055 1619 1075 res
1639 1055 1708 1085 pene
1725 1049 1805 1076 innu-

1016 1093 1161 1121 merabiles
1176 1093 1202 1120 iu
1221 1093 1336 1128 singulis
1355 1093 1505 1129 provinciis
1519 1093 1553 1121 ab
1568 1093 1735 1128 imperatore
1759 1101 1805 1129 ge-

1019 1144 1068 1166 sta:
1097 1140 1160 1172 sint,
1191 1140 1346 1174 quicunque
1371 1147 1418 1168 eas
1443 1140 1579 1168 curiosius
1614 1141 1735 1168 scribere
1758 1149 1806 1176 ag-

1016 1184 1103 1218 gressi
1115 1184 1226 1217 iuerint,
1237 1184 1434 1220 amplissimam
1447 1190 1522 1213 certe
1532 1185 1673 1213 materiam
1687 1185 1805 1213 habituri

1018 1235 1093 1258 sunt.
1115 1230 1275 1265 Cujusmodi
1296 1235 1339 1258 est
1350 1231 1422 1265 quod
1437 1230 1570 1266 plurimas
1587 1231 1658 1267 leges
1673 1232 1706 1259 ad
1721 1233 1806 1267 majois

1018 1283 1075 1303 rem
1088 1276 1260 1303 sanctitatem
1275 1276 1432 1309 traducens,
1448 1282 1497 1310 pro
1521 1277 1641 1311 antiquis
1664 1285 1749 1305 novas
1765 1277 1806 1304 l‘e-

1016 1320 1065 1348 cit.
1082 1322 1171 1355 Atque
1190 1320 1270 1354 hujus
1285 1321 1323 1348 rei
1337 1320 1425 1348 forma
1441 1328 1495 1349 uno
1517 1326 1563 1349 aut
1579 1321 1666 1349 altero
1682 1323 1806 1357 exemplo

1017 1367 1152 1396 declarari
1168 1371 1267 1402 potest.
1282 1366 1370 1394 Orbos
1396 1366 1517 1401 antiqua:
1540 1367 1613 1403 leges
1636 1368 1807 1396 hmreditatis

1017 1419 1126 1450 patrum
1140 1414 1315 1449 ademptione
1329 1414 1495 1449 plectebaut.
1512 1414 1595 1450 538
1618 1415 1738 1450 Eratque
1761 1415 1806 1442 lex

1017 1461 1075 1488 haec
1089 1468 1154 1488 sane
1167 1461 1356 1494 atrocissima,
1373 1461 1474 1496 quippe
1489 1469 1549 1495 quae
1571 1461 1695 1489 homines
1713 1461 1807 1489 liberis

1018 1506 1175 1539 destitutos,
1203 1510 1331 1541 tanquam
1356 1506 1470 1542 alicujus
1494 1506 1618 1534 criminis
1641 1514 1711 1539 reos,
1725 1513 1805 1542 pinna

1019 1551 1152 1580 alliceret.
1178 1551 1328 1587 Imperator
1340 1558 1414 1584 vero,
1433 1551 1483 1578 hoc
1501 1551 1634 1587 abrogato
1656 1551 1727 1586 jure,
1744 1558 1806 1579 sar-

179 1601 354 1638 σωφρονίζειν
377 1603 502 1630 κολάσει’
526 1603 643 1636 ἄπαιδας
662 1592 797 1641 Ἲμὲν-ςγὰρ
817 1592 930 1637 πολλοὺς
948 1607 965 1642 ἡ

1018 1603 1089 1626 ctam
1102 1605 1134 1626 ac
1146 1597 1301 1633 religiosam
1317 1597 1404 1632 legem
1421 1597 1490 1625 tulit.
1505 1597 1557 1625 Eos
1566 1597 1637 1624 enim
1654 1596 1700 1631 qui
1711 1601 1807 1632 sponte

178 1648 259 1684 φύσις
277 1649 420 1682 ἀνέδειξεν,
437 1648 603 1686 εὐξαμένους
622 1651 671 1686 μὲν
687 1652 868 1684 πολυπαιδίας
890 1653 967 1679 εὐτυ-

174 1695 270 1731 χῆσαι,
287 1696 470 1732 στερηθέντας
494 1697 522 1724 δὲ
550 1697 658 1732 φύσεως
686 1698 830 1735 ἀσθενείᾳ·
849 1698 924 1726 ἄλλοι
943 1699 966 1725 δ’

173 1740 288 1773 ἄπαιδες
303 1741 457 1776 γεγόνασιν,
471 1742 502 1769 οὐ
522 1743 685 1780 παραιτήσει
709 1744 811 1771 παίδων
830 1744 965 1780 διαδοχῆς,

175 1786 333 1820 γυναικείας
345 1787 367 1813 δ’
382 1787 541 1823 ἀποστροφῇ
559 1786 668 1823 μίξεως,
688 1789 722 1824 ἣν
737 1789 910 1824 σφοδροτάτῳ
927 1797 968 1823 φι-

175 1831 303 1866 λοσοφίας
318 1832 400 1868 ἔρωτι
416 1833 583 1868 προείλοντο”
606 1827 760 1868 ἀγνείανίδὲ
781 1834 827 1860 καὶ
847 1833 966 1868 παντελῆ

175 1875 324 1910 παρθενίαν
349 1877 478 1910 γυναῖκες
502 1876 636 1912 ἱερωσύνῃ
669 1875 737 1903 Θεοῦ
765 1876 967 1912 καθιερωμέναι

178 1921 322 1957 μετῆλθον,
336 1921 410 1956 ἁγνῷ
427 1921 474 1948 καὶ
490 1921 614 1957 παναγίῳ
628 1921 689 1957 βίῳ,
704 1921 776 1957 ψυχῇ
790 1922 838 1949 καὶ
850 1922 965 1958 σώματι,

177 1968 248 2002 σφᾶς
261 1966 345 1999 αὑτὰς
360 1967 573 2003 καθιερώσασαι.
587 1967 620 1994 Τί
641 1965 705 1999 οὖν,
729 1968 867 2004 τιμωρίας
891 1968 966 2002 ἄξιον

175 2015 265 2048 τοῦτο,
282 2016 298 2052 ἢ
315 2016 454 2051 θαύματος
466 2017 512 2044 καὶ
528 2017 663 2053 ἀποδοχῆς
676 2018 758 2053 ὲχρῆν
772 2018 912 2053 ήγείσθαι;
935 2019 968 2045 Ἠ

178 2063 228 2098 μὲν
245 2062 297 2098 γὰρ
311 2063 465 2099 προθυμία,
487 2062 585 2090 πολλοῦ
599 2063 678 2096 ἀξία,
698 2063 728 2090 τὸ
748 2063 776 2090 δὲ
791 2064 966 2100 κατόρθωμα,

176 2107 301 2144 κρεῖττον
328 2109 444 2144 φύσεως.
469 2109 538 2141 Τοὺς
556 2109 605 2144 μὲν
631 2108 678 2136 οὖν
694 2109 821 2145 ἀσθενείᾳ
849 2110 969 2145 φύσεως,

176 2154 280 2181 παίδων
299 2154 446 2190 ἐπιθυμίας
461 2155 672 2191 στερουμένους,
693 2154 844 2188 ἐλεεῖσθαι,
868 2155 924 2182 ἀλλ’
936 2157 966 2183 οὐ

177 2199 354 2236 τιμωρεῖσθαι
366 2201 510 2237 προσήκει,
522 2201 567 2227 τὸν
576 2201 603 2228 δὲ
612 2200 659 2227 τοῦ
671 2201 823 2236 κρείττονος
838 2202 966 2238 ἐραστὴν,

176 2245 251 2279 ἄξιον
268 2244 337 2274 εἶναι
352 2246 584 2283 ὑπερθαυμάζειν,
599 2247 656 2274 ἀλλ’
678 2248 708 2274 οὐ
730 2247 863 2279 κολάζειν.
889 2247 966 2274 Οὕτω
982 2265 1003 2291 D

176 2291 222 2319 τὸν
235 2293 315 2328 νόμον
325 2293 450 2329 βασιλεὺς
466 2295 513 2321 σὺν
527 2293 600 2330 ὀρθῷ
613 2293 736 2329 λογισμῷ
756 2293 964 2330 μετερρύθμιζε.

177 2337 304 2366 Κᾶπειτα
319 2339 373 2366 τῶν
389 2340 433 2367 τὺν
454 2340 511 2375 βίον
528 2339 761 2375 μεταλλαττόντων
777 2340 892 2375 ὁμοίως,
916 2349 968 2367 πα-

176 2384 246 2412 λαιοὶ
262 2386 311 2422 μὲν
333 2387 420 2423 νόμοι,
443 2388 486 2414 ἐπ’
503 2387 587 2423 αὐτῆς
612 2387 729 2423 ἐσχάτης
753 2387 809 2423 (75)
829 2388 967 2423 ἀναπνοῆς

214 2488 270 2524 (72)
284 2488 418 2524 Πλείστη
437 2489 544 2523 γένοιτ’
556 2488 595 2516 ἂν
609 2489 761 2523 ῥᾳστώνη.
785 2489 890 2522 Melius,
908 2498 968 2517 meo

177 2523 287 2560 quidem
303 2524 414 2560 judicio,
433 2524 682 2560 dixissetst'mopiat.

214 2558 271 2591 (Ἱό)
289 2557 363 2591 Τοὺς
378 2559 517 2592 ἄπαιδας.
543 2559 610 2587 Vide
628 2557 815 2587 'Sozomenum
841 2561 868 2588 iu
883 2561 929 2588 lib.
947 2569 966 2593 ι,

177 2600 239 2630 cap.
255 2594 344 2630 9,gui
365 2599 395 2620 ut
417 2599 479 2628 pote
496 2595 651 2630 causidicus
677 2596 816 2630 Byzantini
841 2595 901 2625 fori.
918 2597 967 2623 hos

177 2629 275 2665 legum
292 2628 478 2665 Romanarum
502 2629 587 2657 nodos
612 2628 713 2665 clarius-
740 2630 859 2665 explicat
886 2639 966 2665 qttam

177 2663 477 2700 Eusebius.”\’idetidus
491 2669 652 2700 quoque_est
664 2663 808 2700 Lipsius'in
821 2663 968 2693 Commen-

178 2699 248 2736 tario
257 2698 296 2736 ad
313 2698 360 2736 lib.
378 2706 410 2726 ιιι
435 2698 579 2726 Annalium
593 2698 678 2727 Taciti
696 2698 794 2730 'ubi,de
809 2701 868 2736 lege
884 2701 967 2736 Papia

177 2734 236 2762 fuse
249 2734 368 2761 disserit.

215 2770 270 2803 (74)
287 2768 435 2805 Λύσαςδὴ
443 2769 793 2805 συγ-χωρεῖκληρονομεῖν
802 2770 872 2804 τοὺς
878 2777 968 2805 προσ-

177 2804 321 2842 ήκοντας.
344 2804 444 2832 Τοῦτο.
467 2804 544 2842 Αίέσςο
565 2804 648 2837 λύσας
673 2806 704 2842 δὴ
726 2804 812 2832 τοῦτο
829 2804 966 2842 βασιλεὺς,

177 2841 322 2874 expunctis
337 2845 454 2874 quatuor
467 2839 518 2876 illi_s
534 2842 656 2873 vocibus,
671 2839 730 2876 quia:
751 2849 786 2868 ex
804 2839 924 2876 margine
939 2843 967 2869 in

179 2879 282 2911 textum
298 2876 474 2910 irrepserunt.
495 2874 582 2903 Porro
597 2876 657 2911 haec
680 2874 837 2904 constitutio
852 2874 968 2911 impera-

181 2910 249 2939 toris
263 2910 434 2939 Constantini
448 2915 537 2939 exstat
553 2911 580 2939 in
594 2910 641 2939 lib.
662 2919 710 2939 vni
725 2912 826 2940 codicis
842 2910 967 2941 Théodo-
980 2941 1006 2949 _

1017 1651 1050 1671 ac
1066 1644 1156 1672 dedita
1178 1651 1260 1679 opera
1286 1648 1441 1679 peccarent,
1461 1650 1581 1678 congruo
1596 1643 1728 1678 supplicio
1750 1641 1807 1670 aﬂi-

1018 1690 1128 1718 ciendos
1142 1697 1202 1718 esse
1217 1690 1316 1718 aiebat.
1341 1690 1378 1717 At
1396 1697 1461 1717 vero
1475 1689 1567 1718 multis
1582 1693 1682 1716 natura
1707 1689 1807 1717 liberos

1018 1736 1178 1771 denegavit;
1193 1737 1240 1771 qui
1255 1743 1320 1764 cum
1345 1743 1519 1764 numerosam
1543 1735 1665 1763 sobolem
1689 1735 1740 1763 sibi
1756 1742 1806 1770 op-

1019 1786 1133 1814 tassent,
1150 1786 1241 1810 tamen
1256 1783 1291 1809 ob
1309 1782 1434 1816 corporis
1455 1781 1640 1808 inﬁrmitatem
1654 1780 1746 1808 liberis
1761 1788 1807 1807 ca-

1017 1832 1142 1854 ruerunt.
1162 1827 1217 1854 Alii
1232 1827 1292 1855 sine
1307 1826 1400 1855 liberis
1424 1827 1486 1854 ideo
1509 1828 1648 1859 vixerunt,
1666 1833 1719 1854 non
1735 1827 1808 1860 quod

1017 1880 1192 1900 successores
1208 1873 1310 1901 habere
1337 1872 1438 1900 liberos
1460 1873 1575 1906 nollent,
1592 1873 1638 1900 sed
1655 1873 1728 1907 quod
1746 1880 1807 1900 mu-

1017 1917 1130 1946 liebrcm
1149 1918 1272 1953 copulam
1291 1923 1502 1952 aversarentur,
1529 1926 1585 1953 prat-
1615 1918 1806 1946 ardentissimo

1018 1972 1111 1992 amore
1133 1964 1309 2000 philosophia:
1324 1964 1351 1991 id
1370 1963 1546 1992 continentiae
1571 1971 1658 1999 genus
1676 1963 1805 1999 amplexi.

1019 2010 1108 2038 Multae
1125 2013 1257 2045 praetcrea
1273 2009 1401 2037 mulieres
1416 2009 1508 2037 divino
1525 2009 1609 2037 cultui
1626 2013 1805 2040 consecratae.

1018 2058 1175 2086 castitatem
1198 2063 1281 2093 atque
1302 2056 1488 2084 omnimodam
1503 2055 1688 2092 virginitatem
1714 2054 1807 2083 colue-

1019 2108 1086 2131 runt.
1115 2108 1143 2132 et
1162 2108 1216 2131 tam
1242 2102 1347 2130 animos
1371 2110 1435 2130 suos
1463 2109 1542 2136 quam
1569 2108 1699 2136 corpora,
1714 2100 1806 2135 puris-

1018 2152 1094 2179 simae
1120 2158 1152 2178 ac
1178 2149 1361 2177 sanctissimae
1383 2148 1445 2176 vitae
1471 2148 1709 2182 mancipaverunt.
1736 2147 1806 2181 Quid

1019 2197 1103 2234 ergo?
1116 2196 1214 2225 Utrum
1238 2196 1290 2223 lioe
1306 2195 1449 2230 supplicio,
1465 2202 1498 2221 an
1519 2194 1609 2229 potius
1625 2189 1806 2221 admiratione

1019 2250 1046 2272 et
1062 2242 1259 2279 approbatione
1280 2242 1390 2278 dignum
1416 2240 1510 2269 haberi
1536 2240 1676 2275 oportuit?
1700 2239 1805 2267 Etenmt

1020 2291 1100 2327 hujus
1116 2291 1154 2318 rei
1176 2290 1219 2318 vel
1231 2295 1345 2318 conatus
1359 2289 1417 2325 ipse
1432 2288 1579 2316 maximam
1592 2287 1697 2315 laudem
1715 2294 1807 2314 Incre-

1018 2343 1062 2366 tur
1081 2345 1089 2364 :
1105 2337 1220 2365 eﬂ‘eetus
1232 2344 1298 2365 vero
1312 2341 1418 2364 naturae
1445 2335 1572 2362 humana:
1598 2334 1670 2362 vires
1686 2334 1804 2361 excedit.

1020 2385 1072 2412 Eos
1088 2384 1171 2419 igitur
1185 2383 1284 2419 quibus
1293 2381 1427 2410 naturalis
1438 2380 1595 2414 inﬁrmitas,
1611 2380 1674 2408 licet
1688 2380 1806 2408 maxime

1017 2483 1097 2520 siani,
1115 2484 1194 2520 titulo
1211 2484 1250 2511 De
1275 2484 1443 2520 inﬁrmandis
1468 2485 1550 2520 poenis
1575 2483 1711 2520 cce/ibam;
1724 2487 1806 2520 etpor-

1013 2519 1160 2555 bitatistln
1174 2520 1268 2547 codice
1282 2519 1349 2547 Fuk.
1364 2525 1391 2548 et
1407 2521 1470 2547 Sav.
1489 2528 1538 2555 pro
1553 2519 1636 2551 λύσας
1649 2519 1692 2554 δή,
1706 2519 1806 2554 legitur

1017 2554 1200 2586 τελευτῶντας
1220 2555 1260 2586 δέ,
1276 2561 1341 2588 etc.,
1352 2554 1494 2589 quomodo
1520 2556 1602 2582 etiam
1620 2555 1646 2581 in
1662 2554 1804 2589 Scaligeri,

1017 2589 1160 2625 Bongarsii
1186 2595 1213 2617 et
1227 2591 1466 2625 Christoptiorsoni
1492 2591 1570 2618 libris
1591 2590 1721 2624 scriptum
1744 2597 1806 2616 esse

1018 2624 1364 2660 monueruntitypograpbi
1379 2624 1560 2653 Genevenscs.
1587 2625 1692 2651 Mallem
1713 2629 1804 2652 tamen

1018 2660 1107 2696 legere
1125 2668 1159 2688 ex
1183 2659 1331 2688 somnient)
1357 2660 1394 2696 μὴ
1409 2660 1557 2696 συγχωρῶν
1582 2660 1759 2696 κληρονομεῦθ
1781 2661 1805 2686 εἰ

1019 2695 1056 2731 μὴ
1066 2695 1288 2732 ,τοὺςγὲγγυτάτω
1304 2695 1501 2732 προσήκοντας.

1053 2731 1109 2769 ς75)
1126 2731 1201 2769 Vulg.
1218 2731 1253 2764 ἐξ
1275 2731 1431 2769 τὴναὺτῆς
1442 2731 1618 2769 ἐσχάτης..γ..
1636 2731 1805 2769 Ἀζριϐολο-

1017 2767 1141 2802 νεῖσθαι.
1163 2766 1339 2801 'l‘ransposita
1354 2768 1396 2794 hic
1412 2772 1475 2794 sunt
1491 2768 1630 2798 vocabula,
1645 2766 1705 2801 qu-Le
1725 2767 1807 2794 mini-

1018 2801 1061 2838 ino
1072 2801 1178 2838 negotio
1196 2802 1233 2838 ita
1252 2802 1354 2829 restitui
1366 2807 1476 2838 possunt
1492 2803 1554 2829 εὲπ*
1578 2802 1696 2838 ἐσχάτης
1720 2803 1807 2829 ἀναπ-

1017 2837 1081 2878 νοῇς
1092 2836 1374 2878 εξακριὸολογεζσθαιξ
1383 2838 1467 2865 Porro
1475 2845 1506 2878 ea
1517 2839 1557 2865 lex
1573 2836 1741 2878 Coii'stantini
1754 2845 1805 2878 qua

1017 2873 1099 2906 prisci
1110 2873 1179 2906 juris
1194 2874 1389 2906 morositatem,
1411 2877 1438 2900 et
1451 2874 1594 2900 verborum
1618 2873 1747 2901 formulas
1778 2873 1805 2899 in

1018 2907 1165 2937 condendis
1188 2909 1356 2937 testamentis
1367 2909 1492 2944 abolevit,
1508 2909 1598 2945 hodie,
1607 2909 1634 2937 ui
1649 2908 1736 2942 fallor,
1752 2915 1807 2935 non

1732 175 1810 204 1174-
1842 195 1849 199 ,
