2000 3167
155 176 221 204 1181

699 171 744 199 DE
764 172 847 200 VITA
865 171 1095 199 CONS'I'ANI‘INI
1113 171 1168 199 LIB
1197 170 1243 200 IV.

1704 173 1772 202 “82

156 234 204 270 μὴ,
218 235 271 268 ὅπη
289 233 363 268 φίλον
378 233 485 268 ἑκάστῳ
497 253 504 265 ,
533 232 649 268 κρινέτω
662 241 668 247 ·
697 233 758 268 ἐμοὶ
782 233 805 259 δ’
826 232 936 268 ἐφείσοα

994 233 1103 268 injuria,
1121 235 1223 259 statuat
1237 232 1352 266 quisque
1366 236 1446 266 prout
1458 231 1608 266 videi-itum
1627 231 1690 259 Mihi
1704 233 1773 261 inte-

154 279 256 314 τάληθῆ
273 279 399 314 γράφειν.

408 323 605 350 ΚΕΦΔΛΑΙΟΝ
624 322 684 349 ΛΒ¹.

155 371 223 406 Περὶ
241 369 469 406 συγηοᾲμμᾳτος
491 368 720 406 Κωνσταντίνου
731 388 748 406 ,_
760 367 775 394 ὓ
798 367 872 401 πρὸς
887 368 940 394 τὸν

312 405 370 431 τῶν
387 404 478 438 ἁγίων
492 404 646 437 σύλλογον
659 403 780 437 Emam.

193 450 314 487 Ῥωμαία
328 450 376 485 μὲν
392 448 438 476 οὖν
457 449 563 486 γλώττῃ
578 449 628 487 τῂν
642 449 696 475 τῶν
716 449 802 482 λόγων
822 456 940 482 συγγρα-

155 498 206 534 φὴν
228 497 348 532 βασιλεὺς
370 496 499 531 παρεῖχε⁸
517 495 678 530 μετέϐαλλον
700 495 721 520 δ’
743 494 828 530 αὐτὴν
844 495 940 530 μεθερ-

156 542 287 580 μηνευταὶ
303 541 357 574 (8'2)
383 541 457 575 φωνῇ
479 540 521 575 (τῇ
543 539 676 574 ἡμετέρᾳ)
702 536 742 569 οἷς
756 538 835 565 τοῦτο
853 539 957 564 ποιεῖν’

155 589 233 624 ἔργον
255 585 298 622 ἦν.
317 585 377 612 Τῶν
392 585 414 611 δ’
436 583 656 620 ὲρμηνευθέντων
680 583 776 618 λόγων,
794 582 938 618 δείγματος

154 633 264 662 ἕνεκεν,
292 630 360 665 μετά
379 629 429 665 τὴν
446 628 585 665 παροῦσαν
610 627 736 655 ὑπόθεσιν
755 628 818 664 ἑξῆς
836 629 939 655 ἐκεῖνον

153 676 275 711 συνάψω,
292 676 321 702 ὃν
338 676 352 702 ὁ
366 676 446 708 αὐτὸς
466 675 605 712 ἐπέγραψε
626 674 667 708 Τῷ
684 674 745 702 τῶν
758 675 850 710 ἁτίων
863 675 940 702 συλ-

153 724 242 758 λόγῳ,
258 724 290 759 τῇ
312 722 458 758 Ἐκκλησία
474 722 521 749 τοῦ
541 721 608 749 Θεοῦ
629 721 737 752 ἀναθεὶς
752 720 800 756 τὴν
819 720 937 757 γραφὴν,

153 769 191 800 ὡς
207 770 243 804 μή
258 777 300 800 τις
313 769 418 804 κόμπον
430 766 498 795 εἷναι
513 768 632 803 νομίσειε
652 768 702 804 τὴν
714 767 849 803 ἡμετέραν
867 767 939 802 ἀμφὶ

152 814 207 841 τῶν
221 813 368 849 λεχθέντων
387 813 547 849 μαρτυρίαν.

404 854 601 880 ΚΕΦΛΛΑΙΟΝ
621 854 671 881 ΛΓ¹

993 279 1043 305 rim
1059 278 1101 306 fas
1117 278 1152 305 sit
1163 285 1252 305 rerum
1264 277 1406 304 veritatem
1420 277 1529 311 scriptis
1542 276 1669 311 prodere.

1260 322 1376 350 CAPUT
1396 322 1502 350 XXXII.

992 369 1032 396 De
1071 368 1237 395 Commmini
1266 369 1402 401 oratione,
1432 376 1513 410 quam
1552 369 1587 395 ad
1622 373 1770 396 sanctorum

1273 408 1365 430 celum
1385 408 1501 438 scripsit.

1026 449 1058 476 Et
1077 450 1230 484 imperator
1247 449 1354 484 quidem
1377 448 1474 476 Latino
1492 457 1616 477 sermone
1637 449 1772 477 orationes

991 495 1177 530 componebat.
1196 495 1249 522 Eas
1263 501 1328 522 vero
1351 494 1377 521 in
1399 493 1522 521 Graecam
1540 500 1634 529 postea
1651 495 1771 530 linguam

989 541 1185 568 convertebant
1213 540 1388 574 interpretes,
1414 540 1512 574 quibus
1536 541 1562 568 id
1590 548 1689 568 munus
1711 545 1772 568 erat

989 587 1149 622 injunctum.
1185 586 1224 613 Ex
1256 586 1297 613 his
1334 586 1503 614 orationibus
1526 586 1621 614 Graeco
1647 594 1772 614 sermone

989 631 1141 665 translatis,
1160 632 1276 667 exempli
1290 632 1389 668 gratia,
1403 639 1483 659 unam
1506 632 1570 659 huic
1590 633 1665 667 operi
1692 632 1773 666 subji-

988 676 1071 709 ciam,
1093 684 1173 711 quam
1193 677 1239 704 ille
1271 673 1314 701 Ad
1329 678 1481 703 sanctorum
1497 678 1592 701 coetum
1621 676 1771 712 inscripsit,

987 721 1117 749 Ecclesiae
1143 721 1190 749 Dei
1213 721 1430 749 lucubrationem
1448 721 1520 749 illam
1543 729 1700 756 nuncupans
1715 731 1721 749 :
1738 729 1774 749 ne

987 767 1032 794 cui
1054 767 1127 795 forte
1153 771 1276 795 nostrum
1293 774 1377 801 super
1403 767 1446 795 his
1463 767 1544 795 rebus
1565 766 1749 795 testimonium
1762 786 1772 799 ,

987 820 1057 840 vana
1074 818 1155 848 atque
1171 813 1261 841 inanis
1275 813 1367 840 fabula
1386 821 1448 841 esse
1461 813 1596 841 videatur.

1197 858 1277 894 542
1300 857 1412 886 CAPUT
1439 857 1560 885 XXXIII.

152 903 248 934 Ὅπως
261 900 320 941 n31:
334 900 563 944 Εὑᾳεϐίριίμπερι
577 900 638 944 (τοῦῖ
645 899 799 944 μνῄματος
810 900 863 928 τοῦ
876 902 936 927 Σω-

989 903 1127 936 Quomodo
1140 903 1246 930 Eusebii
1258 906 1291 944 με
1307 903 1456 930 Servaloris
1467 904 1585 944 sepul‘cro
1600 904 1772 940 panegyricus

281 935 372 970 τῆρος
382 935 555 967 ἐπιδείξεων
571 935 666 968 ἑστὼς
678 935 802 969 ἤκουσε.

186 994 303 1021 Κὰκεϊνο
316 993 344 1019 δὲ
361 994 470 1029 μνήμης
483 993 512 1020 οὗ
532 1002 576 1028 μοι
590 993 663 1020 δοκεῖ
683 994 834 1029 ἀπόϐλητον
857 992 935 1025 εἶναι,

150 1036 165 1063 ὖ
178 1036 210 1072 δὴ
225 1036 271 1062 καὶ
285 1036 327 1070 ἐφ’
341 1035 418 1070 ἡμῶν
434 1034 522 1061 αὐτῶν
537 1035 551 1061 ό
565 1034 716 1070 θαυμάσιος
735 1035 935 1071 κατεπράξατο.

156 1081 266 1114 Ἐπειδὴ
279 1081 333 1116 γάρ
346 1089 410 1107 ποτε
424 1080 517 1115 θάρσει
530 1080 580 1115 τῆς
597 1078 677 1106 αὐτοῦ
692 1080 754 1115 περὶ
767 1080 797 1106 τὸ
811 1080 880 1107 θεῖον
893 1081 937 1106 ετ)-

150 1126 272 1158 λαϐείας,
288 1125 359 1160 ἀμφὶ
374 1125 420 1151 τοῦ
440 1124 573 1160 σωτηρίου
599 1125 736 1160 μνήματος
751 1125 830 1159 λόγον
845 1134 935 1161 παρα-

150 1173 225 1207 σχεῖν
248 1172 286 1202 et;
308 1171 425 1206 ἐπήκοον
448 1170 530 1197 αὑτοῦ
558 1170 721 1206 δεδεήμεθα,
746 1170 936 1206 προθυμότατα

151 1218 202 1253 μὲν
215 1217 264 1248 τὰς
279 1216 363 1248 ἀκοὰς
383 1217 493 1251 ὑπεῖχε·
522 1215 640 1252 πλήθους
660 1216 682 1242 δ’
698 1215 838 1252 ἀκροατῶν
857 1225 935 1252 περι-

150 1262 278 1294 ιστῶτος,
289 1262 360 1288 ἔνδον
373 1262 403 1288 ἐν
418 1262 509 1293 αὐτοῖς
525 1261 668 1296 βασιλείοις
677 1262 732 1296 (85)
744 1261 832 1297 δροιος
841 1262 935 1294 ἑστὼς,

150 1308 209 1344 ἅμα
224 1310 279 1339 τοῖς
295 1308 398 1339 λοιποῖς
414 1308 581 1343 ἐπηκροᾶτο·
597 1309 613 1342 ἡ
619 1307 676 1342 μῶν
690 1307 711 1333 δ’
727 1307 935 1335 ἀντιϐολούντων

150 1355 196 1381 ἐπὶ
212 1355 404 1390 παρακειμένῳ
417 1353 454 1388 τῷ
466 1351 598 1388 βασιλικῷ
611 1354 697 1389 θρόνῳ
711 1354 934 1385 διαναπαύεσθαι,

150 1399 273 1426 ἐπείθετο
289 1400 337 1434 μὲν
348 1399 481 1434 οὐδαμῶς,
498 1399 686 1434 συντεταμένῳ
701 1399 730 1425 δὲ
751 1399 872 1434 λογισμῷ
887 1399 935 1434 τὴν

150 1447 284 1482 διάκρισιν
298 1447 413 1472 ἐποιεῖτο
427 1445 480 1472 τῶν
494 1445 662 1481 λεγομένων,
677 1447 736 1478 ταῖς
758 1454 786 1472 τε
806 1446 935 1480 δογματι-

149 1493 211 1523 καῖς
225 1491 373 1525 θεολογίαις
386 1491 514 1526 ἀλήθειαν
529 1490 724 1526 ἐπεμαρτύρει.
750 1491 825 1517 Ἐπεὶ
844 1491 872 1517 δὲ
889 1499 936 1517 που

150 1538 197 1569 λὺς
204 1535 237 1573 ἦν
244 1538 258 1564 ὁ
265 1537 368 1573 χρόνος,
383 1537 396 1562 ὅ
406 1545 434 1563 τε
445 1536 521 1570 λόγος
534 1536 693 1571 ὲμηκύνετο,
701 1537 780 1571 ἡμεῖς
792 1537 840 1571 μὲν
852 1545 935 1563 κατα-

1195 938 1328 965 orationes
1353 943 1424 965 stans
1441 938 1564 965 audierit.

1023 983 1091 1011 Illud
1104 991 1167 1010 vero
1181 983 1252 1018 quod
1267 983 1345 1011 nobis
1356 983 1536 1018 praesentibus
1549 984 1634 1019 gessit
1646 984 1772 1020 princeps

986 1028 1131 1062 mirabilis,
1153 1035 1321 1063 nequaquam
1340 1028 1406 1055 mihi
1421 1028 1527 1055 videtur
1539 1029 1645 1056 silentio
1660 1035 1771 1063 praeter-

986 1075 1117 1102 eundum.
1147 1074 1214 1102 Nam
1233 1082 1294 1102 cum
1316 1074 1444 1109 singulari
1463 1074 1523 1109 ejus
1533 1075 1560 1101 in
1572 1075 1654 1102 Deum
1671 1076 1772 1110 pietate

986 1121 1093 1153 confisi,
1111 1128 1282 1156 rogassemus
1302 1120 1448 1155 aliquando
1467 1127 1496 1147 ut
1509 1128 1558 1148 nos
1569 1121 1602 1148 de
1618 1121 1772 1149 Servatoris

986 1167 1073 1195 nostri
1087 1167 1213 1202 sepulcro
1227 1167 1350 1195 dicentes
1363 1168 1457 1194 audire
1471 1167 1568 1199 vellet,
1592 1167 1771 1194 libentissime

985 1223 1065 1243 aures
1078 1215 1156 1243 nobis
1170 1215 1361 1243 commodavit.
1379 1215 1502 1250 Cumque
1521 1214 1640 1242 maxima
1658 1215 1771 1243 audient—

987 1262 1052 1289 tium
1070 1262 1214 1289 multitudo
1237 1262 1310 1289 intus
1336 1263 1363 1290 in
1394 1262 1452 1296 ipsa
1470 1262 1543 1298 regia
1569 1263 1770 1294 circumstaret,

986 1314 1062 1336 stans
1074 1308 1130 1342 ipse
1145 1315 1266 1336 unacum
1281 1308 1388 1336 ceteris
1406 1309 1558 1336 orationem
1580 1309 1694 1335 audivit.
1713 1308 1769 1335 No-

985 1355 1081 1389 hisque
1092 1355 1126 1382 ab
1142 1362 1176 1381 eo
1197 1354 1405 1389 postulantibus,
1425 1359 1454 1382 ut
1471 1356 1496 1382 in
1519 1356 1601 1390 regali
1618 1356 1686 1383 solio
1698 1356 1770 1390 quod

983 1401 1060 1435 juxta
1086 1401 1203 1435 positum
1216 1406 1275 1428 erat
1294 1402 1389 1429 sedere
1401 1402 1496 1434 vellet,
1521 1411 1656 1438 nunquam
1674 1402 1770 1430 adduci

986 1446 1073 1481 potuit
1085 1452 1114 1473 ut
1126 1447 1231 1474 sederet
1246 1454 1255 1474 :
1270 1447 1317 1475 sed
1331 1448 1436 1475 intento
1452 1449 1541 1474 animo
1559 1456 1618 1483 quae
1641 1448 1770 1476 diceban-

987 1495 1029 1517 tur
1039 1491 1204 1524 expendens,
1224 1491 1434 1527 theologicorum
1453 1493 1606 1527 dogmatum
1629 1493 1770 1520 veritatem

985 1542 1035 1563 suo
1068 1536 1222 1564 testimonio
1247 1536 1450 1571 comprobabal.
1477 1537 1544 1566 Cum
1569 1545 1634 1565 vero
1659 1538 1768 1566 multum

150 1583 246 1611 παύειν
258 1582 448 1618 προῃρήμεθα,
462 1583 475 1608 ὁ
486 1581 507 1607 δ’
520 1582 569 1608 οὐκ
580 1581 655 1616 ἀνῄει
665 1581 732 1617 (85‘)
743 1601 751 1613 ,
762 1582 900 1617 περαίνειν
914 1582 936 1608 δ’

987 1581 1041 1615 jam
1054 1582 1183 1616 temporis
1198 1584 1472 1617 consumpsissemus,
1496 1587 1524 1610 et
1546 1584 1676 1618 prolixior
1698 1588 1770 1611 esset

150 1631 190 1660 εἰς
200 1629 275 1660 τέλος
288 1627 457 1664 προῦτρεπεν
469 1635 476 1642 ’
496 1626 704 1653 ἀντιϐολούντων
718 1626 746 1652 δὲ
760 1626 932 1658 καθέζεσθαι,

149 1672 340 1704 ἀντεδυσώπει,
355 1671 416 1698 τοτὲ
429 1671 478 1706 μὲν
495 1671 583 1706 φήσας
595 1670 631 1702 ὡς
642 1670 672 1696 οὺ
691 1670 800 1705 Θεμιτὸν
814 1670 868 1705 είη,
880 1670 934 1697 τῶν

149 1719 214 1755 περὶ
230 1718 296 1745 Θεοῦ
319 1717 485 1753 κινουμένων
506 1716 648 1751 δογμάτων
665 1716 812 1750 ἀνειμένοις
835 1716 935 1751 ἀκροᾶ-

150 1766 222 1797 σθαι,
238 1765 298 1792 τοτὲ
309 1764 347 1796 δὲ,
365 1764 514 1799 συμφέρειν
528 1762 601 1798 αὐτῷ
614 1763 660 1789 καὶ
679 1762 826 1788 λυσιτελεῖν
837 1762 915 1789 τοῦτο
926 1770 933 1776 ·

149 1810 270 1841 ἑστῶτας
288 1809 341 1845 γὰρ
361 1808 508 1835 ὑπακούειν
523 1808 577 1836 τῶν
594 1808 688 1840 θείων,
708 1808 792 1834 ὅσιον.
815 1806 890 1833 Ἐπεὶ
907 1807 935 1833 δὲ

150 1857 197 1884 καὶ
212 1856 297 1884 ταῦτα
309 1855 400 1886 τέλους
413 1855 570 1889 ἐτύγχανεν,
581 1854 658 1889 ἡμεῖς
678 1853 726 1888 μὲν
741 1851 830 1879 οἴκαδε
854 1853 935 1878 ἐπαν-

150 1903 255 1938 ῄειμεν,
273 1901 320 1929 καὶ
336 1901 384 1932 τὰς
398 1900 521 1936 συνήθεις
539 1898 767 1932 ἁπελαμϐᾱνομεν
783 1897 932 1933 διατριϐάς.

986 1626 1090 1659 oratio,
1104 1634 1153 1654 nos
1167 1627 1275 1661 quidem
1288 1627 1367 1654 linem
1381 1627 1486 1655 dicendi
1497 1627 1589 1655 facere
1601 1628 1766 1661 volebamus;

986 1676 1014 1699 at
1034 1672 1092 1706 ipse
1111 1673 1270 1700 hortabatur
1290 1680 1350 1705 nos,
1370 1678 1400 1700 ut
1422 1681 1596 1708 pergeremus
1616 1674 1702 1701 donec
1733 1675 1767 1702 ad

988 1722 1086 1746 metam
1099 1717 1229 1753 perducta
1243 1723 1316 1747 esset
1327 1719 1422 1746 oratio.
1441 1719 1524 1747 Nobis
1536 1727 1628 1748 rursus
1646 1725 1674 1747 ut
1689 1720 1770 1748 sede—

989 1767 1032 1790 ret
1047 1763 1271 1798 supplicantibus,
1298 1765 1355 1799 ipse
1366 1765 1508 1793 obluctans
1531 1765 1646 1800 benigne
1659 1774 1770 1800 persua-

988 1808 1068 1836 debat
1083 1817 1091 1836 :
1105 1816 1167 1836 cum
1185 1818 1259 1837 nunc
1282 1810 1389 1845 quidem
1410 1811 1513 1838 diceret
1537 1811 1613 1838 nefas
1634 1819 1708 1845 esse,
1725 1812 1770 1839 ubi

986 1853 1022 1880 de
1039 1853 1094 1881 Deo
1117 1854 1241 1882 instituta
1263 1855 1299 1882 sit
1319 1855 1467 1890 disputatio
1483 1856 1595 1884 remisse
1607 1864 1637 1883 ac
1654 1857 1772 1884 molliter

987 1899 1153 1931 auscultare,
1183 1907 1256 1927 nunc
1267 1907 1332 1928 vero
1356 1901 1382 1927 id
1398 1900 1451 1927 sibi
1473 1901 1538 1928 utile
1553 1905 1580 1928 et
1600 1902 1770 1929 commodum

151 1957 210 1977 esse
226 1948 381 1975 allirmaret.
403 1947 479 1973 Pium
500 1946 570 1973 enim
586 1953 616 1972 ac
630 1944 782 1979 religiosum
805 1947 857 1976 est,
876 1943 972 1977 inquit,
992 1947 1020 1969 ut
1033 1942 1067 1970 de
1086 1943 1166 1970 rebus
1193 1945 1293 1973 divinis
1312 1950 1414 1973 stantes
1433 1946 1553 1974 audiant.
1577 1946 1624 1974 His
1640 1948 1768 1981 peractis,

152 2006 198 2027 “us
222 1997 329 2031 quidem
359 1996 466 2023 domum
495 1994 608 2021 reversi.
630 1992 768 2020 consuetis
792 1999 840 2018 nos
859 1990 953 2018 studiis
971 1995 999 2018 et
1009 1990 1248 2018 exercitationibus
1263 1992 1436 2018 reddidimus.

403 2039 601 2068 ΚΕΦΑΛΛΙΟΝ
621 2039 681 2065 ΛΔ¹.

154 2090 217 2116 Ὅτι
232 2087 297 2122 περὶ
309 2087 362 2113 τοῦ
380 2086 486 2122 [Ician
503 2085 551 2122 καί
565 2084 650 2122 θείων
662 2083 778 2115 ,ϐίϐλων
789 2081 864 2116 πρὸς
876 2083 936 2109 Εὑ-

413 2121 515 2147 σέϐιον
531 2119 671 2154 ἕψαψεν.

191 2168 219 2194 '0
230 2167 258 2194 δὲ
266 2165 320 2193 τῶν
327 2164 492 2200 Ἐκκλησιῶν
505 2163 551 2190 τοῦ
561 2162 627 2189 Θεοῦ
637 2170 766 2198 προνενοη
772 2160 849 2196 μένος
861 2159 927 2195 (85),

152 2215 216 2250 περὶ
236 2212 406 2246 κατασκευῆς
426 2209 609 2237 θεοπνεύστων
627 2208 725 2241 λογίων
742 2208 784 2238 εἰς
805 2206 936 2242 ἡμέτερον

152 2260 295 2296 πρόσωπον
305 2257 422 2285 ἐπετίθει
436 2256 467 2282 τὸ
476 2256 591 2291 γράμμα
600 2275 608 2288 ,
623 2254 690 2280 ἀλλά
703 2254 734 2290 δὴ
749 2253 795 2279 καὶ
809 2251 872 2287 περὶ
884 2252 934 2286 τῆς

152 2306 305 2341 ἁγιωτάτης
320 2303 367 2330 τοῦ
380 2303 475 2337 Πάσχα
492 2301 596 2336 ἑορτῆς.
611 2299 868 2336 Προσφωνησάντων
882 2298 935 2333 γάρ

151 2352 230 2388 ήμῶν
254 2350 309 2386 (85)
341 2348 414 2384 αὺτῴ
445 2347 578 2382 μυστικὴν
610 2346 779 2381 ἀνακάλυψιν
811 2344 858 2371 τοῦ
887 2344 936 2378 τῆς

188 2415 509 2454 (82)]61εοερμηκευταί.
533 2414 588 2441 Sub
614 2414 788 2454 dispositione
814 2411 936 2454 magistri

152 2449 300 2481 oIliciorum
317 2449 393 2479 erant
414 2452 573 2482 interpretes
600 2449 736 2475 variarum
760 2449 878 2482 gentium
905 2453 937 2473 ac

153 2489 314 2522 linguarum,
336 2491 366 2513 ut
382 2487 461 2522 docet
484 2481 582 2522 Notitia
599 2484 663 2522 imp.
688 2482 814 2522 Romani.
833 2481 933 2522 llo-rum

154 2515 238 2557 igitur
259 2515 341 2555 opera
367 2515 710 2557 utebatur_Copstantinus,
728 2517 754 2543 in
771 2515 894 2557 epistolis
909 2520 937 2542 ct

152 2553 323 2584 «nationibus
338 2563 371 2582 ex
386 2554 482 2581 Latino
495 2555 521 2581 in
538 2553 660 2581 Graecum
676 2558 829 2579 sermonem
846 2555 935 2577 trans-

172 2592 282 2619 :rendis.

153 2593 386 2662 fcrgbglé:Ea-6w_
398 2623 433 2662 ἐκ
440 2621 558 2662 ..αὐτοῖς
588 2621 769 2662 βασιλείοις.
796 2619 937 2662 'I‘nterpres

155 2654 246 2692 vertit;
259 2661 284 2687 in
302 2661 360 2694 ipsa
378 2657 508 2694 basilica:
525 2657 596 2694 quod
613 2664 665 2683 non
680 2657 782 2694 _prob_o.
796 2654 852 2694 Iloc
864 2654 936 2681 enim

154 2689 280 2731 tanquam
299 2689 434 2731 miiabile
450 2689 556 2726 pietatis
570 2689 734 2731 _e§‘empl;um
752 2690 779 2717 in
801 2689 937 2730 Constan-

155 2724 217 2760 tino.
237 2734 312 2757 notat
337 2724 479 2758 Eusebius,
505 2727 577 2760 quod
598 2724 706 2752 Eusebii
731 2732 883 2752 sermonem
906 2724 936 2760 in

155 2768 214 2800 ipso
238 2765 338 2800 palatio
359 2767 435 2800 stans
452 2759 596 2800 imperator
619 2760 713 2787 audire
739 2760 862 2794 dignatus
889 2759 935 2786 sit.

153 2795 272 2829 Ccrte‘si
289 2800 314 2826 in
336 2797 449 2833 ecclesia
465 2795 704 2833 stans_imperator
723 2800 935 2833 sermonem_au-

154 2837 257 2866 diisset,
279 2836 368 2861 minus
392 2832 416 2858 id
432 2835 503 2868 esset
520 2830 683 2868 mirandum,
698 2837 759 2868 cum
774 2829 857 2868 locus
873 2829 934 2868 ipse

155 2863 333 2898 reverentiam
351 2867 477 2902 postulet.
492 2866 682 2902 etimperator
698 2865 755 2902 ipse
774 2864 799 2891 in
824 2863 936 2890 ecclesia

157 2913 226 2933 unus
246 2906 308 2932 site
331 2899 442 2930 numero
457 2900 588 2929 Iidclium.
612 2899 639 2926 In
663 2900 761 2934 palatio
777 2906 841 2926 vero
863 2903 933 2926 stare

1253 2037 1366 2064 CAPUT
1388 2037 1505 2064 XXXIV.
1542 2059 1543 2066 η

989 2081 1066 2115 Quod
1081 2083 1112 2109 de
1123 2082 1228 2110 Paw/1a
1245 2087 1270 2109 el
1281 2083 1313 2109 de
1324 2083 1558 2123 sacris_rodicibus
1579 2083 1613 2110 ad
1628 2083 1769 2111 Eusebium

1325 2124 1439 2152 scripsit.

1022 2163 1057 2191 At
1072 2163 1116 2192 ille
1134 2163 1263 2191 Ecclesiis
1282 2164 1329 2191 Dei
1344 2164 1453 2198 provida
1475 2171 1582 2198 semper
1600 2169 1689 2192 mcnte
1705 2172 1769 2192 con-

987 2210 1088 2243 sulens,
1104 2209 1137 2237 de
1145 2210 1324 2237 conﬁciendis
1336 2209 1422 2237 sacris
1444 2210 1589 2243 codicibus,
1610 2216 1637 2238 et
1652 2211 1685 2238 de
1703 2211 1769 2238 festo

987 2255 1106 2290 paschali
1127 2256 1161 2282 ad
1179 2263 1228 2283 nos
1250 2254 1394 2289 epistolam
1413 2255 1532 2289 scripsit.
1551 2255 1618 2282 Nam
1643 2263 1703 2283 cum
1720 2263 1769 2284 nos

987 2302 1086 2329 librum
1100 2302 1244 2336 quemdam
1262 2309 1316 2336 quo
1329 2308 1428 2329 arcana
1447 2300 1520 2328 illius
1539 2300 1600 2328 festi
1625 2302 1692 2328 ratio
1710 2306 1770 2328 erat

987 2348 1119 2382 exposita,
1135 2347 1159 2374 ei
1176 2353 1424 2381 nuncupassemus,
1436 2346 1571 2381 quomodo
1592 2354 1641 2374 nos
1655 2354 1769 2382 respon-

988 2412 1190 2446 imperatorem,
1207 2412 1332 2446 loquente
1343 2413 1477 2446 episcopo,
1491 2412 1624 2446 singulare
1635 2414 1767 2447 quoddam

987 2447 1140 2483 exemplum
1153 2453 1192 2474 est
1210 2448 1356 2481 religionis.
1373 2447 1437 2474 Vide
1450 2447 1528 2478 infra,
1542 2449 1658 2483 cap.r46,
1672 2456 1703 2475 ex
1715 2457 1770 2483 quo

987 2482 1130 2517 manifeste
1152 2483 1286 2517 colligitur
1310 2483 1353 2509 hic
1382 2483 1508 2517 palatium
1536 2482 1660 2517 intelligi.
1685 2483 1769 2511 Porro

986 2516 1134 2544 Christiani
1160 2516 1263 2544 stantes
1283 2517 1348 2544 olim
1365 2516 1389 2543 in
1416 2517 1528 2544 ecclesia
1549 2516 1700 2544 sermonem
1723 2525 1769 2545 sa-

987 2551 1106 2587 cerdotis
1126 2552 1507 2587 auscultareconsueverant.
1525 2551 1594 2578 Nulli
1619 2553 1718 2587 quippe
1742 2553 1769 2580 in

988 2586 1103 2621 ecclesia
1123 2586 1252 2613 sedebant
1272 2586 1323 2613 nisi
1341 2587 1504 2621 presbyteri,
1518 2591 1548 2613 ut
1566 2587 1644 2613 docet
1657 2586 1771 2621 optatus

988 2619 1015 2647 in
1033 2621 1080 2648 lib.
1094 2628 1119 2646 Iv
1133 2629 1141 2647 :
1160 2629 1169 2645 ι
1185 2620 1250 2647 Dum
1267 2619 1434 2655 peccatorem
1445 2621 1566 2655 arguitet
1574 2619 1713 2649 sedentem
1727 2622 1769 2649 iu-

989 2661 1082 2690 crepat
1101 2656 1181 2687 Deus,
1198 2655 1353 2690 specialiter
1368 2656 1402 2683 ad
1420 2663 1466 2682 vos
1479 2655 1577 2683 dictum
1590 2663 1650 2683 esse
1664 2661 1772 2684 constat

990 2697 1044 2717 non
1057 2691 1089 2717 ad
1106 2690 1242 2725 populum,
1256 2691 1300 2725 qui
1314 2690 1342 2717 in
1356 2690 1470 2718 ecclesia
1490 2698 1545 2718 non
1562 2690 1643 2718 habet
1658 2691 1771 2719 sedendi

990 2725 1139 2751 licentiam.
1153 2733 1163 2751 ι

1003 2733 1060 2752 tcen
1065 2731 1139 2752 IIII“.
1153 2733 1163 2751 1

1027 2770 1093 2806 (85³)
1115 2770 1217 2805 Ἁνῄει.
1229 2769 1310 2797 Ιηοτιθ
1322 2770 1384 2806 ἀνίη
1399 2770 1440 2798 vel
1455 2770 1534 2797 ἀνίει.
1550 2770 1630 2798 Εοιτ.

1024 2815 1164 2852 (εωνυικ,
1179 2816 1427 2850 πεπρονοημένος.
1439 2816 1464 2844 In
1477 2816 1541 2845 Fuk.
1554 2817 1630 2844 codd.
1645 2817 1771 2846 scribitur

990 2851 1216 2886 προνενοημένος,
1233 2852 1340 2882 rectius.
1360 2852 1386 2878 ni
1402 2852 1489 2879 fallor.
1718 2868 1723 2872 η

1027 2897 1082 2932 ι85)
1102 2896 1389 2932 Προσφωνησάντων
1411 2897 1465 2933 γὰρ
1482 2897 1573 2932 ἡμῶν.
1596 2899 1708 2927 Videtur
1728 2898 1770 2926 iu-
