2000 3167
128 146 197 172 1189

683 145 727 174 DE
748 146 829 175 VITA
848 145 1083 175 CONSTANTINI
1105 145 1168 174 LIB.
1189 146 1234 176 IV.

1696 149 1768 186 uno

125 202 202 234 λείας
217 203 345 238 τιμήσας,
361 203 401 240 τῷ
420 204 587 240 παμϐασιλεῖ
608 205 661 232 τῶν
674 206 742 234 ὅλων
758 207 914 243 εὐχαριστή-

973 206 1100 241 deinceps
1109 207 1298 234 tricennalium
1309 215 1418 235 suorum
1434 207 1692 242 opportunissimum
1704 217 1766 237 esse

130 257 186 284 ριον
203 250 299 285 καιρδν
317 249 372 285 (97)
387 249 513 287 εὔκαιρον
527 249 596 278 εἶναι
611 252 656 279 τὸν
674 253 724 288 τῆς
744 254 825 281 αὑτοῦ
844 263 920 290 τρια-

129 295 337 332 κονταετηρίδος
357 297 448 332 ἡγεῖτο
460 305 468 312 ·
487 297 534 324 καὶ
556 297 588 333 δὴ
607 298 655 325 τοῦ
677 298 706 325 ἐν
725 299 920 336 Ἰεροσολύμοις

129 342 203 378 αὐτῷ
227 344 276 370 σὺν
295 343 370 379 πάσῃ
393 343 528 379 φιλοκάλῳ
552 344 654 381 σπουδῇ
682 346 918 381 κατειργασμένου

131 390 279 426 μαρτυρίου
296 391 446 426 προσήκειν
466 391 516 427 τὴν
533 390 682 427 ἀφιέρωσιν
696 391 871 428 ποιήσασθαι,
887 390 918 420 εὖ

127 436 200 472 ἔχειν
213 436 370 472 ἐδοκίμαζε.

381 482 578 511 ΚΕΦΑΛΑΙΟΝ
596 484 664 511 ΜΑι.

126 528 192 556 Ὀτι
208 529 257 556 διὰ
279 528 315 556 τὰ
338 530 402 556 κατ’
424 530 577 569 ᾼῑγυπτον·
597 530 765 593 (nauigium,
786 531 920 558 σύνοδον

174 566 218 593 sic
239 565 331 593 Τύρον
351 565 386 592 ἐν
407 573 447 593 τω
471 565 582 593 μεταξὺ
606 574 659 593 re?
675 568 745 593 σθαι
769 567 918 593 nocuera—

174 566 218 632 22c
239 565 331 599 Τύρον
351 565 386 592 ἐν
407 565 447 598 τῷ
468 565 582 600 μεταξὺ
606 565 745 601 γενέσθαι
769 567 918 598 προσέταο

194 609 238 627 εν.

172 645 326 678 Μισόκαλος
340 646 368 672 δὲ
382 646 434 673 κάν
449 646 537 682 τούτῳ
550 647 657 681 φθόνος,
678 648 761 675 οἱονεὶ
774 647 830 685 (98)
855 648 918 675 σκό-

125 699 180 717 τιον
191 691 270 726 νέφος
285 691 602 728 τηλαυγεστάταιςεήλίου
617 694 822 728 μαρμαρυγαῖς,
835 693 919 719 ὑπαν-

125 738 223 773 τήσας,
236 737 267 764 τὸ
281 737 393 774 φαιδρὸν
409 738 458 773 τῆς
472 738 654 774 πανηγύρεως
669 738 793 774 θορυϐεῖν
806 739 914 774 ἐπείρα,

124 783 174 816 τὰς
185 783 245 810 κατ’
261 784 399 818 Αἴγυπτον
419 784 581 820 Ἐκκλησίας
597 782 674 816 αὖθις
690 786 750 817 ταῖς
773 785 855 812 αὑτοῦ
869 794 919 812 τα-

125 830 230 866 ράττων
244 830 420 866 ἐρεσχελίαις.
440 831 510 857 Ἀλλ’
526 831 540 857 ὃ
553 839 584 865 γε
593 830 633 866 τῷ
642 830 701 867 Θεῷ
715 831 916 868 μεμελημένος,

125 877 232 903 σύνοδον
245 874 322 909 αὖθις
337 877 470 904 πλείστων
477 877 635 904 ἐπισκόπων
645 877 739 914 ὥσπερ
752 878 819 905 Θεοῦ
831 887 915 915 σττρα-
931 892 954 922 Β

123 925 234 951 τόπεδον
257 924 425 957 καθοπλίσας
436 945 443 956 ,
461 925 706 961 ἀντιπαρετάττετο
733 925 771 961 τῷ
789 925 916 961 βασκάνῳ

123 970 241 1006 δαίμονι,
262 971 290 1004 ἐξ
303 971 413 1007 ἁπάσης
425 970 564 1006 Αἰγύπτου
579 972 626 998 καὶ
638 970 751 1006 Λιὸὑης,
771 971 863 1003 Ἄσίας
886 981 916 998 τε

124 1016 173 1043 καί
188 1016 322 1053 Εὐρώπης
337 1016 472 1049 σπεύδειν,
491 1016 588 1052 πρῶτα
608 1017 657 1052 μὲν
673 1017 720 1043 ἐπὶ
732 1016 779 1052 τὴν
793 1017 843 1052 τῆς
857 1017 917 1044 δια-

125 1061 215 1098 μάχης
231 1061 317 1094 λύσιν,
335 1061 459 1088 ὲντεῦθεν
472 1061 559 1098 δὲτὴν
574 1062 723 1098 ἀφιέρωσιν
741 1062 788 1089 τοῦ
815 1062 918 1098 προλεμ

126 1108 236 1143 χθέντος
250 1107 303 1134 νεὼ
321 1107 455 1134 ποιεῖσθαι
468 1108 719 1144 διακελευσάμενος·
739 1107 800 1135 ὁδοῦ
814 1108 846 1144 δὴ
860 1109 915 1135 πά-

125 1163 233 1190 ρεργον,
247 1154 293 1181 ἐπὶ
310 1155 360 1190 τῆς
380 1154 512 1181 Φοινίκων
535 1151 728 1190 μητροπόλεως
750 1154 917 1190 προσέταττε

126 1199 302 1233 διαλύσασθαι
314 1195 364 1231 τὰς
377 1199 533 1236 ὲρεσχελίας
541 1208 549 1216 ·
565 1199 601 1236 μὴ
612 1200 665 1236 γὰρ
676 1200 776 1232 ἐξεῖναι
789 1200 837 1233 τὰς
848 1199 918 1235 γνώ-

129 1253 182 1280 μας
191 1244 382 1281 διῃρημένους,
391 1245 437 1272 ἐπὶ
443 1245 493 1281 τὴν
502 1244 548 1271 τοῦ
559 1245 626 1272 Θεοῦ
639 1248 767 1282 παρεῖναι
777 1246 915 1283 λατρείαν,

126 1290 198 1317 θείου
219 1290 300 1326 νόμου
325 1291 545 1327 διαγορεύοντος,
571 1291 609 1327 μὴ
635 1292 767 1328 πρότερον
789 1292 824 1319 τὰ
843 1292 918 1327 δῶρα

124 1331 290 1373 προσφέρειν
311 1338 374 1369 τοὺς
389 1339 418 1364 ὲν
435 1338 551 1374 διαφορᾷ
573 1338 774 1374 τυγχάνοντας,
789 1338 806 1374 ἦ
826 1337 918 1374 φιλίαν

124 1384 335 1419 ἀσπασαμένους
351 1383 416 1419 (99),
432 1385 479 1411 καὶ
495 1384 528 1411 τὰ
544 1384 612 1420 πρὸς
627 1384 757 1420 ἀλλήλους
772 1385 918 1421 εἰρηνικῶς

123 1425 274 1459 διαθέντας.
283 1427 374 1454 Ταῦτα
387 1427 513 1463 βασιλεὺς
523 1428 558 1455 τὰ
571 1430 692 1466 σωτήρια
702 1430 918 1466 παραγγέλματα

124 1474 158 1509 τῇ
175 1473 257 1500 αὑτοῦ
273 1474 353 1506 αὐτὸς
369 1474 473 1511 διανοίᾳ
495 1475 648 1511 ζωπυρῶν,
665 1476 714 1503 σὺν
736 1475 848 1512 ὁμονοίᾳ
871 1476 918 1503 καὶ

69 1544 70 1547 η
126 1521 271 1556 συμφωνίᾳ
291 1521 324 1557 τῇ
346 1521 419 1557 πάσῃ
436 1521 545 1556 ἔχεσθαι
565 1522 619 1549 τῶν
642 1522 851 1559 προκειμένων,
872 1522 918 1550 διὰ

74 1563 79 1603 ί
125 1567 235 1603 γραφῆς
247 1566 333 1599 οὕτως
349 1567 466 1603 ἐχούσης
477 1567 582 1603 ἐδήλου.

378 1710 578 1738 ΚΕΦΑΛΑῘΟΝ
593 1711 661 1738 ΜΒ’.

180 1756 407 1784 Κωνσταντίνου
418 1757 493 1791 πρὸς
503 1756 561 1791 τὴν
574 1757 609 1783 ὲν
628 1757 707 1791 Τύρῳ
719 1757 861 1784 σύνοδον.

164 1810 175 1828 ι
190 1801 312 1838 Νικητὴς
329 1803 541 1836 Κωνσταντῖνος,
555 1801 690 1836 Μέγιστος
714 1802 857 1836 Σεϐαστὸς,
881 1804 914 1840 τῇ

125 1848 193 1884 ἁγίᾳ
209 1848 311 1884 συνόδῳ
324 1849 357 1884 τῇ
374 1848 445 1875 κατὰ
455 1848 554 1883 Τύρον.

163 1902 173 1918 ι
187 1890 242 1919 Ἦν
256 1893 305 1928 μὲν
329 1892 393 1925 ἴσως
408 1893 554 1920 ἀκόλουθον
575 1893 621 1920 καὶ
632 1894 665 1930 τῇ
680 1893 734 1920 τῶν
750 1894 853 1930 καιρῶν
870 1894 916 1921 εὑ-

125 1938 223 1974 καιρίᾳ
238 1938 354 1973 μάλιστα
369 1938 483 1974 πρέπον,
498 1939 676 1966 ἀστασίαστον
691 1937 819 1976 εἶναιτὴν
845 1941 916 1968 καο-

125 1984 219 2020 ολικὴν
238 1985 407 2020 Ἐκκλησίαν,
419 1986 466 2012 καὶ
479 1986 569 2022 πάσης
584 1986 717 2022 λοιδορίας
732 1986 770 2021 (l)
784 1987 847 2018 τοὺς
866 1987 911 2013 τοῦ

125 2030 244 2066 Χριστοῦ
273 2031 320 2058 νῦν
339 2031 511 2067 ἀπηλλάχθαι
536 2032 714 2068 Θεράποντας.
735 2033 811 2060 Ἐπεὶ
828 2033 850 2060 δ’
865 2034 915 2069 οὐχ

125 2077 219 2112 ὑγιοῦς
229 2077 397 2113 φιλονεικίας
410 2077 510 2114 οῐστρῳ
522 2078 594 2110 τινὲς
609 2077 783 2115 ἐλαυνόμενοι
803 2079 844 2116 (οὐ
858 2079 913 2116 γὰρ

972 253 1150 285 existimavit,
1163 262 1218 289 quo
1242 261 1348 280 surnmo
1364 253 1486 280 omnittrn
1510 254 1566 288 regi
1587 255 1690 288 gratias
1706 262 1765 290 age-

973 303 1024 325 ret.
1046 298 1080 325 Et
1103 299 1162 334 ipse
1175 299 1282 334 quidem
1297 299 1429 334 optimtttn
1454 298 1529 326 {actu
1546 307 1605 327 csse
1615 300 1765 335 judicabat,

972 345 994 372 si
1013 345 1070 380 ejus
1094 346 1219 382 martyrii
1232 347 1303 381 quod
1329 347 1461 382 singulari
1484 347 1572 374 studio
1589 355 1621 374 ac
1644 348 1764 382 magniﬁ-

972 393 1060 419 centia
1075 391 1273 428 Hierosolymis
1287 397 1490 426 construxerat,
1510 393 1706 421 dedicationem
1718 402 1764 421 cc-

973 439 1102 466 Iebttaret.

1212 485 1294 521 51,6
1314 484 1428 513 CAPUT
1446 485 1515 513 XLI.

973 542 1049 575 Quod
1067 542 1135 570 inter
1149 542 1204 570 lucc
1221 543 1350 577 synodum
1373 542 1436 577 Tyri
1462 543 1552 570 haberi
1577 544 1710 571 constituit
1730 544 1762 571 ob

1107 578 1236 613 quasdam
1255 578 1283 605 in
1302 577 1418 613 Egypto
1435 579 1637 613 controversias.

1007 642 1106 670 Verum
1121 641 1229 670 invidus
1240 642 1346 670 dremon
1358 641 1491 670 bonorum
1505 643 1625 670 omnium
1638 643 1763 671 Inimicus

971 688 1057 716 instar
1078 688 1247 716 densissima:
1268 687 1407 722 cujusdam
1439 689 1518 716 nubis
1538 688 1762 724 splendidissimis

971 735 1035 762 solis
1060 735 1144 763 radiis
1162 742 1224 762 sese
1241 735 1413 770 opponentis,
1434 735 1515 770 hujus
1540 735 1706 762 celebritatis
1720 737 1762 764 ni-

972 784 1056 807 torem
1080 780 1191 808 turbare
1218 785 1334 808 conatus
1357 785 1419 814 est,
1449 780 1631 808 Ecclesiarum
1652 781 1762 816 Aigypti

970 831 1070 854 statum
1087 827 1306 855 contentionibus
1323 827 1380 854 suis
1401 827 1501 854 iterum
1526 827 1694 855 concutiens.
1708 826 1762 855 Sed

970 873 1041 900 enim
1057 873 1111 900 Deo
1127 873 1227 900 charus
1245 873 1394 908 imperator
1411 873 1549 900 collectam
1570 881 1664 901 rursus
1677 873 1762 908 pluri-

967 926 1072 946 morum
1085 919 1236 946 antistitum
1248 920 1392 953 synodum,
1402 918 1474 946 velut
1487 919 1605 945 divinum
1617 919 1761 954 quemdam

966 964 1116 991 exercitum
1136 964 1162 990 in
1187 964 1310 998 praelium
1335 965 1469 995 educens,
1489 964 1622 992 malevolo
1645 964 1762 992 dtemoni
1798 985 1801 989 .

966 1009 1066 1044 obiecit
1083 1018 1089 1036 :
1104 1009 1239 1044 episcopis
1262 1017 1296 1037 ex
1325 1010 1450 1038 universa
1466 1010 1601 1045 AEgypto,
1617 1015 1646 1038 et
1664 1010 1759 1045 Libya,

969 1056 1033 1083 Asia
1059 1056 1123 1083 item
1148 1061 1175 1083 et
1199 1055 1308 1091 Europa
1336 1056 1481 1084 convenire
1506 1056 1616 1092 jussis:
1642 1057 1760 1091 primum

967 1101 1074 1136 quidem
1087 1101 1120 1128 ad
1133 1101 1312 1129 dirimendam
1329 1102 1545 1130 controversiam
1557 1123 1564 1134 ,
1579 1102 1677 1129 exinde
1692 1109 1760 1129 vero

967 1146 1002 1173 ad
1018 1146 1164 1180 supradicti
1177 1147 1300 1182 martyrii
1313 1147 1522 1175 dedicationem.
1536 1147 1654 1174 Proinde
1678 1155 1760 1174 mart-

967 1192 1039 1219 davit
1056 1192 1089 1220 iis
1104 1197 1134 1220 ut
1153 1193 1241 1221 obiter
1255 1193 1284 1220 in
1304 1192 1415 1221 civitate
1433 1201 1494 1228 qua:
1511 1194 1593 1221 totius
1611 1193 1759 1221 Phoenices

967 1245 1048 1275 caput
1061 1245 1113 1274 est,
1137 1241 1341 1269 controversias
1362 1240 1564 1269 dissolverent:
1581 1248 1670 1276 neque
1687 1241 1762 1268 enim

968 1286 1009 1314 fas
1022 1293 1093 1319 esse,
1106 1291 1136 1315 ut
1161 1294 1225 1314 cum
1251 1291 1345 1314 mtttua
1365 1288 1516 1315 animorum
1540 1287 1708 1314 dissensione
1725 1287 1760 1314 ad

968 1333 1088 1361 divinum
1105 1333 1208 1361 cultum
1226 1333 1390 1361 accederent
1407 1342 1414 1360 :
1435 1341 1496 1361 cum
1517 1333 1607 1360 divina
1620 1333 1663 1361 lex
1676 1338 1761 1365 \‘etet,

968 1386 1002 1405 ne
1017 1378 1220 1413 dissentientes,
1233 1384 1379 1414 antequam
1395 1379 1552 1414 compositis
1566 1379 1639 1407 inter
1651 1386 1680 1406 se
1692 1388 1759 1407 con-

969 1426 1109 1453 troversiis
1131 1433 1224 1460 pacem
1245 1431 1326 1461 atque
1339 1423 1489 1453 amicitiam
1505 1426 1668 1461 pepigerint,
1685 1428 1757 1453 dona.

968 1478 1016 1498 sua
1033 1471 1148 1499 oll'erant
1163 1472 1228 1500 Deo.
1255 1472 1317 1500 Hazc
1342 1472 1471 1500 salutaria
1490 1471 1645 1499 Servatoris
1673 1472 1757 1500 nostri

969 1516 1128 1543 documenta
1140 1517 1288 1549 imperator
1313 1517 1422 1544 assidua
1438 1517 1605 1553 cogitatione
1627 1516 1758 1548 volvens.

930 1566 954 1597 ε
970 1568 1031 1589 cum
1046 1562 1120 1590 omni
1137 1563 1290 1591 animorum
1304 1564 1484 1592 consensione
1499 1568 1529 1596 et,
1537 1564 1682 1591 concordia
1694 1572 1758 1598 pro-

967 1607 1084 1641 positum
1100 1615 1169 1643 opus
1185 1608 1295 1643 aggredi
1311 1608 1427 1641 monuit,
1448 1616 1497 1643 per
1516 1609 1623 1637 litteras
1639 1616 1701 1644 qua:
1719 1609 1759 1637 sic

967 1659 997 1679 se
1012 1652 1122 1681 habent.

1256 1708 1371 1738 CAPUT
1392 1708 1473 1737 XLII.

966 1753 1087 1789 Epistalu
1105 1754 1273 1782 Constantini
1287 1756 1322 1783 ad
1336 1757 1467 1791 synodum
1482 1755 1546 1791 Tyri
1563 1761 1757 1791 congreyatam.

1004 1809 1014 1826 ‹
1032 1800 1125 1829 Victor
1137 1801 1341 1835 Constantinus,
1358 1802 1429 1830 Max.
1442 1802 1587 1838 Augustus,
1602 1808 1702 1830 sanctae
1714 1811 1758 1838 sy-

966 1845 1037 1873 nodo
1051 1851 1221 1882 congregatae
1236 1847 1262 1874 in
1274 1848 1342 1875 urbe
1355 1848 1437 1883 Tyro.

1006 1900 1015 1918 ι
1029 1892 1183 1928 Congruum
1201 1893 1281 1928 plane
1295 1899 1322 1922 et
1337 1895 1511 1929 prosperitati
1534 1899 1685 1930 temporum
1710 1903 1757 1923 no-

966 1943 1085 1966 strorum
1114 1945 1328 1968 consentaneum
1353 1945 1424 1974 erat,
1437 1945 1467 1968 ut
1479 1941 1600 1969 Ecclesia
1622 1942 1756 1970 catholica

966 1991 1063 2020 expers
1079 1985 1222 2013 seditionis
1238 1989 1331 2018 esset,
1348 1990 1376 2013 et
1392 1982 1495 2014 Christi
1521 1987 1614 2014 famuli
1631 1988 1665 2014 ab
1682 1988 1755 2014 omni

965 2038 1038 2058 nunc
1067 2031 1168 2065 probro
1183 2031 1263 2058 vacui
1278 2035 1369 2059 essent
1384 2039 1417 2059 ac
1437 2031 1526 2060 liberi.
1554 2033 1606 2060 Sed
1625 2033 1755 2067 quoniam

965 2077 1089 2106 nonnulli
1110 2077 1241 2113 improbae
1259 2078 1445 2107 contentionis
1457 2077 1577 2107 stimulis
1599 2078 1709 2114 agitati,
1723 2085 1759 2106 ne

123 2211 193 2239 Male
211 2211 345 2246 interpres
364 2211 448 2239 vertit
469 2210 569 2239 decimo
585 2218 689 2247 quoque
711 2219 791 2239 anno.
818 2211 912 2246 Neque
965 2208 1074 2247 scripsit
1095 2216 1166 2237 anno
1190 2208 1292 2238 Christi
1308 2209 1372 2244 315,
1393 2209 1440 2246 qui
1464 2213 1507 2237 est
1529 2208 1758 2245 prochronismus

124 2245 319 2274 Constantinus
340 2247 444 2275 decimo
466 2253 574 2281 quoque
589 2245 661 2274 anno
684 2247 790 2280 imperii
816 2245 910 2275 sui'li-
927 2246 948 2274 Ι)
963 2245 1077 2273 biennii.

124 2282 206 2318 heros
223 2289 288 2310 suos
307 2282 427 2309 Ctesares
447 2281 558 2318 creavit.
574 2281 678 2318 Quippe
701 2281 825 2318 Crispum
850 2283 909 2318 qui-

124 2317 185 2344 dem
205 2322 233 2345 et
252 2317 460 2345 Constantinum
485 2316 605 2344 Caesares
624 2316 703 2348 fecit,
723 2316 867 2344 Gallicam)"
882 2322 910 2345 et

123 2352 208 2380 Basso
223 2359 307 2384 coss.,
322 2351 449 2387 Kalendis
468 2351 582 2387 Martiis,
597 2351 642 2385 qui
667 2356 726 2379 erat
742 2360 830 2379 annus
851 2353 909 2387 ejus

123 2387 292 2422 principatus
323 2386 492 2415 undecimus.
514 2386 695 2422 Constantius
726 2395 790 2414 vero
818 2386 909 2415 Caesar

123 2421 233 2450 creatus
249 2426 291 2449 est
305 2422 445 2449 consulatu
463 2429 493 2449 nt
508 2421 597 2456 Crispi
622 2427 648 2449 et
667 2422 850 2454 Constantini,
867 2423 909 2450 die

121 2465 149 2485 νι
172 2457 234 2485 Idus
249 2457 418 2489 Novembris,
431 2457 482 2485 hoc
497 2462 550 2488 est,
565 2464 635 2484 anno
652 2456 758 2491 imperii
773 2457 908 2484 Constan-

123 2492 174 2520 tinl
199 2499 270 2519 nono
286 2499 318 2519 ac
339 2492 455 2519 decimo.
480 2492 600 2527 Denique
622 2491 758 2527 Constans
781 2493 872 2519 Ctesar
890 2501 906 2520 a

121 2532 201 2562 patre
217 2526 387 2562 renuntiatus
402 2532 454 2562 est,
473 2526 607 2554 Dalmatio
623 2532 649 2554 et
663 2526 810 2561 Zenopbilo
823 2535 906 2559 coss..

122 2561 168 2589 die
187 2568 234 2588 vut
258 2561 393 2589 Kalendas
417 2561 579 2593 Januarias,
605 2561 781 2590 Constantino
807 2571 907 2590 annum

121 2596 229 2632 imperii
255 2597 297 2632 s_ui
326 2601 451 2632 octavum
476 2604 509 2624 ac
534 2597 693 2632 vicesimum
720 2597 850 2632 ingresso.
880 2604 908 2625 ut

122 2630 197 2673 patet
209 2638 242 2673 ett
257 2630 348 2673 Fastis
372 2630 563 2673 l_datii‘..Quare
577 2631 685 2673 Eusebii
705 2630 787 2673 verba
813 2633 908 2673 melius

121 2667 161 2695 ita
178 2671 327 2702 vertentur
343 2675 350 2693 :
365 2667 477 2701 singulis
508 2667 650 2702 decemiis.
667 2667 720 2695 Sed
743 2675 831 2702 neque
858 2669 909 2697 hoc

120 2701 202 2730 modo
221 2709 313 2729 verum
329 2702 381 2729 erit
395 2702 466 2736 quod
481 2701 551 2729 dixit
566 2701 706 2729 Eusebius.
721 2701 814 2736 Neque
833 2705 905 2730 enim

122 2737 235 2772 Crispus
249 2741 277 2764 et
310 2737 503 2764 Constantiutts
523 2737 616 2771 junior
630 2737 751 2765 Caesares
768 2738 831 2765 facti
846 2743 908 2765 sunt

121 2773 149 2799 in
174 2772 261 2806 prima
281 2772 453 2799 decaeteride
477 2773 662 2805 Constantini,
681 2773 727 2800 sed
754 2774 826 2800 circa
852 2773 907 2807 pri-

121 2815 192 2834 matu
227 2807 435 2835 decacteridcm.
469 2807 562 2842 Itaque
596 2807 711 2842 benigna
743 2808 906 2843 interpreta-

122 2843 196 2870 tione
214 2848 294 2878 egent
317 2844 374 2870 haec
395 2843 487 2870 Verba.
501 2843 578 2878 Quod
592 2850 653 2870 cum
677 2843 788 2870 minime
812 2845 908 2871 adver-

122 2878 199 2905 tisset
229 2876 377 2912 Batonius,
393 2877 532 2915 ‘Crispum
550 2876 693 2916 .Cmsarem
721 2878 822 2906 factum
846 2886 906 2907 esse

997 2280 1053 2315 (97)
1073 2278 1314 2315 Εὐχαριστήριον
1337 2281 1453 2315 καιρόν.
1493 2279 1550 2308 Non
1576 2280 1668 2307 dubito
1691 2280 1756 2314 quin

961 2316 1133 2343 scribendum
1147 2317 1182 2343 sit
1195 2315 1262 2351 εὺχα
1285 2315 1426 2351 ιστηρίων,
1467 2315 1517 2342 uod
1532 2315 1616 2342 miror
1633 2316 1666 2342 ab
1695 2315 1755 2342 aliis

961 2351 1178 2377 animadversum
1191 2358 1244 2377 non
1257 2325 1353 2377 ierisse.
1373 2350 1400 2377 In
1415 2323 1484 2377 FlIIi.
1512 2351 1607 2377 codice
1624 2350 1755 2377 scribitur

960 2351 1178 2378 animadversum
1191 2350 1244 2377 non
1257 2350 1354 2378 fuisse.
1373 2350 1400 2377 In
1415 2350 1484 2378 Fuk.
1512 2351 1607 2378 codice
1624 2350 1756 2377 scribitur

959 2386 1168 2422 εὐχαριστήριον
1185 2386 1281 2421 καιρὸν
1297 2387 1345 2413 καὶ
1362 2385 1501 2422 εὔκαιρον,
1520 2386 1591 2420 quod
1611 2393 1664 2413 non
1689 2393 1755 2420 pro-

959 2421 1004 2449 bo.
1445 2421 1448 2422 ⁷
1714 2431 1717 2434 ·

995 2456 1051 2492 (98)
1081 2455 1160 2491 Vulg.
1179 2453 1321 2492 OZOTHEIC.
1372 2455 1550 2492 Seribendum
1583 2463 1636 2482 uno
1671 2455 1756 2492 verbo

959 2491 1052 2523 οἱονεί,
1069 2497 1098 2518 ut
1112 2492 1137 2518 in
1151 2492 1220 2518 libro
1238 2491 1328 2518 Morari
1346 2491 1379 2517 ad
1410 2491 1557 2525 marginem
1578 2491 1754 2517 emendatum

961 2527 1064 2558 inveni,
1082 2532 1109 2554 et
1125 2526 1204 2561 paqu
1219 2532 1279 2560 post
1293 2526 1437 2561 legendum
1455 2526 1626 2561 ὑπαντῆσαν.

998 2562 1055 2597 (99)
1078 2559 1154 2596 Vulg.
1176 2561 1195 2595 ἢ
1209 2559 1561 2596 mitur-cvmo'apérovqﬁ
1571 2559 1668 2587 Nescio
1694 2561 1757 2594 quis

959 2596 1162 2632 ad'marginem
1184 2598 1312 2624 editionis
1328 2597 1496 2632 Geuevensis
1514 2597 1656 2622 adnotavit
1682 2597 1753 2622 scri-

957 2631 1150 2660 bendum’esse
1163 2631 1385 2668 ἀσπασαμένους.
1418 2631 1514 2668 Mali_m_
1539 2635 1627 2668 tamen
1659 2632 1754 2668 legere

958 2668 1168 2703 σπεισαμένους.
1183 2667 1210 2694 In
1225 2665 1320 2703 codice
1348 2672 1438 2694 tamen
1467 2666 1574 2694 Fuketii
1601 2673 1633 2694 ac
1657 2665 1754 2693 Savilii

958 2702 1087 2730 scribitur
1100 2702 1323 2734 ἀσπασαμένους.

993 2737 1029 2772 (l)
1045 2738 1150 2772 Πάονης
1164 2736 1326 2772 λοιδορίας.
1338 2736 1395 2764 Hoc
1407 2736 1468 2765 loco
1479 2737 1598 2772 λοιδορία
1615 2736 1754 2771 passivam

957 2772 1038 2799 habet
1059 2772 1303 2807 signiﬁcationem,
1317 2773 1442 2807 idemque
1456 2773 1528 2799 valet
1551 2774 1621 2806 quod
1643 2773 1668 2799 in
1699 2773 1755 2799 line

958 2807 1037 2840 hujus
1049 2810 1171 2843 epistola:
1185 2807 1371 2843 βλασφημίας.
1392 2809 1481 2842 Atque
1500 2809 1538 2835 ita
1563 2808 1644 2834 vertit.
1670 2807 1752 2834 Citri-

957 2843 1153 2879 stophors'onus
1171 2845 1197 2870 in
1212 2844 1281 2871 libro
1295 2844 1383 2879 primo
1398 2843 1528 2871 Historia:
1556 2843 1751 2870 Ecclesiauica

957 2877 1126 2914 Theodoriti,
1140 2887 1199 2914 cap.
1212 2879 1258 2907 29.
