2001 3168
230 179 294 208 1191

581 173 715 203 EUSEBII
731 172 972 202 CAESARIENSIS
991 171 1065 199 ΟΡΡ.
1087 170 1176 198 PARS
1197 171 1216 199 l.
1236 186 1270 191 —
1291 171 1484 201 lllSTORlCA.

1784 171 1858 200 “9‘2

228 241 315 266 dicam
339 237 422 265 vitam
450 235 619 271 profeSsione
643 243 692 263 sua
717 235 853 270 indignam
881 239 1011 270 agentes,

1076 241 1096 259 ιν
1106 222 1209 268 εἴποιμι
1226 232 1345 268 βιοῦντες
1359 233 1461 260 ὲαυτῶν
1478 233 1616 269 ἀναξίως),
1635 234 1671 261 τὰ
1686 233 1775 261 πάντα
1791 243 1864 269 συγ-

228 291 324 314 cuncta
345 284 454 312 turbare
469 289 623 317 conantur;
638 284 710 318 quod
727 283 827 309 malum
844 283 942 316 quavis
969 289 1015 309 ca-

229 332 351 358 lamitate
370 331 480 366 gravius
496 330 561 357 mihi
577 330 684 358 videtur
699 338 705 356 ε
725 329 826 356 idcirco
845 337 894 356 vos
908 333 1016 364 sponte,

229 383 258 404 ut
270 378 346 405 aiunt
359 398 367 411 ,
384 382 526 405 currentes
553 377 694 409 adhortor,
720 381 749 403 ut
770 376 871 410 absque
887 375 938 401 ulla
951 375 1018 402 dila-

231 424 305 451 tione
320 424 347 450 in
363 431 446 450 unum
471 428 617 455 coeuntes,
633 421 766 458 synodum
786 421 964 449 constituatis.
991 425 1019 448 et

229 476 280 502 ope
294 473 385 495 vestra
406 467 592 502 indigentibus
614 467 782 494 subveniatis
796 487 803 497 ,
825 465 956 492 fratribus
971 473 1018 500 pe-

231 514 414 540 riclitantibus
431 513 594 540 medicinam
610 513 777 545 adhibentis,
791 511 870 547 547
885 511 1019 538 dissiden-

231 561 268 586 tia
285 560 356 586 inter
372 567 401 586 se
419 559 540 585 membra
558 559 591 585 ad
613 558 785 585 concordiam
803 558 956 589 revocetis;
973 557 1019 584 de-

231 606 295 632 licta
309 603 499 639 dcnique,dum
510 609 617 639 tempus
632 605 719 632 adhuc
731 605 843 638 patitur.
853 603 996 638 corrigalis
1010 611 1017 630 :

231 659 286 686 quo
318 651 421 677 scilicet
437 654 475 677 tot
495 657 526 677 ac
543 650 624 677 tantis
639 650 787 685 provinciis
800 657 849 684 per
866 657 915 677 vos
941 649 1020 676 resti-

233 702 326 724 tuatur
352 696 510 726 concordia,
535 703 617 730 quam
647 696 714 730 proh
742 695 853 723 scelus!
871 701 1020 730 paucorum

233 743 372 770 hominum
390 742 544 776 arrogantia
559 737 668 768 evertii.
689 741 717 768 Id
738 748 820 772 porro
840 747 945 767 summo
961 747 1021 767 om-

233 788 307 814 nium
335 787 448 814 Domino
463 794 495 813 ac
511 787 564 813 Deo
577 791 718 821 acceptum
741 794 812 819 esse,
831 786 952 820 mihique
967 792 1021 820 pra:

233 835 361 862 omnibus
383 834 452 860 votis
479 832 615 867 optabile;
642 832 718 860 vobis
743 837 880 867 postremo
907 832 983 866 ipsis,
999 832 1021 859 si

233 880 340 912 quidem
368 879 542 906 concordiam
566 878 762 910 restitueritis,
793 879 971 905 honorificum
993 878 1020 912 in

234 924 330 958 primis
343 929 369 951 et
385 923 531 958 gloriosum
555 923 626 950 inter
636 931 731 950 omnes
750 929 877 951 constare
891 923 1019 950 arbitror.
1036 915 1057 943 Β

236 970 323 997 Nolite
343 977 407 1005 ergo
433 969 571 1001 cunctari;
590 970 636 996 scd
659 969 828 996 alacritatem
843 969 925 996 animi
938 969 1020 996 vestri

235 1017 321 1051 magis
333 1024 365 1043 ac
381 1016 466 1051 magis
484 1015 653 1042 intendentes
666 1035 674 1047 ,
691 1015 752 1042 date
771 1022 881 1057 operam
910 1020 939 1042 ut
954 1022 1023 1049 pra:-

234 1067 325 1090 seutes
346 1061 530 1089 dissensiones
556 1062 730 1089 convcnienti
750 1061 882 1089 sententia
895 1061 1023 1089 termine-

235 1109 269 1136 tis
283 1127 291 1138 ,
306 1115 367 1134 eum
385 1107 458 1134 omni
475 1111 503 1133 ut
519 1113 570 1141 par
583 1111 626 1133 est
648 1107 807 1134 sinceritate
819 1114 851 1134 ac
867 1106 929 1139 ﬁde,
942 1114 1023 1141 quam

235 1155 364 1181 Servator
378 1153 422 1179 ille
438 1160 519 1187 quem
544 1152 670 1184 colimus,
690 1152 718 1179 in
742 1154 816 1179 omni
835 1153 944 1187 negotio
965 1157 1025 1179 tan-

237 1205 294 1227 tum
307 1208 359 1226 non
378 1199 546 1232 inclamans,
569 1207 583 1225 a
617 1200 695 1226 nobis
717 1199 851 1234 praecipue
867 1199 979 1234 ﬂagitat,
997 1199 1023 1226 in

235 1253 318 1272 unum
336 1245 538 1272 convenientes.
555 1244 689 1272 Caeterum
709 1250 841 1277 quantttm
859 1245 893 1272 ad
918 1245 1025 1280 religio-
1040 1243 1046 1250 '

235 1299 297 1319 nem
309 1296 428 1318 nostram
445 1291 574 1326 pertinet,
593 1291 661 1318 nihil
680 1291 753 1326 quod
771 1299 892 1318 mearum
909 1291 1025 1326 partium

236 1329 271 1365 sit
287 1337 363 1364 vobis
380 1337 476 1366 deerit.
498 1337 602 1365 Cuncta
627 1337 759 1372 siquidem
783 1345 844 1372 quae
867 1337 966 1364 litteris
980 1343 1027 1364 ve-

235 1384 300 1411 stris
330 1383 514 1419 signit‘icastis,
539 1392 554 1412 a
569 1391 611 1412 me
633 1383 742 1418 impleta
765 1388 838 1411 sunt.
869 1383 973 1418 Scripsi
992 1383 1027 1411 ad

236 1438 305 1464 quos
319 1429 442 1458 voluistis
462 1431 605 1465 episcopos
615 1451 623 1462 ,
639 1434 669 1457 ut
685 1430 824 1457 venientes
834 1430 969 1457 communi
981 1437 1028 1457 vo-

237 1476 417 1504 biscumcura
431 1483 463 1503 ac
474 1476 658 1503 sollicitudine
671 1476 860 1510 fungerentur.
874 1475 933 1502 Misi
945 1476 1027 1503 etiam

238 1521 393 1556 Dionysium
403 1519 435 1548 ex
447 1521 593 1554 consulari,
603 1522 686 1556 quiet
701 1523 840 1557 episcopos
852 1522 909 1549 illos
921 1522 967 1557 qui
979 1529 1028 1549 vo-

238 1567 341 1594 biscum
354 1568 449 1594 adesse
465 1567 564 1595 debent
579 1573 753 1595 commoneat
763 1590 769 1601 ,
782 1573 809 1595 et
824 1568 945 1595 omnium
966 1576 1028 1603 qua:

238 1619 378 1649 gerentur,
396 1614 514 1640 maxime
540 1621 603 1640 vero
626 1613 914 1648 modestia-,inspector
938 1614 984 1641 sit.
998 1614 1028 1642 Si

238 1660 300 1694 quis
313 1667 377 1686 vero
387 1679 396 1692 ,
410 1659 492 1693 ειμιοᾱ
518 1659 632 1686 minime
656 1659 821 1686 arbitramur
831 1681 838 1693 ,
864 1664 1028 1695 prteceptum

239 1711 362 1732 nostrum
384 1706 532 1732 etiamnum
560 1705 664 1732 violare
680 1712 855 1740 praesumens,
872 1706 966 1733 adesse
983 1713 1027 1733 re-

240 1752 340 1784 nuerit,
355 1751 478 1778 mittetur
504 1751 703 1785 quamprimum
719 1758 734 1777 a
757 1751 836 1778 nobis
853 1751 961 1786 aliquis,
982 1759 1028 1786 qut

239 1797 373 1831 imperiali
391 1796 557 1824 auctoritate
572 1796 708 1824 hominem
724 1796 751 1823 in
769 1797 895 1824 exsilium
914 1797 1027 1832 pellens,

239 1844 347 1870 docebit
361 1843 534 1878 imperatoris
551 1843 739 1870 sanctionibus
765 1851 812 1878 pro
829 1844 945 1871 veritate
969 1844 1028 1872 edi-

242 1889 276 1915 tis
298 1888 407 1915 minime
420 1895 480 1915 esse
504 1887 720 1922 repugnandum.
746 1886 820 1920 Quod
833 1891 967 1921 superest,
985 1895 1029 1915 ve-

241 1941 305 1962 stra:
335 1934 486 1962 sanctitatis
511 1935 564 1961 erit
586 1934 745 1968 providere,
763 1939 792 1961 ut
818 1942 868 1961 nec
893 1934 955 1962 odio
979 1941 1029 1962 nec

241 1987 339 2017 gratia,
351 1982 396 2008 sed
404 1980 481 2015 juxta
490 1981 689 2008 ecclesiasticas
700 1985 727 2007 et
736 1981 899 2015 apostolicae
911 1981 1028 2016 regulas.

241 2028 347 2055 delictis
375 2031 401 2055 et
424 2027 457 2054 iis
477 2034 536 2062 qua:
549 2034 596 2062 per
620 2034 739 2054 errorem
765 2027 950 2062 contigerunt,
964 2035 1029 2054 cou-

241 2074 353 2101 veniens
377 2073 527 2100 remedium
550 2073 717 2108 exquiratis,
742 2081 796 2107 quo
823 2078 851 2100 et
879 2073 1029 2100 Ecclesiam

242 2119 316 2147 omni
339 2119 437 2154 probro
453 2119 575 2145 liberetis
591 2138 600 2151 ,
622 2122 649 2145 et
667 2126 748 2149 ,meas
769 2126 849 2146 curas
868 2119 984 2151 levetis,
1003 2124 1031 2146 et

242 2166 319 2201 pacis
334 2166 490 2193 amcenitate
516 2165 631 2192 turbatis
659 2173 730 2192 nunc
742 2165 872 2193 Ecclesiis
893 2166 1028 2197 restituta,

241 2212 320 2239 vobis
333 2212 400 2246 ipsis
411 2211 557 2237 maximam
571 2209 684 2244 gloriam
708 2211 884 2246 coniparetis.
898 2206 1031 2238 Divinitas

243 2266 290 2285 vos
306 2263 408 2290 servet,
423 2258 520 2284 fratres
535 2257 679 2284 carissimi.
700 2266 710 2282 ›

280 2328 317 2364 (2)
326 2327 404 2364 Vulg.
413 2327 474 2360 τοῖς
484 2327 687 2362 προκειμένοις
695 2327 785 2361 ὅροις.
799 2326 975 2364 Scrihendum
990 2332 1031 2355 est

243 2361 352 2400 ὃρόνέκ
374 2363 547 2400 Tlteodorito,
560 2361 588 2389 et
600 2363 777 2400 delendave;
788 2361 883 2400 καιρόν
896 2370 956 2397 quae
967 2371 1031 2392 mox

245 2396 378 2432 sequitur,
393 2405 452 2432 qum
468 2406 516 2424 nec
530 2399 555 2424 in
573 2399 666 2424 codice
678 2396 745 2424 Fuk.
764 2396 871 2432 legitur.

281 2434 318 2470 (5)
332 2431 413 2470 ἕως.
428 2433 496 2466 παρ’
505 2432 589 2467 ἡμῶν
602 2431 746 2470 δελ-οὐδέν.
763 2433 798 2459 Ita
811 2433 917 2470 quidem
935 2432 1031 2466 legitur

245 2467 315 2503 apud
332 2467 537 2498 Theudor-itum,
553 2476 587 2495 ex
605 2467 682 2502 cujus
698 2467 767 2494 libro
781 2475 789 2494 I
814 2468 856 2494 hic
876 2467 950 2494 locus
965 2476 1031 2502 sup-

247 2507 336 2539 pletus
361 2508 418 2536 est,
436 2503 480 2536 qui
506 2504 540 2539 Vin
564 2503 757 2539 manuscriptis
782 2503 922 2539 codicibus
946 2507 974 2529 et
1000 2505 1030 2539 in

247 2537 366 2567 editione
383 2538 512 2572 Stephani
533 2538 644 2564 mutilus
666 2537 815 2572 legebatur.
834 2537 931 2564 Verutn
949 2538 975 2564 in
999 2537 1032 2564 li-

247 2576 297 2602 bro
314 2574 404 2600 Morini
421 2574 500 2599 aliam
515 2572 593 2606 hujus
608 2573 658 2599 loci
673 2573 918 2607 interpunctionem
932 2573 1031 2606 reperi.

247 2617 306 2644 qiue
323 2617 381 2636 meo
398 2609 504 2641 quidem
531 2608 638 2644 judicio
654 2608 752 2644 rectior
772 2613 823 2644 est,
837 2608 900 2644 _hoc
929 2609 1006 2644 modo
1024 2616 1031 2634 :

247 2641 358 2672 ἀπαιτεῖ
372 2644 488 2687 μάλιστα
505 2643 569 2678 παρ’
582 2642 806 2687 ἡμῷνζυύξενιδὲ
815 2641 879 2674 τῶν,
893 2642 1030 2687 etc.lTan-

249 2685 304 2706 tum
321 2677 427 2706 mallem
445 2679 531 2713 legere
544 2677 608 2714 παρ’
723 2677 835 2713 Vulgata
853 2683 939 2714 tamen
950 2677 1031 2714 lectio

249 2715 313 2741 ferri
339 2718 438 2749 potest.
458 2714 486 2740 lu
516 2713 609 2740 codice
632 2713 698 2740 Fuk.
719 2714 830 2746 perinde
855 2717 885 2738 ut
904 2713 946 2749 in
970 2713 1033 2749 libr.

250 2747 367 2776 'l‘nrnebi
381 2758 411 2775 ac
428 2749 517 2776 Morsei
533 2749 659 2775 scribitur
676 2757 684 2773 :
711 2749 822 2774 ἀπαιτεῖ
845 2747 911 2782 παρ’
935 2747 1013 2782 ἡμῶν
1024 2756 1030 2762 ·

249 2785 325 2845 ἓύδὲν
340 2784 367 2810 δὲ
384 2784 440 2810 τῶν
451 2785 490 2816 εἰς
499 2785 548 2818 τὴν
565 2783 633 2819 ἐμὴν
649 2783 792 2810 εὐλάϐειαν
818 2783 938 2819 ἡκόντων
970 2783 1033 2817 ὑμῖν

266 2820 380 2845 νοεήσει.

266 2820 380 2845 νδεήσει.

287 2828 523 2889 Epidauria.
542 2853 717 2889 Scribepdum
731 2857 772 2881 est
782 2852 939 2889 ἐπέστειλα,
952 2857 981 2879 ut
994 2853 1034 2880 le<

252 2887 325 2922 esse
336 2890 443 2918 videtur
461 2891 606 2924 interpres.
621 2888 722 2917 Tamen
739 2889 766 2916 in
781 2887 946 2917 Theodorito
961 2893 987 2916 et
1008 2889 1034 2916 in

1067 279 1139 314 χέειν
1161 278 1353 314 ἐπιχειροῦσιν,
1371 279 1438 315 ὅπερ
1452 280 1542 314 πάσης
1560 280 1703 315 συμφορᾶς
1729 279 1860 306 ἐπέκεινα

1067 325 1253 361 κεχωρηκέναι
1279 334 1324 361 μοι
1345 326 1427 358 δοκεῖ,
1443 325 1537 352 τούτου
1556 326 1633 362 χάριν
1649 326 1760 358 θέοντας
1773 326 1860 362 ὑμᾶς,

1067 372 1098 397 τὸ
1109 371 1156 397 τοῦ
1172 371 1262 407 λόγου,
1283 372 1471 407 προτρέπομαι
1496 373 1580 408 χωρίς
1596 381 1669 404 τινος
1683 373 1859 408 ὑπερθέσεως

1068 418 1108 449 εἰς
1119 417 1199 444 ταύτὸ
1214 418 1386 454 συνδραμεῖν,
1399 418 1541 454 πληρῶσαι
1552 418 1600 454 τὴν
1618 418 1736 450 σύνοδον,
1750 417 1861 453 επαμῦ-

1068 472 1112 490 ναι
1132 465 1187 495 τοῖς
1207 463 1335 499 χρῄζουσι
1353 463 1489 499 βοηθείας,
1506 463 1568 495 τοὺς
1583 464 1713 498 ἀδελφοὺς
1731 463 1860 491 ἰάσασθαι

1069 510 1280 542 κινδυνεύοντας,
1293 511 1332 542 είς
1341 510 1466 545 ὁμόνοιαν
1479 512 1661 544 ἐπαναγαγεῖν
1677 511 1711 537 τὰ
1727 510 1861 538 διεστῶτα

1068 556 1122 583 τῶν
1149 556 1247 592 μελῶν,
1270 555 1467 593 διορθώσασθαι
1491 557 1526 584 τὰ
1553 557 1784 592 πλημμελούμενα
1806 558 1860 589 ἕως

1069 601 1163 637 καιρὸς
1194 601 1349 637 ἐπιτρέπει·
1382 602 1424 628 ἵνα
1449 603 1509 633 ταῖς
1537 601 1682 633 τοσαύταις
1711 602 1861 637 ἐπαρχίαις

1069 648 1118 682 τὴν
1135 647 1292 682 πρέπουσαν
1310 647 1463 675 ἀποδώσετε
1480 649 1647 684 συμφωνίαν,
1675 649 1707 683 ἣν
1731 647 1791 684 (φεῦ
1809 649 1860 683 τῆς

1070 693 1218 728 ἀτοπίαςῐ),
1235 693 1382 729 ἐλαχίστων
1396 692 1545 730 ἀνθρώπων
1562 694 1700 721 ἀπώλεσεν
1714 694 1860 730 ὑπεροψία.

1072 739 1132 766 ’Ὁτι
1154 739 1183 765 δὲ
1206 739 1284 766 τοῦτο
1309 740 1355 766 καὶ
1372 739 1410 775 τῷ
1424 740 1540 776 δεσπότῃ
1559 739 1614 766 τῶν
1629 740 1698 767 ὅλων
1710 740 1769 775 Θεῴ
1784 741 1861 767 ἐστιν

1072 785 1193 820 ἀρεστὸν,
1212 786 1258 812 καὶ
1272 786 1335 822 ἡμῖν
1353 786 1442 820 πάσης
1459 786 1542 821 εὐχῆς
1555 786 1713 822 ὑπέρτερον,
1731 786 1778 813 καὶ
1795 786 1861 822 ὑμῖν

1072 832 1172 863 αὐτοῖς,
1190 832 1237 858 ἐάν
1254 840 1285 866 γε
1295 832 1345 868 τὴν
1357 832 1467 868 εἰρήνην
1481 832 1695 868 ἁνακαλέσησθε,
1711 833 1740 858 οὐ
1751 833 1801 868 τῆς
1813 841 1862 858 τυ-

1073 877 1172 914 χούσης
1184 879 1268 905 αἴτιον
1280 878 1410 912 εὐδοξίας,
1426 879 1530 911 πάντας
1549 879 1706 915 ἀνθρώπους
1718 880 1863 915 συνομολο·

1072 926 1129 959 γεῖν
1145 924 1274 960 ἡγοῦμαι.
1299 926 1344 960 Μὴ
1359 927 1449 952 τοίνυν
1474 926 1584 961 μέλλετε
1599 927 1704 954 λοιπόν·
1724 928 1780 954 ἀλλ’
1800 928 1862 954 ἐπι-

1070 969 1207 1001 τείναντες
1224 969 1347 997 ἐντεῦθεν
1364 970 1412 1006 ἤδη
1427 971 1461 997 τὰ
1479 971 1528 1006 τῆς
1545 971 1707 1008 προθυμίας,
1725 974 1780 1004 τοῖς
1795 982 1863 1009 προ-

1071 1015 1206 1051 κειμένοις
1229 1017 1289 1052 ὃρον
1308 1015 1345 1052 (2)
1361 1017 1493 1044 ἐπιθεῖναι
1509 1018 1677 1045 σπουδάσατε
1708 1018 1752 1046 τὸν
1779 1027 1861 1054 προσ-

1072 1062 1186 1097 ήκοντα,
1198 1062 1266 1097 μετὰ
1290 1062 1381 1098 πάσης
1388 1062 1560 1098 είλικρινείας
1567 1063 1670 1103 δηλαδὴ
1683 1064 1730 1091 καὶ
1745 1064 1863 1096 πίστεως

1073 1107 1255 1140 συνελθόντες,
1273 1108 1307 1144 ἢν
1320 1109 1472 1144 ἑκασταχοῦ
1496 1110 1636 1145 μονονουχὶ
1660 1110 1749 1146 φωνὴν
1771 1110 1862 1144 ἀφιεὶς

1071 1152 1086 1177 ὁ
1099 1153 1194 1189 Σωτὴρ
1207 1153 1310 1185 ἐκεῖνος
1354 1153 1531 1190 λατρεύομεν,
1544 1155 1654 1182 ἀπαιτεῖ
1667 1155 1784 1190 μάλιστα
1799 1156 1862 1190 παρ’

1074 1198 1161 1234 ἡμῶν.
1191 1199 1272 1226 Οὐδὲν
1289 1199 1327 1235 (5)
1353 1199 1383 1226 δὲ
1409 1199 1463 1226 τῶν
1489 1201 1529 1232 είς
1555 1202 1605 1237 τὴν
1629 1201 1697 1237 ἐμὴν
1719 1201 1862 1228 εὐλάϐειαν

1074 1244 1204 1279 ἡκόντων,
1221 1245 1284 1280 ὑμῖν
1306 1246 1436 1281 ἐνδεήσει.
1461 1246 1552 1273 Πάντα
1568 1255 1612 1282 μοι
1628 1247 1795 1283 πέπρακται,
1813 1247 1863 1274 ὅσα

1074 1291 1225 1326 γράφοντες
1247 1291 1416 1327 ὲδηλώσατε·
1441 1292 1586 1319 ἀπέστειλα
1611 1293 1677 1328 πρὸς
1692 1292 1738 1325 οὒς
1752 1293 1862 1328 ἐϐουλή-

1075 1335 1138 1371 θητε
1153 1335 1206 1362 τῶν
1217 1336 1383 1368 ἐπισκόπων,
1398 1337 1442 1363 ἵνα
1453 1338 1678 1373 παραγενόμενοι,
1694 1339 1863 1373 κοινωνήσω-

1077 1390 1118 1409 σιν
1136 1382 1199 1417 ὑμῖν
1211 1381 1265 1408 τῶν
1279 1382 1499 1418 φροντισμάτων·
1515 1382 1662 1410 ἀπέστειλα
1673 1383 1711 1417 (4)
1726 1382 1864 1409 Διονύσιον

1075 1428 1120 1454 τὸν
1131 1428 1185 1455 ἀπὸ
1201 1428 1340 1455 ὑπατικῶν
1352 1428 1401 1463 (5),
1413 1428 1442 1460 ὃς
1457 1429 1504 1456 καὶ
1515 1429 1577 1460 τοὺς
1592 1428 1747 1464 ὀφείλοντας
1760 1430 1800 1460 είς
1813 1429 1864 1464 τὴν

1077 1474 1184 1502 σύνοδον
1210 1474 1356 1508 ἀφικέσθαι
1382 1474 1441 1510 μεθ’
1465 1475 1541 1510 ὑμῶν
1560 1475 1721 1510 ὑπομνήσει,
1738 1475 1784 1501 καὶ
1809 1475 1863 1502 τῶν

1077 1521 1279 1556 πραττομένων,
1304 1520 1448 1557 ἐξαιρέτως
1468 1521 1497 1548 δὲ
1516 1521 1552 1558 (6)
1571 1522 1620 1557 τῆς
1634 1521 1759 1554 εὐταξίας
1781 1521 1864 1548 κατά-

1079 1575 1178 1598 σκοπος
1196 1566 1336 1602 παρέσται.
1366 1567 1429 1594 Ἐὰν
1440 1567 1494 1603 γάρ
1509 1575 1562 1600 τις,
1583 1568 1620 1599 ὡς
1633 1567 1687 1602 ἐγὼ
1701 1568 1750 1594 οὐκ
1762 1568 1864 1603 οἴομαι,

1079 1612 1127 1648 τὴν
1150 1613 1284 1648 ἡμετέραν
1311 1613 1434 1640 κέλευσιν
1451 1614 1499 1640 καὶ
1516 1613 1563 1640 νῦν
1578 1613 1789 1649 διακρούσασθαι
1807 1622 1858 1639 πει·

1080 1659 1209 1694 ρώμενος,
1226 1659 1263 1695 μὴ
1288 1659 1403 1695 βουληθῇ
1419 1660 1630 1696 παραγενέσθαι,
1655 1661 1777 1687 ἐντεῦθεν
1799 1661 1864 1696 παρ’

1077 1705 1155 1741 ἡμῶν
1172 1705 1400 1741 ἀποσταλήσεται,
1413 1706 1443 1738 ὃς
1455 1708 1489 1733 ὲκ
1501 1706 1638 1742 βασιλικοῦ
1655 1707 1864 1743 προστάγματος

1078 1751 1158 1777 αὐτὸν
1172 1751 1304 1783 ἐκϐαλὼν,
1318 1751 1356 1783 ὡς
1370 1752 1400 1779 οὐ
1415 1752 1552 1788 προσῆκεν
1566 1753 1638 1788 ὅροις
1654 1751 1864 1789 αὐτοκράτορος,

1079 1795 1149 1832 ὑπὲρ
1163 1796 1212 1831 τῆς
1231 1796 1358 1832 ἀληθείας
1374 1796 1563 1832 ἐξενεχθεῖσιν,
1583 1798 1740 1825 ἀντιτείνειν
1755 1798 1865 1831 διδάξει.

1077 1843 1177 1870 Λοιπὸν
1192 1843 1268 1870 ἔσται
1284 1843 1334 1878 τῆς
1354 1843 1431 1877 ὑμῶν
1447 1842 1585 1879 ὁσιότητος
1601 1843 1690 1880 ἔργον,
1714 1845 1781 1880 μήτε
1799 1844 1865 1879 πρὸς

1078 1889 1234 1925 ἀπέχθειαν,
1251 1890 1319 1925 μήτε
1329 1887 1397 1925 πρὸς
1409 1889 1498 1925 χάριν,
1515 1889 1669 1922 ἀκολούθως
1682 1890 1711 1916 δὲ
1723 1890 1761 1925 τῷ
1772 1891 1858 1926 ὲκκλη

1080 1935 1210 1971 σιαστικῷ
1226 1936 1273 1962 καὶ
1287 1935 1457 1970 ἀποστολικῷ
1474 1936 1576 1968 κανόνι,
1590 1937 1648 1967 τοῖς
1663 1935 1863 1972 πλημμεληθεῖ·

1079 1991 1121 2009 σιν
1134 1982 1221 2010 εῖτουν
1234 1982 1305 2009 κατὰ
1320 1982 1432 2017 σφάλμα
1446 1982 1641 2019 συμϐεϐηκόσι,
1654 1982 1704 2019 τὴν
1718 1983 1862 2018 ἁρμόττον·
1875 1994 1878 1997 λ

1081 2036 1129 2055 σαν
1142 2028 1288 2064 θεραπείαν
1302 2030 1455 2065 ἐπινοῆσαι,
1470 2029 1514 2056 ἵνα
1530 2029 1576 2056 καὶ
1593 2030 1682 2065 πάσης
1694 2029 1867 2065 βλασφημίας

1079 2074 1279 2110 ἐλευθερώσητε
1292 2074 1341 2110 τὴν
1361 2074 1531 2110 Ἐκκλησίαν,
1550 2075 1596 2102 καὶ
1611 2074 1658 2106 τὰς
1674 2074 1743 2110 ἐμὰς
1758 2075 1866 2107 ἐπικου-

1080 2119 1176 2155 φίσητε
1202 2119 1355 2155 φροντίδας,
1372 2120 1419 2146 καὶ
1439 2119 1488 2154 τὴν
1503 2120 1552 2156 τῆς
1580 2120 1690 2156 εἰρήνης
1710 2121 1789 2157 χάριν
1811 2122 1867 2152 τοῖς

1080 2165 1127 2192 νῦν
1157 2165 1376 2201 στασιαζομὲνοις
1402 2165 1557 2198 ἀποδόντες,
1584 2166 1713 2202 μεγίστην
1743 2165 1866 2193 εὔκλειαν

1081 2212 1145 2247 ὑμῖν
1159 2211 1249 2243 αὐτοῖς
1265 2211 1460 2247 προξενήσητε.
1483 2211 1513 2239 Ὀ
1528 2212 1595 2244 Θεὸς
1613 2212 1684 2248 ὑμᾶς
1696 2212 1866 2247 διαφυλάξοι,

1046 2267 1068 2295 ι)
1082 2257 1190 2292 ἀδελφοὶ
1205 2257 1350 2292 ἀγαπητοί.
1371 2268 1381 2284 ι

1085 2327 1153 2365 Fuit.
1168 2328 1237 2355 libro
1251 2327 1347 2365 legitur
1360 2328 1508 2356 ἀπέστειλα
1518 2328 1586 2365 πρὸς
1603 2328 1662 2365 οὖς,
1673 2333 1728 2365 ftc.

1119 2364 1158 2400 (5)
1171 2363 1330 2390 Διονύσιον
1342 2364 1394 2390 τὸν
1406 2364 1465 2391 ἀπὸ
1482 2363 1645 2391 ὑπατικῶν.
1671 2363 1779 2390 Flavius
1806 2363 1868 2390 Dio-

1083 2400 1175 2435 nysius
1194 2406 1284 2435 comes
1299 2404 1410 2426 vocatur
1421 2401 1457 2435 ab
1477 2400 1625 2435 Athanasio
1648 2400 1675 2426 in
1687 2399 1866 2435 rApalogctico

1081 2433 1114 2462 ad
1126 2433 1319 2466 Cansmnlium,
1334 2434 1378 2461 ubi
1405 2434 1487 2461 multa
1510 2434 1594 2460 refert
1622 2436 1656 2461 de
1687 2434 1737 2460 hac
1765 2434 1868 2468 synodo

1081 2469 1275 2505 apudrTyt‘unt,
1296 2477 1356 2503 qua-
1371 2469 1461 2496 habita
1479 2473 1521 2496 est
1536 2469 1685 2505 iconsulatu
1711 2468 1868 2505 gonstautii

1081 2503 1107 2531 et
1122 2504 1221 2535 Albini,
1235 2512 1328 2531 tucnse
1344 2504 1465 2537 Augusto
1484 2512 1515 2531 ac
1532 2504 1697 2538 Septembri.
1710 2503 1812 2530 Fuerat
1824 2503 1868 2530 hic

1081 2538 1228 2574 Dionysius
1242 2545 1323 2566 antea
1335 2540 1484 2566 consularis
1500 2539 1656 2571 Phoenices,
1674 2539 1823 2565 Januarino
1837 2542 1868 2574 et

1081 2573 1158 2601 Justo
1172 2581 1256 2610 coss"
1275 2579 1303 2600 ut
1315 2579 1386 2608 patet
1400 2582 1432 2601 ex
1453 2574 1511 2610 lege
1529 2574 1546 2601 4
1565 2575 1659 2601 codice
1687 2573 1804 2606 Theod.,
1830 2573 1868 2600 De

1082 2610 1192 2644 famosis
1204 2609 1309 2636 libellis.

1118 2645 1156 2679 (6)
1177 2643 1346 2677 Ἐξαιρέτως
1359 2643 1402 2670 δέ.
1415 2643 1452 2670 Ita
1464 2644 1570 2678 quidem
1583 2643 1680 2678 legitur
1691 2643 1760 2677 apud
1778 2643 1869 2670 Theo-

1084 2679 1211 2706 doritutn.
1229 2680 1281 2705 Sed
1300 2680 1324 2705 in
1335 2680 1428 2705 codice
1445 2679 1512 2706 Fuk.
1526 2679 1654 2706 hieloeus
1671 2678 1706 2704 ita
1727 2679 1866 2705 scribitur

1083 2714 1203 2750 Katfrtl'w
1218 2714 1409 2750 πραττομένων
1421 2714 1449 2740 δὲ
1461 2715 1509 2740 καὶ
1520 2713 1569 2748 τῆς
1579 2713 1704 2746 εὐταξίας
1721 2712 1868 2748 ἐξαιρέτως

1084 2749 1254 2785 κατάσκοπος
1276 2749 1420 2785 παρέσται.
1450 2749 1535 2782 Quam
1567 2750 1708 2776 lectionem
1734 2749 1866 2785 Scaliger,

1084 2784 1247 2819 Bongarsius
1261 2783 1361 2818 aliique
1373 2785 1399 2811 in
1416 2785 1474 2812 suis
1490 2784 1566 2811 libris
1593 2789 1763 2819 repererant.
1784 2783 1867 2819 Paulo

1084 2817 1248 2855 postfscribo
1264 2819 1313 2854 τὴν
1325 2819 1460 2855 ἡμετέραν
1473 2819 1595 2845 κέλευσιν
1613 2817 1660 2846 καὶ
1672 2817 1719 2855 νῦν
1738 2817 1867 2854 διακρού-

1087 2853 1184 2892 σασθαι
1200 2861 1234 2892 ex
1257 2853 1420 2892 coddfFuk}
1438 2859 1466 2892 et
1483 2855 1657 2892 'l'lieodorito.
1675 2853 1767 2892 Neqpe
1799 2853 1868 2882 Enim

1087 2889 1230 2917 mediocris
1242 2895 1282 2917 est
1295 2891 1431 2920 emphasis
1445 2890 1473 2918 in
1490 2890 1533 2918 his
1553 2889 1641 2917 verbis
1656 2888 1704 2916 καὶ
1714 2888 1773 2916 νῦν.
