2001 3168
156 161 225 190 “95

405 221 603 248 ΚΕΦΑΛΑΙΟΝ
626 221 690 247 ΜΓ’.

155 268 215 293 Ὀτι
231 266 288 293 τῶν
302 267 337 293 ἐν
355 266 568 301 Ἰεροσολύμοις
582 267 738 301 ἐγκαινίων
753 268 796 299 εὶς
805 267 862 300 τὴν
876 267 940 301 ἐορ-

190 302 245 336 τήν
260 303 294 329 ἐκ
304 302 410 328 πασῶν
419 302 568 337 ἐπαρχιῶν
579 301 720 336 παρῆσαν
733 303 902 329 ἐπίσκοποι.

194 348 269 374 Ἐπεὶ
289 348 316 374 δὲ
327 347 359 374 δι’
375 347 462 384 ἔργων
475 348 571 384 ἐχώρει
586 348 619 375 τὰ
631 349 861 384 προστεταγμένα,
876 358 941 376 κατ-

154 393 304 429 ελάμϐανεν
323 392 401 424 ἄλλος
423 393 559 427 βασιλικὸς
590 394 670 430 ἀνὴρ,
698 393 869 429 ἐπισπέρχων
892 394 941 429 τὴν

156 440 262 468 σύνοδον
286 440 334 466 σὺν
354 439 497 475 γράμματι
518 439 649 476 βασιλικῷ
673 440 721 475 (7),
743 440 867 466 σπεύδειν
894 441 941 467 καὶ

157 486 239 522 μηδὲν
258 485 463 518 ἀναϐάλλεσθαι,
475 487 523 521 τὴν
538 486 583 512 ἐπὶ
594 485 629 512 τὰ
647 486 818 522 Ἱεροσόλυμα
839 495 942 522 παρορ-

158 533 216 568 μῶν
230 541 261 566 γε
278 532 398 567 πορείαν.
424 532 555 567 Ἀραντες
576 530 623 559 οὖν
643 533 667 558 οἱ
691 532 789 564 πάντες
815 531 869 559 ἀπὸ
895 531 940 558 τοῦ

156 577 286 604 Φοινίκων
304 576 406 608 ἔθνους,
430 576 568 611 δημοσίοις
583 576 692 612 δρόμοις
715 576 828 612 ἤλαυνον
850 578 896 603 ἐπὶ
909 577 942 604 τὰ

156 623 323 660 προκείμενα
333 632 339 638 ·
357 623 506 658 ἐπληροῦτο
519 623 547 648 δὲ
563 623 622 649 τότε
633 624 686 655 πᾶς
698 623 712 649 ὁ
724 623 786 658 τῇδε
799 624 880 655 τόπος
897 632 943 658 με-

156 671 252 707 γίστης
266 670 332 697 Θεοῦ
357 670 474 706 χορείας,
495 670 540 696 ἐπὶ
555 669 650 696 ταύτὸν
672 671 701 696 ἐν
719 671 774 701 τοῖς
798 670 942 705 Ἰεροσολύ-

159 725 219 752 μοις
235 716 409 752 συνηγμένων
422 715 475 742 τῶν
490 715 519 748 ἐξ
536 715 644 750 ἁπάσης
658 715 789 751 ἐπαρχίας
806 715 942 750 διαφανῶν

157 763 314 790 ἐπισκόπων
324 771 331 777 ·
356 762 508 793 Μακεδόνες
523 762 570 797 μὲν
585 762 638 797 γὰρ
652 762 696 789 τὸν
712 763 761 797 τῆς
774 762 838 797 παρ’
853 762 943 793 αὐτοῖς

160 808 349 845 μητροπόλεως
365 808 401 843 (8)
416 809 605 844 παρέπεμπον,
620 807 757 834 Παννόνιοί
775 817 804 834 τε
821 807 867 834 καὶ
883 808 940 834 Μυ-

159 855 210 887 σοὶ,
234 855 266 881 τὰ
290 856 355 890 παρ’
378 856 468 886 αὐτοῖς
497 855 628 882 ἀνθοῦντα
650 854 734 889 κάλλη
750 855 797 889 τῆς
817 853 863 880 τοῦ
876 853 942 881 Θεοῦ

694 162 738 190 DE
759 162 839 190 VITA
857 161 1087 190 CONSTANTINI
1106 161 1169 189 LIB.
1189 161 1234 190 IV.

1703 158 1771 187 1191

1215 219 1296 256 548
1322 218 1436 247 CAPUT
1454 217 1544 246 XLIII.

992 267 1128 300 Quomodo
1136 266 1170 293 ad
1183 266 1370 293 dedicationem
1387 265 1502 293 ecclesia:
1517 264 1769 300 Hierosolymorum,

1078 302 1191 337 episcopi
1204 309 1237 328 ex
1248 300 1367 328 omnibus
1382 301 1521 335 provinciis
1536 308 1685 327 convenere.

1026 348 1092 375 Cum
1120 347 1178 374 haec
1202 351 1334 381 praecepta
1363 346 1527 374 exsecutioni
1557 346 1772 379 mandarentur,

992 394 1061 422 alius
1076 394 1109 421 ab
1122 395 1283 429 imperatore
1293 392 1402 420 nuntius
1419 392 1586 427 supervenit,
1602 392 1661 427 qui,
1675 392 1773 421 oblatis

992 441 1176 474 imperialibus
1204 439 1323 471 litteris,
1350 438 1481 474 synodum
1512 439 1636 475 hortatus
1660 442 1713 470 est,
1732 443 1772 472 ut,

993 487 1064 515 nulla
1079 486 1235 521 interposita
1253 493 1341 517 mora,
1356 491 1449 512 omnes
1465 484 1664 519 quamprimum
1678 484 1774 513 Hiero-

993 533 1121 569 solymam
1138 535 1323 569 properarent.
1342 530 1438 559 Cuncti
1455 530 1535 564 igitur
1558 538 1592 557 ex
1615 529 1773 557 Phoenicum

993 577 1133 611 provincia
1153 576 1333 612 digredientes
1346 595 1354 608 ,
1373 574 1481 610 publico
1503 581 1584 601 cursu
1600 575 1773 606 contendere,

992 629 1025 650 eo
1039 630 1092 657 quo
1105 621 1208 656 iussum
1220 625 1289 654 erat,
1297 627 1415 655 coepere.
1423 620 1559 655 Totusque
1567 619 1621 647 illic
1630 619 1704 646 locus
1715 626 1774 646 ma-

993 669 1067 696 ximo
1080 668 1127 695 Dei
1152 672 1225 696 coetu
1243 666 1350 694 tandem
1373 666 1489 693 refertus
1508 665 1568 697 fuit,
1585 672 1645 692 cum
1664 672 1696 692 ex
1715 665 1774 692 uni-

992 715 1080 743 versis
1095 714 1241 749 provinciis
1267 713 1385 748 insignes
1401 712 1519 747 episcopi
1535 710 1730 746 Hierosolymis
1748 711 1774 742 in

993 769 1076 788 unum
1091 760 1291 789 convenissent.
1304 759 1371 786 Nam
1384 763 1412 786 et
1425 758 1585 786 Macedones
1597 757 1691 793 prima;
1705 757 1776 792 apud

994 815 1023 835 se
1037 807 1107 835 sedis
1118 807 1275 842 episcopum
1296 806 1444 838 miserant;
1461 809 1488 832 et
1507 804 1628 832 Pannoni
1641 812 1673 832 ac
1694 804 1773 832 Μωδί

995 862 1028 882 ex
1043 854 1174 882 tironibus
1197 854 1244 881 Dei
1262 852 1436 880 lectissimum
1453 851 1544 878 ﬂorem
1562 858 1594 878 ac
1607 850 1773 886 praecipuum

158 900 295 932 νεολαίας·
317 901 406 936 παρῆν
431 901 458 927 δὲ
482 901 529 927 καὶ
554 900 666 936 Περσῶν
694 901 848 927 ἐπισκόπων
874 901 944 935 ἱερὸν

998 900 1081 935 gentis
1094 907 1149 927 suae
1163 899 1246 926 decus
1260 899 1425 926 direxerant.
1447 896 1548 924 Aderat
1565 897 1648 924 etiam
1668 896 1776 931 episco-

158 948 262 983 χρῆμα,
279 946 312 973 τὰ
326 947 384 973 θεῖα
397 946 474 981 λόγια
492 946 683 982 ὲξηκριϐωκὼς
701 947 780 982 ἀνὴρ,
791 946 896 973 Βιθυνοί
912 955 942 973 τε

159 993 205 1020 καὶ
225 993 330 1029 Θρᾷκες
355 993 392 1028 (9)
417 993 447 1019 τὸ
475 993 611 1029 πλήρωμα
635 993 686 1028 τῆς
707 993 814 1020 συνόδου
832 993 943 1020 κατεκό-

160 1047 253 1074 σμουν.
267 1039 304 1066 Οὐ
320 1039 373 1074 μὴν
386 1038 603 1074 ἀπελιμπάνοντο
620 1039 700 1074 (οὐδὲ)
715 1039 834 1066 Κιλίκων
848 1040 871 1065 οί
888 1039 944 1065 δια-

159 1084 297 1123 φέροντες,
321 1085 366 1111 καὶ
388 1085 578 1112 Καππαδοκῶν
599 1085 622 1111 θ’
637 1086 662 1112 oi.
675 1085 776 1121 πρῶτοι
804 1084 944 1111 παιδεύσει

159 1130 245 1166 λόγων
259 1131 335 1167 μέσοι
348 1133 403 1164 τοῖς
418 1133 484 1158 πᾶσι
497 1132 639 1167 διέπρεπον
649 1141 655 1147 ·
672 1132 756 1168 Συρία
768 1140 797 1158 τε
809 1133 883 1158 πᾶσα
897 1132 944 1158 καὶ

159 1177 365 1212 Μεσοποταμία,
381 1177 489 1212 Φοινίκη
505 1186 534 1204 τε
552 1178 597 1204 καὶ
618 1177 729 1214 ’Δραϐία
744 1178 792 1204 σὺν
807 1177 874 1213 αὐτῇ
889 1178 945 1204 Πα-

159 1222 292 1259 λαιστίνῃ,
309 1223 444 1258 Αἴγυπτός
461 1232 490 1250 τε
505 1224 550 1250 καὶ
560 1224 656 1260 Λιϐύη,
674 1224 741 1251 οἵτε
757 1224 806 1259 τὴν
820 1223 945 1260 Θηὸαίων

160 1267 297 1301 οἰκοῦντες
323 1268 425 1304 χώραν,
453 1270 552 1301 πάντες
581 1269 647 1304 όμοῦ
670 1269 804 1305 ἐπλήρουν
826 1269 875 1306 τὴν
897 1278 944 1305 με-

161 1315 248 1350 γάλην
285 1315 331 1342 τοῦ
360 1315 428 1342 Θεοῦ
457 1315 564 1352 χορείαν
582 1325 588 1331 ·
619 1313 659 1348 οἷς
695 1316 877 1352 ἀναρίθμητος
915 1315 945 1349 ἐξ

162 1361 275 1388 ἁπασῶν
307 1361 360 1388 τῶν
389 1362 525 1397 ἐπαρχιῶν
556 1362 732 1397 ἐπηκολούθει
763 1361 847 1394 λεώς·
877 1371 946 1398 παρ-

161 1407 194 1442 ῆν
225 1407 254 1433 δὲ
282 1406 386 1438 τούτοις
415 1407 498 1434 ἆπασι
527 1407 651 1443 βασιλική
668 1416 709 1440 τις
727 1408 862 1444 ὑπηρεσία
879 1408 945 1443 (10),

161 1453 258 1489 ἄνδρες
278 1454 302 1479 τ’
319 1453 348 1486 ἐξ
364 1453 452 1480 αὐτῶν
474 1453 614 1488 βασιλείων
631 1454 736 1489 δόκιμοι
758 1454 947 1489 κατεπέμπον-

162 1509 204 1533 το,
220 1499 363 1536 φαιδρῦναι
374 1500 422 1535 τὴν
436 1499 530 1535 ἑορτὴν
545 1501 604 1533 ταῖς
622 1500 754 1535 βασιλέως
769 1500 922 1537 χορηγίαις.

419 1634 615 1662 ΚΕΦΑΛΑΙΟΝ
630 1635 695 1662 ΜΔ’.

164 1679 234 1714 Περὶ
248 1679 303 1714 τῆς
322 1680 370 1707 διὰ
390 1680 542 1714 Μαριανοῦ
563 1680 616 1707 τοῦ
633 1681 771 1714 νοταρίου
785 1681 947 1714 δεξιώσεως

199 1714 306 1748 αὐτῶν,
332 1715 380 1742 καὶ
401 1715 459 1742 τῶν
479 1717 522 1748 εἰς
542 1716 679 1750 πτωχοὺς
699 1715 871 1748 διαδόσεων,
897 1717 947 1743 καὶ

199 1750 394 1785 ἀναθημάτων
410 1750 463 1785 τῆς
480 1751 667 1785 Ἐκκλησίας.

199 1797 253 1823 Kac
272 1796 324 1833 μὴν
338 1797 384 1823 καὶ
398 1798 411 1824 ὁ
423 1797 526 1829 τούτοις
538 1797 638 1824 ἅπασιν
655 1797 774 1831 ἐφεστὼς
789 1797 893 1832 βασιλεῖ
903 1798 947 1824 δε-

163 1842 220 1876 ξιὸς
230 1842 299 1878 ἀνὴρ
313 1842 377 1878 (ll),
396 1843 485 1870 πίστει
505 1844 552 1870 καὶ
571 1843 708 1879 εὐλαϐείᾳ,
724 1843 809 1878 λόγων
825 1852 854 1870 τε
869 1843 948 1871 θείων

164 1888 313 1924 ἐμπρέπων
330 1889 459 1924 ἀσκήσει’
484 1889 513 1920 ὃς
533 1889 564 1925 δὴ
583 1890 630 1916 καὶ
645 1891 704 1922 ταῖς
720 1890 789 1925 ὑπὲρ
810 1889 948 1922 εὐσεϐείας

164 1934 318 1970 ὁμολογίαις
331 1935 400 1962 κατὰ
409 1935 454 1962 τὸν
469 1935 524 1962 τῶν
533 1936 669 1971 τυράννων
684 1936 777 1972 καιρὸν
793 1936 948 1971 λαμπρυνό-

165 1989 256 2016 μενος,
269 1981 379 2012 εἰκότως
390 1981 438 2016 τὴν
449 1981 531 2007 τῶνδε
541 1981 661 2015 διάταξιν
671 1981 835 2008 ἐπιστεύετο.
847 1982 901 2008 Καὶ
915 1981 947 2016 δὴ

164 2025 204 2062 τῷ
219 2026 348 2062 βασιλέως
359 2024 435 2059 οὗτος
450 2027 561 2063 νεύματι
574 2029 622 2055 σὺν
638 2028 796 2064 εἰλικρινείᾳ
810 2027 884 2064 πάσῃ
892 2028 949 2055 δια-

165 2074 336 2109 κονούμενος,
353 2075 402 2110 τὴν
414 2075 462 2110 μὲν
478 2075 583 2102 σύνοδον
598 2075 678 2110 ἐτίμα
693 2075 844 2111 φιλοφρόνῳ
854 2075 948 2108 δεξιώ-

165 2128 217 2152 σει,
249 2121 386 2147 ἑστιάσεσί
407 2130 436 2147 τε
459 2122 599 2158 λαμπραῖς
620 2122 666 2149 καὶ
683 2123 862 2157 συμποτικαῖς
882 2123 949 2148 εύω-

165 2165 237 2201 χίαις
247 2175 253 2180 ·
279 2167 394 2202 πτωχοῖς
410 2167 431 2194 δ’
446 2168 580 2203 ἀνείμοσι,
598 2169 719 2204 πενήτων
735 2167 756 2194 δ’
773 2167 876 2204 ἀνδρῶν
892 2167 948 2204 (12)

202 2255 239 2291 (7)
253 2256 315 2283 Σὺν
328 2255 472 2291 γράμματι
483 2256 642 2290 βασιλικῷ.
655 2257 683 2284 in
696 2257 832 2286 veteribus
842 2258 950 2286 schedis

168 2292 266 2326 legitur
277 2291 482 2327 συγγράμματι.
500 2292 526 2318 In
541 2293 635 2320 codice
652 2292 719 2320 Fuk.
738 2293 832 2320 lacuna
845 2299 896 2327 est,
922 2299 950 2321 et

167 2331 303 2363 postrema
323 2332 425 2354 tantum
443 2335 506 2363 pars
529 2327 651 2354 vocabuli
673 2328 783 2363 legitur.
803 2337 878 2363 ματι.
899 2328 951 2356 lla-

167 2361 221 2398 que
237 2361 355 2389 Savilius
374 2362 422 2389 σὺν
435 2362 548 2398 νεύματι
561 2361 712 2397 supplevit;
723 2361 834 2398 perinde
844 2370 872 2392 et
885 2364 950 2392 Sca-

167 2397 236 2431 liger
249 2401 277 2422 et
288 2398 388 2424 caeteri.

204 2431 242 2466 (8)
265 2432 433 2469 Μᾳκεδόνες
456 2432 514 2467 μὲν
539 2432 592 2468 γὰρ
604 2433 676 2469 Vror?
690 2432 745 2467 τῆς
763 2434 829 2469 παρ’
848 2434 949 2468 αὐτοῖς

165 2467 388 2501 μητροπόλεως.
401 2467 583 2495 Alexandrum
602 2468 728 2502 intelligit
751 2467 950 2498 Thessalonica:

167 2502 286 2528 civitatis
297 2502 461 2539 episcopum.
474 2504 529 2539 qui
553 2504 660 2539 synodo
674 2503 788 2539 Tyrensi
814 2504 948 2538 interfuit,

169 2540 326 2563 IIItestatur
350 2537 523 2565 Athanasius.
552 2537 603 2565 Per
632 2537 777 2567 Pannoniae
807 2545 897 2567 autem
923 2537 950 2568 et.

169 2570 271 2608 Moesiae.
295 2571 434 2608 episcopos
450 2573 580 2608 Eusebius
609 2574 737 2608 intelligit
764 2574 902 2602 Ursacium
922 2580 950 2602 et

170 2605 439 2645 XaleIItein,_Ar_iaIi:e
452 2607 576 2645 iactigiis
589 2605 744 2644 signifeips,
759 2611 804 2644 qui
817 2619 832 2637 a
847 2611 949 2645 synodo

170 2640 283 2678 Tyrensi
297 2642 370 2678 missi
389 2647 450 2668 sunt
469 2643 495 2668 in
510 2640 674 2678 Egyptum,
690 2649 718 2671 ut
739 2640 776 2672 de
791 2640 949 2673 criminibus

168 2683 228 2710 qum
242 2676 389 2715 Athanasio
415 2677 518 2715 otjecta
541 2676 667 2715 luerunt,
692 2680 745 2707 illic
769 2680 948 2715 inquirerent,

169 2711 392 2746 quemadmodum
408 2712 491 2739 refert
504 2713 668 2741 Athanasius
680 2715 706 2741 in
722 2711 900 2750 Apulo-getico.

205 2746 243 2782 (9)
260 2747 381 2774 Βιθυνοί
395 2755 426 2773 τε
440 2748 489 2774 καὶ
505 2748 627 2782 Θρᾷκες.
641 2749 824 2782 Theogonium
842 2751 900 2777 Nica

285 2755 380 2774 ιυυνοι
395 2755 426 2773 τε
440 2755 489 2774 και
505 2755 627 2777 θρακερ.
641 2755 824 2777 ἹἸΙεΟΗοΙΙΙιΙΙῐΙ
842 2755 914 2777 lxle

205 2758 243 2782 tu)
260 2758 380 2774 uwv'rut
395 2758 426 2773 τε
440 2758 489 2774 και
505 2758 627 2782 σρςῑκες.
645 2758 824 2785 Ineogmnum
842 2758 947 2784 metuat,

168 2787 196 2810 et
210 2781 379 2808 Theodorum
402 2782 534 2816 Perinthi,
560 2792 618 2817 qua:
636 2785 713 2812 aliter
730 2785 858 2813 Heraclea
883 2786 949 2813 dici-

170 2822 223 2856 t_u_r,
251 2818 397 2856 episcopos
411 2818 544 2856 intelligit,
562 2821 726 2856 quoseidem
742 2821 846 2856 synodo
862 2820 950 2848 inter-

169 2853 252 2880 fuisse
267 2853 364 2880 docent
385 2853 549 2880 Athanasius
574 2859 601 2880 et
632 2853 820 2883 ’l'lieodoritus.
848 2856 949 2883 Praeter

169 2887 364 2924 Theogonium,
383 2888 429 2914 alii
443 2889 497 2915 duo
508 2896 541 2916 ex
553 2888 676 2926 Bithynia
691 2891 811 2926 episcopi
833 2891 947 2926 Tyrensi

324 2938 460 2970 PATROL.
481 2939 539 2970 Gn.
557 2938 626 2971 XX.

994 953 1089 981 porum
1104 945 1221 973 Persidis
1233 948 1433 978 ornamentum,
1445 944 1488 971 vir
1501 947 1612 971 sanctus
1623 947 1649 971 et
1664 943 1690 970 in
1707 942 1777 970 divi-

994 993 1035 1020 nis
1048 992 1197 1027 Scripturis
1213 992 1336 1027 apprime
1347 990 1522 1019 exercitatus.
1538 989 1647 1025 Bithyni
1669 997 1777 1024 quoque

994 1044 1021 1066 et
1034 1039 1153 1066 Thraces
1163 1038 1307 1073 praesentia
1323 1045 1371 1066 sua
1383 1042 1545 1065 conventum
1562 1037 1705 1064 ornabant.
1722 1036 1777 1064 Nec

994 1085 1105 1113 deerant
1121 1093 1154 1112 ex
1174 1084 1275 1112 Ciciliae
1294 1084 1428 1120 episcopis
1445 1084 1586 1112 clarissimi
1611 1083 1721 1118 quique.
1739 1084 1778 1111 Ex

993 1131 1164 1166 Cappadocia
1178 1131 1243 1158 item
1263 1131 1308 1166 qui
1324 1131 1446 1159 doctrina
1457 1135 1484 1158 et
1496 1130 1650 1165 eloquentia
1664 1134 1779 1164 pra-sta—

995 1177 1071 1210 bant,
1085 1178 1111 1204 in
1133 1177 1221 1205 medio
1236 1184 1366 1204 consessu
1385 1177 1550 1204 enituerunt.
1572 1175 1612 1203 Ad
1627 1176 1685 1203 haec
1700 1175 1779 1211 Syria

994 1223 1095 1256 omnis,
1108 1223 1460 1258 Mesopotamia,thnice,
1476 1222 1574 1250 Arabia
1595 1228 1622 1249 et
1639 1223 1778 1251 Palaestina
1801 1224 1805 1229 '

995 1270 1067 1305 ipsa;
1080 1269 1213 1305 [Egyptus
1227 1277 1337 1304 quoque
1349 1274 1377 1297 et
1393 1269 1488 1304 Libya.
1508 1273 1536 1296 et
1550 1269 1596 1304 qui
1611 1268 1778 1297 Thebaidem

996 1316 1124 1349 incolunt,
1145 1324 1239 1344 omnes
1255 1317 1282 1343 in
1297 1324 1378 1344 unum
1392 1315 1545 1351 congregati
1561 1323 1689 1350 magnum
1705 1314 1779 1343 illum

997 1361 1043 1390 Dei
1058 1363 1170 1390 chorum
1185 1358 1344 1398 implebant.
1357 1362 1430 1396 Quos
1441 1369 1475 1389 ex
1492 1361 1616 1390 omnibus
1633 1361 1780 1396 provinciis

997 1408 1201 1436 innumerabilis
1215 1409 1354 1436 hominum
1375 1408 1517 1436 multitudo
1538 1408 1712 1443 sequebatur.
1725 1407 1780 1435 Ad-

997 1459 1056 1482 erat
1072 1462 1155 1490 porro
1174 1455 1217 1483 bis
1240 1455 1366 1483 omnibus
1390 1453 1490 1490 regalis
1504 1454 1644 1488 cujusdam
1672 1453 1781 1489 appari-

997 1500 1079 1530 tionis
1101 1501 1258 1536 obsequium
1273 1505 1320 1534 ;et
1333 1508 1367 1528 ex
1383 1501 1491 1535 imperii
1506 1501 1607 1535 palatio
1627 1500 1702 1528 missi
1720 1501 1781 1535 qui-

997 1547 1060 1574 dam
1087 1552 1215 1583 spectata:
1243 1546 1386 1582 probitatis
1412 1547 1479 1579 viri,
1499 1547 1545 1581 qui
1570 1547 1723 1582 sumptibus
1745 1546 1780 1574 ab

999 1593 1160 1629 imperatore
1179 1593 1390 1622 subministratis
1411 1591 1588 1621 festivitatem
1601 1593 1780 1621 illustrareut.

1274 1638 1388 1668 CAPUT
1405 1638 1497 1668 XLIV.

999 1685 1134 1718 Quomodo
1159 1695 1205 1722 per
1230 1685 1385 1713 Marianum
1404 1687 1536 1714 notarium
1561 1687 1659 1720 excepti
1681 1686 1781 1722 tinget

1031 1722 1148 1782 ρῗειιηίιε
1171 1722 1329 1757 pauperibus
1349 1727 1519 1758 erogauewt
1545 1722 1576 1749 de
1599 1722 1717 1749 donariis
1729 1721 1781 1749 Ec-

1034 1764 1129 1784 ceam.

1033 1801 1082 1830 His
1095 1806 1186 1830 autem
1208 1802 1335 1830 omnibus
1351 1807 1467 1838 praeerat
1478 1803 1519 1830 vir
1535 1803 1690 1838 imperatori
1707 1810 1782 1830 cum-

997 1848 1092 1882 primis
1109 1848 1184 1875 utilis
1196 1868 1205 1880 ,
1228 1848 1290 1880 (ide,
1313 1848 1453 1883 religione,
1471 1852 1498 1876 et
1515 1856 1655 1876 sacrarum
1679 1849 1782 1876 littera-

1000 1901 1059 1921 rum
1072 1894 1172 1929 peritia
1184 1895 1359 1930 conspicuus.
1374 1893 1497 1927 Quicum
1514 1894 1667 1929 Iyranuicis
1679 1899 1783 1928 tempo-

998 1940 1074 1968 ribus
1090 1947 1140 1974 pro
1155 1940 1265 1975 pietatis
1285 1940 1442 1968 defensione
1462 1939 1553 1968 multis
1566 1939 1782 1968 confessionibus

998 1985 1190 2018 inclaruisset,
1204 1993 1257 2013 non
1281 1986 1417 2014 immerito
1433 1986 1528 2014 harum
1550 1993 1641 2014 rerum
1666 1986 1783 2021 disposi-

1000 2030 1099 2059 tionem
1128 2031 1180 2059 sibi
1206 2032 1378 2060 commissam
1399 2033 1512 2068 accepit.
1532 2032 1582 2060 Hic
1602 2032 1695 2068 igitur,
1710 2033 1783 2060 omni

999 2084 1061 2105 cum
1092 2077 1249 2106 sinceritate
1273 2079 1446 2113 imperatoris
1465 2078 1588 2114 jussibus
1616 2078 1783 2111 obsecutus,

999 2123 1186 2158 episcoporum
1209 2123 1319 2159 quidem
1342 2128 1442 2152 coetum
1465 2123 1595 2160 singulari
1614 2124 1743 2152 comitate
1757 2129 1786 2153 et

1000 2169 1277 2205 magniﬁcentissimis
1309 2170 1395 2206 epulis
1429 2170 1510 2206 549
1542 2174 1626 2205 atque
1651 2170 1785 2198 conviviis

1001 2259 1315 2295 synodorinterfuerunt:
1329 2260 1461 2289 Eusebius
1477 2261 1582 2289 scilicet
1597 2260 1785 2289 Nicomedien-

1000 2294 1050 2327 sis,
1062 2299 1090 2322 et
1104 2294 1186 2322 Maris
1199 2295 1405 2323 Chalcedonius.

1035 2329 1091 2366 (le
1121 2330 1269 2364 Βασιλική
1296 2339 1342 2364 τις
1368 2331 1526 2366 ὑπηρεσία.
1562 2331 1727 2359 Athanasius
1757 2331 1784 2358 in

999 2365 1167 2400 Apologetico
1185 2366 1219 2393 ad
1237 2366 1430 2398 Constantium,
1457 2374 1518 2401 pag.
1534 2366 1598 2399 788,
1616 2367 1648 2394 de
1667 2368 1718 2395 hac
1737 2374 1784 2401 sy-

1000 2401 1071 2437 nodo
1100 2401 1233 2437 loquens,
1269 2406 1385 2437 testatur
1416 2402 1625 2430 Constantinum
1648 2403 1784 2437 palatinos

1000 2435 1099 2462 milites
1113 2436 1230 2473 misisse,
1243 2438 1288 2473 qui
1306 2436 1492 2473 episcoporum
1508 2437 1632 2473 jussibus
1647 2435 1784 2473 obseque-

1000 2474 1122 2507 rentur":
1150 2471 1204 2507 Κᾳὶ
1223 2471 1311 2507 κόμης
1339 2472 1480 2507 Διονύσιος
1505 2471 1708 2504 ἀποστέλλεται,
1724 2471 1785 2499 ’καὶ

1000 2506 1162 2543 στρατιῶται
1176 2506 1319 2543 δορύφόροι
1328 2506 1449 2543 δίδονται
1459 2508 1514 2538 τοῖς
1530 2508 1595 2543 περὶ
1609 2507 1748 2534 Εὑσέϐιον.

1035 2541 1090 2577 (ll)
1108 2541 1210 2574 Δεξιὸς
1221 2541 1310 2576 ἀνήρ.
1327 2541 1467 2570 Marianus
1493 2542 1537 2569 hic
1551 2541 1621 2577 erat
1649 2543 1786 2570 Tribunus

1000 2580 1028 2604 et
1043 2576 1180 2613 Notarius,
1200 2581 1230 2603 ut
1243 2578 1342 2613 dicitur
1367 2578 1393 2604 in
1409 2577 1486 2605 tiIulo
1511 2576 1592 2612 hujus
1619 2578 1727 2613 capitis,
1758 2583 1786 2605 et

1000 2611 1069 2648 apud
1089 2612 1280 2640 Sozomenum.
1306 2612 1435 2639 Eamdem
1455 2611 1706 2648 dignitatemgessit
1735 2614 1787 2640 sub

999 2647 1174 2684 Constantio.
1192 2652 1221 2684 ut
1237 2651 1352 2684 testatur
1370 2648 1535 2676 Athanasius
1563 2648 1591 2675 in
1614 2647 1684 2676 libro
1693 2649 1730 2676 De
1743 2657 1787 2684 sy-

999 2683 1079 2709 nodis
1092 2683 1206 2709 Arimini
1221 2687 1249 2709 et
1268 2682 1408 2709 Seleuciae.

1036 2717 1092 2753 (ιε)
1110 2717 1186 2753 Vulg.
1203 2717 1340 2750 πενήτων
1356 2718 1380 2744 τ’
1405 2717 1533 2752 ἀνδρῶν.
1551 2718 1732 2746 Scribendum
1746 2724 1789 2748 est

999 2753 1123 2788 πενήτων
1137 2753 1158 2779 δ’
1171 2753 1284 2789 ἀνδρῶν.
1301 2753 1370 2780 ldeIn
1391 2761 1468 2781 error
1484 2759 1527 2781 est
1541 2754 1568 2789 in
1580 2754 1720 2789 superiori
1745 2763 1789 2782 ea-

1000 2787 1066 2825 pite;
1083 2789 1126 2815 ubi
1144 2787 1392 2825 ιθςὶιιὶΓνΑίγυτξτος
1408 2788 1436 2815 δὲ
1451 2789 1498 2815 καὶ
1518 2787 1626 2824 Λιϐύη,
1636 2797 1684 2825 pro
1707 2790 1792 2825 Δίγυ-

999 2824 1066 2855 πτός
1080 2832 1120 2858 τε,
1136 2824 1270 2859 quomodo
1281 2825 1308 2851 in
1330 2823 1399 2853 Fuk.
1416 2825 1509 2852 codice
1530 2823 1660 2853 scribitur
1687 2823 1792 2855 utrobi-

1000 2866 1063 2894 que.

1595 2942 1635 2973 33
