2001 3168
174 163 240 192 “97

423 219 618 246 ΚΕΦΑΛΑΙΟΝ
635 220 698 254 MC,“
702 239 709 246 .

174 280 233 307 Ὅτι
246 279 294 306 καὶ
306 278 362 312 τὴν
374 279 521 312 ἕκρρασιν
544 278 596 306 τοῦ
612 279 774 313 μαρτυρίου
795 278 847 305 τοῦ
861 278 954 312 Σωτῆ-

203 324 267 349 ρος.
285 315 333 340 ναὶ
349 312 748 348 τριακονταετηρικὼενεῖπεν
765 314 892 347 ὓστερον
907 314 952 340 ἐπ’

206 348 300 377 αὑτοῦ
309 349 545 376 Κωνσταντίνου.

207 413 270 447 oio;
283 415 304 441 δ’
321 416 335 441 ὁ
351 414 396 441 τοῦ
414 415 538 451 Σωτῆρος
559 415 636 448 νεὼς,
653 413 707 442 οἷον
720 415 750 442 τὺ
763 416 896 451 σωτήριον
911 415 954 442 ἄν·

173 470 245 497 τρον,
260 459 313 487 οἷαί
324 470 352 488 τε
365 461 391 487 αἱ
410 461 540 495 βασιλέως
554 461 715 495 φιλοκαλίαι,
733 460 912 496 ἀναθημάτων
925 469 954 486 τε

174 508 261 544 πλήθη
276 507 330 541 (18)
345 508 373 533 ἐν
384 508 476 543 χρυσῴ
485 516 513 533 τε
528 508 573 534 καὶ
586 507 696 543 ἀργύρῳ
705 508 751 533 καὶ
761 507 845 538 λίθοις
855 506 954 541 τιμίοις

174 553 372 588 πεποιημένων,
391 552 460 579 κατὰ
476 552 587 588 δύναμιν
604 554 632 579 ὲν
645 552 736 587 οἰκείῳ
761 553 954 587 συγγράμματι

174 598 349 634 παραδόντες,
369 598 442 634 αὐτῷ
463 597 563 632 βασιλΞί
580 598 845 633 προσεφωνήσαμεν·
871 597 899 624 ὃν
922 597 954 632 δὴ

174 644 250 678 λόγον
266 644 334 671 κατὰ
354 645 457 680 καιρὸν,
477 645 544 679 μετὰ
555 645 604 680 τὴν
619 644 757 680 παροῦσαν
775 644 825 679 τῆς
847 644 954 679 γραφῆς

173 691 299 717 ὑπόθεσιν
315 691 369 726 (19)
387 690 567 726 ἐκθησόμεθα,
582 690 649 725 ὁμοῦ
666 691 712 717 καὶ
726 690 770 717 τὸν
782 698 956 725 τριακονταε-

173 738 284 773 τηρικὺν
296 737 369 772 αὐτῷ
386 737 587 771 συζευγνὺντες,
611 737 640 763 ὃν
664 737 760 772 μικρὸν
783 737 893 772 ὕστερον
910 737 955 762 ἐπὶ

173 783 222 817 τῆς
238 782 367 817 βασιλέως
381 783 524 817 ἐπωνύμου
539 783 640 814 πόλεως
662 783 709 817 τὴν
726 782 836 817 πορείαν
852 782 956 808 στειλά-

176 837 260 864 μενοι,
282 829 321 860 εἰς
337 829 452 864 ἐπήκοον
466 829 546 855 αὑτοῦ
562 829 691 863 βασιλέως
704 828 860 864 διήλθομεν,
878 827 956 854 τοῦτο

175 874 296 909 δεύτερον
308 876 336 901 ἐν
351 865 440 906 αὐτοῖς
448 875 590 909 βασιλείοις
604 875 658 909 (20)
672 875 717 902 τὸν
734 874 780 900 ἐπὶ
794 874 901 901 πάντων
913 874 956 908 βα-

176 920 249 948 σιλέα
271 921 336 947 Θεὸν
351 921 522 953 δοξάσαντες·
547 918 576 948 οὗ
599 922 630 956 δὴ
649 920 871 957 κατακροώμενος
892 919 905 945 ὁ
920 919 958 954 τῷ

174 967 233 1002 Θεῷ
244 968 328 1002 φίλος,
341 967 498 1003 γαννυμένῳ
514 968 604 1002 ὲῲκει,
618 966 701 994 Τοῦτο
717 966 738 992 δ’
755 964 800 992 οὖν
815 965 880 992 αὐτὸ
891 961 958 1000 μετὰ

175 1015 224 1050 τὴν
252 1014 382 1050 ἀκρόασιν
405 1014 528 1049 ἐξέφηνε,
556 1013 746 1049 συμποσιάζων
777 1012 825 1048 μὲν
842 1011 957 1047 παροῦσι

175 1063 230 1092 τοῖς
241 1061 409 1092 ἐπισκόποις,
428 1061 540 1097 παντοίᾳ
556 1061 578 1088 τ’
596 1061 691 1092 αὐτοὺς
704 1061 769 1096 τιμῇ
785 1059 959 1094 φιλοφρονού-

177 1115 266 1142 μενος.

430 1205 624 1232 ΚΕΦΔΛΑΙΟΝ
640 1206 706 1232 MZ'.

177 1270 209 1297 '0
213 1279 238 1297 τι

211 1306 248 1332 τὰ
259 1306 392 1341 ἐνκαίνια
406 1304 439 1330 δὲ
449 1305 483 1331 ἐν
499 1306 711 1341 Ἰεροσολύμοις
728 1306 764 1340 τῇ
775 1304 959 1341 τριακονὶταε·

213 1340 308 1375 τηριδι
324 1341 550 1367 Κωνσταντίνσυ
567 1340 677 1375 γέγονε.

212 1419 319 1455 Ταύτην
335 1420 464 1455 μεγίστην
476 1417 512 1446 ὧν
527 1420 614 1456 ἴσμεν,
631 1420 737 1447 σύνοδον
753 1421 880 1456 δευτέραν
896 1430 954 1448 συνι

177 1467 283 1502 εκρότει
306 1466 430 1501 βασιλεὺς
452 1467 479 1492 ἐν
494 1467 583 1498 αὐτοῖς
606 1467 809 1502 Ἰεροσολύμοις,
825 1467 893 1502 μετὰ
911 1467 960 1503 τὴν

179 1512 289 1548 πρώτην
314 1512 429 1547 ἐκείνην,
448 1512 480 1547 ἣν
495 1513 541 1538 ἐπὶ
556 1513 604 1547 τῆς
620 1512 738 1539 Βιθυνῶν
754 1512 888 1547 διαφανῶς
904 1513 958 1548 (21)

178 1558 308 1592 πεποίητο
320 1557 432 1589 πόλεως.
450 1557 518 1584 Ἀλλ’
538 1558 555 1593 ἡ
573 1558 621 1592 μὲν
638 1557 769 1589 ὲπινίκιος
784 1556 828 1593 ἦν,
847 1559 875 1585 ἐν
890 1560 960 1585 εἰκο-

178 1604 315 1639 σαετηρίδι
341 1604 389 1639 τῆς
418 1603 564 1638 βασιλείας,
589 1604 637 1639 τὴν
659 1605 718 1630 κατ’
733 1604 836 1640 ἐχθρῶν
855 1605 901 1631 καὶ
914 1613 961 1631 πο-

178 1649 277 1685 λεμίων
289 1649 369 1685 εὐχὴν
385 1649 430 1675 ἐπὶ
443 1649 492 1684 τῆς
508 1649 623 1680 Νικαίας
637 1649 690 1683 (2‘2)
703 1650 787 1685 αὐτῆς
799 1649 943 1676 ἐκτελοῦσα
952 1658 959 1666 ·

178 1696 195 1730 ἡ
209 1695 236 1721 δὲ
250 1694 299 1730 τῆς
314 1695 406 1729 τρίτης
429 1694 538 1725 δεκάδος
563 1693 612 1729 τὴν
633 1694 755 1730 περίοδον
781 1694 901 1729 ἐκόσμει,
923 1694 961 1730 τῷ

179 1741 286 1768 πάντων
306 1740 414 1775 ἀγαθῶν
431 1740 522 1776 δοτῆρι
536 1740 604 1776 Θεῷ,
623 1740 693 1776 ἀμφὶ
709 1740 739 1766 τὺ
755 1740 848 1775 μνῆμα
866 1740 896 1766 τὸ
910 1749 961 1768 σωσ

179 1788 282 1822 τήριον,
300 1787 411 1823 εἰρήνης
423 1787 549 1822 ἀνάθημα
559 1787 589 1813 τὸ
604 1786 751 1822 μαρτύριον
765 1783 819 1822 (25)
831 1787 961 1822 βασιλέως

180 1832 363 1869 ἀφιεροῦντος.

181 1965 363 1999 agebaturque
379 1963 436 1991 litec
450 1964 582 1992 festivitas
596 1964 740 1998 quotannis
757 1972 805 1998 per
818 1964 961 1993 continuos

181 2006 243 2026 oelo
255 2000 323 2026 dies.
341 1999 379 2025 Ex
393 1999 436 2025 liis
453 2000 646 2034 corrigendum
663 2005 704 2026 est
731 1999 880 2027 Chronicon
897 2000 958 2027 Ale-

181 2035 352 2064 .rundrinum,
370 2035 395 2060 in
407 2041 459 2067 quo
473 2042 549 2061 error
563 2041 604 2061 est
621 2040 676 2062 tam
702 2035 731 2062 in
758 2035 802 2061 die
827 2042 907 2069 quam
932 2036 960 2062 in

181 2069 292 2096 consule
309 2076 362 2103 quo
380 2069 436 2095 lucc
447 2075 520 2103 gesta
536 2076 608 2096 sunt.

218 2103 274 2139 (l8)
292 2103 497 2138 Ἀναθημάτων
507 2113 538 2131 τε
548 2105 659 2138 πλήθη.
672 2105 746 2132 Inter
759 2104 861 2139 reliqua
875 2105 960 2132 dona-

181 2139 222 2166 ria
239 2146 298 2175 quae
312 2139 505 2175 Constantinus
523 2141 595 2167 dedit
615 2141 732 2167 basilicae
764 2139 960 2175 Hierosolymi-

182 2179 263 2202 taute.
282 2174 332 2200 fuit
353 2173 422 2208 palla
439 2175 615 2201 sacerdotalis
639 2176 730 2202 aureis
748 2175 801 2202 iilis
820 2173 958 2207 contexta,

182 2217 235 2243 qua
250 2211 390 2243 episcopus
403 2209 428 2235 in
443 2210 527 2236 sacris
542 2211 683 2237 missarum
709 2209 874 2237 solemnibus
899 2215 958 2237 ute-

713 161 756 189 DE
777 160 855 190 VITA
873 159 1104 189 CONSTANTINI
1124 160 1186 187 LIB.
1210 160 1254 187 IV.

969 223 990 251 Α

265 1271 282 1311 ᾖ
295 1270 352 1311 per
372 1269 525 1311 érhl‘thtatzgt
537 1271 667 1311 σύνοδος
681 1270 719 1305 τῇ
732 1272 957 1311 εζκοσαετηρίδι,
975 1282 981 1290 θ

1716 160 1784 189 H98

1283 220 1395 249 CAPUT
1418 219 1508 247 XLV].

1007 275 1081 308 Quod
1116 277 1311 310 descriptionem
1361 278 1480 312 martyrii
1517 281 1540 304 et
1577 276 1720 303 orationem
1754 276 1786 303 de

1041 312 1239 343 trirennalibus.
1258 320 1345 338 coram
1361 313 1416 346 ipso
1435 315 1592 347 imperatore
1612 317 1701 346 pauca
1717 320 1785 339 recr-

1041 348 1114 373 [αι-ἔτ.

1040 413 1170 440 Cteterum
1187 412 1274 446 qualis
1292 412 1378 440 l‘orma
1391 413 1511 440 basilica:
1525 413 1679 441 Servatoris
1690 436 1697 446 ,
1717 420 1786 449 qua-

1007 457 1040 486 lis
1057 465 1141 485 sacrte
1159 457 1295 492 spelunca:
1316 458 1419 491 species
1440 458 1490 490 sit,
1512 464 1614 493 quanta
1631 459 1722 492 operis
1743 466 1787 486 ve-

1007 509 1100 532 nustas
1116 509 1142 531 et
1155 504 1306 539 elegantia,
1324 508 1390 538 quot
1417 503 1534 535 denique
1553 504 1664 531 donaria
1688 506 1787 539 partim

1006 558 1039 578 ex
1056 558 1122 577 auro
1141 554 1168 577 et
1184 555 1309 584 argento.
1324 549 1421 584 partim
1439 557 1472 576 ex
1492 550 1605 584 gemmis
1627 550 1784 582 fabrefacta,

1007 595 1136 630 peculiari
1156 602 1237 629 opere
1252 595 1389 627 exsecuti,
1409 594 1505 622 librum
1534 595 1605 622 illum
1629 596 1786 630 imperatori

1008 640 1229 673 nuncupavimus.
1247 640 1331 673 Quem
1348 639 1428 675 550
1443 640 1551 675 quidem
1573 641 1669 667 librum
1688 648 1787 676 oppor-

1009 691 1072 712 tune
1095 686 1127 712 ad
1145 685 1246 712 calcem
1274 686 1352 721 hujus
1373 687 1462 721 operis
1482 686 1582 713 edituri
1610 694 1720 720 sumus,
1743 688 1788 714 ad-

1004 732 1097 766 juncta
1114 732 1196 759 etiam
1218 732 1342 758 oratione
1363 731 1408 758 illa
1429 732 1462 758 de
1482 731 1683 764 tricennalibus,
1706 738 1787 765 quam
1814 753 1824 757 -

1009 779 1087 813 paulo
1104 783 1163 812 post
1185 778 1299 812 proiecti
1321 777 1591 812 Constantinopolim,
1616 785 1706 805 coram
1730 778 1788 812 ipso

1009 825 1170 859 imperatore
1195 823 1388 854 reeitavimus.
1412 824 1531 850 secundo
1556 827 1611 850 lum
1636 823 1663 850 in
1689 823 1789 858 palatio

1009 877 1144 897 summum
1157 869 1277 896 omniutn
1290 870 1372 896 Deum
1385 877 1416 896 ac
1430 869 1570 896 Dominum
1584 869 1709 896 laudibus
1720 876 1789 903 pra:-

976 905 994 931 Β
1009 915 1143 943 dicantes.
1158 914 1243 948 Quam
1261 922 1322 942 cum
1352 915 1460 941 audiret
1482 914 1535 941 Deo
1556 914 1680 942 amabilis
1701 914 1788 948 impe-

1010 966 1096 994 rator,
1119 961 1220 995 gestire
1236 968 1291 995 prae
1306 960 1403 995 gaudio
1421 960 1572 987 videbatur.
1593 962 1680 995 Atque
1693 960 1718 988 id
1731 960 1790 995 ipse

1009 1007 1085 1033 finita
1103 1007 1226 1033 oratione
1249 1006 1389 1033 confessus
1411 1010 1465 1038 est,
1497 1014 1557 1035 cum
1579 1007 1720 1042 episcopos
1741 1006 1789 1042 qui

1008 1052 1122 1079 aderant
1144 1051 1268 1078 convivio
1293 1051 1440 1086 exciperet,
1463 1051 1591 1086 omnique
1619 1058 1667 1079 eos
1691 1058 1791 1086 genere

1008 1096 1117 1124 honoris
1131 1095 1260 1123 alliceret.

1280 1205 1394 1233 CAPUT
1417 1205 1519 1233 XLVII.

1009 1264 1086 1306 Quod
1099 1271 1208 1299 Nirama
1224 1272 1326 1306 quidem
1346 1273 1460 1307 synodus
1472 1272 1648 1307 ricennalibur
1661 1271 1791 1300 Comtan-

1045 1308 1103 1338 tini,
1119 1308 1249 1342 dedicatio
1266 1315 1324 1334 vero
1341 1306 1454 1334 basilica:
1465 1306 1714 1342 llieroaolymitana:
1727 1316 1790 1335 con-

1044 1342 1102 1376 tigit
1121 1341 1317 1369 tricennalibus.

1045 1419 1119 1447 Hanc
1137 1420 1283 1447 secundant.
1307 1421 1449 1452 svnodutu,
1464 1422 1586 1448 omnium
1601 1429 1668 1456 quas
1682 1421 1789 1456 quidem

1011 1465 1134 1492 novimus
1156 1466 1313 1498 maximam,
1335 1466 1481 1500 imperator
1507 1465 1701 1502 Hierosolymis
1725 1474 1792 1495 cou-

1010 1511 1140 1546 gregavit,
1156 1515 1216 1545 post
1230 1512 1344 1546 primam
1362 1512 1434 1539 illam
1450 1519 1531 1546 quam
1556 1513 1583 1540 in
1608 1514 1674 1540 urbe
1697 1513 1792 1549 Bithy-

974 1570 995 1600 ρ
1014 1558 1064 1584 uiae
1080 1557 1246 1585 nobilissima
1267 1558 1424 1592 collegerat.
1440 1558 1493 1586 Sed
1506 1559 1550 1585 illa
1568 1560 1675 1593 quidem
1693 1561 1793 1587 trium-

1014 1602 1101 1634 phalis
1115 1607 1190 1635 erat,
1210 1602 1237 1629 in
1251 1603 1357 1637 imperii
1373 1603 1558 1631 vicennalibus
1573 1611 1669 1638 preces
1684 1611 1715 1631 ac
1730 1610 1792 1632 vola

1013 1655 1060 1681 pro
1082 1647 1198 1674 victoria
1225 1648 1259 1675 de
1288 1648 1412 1675 hostibus
1432 1653 1519 1683 parta,
1542 1649 1569 1676 in
1591 1650 1657 1676 urbe
1674 1650 1793 1678 victoria:

1012 1695 1172 1729 cognomine
1187 1694 1360 1729 persolvens;
1385 1693 1441 1722 lucc
1457 1702 1522 1722 vero
1544 1695 1733 1724 tricennalium
1750 1696 1789 1724 fe-

1012 1740 1157 1767 stivitatem
1183 1740 1309 1773 ornavit,
1335 1747 1396 1766 cum
1423 1740 1570 1775 imperator
1593 1741 1647 1768 Deo
1671 1742 1793 1769 omnium

1012 1785 1143 1813 bonorum
1167 1785 1284 1817 auctori,
1305 1785 1479 1820 martyrium,
1497 1785 1569 1812 velut
1584 1786 1720 1820 quoddam
1743 1794 1792 1820 pa—

1011 1831 1051 1859 cis
1078 1832 1231 1864 donarium,
1261 1832 1287 1858 iu
1318 1832 1376 1867 ipso
1398 1831 1553 1860 Servatoris
1581 1833 1667 1861 nostri
1697 1841 1794 1860 monu-

1012 1881 1102 1905 mento
1119 1878 1266 1905 dedicaret.

1046 1965 1101 2000 (‘22)
1110 1965 1188 2000 Vulg.
1195 1964 1290 2000 εὐχὴν
1296 1964 1350 1998 τῆς
1362 1965 1494 1999 Νικαίας.
1505 1966 1794 2000 Amplectoremenda-

1012 2001 1111 2028 tionem
1122 2001 1261 2027 doctorum
1271 2001 1401 2031 virorum.
1412 2008 1491 2035 quam
1500 2001 1525 2027 iu
1535 2001 1623 2029 Μοτωὶ
1633 2003 1714 2030 etiam
1726 2003 1794 2031 libro

1010 2036 1153 2070 aseriptam
1169 2035 1257 2062 inveni
1272 2044 1279 2062 :
1292 2035 1374 2071 ρὺχὴν
1390 2036 1435 2062 ἐπὶ
1451 2036 1501 2070 τῆς
1517 2036 1644 2068 Νικαίας.
1666 2037 1794 2066 Libenter

1011 2076 1099 2098 tamen
1122 2071 1201 2097 aliam
1216 2073 1323 2104 cinoque
1339 2078 1430 2098 vocem
1457 2071 1604 2098 addiderint:
1620 2073 1671 2100 hoc
1691 2075 1792 2102 modo:

1011 2106 1090 2144 εὐχὴν
1101 2105 1256 2144 νικητήριον
1269 2105 1314 2132 ἐπὶ
1326 2105 1375 2140 τῆς
1386 2105 1502 2144 Νικαίας
1517 2126 1523 2137 ,
1540 2111 1593 2144 etc.
1607 2106 1794 2144 forroet‘ixttv

1010 2140 1255 2175 uoto'interpretari
1275 2145 1392 2174 oportet.
1405 2140 1505 2167 Alludit.
1517 2141 1588 2167 enim
1606 2140 1793 2171 Euseltiits"ad

1010 2184 1112 2204 morem
1125 2174 1318 2207 Romanorum,
1335 2175 1379 2209 qui
1393 2177 1418 2201 in
1437 2174 1588 2209 hujusmodi
1615 2177 1794 2206 solemnitati-

1012 2211 1061 2239 bus
1071 2216 1132 2239 vota
1147 2218 1194 2244 pro
1208 2211 1295 2246 salute
1308 2218 1340 2237 ac
1353 2210 1484 2246 felicitate
1506 2211 1638 2245 principis
1652 2213 1790 2246 concipie-

181 2244 422 2282 batur,_nt_relcrt
450 2243 628 2282 'l‘heodoritus
653 2245 681 2272 in
711 2244 758 2272 lib.
783 2253 802 2272 tt
832 2243 959 2272 Historia:
975 2253 997 2282 ι)
1011 2247 1086 2279 bant,
1106 2250 1134 2272 ut
1147 2243 1179 2273 ex
1188 2245 1310 2282 epistola
1322 2246 1401 2282 Plinii
1417 2244 1451 2273 ad
1463 2243 1610 2282 Trajanum
1626 2246 1721 2281 liquet.
1732 2243 1794 2275 'Sed

184 2278 386 2309 Ecclesiasticw,
403 2286 462 2313 Cap.
474 2280 519 2306 25.

219 2313 273 2347 (19)
287 2314 366 2340 Μετὰ
390 2313 448 2347 τὴν
464 2314 653 2348 παροῦσαν...
679 2314 834 2346 ὑπόθεσιν,
858 2314 883 2342 id
908 2319 958 2345 est,

182 2349 216 2375 ad
229 2349 326 2375 calcem
344 2349 421 2383 hujus
434 2350 529 2383 operis.
543 2349 610 2376 Male
623 2352 755 2383 interpres
770 2352 867 2376 vertit:
883 2348 959 2381 Quod

182 2385 262 2410 etiam
279 2393 336 2410 cum
354 2384 481 2410 videbitur
495 2389 519 2411 et
533 2385 649 2411 absoluta
666 2392 742 2418 opere
767 2385 882 2412 edemus.
906 2383 960 2411 Ve-

183 2427 241 2445 rutn
263 2420 510 2453 interpretationem
528 2426 646 2446 nostram
661 2421 804 2446 conﬁrmat
825 2420 881 2454 ipse
909 2419 961 2446 Eu~

182 2455 274 2481 sebius
287 2454 311 2479 iu
333 2462 393 2487 cap.
410 2454 444 2480 3‘2
459 2454 537 2488 hujus
551 2455 622 2482 libri.

218 2488 273 2523 (20)
289 2489 378 2515 Τοῦτο
394 2488 533 2522 δεύτερον
544 2490 578 2515 ὲν
597 2489 698 2522 αὐτοῖς
709 2489 888 2522 βασιλείοις.
901 2489 960 2517 1am

182 2524 253 2550 enim
271 2529 349 2559 antea
372 2524 504 2550 Eusebius
518 2525 543 2551 iu
561 2525 661 2559 palatio
683 2525 831 2552 orationem
859 2525 961 2552 habueo

184 2563 235 2595 rat.
256 2565 285 2584 ut
299 2558 356 2592 ipse
374 2563 489 2586 testatur
499 2558 580 2594 supra
599 2560 686 2594 capite
698 2560 743 2592 55,
758 2559 802 2587 ubi
826 2559 888 2588 vide
900 2567 961 2594 qum

183 2595 384 2620 adnotavimus.

218 2627 273 2663 (2t)
295 2628 359 2654 Ἐπὶ
372 2627 426 2661 τῆς
440 2628 574 2656 Βιθυνῶν
591 2629 750 2663 διαφανῶς.
764 2629 870 2657 Mallem
892 2630 961 2657 scri-

183 2664 246 2691 bere
258 2663 412 2697 διαφανοῦς,
424 2671 504 2697 quam
521 2665 681 2698 scripturam
699 2665 726 2692 iu
738 2665 961 2698 interpretatione

184 2706 241 2725 mea
255 2705 314 2725 sum
331 2704 449 2734 secutus,
467 2706 515 2726 nec
533 2699 628 2726 dubito
653 2699 717 2733 quin
747 2700 878 2727 Eusebius
904 2701 961 2734 ipse

183 2735 218 2761 ita
235 2735 383 2766 scripserit.
401 2732 483 2759 Porro
504 2735 528 2760 in
547 2735 597 2761 hoc
615 2732 673 2762 loco
699 2736 819 2769 quadam
838 2740 879 2761 est
904 2732 962 2761 am-

184 2769 345 2803 pltibologia.
361 2769 477 2803 Possunt
495 2770 565 2796 enim
585 2771 663 2796 verba
681 2771 720 2797 sic
735 2771 855 2798 construi
875 2778 881 2796 :
897 2769 962 2796 ταύ-

184 2802 378 2842 τηνμμεγίστην
396 2802 522 2840 ὦνίσμεν
547 2804 653 2831 σύνοδον
680 2805 748 2840 μετὰ
776 2805 826 2842 τὴν
849 2804 962 2842 πρώτην

185 2839 301 2900 ξῖείνην.
318 2839 384 2873 etc),
401 2847 481 2877 quem
506 2847 616 2869 sensum
640 2839 747 2869 secutus
772 2839 814 2868 csl
839 2839 963 2869 Christo-

221 2881 344 2900 orsouus.

184 2878 344 2908 phorsouus.

1010 2287 1037 2309 et
1052 2282 1078 2308 in
1094 2281 1210 2308 nummis
1228 2281 1364 2308 veteribus
1379 2280 1509 2315 ejusmodi
1529 2285 1593 2317 vota
1612 2280 1796 2317 ita’expressa

1011 2317 1134 2351 legimus,
1161 2323 1239 2342 vorts
1266 2323 1312 2342 xx.
1334 2314 1433 2343 antris
1462 2322 1528 2341 xxx.
1550 2314 1580 2342 In
1613 2317 1674 2343 aliis
1700 2314 1795 2345 autem

1011 2353 1128 2378 nummis
1145 2351 1180 2377 ita
1198 2351 1379 2377 ltabelur:SIc
1395 2357 1423 2377 Χ.
1443 2357 1482 2377 stc
1496 2357 1543 2383 xx,
1557 2351 1582 2377 id
1603 2356 1656 2383 est,
1672 2353 1717 2380 Sic
1746 2353 1795 2380 de-

1011 2386 1148 2416 cennalia,
1165 2386 1204 2411 sic
1233 2385 1393 2412 vicenualia.
1425 2384 1453 2411 lu
1477 2385 1573 2412 codice
1597 2385 1665 2413 Fult.
1694 2387 1796 2415 diserto

1012 2421 1138 2449 scribitur
1145 2419 1227 2455 εὐχὴν
1239 2420 1285 2446 ἐπὶ
1297 2420 1346 2455 τῆς
1360 2419 1485 2451 Νικαίας.

1047 2456 1103 2491 (9.5)
1120 2455 1153 2482 Τὸ
1164 2454 1337 2489 μαρτύριον.
1352 2455 1380 2482 In
1400 2454 1511 2491 epistola
1527 2456 1716 2490 episcoporqu
1731 2463 1796 2491 syn—

1011 2490 1056 2520 odi
1087 2491 1353 2525 llierosolynntaute,
1390 2490 1436 2524 qui
1465 2490 1541 2522 jussu
1570 2490 1795 2518 Conslamini’ad

1012 2523 1295 2558 dedicatiouettﬂtttjtts
1311 2523 1429 2552 basilicae
1447 2530 1643 2557 convenerunt,
1655 2533 1735 2559 quam
1755 2534 1796 2553 re-

1012 2562 1065 2589 fert
1076 2560 1238 2595 Athanasius
1251 2560 1276 2586 iu
1295 2560 1472 2594 Apolayetico,
1485 2568 1512 2595 p.
1537 2560 1600 2590 801.
1614 2565 1730 2588 vocatur
1745 2569 1796 2587 σω-

1010 2597 1104 2632 τήρων
1124 2594 1281 2632 μαρτύριον.
1295 2595 1341 2622 Sic
1359 2597 1441 2622 etiam
1455 2594 1513 2621 eam
1525 2596 1644 2630 appellat
1659 2595 1795 2658 Hieron;-

1013 2641 1071 2658 tuus
1084 2632 1109 2657 in
1132 2631 1277 2658 Cltwnico:
1304 2630 1471 2657 Sozomenns
1488 2631 1514 2656 iu
1534 2631 1580 2657 lib.
1594 2639 1625 2658 ιι.
1657 2638 1718 2658 can.
1745 2631 1763 2658 εἰ
1786 2639 1795 2658 :

1013 2630 1071 2658 tutis
1084 2632 1109 2657 in
1125 2630 1277 2661 'Cltwnico;
1304 2630 1471 2665 Sozomenns
1488 2631 1514 2656 iu
1534 2631 1580 2657 lib.
1594 2639 1625 2662 ιι,
1657 2638 1718 2665 cap.
1745 2630 1795 2663 ‘25;

1012 2667 1118 2693 Marcus
1132 2667 1157 2692 in
1178 2665 1237 2691 Vita
1263 2665 1404 2699 Porphyrii
1419 2663 1546 2692 Gazensis
1568 2663 1731 2700 θρίδεομὶξεῑ
1747 2666 1798 2693 Eu-

1012 2703 1120 2728 cherius
1135 2702 1160 2727 in
1177 2700 1266 2727 libello
1291 2700 1330 2727 De
1350 2701 1404 2726 situ
1431 2701 1507 2736 urbi:
1535 2700 1793 2736 llierosolymitanc.

1013 2736 1079 2763 Vide
1091 2736 1229 2770 epistolam
1243 2739 1366 2771 nostram
1378 2736 1410 2762 de
1423 2735 1560 2771 Auastasi,
1579 2736 1604 2762 in
1621 2735 1672 2771 qua
1699 2738 1797 2763 adver-

1013 2779 1058 2798 sus
1068 2771 1125 2798 Jac.
1142 2771 1299 2798 Gretserum
1313 2775 1339 2797 et
1353 2770 1413 2797 Jac.
1426 2770 1601 2798 Sirmondum
1621 2772 1678 2798 l'use
1700 2773 1797 2806 proha-

1012 2807 1113 2839 viums,
1140 2813 1221 2833 uuam
1248 2806 1379 2833 duntaxat
1405 2806 1544 2833 basilicam
1573 2815 1587 2834 a
1618 2806 1798 2837 Constantino

1013 2846 1179 2872 exstructam
1191 2847 1267 2876 esse,
1279 2849 1340 2877 qua:
1360 2841 1517 2878 Martyrium
1532 2847 1558 2869 et
1568 2842 1711 2872 Anastasis
1727 2843 1796 2871 dicta

1013 2882 1065 2904 est.
1351 2889 1354 2898 ‘~
