2001 3168
226 147 297 176 H99

488 203 601 232 CAPUT
620 202 735 231 XLVIII.

223 251 359 285 Quomodo
373 250 528 277 immodicas
543 250 681 284 cujusdam
707 249 798 276 laudes
816 257 885 285 (egre
906 249 1006 277 tulerit.

259 328 308 357 His
323 328 448 356 omnibus
472 327 617 361 confectis,
642 335 705 355 cum
726 326 901 362 imperatoris
923 327 1009 354 virtus

221 379 382 402 cunctorum
411 373 585 401 sermonibus
604 373 813 408 praedicaretur,
839 372 948 408 quidam
974 379 1008 399 ex

222 427 337 447 numero
354 419 539 452 sacerdotum,
557 418 632 446 illum
649 426 744 445 coram
761 418 872 445 beatum
891 425 1009 453 pronun-

222 463 294 490 tiare
309 471 363 490 non
381 467 422 490 est
435 463 556 492 veritus:
580 462 679 497 quippe
699 462 744 497 qui
762 467 818 489 tum
837 462 864 489 in
886 463 937 490 hac
954 463 1008 490 vita

220 515 356 535 summum
379 509 461 535 totius
479 508 555 535 orbis
578 507 693 536 Romani
715 508 857 543 imperium
880 509 1008 544 consequi

222 555 385 586 meruisset;
405 559 460 581 tum
480 555 507 582 in
523 555 614 582 I'uturo
632 561 690 582 arvo
712 561 766 581 una
789 561 851 581 cum
877 554 945 582 Filio
962 555 1008 583 Dei

220 605 294 629 esset
308 605 485 636 regnaturus.
500 601 534 627 At
552 599 597 627 ille
613 599 766 634 huiusmodi
782 609 863 629 voces
877 608 948 637 mgre
961 601 1009 628 ad-

222 648 330 674 modum
350 654 456 681 passus,
483 647 620 674 hominem
637 647 791 680 admonuit,
807 654 842 675 ne
862 647 904 675 his
917 647 1009 674 verbis

221 693 259 720 uti
277 697 469 727 praesumeret;
487 692 536 720 sed
553 692 644 727 potius
662 692 774 727 supplex
797 693 853 720 Deo
878 697 941 720 vota
967 691 1009 719 fa-

221 743 307 770 ceret,
332 743 360 766 ut
380 744 435 765 tam
456 739 483 766 in
506 738 558 766 hac
578 746 660 774 quam
687 739 714 767 in
737 739 828 767 futura
853 739 921 773 vita,
944 746 1009 767 cenv

227 786 280 814 seri
298 786 368 813 inter
390 785 506 813 famulos
527 785 575 813 Dei
594 791 755 814 mereretur.

449 877 526 913 551
552 877 666 906 CAPUT
688 877 781 906 xux.

331 922 436 959 Nuptite
453 922 601 951 Constantii
619 923 746 958 Cmsaris,
763 923 821 959 ejus
835 923 898 958 filii.

254 970 384 999 Absolqu
400 970 454 1005 jam
481 970 620 998 tricesimo
651 971 759 1006 imperii
781 978 869 1003 anno,
895 970 1008 997 secundi

220 1015 270 1044 IIIii
287 1015 397 1049 nuptias
417 1015 583 1048 celebravit,
602 1023 666 1043 cum
679 1015 792 1050 majoris
809 1018 873 1042 natu
898 1015 1008 1049 nuptias

220 1061 321 1089 dudum
345 1066 426 1089 antea
443 1060 647 1088 celebravisset.
668 1060 752 1096 Epula
772 1060 853 1095 igitur
873 1065 900 1088 et
915 1060 1009 1088 convi-

219 1108 263 1135 via
280 1107 488 1143 praebebantur,
507 1107 671 1141 imperatore
693 1107 753 1142 ipso
775 1107 859 1134 lilium
879 1114 1007 1142 sponsum

219 1153 389 1185 deducente,
413 1157 441 1180 et
463 1153 608 1188 magniﬁco
630 1159 760 1188 apparatu
785 1161 907 1182 seorsum
931 1153 1002 1181 viroo

220 1206 294 1232 rum,
321 1207 445 1227 seorsum
464 1199 609 1227 mulierum
636 1204 736 1228 coetum
764 1199 927 1234 excipiente.
954 1199 1008 1227 Sed

219 1249 246 1272 et
274 1252 385 1273 munera
413 1245 634 1281 splendidissima
659 1246 818 1274 civitatibus
841 1254 873 1274 ac
901 1247 1007 1281 populis
1032 1279 1034 1282 ι

220 1290 317 1319 divisa.

526 1380 641 1409 CAPUT
665 1381 698 1410 L.

345 1426 451 1462 Legatio
467 1431 491 1455 et
515 1435 624 1454 munera
643 1427 675 1454 ab
692 1427 769 1455 Indis
789 1428 881 1455 missa.

259 1473 361 1501 Eodem
380 1479 501 1509 tempore
513 1474 640 1501 Indorum
655 1474 700 1509 qui
715 1475 748 1501 ad
769 1475 903 1502 orientem
922 1474 1007 1502 solem

221 1520 351 1550 incolunt.
371 1520 452 1555 legati
471 1521 619 1553 advenere,
642 1520 712 1547 dona
741 1520 902 1549 aﬂ‘erentes:
920 1522 1008 1548 varias

578 145 713 174 EUSEBII
732 144 972 174 CIESARIENSIS
991 143 1067 172 OPP.
1087 141 1177 169 PARS
1197 141 1214 168 I,
1238 157 1272 162 —
1292 138 1485 168 IIISTORICA.

1780 136 1853 164 1200

1320 195 1517 225 ΚΕΦΑΛΑῘΟΝ
1533 195 1602 222 ΜΗ’.

1062 250 1166 281 Ὅπως,
1187 249 1266 279 τινὸς
1285 246 1366 284 ἄταις
1383 243 1596 284 ἐπαινοῦῖτος,
1621 242 1676 269 οὐκ
1703 242 1854 277 ἠνέσχετο

1340 282 1578 311 Κωνσταντῐνος.

1094 329 1149 357 Καὶ
1165 328 1196 364 δὴ
1215 328 1316 355 τούτων
1332 322 1459 354 ἁπάντων
1472 325 1527 359 (24)
1551 324 1779 360 συντελουμένων,
1800 324 1855 351 ἀνὰ

1061 376 1147 411 στόμα
1158 384 1188 401 τε
1202 374 1276 410 παρὰ
1289 374 1354 400 πᾶσι
1369 372 1423 399 τῶν
1437 372 1487 407 τῆς
1498 370 1579 398 αὑτοῦ
1594 371 1664 398 κατὰ
1673 371 1738 398 Θεὸν
1752 371 1856 406 ἀρέτης

1062 422 1215 458 βοωμένων,
1230 420 1284 447 τῶν
1305 419 1351 446 τοῦ
1367 418 1435 445 Θεοῦ
1449 417 1614 453 λειτουργῶν
1638 426 1680 450 τις
1698 417 1856 453 ἀποτολμή-

1061 477 1121 499 σας,
1150 468 1190 499 εἰς
1222 467 1304 495 αὑτοῦ
1336 467 1480 502 πρόσωπον
1513 466 1645 502 μακάριον
1673 465 1753 491 αὐτὸν
1784 463 1856 491 ἀπέ-

1061 522 1162 549 φηνεν,
1191 513 1232 540 ὅτι
1258 512 1290 547 δὴ
1320 513 1370 538 κάν
1398 511 1437 546 τῷ
1471 510 1584 546 παρόντι
1621 510 1669 545 βίῳ
1703 510 1751 545 τῆς
1782 509 1856 537 κατὰ

1060 561 1168 587 πάντων
1193 558 1429 595 αὐτοκρατορικῆς
1458 556 1595 592 βασιλείας
1622 555 1771 591 ἠξιωμένος
1798 555 1855 590 εἴη,

1059 607 1111 633 κάν
1143 605 1181 641 τῷ
1217 605 1339 641 μέλλοντι
1368 602 1576 639 συμϐασιλεύειν
1611 602 1701 638 μέλλοι
1725 602 1763 637 τῷ
1794 601 1855 636 Υίῷ

1059 652 1105 679 τοῦ
1141 650 1224 679 Θεοῦ.
1263 651 1292 677 ’0
1317 650 1346 677 δὲ
1378 649 1506 685 ἀπεχθῶς
1533 650 1582 684 τῆς
1615 648 1705 684 φωνῆς
1735 647 1857 674 ὲπακού⁹

1060 706 1119 730 σας,
1149 696 1186 733 μὴ
1203 697 1315 724 τοιαῦτα
1330 695 1431 731 τολμᾷν
1456 695 1572 731 παρῄνει
1595 694 1771 729 φθέγγεσθαι,
1786 693 1857 730 μᾶλ-

1058 743 1102 770 λον
1128 743 1156 770 δὲ
1181 743 1214 770 δι’
1237 742 1320 778 εὐχῆς
1340 741 1473 768 αἰτεῖσθαι
1493 740 1577 776 αὐτῷ,
1605 741 1656 767 κάν
1669 739 1707 776 τῷ
1725 740 1851 776 παρόντι,

1058 788 1110 814 κάν
1133 787 1172 822 τῷ
1190 786 1323 822 μέλλοντι,
1341 787 1391 822 τῆς
1410 785 1456 813 τοῦ
1477 786 1543 813 Θεοῦ
1566 785 1688 818 δουλείας
1710 785 1784 818 ἄξιον
1801 794 1854 821 φα-

1058 835 1146 870 νῆναι.

1319 878 1516 906 ΚΕΦΑΛΑΙΟΝ
1531 878 1599 904 MO’.

1112 926 1137 952 Γ
1139 924 1206 960 oiij
1218 925 1428 952 Κωνστιιντίσυ
1442 924 1508 951 υἱοῦ
1522 924 1626 956 αὐτοῦ,
1639 925 1800 958 Καίσαρος.

1102 970 1209 1005 Ἐπειδὴ
1222 970 1250 997 δὲ
1266 970 1314 997 καὶ
1326 971 1340 996 ό
1352 970 1562 1005 τριακονταέτης
1573 969 1647 1005 αὺτῷ
1657 970 1706 1005 τῆς
1717 969 1857 1005 βασιλείας

1059 1015 1241 1052 διεπεραίνετο
1265 1017 1369 1052 χρόνος,
1388 1016 1427 1052 τῷ
1445 1016 1563 1052 δευτέρῳ
1582 1017 1636 1043 τῶν
1654 1016 1754 1043 παίδων
1778 1025 1856 1043 συνε-

1058 1062 1131 1089 τέλει
1147 1063 1263 1098 γάμους,
1277 1062 1458 1093 παλαιτάτους
1473 1070 1503 1087 τε
1519 1061 1588 1088 κάπὶ
1604 1061 1651 1088 τοῦ
1666 1062 1854 1098 πρεσϐυτέρου

1059 1108 1115 1144 (25)
1131 1107 1180 1143 τὴν
1197 1107 1306 1143 ἡλικίαν
1320 1106 1545 1143 διαπραξάμενος.
1562 1107 1658 1134 Θαλίαι
1672 1108 1704 1143 δὴ
1720 1108 1767 1134 καὶ
1782 1108 1856 1134 ἐστι·

1060 1154 1134 1186 άσεις
1150 1154 1257 1190 ἤγοντο,
1283 1152 1528 1189 νυμφοστολοῦντος
1553 1153 1634 1180 αὑτοῦ
1658 1153 1789 1189 βασιλέως
1807 1153 1854 1180 τὸν

1059 1201 1152 1235 παῖδα,
1178 1200 1322 1232 ἑστιῶντός
1339 1209 1368 1227 τε
1391 1199 1524 1236 λαμπρῶς
1544 1200 1591 1226 καὶ
1612 1199 1854 1234 συμποσιὰζοντος,

1058 1244 1109 1273 ὦδε
1134 1246 1183 1282 μὲν
1201 1246 1309 1282 ἀνδρῶν
1326 1245 1439 1278 θιάσοις,
1461 1245 1597 1280 γυναικῶν
1614 1245 1637 1272 δ’
1653 1246 1857 1281 ἀφωρισμένοις

1059 1292 1187 1328 ἀλλαχόθι
1201 1294 1291 1328 χοροῖς
1301 1301 1307 1308 ·
1325 1292 1458 1325 διαδόσεις
1472 1301 1503 1318 τε
1522 1291 1649 1318 πλούσιαι
1666 1292 1856 1327 χαρισμάτων,

1058 1339 1154 1375 δήμοις
1165 1340 1223 1375 ἅμα
1237 1340 1284 1367 καὶ
1298 1339 1406 1366 πόλεσιν
1424 1338 1584 1375 ἐδωροῦντο.

1335 1384 1532 1412 ΚΕΦΑΛΜΟΝ
1547 1385 1589 1410 Ν.

1252 1429 1351 1457 Ἰνδῶν
1370 1431 1511 1465 πρεσϐεία
1527 1430 1575 1457 καὶ
1589 1430 1677 1465 δῶρα.

1100 1475 1144 1501 Ἐν
1155 1474 1242 1510 τούτῳ
1259 1475 1286 1501 δὲ
1301 1475 1347 1502 καὶ
1361 1475 1449 1502 Ἰνδῶν
1461 1475 1516 1502 τῶν
1534 1476 1600 1512 πρὸς
1611 1477 1753 1512 ἀνίσχοντα
1766 1477 1854 1512 ἥλιον,

1060 1520 1189 1556 πρέςὸεις
1206 1520 1332 1556 ἀπήντων
1349 1520 1422 1556 δῶρα
1439 1520 1605 1556 κομίζοντες⁸
1619 1522 1684 1557 γένη
1698 1522 1720 1548 δ’
1734 1520 1769 1558 ἦν
1787 1531 1857 1548 παν-

220 1565 350 1592 videlicet
368 1572 491 1599 gemmas
505 1565 633 1600 exquisiti
650 1565 763 1600 fulgoris
781 1573 813 1592 ac
827 1565 919 1600 pretii;
936 1565 1008 1593 feras

1065 1568 1117 1593 τοῖα
1135 1566 1374 1602 ὲξαστραπτόντων
1393 1565 1546 1593 πολυτελῶν
1565 1566 1655 1598 λίθων,
1679 1566 1735 1598 ζῶά
1750 1575 1778 1593 τε
1801 1567 1856 1594 τῶν

220 1618 329 1646 quoque
351 1611 438 1639 forma
457 1616 538 1645 atque
560 1610 650 1638 indole
671 1610 779 1645 penitus
802 1617 817 1637 a
835 1611 937 1638 nostris
955 1610 1009 1639 dis-

221 1662 375 1692 crepantes.
398 1656 464 1690 Qum
484 1657 577 1684 omnia
597 1657 759 1690 imperatori
782 1656 947 1689 otIerentes,
972 1663 1010 1685 te-

221 1702 366 1730 stabantur
379 1703 412 1730 ad
433 1702 523 1737 ipsum
537 1709 623 1736 usque
639 1702 776 1730 Oceanum
794 1702 936 1738 imperium
951 1703 1009 1739 ejus

221 1749 349 1782 extendi,
372 1749 514 1784 gentisque
540 1748 666 1776 Indorum
686 1748 825 1784 principes
842 1756 875 1777 ac
889 1750 1008 1785 regulos,

223 1796 304 1830 pictis
331 1795 430 1823 tabulis
450 1800 478 1823 et
509 1795 608 1823 statuis
628 1794 654 1822 in
670 1795 802 1823 honorem
818 1794 876 1829 ejus
896 1795 1008 1829 erectis,

224 1842 416 1877 imperatorem
443 1848 475 1868 ac
496 1848 588 1875 regem
612 1847 642 1867 se
665 1839 740 1867 illum
759 1847 908 1875 agnoscere
927 1841 1009 1876 proli-

223 1888 283 1915 teri.
303 1888 342 1916 Ac
363 1889 389 1915 in
411 1887 470 1923 ipso
483 1887 593 1922 quidem
616 1886 787 1922 principatus
805 1887 864 1922 ejus
886 1888 1008 1920 exordio,

223 1934 302 1968 primi
323 1934 444 1961 omnium
461 1933 585 1962 Britanni
609 1932 643 1960 ad
661 1933 856 1960 occidentalem
877 1940 1008 1961 oceanum

223 1980 316 2015 positi,
340 1987 401 2008 sese
421 1980 496 2007 illius
521 1980 616 2007 ditioni
645 1978 834 2014 subjecerunt:
857 1987 929 2007 nunc
946 1987 1009 2007 vero

224 2026 281 2054 Indi
298 2027 332 2054 ad
356 2027 490 2054 orientem
515 2026 599 2054 solem
620 2025 791 2059 incolentes,
815 2026 887 2053 idem
906 2026 1007 2055 fecere.

526 2070 641 2099 CAPUT
658 2070 700 2097 LI.

222 2116 360 2151 Quomodo
378 2117 580 2148 Constantinus,
598 2116 682 2143 diuiso
696 2116 723 2143 in
739 2122 789 2144 tres
803 2116 872 2150 ﬁlios
888 2117 1008 2151 imperia,

258 2162 301 2181 eos
317 2158 341 2180 et
356 2153 484 2188 regnandi
502 2156 559 2179 arte
576 2157 600 2178 et
616 2151 723 2185 pietatis
738 2152 829 2187 oﬂiciis
846 2153 972 2179 instituit.

260 2199 328 2227 Cum
355 2199 438 2233 igitur
461 2203 610 2232 utrumque
643 2198 791 2226 terminum
825 2197 899 2226 orbis
925 2203 1010 2226 terra-

1062 1611 1125 1647 παρ’
1139 1611 1203 1647 ἡμῖν
1219 1611 1397 1646 ἐγνωσμένων
1412 1611 1606 1638 ὲναλλάττοντα
1617 1612 1665 1647 τὴν
1678 1611 1773 1646 φύσιν·
1792 1612 1809 1639 ἃ
1821 1612 1854 1649 δὴ

1062 1657 1198 1692 προσῆγον
1212 1657 1251 1693 τῷ
1264 1657 1376 1692 βασιλεῖ,
1386 1657 1435 1694 τὴν
1446 1659 1485 1690 εἰς
1500 1658 1581 1684 αὑτὸν
1599 1659 1724 1685 Ὠκεανὸν
1736 1658 1791 1694 (‘26)
1808 1658 1856 1695 δη-

1062 1703 1170 1737 λοῦντες
1182 1703 1263 1730 αὐτοῦ
1276 1704 1420 1740 κράτησιν,
1436 1704 1484 1731 καὶ
1499 1704 1536 1736 ὡς
1551 1705 1575 1731 οἱ
1590 1704 1640 1740 τῆς
1663 1705 1750 1731 Ἰνδῶν
1762 1705 1855 1740 χώρας

1063 1750 1258 1786 καθηγεμόνες,
1277 1750 1387 1777 εἰκόνων
1406 1752 1535 1786 γραφαῖς,
1557 1742 1722 1787 ἀνδριάντων
1735 1751 1759 1779 τ’
1772 1752 1856 1779 αὑτὸν

1062 1796 1217 1832 ἀναθήμασι
1231 1796 1374 1831 τιμῶντες,
1392 1797 1580 1833 αὐτοκράτορα
1597 1798 1643 1824 xui.
1660 1797 1770 1833 βασιλέα
1783 1807 1855 1833 γνω-

1064 1841 1148 1878 ρίζειν
1164 1842 1327 1877 ὡμολόγουν.
1351 1843 1506 1879 Ἀρχομένῳ
1519 1843 1568 1879 μὲν
1581 1843 1630 1879 τῆς
1648 1844 1784 1879 βασιλείας
1797 1844 1854 1881 (27)

1062 1888 1147 1922 αὐτῷ,
1158 1889 1182 1914 οἱ
1198 1888 1265 1923 πρὸς
1278 1888 1352 1923 ἥλιον
1365 1888 1478 1916 δύνοντα
1493 1889 1605 1925 ὠκεανῷ
1618 1890 1771 1925 Βρεττανοὶ,
1779 1891 1857 1927 πρῶ-

1061 1945 1102 1962 τοι
1116 1935 1359 1966 καθυπετάττοντο,
1383 1935 1430 1962 νῦν
1447 1936 1469 1963 δ’
1498 1936 1586 1963 Ἰνδῶν
1609 1937 1634 1962 ot
1661 1937 1711 1974 τὴν
1726 1938 1795 1974 πρὸς
1807 1939 1855 1965 ἁν-

1064 1982 1170 2017 ίοχοντα
1184 1981 1260 2017 ἣλιον
1276 1982 1414 2017 λαχόντες.

1320 2070 1518 2096 ΚΕΦΑΛΑΙΟΝ
1536 2070 1599 2097 NA'.

1064 2115 1229 2152 "oratricem";-
1240 2115 1338 2152 τρισὶν
1354 2115 1430 2152 υἱοῖς
1441 2117 1667 2150 Κωνσταντῖνος
1679 2117 1786 2144 διελὼν
1797 2117 1855 2152 τὴν

1097 2150 1205 2184 ἀρχὴν,
1224 2150 1259 2176 τὰ
1268 2151 1417 2182 βασιλικὰ
1428 2152 1492 2186 μετ’
1505 2153 1660 2185 εὐσεϐείας
1674 2152 1813 2187 διηγεῖτο.

1103 2196 1146 2228 Ὠς
1162 2194 1206 2223 οὖν
1220 2197 1358 2232 ἑκατέρων
1373 2198 1427 2225 τῶν
1439 2198 1531 2234 ἄκρων
1544 2199 1593 2234 τῆς
1615 2199 1678 2235 ὅλης
1691 2200 1854 2235 οἰκουμένης

223 2253 283 2272 rum
303 2247 353 2273 sub
377 2249 537 2280 potestatem
563 2253 640 2272 suam
668 2245 834 2281 redegisset,
857 2245 940 2273 totius
960 2245 1009 2272 im-

1065 2244 1181 2278 ἐκράτει,
1209 2242 1257 2278 τὴν
1281 2244 1426 2279 σύμπασαν
1450 2244 1500 2279 τῆς
1521 2244 1659 2280 βασιλείας
1681 2245 1768 2281 ἀρχὴν
1779 2247 1854 2281 τρισὶ

223 2291 290 2326 perii
319 2299 451 2319 summam
489 2291 563 2319 velut
588 2296 730 2327 paternam
755 2291 900 2324 quamdam
926 2290 1011 2318 haere-

258 2413 314 2450 (Ἠ)
329 2412 385 2440 Καὶ
400 2412 438 2447 δὴ
452 2413 564 2450 τούτων
574 2411 724 2450 ἁπάντων.
737 2411 804 2450 Tota
818 2411 875 2450 haec
883 2410 1010 2450 periodus

226 2445 311 2484 usque
325 2450 358 2476 ad
369 2445 461 2475 vocem
476 2448 620 2484 ριπέφηνεν
636 2467 644 2484 ,
659 2447 751 2484 deerat
770 2447 796 2473 in
816 2445 909 2484 codice
925 2446 1009 2484 Regio

223 2489 252 2511 et
268 2481 304 2511 'in
329 2484 447 2511 editione
474 2481 549 2510 Bob.
569 2481 725 2517 Stephani:
752 2488 832 2515 quam
859 2481 910 2508 viri
938 2481 1010 2508 docti

225 2519 317 2547 nescio
340 2524 432 2545 utrum
457 2526 489 2545 ex
516 2516 709 2552 manusériptis
738 2516 888 2547 codicibus.
914 2523 963 2552 an_
978 2524 1011 2552 ex

225 2554 379 2589 conjectura
395 2553 597 2588 suppleverunt.
616 2550 736 2579 Tandem
752 2559 816 2589 vero
834 2550 1010 2589 coden_F_‘uk.

227 2586 384 2619 nos'docuit.
399 2586 458 2616 hae
473 2589 543 2615 bona
555 2589 608 2615 title
624 2596 657 2615 ex
669 2586 861 2621 manuscriplis
875 2586 1012 2613 codicibus

225 2625 308 2652 fuisse
324 2624 460 2658 suppleta.

261 2659 316 2696 (25)
335 2655 545 2696 nmmum“
559 2666 595 2696 re
621 2657 692 2696 ξιᾲπὶ
718 2656 780 2696 τοῦ.
797 2655 1009 2696 πρεσϐυτέρου.

227 2692 477 2735 Scribelidutmsine
503 2694 583 2735 dubio
599 2693 680 2720 πάλαι
706 2692 788 2719 ταύτὸ
801 2692 869 2718 κάπὶ
892 2692 939 2717 τοῦ
960 2699 1008 2727 πρ.

232 2730 274 2766 ;ὴν
287 2730 393 2765 ἠλικίαν
405 2728 631 2777 διαπραξάμενος.
745 2762 749 2767 Ι
922 2761 928 2767 _

263 2765 318 2800 (’26)
336 2766 388 2797 Εὶς
412 2765 505 2791 αὐτον·
521 2763 663 2800 (imam-dy.
693 2762 871 2800 Scribendum
905 2761 1010 2800 Videtur

225 2796 512 2832 εἰςάὐτῶνὼκεανὸν.
526 2798 555 2825 id
572 2804 622 2829 est.
642 2806 721 2832 usque
736 2798 769 2823 ad
785 2797 916 2824 Oceanum
934 2796 1009 2823 Indi—

225 2843 295 2863 cum.
324 2835 406 2861 Porro
431 2836 510 2867 hujus
538 2834 678 2868 legationis
705 2833 802 2860 Indica:
823 2836 904 2868 caput
922 2832 1010 2868 luisse

226 2870 332 2898 Videtur
348 2868 515 2898 Metrodorus
543 2867 732 2905 philosophus;
753 2868 799 2903 qui
822 2867 856 2896 ab
881 2867 1009 2896 Indorum

1061 2291 1116 2321 τοῖς
1138 2289 1220 2316 αὑτοῦ
1236 2289 1323 2325 διῄρει
1345 2291 1451 2323 παισὶν,
1466 2288 1510 2318 οἶά
1529 2299 1588 2317 τινα
1609 2290 1738 2327 πατρῴαν
1757 2291 1853 2318 οὐσίαν

1063 2420 1125 2448 rege
1136 2413 1264 2448 plurimas
1282 2420 1403 2448 gemmas
1418 2419 1446 2441 et
1461 2414 1575 2442 uniones
1591 2414 1624 2442 ad
1638 2413 1850 2443 Constantinum

1063 2448 1170 2480 detulit,
1199 2449 1337 2482 multoque
1361 2449 1436 2482 plura
1452 2449 1596 2476 allaturum
1610 2457 1639 2476 se
1658 2450 1740 2477 fuisse
1759 2450 1848 2483 finxit,

1063 2484 1112 2510 nisi
1127 2483 1272 2510 Persarum
1288 2491 1334 2510 rex
1345 2484 1397 2511 sibi
1417 2491 1464 2518 per
1478 2492 1572 2518 agrum
1598 2483 1741 2512 Persarum
1759 2490 1851 2513 trans-

1060 2519 1134 2545 eunti
1152 2526 1184 2545 ea
1199 2518 1368 2547 abstulisset.
1384 2519 1442 2551 Qun
1467 2519 1608 2547 mendacio
1625 2520 1750 2547 inductus
1774 2521 1850 2547 Con-

1062 2553 1213 2589 stantinus,
1233 2555 1297 2580 dum
1314 2559 1388 2588 rapta
1415 2552 1521 2581 avidi'us
1540 2555 1720 2589 persequitur,
1748 2556 1849 2582 bellum

1061 2588 1201 2616 Persicum
1214 2589 1369 2619 commovit,
1378 2594 1404 2614 ut
1413 2590 1533 2616 scribunt
1543 2589 1678 2617 Cedrenus
1689 2596 1717 2616 et
1727 2591 1851 2618 Ammia-

1062 2631 1112 2659 nus
1129 2623 1312 2651 Marcellinus.
1339 2623 1391 2651 Sed
1407 2623 1546 2659 Cedrenus
1562 2633 1672 2659 prorsus
1687 2625 1777 2652 alieno
1790 2625 1852 2653 loco

1062 2658 1088 2694 id
1101 2658 1195 2690 refert,
1208 2665 1279 2694 anno
1292 2659 1401 2694 scilicet
1417 2658 1589 2694 Constantini
1615 2660 1703 2694 primo
1720 2668 1751 2686 ac
1776 2661 1851 2688 vice-

1062 2693 1225 2725 simo;cnm
1254 2693 1279 2719 id
1303 2693 1428 2720 conferre
1454 2693 1592 2722 debuisset
1616 2693 1649 2721 in
1675 2695 1849 2722 Constantini

1061 2736 1161 2755 annum
1183 2729 1298 2762 primum
1334 2735 1365 2754 ac
1391 2729 1568 2756 tricesimum.
1595 2729 1651 2756 Iloc
1677 2730 1749 2757 enim
1779 2738 1853 2757 anno

1062 2768 1141 2797 rupta
1155 2769 1197 2790 est
1209 2771 1259 2796 pax
1274 2763 1344 2789 inter
1361 2763 1497 2791 Romanos
1512 2769 1539 2790 et.
1554 2764 1660 2791 Persas.

1097 2797 1150 2832 (“2.7)
1172 2797 1330 2832 Ἀρχομένῳ
1339 2798 1398 2832 μὲν
1411 2797 1466 2831 τῆς
1486 2799 1658 2832 βασιλείας.
1671 2799 1761 2827 Codex
1779 2798 1851 2828 Fuk.

1061 2833 1203 2868 ἀρχομένῳ
1215 2833 1263 2868 μὲν
1280 2832 1335 2868 γᾴρ
1346 2833 1397 2868 τῆς
1417 2833 1478 2868 βασ.
1498 2835 1611 2862 Schedaa
1634 2840 1724 2862 autem
1743 2839 1853 2863 veteres

1060 2866 1203 2904 ἀρχομένῲ
1216 2866 1270 2903 μὲν
1284 2866 1341 2903 οὖν,
1355 2866 1428 2904 quod
1445 2869 1531 2904 magis
1542 2869 1639 2905 placet.
