2001 3168
172 183 237 212 1201

722 187 766 214 ne
785 187 867 216 vrrA
886 177 1115 215 CONSTANTII‘JI
1134 186 1197 216 LIB.
1219 187 1263 216 tv.

1725 185 1795 214 1203

169 244 227 275 τοῖς
241 243 322 270 αὐτοῦ
344 244 511 281 κληροδοτῶν
526 245 663 280 φιλτάτοις
673 255 679 261 ·
696 245 745 282 τὴν
759 246 806 282 μὲν
825 244 871 273 οὖν
888 254 951 272 παπι

1013 246 1124 274 ditatem
1153 245 1400 274 necessitudinibus
1423 246 1480 274 suis
1495 245 1668 281 dispertiens,
1686 244 1715 273 in
1738 250 1793 273 tres

171 289 248 325 πῴαν
268 290 342 326 λῆξιν
362 290 401 326 τῷ
422 291 535 327 μείζονι,
551 291 601 328 τὴν
620 292 647 318 δὲ
665 292 715 327 τῆς
736 292 805 327 ἑῴας
821 293 906 328 ἀρχὴν
919 292 957 328 τῷ

170 335 298 371 δευτέρῳ,
326 337 374 372 τὴν
395 337 423 363 δὲ
444 338 546 366 τούτων
567 339 652 374 μέσην
676 338 715 373 τῷ
738 339 821 374 τρίτῳ
840 339 955 375 διένεμε.

170 381 229 416 Κλῆ
234 390 279 416 ρον
291 382 313 408 δ’
329 383 429 417 ἀγαθὸν
444 384 491 411 καὶ
505 384 595 420 ψυχῆς
606 385 738 419 σωτήριον
750 386 804 417 τοῖς
817 385 898 412 αὐτοῦ
911 395 958 412 πο-

172 426 321 462 ριζόμενος,
336 428 369 455 τὰ
383 429 536 462 θεοσεϐείας
550 431 641 462 αὐτοῖς
658 431 721 458 ἐνίει
734 432 888 468 σπέρματα,
901 432 957 458 θεί-

169 481 211 505 οις
225 474 272 508 μὲν
290 475 417 510 προάγων
436 476 578 512 μαθήμασι
594 477 661 512 (28),
679 476 853 509 διδασκάλους
873 478 895 504 δ’
910 479 957 512 ἔφυ

169 519 256 552 ιστὰς,
270 520 392 556 εὐσεϐείᾳ
405 522 645 559 δεδοκιμασμένους
655 523 764 560 ἄνδρας,
775 524 884 551 καὶτῶν
897 523 959 556 ἔξω·

169 564 217 591 θεν
226 565 254 592 δὲ
266 565 351 601 λόγων
372 567 531 604 καθηγητὰς
547 569 665 606 ἑτέρους,
686 570 804 604 ἣκοντας
820 572 859 602 εἰς
875 571 958 606 ἄκρον

170 610 352 644 παιδεύσεως·
370 612 444 640 ἄλλοι
459 614 615 650 πολεμικῶν
630 615 721 647 αὐτοῖς
738 615 852 651 ὲξῆρχον
870 615 958 651 μαθη-

170 654 272 690 μάτων,
297 656 386 693 ἒτεροι
411 658 465 686 τῶν
486 659 631 686 πολιτικῶν
649 660 837 696 ἐπιγνώμονας
860 660 958 692 αὐτοὺς

167 702 315 735 καθίστων,
335 705 359 730 0i
375 704 403 731 δὲ
413 705 502 740 νόμων
514 706 663 742 ἐμπείρους
686 706 852 742 εἰργάζοντο.
874 707 956 733 Βασι-

167 746 230 784 λικὴ
244 749 266 775 δ’
288 749 394 786 ἑκάστῳ
408 751 462 777 τῶν
485 752 588 778 παίδων
610 753 765 789 κεκλήρωτο
782 753 954 789 παρασκευὴ,

167 793 285 827 ὁπλῖται,
304 796 456 833 δορυφόροι,
486 798 725 833 σωματοφύλακες,
747 799 958 835 στρατευμάτων

166 847 197 865 τε
208 841 336 876 τάγματα
354 844 467 870 παντοῖα
477 852 484 858 ·
507 844 608 871 τούτων
622 845 650 872 δὲ
664 845 860 881 καθηγεμόνες,
879 846 959 881 λοχα-

166 887 220 921 γοὶ,
245 889 403 924 στρατηγοὶ,
425 890 575 927 ταξίαρχοι,
591 888 628 918 ὧν
649 891 696 927 τῆς
709 892 738 918 ὲν
755 891 883 926 πολέμοις
897 893 956 919 ὲπι-

167 931 282 966 στήμης,
303 932 354 968 τῆς
374 941 403 960 τε
419 935 487 970 πρὸς
504 935 600 968 αὐτοὺς
614 936 718 968 εὐνοίας
734 937 748 963 ὁ
761 936 850 973 πατὴρ
864 946 955 974 προει-

164 974 244 1012 λήφει
260 978 310 1014 τὴν
327 980 432 1016 πεῖραν.

421 1116 618 1145 ΚΕΦΑΛΑΙΟΝ
631 1118 693 1146 NB’.

165 1158 260 1192 Ὅπως
273 1160 478 1195 ἀνδρωθέντας
489 1164 601 1197 αὐτοὺς
607 1165 650 1198 εἰς
660 1165 816 1194 εὐσέϐειαν
831 1166 952 1203 ἤγαγεν.

203 1239 330 1273 Ἀπαλοίς
353 1242 402 1277 μὲν
416 1241 463 1270 οὖν
477 1243 517 1270 ἔτι
531 1244 580 1280 τὴν
599 1244 705 1280 ἠλικίαν
720 1248 776 1278 τοῖς
790 1247 952 1283 Καίσαρα-ιν,

161 1287 318 1322 ἀναγκαίως
334 1289 358 1315 οἱ
372 1290 594 1325 συμπράττοντες
611 1292 728 1327 συνῆσάν
743 1301 772 1319 τε
791 1294 883 1320 καὶτὰ
897 1303 954 1321 κοι-

161 1333 195 1360 νὰ
210 1333 334 1368 διῴκουν,
353 1335 392 1367 είς
411 1335 510 1372 ἄνδρας
525 1337 553 1363 δὲ
573 1337 666 1364 λοιπὸν
682 1338 738 1372 (29)
751 1339 890 1374 προϊοῦσιν
906 1340 953 1366 αὐ-

160 1379 227 1410 τοῖς,
251 1381 330 1414 μόνος
352 1381 367 1406 ὁ
391 1381 482 1417 πατὴρ
499 1383 538 1414 είς
560 1383 732 1411 διδασκαλίαν
750 1386 877 1421 ἐπήρκει,
893 1386 953 1413 τοτὲ

162 1425 214 1460 μὲν
236 1426 382 1462 παρόντας,
399 1427 561 1461 ἰδιαζούσαις
583 1430 734 1467 ὑποθήκαις
760 1432 882 1467 ζηλωτὰς
905 1433 954 1459 αὐ-

161 1471 224 1503 τοὺς
247 1472 407 1508 παρορμῶν,
426 1475 472 1501 καὶ
498 1476 619 1511 μιμητὰς
639 1476 689 1511 τῆς
706 1477 786 1503 αὐτοῦ
801 1477 954 1510 θεοσεϐείας

159 1517 349 1545 ἀποτελεῖσθαι
366 1518 499 1546 διδάσκων
510 1529 516 1535 ⁸
532 1521 593 1548 τοτὲ
614 1522 636 1549 δ’
653 1522 752 1549 ἀποῦσι
773 1523 806 1550 τὰ
827 1523 952 1558 βασιλικὰ

161 1563 329 1620 προσφωίνῶν
342 1564 410 1620 διῄει
433 1567 649 1620 παραγγέλματα
663 1569 788 1604 γράφωψ
810 1566 846 1596 ὧν
858 1570 888 1596 τὸ
905 1570 952 1606 μέν
967 1592 987 1620 c

159 1616 253 1643 γιστον
267 1607 301 1646 ἦν
322 1611 368 1637 καὶ
385 1611 549 1646 πρώτιστον,
565 1613 613 1648 τὴν
633 1614 673 1645 εἰς
687 1613 732 1640 τὸν
747 1614 854 1642 πάντων
874 1616 951 1651 βασι-

159 1654 207 1682 λέα
218 1655 284 1683 Θεὸν
299 1656 399 1690 γνῶσίν
416 1666 445 1683 τε
455 1657 500 1684 καὶ
516 1658 668 1691 εὐσέϐειαν,
691 1659 743 1695 πρὸ
759 1661 859 1693 παντὸς
876 1662 957 1689 πλού-

158 1709 206 1728 του
222 1702 269 1728 καὶ
288 1702 341 1736 πρὸ
360 1703 444 1739 αὐτῆς
462 1703 599 1739 βασιλείας
621 1705 762 1740 τιμᾶσθαι.
783 1706 852 1742 Ἤδη
873 1707 895 1734 δ’
908 1708 956 1737 αὐτ

158 1749 214 1779 τοῖς
228 1749 275 1775 καὶ
287 1748 334 1775 τοῦ
346 1749 379 1776 δι’
391 1749 481 1776 αὐτῶν
498 1751 627 1785 πράττειν
644 1751 676 1777 τὰ
689 1751 811 1788 λυσιτελῆ
829 1754 884 1785 τοῖς
894 1762 951 1780 κοι-

159 1795 215 1826 νοῖς
238 1794 364 1827 ἐξουσίαν
383 1795 467 1823 ἐδίδου
476 1805 482 1812 ·
499 1796 546 1823 καὶ
560 1796 610 1832 τὴν
618 1797 779 1833 Ἐκκλησίαν
787 1798 814 1825 δὲ
825 1798 871 1825 τοῦ
884 1799 950 1826 Θεοῦ

157 1841 203 1867 διὰ
225 1842 364 1877 φροντίδος
380 1843 467 1877 ἄγειν,
485 1844 513 1870 ὲν
527 1843 644 1879 πρώτοις
664 1845 789 1880 παρῄνει,
814 1846 905 1878 αὐτοῖς
921 1855 951 1873 τε

157 1887 307 1923 διαρρήδην
321 1889 495 1924 Χριστιανοῖς
507 1887 575 1916 εἶναι
590 1890 796 1926 παρεκελεύετο.
811 1892 865 1917 Καὶ
875 1893 888 1918 ό
902 1892 950 1927 μὲν

158 1933 229 1960 οὕτω
244 1935 307 1966 τοὺς
320 1935 387 1967 υἱεῖς
401 1936 523 1970 προῆγεν
535 1944 541 1950 ·
555 1937 580 1962 οἱ
593 1936 621 1962 δὲ
635 1937 683 1972 οὐχ
700 1937 737 1969 ὡς
753 1938 785 1964 ὲκ
799 1938 952 1973 παραγγέλ-

159 1988 251 2015 ματος,
268 1981 642 2018 αὐτογνώμονιδὲπροθυμίᾳ,
651 1983 699 2014 τὰς
708 1983 755 2010 τοῦ
768 1985 869 2019 πατρὸς
882 1993 950 2019 παρ-

157 2026 274 2058 αινέσεις
302 2027 500 2062 ὑπερέϐαλλον,
529 2029 562 2063 τῇ
586 2028 653 2064 πρὸς
670 2029 714 2055 τὸν
734 2030 800 2056 Θεὸν
819 2030 879 2065 ὁσία
900 2031 950 2065 τήν

159 2081 233 2108 σφων
249 2072 367 2100 διάνοιαν
388 2074 582 2108 συντείνοντες,
597 2075 660 2107 τούς
675 2084 705 2101 τε
720 2076 770 2111 τῆς
787 2076 950 2112 Ἐκκλησίας

157 2118 275 2154 θεσμοὺς
293 2120 321 2146 ὲν
335 2120 426 2152 αὐτοῖς
446 2120 602 2155 βασιλείοις,
621 2122 668 2147 σὺν
681 2122 737 2154 τοῖς
751 2121 860 2153 οἰκείοις
878 2122 950 2148 ἄπα-

158 2173 199 2191 σιν
216 2165 399 2202 ἀπεπλὴρουν.
423 2167 478 2193 Kal.
491 2167 570 2193 τοῦτο
589 2167 610 2193 δ’
621 2166 701 2202 ἔργον
718 2167 766 2203 τῆς
781 2167 829 2194 τοῦ
846 2167 949 2204 πατρὸς

157 2210 264 2247 ὑπῆρχε
281 2211 461 2248 προμηθείας,
483 2213 514 2239 τὸ
526 2212 589 2244 τοὺς
604 2213 742 2245 συνοίκους
755 2213 876 2245 ἅπαντας
889 2213 948 2240 θεο-

1011 293 1081 320 ﬁlios
1105 293 1208 321 divisit.
1237 292 1269 319 Et
1292 292 1392 319 avitam
1415 291 1523 327 quidem
1549 295 1649 320 sortem
1673 290 1793 318 maximo

1009 343 1089 371 natu;
1113 338 1193 366 alteri
1207 345 1272 365 vero
1288 336 1407 365 Orientis
1422 338 1575 373 imperium;
1591 337 1707 364 mediam
1721 336 1794 364 inter

1009 384 1058 412 has
1075 384 1229 419 portionem
1249 383 1325 418 regni
1344 383 1423 410 tertio
1449 382 1504 410 ﬁlio
1522 382 1623 410 tribuit.
1650 381 1710 409 Jam
1728 388 1794 411 vero

1008 437 1070 457 cum
1085 429 1215 464 optimam
1229 429 1324 456 liberis
1342 428 1399 455 suis
1417 429 1617 460 htereditatem,
1636 432 1665 454 et
1681 427 1714 454 ad
1736 426 1795 455 anl-

1008 484 1058 504 mae
1072 476 1186 504 salutem
1205 475 1340 510 imprimis
1362 474 1453 503 utilem
1470 481 1566 509 parare
1578 475 1669 507 vellet,
1684 474 1794 509 pietatis

1008 521 1111 550 semina
1136 529 1229 549 eorum
1253 521 1390 548 mentibus
1415 520 1560 555 inspersit,
1576 519 1675 554 partim
1695 519 1794 547 divinis

1009 568 1181 596 documentis
1206 567 1265 601 ipse
1283 573 1330 593 eos
1355 566 1497 598 imbuens,
1523 565 1623 599 partim
1650 564 1794 600 magistros

1008 615 1049 642 eis
1073 621 1213 649 apponens
1234 617 1382 647 comperta:
1405 611 1546 646 religionis
1573 611 1654 638 viros.
1675 609 1794 638 Saecula-

1008 658 1077 685 rium
1109 664 1216 692 quoque
1253 656 1457 690 disciplinarum
1502 655 1684 690 peritissimos
1711 655 1792 691 552

1008 705 1135 733 doctores
1151 704 1245 731 iisdem
1269 703 1402 739 praefecit.
1426 702 1479 729 Alii
1496 701 1601 730 bellicae
1618 702 1687 729 artis
1705 703 1794 729 scien-

1008 750 1064 782 tia,
1087 750 1133 777 alii
1160 749 1279 778 civilium
1306 758 1398 777 rerum
1429 748 1572 784 praeceptis
1598 755 1646 775 eos
1663 747 1793 775 informa-

1007 797 1090 827 bant;
1108 796 1154 824 alii
1178 796 1298 831 denique
1313 797 1383 831 juris
1402 796 1558 830 prudentia.
1575 794 1661 822 Porro
1681 793 1794 828 singulis

1009 842 1126 869 tributus
1143 846 1202 869 erat
1218 842 1313 877 regalis
1330 845 1479 877 apparatus
1500 850 1506 867 :
1522 840 1653 872 scutarii,
1680 838 1791 873 hastati,

1008 892 1198 923 protectores,
1219 894 1245 916 et
1262 887 1382 923 legiones
1403 895 1436 915 ac
1453 888 1557 915 numeri
1579 887 1721 920 militares,
1743 894 1793 914 eo-

1007 941 1120 968 rumque
1137 939 1259 962 rectores
1279 943 1286 960 :
1303 934 1498 966 centuriones,
1517 933 1618 961 tribuni
1643 941 1676 960 ac
1697 933 1792 966 duces,

1005 979 1022 1006 ii
1047 987 1115 1014 quos
1135 985 1214 1014 pater
1242 980 1267 1007 in
1294 980 1375 1008 rebus
1401 979 1506 1007 bellicis
1532 979 1792 1011 exercitatissimos.

1004 1029 1032 1052 et
1053 1024 1188 1060 prtecipua
1203 1032 1267 1059 erga
1285 1024 1355 1052 ﬁlios
1372 1024 1424 1052 ﬁde
1438 1031 1471 1052 ac
1486 1024 1676 1052 benevolentia
1695 1024 1794 1060 praedi-

1007 1075 1050 1098 lOS
1066 1077 1126 1098 esse
1143 1076 1320 1105 cognoverat.

1300 1115 1415 1145 CAPUT
1438 1112 1494 1144 LW.

1027 1163 1164 1196 Quomodo
1184 1171 1228 1190 eos
1248 1162 1352 1224 uirile";
1365 1167 1470 1203 (etatem
1488 1163 1629 1198 ingressos,
1648 1166 1769 1197 pietatem

1355 1205 1463 1224 acuerit.

1355 1205 1463 1225 acuerit.

1040 1244 1124 1272 Porro
1139 1245 1202 1272 dum
1221 1244 1329 1272 inﬁrma
1345 1244 1436 1272 adhuc
1450 1249 1530 1272 aetate
1548 1245 1669 1273 Ctesares
1687 1250 1792 1278 essent,

1005 1291 1125 1318 ministri
1153 1296 1181 1318 et
1206 1291 1355 1318 consiliarii
1383 1290 1417 1318 iis
1445 1291 1568 1325 adjuncti
1596 1291 1792 1326 rempublicam

1005 1337 1201 1372 gubernabant.
1227 1337 1327 1365 Verum
1349 1337 1393 1365 ubi
1413 1337 1446 1365 ad
1472 1337 1576 1365 virilem
1597 1342 1705 1366 aetatem
1730 1345 1792 1373 per-

1005 1383 1155 1416 venissent,
1180 1383 1264 1411 solius
1287 1384 1374 1418 patris
1395 1384 1584 1419 magisterium
1611 1384 1650 1411 eis
1674 1383 1790 1412 sulfecit.

1005 1429 1056 1462 Qui
1082 1436 1155 1457 nunc
1184 1434 1333 1465 praesentes
1360 1429 1475 1465 privatis
1507 1429 1738 1457 admonitionibus
1758 1429 1790 1456 ad

1005 1475 1209 1503 :rmulationem
1229 1476 1270 1504 sui
1299 1475 1480 1510 provocabat,
1506 1476 1662 1511 exemplum
1681 1475 1792 1511 pietatis

1005 1530 1060 1549 sure
1082 1521 1115 1550 ad
1138 1522 1300 1550 imitandum
1321 1522 1388 1557 ipsis
1405 1529 1576 1557 proponens:
1601 1529 1673 1549 nunc
1692 1521 1792 1549 absen-

1006 1568 1078 1596 tibus
1102 1567 1280 1603 imperatoria
1303 1571 1438 1603 praecepta
1465 1575 1513 1602 per
1533 1567 1639 1594 litteras
1662 1574 1790 1602 suggere-

1004 1614 1060 1641 bat.
1084 1614 1204 1648 Quorum
1229 1615 1347 1650 primum
1364 1613 1430 1641 illud
1452 1617 1479 1641 et
1498 1613 1646 1640 maximum
1672 1617 1743 1644 erat,
1762 1618 1793 1640 ut

1005 1660 1049 1687 Dei
1077 1662 1174 1688 summi
1207 1660 1329 1688 omnium
1358 1660 1430 1694 regis
1462 1660 1585 1686 notitiam
1614 1658 1790 1694 cultumque,

1003 1705 1106 1733 divitiis
1126 1707 1255 1733 omnibus
1281 1706 1387 1741 ipsique
1418 1705 1500 1732 etiam
1528 1704 1641 1739 imperio
1668 1703 1790 1732 antefer-

1003 1757 1073 1779 rent.
1095 1751 1216 1779 Tandem
1239 1759 1316 1785 vero,
1333 1756 1362 1779 ut
1382 1758 1432 1786 per
1454 1751 1560 1786 seipsos
1581 1758 1641 1785 quae
1655 1749 1732 1777 utilia
1747 1757 1791 1777 esp

1002 1802 1063 1825 sent
1087 1797 1246 1832 reipublica:
1279 1801 1412 1833 agerent,
1436 1797 1476 1824 eis
1504 1797 1648 1831 permisit:
1677 1799 1706 1824 et
1727 1801 1791 1824 ante

1002 1844 1092 1871 omnia
1109 1844 1135 1871 id
1152 1844 1254 1872 diserte
1269 1844 1410 1878 praecepit.
1432 1847 1461 1870 ut
1482 1842 1611 1871 Ecclesia:
1634 1843 1682 1871 Dei
1696 1850 1789 1871 curam

1002 1893 1140 1924 gererent,
1157 1896 1242 1924 seque
1263 1889 1354 1924 palam
1386 1888 1559 1917 Christlanos
1585 1889 1788 1924 proﬁterentur.

1000 1937 1090 1971 Atque
1104 1936 1155 1964 hoc
1171 1936 1281 1970 quidem
1297 1936 1378 1963 modo
1393 1935 1463 1963 filios
1477 1935 1645 1963 instituebat.
1657 1935 1697 1962 illi
1710 1941 1789 1968 vero,

1002 1991 1055 2010 non
1083 1987 1137 2010 tam
1164 1983 1287 2018 paternis
1305 1982 1428 2016 monitis,
1453 1990 1533 2018 quam
1556 1989 1605 2010 sua
1626 1987 1723 2018 sponte
1746 1982 1789 2009 in-

1001 2029 1089 2062 citati,
1115 2033 1249 2063 praecepta
1274 2029 1398 2064 parentis
1417 2030 1458 2056 sui
1480 2029 1624 2056 alacritate
1644 2029 1729 2055 animi
1745 2036 1791 2056 su-

1002 2081 1147 2110 perarunt;
1172 2076 1270 2110 quippe
1292 2076 1339 2110 qui
1362 2076 1462 2103 divinae
1483 2075 1623 2110 religionis
1642 2075 1789 2102 observan~

1002 2122 1067 2149 tiam
1087 2128 1195 2156 semper
1212 2129 1267 2156 prae
1287 2121 1375 2150 oculis
1399 2122 1544 2154 haberent,
1562 2126 1590 2148 et
1613 2125 1724 2155 sanctos
1738 2120 1789 2147 Ec-

999 2168 1090 2195 clesiae
1113 2169 1183 2195 ritus
1208 2167 1236 2195 in
1265 2168 1324 2203 ipso
1346 2167 1449 2203 palatio
1464 2175 1524 2196 cum
1542 2167 1680 2205 universis
1695 2166 1789 2193 dome-

999 2213 1076 2241 sticis
1098 2213 1281 2241 custodirent.
1312 2213 1380 2241 Nam
1413 2218 1440 2242 et
1470 2213 1522 2241 hoc
1549 2217 1669 2248 paternae
1696 2212 1789 2247 provi-

157 2257 246 2290 σεϐεῖς
266 2259 432 2294 παραδοῦναι
449 2260 506 2292 τοῖς
529 2260 621 2286 παισί·
644 2259 690 2286 καὶ
714 2259 768 2286 τῶν
789 2259 905 2295 πρώτων
919 2259 946 2286 δὲ

1003 2261 1099 2288 tientia:
1126 2267 1194 2295 opus
1216 2260 1313 2293 fuerat,
1343 2265 1373 2287 ut
1403 2267 1457 2287 non
1483 2259 1552 2286 alios
1575 2258 1741 2286 domesticos
1761 2261 1789 2284 et

155 2304 302 2339 ταγμάτων
319 2305 375 2340 (50)
396 2305 420 2331 οἳ
434 2306 482 2341 τὴν
499 2305 552 2332 τῶν
572 2305 670 2333 κοινῶν
689 2305 835 2341 ἐτύγχανον
850 2306 944 2332 ἀναδε-

154 2350 278 2385 δεγμένοι
293 2351 429 2387 φροντίδα,
445 2351 559 2378 τοιοῦτοί
571 2360 642 2384 τινες
655 2352 794 2388 ὑπῆρχονο
808 2353 863 2383 τοῖς
880 2351 944 2386 γοῦν

155 2395 227 2422 κατὰ
238 2396 303 2423 Θεὸν
316 2399 420 2429 πιστοῖς
432 2397 570 2433 ἀνδράσιν,
584 2397 678 2432 ὥσπερ
694 2398 763 2424 τισὶν
775 2397 883 2432 ὀχυροῖς
897 2405 944 2423 πε-

155 2441 270 2477 ριϐόλοις
283 2443 455 2478 ἡσεραλίζετο.
475 2444 550 2471 Ἐπεὶ
566 2443 593 2470 δὲ
609 2443 655 2470 καὶ
669 2443 754 2470 ταῦτα
768 2443 877 2479 (καλῶς)
893 2442 945 2470 διέ-

190 2521 245 2556 (98)
262 2523 403 2559 Προᾴγων
423 2524 588 2559 μαθήμασι.
605 2523 739 2550 Eusebius
752 2523 778 2550 in
791 2523 881 2556 capite
896 2522 941 2556 52,

157 2557 253 2594 ilfrum
269 2558 401 2594 προάγων
425 2557 539 2593 usurpat
562 2559 657 2586 eodem
681 2566 773 2590 sensu,
795 2559 842 2585 καὶ
860 2559 875 2585 ὁ
893 2559 942 2594 μὲν

154 2591 229 2628 οὕτω
239 2591 302 2628 τούς
317 2594 383 2624 υἱεῖς
395 2591 525 2628 προῆγεν,
540 2599 567 2621 et
582 2594 608 2620 in
629 2601 689 2627 cap.
706 2594 751 2620 55.

190 2626 246 2662 (29)
262 2627 352 2662 Vulg.,
369 2626 422 2660 Είῤ
441 2626 552 2662 ἄνδρας
564 2638 596 2656 τε
607 2626 725 2655 λοιπόν.
736 2628 819 2655 Nemo
833 2628 940 2663 est.qui

157 2670 207 2699 non
235 2663 457 2699 perkservidcat
481 2665 653 2692 scribendum
682 2671 743 2691 esse
775 2664 817 2694 εἰς
843 2664 941 2699 ἄνδρας

153 2696 192 2727 δέ,
211 2703 263 2724 etc.
280 2697 355 2730 Quod
373 2699 496 2759 equidem
518 2707 570 2726 non
585 2706 735 2731 monerem,
752 2699 804 2726 nisi
833 2696 942 2726 vererer

155 2740 187 2759 ne
206 2733 266 2759 nuis
283 2734 307 2759 id
325 2741 375 2759 nos
404 2734 493 2759 nuisse
516 2735 695 2759 existimaret.
709 2734 792 2759 Paulo
804 2739 874 2759 nost.
889 2742 940 2759 vox

155 2740 187 2759 ne
206 2733 266 2766 quis
283 2734 307 2759 id
325 2741 375 2761 nos
392 2733 493 2767 fugisse
516 2735 695 2762 existimaret.
709 2734 792 2761 Paulo
803 2739 874 2768 post,
889 2742 940 2761 vox

154 2768 304 2804 παρορμῶν
322 2769 427 2796 videtur
444 2777 503 2796 esse
517 2770 659 2804 superﬂua.

189 2776 304 2839 foetum;
322 2776 427 2808 vul_etur
444 2777 503 2796 esse
517 2776 659 2804 superﬂua.
805 2804 812 2810 _

200 2804 244 2840 50)
265 2804 320 2831 Kal
336 2813 397 2840 των
414 2804 536 2838 πρώτων
555 2805 588 2832 δὲ
599 2803 763 2839 ταγμάτων.
784 2804 830 2832 Stc
854 2805 940 2833 Euse-

153 2838 214 2876 bius
227 2838 253 2866 in
266 2839 398 2874 superiori
413 2841 501 2875 capite
518 2838 713 2876 τάγματαριο
733 2841 853 2876 numeris
867 2841 939 2867 mili-

155 2874 258 2901 laribus
276 2880 396 2910 usurpat,
409 2880 436 2903 et
448 2874 513 2902 alibi
535 2874 647 2910 passim.
663 2876 700 2902 ita
716 2876 796 2902 etiam
811 2875 940 2902 Sozome-

154 2917 204 2936 nus
220 2910 245 2937 in
261 2910 305 2938 lib.
323 2919 343 2944 I,
365 2918 390 2939 c.
411 2912 438 2946 8,
455 2910 486 2944 ἐξ
507 2912 612 2938 ἐκείνου
631 2911 659 2938 δὲ
677 2911 723 2938 καὶ
743 2911 776 2938 τὰ
799 2911 938 2946 Ῥωμαίων

998 2306 1208 2335 contubernales
1231 2305 1294 2333 ﬁliis
1321 2306 1397 2339 suis,
1421 2313 1503 2340 quam
1532 2305 1704 2332 Christianos
1731 2308 1788 2331 tra-

998 2353 1085 2380 deret.
1113 2352 1270 2380 Primorum
1300 2359 1409 2387 quoque
1433 2358 1616 2385 ,numerorum
1646 2354 1786 2382 rectores,

996 2400 1095 2434 quibus
1121 2399 1275 2434 reipublicae
1292 2406 1356 2426 cura
1377 2398 1522 2425 commissa
1542 2397 1642 2430 fuerat,
1662 2396 1709 2423 Dei
1732 2397 1788 2423 cnl-

998 2451 1072 2473 tores
1095 2451 1184 2473 erant.
1209 2445 1314 2480 Quippe
1347 2443 1502 2472 hominibus
1531 2444 1611 2471 ﬁdem
1641 2443 1670 2470 in
1701 2443 1786 2470 Deum

995 2525 1134 2560 τάγματα,
1154 2524 1173 2551 δι
1197 2524 1244 2551 νῦν
1261 2524 1394 2560 ἀριθμοὺς
1419 2523 1557 2556 καλοῦσιν,
1576 2523 1697 2560 ἕκαστον
1719 2521 1787 2560 ἰδίαν

997 2558 1101 2596 σκηνὴν
1129 2558 1359 2587 κατεσκευάσατο.
1389 2560 1474 2596 Porro
1492 2560 1547 2596 illic
1575 2559 1650 2596 locus
1674 2558 1786 2596 mutilus

998 2593 1064 2622 mihi
1079 2593 1201 2626 'videtur,
1219 2595 1438 2630 supplendusque
1452 2595 1478 2622 in
1492 2595 1564 2622 hunc
1580 2595 1692 2630 modum
1705 2600 1711 2616 :
1730 2593 1785 2630 Καὶ

995 2630 1053 2657 τῶν
1067 2630 1184 2666 πρώτων
1196 2630 1224 2656 δὲ
1237 2627 1384 2666 ταγμάτων
1394 2627 1542 2665 ἧγεμόνες,
1556 2630 1603 2656 καὶ
1621 2629 1646 2655 οἳ
1668 2627 1717 2664 τὴν
1730 2628 1784 2656 τῶν

996 2665 1104 2699 κοινῶν,
1117 2671 1171 2693 etc.
1184 2666 1228 2692 Ait
1238 2665 1310 2692 enim
1325 2666 1470 2698 Eusebius,
1485 2670 1513 2692 et
1527 2665 1675 2699 primorum
1689 2671 1783 2690 nume-

995 2710 1086 2729 rorum
1107 2706 1240 2732 rectores,
1263 2706 1291 2727 et
1318 2708 1365 2728 eos
1384 2702 1484 2736 quibus
1510 2700 1783 2736 reipubliczehcuraa

994 2737 1172 2765 Constantino
1189 2737 1335 2764 commissa
1350 2734 1448 2765 fuerat.
1463 2736 1626 2763 Christianae
1642 2734 1782 2765 religionis

994 2773 1113 2800 cultores
1130 2771 1226 2799 fuisse.
1241 2771 1293 2799 Per
1305 2772 1410 2805 priores
1426 2772 1497 2804 illos,
1519 2770 1645 2806 intelligit
1658 2770 1783 2796 tribunos

994 2812 1020 2845 et
1032 2807 1146 2845 comites
1167 2807 1342 2845 scholarum;
1369 2808 1533 2845 posteriores
1555 2813 1621 2845 vero
1636 2810 1699 2832 sunt
1714 2811 1783 2845 pra:

994 2843 1055 2870 fe:-ti
1081 2844 1226 2878 praetorio,
1250 2841 1400 2877 quaestores
1429 2843 1498 2869 sacri
1527 2841 1632 2878 palatii,
1661 2841 1783 2874 magistri

994 2876 1152 2940 ﬁdit-iurum,
1179 2883 1208 2905 et
1235 2876 1326 2906 cancri
1354 2878 1400 2914 qui
1423 2878 1515 2905 civilia
1543 2876 1651 2913 negotia
1678 2879 1781 2903 tracta-

1011 2919 1070 2940 aut.

1011 2919 1070 2941 aut.
