2001 3168
227 163 297 192 1203

585 164 719 194 EUSEBII
737 164 973 195 CESARIENSIS
991 166 1066 195 OPP.
1086 167 1175 195 PARS
1193 168 1214 194 1.
1233 183 1269 188 --
1286 166 1478 195 HISTORICA.

1777 170 1850 197 1204

228 223 370 257 professis,
394 227 521 259 tanquam
551 224 715 252 ﬁrmissimis
739 226 900 260 quibusdam
927 228 1011 255 muris

1073 237 1137 254 ιειτο
1156 228 1212 264 (3i)
1228 228 1267 263 τῷ
1284 228 1485 264 τρισμακαρῑῳ,
1504 227 1569 260 Θεὸς
1585 229 1600 254 ὁ
1625 228 1722 260 παντὸς
1745 228 1850 264 ἀγαθοῦ

228 269 390 297 conﬁdebat.
411 271 477 297 Cum
497 271 672 300 beatissimus
691 273 817 307 princeps
835 272 891 300 haec
906 281 1011 308 quoque

229 314 265 342 Ita
282 315 487 348 constituisset,
514 317 585 345 Deus
606 318 739 346 bonorum
765 320 885 346 omnium
902 319 1012 353 dispen—

229 365 314 393 sator,
338 366 434 396 utpote
463 363 572 391 cunctis
591 365 750 399 reipublicae
780 364 895 399 negotiis
913 365 1014 399 optime

229 406 262 433 ab
280 407 446 441 imperatore
466 408 616 443 dispositis,
636 415 817 445 opportunum
834 415 939 445 tempus
955 416 1014 438 tan-

229 453 289 480 dem
303 453 401 481 adesse
416 459 539 483 statuens
547 463 601 490 quo
617 457 651 484 ad
662 457 799 484 meliorem
813 462 916 484 sortem
929 461 1015 484 trans-

229 497 359 531 ferretur,
377 498 484 527 fatalem
506 501 564 534 ejus
592 502 653 529 vita:
678 502 760 529 linem
782 502 923 537 imposuit.

463 545 542 582 553
569 547 684 575 CAPUT
710 548 774 577 Llll.

231 588 308 631 Quod
324 599 381 617 cum
400 592 502 619 duobus
527 602 558 631 ac
578 594 686 631 triginta
709 596 785 621 annis
803 597 970 631 regnaverit.
990 601 1013 622 et

263 625 401 686 ριιὶεἵιιᾶιιη
428 635 460 654 Lx
481 629 559 654 annis
585 625 697 662 viderit,
717 631 818 665 integra
832 625 945 666 “semper
964 631 1013 665 fuit

264 668 296 686 va
309 669 321 686 ε
337 669 351 686 u
374 670 425 686 me.
858 670 861 673 ί

264 668 425 689 valetudine.
858 670 861 673 “

264 705 303 733 Ac
318 706 422 742 imperii
438 708 546 742 quidem
561 709 725 736 curriculum
740 710 846 738 duobus
860 717 886 738 et
903 712 1012 746 triginta

230 752 310 779 annis
321 753 450 788 explevit,
463 755 584 788 exceptis
598 757 734 783 mensibus
748 764 779 784 ac
792 757 887 784 diebus
903 758 1012 791 paucis:

1064 272 1205 308 πρύτανις,
1223 273 1322 299 ὡσανεὶ
1339 273 1392 299 τῶν
1403 273 1515 300 καθόλου
1530 274 1699 309 πραγμάτων
1715 272 1744 301 εὖ
1757 274 1850 301 διατε-

1065 318 1165 345 θέντων
1188 318 1272 354 αὐτῷ,
1290 318 1384 354 καιρὸν
1402 318 1526 353 εὔκαιρον
1546 317 1613 346 εἶναι
1632 319 1722 347 λοιπὸν
1734 320 1784 355 τῆς
1794 320 1851 346 τῶν

1067 365 1227 401 κρειττόνων
1245 365 1420 401 μεταλήψεως
1443 365 1596 400 ἐδοκίμαζε,
1611 366 1657 392 καὶ
1677 365 1708 393 τὺ
1719 367 1752 402 τῇ
1769 366 1851 400 φύσει

1063 411 1150 447 χρεὼν
1162 412 1258 446 ἐπῆγε.

1320 550 1515 576 ΚΕΦΑΛΜΟΝ
1531 550 1590 576 Nl".

1067 605 1134 631 Ὅτι
1152 605 1223 639 ἀμφὶ
1239 604 1279 649 κτὰ
1297 607 1394 639 λΰὲτη
1409 606 1608 639 βασιλεύσας,
1628 607 1676 633 καὶ
1690 607 1763 641 ὑπὲρ
1776 607 1811 633 τὰ
1823 607 1851 638 ξ’

1244 650 1344 684 ζήσας,
1358 651 1438 678 σῶον
1448 650 1510 686 εἶχε
1522 652 1555 678 τὸ
1566 652 1657 687 σῶμα.

1100 705 1152 732 Δύο
1169 706 1218 741 μὲν
1225 704 1271 733 οὖν
1284 707 1352 742 πρὸς
1361 709 1417 740 τοῖς
1431 709 1575 744 τριάκοντα
1591 709 1644 744 (52)
1656 709 1706 744 τῆς
1715 709 1851 744 βασιλείας

1065 752 1207 783 ἐνιαυτοῖς,
1231 753 1297 788 μησί
1329 762 1357 780 τε
1377 755 1423 780 καὶ
1439 755 1554 790 ἡμέραις
1576 755 1715 790 βραχείαις
1734 756 1850 788 δέουσιν,

230 797 294 825 vitae
320 805 384 826 vero
402 800 519 834 spatium
535 800 617 836 duplo
631 801 687 829 fere
703 801 809 837 longius
825 803 884 830 fuit.
912 803 969 836 Qua
986 803 1012 830 in

1073 795 1191 832 ιπλήρου,
1207 797 1255 832 τῆς
1266 797 1293 823 δὲ
1307 796 1378 833 ζωῆς
1393 799 1462 834 ἀμφὶ
1477 799 1522 825 τὸν
1541 799 1678 826 διπλάσιον
1695 800 1788 836 χρόνον
1800 808 1807 814 ·
1820 801 1851 826 ἐν

230 848 323 876 rotate,
340 852 437 879 corpus
452 845 475 873 ei
495 847 527 872 ab
543 847 616 873 omni
634 847 726 875 merbo
741 853 769 875 et
795 847 854 875 labe
878 856 990 876 vacuum
1006 869 1013 880 ,

231 897 328 924 expers
344 886 490 925 cujuslibet
506 893 575 924 vitii,
605 898 632 920 et
651 894 748 928 quovis
760 894 873 928 juvenili
902 902 1015 929 corpore

232 936 334 964 ﬁrmius
346 938 477 971 constitit,
496 945 524 966 et
536 943 589 966 tum
608 941 737 966 decorum
754 946 875 974 aspectu,
903 945 959 966 tum
982 940 1014 966 ad

230 981 337 1016 quidvis
350 985 484 1018 agendum
496 985 599 1011 viribus
610 984 713 1019 pollens
725 1005 732 1016 ,
751 985 817 1012 adeo
842 990 871 1012 ut
892 985 1015 1012 militari—

230 1027 282 1054 bus
294 1029 535 1057 exercitationibus
549 1030 716 1064 proluderet,
733 1031 876 1065 equitaret,
891 1031 1014 1058 ambula-

231 1078 284 1106 ret,
299 1074 442 1102 dimicaret
455 1096 462 1106 ,
478 1076 596 1110 troplima
609 1077 642 1103 de
656 1076 779 1104 hostibus
792 1077 872 1104 victis
887 1077 1014 1110 erigeret,

230 1123 257 1145 et
271 1119 426 1148 incruentas
444 1121 506 1149 illas
521 1130 597 1149 more
612 1126 662 1150 suo‘
675 1124 802 1151 victorias
818 1128 978 1158 reportaret.

516 1214 630 1243 CAPUT
648 1214 714 1242 LIV.

231 1257 272 1286 De
287 1259 320 1286 iis
346 1260 391 1295 qui
407 1261 503 1287 eximia
525 1262 582 1296 ejus
602 1262 767 1288 humanitate
785 1262 821 1288 ad
837 1263 976 1289 auaritiam
990 1267 1015 1290 et

383 1296 488 1330 pietatis
501 1297 696 1323 simulationem
709 1297 783 1324 abusi
795 1302 867 1324 sunt.

271 1341 385 1368 Animus
398 1341 523 1369 similiter
534 1342 568 1369 ad
582 1350 717 1370 summum
735 1343 860 1369 humanze
873 1341 1016 1376 perfectio-

230 1386 275 1415 nis
288 1388 395 1415 culmen
416 1393 599 1422 pervenerat:
618 1390 716 1423 quippe
744 1388 788 1422 qui
802 1390 929 1416 omnibus
945 1397 1013 1423 prae-

229 1433 312 1460 claris
327 1433 436 1460 dotibus
450 1438 563 1461 ornatus
589 1439 669 1466 esset,
687 1434 823 1468 praecipue
839 1441 905 1461 vero
917 1434 1012 1460 huma-

1066 838 1087 876 ᾧ
1098 842 1148 877 τῆς
1158 842 1276 878 ἡλικίας,
1300 844 1404 876 ἀπαθὲς
1424 845 1471 880 μὲν
1487 845 1534 871 καὶ
1553 846 1646 872 ἄλυτον
1659 846 1731 882 αὐτῷ
1743 847 1851 881 διήρκει

1065 887 1095 913 τὸ
1114 887 1203 922 σῶμα,
1230 889 1338 923 κηλῖδος
1362 889 1479 926 καθαρὸν
1497 891 1614 926 ἁπάσης,
1631 891 1730 922 παντός
1748 899 1776 917 τε
1788 891 1851 917 νέου

1066 933 1268 970 νεανικώτερον,
1292 935 1391 970 ὡραῖον
1414 937 1461 971 μὲν
1485 936 1557 968 ἰδεῖν,
1583 937 1719 972 ῥωμαλέον
1741 937 1763 963 δ’
1783 937 1797 963 ὃ
1823 945 1850 963 τι

1068 980 1121 1006 δέοι
1140 980 1253 1016 δυνάμει
1272 982 1507 1017 καταπράξαοίοαι,
1528 983 1566 1014 ὼς
1585 984 1631 1010 καὶ
1652 983 1849 1019 γυμνάζεσθαι,

1068 1026 1243 1058 ἱππάζεσοαι,
1263 1029 1308 1054 καὶ
1333 1028 1491 1064 ὁδοιπορεῖν,
1509 1029 1637 1064 πολέμοις
1659 1038 1688 1055 τε
1711 1029 1852 1064 παραϐάλ-

1066 1072 1131 1103 λειν,
1147 1073 1264 1108 τρόπαιά
1276 1082 1305 1099 τε
1317 1075 1374 1100 κατ’
1392 1074 1495 1110 ἐχθρῶν
1507 1075 1632 1110 ἐγείρειν,
1652 1076 1697 1101 καὶ
1710 1074 1758 1105 τὰς
1774 1075 1854 1109 συνή-

1066 1116 1122 1148 θεις
1146 1118 1292 1153 ἁναιμακτὶ
1311 1119 1381 1146 κατὰ
1396 1119 1450 1146 τῶν
1475 1120 1508 1146 δι’
1523 1121 1645 1152 ἐναντίας
1663 1120 1786 1156 αἴρεσθαι
1806 1120 1848 1147 νί-

1067 1172 1127 1194 κας.

1298 1218 1300 1220 ·
1320 1211 1517 1238 ΚΕΦΑΛΑΙΟΝ
1533 1211 1594 1238 NA’.

1066 1254 1135 1288 Περὶ
1153 1255 1210 1293 τῷν
1227 1255 1264 1290 τῇ
1275 1256 1351 1290 ἄγαν
1363 1257 1455 1283 αὐτοῦ
1473 1258 1674 1292 φιλανθρωπίᾳ
1686 1266 1854 1293 συγκεκροτ-

1151 1290 1250 1324 μένων
1266 1293 1309 1324 εἰς
1326 1290 1493 1325 ἀπληστίας
1516 1294 1562 1319 καὶ
1578 1290 1760 1327 ὖποκρίσείς.

1101 1338 1154 1364 Καὶ
1164 1337 1198 1364 τὰ
1213 1338 1262 1373 τῆς
1277 1337 1366 1373 ψυχῆς
1382 1338 1403 1364 δ’
1416 1338 1546 1370 ὡσαύτως
1561 1340 1601 1371 εἰς
1614 1340 1695 1375 ἄκρον
1707 1340 1756 1375 τῆς
1771 1340 1800 1366 ἐν
1810 1341 1854 1366 ἀνα

1067 1383 1185 1419 Ορώποις
1200 1383 1365 1415 τελειώσεως
1388 1384 1462 1419 αὐτῷ
1478 1385 1583 1420 προῄει,
1600 1386 1665 1411 πᾶσι
1685 1385 1732 1419 μὲν
1749 1385 1853 1420 ἐμπρέ-

1068 1438 1144 1455 ποντι
1152 1430 1207 1460 τοῖς
1217 1429 1317 1460 καλοῖς,
1333 1429 1384 1456 {me
1390 1429 1556 1464 ρϐαλλόντως
1564 1430 1592 1456 δὲ
1602 1432 1633 1466 τῇ
1647 1431 1834 1467 φιλανθρωπίᾳ
1842 1438 1851 1447 ⁵

231 1478 326 1506 nitate.
340 1478 426 1512 Quam
444 1483 534 1506 tamen
551 1480 627 1506 multi
644 1479 902 1514 reprehendebant,
918 1479 952 1507 ob
967 1487 1014 1506 ex-

1073 1475 1126 1511 ὒδὴ
1146 1476 1191 1502 καὶ
1217 1476 1339 1511 μεμπτὸν
1364 1476 1501 1510 ἐνομίζετο
1520 1479 1575 1508 τοῖς
1597 1477 1712 1509 πολλοῖς,
1730 1477 1779 1512 τῆς
1798 1477 1854 1504 τῶν

231 1525 393 1551 uberantem
418 1525 549 1551 malitiam
573 1525 771 1559 improborum,
793 1525 838 1558 qui
866 1525 1016 1560 nequitiam

231 1577 308 1597 luam
321 1570 493 1604 imperatoris
509 1570 698 1598 adscribeban:
711 1571 858 1605 patientiae.
869 1571 949 1598 Certe
961 1571 1019 1598 haec

232 1616 286 1643 duo
298 1616 364 1643 vitia
380 1616 433 1644 illis
455 1617 623 1651 temporibus
647 1617 764 1645 maxime
790 1617 950 1650 invaluisse,
969 1624 1018 1645 nos

270 1757 325 1793 ('51)
347 1758 427 1785 Ἐπεὶ
445 1758 479 1785 δὲ
503 1759 553 1786 καὶ
573 1758 667 1786 ταῦτα
691 1759 825 1786 διέκειτο.
851 1759 909 1787 Non
935 1761 1020 1794 probo

234 1794 419 1830 conjecturam
433 1795 573 1830 doctorum
585 1796 716 1825 virorum,
725 1795 770 1830 qui
787 1799 844 1829 post
856 1802 946 1822 vocem
958 1796 1020 1822 ταῦ-

233 1828 385 1860 multa;
399 1829 580 1860 addiderunt;
597 1830 668 1864 quod
686 1828 767 1857 etiam
787 1828 816 1857 in
838 1831 907 1857 libro
927 1831 1019 1858 Morari

235 1865 383 1898 ascriptum
400 1864 501 1891 inveni.
519 1865 619 1891 Verum
640 1864 662 1891 si
685 1865 749 1899 quid
768 1865 919 1897 addendum
935 1871 1018 1897 esset,

234 1899 359 1934 equidem
376 1899 482 1926 mallem
500 1900 601 1927 addere
621 1899 717 1931 οὕτως.
735 1899 800 1927 Nam
817 1900 907 1932 καλῶς
933 1901 1019 1928 locum

235 1933 280 1961 hic
295 1934 407 1970 habere_
418 1941 469 1970 non
495 1939 594 1970 potest,
619 1941 680 1961 cum
706 1936 731 1961 in
753 1936 879 1970 sequenti
899 1938 1020 1962 membro

234 1974 363 1996 occurrat
379 1967 408 1995 εὖ
423 1968 608 1997 διατεθέντων.
623 1969 728 2004 Alioqui
745 1967 831 1997 otiosa
849 1975 922 1997 esset
946 1979 1021 2004 repe-

235 2004 371 2040 titio,rnec
384 2004 442 2038 plus
459 2006 487 2031 in
509 2006 628 2032 secundo
650 2005 774 2040 membro
792 2005 927 2033 diceretur
940 2014 1020 2040 quam

236 2039 263 2065 in
278 2039 375 2073 primo.
392 2040 419 2067 In
434 2040 528 2068 codice
543 2045 631 2068 tamen
648 2039 715 2067 Fuk.
734 2040 832 2076 legitur
855 2039 953 2072 καλῶς
968 2041 1022 2067 διέ-

235 2082 266 2100 κε
271 2083 319 2100 ιτο.

272 2109 333 2145 (3⁵2)
345 2110 403 2136 Δύο
417 2110 474 2144 μὲν
488 2108 544 2137 οὖν
555 2111 630 2144 πρὸς
645 2111 707 2144 τοῖς
721 2111 887 2145 τριάκοντα.
910 2110 958 2138 llic
970 2111 1022 2137 Eu-

1070 1522 1212 1557 μοχθηρῶν
1234 1522 1336 1558 ἀνδρῶν
1361 1523 1524 1558 φαυλότητος
1547 1523 1645 1555 εἵνεκα,
1671 1523 1695 1550 οἳ
1711 1524 1759 1558 τῆς
1776 1531 1853 1557 σφων

1068 1566 1165 1598 κακίας
1185 1567 1234 1603 τὴν
1255 1567 1386 1602 βασιλέως
1403 1568 1588 1604 ἐπεγράφοντο
1606 1568 1777 1601 ἀνεξικακίαν
1800 1568 1854 1604 [al-

1069 1613 1138 1649 τίαν]
1155 1614 1221 1648 (55).
1243 1614 1297 1640 Καὶ
1319 1614 1372 1650 γὰρ
1396 1613 1441 1641 οὖν
1457 1615 1563 1650 ἀληθῶς
1583 1614 1628 1641 δύο
1647 1615 1750 1650 χαλεπὰ
1767 1615 1854 1642 ταῦτα

1071 1766 1134 1786 num
1160 1759 1308 1794 imperasse
1324 1767 1410 1786 annos
1429 1759 1547 1792 triginta.
1564 1765 1670 1785 menses
1683 1758 1786 1794 decem,
1803 1757 1854 1784 tri-

1071 1795 1121 1821 bus
1141 1792 1244 1820 tantum
1264 1794 1358 1821 diebus
1372 1794 1503 1828 exceptis.
1528 1794 1641 1820 Levatus
1665 1793 1736 1820 enim
1763 1792 1856 1819 fuerat

1071 1829 1340 1865 Caesarioctavorcal.
1359 1827 1483 1863 Augusti,
1499 1833 1526 1856 ut
1544 1827 1663 1865 infestis
1679 1828 1780 1865 scribit
1795 1827 1856 1854 Ida-

1073 1865 1135 1899 tius.
1165 1864 1248 1891 Recte
1274 1863 1355 1899 igitur
1382 1865 1524 1897 Eutropius
1540 1869 1567 1891 et
1584 1863 1702 1899 ltuliims
1718 1863 1852 1895 scribunt,

1072 1898 1276 1926 Constantinum
1288 1898 1369 1926 ianno
1382 1899 1487 1933 imperii
1502 1907 1554 1925 uno
1566 1906 1597 1924 ac
1615 1898 1751 1925 tricesimo
1764 1903 1854 1925 extre-

1073 1942 1144 1960 nunu
1160 1934 1231 1961 diem
1247 1934 1358 1962 abiisse.
1377 1934 1459 1961 Recte
1475 1935 1555 1961 etiam
1578 1933 1707 1960 Eusebius
1718 1939 1810 1960 noster
1824 1933 1850 1958 in

1073 1968 1202 1996 Chronico
1212 1970 1250 1996 ait
1261 1970 1466 1996 Constantinum
1484 1970 1629 2002 imperasse
1643 1969 1721 1994 annis
1733 1969 1854 2002 triginta,

1073 2005 1211 2031 mensibus
1227 2012 1255 2031 x.
1273 2004 1359 2031 Porro
1381 2005 1450 2031 unde
1478 2004 1576 2030 factum
1601 2004 1645 2033 sit,
1669 2008 1697 2029 ut
1717 2002 1852 2030 Eusebius

1075 2044 1166 2067 noster
1182 2040 1232 2066 hoc
1248 2040 1318 2070 loco,
1337 2045 1364 2066 et
1386 2039 1507 2073 plerique
1526 2045 1647 2065 velerum
1671 2038 1736 2064 duos
1753 2045 1783 2065 ac
1807 2040 1855 2064 tri-

1075 2076 1148 2109 ginta
1174 2075 1278 2108 imperii
1306 2082 1392 2101 aun05
1406 2074 1582 2100 Constantino
1601 2074 1753 2103 tribuerint,
1772 2081 1853 2109 causa

1076 2111 1133 2136 luuc
1147 2110 1252 2136 videtur
1265 2110 1359 2136 fuisse.
1374 2110 1485 2136 Biennio
1497 2115 1559 2135 ante
1576 2109 1678 2135 obitum
1694 2108 1855 2136 tricennalia

235 2141 402 2180 sebiii'locus
417 2141 524 2172 'multos
546 2141 706 2173 ill-erl‘ut‘ell—I
726 2141 843 2178 induxit,
870 2147 941 2172 inter
955 2153 1023 2180 quos
1039 2141 1060 2168 Ι)
1076 2145 1269 2173 Constantinus
1286 2145 1417 2175 ediderat,
1433 2144 1591 2180 Constantio
1610 2148 1637 2171 et
1657 2143 1753 2180 Albino
1768 2150 1854 2176 coss.,

237 2179 288 2206 fuit
306 2179 335 2205 Ι).
349 2179 486 2211 Petavius,
503 2181 548 2213 qui
566 2186 622 2207 tmn
647 2182 673 2208 in
694 2181 910 2208 adnotationibus
936 2179 970 2208 ad
994 2182 1025 2208 li-

239 2214 316 2240 hrum
335 2215 480 2249 Epiphanii
503 2215 540 2241 De
554 2216 725 2249 ponderibus,
744 2221 798 2242 tum
815 2217 841 2243 in
858 2215 927 2243 libro
944 2224 962 2242 ιι
989 2216 1025 2243 οε

237 2249 358 2276 doctrina
377 2255 531 2283 temporum.
548 2251 654 2278 Eusebii
670 2253 832 2278 auctoritate
849 2250 943 2283 fretus,
958 2251 1028 2279 Con-

239 2284 542 2320 stantinumtricesimu
557 2287 677 2312 secundo
695 2286 799 2320 imperii
817 2293 890 2312 anno
915 2292 1027 2313 mortem

238 2319 343 2346 obiisse
368 2320 486 2355 censuit.
515 2319 586 2347 Idem
605 2322 686 2348 etiam
711 2322 879 2355 scripserunt
906 2321 1028 2355 plerique

238 2358 361 2390 veterum
382 2363 388 2381 :
413 2354 611 2390 Plulostorgius
632 2357 658 2382 in
675 2356 723 2383 lib.
755 2354 785 2386 ιι,
811 2354 967 2383 Theodorus
980 2354 1028 2383 Le-

239 2393 299 2425 ctor
314 2389 338 2416 in
353 2390 540 2421 collectaneis,
557 2389 736 2425 Epiphanius,
750 2396 776 2418 et
795 2396 890 2417 auctor
904 2391 1027 2418 Chronici

240 2423 417 2451 Alexandrini
442 2434 451 2452 :
479 2433 512 2452 ex
530 2423 633 2452 Latinis
660 2431 748 2453 autent
771 2426 896 2453 Aurelius
923 2426 1025 2454 Victor.

242 2457 339 2495 yerum
357 2460 415 2487 haec
429 2462 564 2488 sententia
581 2469 692 2495 prorsus
705 2462 822 2488 absurda
837 2461 900 2488 mihi
911 2462 1025 2488 videtur.

239 2492 308 2519 Nam
322 2495 368 2528 qui
385 2496 422 2522 ita
433 2496 563 2527 sentiunt,
576 2492 688 2523 necesse
703 2501 744 2523 est
757 2497 837 2523 etiam
853 2502 882 2522 ut
894 2496 1027 2524 allirmenl

239 2529 363 2566 eumdem
374 2530 589 2566 Constantinum
610 2539 681 2558 anno
693 2531 794 2559 Christi
807 2531 860 2558 505
884 2532 1025 2566 imperium

240 2563 348 2598 iniisse,
366 2565 545 2593 Constantino
564 2574 578 2593 ν
594 2572 622 2592 et
638 2567 801 2593 Maximiano
818 2574 902 2597 coss.,
918 2563 1027 2594 eodem-

239 2606 293 2636 que
306 2606 378 2627 anno
398 2600 585 2628 Constantium
600 2602 749 2634 Augustum
767 2607 871 2636 patrem
892 2603 1025 2630 Constan-

241 2634 289 2660 tini
304 2641 319 2661 e
336 2636 404 2663 vivis
423 2636 536 2664 abiisse.
555 2637 638 2671 Atqui
663 2634 842 2664 Constantius
866 2639 935 2672 Aug.
954 2644 1025 2664 anno

241 2675 383 2703 sequente,
401 2673 504 2705 quiest
526 2672 627 2699 Christi
645 2673 708 2705 506,
729 2674 824 2700 consul
846 2677 953 2700 sextqu
974 2672 1025 2699 fuit

241 2711 300 2741 ειιοι
317 2705 482 2734 Maximiano
499 2707 613 2741 collega,
626 2713 655 2734 ιιι
672 2715 767 2735 omnes
791 2708 852 2735 fasti
869 2712 1026 2735 constanter

241 2737 393 2768 aflirmant.
405 2741 494 2774 Quare
508 2737 680 2771 COns'ta'ntini
704 2744 846 2776 iluperimn
863 2743 970 2770 nonnisi
991 2743 1025 2769 ab

240 2784 312 2802 anno
339 2776 447 2813 Christi
465 2777 517 2804 506
543 2777 639 2804 deduci
668 2782 765 2813 potest.
795 2777 854 2804 .lam
882 2785 946 2804 vero
963 2785 1024 2804 cum

241 2816 363 2837 mortuus
378 2812 413 2838 sit
428 2811 564 2840 Feliciano
577 2818 604 2840 et
615 2811 723 2840 Titiano
738 2820 822 2844 δοες..
835 2813 884 2840 hoc
896 2818 939 2838 est
953 2820 1024 2839 anno

241 2845 340 2873 Christi
362 2846 424 2878 557,
444 2847 488 2875 die
499 2848 629 2875 vicesimo
645 2849 764 2875 secundo
785 2849 887 2875 mensis
905 2847 978 2879 Maii,
996 2852 1024 2874 ut

241 2881 313 2908 inter
327 2889 422 2909 omnes
434 2887 552 2914 constat.
569 2884 725 2912 necessario
741 2882 853 2910 ellicitur
866 2883 1022 2911 Constanti-

1079 2186 1108 2207 ut
1125 2188 1215 2214 supra,
1227 2180 1319 2207 retulit
1334 2180 1476 2207 Eusebius.
1503 2179 1637 2214 Putarunt
1651 2179 1738 2214 igitur
1755 2186 1854 2214 annum

1081 2213 1186 2249 imperii
1202 2213 1372 2243 Constantini
1388 2215 1432 2247 50,
1450 2215 1482 2241 iis
1495 2221 1565 2241 coss.
1583 2213 1733 2249 absolutum
1757 2213 1853 2249 fuisse;

1079 2247 1150 2284 quod
1165 2255 1254 2277 tamen
1269 2250 1363 2277 falsum
1378 2255 1428 2280 est,
1446 2255 1473 2275 ut
1485 2257 1565 2284 supra
1580 2249 1681 2275 notavi.
1708 2247 1809 2274 Deinde
1822 2248 1857 2275 ab

1080 2286 1159 2312 initio
1174 2285 1355 2322 Constantini,
1372 2293 1457 2318 usque
1472 2285 1585 2322 ad_ejus
1596 2284 1697 2322 obitum
1714 2291 1787 2322 xxin
1809 2291 1857 2317 pa-

1079 2322 1118 2347 ria
1132 2320 1274 2347 consulqu
1294 2326 1478 2347 munerantur.
1505 2319 1540 2346 Ex
1556 2328 1608 2353 quo
1633 2319 1688 2345 ticri
1717 2319 1812 2350 potuit,
1828 2326 1858 2345 ut

1080 2355 1216 2383 tricesimo
1230 2356 1348 2382 secundo
1371 2356 1476 2390 imperii
1496 2362 1567 2380 anno
1586 2353 1777 2390 illumrobiisrse
1791 2361 1858 2390 pcre-

1079 2391 1182 2418 dereut.
1197 2390 1273 2417 Adde
1286 2391 1356 2425 quod
1375 2388 1493 2417 nonnulli
1511 2389 1673 2423 Cltronologi
1688 2389 1772 2421 patris
1785 2388 1858 2415 Cor.-

1078 2425 1168 2452 stantii
1180 2427 1381 2460 aunos,quippe
1392 2427 1436 2459 qui
1449 2426 1520 2452 brevi
1533 2425 1676 2451 admodum
1686 2425 1857 2460 imperasset,

1077 2461 1255 2488 Constantino
1281 2459 1473 2496 ascripserunt.
1499 2461 1630 2496 Caeterum
1653 2459 1859 2496 tnunendusest

1077 2496 1172 2527 lector.
1187 2494 1371 2524 doctissimum
1395 2495 1534 2522 Pelavium
1556 2495 1663 2521 tandem
1692 2494 1857 2520 sententiam

1078 2537 1248 2569 mutasse.“
1264 2532 1412 2569 vulgatanr
1425 2532 1577 2569 opinionem
1595 2529 1727 2569 de_anuis
1751 2529 1858 2569 imperii

1076 2566 1248 2594 Constantini
1268 2563 1366 2604 deque
1390 2563 1453 2604 ejus
1472 2565 1548 2592 initio
1574 2564 1725 2604 amplexum
1758 2563 1857 2604 fuisse,

1077 2608 1106 2627 ut
1123 2606 1198 2637 patet
1210 2609 1243 2629 ex
1267 2599 1358 2629 Ιιιιξιν
1386 2601 1469 2636 partis
1483 2602 1608 2628 secundae
1626 2599 1773 2626 Rntiouarii
1791 2603 1859 2625 tem-

1075 2645 1180 2670 parum.

1112 2673 1169 2707 (55)
1193 2673 1394 2703 Ὰνεξικακίαν
1414 2673 1521 2699 αἰτίαν.
1540 2673 1677 2709 Postrema
1696 2676 1746 2695 vox
1760 2677 1775 2695 a
1793 2676 1810 2709 vi

1077 2707 1163 2734 dnctis
1182 2708 1225 2734 hic
1237 2709 1326 2734 addita
1335 2713 1375 2734 cst
1389 2714 1420 2732 ex
1436 2715 1500 2733 mss.
1515 2706 1661 2735 codicibus,
1677 2711 1758 2738 quam
1775 2706 1858 2730 etiam

1077 2743 1103 2768 in
1120 2742 1188 2769 Fuk.
1201 2742 1268 2769 libro
1285 2743 1382 2776 reperi.
1398 2741 1503 2778 Mallem
1516 2747 1603 2767 tamen
1616 2741 1791 2778 lianevocem
1804 2739 1861 2778 col-

1077 2777 1166 2804 locare
1186 2782 1250 2804 ante
1264 2774 1376 2804 verbum
1392 2775 1590 2812 ἐπεγράφοντο.
1614 2775 1658 2812 §ic
1678 2774 1811 2812 Eusebius
1833 2774 1859 2799 in

1076 2814 1129 2840 line
1153 2813 1199 2839 lib.
1226 2820 1255 2838 ιιι
1276 2812 1311 2839 De
1340 2813 1392 2839 vita
1421 2809 1593 2838 constantiui.
1620 2809 1710 2847 Longe
1726 2809 1861 2847 Διιι-οζιξριο

1076 2848 1225 2915 ςιοιέιιιιιὶιιίδ
1244 2848 1278 2874 ita
1295 2847 1568 2875 scribereturmd'tiav
1584 2847 1628 2873 ὲπ.
1654 2845 1702 2880 τὴν
1723 2843 1861 2879 βασιλέως

1078 2892 1122 2909 ave
1142 2891 1205 2910 ικακ
1218 2891 1260 2911 αν.

1078 2892 1122 2909 ανε
1127 2891 1260 2911 ζικακιαν.

1193 2671 1394 2703 Ὰνεξικακίαν
1414 2671 1521 2699 αἰτίαν.
1540 2670 1677 2698 Postrema
1696 2676 1746 2695 vox
1760 2677 1775 2695 a
1793 2669 1860 2695 viris
