2001 3168
180 145 188 172 l
194 144 247 173 205

718 144 763 172 DE
785 144 867 172 Vl’l‘A
885 141 1114 172 CONSTANTINI
1136 141 1202 170 LIB.
1217 141 1262 169 ιν.

1723 135 1791 164 {206

176 202 246 230 κατὰ
258 202 320 234 τοὺς
330 201 508 238 δηλουμένους
521 201 631 234 τούτους
640 202 750 238 χρόνους
760 203 807 230 καὶ
815 203 891 230 αὐτοὶ
899 211 954 230 κατ-

1014 209 1118 238 quoque
1135 201 1184 236 ipsi
1198 199 1388 235 conspeximus
1400 206 1407 226 :
1421 196 1573 224 violentiam
1586 194 1689 223 scilicet
1703 195 1787 229 pessi-

175 249 335 284 ενοήσαμεν,
359 249 501 285 ἑπιτριϐὴν
517 249 661 285 ἀπλήστων
682 249 736 284 (54)
752 249 799 276 καὶ
817 249 959 285 μοχθηρῶν

175 293 280 329 ἀνδρῶν
297 293 350 319 τῶν
371 293 458 320 πάντα
482 293 685 328 λυμαινομένων
703 294 769 329 βίον,
781 294 919 330 εἰρωνείαν
935 295 958 321 τ’

174 340 285 368 ἄλεκτον
297 340 350 367 τῶν
362 340 410 376 τὴν
418 340 579 375 Ἐκκλησίαν
590 340 787 376 ὑποδυομένων,
796 341 843 367 καὶ
855 341 885 367 τὸ
893 341 959 376 Χρι-

175 387 289 413 στιανῶν
310 386 483 418 ὲπιπλάστως
504 386 742 422 σχηματιζομένων
767 386 860 422 ὄνομα.
886 387 922 413 Τὸ
935 387 957 413 δ’

174 431 256 459 αὐτοῦ
281 431 468 468 φιλάνθρωπον
489 432 536 459 καὶ
555 432 712 467 φιλάγαθον,
734 432 766 459 τό
793 441 823 459 τε
847 433 896 468 τῆς
914 433 958 460 πί-

175 486 258 510 στεως
267 478 419 514 εἰλικρινὲς,
436 479 482 505 καὶ
505 479 551 505 τοῦ
562 479 662 514 τρόπου
680 479 710 506 τὸ
724 478 878 514 φιλάληθες,
896 479 958 514 ἐνῆ-

173 531 219 558 γεν
231 524 310 550 αὑτὸν
328 522 466 550 πιστεύειν
478 524 517 560 τῷ
531 524 648 560 σχήματι
665 523 719 550 τῶν
732 524 902 560 Χριστιανῶν
919 522 958 551 εἷ-

173 577 216 596 ναι
227 569 420 605 νομιζομένων,
432 569 536 597 εὖνοιαν
546 570 569 596 τ’
578 570 663 606 ὀληθῆ
675 570 737 606 περί
747 570 827 597 αὐτὸν
837 570 957 598 πεπλασ-

173 615 241 652 μένῃ
253 614 324 650 ψυχῇ
341 614 436 647 σώζειν
446 616 683 652 προσποιουμένων
692 624 699 631 ·
715 613 754 648 οἷς
766 616 860 643 ἑαυτὸν
871 625 956 644 κατα-

171 657 316 690 πιστεύων,
331 659 400 694 τάχα
411 659 443 686 ἄν
461 668 525 686 ποτε
541 660 587 687 καὶ
609 661 665 692 τοῖς
687 660 723 696 μὴ
739 661 886 697 πρέπουσιν
899 663 956 688 ὲνε-

171 703 280 740 πείρετο
295 705 361 740 (35),
379 706 475 742 κηλῖδα
496 706 598 743 ταύτην
615 708 671 739 τοῖς
691 707 773 734 αὐτοῦ
789 708 879 740 καλοῖς
895 709 955 735 ἑπι-

171 751 300 786 φέροντος
312 751 359 779 τοῦ
377 752 483 787 φθόνου.

422 889 619 917 ΚΕΦΑΑΑΙΟΝ
633 891 697 918 ΝΕ’.

171 933 270 967 ὀπως
277 933 365 969 μέχρι
374 935 516 970 τελευτῆς
524 936 714 972 ἐλογογιράφει
722 937 956 971 Κωνσταντῖνος.

211 1012 290 1039 Ἀλλὰ
306 1013 368 1044 τοὺς
384 1012 434 1047 μὲν
451 1013 505 1047 (36)
518 1014 568 1040 οὐκ
583 1015 622 1045 εἰς
635 1014 743 1050 μακρὰν
753 1016 770 1051 ὴ
786 1014 845 1042 θεία
859 1016 957 1052 μετήρ-

169 1067 232 1095 χετο
245 1059 321 1094 δίκη·
334 1059 413 1090 αὐτὸς
426 1059 453 1086 δὲ
470 1059 593 1094 βασιλεὺς
613 1060 683 1088 οὓτω
697 1060 745 1097 τὴν
761 1061 848 1097 ψυχὴν
861 1062 954 1098 λογικῇ

171 1104 278 1130 συνέσει
297 1105 428 1140 προῆκτο,
453 1105 491 1136 ὼς
511 1105 558 1132 καὶ
582 1106 661 1142 μέχρι
684 1106 810 1142 τελευτῆς
836 1107 956 1143 συνήθως

172 1150 220 1185 μὲν
231 1150 419 1186 λογογραφεῖν,
438 1151 560 1187 συνήθως
574 1152 602 1179 δὲ
615 1152 664 1184 τὰς
679 1153 806 1189 προόδους
823 1154 955 1181 ποιεῖσθαι

171 1196 238 1230 (57),
254 1196 300 1222 καὶ
319 1196 368 1228 τὰς
383 1196 543 1232 θεοπρεπεῐς
554 1199 609 1229 τοῖς
624 1199 770 1234 ἀκροαταῖς
784 1198 956 1231 διδασκαλίας

170 1244 310 1278 παρέχειν,
332 1244 485 1279 νομοθετεῖν
510 1244 537 1271 δὲ
560 1245 690 1280 συνήθως,
709 1246 770 1272 τοτὲ
787 1246 835 1281 μὲν
852 1246 955 1273 πολιτι-

170 1290 239 1321 κοῖς,
263 1290 322 1316 τοτὲ
344 1289 372 1316 δὲ
398 1292 614 1326 στρατιωτικοῖς,
637 1291 726 1318 πάντα
743 1300 773 1318 τε
795 1292 956 1327 προσφόρως

169 1334 209 1370 τῷ
226 1335 280 1361 τῶν
292 1335 442 1371 ἀνθρώπων
465 1336 582 1362 ἐπινοεῖν
605 1335 662 1372 βίῳ.
681 1337 873 1372 Μνημονεῦσαι
890 1337 911 1364 δ’
926 1337 956 1364 ἄ-

171 1379 236 1413 ξιον,
259 1381 296 1412 ὡς
317 1382 385 1417 πρὸς
404 1381 472 1417 αὐτῇ
494 1381 612 1416 γεγονὼς
633 1383 667 1418 τῇ
691 1382 738 1408 τοῦ
757 1382 814 1417 βίου
833 1382 954 1418 τελευτῇ,

170 1426 320 1462 ἐπιτήδειόν
335 1436 396 1454 τινα
408 1427 484 1462 λόγον
499 1428 544 1454 ἐπὶ
554 1427 601 1454 τοῦ
617 1428 745 1464 συνήθους
757 1429 861 1464 διῆλθεν
872 1429 940 1464 ἁκρο
952 1447 955 1450 ~

169 1473 282 1508 ατηρίου
293 1481 300 1488 θ
326 1473 429 1509 μακρὸν
453 1474 481 1500 δὲ
504 1474 664 1506 κατατείνας
675 1475 730 1510 (58)
745 1476 773 1501 ἐν
788 1475 874 1510 τούτῳ
891 1476 954 1511 περὶ

169 1519 258 1554 ψυχῆς
280 1518 425 1550 ἀθανασίας
440 1519 539 1554 διεξῄει
558 1520 666 1555 (λόγον),
688 1520 752 1556 περί
767 1529 797 1546 τε
813 1521 867 1546 τῶν
879 1521 955 1547 εὐσε-

1013 255 1116 276 morum
1131 246 1270 274 hominum
1288 249 1315 273 et
1339 242 1483 272 insatiabili
1509 241 1656 277 cupiditate
1670 241 1789 277 ﬂagran-

1013 295 1089 327 tium,
1106 293 1152 329 qui
1166 293 1305 320 universos
1324 290 1379 318 fere
1395 289 1523 317 mortales
1547 287 1709 315 infestabant
1724 307 1732 320 ,
1762 293 1788 315 et

1012 339 1212 368 fraudulentam
1228 335 1426 364 simulationem
1446 341 1538 362 eorum
1564 333 1610 368 qui
1638 332 1735 360 callide
1760 333 1788 360 in

1011 384 1333 419 Ecclesiamirrepebant,
1347 387 1372 410 et
1384 381 1599 410 Christianorum
1610 387 1706 407 nomen
1721 378 1789 407 falso

1011 442 1043 462 ac
1056 434 1146 466 specie
1164 438 1242 460 tenus
1257 429 1446 466 praeferebant.
1465 428 1563 456 Verum
1579 427 1658 455 insita
1671 425 1787 462 impera-

1011 481 1061 509 tori
1083 478 1237 507 humanitas
1254 484 1286 505 ac
1297 475 1415 508 bonitas,
1433 473 1532 502 etlldei
1549 479 1715 512 morumque
1727 471 1788 499 sin-

1009 527 1119 559 ceritas,
1135 533 1168 553 eo
1183 524 1272 560 ipsum
1289 521 1412 554 adduxit,
1426 525 1455 548 ut
1467 519 1590 548 crederet
1606 517 1674 546 ﬁctze
1685 518 1711 545 in
1726 524 1788 553 spe-

1009 573 1078 599 ciem
1091 570 1184 607 pietati
1200 569 1338 597 hominum
1363 567 1470 595 illorum
1487 565 1533 601 qui
1559 572 1607 601 pro
1625 563 1789 592 Christianis

1010 617 1188 650 habebantur,
1203 615 1282 649 etqui
1301 614 1437 641 sinceram
1450 619 1512 647 erga
1523 612 1610 646 ipsum
1625 610 1788 638 benevolen-

1011 665 1073 692 tiam
1089 663 1187 690 callida
1199 666 1289 689 nteute
1305 659 1478 688 simulabant.
1491 653 1594 691 Quibus
1605 656 1651 684 ille
1669 663 1729 683 eum
1747 662 1789 684 se-

1012 710 1158 745 metipsum
1176 707 1346 737 credidisset,
1360 705 1493 733 interdum
1507 703 1624 731 fortasse
1642 703 1667 730 in
1683 709 1714 729 ea
1728 709 1789 737 quat

1009 762 1102 790 parum
1114 754 1211 781 decora
1225 757 1324 783 esseut,
1337 750 1464 785 impegit,
1479 748 1588 784 maligni
1605 748 1734 776 daemonis
1745 749 1787 774 in-

1008 801 1077 828 vidia
1098 801 1167 828 Itatte
1191 799 1265 826 velttt
1295 796 1426 824 maculam
1457 795 1568 830 reliquis
1588 794 1647 830 ejus
1662 793 1788 821 laudibus

1008 850 1177 881 aspergeute.

1252 888 1334 925 55‘,
1355 887 1469 915 CAPUT
1488 886 1541 914 LV.

1044 936 1166 970 Qualiter
1177 937 1211 963 ad
1233 935 1354 962 ultimum
1370 942 1450 975 itaque
1463 934 1522 961 vita:
1535 933 1603 960 diem
1619 932 1751 960 orationes

1337 974 1453 1002 κηρία.

1044 1018 1141 1047 Verum
1155 1018 1215 1046 illos
1231 1017 1321 1044 divina
1338 1015 1440 1050 iustitia
1456 1022 1508 1042 non
1518 1014 1603 1042 multo
1616 1020 1677 1048 past
1690 1014 1787 1042 merito

1006 1065 1137 1100 supplicio
1155 1064 1254 1092 aliecit.
1270 1063 1418 1097 Imperator
1445 1069 1510 1088 vero
1524 1065 1597 1088 tanta
1631 1067 1786 1088 sermonum

1006 1112 1121 1140 scientia
1139 1111 1259 1138 animum
1277 1110 1450 1137 instruxerat,
1470 1110 1498 1133 ut
1512 1107 1546 1134 ad
1558 1105 1682 1133 ultimum
1700 1112 1785 1140 usque

1005 1159 1076 1186 diem
1097 1158 1168 1189 vitae,
1189 1156 1328 1183 orationes
1351 1152 1540 1181 conscriberet
1556 1159 1630 1179 more
1645 1150 1736 1183 solito,
1757 1154 1787 1178 et.

1005 1204 1150 1233 conciones
1161 1202 1284 1233 haberet,
1307 1205 1335 1228 et
1352 1200 1442 1227 divina
1471 1199 1633 1226 documenta
1657 1197 1787 1224 auditori-

1005 1252 1056 1278 bus
1069 1249 1239 1276 insinuaret:
1258 1246 1331 1280 leges
1346 1245 1408 1272 item
1425 1245 1509 1272 ferret
1529 1243 1649 1275 assidue,
1664 1250 1736 1270 nunc
1751 1242 1785 1269 de

1004 1295 1130 1325 civilibus
1143 1293 1271 1328 negotiis,
1287 1299 1357 1319 nunc
1374 1292 1407 1318 de
1430 1298 1460 1318 re
1480 1289 1589 1317 militari
1603 1298 1609 1316 :
1624 1293 1720 1316 cuncta
1736 1288 1783 1315 de-

1006 1343 1089 1378 nique
1104 1340 1138 1368 ad
1163 1337 1333 1367 commodum
1351 1342 1432 1372 atque
1447 1336 1589 1364 utilitatem
1614 1334 1724 1362 Intumui
1743 1341 1786 1368 ge-

1006 1388 1078 1415 neris
1091 1387 1267 1422 excogitaret.
1285 1383 1350 1410 Illud
1365 1389 1430 1410 vero
1454 1382 1661 1416 haudquaquam
1678 1378 1784 1407 silentio

1005 1433 1220 1469 praetereundum
1235 1435 1287 1462 est,
1303 1429 1373 1466 quod
1399 1436 1459 1456 cum
1486 1432 1624 1455 extremus
1639 1426 1701 1453 vita:
1726 1425 1784 1453 dies

1005 1479 1118 1515 ipsijam
1135 1477 1310 1513 impenderet,
1323 1475 1462 1503 funebrem
1477 1473 1622 1508 quamdam
1634 1471 1783 1499 orationem

1005 1526 1031 1553 itt
1045 1529 1176 1553 consueto
1194 1523 1328 1550 auditorio
1343 1520 1477 1548 recitavit.
1493 1520 1613 1552 Cumque
1628 1524 1782 1545 sermonem

170 1563 225 1596 εὼς
236 1564 397 1599 διηνυκὸτων
411 1565 460 1600 τὴν
473 1565 554 1600 ζωὴν,
567 1565 621 1592 τῶν
633 1574 661 1591 τε
676 1567 732 1597 τοῖς
744 1565 877 1600 θεοφιλέσι
891 1567 954 1602 παρ’

1007 1571 1110 1606 longius
1122 1569 1303 1605 produxisset,
1322 1568 1348 1595 in
1375 1574 1407 1594 ea
1431 1564 1559 1593 disseruit
1574 1565 1607 1590 de
1630 1564 1784 1590 animorum

169 1609 245 1645 αὐτῷ
267 1610 325 1645 Θεῷ
335 1610 553 1645 τεταμιευμένων
569 1611 677 1645 ἀγαθῶν
688 1619 694 1626 ·
713 1612 828 1645 μακραῖς
844 1611 866 1637 δ’
888 1612 954 1637 ἀπο-

170 1655 277 1688 δείξεσι,
300 1656 347 1682 καὶ
364 1656 395 1682 τὸ
417 1655 471 1682 τῶν
487 1656 614 1682 ἐναντίων
633 1656 726 1691 τάγμα
745 1656 838 1682 ὁποίου
860 1656 954 1688 τέλους

169 1701 302 1734 τεύξεται,
320 1702 436 1738 φανερὸν
455 1703 550 1733 ἐποίει,
569 1702 623 1728 τῶν
639 1702 725 1729 ἀθέων
744 1702 792 1737 τὴν
806 1710 954 1738 καταστρο-

170 1748 223 1783 φὴν
241 1747 401 1783 παραδιδοὺς
420 1749 452 1782 τῇ
469 1749 559 1783 γραφῇ
570 1756 576 1762 ·
598 1747 613 1774 ὃ
626 1747 656 1783 δὴ
672 1748 719 1774 καὶ
739 1747 874 1783 ἐμϐριθῶς
885 1756 955 1783 μαρ-

168 1794 328 1830 τυρόμενος,
350 1793 535 1821 καθάπτεσθαι
551 1793 604 1820 τῶν
619 1793 686 1828 ἀμφ’
704 1793 784 1820 αὑτὸν
801 1793 902 1820 ἐδόκει·
916 1794 954 1826 ὡς

170 1841 217 1867 καί
235 1849 297 1866 τινα
313 1840 366 1866 τῶν
388 1839 572 1876 δοκησισόφων
591 1840 645 1875 (59)
662 1839 770 1874 ἔρεσθαι
791 1839 863 1872 ὅπως
883 1839 953 1875 ἔχειν

169 1885 243 1920 αὐτῷ
261 1885 381 1920 φαίνοιτο
404 1884 439 1911 τὰ
458 1885 608 1920 λεγόμενα·
628 1885 672 1911 τὸν
694 1885 715 1911 δ’
733 1886 953 1921 ἐπιμαρτυρῆσαι

169 1934 225 1963 τοῖς
237 1932 323 1965 λόγοις
336 1931 472 1967 ἀλήθειαν,
489 1931 590 1967 σφόδρα
601 1940 640 1961 τε,
649 1931 748 1966 καίπερ
757 1932 805 1958 οὑκ
817 1931 951 1963 ἐθέλοντα,

169 1978 288 2004 ιταινεῖν
310 1977 360 2008 τὰς
381 1977 452 2003 κατὰ
467 1977 520 2003 τῶν
537 1977 672 2004 πολυθέων
693 1976 872 2009 διδασκαλίας.
891 1977 952 2004 Τοι-

207 2066 263 2101 (δι)
273 2065 350 2101 Vulg.
361 2065 692 2100 ἐπιτριϐῆςάπλήστων.
702 2066 953 2100 Atuplcctoremen-

169 2102 306 2129 dationem
336 2103 478 2128 doctorum
517 2104 645 2133 virorum,
668 2109 726 2136 quae
750 2102 776 2128 itt
797 2101 901 2129 Fuketii
921 2102 952 2128 li-

169 2137 219 2164 bro
234 2137 324 2172 etiam
348 2136 457 2169 legitur,
478 2137 630 2172 ὲπιτριόήν.
652 2137 735 2164 Porro
751 2137 896 2164 notandum
911 2141 955 2165 est

169 2171 216 2199 hic
231 2170 360 2205 judicium
373 2171 480 2198 Eusebii
494 2170 651 2207 nostripqui
670 2173 695 2199 in
709 2172 864 2206 principatu
882 2172 952 2198 Con-

169 2206 281 2234 stantini
307 2211 432 2240 tanquant
462 2207 488 2233 itt
511 2207 695 2241 pulcherrimo
721 2207 839 2241 quodam
865 2207 949 2240 vultu,

169 2233 242 2269 hunc
257 2233 487 2274 ltmvuutluotavil,
502 2233 572 2274 quod
586 2233 738 2277 ipessimos'
749 2233 786 2269 ac
805 2233 952 2274 rapacisst;
967 2233 989 2261 Ῑ)

169 2284 230 2303 tuos
254 2277 386 2307 homines,
408 2278 440 2302 ad
463 2277 609 2304 amicitiam
636 2285 723 2309 suatn,
740 2282 766 2304 et
787 2277 820 2304 ad

170 2311 257 2338 ofﬁcia
274 2311 451 2343 adscivisset,
490 2316 517 2338 et
543 2313 613 2346 quod
635 2312 730 2339 fraude
751 2317 778 2339 et
801 2312 952 2340 calliditate

168 2348 348 2382 quorumdam
376 2347 420 2380 qui
445 2353 475 2373 se
497 2346 666 2382 Christianos
690 2354 749 2374 esse
775 2347 950 2380 simulabant,

170 2381 374 2418 circumventus
391 2381 496 2408 fuisset.
517 2381 664 2418 Idemgl'ere
679 2382 852 2418 reprehendit
865 2383 950 2410 Aure-

170 2417 223 2444 lius
240 2415 331 2444 Victor
348 2417 390 2444 his
407 2417 515 2444 verbis:
541 2426 550 2442 t
579 2415 857 2444 Fiscales‘molestim
872 2425 951 2444 seve-

171 2451 229 2479 rius
248 2459 363 2485 pressai,
386 2457 532 2486 cunctaque
544 2452 636 2479 divino
653 2452 715 2478 rittti
732 2453 806 2485 paria
824 2453 949 2479 videren-

171 2487 262 2518 tttr,rti
276 2495 367 2520 parum
379 2486 466 2521 digitis
477 2487 509 2513 ad
525 2487 632 2522 publica
648 2487 748 2514 aditum
762 2487 948 2515 concessisset.

171 2522 236 2553 Qua:
249 2529 402 2556 quanquam
424 2523 521 2555 saepius
534 2523 667 2555 accidere,
694 2527 783 2549 tamen
803 2523 828 2549 in
843 2530 949 2549 summo

172 2556 291 2590 ingenio,
307 2563 387 2592 atque
401 2557 509 2590 optimis
519 2557 672 2592 reipublicae
684 2557 813 2589 moribus,
828 2559 950 2592 quamvis

170 2597 253 2626 parva
269 2591 332 2617 vitia
345 2591 452 2618 elucent
468 2591 563 2626 magis.
578 2601 587 2617 ο
608 2592 659 2618 Sed
673 2597 700 2619 et
716 2592 805 2620 Amm.
818 2591 950 2620 Marcelli-

171 2633 222 2652 nus
246 2625 271 2652 iu
302 2625 369 2662 libro
393 2633 436 2652 xvt
453 2625 566 2660 idipsutn
591 2631 747 2654 testaturzt
767 2627 834 2655 Nam
857 2629 950 2662 proxi-

171 2668 277 2687 morum
301 2660 394 2688 fauces
407 2662 513 2696 aperuit
535 2663 638 2697 primus
659 2662 778 2690 omnium
794 2660 950 2691 Constanti-

171 2702 231 2722 nus.
251 2705 260 2721 ι

207 2730 263 2766 (55)
281 2731 471 2766 Ἐνεπειρετο.
490 2730 517 2758 ltt
532 2732 610 2759 codd.
639 2732 708 2761 Fult.
720 2737 747 2760 cl
768 2732 862 2761 Savilii
878 2734 948 2761 scri-

171 2765 244 2802 bitur
256 2765 420 2802 ἐνεπειρᾶτο.

207 2801 261 2836 (56)
284 2801 371 2829 Ἀλλὰ
391 2802 461 2836 τοὺς
481 2801 548 2837 μέν.
573 2802 716 2830 Ablabium
743 2803 813 2830 inter
836 2808 948 2831 caeteros

172 2836 283 2871 intelligi
304 2843 378 2870 puto,
398 2839 442 2871 qui
466 2836 525 2872 post
540 2837 708 2864 Constantini
736 2844 861 2871 mortem,
886 2846 948 2865 cum

172 2879 216 2900 tes
231 2880 314 2900 novas
332 2873 419 2901 ntoliri
435 2874 604 2908 crederetur,
617 2874 694 2910 jussu
709 2873 862 2902 Constantii
879 2874 948 2902 inte-

845 2277 951 2311 publica

1005 1615 1219 1648 immortalitate,
1239 1613 1326 1648 deque
1351 1613 1392 1640 bis
1411 1611 1457 1646 qui
1476 1611 1559 1638 vitam
1581 1610 1624 1644 pie
1652 1610 1785 1637 traduxis-

1004 1666 1065 1689 sent
1077 1670 1085 1695 ;
1103 1666 1130 1689 et
1141 1661 1174 1688 de
1187 1660 1264 1688 bonis
1277 1666 1335 1694 qua:
1345 1658 1438 1686 amicis
1449 1657 1494 1684 Dei
1509 1656 1578 1691 apud
1599 1656 1685 1690 ipsum
1700 1655 1783 1683 Deum

1005 1706 1142 1734 recondita
1166 1709 1267 1733 essent.
1290 1703 1389 1731 Contra
1407 1710 1483 1734 vero,
1499 1709 1580 1737 quem
1597 1702 1676 1730 littem
1693 1706 1784 1730 essent

1004 1752 1121 1780 ltabituri
1137 1752 1173 1778 illi
1190 1752 1235 1786 qui
1253 1750 1416 1779 contrariam
1429 1748 1538 1776 vivendi
1556 1747 1689 1775 rationem
1705 1748 1784 1775 insti-

1005 1797 1135 1828 tuissent,
1152 1797 1243 1824 multis
1265 1795 1415 1823 rationibus
1429 1793 1567 1821 evidenter
1582 1793 1709 1826 astruxit,
1739 1793 1784 1821 in-

1005 1843 1112 1870 teritum
1125 1847 1152 1868 et
1169 1842 1271 1869 cladem
1286 1841 1427 1875 impiorum
1441 1841 1611 1867 deScribens.
1626 1839 1701 1872 Quod
1724 1841 1786 1874 qui-

1003 1888 1063 1916 dem
1076 1895 1138 1915 cum
1153 1887 1271 1921 graviter
1295 1891 1323 1914 et
1335 1887 1408 1914 serio
1424 1886 1582 1917 aliirmaret,
1601 1885 1738 1919 proximos
1757 1890 1786 1912 et

1004 1933 1151 1961 familiares
1176 1941 1240 1960 suos
1263 1933 1444 1967 perstringere
1472 1932 1616 1959 videbatur
1633 1940 1640 1957 :
1657 1932 1727 1957 adeo
1755 1935 1784 1957 ttt

1003 1980 1146 2015 quemdam
1163 1987 1196 2006 ex
1215 1979 1268 2006 illis
1297 1986 1365 2005 vana
1381 1978 1520 2014 sapientia:
1539 1978 1665 2012 opinione
1681 1976 1782 2004 inﬂatis

1003 2071 1123 2101 remptus
1134 2071 1186 2100 est,
1200 2070 1229 2093 ut
1241 2065 1300 2093 fuse
1315 2071 1408 2093 narrat
1420 2065 1554 2100 Eunapius
1568 2065 1594 2091 in
1613 2064 1679 2091 Vitis
1696 2064 1786 2099 sophi-

1001 2106 1113 2129 alarum.

1038 2137 1093 2173 (37)
1107 2135 1247 2173 Συνήθῳς
1301 2135 1354 2173 τᾲς
1370 2134 1684 2173 προόδουςνιοιξῖσθᾳι.
1697 2133 1783 2173 Supra

1003 2173 1030 2200 in
1042 2169 1110 2207 'cap.
1124 2171 1158 2198 29
1176 2170 1254 2205 hujus
1265 2171 1326 2207 librj
1347 2169 1479 2207 παρόδους
1497 2171 1564 2207 dixit
1579 2170 1722 2207 Eusebius,
1739 2169 1784 2196 ubi

1005 2207 1066 2234 vide
1084 2204 1148 2242 'quaa
1163 2207 1300 2233 adnotavi.
1314 2204 1404 2242 Possis
1417 2208 1499 2233 etiam
1510 2206 1611 2242 legere
1618 2204 1782 2242 προσόδους.

1004 2248 1033 2269 ttt
1060 2240 1105 2270 ιιᾶ
1116 2249 1192 2269 oram
1211 2242 1340 2269 editionis
1366 2241 1532 2269 Genevensis
1553 2240 1701 2274 ascriptum
1730 2244 1781 2266 est.

1003 2278 1087 2305 Porro
1107 2277 1239 2311 interpres
1255 2277 1357 2304 erroris
1382 2277 1422 2303 sui
1441 2281 1532 2308 tenax,
1553 2276 1636 2302 etiam
1654 2274 1783 2311 hocrloeo

1003 2313 1091 2343 vertit,
1106 2310 1259 2347 congressus
1270 2319 1328 2338 cum
1347 2313 1437 2338 amicis
1449 2311 1552 2345 habere,
1570 2317 1631 2338 cum
1646 2310 1782 2347 conciones

1002 2353 1107 2375 vertere
1122 2346 1268 2380 debuisset,
1285 2352 1313 2373 ut
1331 2348 1469 2380 sequentia
1493 2351 1586 2380 aperte
1606 2346 1781 2380 conﬁrmant.

1005 2383 1119 2410 Victoris
1138 2378 1265 2416 Epitome
1282 2382 1351 2409 idem
1368 2378 1476 2416 quoque
1502 2378 1568 2408 dicit
1594 2380 1627 2407 de
1645 2378 1782 2416 Constan-

1003 2419 1081 2445 tino:
1100 2426 1109 2443 t
1131 2414 1475 2452 Gotntttodissimus-tanien
1501 2417 1580 2443 rebus
1602 2415 1693 2452 multis
1706 2414 1778 2441 fuit:

1001 2453 1150 2479 calumnias
1162 2453 1258 2479 sedare
1269 2451 1372 2488 legibus
1385 2452 1580 2479 severissimis:
1594 2451 1698 2488 nutrire
1709 2454 1782 2488 artes

1002 2488 1098 2519 bonas,
1121 2488 1254 2522 praecipue
1277 2485 1368 2514 siudia
1391 2487 1541 2522 litterarum
1566 2494 1574 2513 :
1597 2486 1690 2522 legere
1711 2485 1780 2519 ipse,

1002 2520 1130 2554 scribere,
1144 2520 1281 2554 meditari;
1297 2532 1305 2548 ι
1325 2523 1369 2549 ubi
1383 2523 1504 2548 meditari
1518 2521 1587 2548 idem
1607 2520 1679 2548 valet
1690 2527 1722 2547 ac
1734 2528 1783 2555 με·

1000 2557 1090 2593 λετᾷν,
1106 2558 1130 2593 id
1140 2563 1182 2584 est
1192 2557 1354 2593 declamare.

1036 2590 1092 2628 (38)
1107 2592 1182 2627 Vulg.
1202 2591 1319 2627 μακρὸν
1337 2591 1370 2618 δὲ
1387 2591 1462 2618 κατά
1482 2600 1575 2625 τινας.
1603 2590 1780 2628 Scribendum

1000 2626 1046 2656 est
1058 2626 1258 2663 procul’dubio
1275 2628 1444 2660 κατατείνας,
1467 2632 1496 2654 ut
1516 2628 1571 2662 jam
1598 2626 1642 2654 alii
1669 2633 1782 2652 monue-

999 2670 1071 2692 I'llﬂl.

1036 2699 1092 2734 (59)
1107 2697 1186 2733 Vulg.
1214 2698 1280 2726 τινὰ
1305 2697 1364 2725 τῶν
1388 2698 1576 2732 δοκησόφων.
1597 2695 1685 2724 Malim
1713 2696 1783 2734 scri-

999 2732 1062 2761 bere
1079 2732 1133 2761 τῶν
1156 2732 1352 2770 δοκησισόφων.
1380 2735 1425 2770 Sic
1456 2733 1570 2768 gentiles
1593 2740 1696 2770 vocare
1713 2732 1781 2758 solet

1001 2770 1143 2803 Eusebius,
1165 2777 1196 2797 ac
1211 2767 1346 2804 praecipue
1372 2767 1557 2804 philosophos,
1573 2767 1618 2802 qui
1638 2767 1781 2804 (sibiqua:

999 2805 1104 2832 caneris
1127 2802 1222 2838 sapere
1248 2802 1418 2832 videbantur.
1447 2802 1567 2830 ln’i‘ttk.
1595 2802 1687 2830 codice
1704 2802 1782 2837 δοκη-

1001 2840 1118 2875 σισόφων
1133 2837 1240 2876 legitur.
1258 2840 1312 2868 Sed
1333 2841 1412 2868 tertia
1436 2840 1543 2876 syllaba
1561 2838 1659 2866 lineola
1681 2837 1780 2865 subat»

1000 2881 1081 2903 tatur.
