2001 3168
197 151 202 154 -
229 135 298 164 1207

578 134 714 164 EUSEBII
732 135 968 165 CESABIENSIS
985 136 1060 165 OPP.
1078 137 1168 166 PARS
1188 136 1207 165 I.
1228 153 1262 157 —
1279 137 1472 167 HISTORIGA.

1771 142 1838 170 1208

228 193 436 229 Interrogaverit
448 194 510 229 quid
525 194 638 222 sentiret
651 194 684 222 de
695 194 727 222 iis
749 202 808 230 quae
819 195 890 224 dicta
905 202 1006 225 essent.

1058 197 1126 225 αὕτα
1141 197 1194 234 πρὸ
1205 198 1256 234 τῆς
1264 199 1396 235 ’τελευτῆς
1407 201 1463 232 τοῖς
1478 199 1626 236 γνωρίμοις
1634 199 1776 236 ὁμιλήσας,
1792 202 1838 228 αὑ-

227 241 263 268 Αι
279 240 323 268 ille
339 240 480 269 verissima
494 247 555 268 esse
563 247 659 268 cuncta
678 247 793 269 testatus
806 248 864 276 est;
876 248 903 270 et
913 251 1008 279 quam-

227 287 268 314 vis
282 287 392 318 invitus.
417 287 614 322 disputationes
641 289 770 315 adversus
793 289 939 315 multorum
958 297 1007 316 nn-

1059 244 1105 276 τὸς
1117 244 1192 280 αὑτῷ
1205 245 1254 281 τὴν
1264 246 1309 272 ἐπὶ
1318 245 1353 272 τὰ
1364 246 1480 283 κρείττω
1489 246 1609 282 πορείαν,
1623 247 1698 274 λεῖαν
1714 248 1760 274 xui.
1773 249 1836 283 ὁμα-

1059 289 1107 326 λὴν
1118 289 1198 325 ἐῴκει
1212 290 1438 327 παρασκευάζειν.

228 335 329 362 minum
343 334 446 362 cultum
467 342 628 370 magnopere
639 335 767 363 laudavit.
783 335 940 371 llujusmodi
956 337 1103 364 conciones
1119 338 1153 365 ad
1179 338 1325 366 familiares
1347 346 1410 367 suos
1438 344 1500 367 ante
1514 345 1628 367 mortem
1655 349 1715 368 cum
1732 341 1842 368 habuis-

226 384 278 413 set,
297 381 367 408 viam
384 380 435 408 sibi
454 380 512 415 ipse
536 380 707 414 complanare
720 381 754 408 ad
769 381 906 408 meliorem
923 382 1004 410 vitam
1026 382 1176 410 videbatur.

517 425 629 453 CAPUT
648 424 713 453 LVI.

226 469 364 507 Quomodo
377 472 411 498 ad
430 471 523 507 bellum
539 471 674 500 Persicum
701 473 880 507 proﬁciscens.
906 474 1006 507 episco-

260 514 308 540 pos
324 506 375 568 sisi
388 506 520 541 adjunzit,
535 513 560 534 et
573 508 711 535 tentorium
728 509 756 534 in
766 509 875 542 speciem
891 509 1007 536 ecclesia

260 549 352 568 verum
368 560 375 568 .

260 549 375 575 paravit.

260 586 328 615 Illud
342 585 450 622 quoque
467 588 622 623 neutiquam
640 588 855 622 prietereundum
868 593 920 620 est,
935 589 1005 624 quod

225 631 300 659 circa
320 631 378 659 haec
396 636 528 667 tempora,
551 640 611 660 cum
623 632 657 660 de
675 638 748 661 motu
770 633 951 661 Barbarorum
973 633 1006 662 ad

225 677 358 705 orientem
373 677 456 705 solem
480 678 635 713 degentium
655 679 765 707 nuntius
789 679 887 707 allatus
912 683 1003 711 esset,

226 723 299 751 hanc
318 723 407 751 adhuc
419 724 451 751 de
467 723 518 751 illis
531 724 674 752 victoriam
686 732 829 759 superesse
853 725 903 752 sibi
921 730 1005 753 testa-

226 773 282 802 tus,
297 769 387 797 Persis
399 769 498 798 bellum
516 770 616 798 inferre
632 771 738 798 statuit.
751 771 827 805 Quod
839 779 900 800 cum
913 771 1002 800 facere

226 815 402 848 decrevisset,
432 815 565 843 militares
588 816 681 850 copias
699 817 819 852 undique
842 817 951 850 excivit.
975 823 1002 844 et

226 868 287 888 cum
302 860 436 896 episcopis
446 868 514 895 quos
525 861 598 888 circa
612 869 641 889 se
655 862 782 897 habebat,
796 864 829 891 de
842 864 1006 899 profectione

226 905 368 933 consilium
396 906 626 938 communicavit,
653 907 764 941 provida
793 914 883 936 mente
899 910 1004 944 prospi-

225 951 312 984 ciens,
323 951 396 978 viros
411 951 443 978 ad
459 951 580 979 divinum
600 953 701 980 cultum
728 955 897 982 necessarios
914 963 1005 983 secum

227 997 335 1025 assidue
355 998 459 1025 versari
485 997 565 1034 555
591 1003 724 1033 oportere.
754 1000 793 1027 Illi
822 1008 888 1029 vero
912 1002 1005 1030 libenti

226 1043 318 1071 animo
345 1049 488 1072 secuturos
515 1052 545 1072 se
562 1053 622 1073 esse
637 1045 819 1080 adirmarunt,
848 1054 898 1075 nec
913 1048 946 1075 ab
961 1047 1007 1075 illo

226 1088 412 1124 discessuros;
428 1091 474 1118 sed
492 1092 630 1119 continuis
647 1093 717 1127 apud
733 1093 815 1120 Deum
832 1093 1006 1129 supplicatio-

1017 793 1038 820 Β

226 1135 304 1163 nibus
321 1135 483 1164 militaturos
501 1144 554 1164 una
566 1144 626 1164 cum
641 1137 687 1165 illo
704 1142 730 1166 et
749 1144 926 1174 pugnaturos.
948 1141 1006 1174 Quo

226 1179 270 1207 ille
284 1180 378 1208 nuntio
402 1181 578 1210 vehementer
605 1183 766 1216 delectatus,
783 1185 854 1212 viam
880 1185 935 1213 illis
954 1194 1006 1220 qua

226 1225 474 1260 proficiscerentur.
502 1228 654 1264 descripsit.
678 1229 780 1258 Deinde
805 1231 1006 1259 tabernaculum

226 1273 252 1299 in
267 1273 383 1307 speciem
400 1273 520 1302 ecclesiae
545 1275 689 1304 ambitioso
710 1276 782 1304 cultu
799 1277 831 1304 ad
855 1277 933 1311 hujus
945 1277 1007 1305 belli

226 1327 302 1347 usum
317 1322 494 1356 praeparavit,
513 1323 538 1350 in
557 1330 610 1358 quo
625 1331 719 1358 preces
740 1325 773 1352 ad
788 1325 871 1352 Deum
887 1326 1007 1354 victoriae

225 1371 362 1394 auctorem
375 1375 426 1395 una
441 1376 501 1396 cum
518 1370 652 1405 episcopis
673 1371 786 1398 fundere
804 1371 970 1399 decreverat.

515 1415 628 1443 CAPUT
642 1415 719 1443 LVII.

1313 430 1508 459 ΚΕΦΛΛΑΙΟΝ
1525 432 1594 466 NG’.

1060 484 1154 518 Ὅπως
1168 485 1216 511 ἐπὶ
1233 485 1349 520 Πέρσας
1361 487 1530 520 στρατεύων
1541 488 1768 522 συμπαρέλαϐεν
1779 490 1840 517 ἐπι-

1059 531 1203 564 σκόπους,
1221 532 1269 558 καὶ
1291 532 1411 566 σκηνὴν
1420 534 1464 566 εἰς
1483 533 1585 568 σχῆμα
1599 533 1652 568 τῆς
1665 535 1838 571 ἐκκλησίας.

1091 588 1208 616 Κάκεῖνο
1223 588 1250 614 δὲ
1264 589 1372 624 μνήμης
1386 589 1468 622 ἄξιον,
1478 590 1515 621 ὡς
1526 590 1596 626 ἀμφὶ
1606 591 1765 628 δηλούμενον
1778 593 1840 630 χρό-

1060 641 1113 665 νον,
1125 633 1178 660 τῶν
1194 635 1236 660 ἐπ’
1250 635 1380 670 ἀνατολῆς
1396 635 1538 672 βαρϐάρων
1555 639 1685 673 κινήσεως
1700 639 1841 666 ἀκουσθεί-

1060 688 1119 714 σης,
1138 680 1178 706 ἔτι
1192 680 1293 715 ταύτην
1314 681 1388 716 αὐτῷ
1404 682 1453 717 τὴν
1465 681 1535 709 κατὰ
1547 683 1628 710 τῶνδε
1657 684 1733 720 νίκην
1747 685 1839 712 λείπε-

1059 727 1120 753 σθαι
1129 727 1227 762 φήσας,
1241 727 1287 754 ἐπὶ
1298 728 1407 763 Πέρσας,
1415 729 1570 763 στρατεύειν
1581 729 1691 765 ὡρμᾶτο
1701 739 1708 745 ·
1724 731 1801 758 τοῦτό
1810 740 1838 758 τε

1058 774 1163 810 κρίνας,
1179 775 1261 801 ἐκίνει
1275 775 1309 801 τὰ
1327 775 1507 810 στρατιωτικὰ
1519 776 1654 811 τάγματα.
1669 777 1724 803 Καὶ
1739 777 1770 813 δὴ
1784 779 1839 809 τοῖς

1056 819 1208 856 ἁμφάὐτὺν
1224 820 1382 852 ἐπισκόποις
1394 820 1457 856 περὶ
1470 821 1518 856 τῆς
1529 821 1639 858 πορείας
1652 820 1764 853 ὲκοίνου,
1783 830 1844 848 συν·-

1056 867 1125 893 εἴναι
1144 865 1217 901 αὐτῷ
1239 866 1293 893 δεῖν
1315 874 1390 898 τινας
1408 866 1462 893 τῶν
1481 867 1634 901 ἀναγκαίων
1657 868 1685 893 ἐν
1701 867 1840 903 θεοσεϐείᾳ

1057 911 1287 947 προμηθούμενος.
1305 912 1337 938 Οἱ
1352 912 1390 942 δὲ,
1402 913 1449 938 καὶ
1464 913 1534 948 μάλα
1560 903 1713 948 προθύμως
1728 912 1841 940 συνέπε-

1058 957 1117 984 σθαι
1146 957 1308 993 βουλομένῳ,
1332 958 1392 993 μηδ’
1415 959 1562 994 ἀναχωρεῖν
1585 958 1696 991 ἐθέλειν,
1725 968 1841 995 συστρα-

1056 1003 1144 1030 τεύειν
1167 1004 1190 1030 δ’
1209 1003 1283 1039 αὑτῷ
1306 1003 1353 1030 καὶ
1375 1003 1601 1038 συναγωνίζεσθαι
1620 1006 1680 1036 ταῖς
1700 1005 1767 1041 πρὸς
1795 1005 1840 1032 τὸν

1056 1049 1122 1076 Θεὸν
1135 1049 1286 1085 ἱκετηρίαις
1301 1049 1401 1084 ἔλεγον.
1419 1050 1524 1085 Σφόδρα
1537 1050 1558 1076 δ’
1570 1051 1615 1077 ἐπὶ
1627 1052 1685 1082 ταῖς
1701 1051 1840 1085 ἀγγελίαις

1055 1094 1158 1130 ἡσθεὶς,
1182 1095 1230 1131 τὴν
1250 1095 1361 1131 πορείαν
1385 1095 1475 1128 αὐτοῖς
1492 1095 1616 1123 διετύπου
1639 1096 1710 1132 (40)·
1734 1097 1840 1133 [ἔπειτα

1056 1141 1104 1175 κα).
1114 1141 1163 1176 τὴν
1177 1141 1277 1177 σκηνὴν
1289 1141 1343 1176 (41)
1359 1141 1397 1176 τῷ
1408 1142 1456 1177 τῆς
1476 1141 1623 1177 ἐκκλησίας
1639 1143 1755 1178 σχήματι.
1770 1143 1839 1179 πρὸς

1056 1186 1104 1222 τὴν
1123 1187 1226 1214 ἐκείνου
1243 1187 1289 1214 τοῦ
1304 1187 1422 1222 πολέμου
1442 1187 1591 1223 παράταξιν
1612 1189 1659 1215 σὺν
1673 1188 1753 1224 πολλῇ
1767 1189 1840 1224 φιλο-

1056 1233 1134 1268 τιμίᾳ
1150 1233 1352 1269 κατειργάςετο,
1368 1234 1396 1260 ὲν
1443 1233 1481 1269 τῷ
1497 1234 1565 1269 Θεῷ,
1585 1234 1624 1269 τῷ
1640 1234 1689 1269 τῆς
1707 1234 1782 1270 νίκης
1796 1235 1839 1262 δο-

1056 1278 1132 1314 τῆρι,
1147 1278 1196 1311 τὰς
1217 1279 1352 1314 ἱκετηρίας
1373 1279 1431 1315 ἅμα
1447 1281 1502 1312 τοῖς
1527 1280 1684 1312 ἐπισκόποις
1705 1280 1838 1308 ποιεῖσθαι

1057 1324 1171 1351 ἐπενόει.

1314 1415 1509 1441 ΚΕΦΑΛΑῙΟΝ
1523 1415 1582 1443 ΝΖ¹.

243 1458 389 1491 Quomodo,
398 1461 524 1493 susceptis
539 1461 677 1489 Persarum
687 1462 788 1497 legatis,
801 1463 865 1496 festo
878 1461 988 1490 Pascha

1059 1460 1153 1497 ’Ὁπῳς
1172 1460 1298 1497 ηερε-ὡκ
1317 1462 1474 1495 πρεσϐείας
1489 1462 1661 1497 δεξάμενος,
1685 1462 1720 1489 ἐν
1732 1462 1770 1496 τῇ
1786 1461 1839 1490 τοῦ

427 1496 470 1522 die
483 1504 543 1522 cum
558 1497 618 1523 aliis
635 1499 806 1531 pernoctavit.

260 1539 362 1568 Interea
380 1539 469 1567 Perse
483 1547 544 1567 eutn
571 1541 764 1576 imperatorem
790 1541 886 1568 bellum
911 1549 1006 1576 parare

225 1586 432 1620 comperissent,
448 1591 547 1614 etcum
571 1587 615 1614 illo
632 1587 759 1622 congredi
775 1588 950 1615 vehementer
966 1596 1007 1614 re-

225 1632 414 1666 formidarent,
431 1633 522 1660 missis
539 1633 635 1669 legatis
649 1641 742 1669 pacem
764 1634 798 1661 ab
809 1640 842 1660 eo
853 1635 1007 1668 postulave-

226 1681 298 1705 runt.
313 1678 406 1713 Itaque
421 1678 571 1714 imperator
583 1679 658 1714 pacis
678 1679 895 1712 amantissimus.
911 1679 1007 1708 Persa-

260 1790 317 1832 (ιο)
328 1791 433 1832 Αὺεοῖς
445 1791 596 1832 διετᾴπου.
614 1790 678 1824 Quae
691 1790 808 1832 posthaec
823 1792 1006 1832 seqnuntnrin

225 1824 345 1853 editione
368 1825 530 1857 Genevensi,
556 1833 643 1860 usque
669 1824 702 1852 ad
727 1826 833 1853 initium
859 1824 955 1860 capitis
973 1827 1007 1854 59

225 1861 336 1896 deerant
351 1865 405 1888 tum
419 1861 445 1888 in
463 1861 557 1889 codice
572 1861 668 1896 Regio,
681 1865 738 1888 tum
760 1861 787 1888 in
801 1861 918 1889 editione
937 1861 1005 1890 Rob.

225 1895 354 1929 Stephani
369 1901 412 1923 :et
423 1904 437 1922 a
449 1896 515 1924 viris
528 1896 614 1924 doctis
626 1897 715 1923 addita
726 1902 830 1923 suntex
840 1898 1007 1931 conjecntra,

226 1936 254 1958 ut
269 1931 374 1965 opinor.
391 1931 457 1958 Nam
475 1939 535 1966 quae
553 1936 703 1965 sequuntur
721 1931 820 1965 capita,
842 1932 922 1959 nimis
945 1933 1007 1959 bre-

224 1966 272 2001 via,
289 1970 362 1998 sunt,
379 1973 430 1994 nec
444 1967 592 2001 quidquam
619 1966 733 2000 amplius
758 1966 907 1998 continent.
925 1975 1006 2001 quam

225 2000 275 2035 ipsi
288 2001 406 2036 capitum
423 2000 507 2034 tituli;
537 2001 609 2036 quod
628 2001 736 2036 quidem
758 2001 792 2028 ab
808 2001 915 2028 Eusebii
930 2002 1007 2029 insti-

225 2039 283 2063 tuto
297 2035 408 2071 prorsus
430 2035 570 2064 abhorret.
599 2035 689 2068 Quare
718 2035 850 2063 credibile
865 2041 918 2068 est,
935 2038 1008 2064 viros

224 2071 318 2106 doctos
335 2078 367 2098 ex
385 2072 469 2098 titulis
485 2071 730 2106 capitulorum,qui
749 2071 818 2098 libro
830 2078 926 2105 quarto
940 2079 1010 2105 prae-

225 2105 420 2142 ﬂxileguntur,
445 2107 501 2134 haec
520 2105 694 2142 ’supplevisse
708 2113 768 2142 quae
783 2107 860 2133 uncis
880 2106 1008 2134 conclusa

1092 1495 1199 1530 Πάσχα
1214 1496 1301 1530 ἑορτῇ
1316 1495 1601 1531 συνδιενυκτέρεύσε
1613 1497 1674 1530 τοῖς
1689 1495 1802 1531 ἄλλοις.

1098 1541 1141 1568 Ἐν
1157 1542 1244 1577 τούτῳ
1264 1542 1367 1578 Πέρσαι
1386 1543 1530 1577 πυθόμενοι
1554 1543 1617 1579 περὶ
1643 1543 1691 1578 τῆς
1709 1543 1839 1578 βασιλέως

1058 1588 1125 1624 πρὸς
1151 1588 1266 1624 πόλεμον
1287 1590 1473 1625 παρασκευῆς,
1501 1591 1546 1617 καὶ
1568 1591 1641 1627 μάχῃ
1669 1591 1736 1626 πρὸς
1758 1590 1839 1618 αὑτὸν

1058 1636 1203 1672 συμϐαλεῖν
1227 1636 1327 1672 σφόδρα
1343 1637 1512 1672 φοϐούμενοι,
1529 1637 1571 1664 διὰ
1591 1637 1735 1673 πρεσϐείας
1759 1637 1840 1664 αὐτὸν

1057 1681 1180 1717 ἠξιοῦντο
1194 1682 1250 1718 (42)
1265 1683 1376 1718 εἰρήνην
1389 1683 1535 1710 ποιεῖσθαιι
1553 1683 1592 1710 διὸ
1604 1684 1618 1710 ὁ
1631 1683 1679 1718 μὲν
1694 1682 1840 1719 εἰρηνικώ-

1058 1793 1091 1820 iis
1108 1799 1168 1827 quae
1190 1799 1222 1819 ex
1250 1791 1367 1820 Eusebio
1396 1796 1545 1824 mutuatur,
1566 1792 1631 1827 ipsis
1654 1791 1711 1820 fere
1730 1791 1839 1821 Eusebii

1059 1828 1149 1855 verbis
1164 1828 1201 1854 uti
1216 1827 1311 1854 solere.
1326 1827 1420 1861 Itaque
1438 1828 1493 1855 haec
1513 1827 1632 1854 Socratis
1648 1827 1730 1854 verba
1755 1827 1840 1855 Euse-

1058 1863 1199 1890 bianorum
1217 1862 1304 1889 vicem
1318 1861 1441 1896 supplere
1452 1867 1577 1897 possunt.
1591 1861 1658 1889 Nam
1672 1870 1731 1897 quae
1750 1863 1775 1889 in
1789 1863 1841 1890 hac

1061 1898 1155 1924 lacuna
1168 1897 1302 1930 leguntur,
1319 1904 1389 1932 aegre
1403 1897 1546 1924 admodum
1570 1897 1678 1924 Eusebii
1694 1904 1756 1924 esse
1778 1905 1840 1924 cre-

1060 1933 1184 1959 diderim.
1199 1932 1348 1967 Porrojam
1364 1938 1442 1959 antea
1455 1932 1659 1965 Constantinus,
1674 1932 1699 1959 in
1711 1932 1781 1959 bello
1794 1932 1840 1959 Li-

1060 1968 1168 1995 ciniano
1190 1967 1394 1994 tabernaculum
1425 1968 1515 1995 erucis
1540 1972 1617 1994 extra
1645 1971 1732 1994 castra
1757 1968 1841 1994 lixum

1061 2003 1203 2034 habuerat,
1228 2002 1254 2028 in
1280 2009 1334 2036 quo
1351 2001 1462 2036 jejuniis
1483 2007 1510 2029 et
1531 2003 1699 2029 orationibus
1716 2002 1839 2034 vacabat,

1061 2043 1128 2065 teste
1143 2037 1258 2064 Eusebio
1277 2037 1302 2064 in
1320 2037 1389 2063 libro
1402 2045 1431 2064 ιι.
1449 2037 1500 2064 Sed
1519 2037 1544 2064 in
1561 2037 1622 2064 belli
1638 2037 1739 2064 Persici
1755 2044 1841 2071 appa-

1061 2077 1121 2099 ratu
1139 2073 1163 2098 id
1180 2072 1295 2106 amplius
1311 2073 1434 2104 DI'IBSlilil
1448 2073 1651 2104 Constantinus,
1668 2071 1739 2105 quod
1751 2072 1842 2098 taber-

1061 2107 1186 2134 naculum
1214 2107 1240 2133 in
1261 2107 1382 2134 ecclesire
1405 2106 1517 2134 formam
1547 2107 1709 2134 construxit.
1731 2106 1772 2132 Ab
1790 2106 1841 2134 hoe

223 2139 392 2169 exhibémus.
416 2142 500 2168 Porro
524 2139 697 2168 in'editione
717 2139 868 2168 Cenevensi
896 2142 1009 2168 delenda
1024 2139 1049 2168 D
1062 2142 1230 2170 Constantini
1246 2142 1370 2177 instituto
1386 2149 1512 2169 manasse
1532 2147 1625 2177 postea
1639 2141 1732 2177 scribit
1754 2141 1839 2168 Som-

225 2181 287 2211 sunt
302 2177 358 2203 haec
369 2178 450 2203 verba
465 2185 473 2203 :
492 2177 571 2208 αὐτὸς
583 2176 622 2208 δέ,
634 2184 692 2210 quae
703 2177 828 2211 leguntur
844 2180 904 2211 post
916 2183 1008 2203 vocem

223 2210 361 2248 6575776319"-
389 2211 496 2248 Etenim
518 2212 613 2248 Iacuua
641 2210 739 2246 incipit?
759 2216 823 2238 ante
849 2213 898 2238 has
929 2218 1009 2248 voces

224 2246 348 2278 αὐτὸςδὲ
362 2246 439 2279 νεών,
452 2252 504 2274 etc.
521 2246 643 2274 Similem
657 2253 775 2274 errorem
799 2254 879 2280 supra
903 2247 1008 2273 notavi-

226 2289 297 2309 mus.
315 2281 443 2309 Nostram
462 2289 543 2315 porro
556 2282 589 2308 de
603 2282 653 2309 hoc
665 2281 852 2315 supplemento
868 2281 1008 2314 conjectu-

225 2323 282 2343 ram
301 2317 381 2351 plane
402 2318 544 2343 conlirmat
563 2317 683 2351 optimus
695 2317 779 2343 codex
794 2316 860 2343 Fuk.
878 2318 923 2350 qui
947 2324 1008 2343 cum

225 2351 330 2385 reliqua
346 2352 529 2386 supplementa
540 2359 598 2386 qure
613 2359 627 2378 a
639 2351 842 2379 Genevensibus
850 2353 921 2379 edita
935 2356 1008 2384 sunt,

225 2386 340 2414 ﬁdeliter
359 2387 493 2420 exhibeat,
511 2392 538 2413 ut
554 2387 610 2414 suis
624 2387 691 2414 locis
702 2387 910 2417 adnotavimus.
930 2387 1009 2420 hujus

226 2421 277 2449 loci
292 2423 510 2456 supplementum
526 2422 682 2449 non'habet.
700 2421 753 2449 Sed
764 2429 849 2456 neque
862 2422 887 2448 in
902 2422 1008 2449 Turne-

225 2457 252 2484 bi
272 2456 341 2484 libro
359 2457 410 2484 huc
434 2457 782 2493 fragntentunrascriptum
806 2463 857 2489 est,
880 2465 939 2484 cum
956 2465 1009 2484 caa-

225 2497 282 2519 tera
297 2492 388 2519 omnia
401 2493 434 2520 ad
451 2492 601 2527 marginem
614 2491 672 2526 ejus
688 2492 749 2519 libri
763 2493 865 2526 scripta
888 2493 1007 2520 habean-

225 2531 281 2554 tur.

261 2563 317 2598 (41)
334 2563 458 2590 Ἔπειτα
469 2563 518 2590 καὶ
536 2563 592 2598 τὴν
607 2563 736 2597 σκηνήν.
751 2562 867 2596 ldipsnm
887 2563 922 2598 i_ta
938 2571 1007 2598 inar-

225 2596 271 2634 ζει
286 2596 412 2634 Socrates
431 2599 456 2625 in
472 2599 518 2626 lib.
533 2607 551 2630 ι,
565 2596 623 2634 cap.
640 2599 674 2625 18
687 2606 693 2623 :
706 2597 875 2634 Tosoﬁroca'a
887 2596 919 2632 ἦν
932 2597 1007 2634 ᾁῗτοῦ

229 2632 366 2670 ﬂaccum;
377 2634 440 2670 περὶ
454 2634 498 2660 τὸν
511 2632 713 2670 χρισειανισμρν
726 2633 816 2665 πόθος,
829 2632 867 2664 ὡς
882 2633 928 2659 καὶ
941 2633 1010 2670 Περ-

225 2668 302 2694 σικοῦ
327 2668 467 2704 μέλλὸπὲτος
491 2668 622 2696 κινεῖσθαι
649 2668 778 2703 πολέμου,
803 2668 1009 2704 κατασκευάσας

226 2704 326 2740 σκηνὴν
338 2706 370 2740 ὲκ
382 2705 505 2739 ποικίλης
521 2705 626 2740 ὀθόνης,
646 2704 793 2740 ἐκκλησίας
808 2703 893 2740 τύπον
911 2703 1008 2740 ἀποτετ

225 2737 334 2775 λούσαν,
348 2739 442 2775 ὥσπερ
456 2737 574 2775 Μὼῦσῆς
586 2737 614 2766 ἔν
627 2741 659 2775 τῇ
677 2737 772 2775 ἐρήμῳ
783 2738 944 2775 ἐπεποιήκει
961 2738 1009 2764 καὶ

225 2749 334 2769 ιιι-ουσαν,
348 2749 422 2766 ωσπε
456 2749 574 2775 Μωυσης
586 2749 614 2766 εν
627 2749 659 2775 τῃ
783 2749 944 2773 επεποιηκει
961 2749 1008 2764 και

224 2772 325 2814 ταύτην
342 2749 480 2817 φέρεσξαι,
502 2776 622 2817 ἴναέχοι
646 2775 716 2817 atati
736 2775 813 2817 τοὺςΛ
824 2773 1008 2817 ὲρημζοτὰτους

225 2807 325 2846 τόπους
349 2807 502 2846 ⁷εύκτήριον
530 2807 755 2846 ηὐτρεπισμὲνον.
793 2807 1007 2846 Qitite'Socratis

227 2845 307 2871 verba
324 2851 356 2871 eo
372 2843 497 2873 libentius
513 2843 623 2880 adduii,
639 2843 710 2881 quod
724 2846 806 2874 sciam
823 2845 969 2881 Socratem‘
980 2843 1007 2871 in

1064 2184 1167 2210 menns,
1193 2182 1222 2203 ut
1247 2176 1344 2211 singuli
1369 2177 1474 2204 numeri
1506 2176 1538 2204 in'
1556 2177 1676 2204 exercitu
1707 2176 1839 2208 Romano,

1061 2212 1263 2240 tabernaculum
1290 2219 1366 2239 suum
1390 2212 1518 2239 haberent
1533 2213 1619 2240 instar
1638 2211 1728 2239 sacelli
1745 2211 1842 2238 instru-

1060 2251 1142 2278 ctum,
1163 2252 1189 2273 et
1208 2247 1379 2282 presbyteros
1404 2255 1435 2274 ac
1461 2247 1589 2274 diaconos
1615 2246 1779 2282 peculiares,
1793 2246 1841 2281 qui

1061 2289 1117 2309 rem
1134 2282 1254 2309 divinam
1269 2282 1304 2308 ibi
1319 2289 1488 2316 peragerent.

1095 2317 1492 2353 (42)νΔιὰΪπρεσ-ϐείαςῗαὺτὸν
1507 2317 1657 2353 ἠξιοῦτε-ο.
1678 2316 1748 2343 Idem
1771 2315 1842 2343 scri-

1059 2352 1196 2386 bitRnfus
1212 2352 1309 2379 Festus
1331 2352 1357 2379 in
1381 2352 1541 2379 Breriario:
1559 2362 1568 2378 ι
1588 2352 1784 2379 Constantinus
1798 2357 1842 2378 re-

1061 2396 1119 2416 rum
1135 2388 1259 2415 dominus
1273 2392 1396 2414 extremo
1412 2389 1472 2414 vine
1486 2395 1543 2415 sure
1556 2393 1679 2421 tempore
1694 2386 1841 2420 expeditio-

1060 2430 1119 2450 nem
1140 2423 1246 2458 paravit
1269 2423 1295 2449 in
1320 2422 1426 2450 Persas.
1452 2422 1521 2450 Toto
1544 2424 1617 2450 enim
1637 2422 1712 2458 rorbc
1737 2422 1840 2458 pacatis

1059 2457 1192 2493 gentibus,
1210 2463 1238 2493 et
1254 2458 1356 2485 recenti
1377 2458 1411 2484 de
1433 2458 1528 2484 Gothis
1546 2457 1661 2484 victoria
1681 2457 1839 2493 gloriosior,

1060 2492 1151 2520 nittltis
1163 2494 1190 2520 in
1206 2492 1303 2520 Persas
1318 2493 1499 2520 descendebat
1510 2492 1674 2527 agminibus.
1696 2492 1751 2518 Sub
1763 2492 1841 2524 cujus

1060 2529 1204 2556 adventum
1219 2528 1375 2563 Babylonia:
1391 2528 1416 2554 in
1438 2533 1541 2554 tantum
1559 2535 1641 2562 regna
1656 2527 1839 2560 trepidarunt,

1060 2568 1088 2590 nt
1102 2563 1212 2598 supplex
1233 2564 1266 2590 ad
1278 2571 1338 2590 eum
1351 2563 1449 2598 legatio
1467 2563 1796 2598 Persaruinioccurreret.
1814 2566 1842 2588 et

1060 2597 1179 2626 facturos
1191 2606 1220 2626 se
1235 2599 1365 2632 imperata
1381 2598 1579 2632 promitterent.
1600 2597 1654 2624 Nec
1683 2602 1770 2632 tamen
1794 2604 1842 2630 pro

1060 2634 1176 2661 assiduis
1200 2631 1386 2667 eruptionibus
1397 2640 1465 2667 quas
1487 2633 1537 2660 sub
1553 2633 1714 2659 Constantio
1733 2631 1841 2658 Cesare

1061 2677 1108 2702 per
1132 2668 1269 2696 Orientem
1296 2672 1480 2699 tentaverant,
1503 2669 1609 2694 veniam
1637 2671 1809 2702 meruerunt._
1828 2675 1838 2691 ι

1061 2700 1186 2731 Ξοσιιιιοε
1199 2711 1263 2730 vero
1277 2704 1326 2729 hnc
1338 2707 1442 2729 tantum
1458 2703 1523 2729 dicit
1535 2712 1541 2728 :
1555 2702 1611 2729 ἁλλ’
1627 2702 1655 2728 οὑ
1667 2701 1769 2737 προέϐη
1781 2700 1841 2737 tot:

1059 2740 1073 2765 ὁ
1090 2739 1222 2774 πόλεμος·
1248 2737 1321 2774 ἔφθη
1347 2738 1402 2772 γὰρ
1416 2738 1469 2764 δέει
1497 2737 1542 2764 τοῦ
1574 2736 1704 2772 βασιλέως
1726 2736 1839 2774 σϐεξθῆ·

1059 2783 1113 2807 ναι,
1128 2769 1225 2801 ἱόέεὶι
1242 2769 1294 2800 Sed
1312 2769 1407 2799 bellum
1423 2774 1532 2799 ulterius
1545 2769 1596 2799 non
1616 2772 1753 2806 processit.
1768 2769 1837 2801 Nati-

1059 2819 1114 2845 pra:
1135 2815 1203 2837 metu
1216 2809 1380 2844 imperatoris
1397 2809 1484 2835 statim
1499 2815 1646 2843 repressum
1657 2811 1704 2834 est.
