2001 3168
147 159 216 187 ΙΞο9

704 159 748 187 DE
767 158 846 187 VITA
867 159 1093 188 CONSTANTINI
1112 160 1175 189 LIB.
1195 161 1237 189 IV.

1696 165 1765 193 mo

143 227 226 251 τατος
251 218 375 254 βασιλεὺς
398 219 447 255 τὴν
472 219 584 255 Περσῶν
614 220 761 255 πρεσϐείαν
780 221 921 256 δεξάμενος

991 229 1049 248 rum
1065 220 1202 256 legatione
1225 222 1340 258 benigne
1361 227 1497 258 suscepta,
1516 230 1607 258 pacem
1623 229 1646 251 et
1671 225 1764 252 amici-

144 264 253 298 φιλικὰς
265 261 354 298 δεξιὰς
370 265 516 301 προθύμως
529 266 577 293 σὺν
587 267 699 299 ἐκείνοις
713 267 855 294 ἐσπείσατο
864 268 928 303 (43).

146 309 214 346 Ἤδη
230 311 252 337 δ’
268 312 284 346 ἠ
302 311 406 347 μεγάλη
426 312 472 338 τοῦ
492 312 588 347 Πάσχα
609 313 688 348 ἑορτὴ
711 313 810 349 παρῆν,
838 315 866 340 ὲν
886 311 930 350 ﬁo

144 357 270 392 βασιλεὺς
290 358 328 393 τῷ
345 358 403 394 Θεῷ
416 358 465 391 τὰς
482 359 564 394 εὐχὰς
581 360 730 393 ἀποδιδοὺς,
748 361 929 389 συνδιενυκτέ-

146 410 224 437 pauos
238 404 294 436 τοῖς
309 403 408 435 ἄλλοις.

401 449 599 477 ΚΕΦΑΛΑΙΟΝ
617 451 684 478 NH’.

142 491 212 525 Περὶ
226 491 384 527 οἰκοδομῆς
397 493 451 520 τοῦ
462 493 700 528 ἐπικαλουμένου
714 495 773 522 τῶν
786 496 927 523 Ἀποστά-

224 529 286 553 λων
295 528 329 553 ἐν
345 529 662 557 Κωνσταντινουπόλει
672 531 843 564 μαρτυρίου.

183 571 244 598 Ἐπὶ
265 572 368 605 τούτοις
386 574 439 610 (44)
462 575 492 602 τὺ
517 575 663 612 μαρτύριον
683 578 711 603 ὲν
737 579 768 613 τῇ
794 578 928 614 ἐπωνύμῳ

142 616 218 643 πόλει
234 617 281 644 ἐπὶ
307 618 398 655 μνήμῃ
422 619 475 647 τῶν
495 621 650 648 ἀποστόλων
671 623 820 658 οἰκοδομεῖν
842 633 926 660 παρε-

142 664 288 696 σκευάζετο
309 666 412 704 ’χαὺτὸς
432 666 459 693 δὲ
476 667 543 694 νεὼν
566 669 671 695 ἅπαντα
691 671 730 701 εἰς
746 669 811 704 ὕψος
826 671 926 705 ἄφατον

141 708 256 744 ἐπάρας,
282 709 362 736 λίθων
384 711 528 744 ποικιλίαις
552 714 684 740 παντοίων
709 713 927 750 ὲξαστρὰπτοντα

141 755 237 787 ἐποίει,
255 756 295 787 είς
310 756 390 783 αὐτὸν
405 757 502 793 ὄροφον
516 759 546 791 ἐξ
563 760 675 794 ἐδάφους
696 760 840 792 πλακώσας
852 770 857 776 ·
870 762 926 788 δια-

140 800 229 827 λαὸὼν
246 801 273 828 δὲ
289 801 396 834 λεπτοῖς
411 803 569 839 φατνώμασι
585 805 634 840 τὴν
652 805 759 840 στέγην,
774 806 865 842 χρυσῷ
877 807 924 842 τὴν

141 847 230 874 πᾶσαν
256 848 421 875 ἐκάλυπτενθ
447 849 502 876 ἅνω
523 851 619 885 χαλκὸς
638 852 686 887 μὲν
701 851 756 886 (45)
771 853 830 878 ἀντὶ
842 853 924 888 κερά-

987 271 1049 294 trttm
1064 276 1124 294 cum
1153 269 1193 294 eis
1216 265 1332 295 libenter
1350 270 1458 304 pepigit.
1474 270 1575 297 Aderat
1595 270 1650 304 jam
1669 278 1763 306 magna

985 314 1118 347 paschalis
1144 313 1203 341 l‘esti
1220 313 1400 342 solemnitas:
1420 317 1446 342 in
1470 324 1521 350 qua
1542 316 1689 350 imperator
1703 322 1762 344 vota

985 359 1041 386 Deo
1052 359 1220 394 persolvens,
1237 368 1289 386 una
1304 367 1364 386 cum
1383 361 1487 388 caeteris
1499 362 1674 396 pernoctavit.

1260 447 1373 475 CAPUT
1389 447 1476 475 LVIII.

1080 493 1118 520 De
1136 495 1330 521 constructione
1344 494 1464 528 martyrii
1479 493 1657 528 Apostolorum

1252 528 1488 562 Constantinopoli.

1016 575 1139 611 Posthtec
1163 575 1187 602 in
1220 575 1377 602 memoriam
1396 575 1578 610 apostolorum
1602 577 1759 611 martyrium

980 620 1116 648 aedificare
1130 621 1211 654 erepit
1227 621 1253 647 in
1281 620 1348 647 urbe
1371 621 1422 648 sibi
1446 621 1616 656 cognomine.
1639 622 1759 656 Cumque

981 668 1110 702 templum
1128 675 1207 695 omne
1226 667 1252 694 in
1276 668 1435 695 immensam
1462 668 1630 696 altitudinem
1647 669 1759 696 extulis-

980 718 1032 744 set,
1045 713 1121 740 vario
1143 713 1259 748 lapidum
1292 721 1391 749 genere
1409 713 1579 748 splendidum
1595 714 1719 748 reddidit,
1743 722 1757 742 a

979 759 1035 787 solo
1047 760 1079 786 ad
1091 767 1225 787 cameram
1241 767 1328 794 usque
1340 759 1500 787 marmoreis
1514 760 1684 788 crustisillud
1700 768 1761 796 ope-

979 805 1061 831 riens.
1071 804 1156 832 Porro
1170 812 1306 832 cameram
1323 804 1498 831 lacunaribus
1511 805 1683 832 minutissimi
1694 813 1759 839 ope-

979 850 1016 876 ris
1031 850 1178 883 obducens,
1197 855 1279 878 totam
1307 857 1374 878 auro
1400 850 1600 879 imbracteavit.
1619 852 1650 878 Et
1676 857 1758 885 supra

141 901 204 928 μου,
225 893 346 929 φυλακὴν
360 894 398 930 τῷ
411 895 483 931 ἔργῳ
503 897 569 932 πρὸς
591 897 675 923 ὑετῶν
691 898 838 931 ἀσφάλειαν
859 907 921 935 παρη

979 894 1088 928 quidem
1113 902 1149 922 aes
1165 895 1314 930 tegularum
1330 896 1389 922 loco
1405 895 1569 931 impositum,
1583 896 1708 923 universo
1725 903 1760 922 ae-

141 940 216 974 εἶχε·
240 940 287 967 καὶ
299 940 392 967 τοῦτον
413 941 441 967 δὲ
468 942 550 974 πολὺς
573 943 744 978 περιέλαμπε
763 944 872 979 χρυσὸς,
888 945 925 976 ὡς

141 985 327 1022 μαρμαρυγὰς
349 988 405 1018 τοῖς
423 987 561 1023 πόρρωθεν
578 988 699 1023 ἀφορῶσι
716 991 775 1021 ταῖς
790 990 864 1024 ἡλίου
876 991 925 1017 αὺ-

139 1032 201 1065 γαῖς
217 1032 472 1068 ἁντανακλωμέναις
492 1033 651 1069 ἐκπέμπειν.
679 1035 818 1062 Δικτυωτὰ
833 1036 861 1062 δὲ
878 1037 924 1063 πέ-

141 1075 183 1111 ριξ
197 1077 311 1104 ἑκύκλου
326 1077 356 1104 τὸ
378 1078 513 1113 δωμάτιον
535 1080 588 1113 (46)
606 1080 758 1114 ἀνάγλυψα,
774 1081 865 1117 χαλκῷ
879 1084 925 1110 καὶ

140 1123 233 1159 χρυσῷ
249 1126 477 1160 κατειργασμένα.
779 1127 784 1134 ‘

395 1212 591 1239 ΚΕΦΑᾹΑΙΟΝ
611 1213 662 1240 ΝΘ¹
668 1234 673 1239 .

247 1257 408 1291 Ἔκφρασις
419 1258 461 1284 ἔτι
476 1258 528 1284 τοῦ
542 1259 634 1285 αὑτοῦ
646 1261 818 1294 μαρτιφίου.

175 1302 229 1328 Καὶ
245 1303 258 1328 ὁ
271 1303 319 1338 μὲν
333 1302 400 1335 νεὼς
412 1300 462 1330 ὧδε
481 1303 528 1330 σὺν
543 1305 626 1341 πολλῇ
642 1306 771 1341 βασιλέως
788 1307 925 1343 φιλοτιμίᾳ

141 1347 258 1383 σπουδῆς
278 1348 403 1383 ἠξιοῦτο·
426 1349 497 1384 ἀμφὶ
519 1349 547 1375 δὲ
569 1350 662 1377 τοῦτον
685 1351 789 1387 αἴθριος
807 1350 841 1387 ἦν
857 1353 925 1388 αὐλὴ

140 1394 330 1430 παμμεγέθης,
350 1396 390 1426 εἰς
413 1395 482 1431 ἀέρα
507 1395 625 1431 καθαρὸν
643 1398 870 1434 ἀναπεπταμένη·
897 1400 925 1426 ὲν

139 1439 335 1475 τετραπλεύρῳ,
351 1440 379 1469 δὲ
395 1440 480 1477 ταύτῃ
498 1441 573 1468 στοαὶ
589 1442 734 1478 διέτρεχον,
754 1443 834 1478 μέσον
853 1444 925 1479 αὐτῷ

140 1485 193 1520 νεῴ
211 1485 240 1511 τὸ
262 1486 365 1522 αἴθριον
386 1487 625 1522 ἀπολαμϐάνουσαι
639 1496 645 1502 ·
661 1487 728 1515 οἶκοί
745 1498 773 1515 τε
798 1489 925 1524 βασίλειοι

140 1533 199 1563 ταῖς
218 1534 316 1565 στοαῖς,
341 1533 440 1569 λουτρά
460 1542 489 1559 τε
513 1535 558 1560 καὶ
577 1535 790 1571 ἀνακαμπτήρια
813 1537 925 1573 παρεξε-

977 940 1065 968 dilicio
1089 941 1284 968 munimentum
1320 943 1449 970 adversus
1478 943 1578 969 imbres
1610 941 1755 976 prmhebat.

977 985 1054 1018 Quod
1071 986 1163 1013 itidem
1180 994 1246 1014 auro
1262 987 1379 1022 plurimo
1404 988 1574 1023 superfusum
1600 987 1757 1021 resplende-

976 1033 1038 1065 bat,
1067 1033 1135 1060 adeo
1155 1037 1183 1059 ut
1205 1034 1298 1068 procul
1330 1035 1509 1068 spectantium
1537 1033 1629 1061 oculos
1652 1033 1756 1068 fulgore

975 1077 1186 1112 praestringeret,
1200 1077 1264 1106 solis
1289 1080 1371 1106 radiis
1384 1080 1447 1106 teris
1460 1079 1565 1113 ohjcctu
1581 1079 1755 1113 repercussis.

977 1123 1072 1150 Totum
1098 1131 1162 1151 vero
1185 1124 1314 1151 solarium
1340 1125 1488 1152 rcticulatis
1514 1125 1674 1160 quibusdam
1690 1132 1757 1151 ana-

976 1167 1081 1201 glyphis
1094 1175 1127 1194 ex
1141 1174 1194 1195 tere
1207 1173 1233 1195 et
1244 1176 1310 1195 auro
1320 1168 1475 1196 fabrefactis
1483 1175 1541 1196 erat
1550 1170 1755 1197 circumdatum.

1215 1214 1296 1249 553
1319 1214 1433 1242 CAPUT
1450 1215 1518 1242 th.

1160 1260 1306 1294 Descriptio
1320 1260 1435 1295 ejusdem
1455 1262 1584 1296 martyrii.

1012 1305 1050 1330 Ac
1069 1304 1196 1340 templum
1209 1305 1317 1338 quidem
1344 1305 1430 1340 ipsum
1449 1307 1566 1332 maximo
1586 1305 1756 1340 imperatoris

979 1351 1067 1378 studio
1085 1351 1155 1377 hunc
1181 1351 1207 1378 in
1228 1351 1335 1378 tnodum
1355 1351 1546 1378 exornabatur.
1564 1352 1639 1378 Circa
1669 1353 1754 1386 ipsum

976 1396 1102 1431 templum
1115 1396 1207 1432 ingens
1219 1401 1276 1424 erat
1288 1404 1363 1431 area,
1376 1397 1461 1424 libero
1473 1404 1504 1424 ac
1518 1402 1625 1431 patente
1642 1398 1756 1432 desuper

976 1442 1055 1469 caelo.
1071 1441 1152 1475 Cujus
1163 1443 1196 1468 ad
1212 1447 1328 1477 quatuor
1355 1443 1441 1470 latera
1462 1443 1583 1477 porticus
1611 1447 1689 1470 erant
1703 1443 1754 1471 sibi

976 1487 1090 1514 invicem
1104 1488 1264 1522 conjunctae.
1277 1496 1336 1522 quae
1354 1496 1445 1515 aream
1460 1489 1485 1514 in
1501 1488 1588 1515 medio
1605 1489 1684 1515 sitam
1703 1496 1754 1516 una

976 1540 1036 1560 cum
1063 1533 1119 1567 ipso
1138 1533 1237 1567 templo
1254 1533 1516 1567 circumciugebuut.
1533 1533 1667 1560 Prmterea
1684 1534 1752 1561 basi-

139 1578 250 1609 τείνετο,
263 1578 329 1606 ἄλλα
343 1588 372 1605 τε
391 1579 503 1606 πλεῖστα
524 1580 682 1615 καταγώγια
700 1583 755 1613 τοῖς
777 1583 823 1608 τοῦ
841 1583 921 1609 τόπου

976 1579 1043 1611 licet,
1063 1579 1181 1611 lavacra,
1203 1579 1349 1606 diversoria
1365 1584 1392 1606 et
1406 1579 1456 1606 alia
1470 1579 1584 1614 plurima
1603 1579 1753 1606 habitacula

141 1626 267 1659 φρουροῖς
282 1625 442 1660 ἐπιτηδείως
454 1626 628 1661 εἰργασμένα.

402 1717 598 1743 ΚΕΦΑΛΛΙΟΝ
623 1718 659 1743 Ξ’.

141 1759 200 1788 Ὀτι
221 1761 256 1788 ἐν
278 1762 371 1795 τούτῳ
399 1763 447 1789 καὶ
469 1763 615 1797 μνημεῖον
636 1765 679 1796 εἰς
710 1763 808 1798 ταφὴν
829 1765 922 1797 ἐαυτῷ

397 1798 660 1832 προσῳκοδόμησε.

174 1843 266 1870 Ταῦτα
289 1844 377 1870 πάντα
402 1844 515 1880 ἀφιέρου
542 1844 676 1879 βασιλεὺς,
701 1845 857 1877 διαιωνίζων
883 1846 922 1877 εἰς

139 1889 261 1921 ἅπαντας
272 1889 325 1917 τῶν
337 1890 384 1916 τοῦ
400 1891 523 1925 Σωτῆρος
537 1891 615 1926 ἡμῶν
627 1891 780 1917 ἀποστόλων
793 1891 841 1926 τὴν
858 1893 924 1926 μνή-

140 1943 193 1970 μην
203 1943 210 1950 ο
225 1934 357 1970 ᾠκοδόμει
370 1936 392 1961 δ’
404 1936 457 1971 ἄρα
469 1936 515 1962 καὶ
527 1935 588 1963 ἄλλο
603 1945 628 1962 τι
642 1938 674 1971 τῇ
687 1937 789 1972 διανοίᾳ
802 1937 920 1969 σκοπῶν,

138 1980 153 2007 ὃ
167 1980 200 2015 δὴ
216 1979 345 2007 λανθάνον
365 1981 510 2016 ταπρῶτα,
534 1981 694 2018 κατάφωρον
717 1982 785 2018 πρὸς
800 1982 838 2018 τῷ
852 1983 921 2010 τέλει

137 2026 194 2056 τοῖς
216 2026 297 2051 πᾶσιν
322 2026 451 2060 ἐγίγνετο.
476 2027 561 2058 Αὐτὸς
584 2027 647 2060 γοῦν
669 2027 742 2062 αὕτῷ
766 2029 806 2060 είς
829 2029 922 2056 δέοντα

139 2071 234 2106 καιρὸν
250 2071 298 2110 τῆς
317 2071 398 2098 αὐτοῦ
415 2072 553 2107 τελευτῆς,
569 2073 612 2100 τὸν
629 2074 750 2100 ἐνταυοοῖ
765 2075 844 2101 τόπον
859 2076 921 2102 ἐτα-

140 2116 255 2151 μιεύετο·
268 2117 316 2151 τῆς
324 2116 377 2143 τῶν
385 2117 537 2144 ἀποστόλων
549 2120 724 2155 προσρήσεως
736 2121 860 2147 κοινωνὸν
868 2121 921 2157 (47)

174 2172 229 2209 (45)
251 2174 372 2206 «mag
395 2172 496 2205 δεξιὰς
522 2174 678 2208 προθύμως
707 2174 767 2201 σὺν
796 2175 922 2209 ἐκείνοις

139 2207 310 2234 ἐσπείσατο.
332 2208 497 2235 Notabishic
510 2207 717 2241 barbarismum,
736 2217 787 2237 nou
801 2207 919 2243 Eusebii;

141 2243 187 2270 sed
202 2243 259 2279 ejus
274 2244 318 2277 qui
339 2244 388 2270 hoc
405 2248 485 2277 caput.
503 2244 647 2278 supplevit.
676 2244 824 2272 Dicendum
844 2247 914 2273 enim
934 2253 955 2279 υ

138 2282 197 2314 erat
215 2278 281 2313 πρὸς
295 2279 414 2310 ἐκείνους
425 2279 577 2305 ἐσπείσατο.
597 2279 648 2306 Sed
663 2288 749 2314 neque
763 2281 813 2306 hoc
826 2282 916 2308 verisi-

138 2313 203 2349 mile
218 2319 268 2345 est,
289 2314 494 2341 Constantinum
512 2315 556 2349 qui
568 2322 662 2341 omnes
679 2313 781 2349 imperii
803 2315 915 2342 Romani

137 2348 382 2384 copiasradversus
400 2349 496 2376 Persas
522 2355 714 2382 commovi-rat,
742 2358 834 2384 pacem
855 2359 915 2377 cum

137 2383 178 2409 eis
196 2382 302 2410 fecisse.
318 2384 491 2412 Contrarium
506 2390 579 2412 certe
591 2385 705 2412 allii-mat
719 2382 803 2411 liuius
821 2385 917 2413 Festus

139 2417 306 2454 cujusvcrba
326 2419 452 2454 superius
467 2420 617 2452 retulimus,
632 2426 659 2446 ιιι
675 2420 817 2454 Eutropius
832 2426 915 2454 atque

139 2452 265 2480 Aurelius
275 2452 377 2480 Victor.
391 2453 515 2482 Socrates
531 2459 619 2482 tamen
635 2462 726 2488 pacem
742 2452 802 2482 citm
815 2452 916 2487 Persis.

140 2488 182 2514 vel
198 2494 271 2514 certe
285 2488 407 2514 inducias
427 2489 513 2515 factas
526 2490 609 2517 fuisse
626 2491 722 2516 innuit.

175 2522 232 2557 (44)
251 2523 315 2549 Ἐπὶ
338 2524 462 2556 τούτοις.
479 2524 544 2556 Quis
558 2532 609 2552 non
625 2526 697 2551 videt
710 2526 766 2552 haec
780 2524 814 2551 ab
829 2525 915 2552 aliena

140 2564 221 2593 manu
233 2558 392 2593 concinnata
418 2560 497 2585 esse?
523 2559 613 2593 Neque
627 2561 697 2587 enim
712 2568 771 2587 cum
794 2561 915 2592 sequenti

137 2592 227 2626 capite
240 2592 294 2619 ullo
316 2593 393 2619 modo
418 2592 592 2621 conveniunt.
615 2594 641 2621 lu
667 2595 717 2621 hoc
737 2595 824 2626 capite
850 2594 917 2622 Cou~

137 2627 272 2664 stantinus
285 2627 384 2664 dicitur
399 2629 514 2664 coepisse
535 2629 669 2656 :cdilicare
697 2627 824 2664 templum
845 2631 917 2664 Apo-

138 2661 270 2689 stolorum
287 2667 345 2700 post
366 2662 548 2700 dies_Pasch:e
575 2665 636 2691 anni
652 2664 714 2691 557.
737 2661 764 2692 In
794 2661 916 2700 sequenti

138 2702 228 2724 autem
244 2697 343 2733 capite,
363 2698 432 2731 quod
445 2700 478 2724 ah
497 2699 612 2726 Eusebio
630 2700 758 2733 scriptum
776 2697 915 2728 essecon-

138 2737 202 2770 stat,
220 2732 346 2770 templum
360 2733 485 2767 illudjatn
496 2734 648 2770 absolutum
665 2732 793 2762 cernitur.
806 2737 885 2770 Atqui
901 2744 915 2762 ιι

139 2768 233 2795 diebus
242 2767 352 2805 Paschm
368 2775 452 2805 usque
469 2769 500 2794 ad
514 2767 700 2805 Pentecosteu,
715 2778 766 2805 qua
784 2771 827 2798 die
843 2767 915 2797 mor-

140 2807 203 2840 tuus
220 2808 262 2829 est
287 2803 551 2840 Constantinus,_vix
572 2804 668 2840 humus
685 2803 755 2839 egeri
780 2806 864 2840 potuit
883 2807 915 2832 ad

139 2837 312 2865 fundamenta
335 2838 425 2872 templi
448 2838 582 2872 jacienda.
601 2837 716 2867 Proinde
739 2837 848 2868 necesse
863 2847 914 2873 est.

139 2877 171 2910 ut
184 2873 385 2910 teinplitinjlltiti
398 2873 530 2910 rdiuante
548 2879 663 2910 coeptum
680 2875 759 2904 fuerit
775 2876 913 2904 asditicari.

143 2905 207 2934 Vide
222 2905 300 2943 caput
316 2908 348 2935 56
360 2909 437 2944 hujus
454 2909 527 2937 libri.

972 1625 1005 1650 ad
1021 1632 1096 1651 usum
1110 1632 1202 1652 eormn
1218 1625 1263 1660 qui
1280 1625 1368 1653 locum
1381 1625 1582 1658 custodiebant,
1607 1625 1755 1660 porticibus

974 1670 1112 1704 applicita,
1128 1679 1221 1698 earum
1233 1671 1425 1706 longitudinem
1440 1671 1592 1706 :equabaut.

1270 1716 1381 1744 CAPUT
1401 1717 1457 1744 LX.

973 1760 1048 1793 Quod
1061 1762 1139 1789 etiam
1153 1762 1179 1788 in
1192 1770 1220 1789 eo
1238 1763 1330 1797 templo
1357 1763 1504 1798 sepulcrum
1524 1763 1575 1790 sibi
1601 1763 1751 1798 indi/iacvit.

1007 1839 1069 1866 llrec
1092 1840 1182 1867 omnia
1207 1841 1341 1868 dedicavit
1367 1841 1517 1875 imperator
1532 1850 1564 1869 eo
1583 1843 1707 1877 consilio,
1726 1847 1755 1869 ut

972 1885 1154 1919 apostolorum
1179 1885 1334 1913 Servatoris
1351 1887 1435 1913 nostri
1464 1888 1621 1914 memoriam
1639 1888 1754 1921 posteris

973 1931 998 1957 in
1017 1935 1173 1965 perpetuum
1187 1932 1401 1958 commendaret.
1416 1931 1467 1959 Sed
1483 1937 1510 1959 et.
1529 1933 1602 1960 aliud
1617 1934 1752 1969 quidpiam

973 1976 999 2002 in
1025 1981 1115 2002 tuente
1143 1976 1256 2008 habens,
1274 1977 1357 2003 aedem
1388 1977 1461 2003 illam
1480 1979 1657 2005 construxit:
1682 1980 1753 2013 quod

973 2021 1049 2048 initio
1061 2021 1168 2055 quidem
1181 2022 1337 2053 obscurum,
1358 2022 1465 2048 tandem
1482 2029 1546 2049 vero
1561 2023 1685 2050 omnibus
1704 2024 1754 2051 sub

972 2067 1051 2093 linem
1067 2067 1194 2094 innotuit.
1214 2067 1319 2102 Quippe
1333 2068 1390 2101 ipse
1415 2068 1487 2095 hunc
1510 2068 1563 2095 sibi
1591 2068 1679 2096 locum
1694 2075 1753 2104 post

973 2117 1086 2140 mortem
1103 2113 1314 2147 dcsignaverat,
1343 2114 1497 2142 incredibili
1524 2114 1585 2142 ﬁdei
1614 2115 1754 2143 alacritate

1008 2170 1065 2232 $4.2)
1079 2171 1152 2197 Ἄνω
1167 2170 1280 2206 χαλκὸς
1288 2171 1356 2205 μέν.
1373 2171 1550 2199 Scribendum
1565 2177 1607 2199 est
1627 2172 1683 2200 ἄνω
1703 2172 1753 2208 μὲν

1009 2214 1040 2232 Λκ
1057 2215 1079 2232 c.

991 2214 1079 2237 αικος.

973 2215 1123 2277 xui-mide
1142 2241 1296 2276 δωμάτιον.
1316 2242 1450 2277 Eusebius
1475 2249 1554 2277 supra
1575 2243 1601 2269 in
1626 2242 1696 2270 libro
1720 2251 1750 2270 tu

970 2278 1058 2311 capite
1074 2277 1108 2303 55
1129 2276 1163 2303 τὰ
1189 2277 1267 2309 ἐκτὸς
1291 2276 1402 2312 δώματα
1420 2282 1498 2304 vocat
1508 2276 1652 2305 exteriora
1682 2283 1751 2306 tecta

967 2313 1095 2340 basilictc.
1110 2313 1202 2345 Itaque
1224 2312 1359 2347 δωμάτιον
1382 2313 1425 2339 hic
1445 2312 1551 2339 videtur
1570 2320 1631 2339 esse
1650 2318 1749 2340 tcctmu

969 2349 1050 2375 totius
1064 2347 1192 2379 basilicm,
1203 2347 1245 2374 vel
1269 2353 1343 2375 certe
1356 2347 1458 2373 altaris.
1481 2347 1618 2381 Ejusmodi
1636 2353 1706 2375 tecta
1723 2349 1749 2376 in

966 2383 1039 2409 orbis
1053 2383 1171 2416 speciem
1193 2382 1325 2409 mditicata
1341 2390 1390 2409 nos
1402 2382 1470 2409 G'alli
1492 2383 1623 2416 hodieque
1642 2384 1748 2410 domata

967 2425 1103 2444 vocamus.
1121 2417 1205 2443 Porro
1216 2419 1248 2443 de
1267 2417 1356 2451 templi
1370 2417 1561 2451 Apostolorum
1575 2419 1750 2450 magniﬁcen-

968 2453 1004 2479 tia
1027 2452 1174 2487 Gregorius
1199 2452 1264 2479 Naz.
1283 2453 1308 2479 in
1329 2453 1450 2479 carmine
1467 2453 1500 2479 de
1524 2452 1657 2480 insomnio
1675 2454 1746 2480 Ana-

967 2488 1057 2514 stasizc
1075 2487 1111 2513 ita
1130 2487 1223 2514 scribit
1238 2496 1244 2512 :

967 2522 1028 2549 Σὺν
1041 2522 1100 2555 τοῖς
1117 2522 1164 2548 καὶ
1181 2521 1372 2556 μεγάλαυχον
1385 2522 1451 2554 ἕδος
1468 2521 1602 2554 Χριστοῖο
1611 2522 1751 2556 μαθητῶν

1004 2557 1146 2592 πλευραῖς
1165 2558 1384 2590 σταυροτ-ύποις
1403 2557 1528 2591 τέτραχα
1549 2558 1738 2592 τεμνόμενον,

1004 2592 1030 2620 Id
1048 2598 1100 2624 est,
1117 2591 1150 2618 Et
1170 2592 1337 2626 magniﬁcum
1351 2593 1472 2626 templum
1495 2592 1593 2618 Christi
1609 2593 1751 2626 discipulo-

968 2635 1036 2660 rum,
1049 2633 1164 2662 quatuor
1181 2627 1307 2654 lateribus
1316 2627 1470 2653 distinctum
1479 2628 1505 2653 in
1524 2628 1608 2654 crucis
1627 2627 1748 2661 formam.

968 2662 1124 2697 Huiusmodi
1138 2662 1224 2689 forma
1245 2663 1308 2689 olim
1322 2662 1444 2698 ecclesia:
1458 2663 1707 2698 cottstruebautur.
1720 2667 1748 2688 ut

968 2696 1068 2724 notavit
1080 2698 1221 2725 Gretscrus
1239 2699 1264 2725 in
1279 2698 1357 2725 libris
1370 2697 1406 2723 De
1423 2705 1508 2729 cruce,
1522 2696 1627 2724 Marcus
1642 2697 1668 2724 in
1690 2696 1748 2724 Vita

968 2734 1054 2760 sancti
1075 2732 1223 2767 Porphyrii.

1002 2768 1058 2802 (47)
1068 2767 1125 2802 Τῆς
1136 2766 1195 2794 τῶν
1205 2768 1383 2795 ἀποστόλων
1389 2766 1581 2801 προσρήσεως
1593 2767 1747 2795 κοινωνόν.

966 2804 1066 2830 Alludtt
1082 2803 1214 2830 Eusebius
1235 2803 1267 2830 ad
1292 2803 1579 2837 cognomentumiillud
1603 2802 1748 2829 ισαποστό-

966 2839 1022 2869 λου,
1039 2847 1093 2873 quo
1109 2844 1167 2872 post
1184 2843 1297 2865 mortem
1318 2836 1430 2865 all'ectus
1443 2843 1484 2864 est
1497 2836 1702 2870 Constantinus,
1720 2843 1749 2865 ut

966 2875 1065 2908 legitur
1083 2874 1109 2900 in
1124 2873 1231 2900 Menaeis
1252 2873 1417 2900 Graecorum.
1439 2873 1514 2906 Quod
1537 2878 1746 2908 cognomentum

966 2910 1058 2937 nescio
1069 2916 1117 2936 cur
1133 2913 1271 2943 tantopere
1282 2909 1305 2936 ei
1328 2908 1453 2936 inviderit
1483 2908 1602 2944 Scaliger
1616 2908 1644 2936 in
1661 2908 1708 2936 lib.
1728 2913 1745 2935 ν
