2001 3168
144 161 216 190 1217

688 163 731 190 DE
753 162 831 189 VITA
851 162 1079 191 CONSTANTINI
1099 164 1162 193 LIB.
1184 165 1230 193 IV.

1699 172 1768 202 I213

142 229 240 258 μενος,
257 221 386 256 ἠγάλλετο
407 222 446 256 τῷ
462 221 596 256 πνεύματι
614 220 669 257 (61)
683 241 690 253 ,
714 221 884 248 ἀνεκαινοῦτὸ
899 230 917 247 τη

982 222 1083 250 riorum
1099 224 1257 258 participem
1268 233 1328 253 eum
1337 226 1438 255 fecere.
1452 226 1531 257 Solus
1541 228 1624 264 igitur
1631 237 1663 257 ex
1677 232 1767 258 maui-

142 266 189 293 καὶ
207 266 294 301 φωτὸς
315 266 498 302 ἐνεπίμπλατο
520 267 604 297 θείου,
623 267 725 301 χαίρων
746 267 794 301 μὲν
809 268 841 302 τῇ
855 266 927 302 ψυχῇ

141 311 174 339 δι’
188 311 339 348 ὑπερϐολὴν
354 312 479 343 πίστεως,
498 312 527 338 τὸ
545 311 566 337 δ’
580 311 694 346 ἐναργὲς
712 311 929 347 καταπεπληγὼς

139 358 190 393 τῆς
211 358 302 385 ἐνθέου
322 358 471 393 δυνάμεως.
491 358 537 389 Ὠς
559 358 580 384 δ’
598 357 747 392 ἐπληροῦτο
768 358 803 384 τὰ
825 358 927 389 δέοντα,

140 404 277 439 λαμπροῖς
299 404 346 430 καὶ
373 403 520 438 βασιλικοῖς
543 403 718 438 ἁμφιάςμασι
742 403 815 439 (62),
840 405 929 439 φωτὸς

139 450 310 485 ἐκλάμπουσι
339 450 447 485 τρόπον,
473 449 681 485 περιεῦάλλετο,
708 451 753 476 ἐπὶ
779 450 928 487 λευκοτάτη

139 505 170 524 τε
196 497 322 532 στρωμνῇ
347 495 538 528 διανεπαύετο,
559 496 609 522 οὐκ
634 495 671 522 ἕο*
689 496 845 532 ἁλουργίδας
868 498 927 523 ἐπι-

139 543 243 578 ψαῦσαι
258 542 381 578 θελήσας.

980 268 1081 302 busqui
1093 277 1211 304 unquam
1222 269 1332 297 fuerunt
1340 271 1551 306 imperatoribus
1560 273 1765 310 Constantinus,

980 314 1007 341 in
1021 314 1122 343 Christi
1140 316 1278 351 martyriis
1299 323 1409 345 renatus
1433 324 1461 346 et
1478 326 1682 349 consummatus
1698 327 1740 350 est
1757 333 1765 352 ;

980 365 1007 387 et
1025 361 1117 389 divino
1128 361 1245 389 donatus
1265 363 1412 397 signaculo,
1426 366 1571 394 exsultavit
1595 368 1766 402 spiritus,re-

982 412 1148 441 novatusqne
1160 412 1212 441 est,
1229 416 1260 435 ac
1277 408 1368 436 divina
1384 410 1442 438 luce
1461 412 1590 446 repletus.
1616 414 1649 441 Et
1675 415 1765 443 animo

980 453 1088 486 quidem
1104 453 1248 481 maximam
1266 455 1388 489 capiebat
1404 456 1567 492 voluptatem
1582 459 1616 486 ob
1639 459 1700 487 ﬁdei
1717 468 1765 488 ex-

980 498 1153 531 cellentiam;
1168 500 1399 528 evidentissimam
1419 507 1507 530 autem
1525 503 1623 532 divinm
1636 507 1764 540 potentiae

980 545 1192 577 magnitudinem
1231 547 1363 575 attonitus
1402 548 1563 577 mirabatur.
1618 551 1764 586 Postquam

139 591 232 618 omnia
246 591 297 618 rite
312 591 419 625 impleta
437 595 510 621 sunt,
527 590 652 618 candidis
676 597 709 618 ac
736 591 817 626 regiis
833 593 951 620 vestibus
982 593 1051 620 lucis
1076 592 1163 620 instar
1179 594 1346 623 radiantibus
1370 600 1412 623 est
1438 597 1563 630 amictus,
1578 602 1605 625 et
1628 599 1764 628 candidis-

137 639 208 666 simo
233 638 258 665 in
283 637 353 665 lecto
369 638 508 670 reculmit,
522 645 572 665 nec
586 645 734 672 purpuram
750 639 908 673 contingere
923 641 1037 675 amplius
1051 640 1147 668 voluit.

396 685 594 711 ΚΕΦΑΛΑΙΟΝ
611 683 669 711 EI".

175 730 210 758 Τὸ
227 729 356 764 λουτρὸν·
373 730 481 762 λαϐὼν,
497 730 577 763 ὅπως
593 731 718 765 ἁνύμνει
733 731 787 757 τὸν
804 732 886 759 Θεόν,

172 780 297 808 Κᾶπειτα
308 780 356 814 τὴν
371 779 460 815 φωνὴν
475 779 628 814 ὰνυψώσας,
642 780 847 816 εὐχαριστήριον
862 781 923 807 ἀνέ-

134 835 231 862 πεμπε
257 825 294 860 τῷ
308 825 368 860 Θεῴ
388 826 542 861 προσευχήν
556 833 562 839 '
587 825 646 860 μεθ’
662 825 694 860 ἢν
712 826 799 861 ἐπῆγε
816 826 901 860 λέγων
915 835 920 840 ·

139 883 149 899 ι
163 872 221 900 Νῦν
240 872 334 908 ἀληθεῖ
347 871 419 907 λόγῳ
435 872 569 907 μακάριον
587 869 636 898 οἷδ’
650 872 783 907 ἐμαυτὸν,
802 872 848 899 νῦν
872 873 921 908 τῆς

1258 687 1372 717 CAPUT
1391 687 1478 716 LXIII.

1049 733 1188 766 Quomodo
1210 738 1267 767 post
1288 734 1442 768 baptismum
1463 735 1546 762 Deum
1564 735 1691 764 laudavit.

1012 779 1134 807 Posthzec
1149 779 1253 806 sublata
1268 780 1348 807 altius
1361 788 1437 812 voce,
1453 781 1646 814 precabundus
1660 783 1762 818 gratias

977 826 1032 859 egit
1057 824 1121 858 Deo,
1139 829 1167 852 et
1183 825 1259 852 ﬁnita
1277 826 1432 859 precatione
1451 827 1505 854 hinc
1524 827 1674 862 subjecitu
1687 828 1763 856 Nunc

983 877 1024 898 me
1039 877 1131 897 revera
1148 870 1257 897 beatum
1274 877 1333 897 esse
1346 890 1353 902 ,
1383 879 1453 898 utine
1475 872 1621 899 immortali
1652 873 1707 900 vita
1721 873 1764 900 di-

134 919 268 946 ἀθανάτου
281 918 354 953 ζωῆς
370 917 505 952 πεφάνθαι
521 917 660 950 ἄξιον,νῢν
676 918 722 945 τοῦ
743 918 821 959 θείουη
833 927 917 954 tte-rep

977 923 1079 951 gnum,
1106 923 1179 943 nunc
1194 916 1292 943 divinae
1311 921 1462 951 compotem
1488 917 1555 945 lucis
1579 918 1679 946 factum
1701 926 1763 947 esse

134 965 249 1002 ληφέναι
263 964 349 999 φωτὸς
360 964 527 990 πεπίστευκα
540 964 605 1000 (63).
621 974 630 990 ι
653 964 732 991 Ἀλλὰ
745 965 792 992 καὶ
807 965 923 997 τάλανας

140 1032 289 1064 τελείωσις.
307 1037 360 1058 etc.
378 1031 482 1068 Quibus
497 1032 522 1058 in
544 1032 610 1068 locis
630 1032 665 1068 P.
681 1032 803 1068 Nannius
818 1041 923 1068 semper

136 1068 219 1094 vertit
241 1067 428 1094 initiationem.
445 1066 496 1093 Sed
511 1072 537 1094 et
554 1067 701 1101 Gregorius
714 1067 781 1094 Naz.
811 1069 837 1095 in
858 1066 922 1096 ora-

138 1102 210 1130 tione
234 1103 320 1137 prima
342 1107 432 1128 contra
455 1101 604 1134 lulianum,
634 1102 798 1137 baptismum
826 1104 922 1131 eodem

136 1138 267 1181 vocabulo
285 1137 401 1181 appellat
415 1145 422 1164 :
439 1137 539 1181 Λξμοετι
548 1137 601 1179 μὲν
613 1137 664 1181 οὐχ
674 1138 744 1180 ’ὁσίῳ
765 1138 799 1181 ςτὺ
809 1138 922 1181 λοοτρὸν

132 1163 348 1210 ἀπορῤρπτεέοίι,
371 1172 403 1210 ςῑῇ
421 1163 576 1210 καρδιήμίᾇς
593 1163 796 1210 ςτελέῖιέοειλτὴν
813 1163 921 1210 celsitu-

135 1217 177 1235 atv
189 1206 236 1234 ῖποῦ
252 1207 353 1243 μύσους
366 1206 520 1243 ἀντιτιθείς.
536 1207 655 1242 Denique
667 1206 791 1235 Clemens
804 1209 919 1235 Alexan-

132 1241 299 1273 drinus,'in
329 1242 396 1268 libro
419 1249 432 1277 Vl
463 1241 618 1276 Pwdagogi,
648 1243 809 1277 baptismum
836 1244 920 1272 variis

136 1278 288 1314 nominibus
297 1276 425 1314 appellari
433 1277 533 1314 scribit
541 1286 547 1303 :
556 1276 773 1314 interdumeuim
784 1278 919 1314 χάρισμα,

134 1313 269 1348 interdum
284 1311 410 1347 φώτισμα
423 1312 474 1339 dici
484 1333 492 1346 ,
510 1311 590 1339 modo
604 1312 724 1348 λουτρόν.
743 1311 842 1340 Deinde
853 1311 920 1341 caué

136 1355 193 1375 sam
211 1347 347 1382 subjungit
362 1354 411 1373 cur
424 1352 534 1374 vocetur
555 1347 655 1374 τέλειον
668 1356 674 1363 ·
693 1348 804 1379 τέλειον.
822 1348 918 1382 inquit.

135 1383 250 1410 dicimus
268 1383 293 1410 id
312 1381 355 1410 cui
370 1381 435 1408 nihil
453 1383 538 1410 deest.
557 1382 627 1415 Quid
643 1390 724 1417 porro
736 1385 812 1410 deest
825 1381 918 1417 illiqui

134 1418 218 1445 Deum
242 1418 325 1450 novit,
342 1422 369 1444 et
390 1418 439 1453 qui
456 1418 577 1453 gratiam
602 1418 650 1445 Dei
672 1418 801 1453 possidet.
826 1424 852 1445 et
865 1420 919 1446 vita

134 1426 218 1445 neum
242 1426 325 1450 novit,
342 1426 369 1444 et
390 1426 434 1450 qui
481 1426 577 1445 ranam
602 1426 650 1445 uer
672 1426 801 1453 possmet.
826 1426 852 1445 et
865 1426 918 1446 vita

131 1452 190 1487 jam
209 1453 306 1480 fruitur
323 1452 442 1479 aeterna?
455 1426 494 1479 Ex
515 1460 568 1486 quo
583 1453 618 1480 ita
633 1453 768 1480 concludit
784 1453 918 1486 Clemens,

134 1495 229 1515 omnes
246 1488 292 1522 qui
307 1488 333 1514 in
351 1487 490 1522 Christum
507 1488 693 1517 crediderunt.
712 1493 738 1514 et
752 1495 831 1515 sacro
847 1489 919 1515 lava-

135 1530 182 1550 cro
196 1521 273 1550 tincii
287 1527 360 1552 sunt.
374 1521 427 1555 iam
440 1522 576 1556 perfectos
589 1529 667 1550 esse:
682 1522 759 1549 Οὕτω
770 1522 800 1549 τὸ
810 1524 920 1550 πιστεῦ-

132 1565 178 1595 ᾳαι
194 1558 336 1595 μόνονγκαὶ
344 1557 565 1595 ἁναγεννηοῆνοιι,
577 1557 837 1595 τελεξῳᾳίςιὲσῖινέεν
852 1558 906 1595 ζωῇ

974 968 1118 996 cognosco.
1134 971 1144 988 ι
1158 961 1272 990 Miseros
1286 969 1394 997 quoque
1409 963 1567 991 etinfelices
1584 971 1645 991 esse
1659 964 1762 998 aiebat,

972 1029 1057 1067 yitate
1073 1028 1252 1057 concluditur.
1271 1031 1302 1058 Et
1319 1031 1377 1059 ideo
1400 1031 1480 1058 hodie
1497 1032 1693 1067 neophytorum
1712 1033 1761 1061 ha-

973 1064 1045 1101 bitus
1061 1069 1252 1101 commutatur
1266 1074 1272 1092 :
1288 1067 1431 1092 ita‘lamcn
1450 1071 1477 1092 ut
1493 1064 1594 1094 candor
1607 1068 1651 1101 qui
1667 1068 1700 1094 de
1713 1068 1762 1095 ha-

973 1098 1028 1125 bitu
1051 1099 1207 1135 deponitur,
1232 1108 1339 1135 semper
1362 1101 1388 1127 in
1416 1101 1497 1129 eorde
1511 1098 1643 1129 teneatur.
1661 1111 1670 1128 ι
1687 1101 1760 1131 Idem

972 1132 1215 1172 testaturBedain
1231 1132 1303 1172 libro
1314 1136 1351 1172 De
1371 1136 1470 1170 oﬂiciis.
1487 1145 1497 1161 ‹
1515 1137 1731 1172 Septuagesima,
1745 1149 1756 1164 ι

972 1169 1068 1202 inquit,
1087 1169 1197 1205 «tendit
1213 1171 1247 1196 ad
1267 1169 1407 1198 sabbatum
1428 1175 1491 1198 ante
1511 1169 1759 1205 octavasPaschie,

971 1204 1080 1240 quando
1107 1204 1134 1231 hi
1151 1203 1197 1238 qui
1213 1205 1237 1231 in
1254 1205 1344 1239 vigilia
1365 1205 1475 1232 Pascha:
1488 1206 1669 1240 baptizautur,
1699 1203 1758 1236 alba

971 1239 1138 1276 _vestin_t_cnta_
1157 1240 1303 1276 deponunt.
1322 1249 1332 1265 ι
1352 1240 1415 1272 Quae
1433 1241 1512 1267 verba
1523 1239 1655 1276 leguntur
1675 1244 1756 1270 etiam

971 1272 998 1300 in
1008 1273 1107 1302 Ordine
1121 1273 1253 1302 Romano.
1268 1275 1294 1301 In
1310 1280 1401 1302 vetere
1417 1276 1487 1302 libro
1502 1272 1654 1304 Pon'tilicali
1670 1277 1758 1305 Seno-

971 1309 1064 1335 nensis
1087 1308 1216 1347 Ecclesia:
1245 1315 1306 1336 ante
1324 1316 1581 1347 sexcentos‘ann’os
1608 1313 1757 1347 descripto,

971 1348 1060 1370 exstat
1082 1344 1211 1382 solemnis
1228 1345 1348 1378 precatio
1371 1352 1452 1382 quam
1477 1345 1594 1382 faciebat
1614 1344 1758 1382 episcopus

970 1386 1052 1417 super
1064 1378 1214 1417 neopbytis,
1230 1384 1294 1406 tunc
1308 1387 1369 1417 cuin
1380 1378 1462 1407 'albas
1473 1378 1648 1417 deponerent,
1674 1378 1756 1417 quam

972 1413 1015 1439 hic
1033 1413 1170 1441 ascribere
1185 1421 1272 1449 opera:
1287 1416 1402 1449 pretium
1417 1416 1518 1448 putavi.

970 1455 1129 1475 BENEDICTIO
1157 1456 1184 1475 IN
1216 1457 1332 1477 SABBATO
1363 1457 1466 1481 QUANDO
1496 1458 1576 1477 ALBAS
1605 1459 1756 1482 DEPONUN'I'.

1005 1483 1087 1514 Deus,
1101 1484 1145 1518 qui
1162 1484 1269 1511 calcatis
1283 1485 1383 1519 inferni
1396 1486 1495 1519 legibus
1511 1485 1689 1518 captivitatem
1705 1496 1754 1515 no-

969 1523 1052 1555 stram
1066 1519 1181 1555 resoluta
1209 1524 1362 1546 catenarum
1376 1528 1498 1554 compage
1526 1521 1648 1555 dignatus
1673 1530 1699 1549 es
1720 1523 1755 1550 ad

971 1554 1097 1589 libertatis
1110 1554 1219 1588 prwmia
1233 1563 1362 1585 revocare,
1374 1556 1428 1589 ipse
1440 1555 1508 1581 vobis
1523 1554 1626 1588 private!
1637 1557 1675 1583 ita
1685 1557 1754 1585 hanc

132 1579 395 1633 Ᾰῖὼΐιζέᾑεῇἱόὲῖᾲἶι
400 1579 917 1633 ὀξέιᾸὲ’ρἕἕεῐί“’ἒιῖἷῖέῖεῖιῖιῖ’ᾳῖἑοῖἑῖιῗζ

972 1579 1062 1628 vitam
1075 1579 1426 1633 transigere;iiiiilliim
1445 1579 1595 1633 perpeIuam

134 1632 190 1660 tur,
216 1629 262 1662 qui
284 1628 447 1662 baptismum
472 1631 659 1661 susceperant,
693 1628 800 1654 tametsi
823 1636 918 1655 tnanus

136 1663 337 1698 impositionem
363 1662 540 1698 abrepiscopo
566 1670 618 1689 non
638 1662 816 1698 accepissent.
835 1663 918 1690 Vetus

132 1697 232 1726 auctor
255 1698 291 1725 De
319 1697 454 1732 haereticis
481 1705 534 1724 non
559 1697 760 1731 rebaptizandis
786 1703 819 1723 ε(
842 1697 918 1732 Quod

133 1733 266 1761 hodierna
282 1739 391 1768 quoque
407 1731 454 1768 die
465 1739 516 1759 non
533 1737 621 1768 potest
639 1732 758 1759 dubitari
780 1739 840 1768 esse
856 1731 918 1760 'usi-

134 1773 228 1802 talum,
247 1772 274 1796 et
285 1766 394 1795 evenire
407 1767 514 1794 solitum
532 1771 560 1802 ut
575 1766 695 1802 plerique
712 1771 771 1802 post
785 1767 917 1801 baptisma

132 1803 192 1829 sine
205 1803 376 1838 impositione
390 1801 617 1838 mattusiepiscopi
644 1805 677 1828 de
693 1801 791 1829 seaculo
804 1808 917 1835 exeant;

129 1842 159 1864 et
173 1837 261 1873 tamen
279 1845 328 1873 pro
341 1837 469 1873 perfectis
485 1837 608 1873 ﬁdelibus
625 1838 768 1873 habentur.
791 1846 800 1863 ι
820 1837 853 1873 Et
872 1837 919 1864 itc-

133 1880 192 1907 rnm
212 1871 287 1899 ‘inl‘ra
303 1879 364 1907 pag.
384 1872 435 1899 155
470 1872 597 1907 editionis
626 1871 747 1906 ltigaltii,
769 1871 917 1906 perfectum

129 1906 318 1934 Christianmit
334 1906 410 1941 ponit
421 1914 474 1942 pro
484 1906 555 1934 ﬁdeli
570 1915 578 1934 :
594 1907 779 1942 imperfectum
792 1914 855 1934 vero
869 1915 918 1942 pro

133 1941 329 1969 catechumeno
348 1951 354 1969 :
372 1950 380 1967 t
401 1942 434 1968 Et
451 1941 512 1976 ideo
537 1941 671 1976 integrum
692 1949 724 1968 ac
739 1942 874 1969 sincerum
892 1947 917 1969 et

132 1977 376 2003 iucontaminatum
389 1981 416 2003 et
428 1975 586 2003 inviolatum
597 1975 745 2011 imumque
761 1977 839 2004 debet
852 1984 917 2004 con-

132 2012 230 2046 sistere
249 2011 399 2043 conﬁtenti,
419 2010 493 2038 ttullo
514 2011 617 2038 delectu
643 2010 734 2038 habito
748 2011 834 2046 ipsius
852 2019 917 2038 con-

133 2045 254 2078 Icssoris,
273 2047 330 2073 sive
346 2047 390 2074 ille
403 2047 502 2081 justus,
525 2047 581 2073 sive
601 2051 739 2080 peccator;
760 2045 917 2080 perlectus-

132 2088 185 2115 que
207 2082 379 2114 christianus,
399 2089 431 2108 an
453 2089 517 2109 vero
540 2082 621 2108 etiam
638 2088 709 2108 nunc
731 2082 916 2115 imperfectus,

131 2116 178 2150 qui
195 2123 299 2143 summo
318 2117 472 2144 discrimine
485 2124 535 2143 suo
556 2116 698 2143 Dominum
714 2117 836 2144 conliteri
862 2125 916 2144 non

133 2152 232 2180 timuit.
254 2162 263 2177 ι

168 2186 222 2221 (tit)
243 2186 405 2221 Ἠγάλλετο
420 2186 460 2219 τῷ
473 2187 626 2221 πνεύματι.
649 2185 725 2218 Quod
738 2185 874 2220 plerisque
889 2187 915 2214 in

132 2220 198 2247 locis
213 2220 292 2256 hujus
306 2221 395 2256 operis
410 2223 541 2249 accidisse
549 2220 608 2256 'jam
626 2221 726 2252 monui,
741 2221 768 2247 in
782 2221 832 2248 hoc
845 2229 914 2256 quo-

970 1624 1075 1656 possitis
1091 1625 1199 1660 intrare.
1215 1625 1306 1651 Amen.
1324 1624 1438 1651 Tantum
1454 1626 1566 1659 prrcbeat
1582 1625 1652 1652 vobis
1668 1627 1754 1660 fert-o-

971 1666 1023 1684 rem
1050 1659 1187 1685 catholica:
1207 1660 1286 1694 ﬁdei,
1308 1664 1336 1686 ut
1357 1660 1441 1686 sancti
1462 1660 1587 1686 adventus
1605 1661 1676 1688 illius
1697 1662 1755 1689 sitis

969 1694 1161 1726 exspectatione
1173 1695 1267 1721 securi.
1284 1695 1376 1721 Amen.
1393 1694 1425 1721 Ut
1439 1695 1584 1729 quicunque
1597 1695 1638 1722 hic
1650 1704 1755 1724 merue-

970 1729 1155 1763 runt‘purgari
1177 1729 1248 1755 unda
1265 1729 1395 1763 baptismi,
1421 1730 1458 1756 ibi
1481 1730 1636 1763 prmentari
1651 1731 1754 1759 valeant

969 1763 1011 1796 pio
1022 1761 1113 1789 Iudici
1127 1764 1274 1793 candidati.
1289 1761 1380 1792 Amen.

1004 1797 1092 1834 Porro
1106 1799 1234 1834 neophyti
1248 1805 1310 1834 octo
1324 1799 1385 1826 illos
1399 1807 1414 1826 a
1429 1799 1562 1834 baptismo
1575 1800 1632 1828 dies
1647 1808 1754 1830 summa

969 1839 1030 1871 cum
1046 1833 1174 1868 religione
1189 1833 1364 1871 celebrabant
1378 1842 1384 1860 :
1406 1834 1442 1871 ita
1458 1833 1547 1871 utper
1561 1842 1607 1862 eos
1624 1836 1691 1871 dies,
1706 1838 1753 1871 qui

969 1867 1051 1893 etiam
1067 1873 1170 1904 octavm
1185 1868 1356 1904 dicebantur,
1368 1868 1446 1895 nefas
1457 1867 1588 1904 haberent
1600 1868 1671 1897 nudo
1684 1867 1753 1904 pede

971 1907 1068 1939 terram
1084 1902 1251 1939 contingere,
1263 1908 1293 1939 ut
1305 1903 1401 1930 scribit
1414 1903 1579 1939 Augustinus
1596 1904 1623 1930 in
1640 1902 1753 1939 epistola

970 1936 1020 1974 119
1035 1937 1067 1974 ad
1083 1935 1251 1974 Ianuarium.
1269 1937 1363 1974 Sedet
1380 1935 1489 1974 pergens
1499 1938 1558 1974 dies
1573 1939 1646 1966 nudo
1655 1935 1753 1974 'capite

970 1971 1095 2008 incedere
1109 1971 1331 2008 solebant,»quod
1346 1971 1405 1999 erat
1418 1973 1522 2008 signum
1539 1973 1682 2001 libertatis.
1698 1971 1754 2002 Au-

967 2007 1092 2040 gustinus
1102 2013 1226 2033 sermone
1237 2006 1254 2033 4
1262 2007 1288 2034 in
1299 2007 1437 2034 Dominica
1445 2006 1609 2035 'octavarum
1620 2007 1750 2038 Paschae:

971 2050 980 2066 ‹
999 2040 1086 2068 Hodie
1098 2047 1200 2068 octavas
1212 2041 1338 2069 dicuntttr
1352 2041 1493 2068 infantium
1513 2050 1520 2068 :
1536 2043 1676 2070 revelanda
1689 2049 1752 2072 sunt

967 2076 1054 2109 capita
1069 2083 1171 2108 eorum,
1194 2077 1265 2110 quod
1286 2081 1327 2103 est
1350 2076 1478 2104 indicium
1501 2077 1644 2105 libertatis.
1664 2079 1752 2107 Habet

968 2111 1038 2137 enim
1053 2111 1204 2138 libertatem
1220 2112 1270 2138 ista
1285 2111 1413 2146 spiritalis
1432 2112 1567 2144 nativitas,
1586 2121 1595 2137 ι
1612 2118 1664 2141 etc.
1681 2115 1752 2141 Con-

969 2151 1008 2172 tra
1022 2146 1207 2173 catechumeni
1224 2147 1302 2173 tectis
1317 2146 1449 2180 capitibus
1467 2154 1514 2180 per
1525 2147 1659 2181 publicum
1676 2148 1750 2177 ince-

967 2181 1077 2212 debant,
1105 2185 1277 2216 cumitypum
1301 2186 1427 2215 gererent
1447 2182 1511 2208 Adae
1529 2190 1543 2208 a
1561 2183 1687 2216 paradiso
1704 2191 1750 2211 ex-

969 2215 1055 2253 pulsi,
1067 2221 1096 2242 ut
1119 2217 1156 2253 ait
1171 2215 1287 2242 Iunilius
1301 2217 1326 2243 in
1346 2216 1438 2253 Iibrtl.
1452 2224 1512 2253 cap.
1533 2215 1576 2244 16.
1601 2217 1676 2250 Quod
1689 2221 1749 2253 qui-

131 2263 185 2291 que
201 2251 348 2284 admissum
361 2257 443 2284 fuisse
462 2251 592 2291 suspicor,
615 2262 642 2282 nt
656 2257 738 2282 verba
752 2251 914 2289 transpdsita

971 2252 1028 2277 dem
1040 2252 1074 2291 de
1087 2251 1152 2278 solis
1163 2252 1386 2291 competentibus
1394 2251 1592 2291 intelligendum
1603 2259 1672 2291 poto
1680 2273 1687 2285 ,
1697 2251 1748 2288 'qui

131 2290 244 2318 fuerint.
260 2293 304 2318 Sic
318 2292 397 2325 igitur
412 2290 549 2326 legendum
563 2299 621 2318 esse
633 2290 913 2325 εκίδῐίιῐιοεὴγάλλετο,

130 2325 306 2353 dvenae/051:6
325 2335 355 2353 τε
366 2326 405 2361 τῷ
422 2327 566 2361 πνεύματι.
581 2326 683 2352 Alludit
699 2327 770 2352 enim
784 2325 817 2352 ad
841 2327 914 2353 illum

132 2367 240 2387 versum
262 2362 394 2389 notissimi
415 2363 508 2396 psalmi
530 2370 544 2388 L
563 2370 569 2387 :
589 2361 640 2387 Cor
660 2362 785 2387 mundum
800 2369 860 2387 crea
887 2362 915 2387 in

132 2396 286 2429 me,Deus,
308 2402 330 2422 et
342 2395 463 2430 spiritum
486 2402 583 2422 rectum
609 2397 701 2422 iunova
725 2397 753 2421 in
774 2395 914 2422 visceribus

131 2431 208 2457 meis.
234 2430 316 2458 Porro
334 2439 364 2458 ex
390 2432 441 2460 ltoc
462 2431 569 2458 Eusebii
598 2430 656 2457 loco
688 2430 821 2465 colligitur
844 2431 915 2457 Con-

132 2466 281 2492 stantinum
300 2474 351 2492 non
365 2466 392 2493 in
410 2466 479 2493 lecto
493 2465 644 2501 perfusum,
662 2470 764 2501 uttegrt
780 2465 912 2497 solebant,

132 2501 180 2527 sed
205 2501 233 2535 in
258 2500 370 2527 ecclesia
397 2500 560 2535 baptismum
587 2500 746 2534 percepisse.
777 2500 822 2535 Ait
841 2501 914 2527 enim

131 2534 272 2571 Eusebius,
294 2536 348 2565 τοῖς
371 2534 488 2571 Χριάτοῦ
504 2535 661 2571 μαρτυρίοις
684 2534 912 2569 ἀναγεννώμενος.

133 2569 192 2595 Mox
211 2570 300 2596 scribo
316 2577 347 2596 ex
373 2569 465 2596 codice
480 2569 582 2597 Fuketii
597 2569 632 2597 'et
655 2572 789 2597 veteribus
806 2572 913 2597 schedis

130 2604 218 2639 φωτὸς
233 2604 424 2639 ἐνεπίμπλατο.

167 2639 221 2674 (0‘2)
236 2640 419 2673 Λαμπροῑς...
434 2639 633 2674 ἀμφιάσμασι.
657 2639 754 2666 Notum
774 2644 814 2666 est
830 2640 912 2667 moris

129 2674 194 2702 olim
209 2676 303 2706 fuisse,
319 2680 348 2701 ut
363 2675 486 2710 neophyti
502 2676 623 2701 candidis
636 2674 755 2701 vestibus
769 2674 913 2710 indueren-

131 2714 185 2740 tur,
203 2717 269 2743 quas
284 2714 380 2736 octavo
402 2708 509 2738 demum
527 2711 569 2737 die
583 2709 764 2743 deponebant.
779 2709 851 2736 Zeno
863 2708 913 2736 Ve-

132 2746 258 2771 ronensis
271 2745 296 2771 in
311 2752 435 2772 sermone
449 2746 464 2772 5
478 2745 510 2771 ad
528 2745 674 2780 neopbylos
689 2753 696 2771 :
717 2753 726 2770 ι
743 2744 850 2771 Primus
864 2752 912 2772 vos

130 2780 175 2814 qui
189 2780 216 2806 in
232 2788 261 2806 sc
275 2780 426 2806 credentem
444 2780 568 2814 reprobat
582 2781 693 2812 nullum,
708 2787 760 2806 non
781 2780 850 2806 aries
865 2781 911 2808 scd

130 2823 216 2849 agnus
229 2816 332 2848 excepit
352 2824 358 2841 :
375 2817 419 2849 qui
440 2821 556 2842 vestram
576 2815 724 2842 nuditatem
749 2814 855 2842 velleris
870 2815 910 2840 sui

131 2851 210 2876 niveo
223 2852 340 2877 candore
355 2851 468 2877 vestivit.
481 2860 490 2876 ι
506 2850 669 2884 Augustinus
681 2850 707 2877 in
723 2857 848 2877 sermone
861 2850 909 2876 157

133 2884 166 2912 do
182 2889 301 2920 tempore
318 2894 324 2912 :
345 2895 354 2911 ι
370 2885 507 2914 Paschalis
520 2886 675 2914 solemnitas
693 2885 819 2914 hodierna
835 2884 910 2912 festi-

967 2292 1020 2313 nou
1035 2286 1121 2313 solum
1134 2291 1223 2320 caput.
1241 2293 1331 2312 verum
1352 2286 1433 2312 etiam
1453 2287 1554 2313 vultmn
1568 2286 1748 2319 velabantfut

966 2321 1043 2347 docet
1067 2321 1181 2355 Cyrillus
1205 2320 1338 2348 Hierosol.
1360 2322 1386 2347 in
1410 2323 1497 2355 prima
1520 2323 1665 2349 eatechesi.
1690 2322 1747 2351 Hoc

966 2360 1055 2382 autem
1074 2355 1193 2382 velamen
1215 2356 1280 2390 ipsis
1302 2355 1474 2382 auferebatur
1497 2356 1524 2382 in
1540 2357 1684 2391 baptismo,
1704 2359 1746 2386 vel

965 2395 1040 2416 certe
1055 2396 1150 2418 octavo
1171 2396 1231 2424 post
1246 2391 1409 2425 baptismum
1429 2391 1481 2418 die.
1499 2391 1555 2418 lloc
1570 2392 1642 2418 enim
1657 2394 1746 2425 potius

965 2425 1079 2451 innuunt
1095 2426 1238 2459 Augustini
1260 2427 1340 2453 verba
1364 2425 1442 2460 paulo
1458 2430 1520 2452 ante
1540 2433 1555 2452 a
1580 2426 1658 2453 nobis
1672 2434 1746 2454 com-

965 2466 1122 2488 memorata.
1138 2462 1209 2487 idem
1226 2468 1332 2495 quoque
1344 2460 1487 2488 conﬁrmat
1503 2460 1660 2488 Theodorus
1673 2462 1744 2489 Catt-

965 2496 1108 2522 tuariensis
1133 2496 1274 2529 episcopus
1304 2496 1330 2522 in
1355 2496 1423 2522 libro
1448 2495 1631 2522 Pamitentiali
1653 2502 1663 2522 :
1687 2507 1696 2522 ι
1715 2496 1745 2524 in

964 2530 1156 2557 monachorum
1171 2531 1342 2557 ordinatione
1358 2531 1442 2557 abbas
1456 2531 1536 2557 debet
1557 2531 1665 2557 missam
1679 2539 1744 2558 can-

965 2570 1032 2596 tare,
1046 2571 1073 2591 et
1091 2570 1146 2592 tres
1163 2566 1300 2593 orationes
1323 2565 1459 2599 complere
1479 2573 1559 2599 super
1573 2571 1653 2600 caput
1667 2568 1742 2601 ejus,

963 2603 990 2625 et
1005 2605 1106 2634 septem
1123 2600 1179 2627 dies
1194 2600 1262 2627 velet
1274 2605 1354 2634 caput
1365 2607 1440 2632 eius;
1456 2601 1570 2634 septimo
1584 2601 1627 2627 die
1643 2600 1744 2629 abstol-

964 2633 1000 2671 lat
1016 2633 1145 2671 velamen.
1169 2634 1243 2671 Sicut
1262 2637 1286 2662 itt
1309 2633 1442 2668 baptismo
1468 2635 1608 2671 presbyter
1626 2637 1743 2671 septimo

964 2669 1007 2696 die
1029 2670 1150 2697 velamen
1175 2669 1306 2697 infantum
1329 2670 1398 2697 tollit
1415 2678 1422 2697 :
1441 2670 1477 2697 ita
1505 2675 1531 2696 et
1550 2669 1636 2697 abbas
1656 2669 1743 2698 debet

963 2706 1106 2737 monacho,
1124 2704 1186 2738 quia
1202 2707 1338 2733 secundus
1351 2706 1499 2739 baptismus
1514 2709 1555 2732 est
1576 2705 1654 2739 juxta
1666 2707 1741 2739 judi-

962 2740 1032 2775 cium
1053 2740 1180 2773 Patrum;
1206 2745 1233 2767 et
1247 2741 1336 2768 omnia
1351 2745 1462 2775 peccata
1482 2740 1656 2768 dimittuntur
1673 2742 1742 2768 sicut

961 2774 987 2800 in
1002 2776 1142 2809 baptismo.
1159 2784 1168 2800 ι

996 2811 1052 2846 (65)
1084 2809 1362 2844 Πεφάνθαιᾶξιον...
1384 2810 1588 2846 γπεςτιστευκα.
1613 2810 1741 2838 Ulttmam

961 2845 1055 2876 vocem
1072 2846 1233 2880 addiderunt
1253 2845 1410 2880 typograpbi
1423 2845 1595 2873 Geuevenses
1608 2854 1642 2873 ex
1664 2846 1740 2873 libris

962 2882 1093 2917 Scaligeri
1104 2886 1130 2908 et
1148 2879 1305 2915 Douganii;
1321 2879 1404 2916 quam
1418 2881 1499 2909 etiam
1520 2883 1547 2909 in
1565 2881 1656 2910 Μοιωί
1670 2882 1741 2909 libro
