2001 3168
270 146 341 175 ιω

621 145 754 174 EUSEBII
774 145 1014 175 CESARIENSIS
1033 146 1109 174 OPP.
1130 146 1259 174 PARS-1.
1272 126 1314 168 '——
1332 147 1526 175 IIISTORICA.

1818 149 1828 175 I
1834 152 1887 176 221»

269 206 352 232 aDeo
366 213 512 233 concessus
527 209 579 234 est.
608 205 713 240 Quippe
740 214 800 233 cum
827 206 900 233 solus
927 206 972 233 ille
999 214 1042 241 pra

1104 206 1152 233 λέα
1166 206 1232 233 Θεὸν
1241 228 1248 239 ,
1271 207 1317 233 καὶ
1331 207 1375 233 τὸν
1387 207 1504 240 Χριστὸν
1521 207 1601 234 αὐτοῦ
1617 207 1754 239 παντοίαις
1767 209 1885 243 τιμήσας

268 251 374 278 caeteris
399 251 619 285 imperatoribus,
639 252 721 278 Deum
737 251 858 278 onmium
872 259 958 286 regem
974 251 1052 278 Chri-

267 300 392 330 stumque
402 295 459 329 ejus
475 295 558 322 filium
579 296 662 324 variis
678 296 808 331 cujusque
824 297 932 330 generis
946 297 1051 323 actibus

267 340 436 373 honorasset,
451 340 512 374 jure
527 341 624 368 merito
638 342 680 368 bis
692 341 840 369 honoribus
853 342 927 368 solus
939 341 1051 369 aﬂ‘ectus

266 390 308 411 est
336 393 343 411 :
374 385 454 419 idque
483 385 519 412 illi
549 387 668 414 tribuere
699 387 826 422 dignatus
855 392 896 414 est
928 395 1049 414 summus

265 431 385 457 omnium
400 430 480 463 Deus,
512 436 540 458 ut
554 432 670 459 cadaver
691 432 750 467 ejus
764 433 789 459 in
805 433 884 460 terris
908 433 1048 467 imperium

1101 252 1242 288 πράξεσιν,
1257 252 1367 283 εἰκότως
1379 252 1480 279 τούτων
1494 252 1572 288 ἔλαχε
1588 253 1677 287 μόνος,
1691 254 1737 280 καὶ¹
1749 253 1779 279 τὸ
1790 253 1885 288 θνητὸν

1101 297 1180 323 αὐτοῦ
1200 297 1350 332 βασιλεύειν
1373 298 1401 323 ἐν
1423 296 1574 333 ἀνθρώποις
1594 299 1607 324 ό
1624 299 1669 324 ἐπὶ
1684 298 1789 325 πάντων
1810 299 1883 333 ἠξίου

1101 343 1176 375 Θεὸς,
1192 340 1237 369 ὧδ’
1250 343 1403 374 ἐπιδεικνὺς
1417 342 1464 377 τὴν
1480 343 1574 378 ἀγήρω
1588 343 1634 369 καὶ
1646 343 1821 379 ἀτελεύτητον
1836 345 1882 380 τῆς

1101 389 1189 424 ψυχῆς
1217 389 1353 423 βασιλείαν
1379 390 1435 420 τοῖς
1464 389 1500 424 μὴ
1525 389 1570 415 τὸν
1597 389 1657 415 νοῦν
1685 389 1881 425 λελιθωμένοις.

1109 433 1188 459 Ἀλλὰ
1201 433 1287 460 ταῦτα
1302 433 1351 468 μὲν
1364 430 1416 460 ὧδέ
1431 442 1468 468 πη
1487 433 1659 460 συνετελεῖτο.

264 477 408 505 obtineret.
433 477 490 511 Quo
517 480 626 514 quidem
652 479 751 507 indicio
777 480 809 507 iis
834 481 878 515 qui
899 488 952 507 non
977 482 1055 515 plane
1074 480 1171 514 stupidi
1197 485 1277 514 atque
1302 482 1412 508 hebetes
1439 485 1540 514 essent,
1559 483 1698 516 perspicue
1723 482 1884 516 signiﬁcavit

265 522 345 557 Deus,
361 525 478 551 animam
493 525 564 552 illius
584 530 714 560 perpetuo
728 531 756 552 et
772 526 918 554 immortali
934 527 1048 561 imperio
1064 526 1127 553 frui.
1155 527 1186 553 Et
1208 528 1266 554 haec
1281 527 1388 562 quidem
1403 533 1480 562 gesta
1500 532 1563 554 sunt
1585 528 1610 554 in
1624 528 1695 555 hunc
1710 529 1827 556 modum.

531 570 645 599 CAPUT
665 571 779 600 LXVIII.

265 616 401 650 Quomodo
416 618 544 645 exercitus
567 618 682 653 judicio,
705 618 756 658 filii
781 618 837 653 ejus
856 618 965 654 Augusti
988 623 1048 645 sun!

584 658 734 687 nuncupatt.

298 698 401 726 Interea
422 699 521 726 tribuni
549 699 634 726 lectos
660 699 790 733 quosdam
828 706 861 726 ex
888 699 1047 726 militaribus

264 745 394 778 numeris,
405 746 449 779 qui
467 746 528 773 ﬁdei
541 753 572 772 ac
588 745 781 773 benevolentia:
794 753 876 773 causa
891 746 954 772 olim
969 746 1043 780 prin-

263 793 314 826 cipi
338 793 442 826 accepti
463 791 588 823 fuissent.
605 793 638 818 ad
662 791 784 819 Caesares
804 793 923 823 mittunt,
946 797 1042 820 cuncta

262 838 302 864 eis
319 845 377 872 qum
393 843 466 872 gesta
483 842 560 864 erant
575 837 755 865 nuntiaturus.
767 838 798 865 Et
809 838 865 865 haec
882 838 987 873 quidem
1006 838 1041 865 illi

263 889 327 911 tunc
353 888 474 918 egerunt.
499 883 598 911 Omnes
624 891 690 911 vero
717 884 868 918 ubicunque
888 884 1041 916 exercitus,

261 929 336 963 quasi
353 929 445 956 divino
459 929 576 963 quodam
607 929 704 963 spiritu
734 929 848 963 incitati,
862 929 941 956 simul
963 934 1042 964 atque

261 976 295 1003 de
312 975 484 1010 imperatoris
503 980 590 1002 morte
607 976 759 1002 nuntiatmn
779 979 830 1007 est.
845 983 898 1002 uno
911 983 1043 1003 consensu

261 1021 457 1052 decreverunt,
491 1028 603 1055 prorsus
628 1021 703 1055 quasi
737 1021 871 1048 maximus
899 1021 1044 1055 imperator

260 1066 348 1093 adhuc
363 1070 527 1100 superesset,
549 1066 684 1094 neminem
702 1074 731 1093 se
756 1072 855 1101 praeter
871 1066 928 1101 ejus
944 1066 1044 1093 liberos

259 1111 363 1146 imperii
389 1111 508 1139 Romani
534 1113 681 1147 principem
708 1112 785 1148 561
816 1113 964 1140 habituros.
989 1113 1044 1141 Nec

260 1157 345 1184 multo
362 1162 433 1193 post,
451 1158 558 1185 eosdem
575 1165 627 1184 non
652 1157 774 1185 Caesares
805 1158 931 1192 appellari
957 1158 1044 1186 volue-

259 1208 332 1236 runt,
353 1204 400 1231 sed
421 1203 571 1239 Augustos;
593 1204 663 1238 quod
690 1211 788 1232 nomen
811 1204 909 1231 summi
938 1204 1042 1239 imperii

259 1250 333 1276 velut
362 1250 495 1284 quoddam
524 1250 630 1285 insigne
652 1255 705 1277 est.
722 1250 755 1276 Et
775 1250 911 1277 exercitus
935 1250 1042 1285 quidem

258 1295 384 1330 suffragia
415 1303 466 1322 sua
488 1299 569 1330 alque
588 1295 797 1322 acclamationes
816 1295 867 1322 sibi
885 1300 976 1322 mutuo
996 1302 1043 1330 per

258 1340 362 1368 litteras
378 1340 564 1375 significarent
592 1349 598 1367 :
615 1346 641 1368 et
663 1341 802 1368 unanimis
828 1341 963 1376 legionum
978 1348 1043 1369 con-

257 1393 364 1418 sensus,
390 1394 442 1414 uno
459 1387 609 1421 eodemque
630 1387 757 1421 temporis
775 1391 911 1414 momento
938 1388 1043 1415 cunctis

257 1431 419 1466 ubicumque
436 1433 578 1466 agentibus
594 1433 721 1459 innotuit.

529 1477 642 1505 CAPUT
663 1477 756 1505 LXIX.

258 1523 349 1551 Romw
369 1523 454 1550 luctus
468 1523 498 1550 ob
516 1528 625 1570 morleJm
641 1524 817 1570 Cpnslautini,
833 1530 856 1552 et
872 1525 999 1560 imagines
1015 1526 1039 1552 ei
1054 1542 1074 1570 ο

589 1559 706 1586 άτενειω.

292 1604 326 1631 At
343 1604 369 1631 in
385 1604 451 1632 urbe
470 1604 554 1640 regia,
577 1608 688 1631 senatus
712 1606 881 1641 populusque
904 1607 1040 1634 Romanus

256 1655 394 1684 comperta
419 1650 591 1684 imperatoris
619 1655 717 1683 morte,
748 1652 939 1686 gravissimum
969 1653 1040 1679 hunc

257 1697 380 1723 nuntium
407 1699 434 1722 et
460 1695 557 1730 quavis
583 1695 742 1724 calamitate
781 1698 948 1725 acerbiorem
974 1698 1038 1729 rati,

257 1741 359 1768 nullum
390 1741 475 1768 luctui
500 1742 609 1768 modum
635 1741 734 1770 fecere.
756 1743 861 1778 Quippe
888 1743 985 1771 balnea
1011 1749 1039 1771 et

257 1787 314 1814 fora
330 1794 420 1814 rerum
439 1787 572 1814 venalium
589 1787 681 1814 clausa
696 1795 703 1814 :
721 1788 828 1822 publica
844 1788 906 1815 item
935 1794 1039 1823 specta-

256 1833 327 1864 cula.
344 1837 372 1860 et
389 1840 559 1867 quaecunque
588 1833 640 1860 alia
657 1833 717 1860 vitae
737 1833 934 1861 oblectamenta
952 1834 1038 1861 homi-

259 1887 305 1906 nes
319 1879 345 1905 in
363 1879 419 1906 otio
434 1879 562 1914 degentes
577 1880 729 1906 consectari
757 1879 854 1911 solent,
874 1885 989 1907 remota.
1006 1879 1038 1906 Et

256 1926 303 1960 qui
317 1926 392 1960 prius
409 1925 514 1952 deliciis
528 1924 710 1957 tliflluxerant,
728 1926 818 1953 Incesti
840 1931 903 1953 tunc
918 1934 966 1961 per
980 1927 1038 1954 vias

258 1971 432 1998 incedebant.
448 1969 552 1998 Omnes
571 1971 762 2006 imperatorem
779 1973 888 1999 beatum
900 1993 908 2005 ,
926 1973 980 1999 Deo
993 1980 1038 2000 ca-

259 2024 330 2050 rum,
344 2021 371 2044 et
384 2024 496 2051 prorsus
511 2017 625 2051 imperio
640 2017 827 2052 dignissimum
845 2019 1036 2051 prmdicabant.

259 2062 351 2098 Neque
375 2064 433 2091 ham
456 2070 525 2091 voce
548 2068 654 2090 tantum
675 2064 744 2090 nuda
770 2064 964 2091 declarabant:
990 2065 1037 2092 sed

257 2109 423 2144 imaginibus
450 2108 584 2136 dedicatis
603 2113 740 2136 mortuum
767 2110 879 2143 perinde
894 2118 925 2137 ac
945 2117 1039 2145 super-

256 2156 348 2182 stitem
369 2155 550 2183 honorabant.
564 2155 594 2183 In
606 2155 705 2190 quibus
718 2163 780 2183 cum
798 2155 858 2183 θεοίὶ
879 2156 1038 2184 similitudi-

1354 574 1551 600 ΚΕΦΛΛΑΙΟΝ
1568 573 1629 600 ΞΗ¹.

1126 620 1220 652 Ὅπως
1237 620 1427 653 Αίιγούστους
1448 618 1523 646 εἶναι
1552 620 1659 646 λοιπὸν
1677 621 1747 654 τοὺς
1766 623 1852 655 υἱοὺς

1238 655 1329 681 αὑτοῦ
1346 655 1377 681 τὸ
1397 655 1599 689 στρατόπεδον
1613 656 1739 689 ἔκρινεν.

1133 700 1192 726 Τῶν
1207 701 1234 727 δὲ
1246 701 1446 736 στρατιωτικῶν
1459 701 1605 736 ταγμάτων
1617 701 1758 736 ἐκκρίτους
1770 702 1878 737 ἄνδρας,

1099 746 1186 773 πίστει
1203 747 1248 773 καὶ
1263 747 1354 782 εὐνοίᾳ
1370 747 1453 774 πάλαι
1477 747 1580 782 βασιλεῖ
1596 748 1765 783 γνωρίμους,
1789 750 1813 774 οἱ
1833 758 1879 775 τα-

1096 791 1198 828 ξίαρχοι
1212 793 1400 828 διεπέμποντο,
1413 794 1447 820 τὰ
1460 794 1640 829 πεπραγμένα
1656 796 1711 825 τοῖς
1727 794 1878 828 Καίσαρσιν

1096 838 1193 873 ἔκδηλα
1215 838 1405 870 καθιστῶντες.
1430 839 1484 865 Καὶ
1507 839 1560 865 οἶδε
1584 840 1633 874 μὲν
1655 839 1711 865 τάδ’
1730 839 1877 874 ἔπραττον·

1095 883 1188 919 ὥσπερ
1200 884 1221 910 δ’
1235 884 1264 916 ἐξ
1275 885 1415 916 ἐπιπνοίας
1429 884 1590 920 κρείττονος,
1604 885 1637 911 τὰ
1650 884 1786 919 πανταχοῦ
1799 893 1878 919 στρα-

1094 931 1193 957 τόπεδα
1206 931 1250 957 τὸν
1267 930 1398 965 βασιλέως
1414 930 1552 965 πυθόμενοι
1573 931 1696 963 θάνατον,
1719 932 1782 965 μιᾶς
1797 931 1877 966 ὲκρά-

1093 985 1135 1003 τει
1150 976 1270 1011 γνώμης,
1286 976 1385 1002 ὡσανεὶ
1405 976 1506 1008 ζῶντος
1528 977 1618 1007 αὐτοῖς
1633 975 1678 1002 τοῦ
1697 976 1814 1011 μεγάλου
1832 976 1879 1010 βα-

1096 1021 1199 1053 σιλέως,
1218 1021 1317 1056 μηδένα
1334 1021 1476 1056 γνωρίζειν
1491 1021 1594 1057 ἕτερον,
1612 1022 1628 1056 ἢ
1645 1021 1739 1056 μόνους
1753 1022 1816 1052 τοὺς
1831 1022 1879 1047 αὐ-

1093 1066 1140 1093 τοῦ
1157 1067 1252 1098 παῖδας
1267 1067 1409 1101 Ῥωμαίων
1425 1066 1637 1102 αὐτοκράτορας.
1653 1067 1709 1092 Οὐκ
1721 1067 1760 1096 εἰς
1775 1066 1877 1101 μακρόν

1093 1112 1114 1138 δ’
1127 1111 1227 1146 ἠξίουν,
1247 1111 1283 1146 μὴ
1301 1111 1457 1146 Καίσαρας,
1477 1110 1600 1137 ἐντεῦθεν
1615 1111 1636 1136 δ’
1650 1110 1699 1146 ἤδη
1716 1111 1778 1142 τοὺς
1794 1110 1879 1136 ἄπαν-

1093 1167 1142 1189 τας
1158 1157 1335 1193 χρηματίζειν
1347 1156 1532 1191 Αὐγούστους·
1551 1156 1565 1182 ὃ
1581 1156 1613 1192 δὴ
1629 1157 1675 1183 καὶ
1692 1156 1816 1191 μέγιστον
1829 1156 1878 1191 τῆς

1093 1204 1221 1231 ἀνωτάτω
1237 1203 1374 1239 βασιλείας
1388 1203 1499 1237 γίγνοιτ’
1513 1202 1546 1229 ἂν
1563 1202 1704 1238 σύμϐολον.
1721 1203 1752 1229 Οί
1769 1202 1819 1238 μὲν
1831 1200 1877 1229 οὖν

1092 1249 1166 1275 ταῦτ’
1183 1249 1333 1284 ἔπραττον,
1355 1247 1404 1279 τὰς
1423 1246 1525 1278 οἰκείας
1539 1247 1645 1282 ψήφους
1667 1255 1696 1272 τε
1720 1246 1766 1273 καὶ
1786 1245 1877 1280 φωνὰς

1092 1295 1134 1322 διὰ
1159 1295 1266 1330 γραφῆς
1288 1294 1412 1330 ἀλλήλοις
1436 1292 1651 1328 διαγγέλλοντες·
1679 1292 1731 1318 ὑπὸ
1756 1291 1820 1326 μίαν
1847 1299 1877 1317 τε

1093 1341 1188 1377 καιροῦ
1212 1341 1296 1377 pom-iw
1319 1342 1374 1372 τοῖς
1399 1339 1555 1374 ἁπανταχοῦ
1577 1339 1658 1365 πᾶσιν
1681 1338 1842 1374 ὲγνωρίζετο
1859 1337 1878 1373 ἠ

1092 1387 1146 1414 τῶν
1163 1387 1348 1422 στρατοπέδων
1366 1385 1518 1421 συμφωνία.

1346 1472 1544 1499 ΚΕΦΑΛΑΙΟΝ
1565 1470 1624 1498 ΞΘ’.

1098 1520 1211 1556 Ῥώμης
1227 1520 1276 1547 ἐπὶ
1296 1520 1512 1556 Κωνστανιῖινῳ
1532 1519 1650 1556 πένθος,
1669 1519 1717 1545 καὶ
1741 1518 1790 1545 διὰ
1818 1517 1878 1545 τῶν

1252 1556 1377 1582 εἰκόνων
1393 1555 1462 1590 τιμὴ
1481 1555 1555 1589 μετὰ
1575 1555 1712 1581 θάνατον.

1125 1602 1155 1627 Oi
1166 1601 1252 1636 δὲτὴν
1271 1600 1394 1636 βασιλίδα
1407 1601 1483 1627 πόλιν
1496 1600 1642 1631 οἰκοῦντες,
1656 1599 1723 1634 αὐτῇ
1736 1598 1880 1641 συγκλήτιρ

1091 1649 1137 1674 καὶ
1153 1647 1230 1683 δήμῳ
1245 1647 1387 1682 Ῥωμαίων
1401 1666 1407 1678 ,
1427 1646 1464 1678 ὡς
1489 1645 1537 1681 τὴν
1564 1645 1694 1680 βασιλέως
1719 1643 1877 1677 ἐπέγνωσαν

1089 1693 1225 1728 τελευτὴν,
1243 1692 1330 1727 δεινὴν
1351 1692 1397 1718 καὶ
1414 1691 1504 1726 πάσης
1521 1691 1661 1726 συμφορᾶς
1679 1690 1806 1716 ἐπέκεινα
1827 1689 1878 1724 τὴν

1090 1740 1172 1775 ἀκοὴν
1185 1739 1302 1774 θέμενοι,
1320 1738 1415 1770 πένθος
1428 1731 1539 1773 ἄσχετον
1559 1736 1696 1764 ἐποιοῦντο
1709 1745 1714 1750 ·
1730 1736 1830 1771 λουτρά
1844 1735 1877 1770 δὴ

1089 1786 1246 1813 ἁπεκλείετο
1259 1785 1306 1812 καὶ
1320 1786 1434 1820 ἀγοραὶ,
1452 1783 1586 1820 πάνδημοι
1605 1791 1634 1809 τε
1649 1782 1718 1814 θέαι,
1734 1782 1782 1808 καὶ
1796 1781 1877 1807 πάνθ’

1090 1833 1129 1859 ὅτ’
1144 1832 1190 1859 ἐπὶ
1207 1831 1331 1867 ῥᾳστώνῃ
1349 1831 1407 1865 βίου
1429 1832 1485 1862 τοῖς
1512 1828 1721 1864 εὐθυμουμένοις
1747 1827 1877 1863 πράττειν

1089 1878 1150 1910 ἔθος
1165 1876 1209 1913 ἦν.
1226 1878 1364 1912 Κατηφεῖς
1382 1877 1403 1902 δ’
1420 1878 1444 1903 οἱ
1462 1875 1544 1902 παλαι
1559 1874 1707 1910 τρυφηλοὶ,
1729 1874 1776 1905 τὰς
1795 1873 1878 1909 προό-

1089 1925 1151 1956 δους
1163 1923 1315 1951 ἐποιοῦντο·
1333 1922 1400 1958 ὁμοῦ
1411 1922 1432 1948 δ’
1445 1923 1470 1948 ot
1486 1922 1585 1952 πάντες
1595 1921 1639 1946 τὴν
1653 1920 1785 1955 μακάριον
1798 1920 1877 1945 ἀνευ-

1090 1972 1196 2007 φήμουν
1207 1991 1214 2003 ,
1231 1970 1276 1997 τὸν
1292 1968 1401 2004 θεοφιλῆ
1411 1989 1418 2001 ,
1438 1967 1483 1994 τὸν
1502 1967 1539 1998 ὡς
1555 1966 1660 2001 ἀληθῶς
1675 1965 1723 2000 τῆς
1739 1964 1877 2001 βασιλείας

1090 2017 1218 2050 ἐπάξιον·
1245 2016 1292 2043 καὶ
1311 2016 1342 2042 οὐ
1366 2014 1453 2042 ταῦτα
1478 2014 1552 2049 βοαῖς
1574 2013 1692 2047 ὲφώνουν
1717 2012 1812 2047 μόνον,
1835 2012 1876 2043 εἰς

1090 2063 1157 2099 ἔργα
1167 2063 1194 2089 δὲ
1204 2062 1365 2098 χωροῦντες,
1378 2061 1479 2092 εἰκόνος
1488 2059 1657 2094 ἀναθήμασιν
1668 2055 1713 2084 οἶὰ
1723 2066 1775 2092 περ
1788 2057 1879 2089 ζῶντα

1091 2110 1136 2136 καὶ
1152 2109 1303 2144 τεθνηκότα
1326 2107 1407 2134 αὐτὸν
1433 2106 1548 2141 ἐτίμων,
1572 2103 1685 2141 οὐρανοῦ
1711 2103 1758 2138 μὲν
1783 2102 1879 2137 σχῆμα

1090 2154 1306 2185 διατυπώσαντες
1327 2155 1355 2180 ἐν
1376 2151 1527 2189 χρωμάτων
1551 2151 1660 2186 γραφῇ,
1683 2149 1752 2184 ὑπὲρ
1775 2147 1877 2182 ἀψίδων

259 2208 319 2227 nem
335 2200 534 2236 expressissent
550 2202 577 2228 in
589 2200 690 2233 tabula,
711 2201 798 2236 ipsum
813 2209 893 2236 supra
914 2202 1038 2230 ccelestes

1093 2201 1222 2238 οὐρανίων
1240 2202 1268 2227 ὲν
1284 2199 1397 2235 αἰθερίῳ
1413 2198 1535 2233 διατριϐῇ
1550 2195 1781 2230 ὃιαναπαυόμενον
1795 2193 1877 2219 αὐτὸν

257 2245 388 2277 fornices,
406 2245 432 2272 in
453 2246 571 2273 aethereo
586 2245 722 2273 domicilio
743 2246 957 2280 requiescentem
977 2247 1038 2281 pin-

259 2299 333 2318 xcre.
351 2291 419 2324 Quin
432 2291 513 2318 etiam
531 2292 582 2326 ipsi
598 2292 699 2319 liberos
719 2291 786 2325 ejus,
802 2292 981 2326 imperatores
995 2297 1037 2320 at—

257 2345 310 2370 que
322 2337 458 2372 Augustos
482 2337 554 2364 solos
579 2337 639 2364 sine
665 2337 823 2372 cujusquam
841 2338 955 2365 alterius
969 2346 1036 2365 con-

256 2383 341 2410 sortio
357 2384 548 2417 nuncupabant
562 2393 568 2410 :
587 2383 748 2418 magnisque
762 2384 927 2412 clamoribus
942 2391 1038 2419 postu-

256 2428 361 2460 ln‘bant.
377 2433 407 2455 ut
421 2428 593 2463 imperatoris
609 2428 649 2455 sui
663 2427 746 2455 funus
769 2429 838 2463 apud
852 2435 882 2455 se
898 2429 1038 2462 haberent,

256 2481 284 2503 et
298 2476 326 2503 in
342 2475 416 2511 regia
432 2475 500 2503 urbe
517 2476 692 2510 deponerent.

543 2521 657 2549 CAPUT
678 2521 760 2548 LXX.

293 2567 429 2601 Quomodo
441 2567 522 2602 [unus
539 2567 769 2629 Cocttatantiitopoli
781 2567 925 2601 depositum
941 2568 1001 2594 sita

586 2609 729 2629 onslantw.

586 2609 729 2629 onslantto.

293 2648 370 2676 Hunc
395 2648 508 2683 principi
534 2657 549 2675 a
574 2649 629 2675 Deo
653 2649 796 2680 honorato,
821 2648 902 2675 etiam
923 2648 1036 2675 Romani

257 2694 387 2722 honorem
408 2696 600 2724 exhibuerunt.
615 2696 651 2722 At
664 2695 803 2723 secundus
813 2702 847 2721 ex
863 2693 924 2721 filiis
942 2694 975 2721 ad
990 2702 1036 2728 pa-

293 2762 347 2798 (7I)
370 2762 404 2789 Τὸ
425 2762 539 2797 σκῆνος
556 2763 608 2791 τοῦ
623 2771 708 2797 σφων
721 2762 881 2798 βασιλέως.
901 2762 973 2798 Idem
996 2766 1035 2788 te-

258 2796 345 2825 statur
358 2798 482 2825 Aurelius
499 2798 590 2825 Victor
605 2796 651 2826 his
662 2799 752 2825 verbis
766 2818 773 2825 .
790 2807 799 2822 ι
815 2797 905 2825 Fttnns
922 2796 1033 2823 relatum

260 2833 286 2859 in
302 2833 393 2872 urbem
407 2834 585 2872 sui__nomin_is.
598 2833 674 2872 Quod
690 2840 756 2860 sane
769 2832 1033 2872 populusiiomanus

259 2868 397 2901 aegerrime
413 2867 471 2895 tulit
488 2878 494 2895 :
514 2866 618 2904 quippei
631 2867 708 2902 cujus
727 2866 821 2902 armis,
845 2866 957 2902 legibus,
977 2866 1033 2894 cle-
1053 2908 1058 2910 ν

1091 2249 1124 2283 τῇ
1144 2249 1235 2283 γραφῇ
1257 2244 1549 2281 παραδιδόντεςῄτοὺς
1570 2243 1592 2270 δ’
1612 2241 1694 2268 αὐτοῦ
1716 2240 1812 2271 παῖδας
1829 2239 1881 2265 καὶ

1091 2291 1161 2321 οὗτοι
1187 2293 1281 2329 μόνους
1295 2293 1342 2319 καὶ
1357 2291 1410 2318 οὐδ’
1426 2290 1530 2321 ἄλλους,
1547 2288 1747 2323 αὐτοκράτορας
1766 2287 1813 2312 καὶ
1828 2286 1879 2312 Σε-

1092 2339 1206 2370 ϐαστοὺς
1229 2338 1394 2369 ἀνεκάλουν,
1423 2336 1497 2371 βοαῖς
1522 2335 1546 2360 τ’
1573 2333 1691 2369 ἐχρῶντο
1718 2330 1876 2366 ἱκετηρίαις,

1091 2386 1120 2412 τὸ
1139 2386 1235 2420 σκῆνος
1255 2384 1301 2411 τοῦ
1319 2392 1391 2417 σφων
1412 2381 1541 2416 βασιλέως
1561 2380 1617 2415 (7i)
1639 2378 1701 2413 παρ’
1717 2378 1808 2408 αὐτοῖς
1829 2385 1878 2403 κο-

1093 2431 1234 2466 μίζοντες,
1256 2430 1303 2457 καὶ
1327 2431 1359 2464 τῇ
1377 2427 1487 2464 βασιλίδι
1508 2426 1582 2453 πόλει
1603 2422 1795 2452 κατατίθεσθαι
1811 2431 1878 2448 ποτ-

1091 2477 1228 2513 νιώμενοι.

1358 2517 1552 2546 ΚΕΦΛΛΔΙΟΝ
1569 2517 1606 2543 Ο¹.

1092 2567 1256 2599 Κατάθεσις
1283 2565 1336 2592 τοῦ
1365 2563 1559 2598 σκηνώματος
1583 2561 1642 2588 ὑπὸ
1665 2561 1877 2599 Κωνσεαντίου

1234 2597 1339 2633 παιδὸς
1353 2601 1387 2626 ἐν
1407 2597 1732 2626 Κωνσταντινουπόλει.

1130 2647 1210 2674 Ἀλλὰ
1225 2647 1273 2674 καὶ
1293 2645 1346 2672 οἶδε
1370 2643 1456 2679 ταύτῃ
1481 2643 1525 2670 τὸν
1548 2641 1622 2678 παρὰ
1644 2641 1702 2676 Θεῴ
1722 2639 1877 2675 τιμώμενον

1090 2693 1221 2728 ἐκόσμουν
1234 2700 1240 2706 ·
1263 2691 1277 2717 ὁ
1292 2690 1322 2716 δὲ
1343 2688 1397 2715 τῶν
1420 2688 1522 2714 παίδων
1544 2687 1668 2721 δεύτερος
1691 2685 1748 2717 (72)
1769 2683 1808 2719 τῷ
1827 2682 1877 2709 τοῦ

1090 2761 1171 2788 menti
1186 2759 1300 2792 imperio
1316 2757 1393 2792 quasi
1412 2762 1534 2783 novatam
1554 2756 1646 2783 urbem
1663 2755 1812 2781 Romanam
1831 2759 1878 2778 ar—

1087 2797 1282 2865 lnir-Iizlflid'a'é
1305 2827 1363 2854 τῶν
1392 2827 1506 2865 παίδων
1527 2827 1675 2865 δεύτερος.
1699 2822 1879 2865 Constantius

1087 2859 1187 2898 Caesar,
1206 2871 1285 2899 quem
1302 2869 1377 2900 pater
1394 2863 1498 2890 Orienti
1519 2859 1693 2898 praefecerat,
1716 2859 1809 2886 audita
1828 2865 1878 2892 pa-
