2001 3168
200 98 270 127 1227

198 161 389 189 communione
415 160 497 194 potiri
524 165 677 188 mereretur
699 169 708 188 :

197 213 260 242 post
286 211 401 234 mortem
429 206 575 242 imperium
593 207 727 240 retinens,
748 207 827 241 quasi
847 207 986 235 redivivus

197 253 354 281 universum
371 252 466 279 orbem
483 251 649 286 gubernans,
664 252 762 280 Victor
781 252 916 279 Maximus
931 252 986 278 Au-

196 302 305 333 gustus,
321 305 370 326 suo
391 297 481 325 adhuc
497 297 610 324 nomine
628 297 825 333 rempublicam
841 303 959 333 regeret.

437 386 577 415 CAPUT
607 387 740 415 LXXII.

468 433 506 462 De
525 434 640 469 phoenice
657 443 713 462 ave.

231 480 290 508 Non
320 479 551 516 quemadmodum
586 481 644 509 avis
683 481 730 508 illa
757 480 900 515 Egyptia,
925 487 985 515 qum

196 534 258 554 cum
281 527 339 562 ejus
355 528 465 561 generis
483 528 562 554 unica
587 527 633 560 sit,
658 535 741 562 super
765 531 918 554 aromatum
937 534 984 553 cu-

197 574 270 601 mulo
283 574 370 601 emori
386 575 499 606 dicitttr,
509 574 625 609 seipsatn
644 574 722 609 quasi
737 574 878 601 victimam
891 573 985 600 immo-

195 620 275 648 lans:
290 628 408 655 moxque
424 627 457 647 ex
475 619 542 654 ipsis
561 619 659 647 favillis
686 619 805 651 renasci,
834 625 861 646 et
885 617 983 653 pennis

195 667 222 694 itt
242 667 325 694 altum
343 668 486 700 subvecta,
504 667 598 694 eadem
619 674 671 701 qua
686 666 761 701 prius
777 665 868 700 specie
883 665 958 692 cerni
973 673 981 691 :

195 713 242 741 sed
262 713 352 748 potius
365 712 490 748 exemplo
504 712 658 740 Servatoris
675 712 728 744 sui,
758 711 805 746 qui
828 712 916 738 instar
930 711 982 738 tri‘

196 759 243 786 tici
258 759 322 791 sati,
338 766 370 786 ex
386 766 441 785 uno
456 759 560 785 semine
587 758 613 785 in
630 758 717 785 multa
737 765 797 785 sese
815 755 981 790 dilfundens,

194 812 246 839 ope
271 812 303 832 ac
329 805 520 832 benedictione
542 804 588 831 Dei
614 805 719 839 spicam
733 803 860 838 protulit.
878 803 981 831 etuni-

194 857 303 878 versum
331 855 470 877 terrarum
498 850 592 877 orbem
612 849 747 876 fructibus
768 849 824 876 suis
849 848 984 884 implevit;
999 846 1019 873 B

194 897 228 925 ad
249 895 323 924 hunc
345 896 456 923 modum
478 895 651 923 beatissimus
676 894 756 930 563
783 895 908 929 princeps
934 901 982 929 per

194 943 395 970 successionem
419 941 570 969 liberorum
599 941 739 975 multiplex
770 940 859 968 factus
880 944 923 967 est
948 947 980 968 ex

194 994 268 1014 uno:
285 987 352 1013 adeo
368 990 396 1013 ut
409 986 510 1021 passim
529 986 555 1012 in
575 986 702 1013 omnibus
722 985 871 1020 provinciis
885 985 982 1020 imagi-

193 1039 243 1059 nes
261 1032 285 1059 ei
299 1031 379 1059 simul
397 1039 458 1059 cum
492 1031 556 1059 filiis
579 1031 691 1059 honoris
711 1039 794 1059 causa
817 1035 981 1063 statuantur,

193 1083 223 1106 et
247 1078 382 1105 familiare
405 1085 504 1105 nomett
531 1077 707 1105 Constantini
734 1077 816 1105 etiattt
840 1081 902 1112 post
923 1077 982 1113 ejus

192 1122 296 1150 obitum
314 1127 473 1157 usurpetur.

455 1167 571 1197 CAPUT
590 1167 706 1196 LXXI“.

194 1215 330 1248 Quomodo
354 1215 382 1243 in
403 1215 516 1242 nummis
545 1215 751 1242 Conatantinum
773 1215 842 1242 velut
874 1215 903 1243 in
930 1223 982 1242 ιω-

352 1250 406 1278 lum
427 1251 607 1278 ascendentem
629 1251 815 1284 expresserim.

227 1296 380 1331 Quinetiam
392 1297 494 1324 nummi
507 1296 662 1332 ltujusmodi
678 1296 766 1324 forma
782 1296 882 1331 signati
899 1300 980 1323 sunt:

192 1343 330 1371 anteriore
344 1343 455 1378 quidem
471 1347 548 1377 parte
567 1343 676 1370 beatum
693 1342 845 1377 principem
872 1341 981 1370 obtecto

192 1389 282 1425 capite
296 1389 473 1425 praeferentes
486 1397 494 1421 ;
512 1389 596 1416 altera
611 1397 676 1416 vero
688 1393 766 1424 parte
777 1389 804 1416 in
818 1387 981 1424 quadriiugo

192 1443 275 1462 curru
301 1435 403 1470 aurigre
429 1435 515 1463 instar
541 1437 693 1469 sedentem,
721 1440 748 1463 et
775 1440 901 1470 porrecta
928 1435 980 1470 ipsi

193 1481 301 1510 etelitus
318 1481 414 1509 dextra
429 1482 463 1509 ad
479 1489 591 1516 superos
607 1486 786 1516 assumptum.

465 1572 582 1601 CAPUT
599 1572 719 1601 LXXIV.

229 1622 305 1656 Quod
320 1630 379 1649 cum
397 1621 480 1649 Deum
495 1623 631 1654 coluisul,
647 1622 740 1648 merito
761 1621 839 1648 etiam
855 1629 871 1647 ο
891 1620 944 1648 Deo

484 1659 628 1684 honoratus
645 1661 692 1684 est.

228 1703 292 1730 Haec
318 1703 451 1731 miracula
473 1711 596 1730 summus
617 1702 737 1730 omnium
765 1702 835 1729 Deus
856 1701 882 1728 in
907 1700 980 1729 Con-

192 1750 324 1782 stantino,
341 1749 388 1785 qui
399 1749 473 1777 solus
488 1757 522 1776 ex
536 1749 664 1777 omnibus
678 1753 752 1776 retro
769 1747 981 1782 imperatoribus

191 1792 376 1823 Christianum
401 1802 430 1822 se
463 1795 554 1830 palam
590 1793 730 1829 professus
752 1793 851 1827 fuerat,
879 1792 981 1820 nostris

228 1882 285 1919 (77)
292 1883 369 1920 Vulg.
381 1883 472 1920 αὐτὸς
480 1882 513 1920 δᾴ
525 1882 579 1920 τῆς
586 1881 748 1920 βασιλξζιις
756 1879 830 1920 ιιετᾲ
840 1880 979 1920 miratae.

193 1915 288 1946 Sci‘tbo
299 1915 379 1950 αὑιέδς
394 1918 422 1944 δὲ
436 1919 485 1953 τῆς
537 1915 583 1944 iet
602 1917 670 1953 μετὰ
683 1917 796 1943 θάνατον
813 1915 981 1951 ἐπειλημμέ-

192 1962 247 1986 νος,
266 1954 337 1988 quod
348 1952 512 1980 confirmant
522 1954 671 1988 sequentia.
689 1953 778 1987 Atque
791 1952 827 1978 ita
843 1952 870 1978 itt
887 1953 981 1978 codice

193 1989 260 2016 Fuk.
283 1989 383 2015 diserte
402 1990 532 2023 scriptum
548 1989 649 2015 iuveni.

228 2024 284 2060 (78)
303 2023 445 2058 Νικητὴς,
459 2021 628 2058 Μέγιστος,
642 2022 800 2060 Σεβαστός.
821 2021 979 2060 Huiusmodi

191 2058 251 2086 erat
267 2060 418 2094 inscriptio,
433 2060 537 2092 legibus
548 2065 576 2085 et
589 2059 711 2092 epistolis
725 2058 981 2094 Constantitni__pr;e-

193 2095 237 2127 figi
256 2091 360 2126 solita;
373 2099 402 2120 ut
428 2095 529 2128 passim
560 2091 675 2121 testatur
708 2093 838 2120 Eusebius
859 2091 982 2128 :__Victor

192 2126 382 2156 constantiae;
402 2126 514 2164 Magnus
535 2130 678 2164 Augustus.
696 2129 847 2155 l’rouomeu
863 2126 980 2164 Victoris

192 2164 308 2198 sumpsit.
331 2162 526 2191 Constantinus
543 2162 602 2198 post
623 2169 735 2198 partam
745 2163 777 2188 de
802 2162 980 2198 tyrattnisuvif

555 98 691 127 EUSEBll
710 96 950 126 CESARIENSIS
987 96 1064 126 OPP.
1084 96 1176 125 PARS
1194 97 1215 125 1.
1235 111 1271 119 -
1289 97 1486 127 HISTORICA.

733 161 792 196 ipse
815 168 880 188 vero
901 160 981 188 etiam

1037 159 1124 195 εὐχῶν
1134 168 1142 175 ·
1157 159 1239 192 αὐτὸς
1254 159 1282 186 δὲ
1296 159 1345 195 τῆς
1361 159 1499 195 βασιλείας
1516 159 1573 195 (77)
1587 159 1635 186 καὶ
1660 159 1729 194 μετὰ
1745 159 1828 186 θάνα-

1758 100 1828 127 1228

1039 215 1086 233 τον
1111 206 1322 242 ἐπειλημμένος,
1345 206 1439 242 ὥσπερ
1458 204 1505 233 οὖν
1526 205 1555 239 ἐξ
1580 205 1754 237 ἀναθιώσεως
1777 206 1828 241 τὴν

1040 251 1188 287 σύμπασαν
1202 252 1289 287 ἀρχὴν
1303 252 1422 284 διοικῶν,
1434 252 1567 287 Νικητὴς,
1581 252 1726 286 Μέγιστος,
1740 252 1826 278 Σεϐα-

1040 298 1101 331 στὸς
1116 298 1173 334 (78)
1191 298 1265 335 αὺτῷ
1277 301 1452 335 προσρήματι
1462 299 1511 335 τῆς
1527 298 1669 333 Ῥωμαίων
1680 299 1828 334 ἡγεμονίας

1039 346 1150 381 ἐκράτει
1160 346 1227 381 (79).

1292 392 1490 419 ΚΕΦΑΛΑΙΟΝ
1509 390 1568 419 OB'.

1143 473 1148 480 _
1254 439 1322 473 Hepl
1338 439 1474 473 φοίνικος
1489 439 1605 474 ὀρνέου.

1073 487 1110 513 Οὐ
1129 485 1200 513 κατὰ
1213 485 1258 512 τὸν
1274 485 1413 519 Αἰγύπτου
1424 485 1508 521 ὅρνιν,
1521 485 1551 512 ὃν
1565 485 1597 520 δή
1610 493 1675 520 φασι
1694 484 1824 520 μονογενῆ

1037 531 1100 558 livet:
1114 532 1164 567 τὴν
1177 531 1269 566 φύσιν,
1281 530 1408 566 θνήσκειν
1427 531 1476 566 μὲν
1489 531 1532 557 ἐπ’
1549 530 1702 566 ἀρωμάτων
1713 550 1720 562 ,
1744 531 1824 557 αὐτὸν

1037 578 1111 614 αὐτῷ
1132 578 1182 614 τὴν
1204 577 1331 612 τελευτὴν
1349 577 1547 613 θυηπολοῦντα,
1558 576 1738 603 ἀναϐιώσκειν
1757 576 1780 602 δ’
1794 577 1825 608 si

1036 623 1120 658 αὐτῆς
1149 623 1260 654 σποδιᾶς
1277 643 1284 655 ,
1311 622 1358 649 καὶ⁸
1384 622 1542 648 ἁναπτάντα
1561 621 1678 648 τοιοῦτον
1700 618 1755 653 οἶος
1776 621 1824 648 καὶ

1036 669 1168 705 πρότερον
1187 666 1221 704 ἦν
1242 669 1342 703 φῦναι·
1355 668 1426 695 κατὰ
1441 668 1470 694 δὲ
1486 668 1532 694 τὸν
1549 667 1631 694 αὑτοῦ
1649 668 1776 703 Σωτῆρα,
1794 668 1824 700 ὃς

1035 715 1074 751 τῷ
1097 714 1144 742 τοῦ
1166 714 1254 751 πυροῦ
1267 715 1360 750 σπόρῳ
1379 714 1577 750 παραπλησίως
1588 713 1647 740 ἀνθ’
1663 714 1722 745 ἐνὸς
1741 713 1823 741 πολυ-

1036 761 1258 797 πλασιαζὸμενος,
1276 761 1324 788 σὺν
1334 760 1443 796 εὐλογίᾳ
1454 760 1520 786 Θεοῦ
1531 761 1645 796 παρεῖχε
1657 759 1702 786 τὸν
1711 761 1821 796 στάχυν,

1035 807 1083 833 καὶ
1105 806 1156 842 τὴν
1183 806 1329 842 σύμπασαν
1355 806 1518 841 οἰκουμένην
1537 805 1591 832 τῶν
1617 805 1699 832 αὑτοῦ
1727 814 1822 833 κατεν-

1033 852 1156 888 επίμπλα
1165 852 1292 888 καρπῶν·
1306 851 1392 887 τούτῳ
1402 849 1447 878 οὖν
1456 851 1582 888 ἐμφερῶς
1590 852 1604 878 ό
1614 853 1821 888 τρισμακάριος,

1033 897 1213 930 πολυπλάσιος
1229 897 1285 934 (80)
1307 897 1351 924 διὰ
1372 897 1422 933 τῆς
1442 897 1496 924 τῶν
1510 898 1610 924 παίδων
1624 898 1748 934 διαδοχῆς
1763 898 1821 926 ἀνθ’

1032 945 1091 976 ἑνὸς
1115 944 1248 978 ἐγίγνετο,
1273 944 1311 976 ὡς
1339 944 1386 970 καὶ
1413 944 1525 970 εἰκόνων
1555 944 1719 971 ἀναστάσεσι
1745 945 1822 980 παρὰ

1032 991 1114 1017 πᾶσιν
1141 989 1246 1016 ἔθνεσιν
1272 989 1330 1025 ἅμα
1358 990 1415 1020 τοῖς
1441 988 1524 1015 αὐτοῦ
1550 989 1680 1024 τιμᾶσθαι
1708 990 1819 1021 παισὶν,

1031 1035 1130 1062 οἰκεῖόν
1153 1044 1183 1061 τε
1202 1034 1321 1071 τοῦνομα
1335 1035 1551 1067 Κωνσταντίνου,
1566 1036 1614 1062 καὶ
1629 1036 1698 1071 μετὰ
1710 1036 1759 1072 τὴν
1773 1036 1820 1062 τοῦ

1033 1082 1091 1118 βίου
1107 1081 1371 1118 παραλαμϐάνεσθαι
1385 1081 1525 1117 τελευτήν.

1288 1169 1487 1196 ΚΕΦΑΛΛΙΟΝ
1506 1169 1565 1196 Ol".

1033 1217 1129 1250 ὀπως
1144 1215 1179 1243 ἐν
1196 1216 1393 1250 νομίσμασιν,
1413 1215 1454 1248 ὡς
1476 1216 1520 1247 εις
1544 1214 1673 1248 οὐρανὸν
1697 1215 1822 1242 ἀνιόντα

1191 1249 1421 1279 Κώνσταντῖνον
1440 1249 1657 1285 ὲνεχάρασσον.

1069 1297 1137 1334 Ἤδη
1163 1297 1191 1324 δὲ
1215 1297 1262 1324 καὶ
1288 1297 1452 1332 νομίσμασιν
1480 1296 1690 1332 ὲνεχαράττοντο
1725 1296 1819 1329 τύποι,

1032 1344 1150 1379 πρόσθεν
1168 1344 1218 1380 μὲν
1229 1343 1408 1374 ὲντυποῦντες
1422 1342 1466 1369 τὸν
1483 1343 1626 1378 μακάριον,
1647 1343 1822 1378 ἐγκεκαλυμ-

1033 1391 1113 1426 μένον
1127 1390 1176 1426 τὴν
1193 1390 1315 1425 κεφαλὴν
1331 1389 1450 1424 σχήματι
1471 1389 1538 1424 (81),
1557 1389 1670 1424 θατέρου
1681 1389 1709 1415 δὲ
1722 1389 1821 1424 μέρους

1032 1437 1075 1471 ἐφ’
1087 1437 1191 1472 ἅρματι
1213 1435 1355 1472 τεθρίππῳ
1382 1435 1491 1470 ἡνιόχου
1519 1435 1634 1471 τρόπον,
1662 1435 1714 1462 ὑπὸ
1729 1435 1821 1469 δεξιᾶς

1032 1480 1135 1508 ἄνωθεν
1162 1480 1352 1516 ὲκτεινομένης
1380 1479 1455 1516 αὐτῷ
1477 1479 1568 1516 χειρὸς
1596 1480 1820 1516 ἀναλαμϐανόμε-

993 1522 1015 1553 C
1031 1535 1085 1555 vov.

1288 1572 1487 1599 ΚΕΦΑΛΑΙΟΝ
1508 1573 1565 1598 UA’.

1051 1620 1109 1646 Ὅτι
1128 1621 1144 1647 ό
1160 1619 1291 1655 τιμηθεὶς
1304 1619 1354 1655 ὑπ’
1366 1619 1461 1645 αὑτοῦ
1478 1618 1550 1652 Θεὸς
1571 1618 1692 1652 δικαίως
1710 1618 1804 1646 αὐτὸν

1329 1654 1518 1688 ἅντε-τίμησε.

1067 1701 1150 1729 Ταῦθ’
1162 1702 1227 1737 ἡμῖν
1241 1699 1332 1731 αὐτοῖς
1347 1699 1436 1731 δείξας
1447 1699 1604 1734 ὀψθαλμοῖς,
1620 1700 1666 1726 ἐπὶ
1683 1700 1755 1735 μόνῳ
1765 1699 1821 1726 τῶν

1040 1748 1150 1774 πώποτε
1187 1745 1343 1782 Χριστιανῷ
1378 1745 1516 1779 διαφανῶς
1546 1745 1602 1781 (82)
1633 1746 1821 1781 ἀποδειχθέντι

1032 1793 1231 1828 Κωνσταντίνῳ
1252 1794 1266 1819 ὁ
1286 1792 1332 1819 ἐπὶ
1352 1792 1460 1819 πάντων
1482 1791 1558 1824 Θεὸς,
1584 1792 1682 1819 ὁπόσον
1704 1790 1739 1828 ἦν
1763 1793 1819 1829 ἄρα

1067 1884 1123 1919 (80)
1143 1882 1224 1917 Vulg.
1240 1882 1467 1919 πολυπλασίως.
1485 1881 1602 1919 saw-ilius
1618 1882 1651 1919 ad
1664 1889 1739 1909 oram
1753 1881 1817 1919 libri

1031 1917 1076 1946 sui
1087 1917 1160 1946 notat
1177 1918 1319 1950 legendum
1335 1925 1396 1945 esse
1406 1917 1597 1948 πολυπλάσιος,
1608 1917 1649 1944 cui
1663 1917 1818 1948 assentior;

1032 1955 1139 1981 mallem
1160 1959 1247 1980 tamen
1263 1951 1464 1979 πολυπλασίων.

1067 1990 1121 2025 (81)
1146 1987 1422 2025 Ἐγκεῖιαλιμμμέῂον
1436 1987 1501 2025 ,τὴν
1518 1986 1655 2021 κεφαλὴν
1675 1986 1819 2025 σχήματι.

1031 2023 1130 2052 Ultima
1142 2031 1193 2050 vox
1208 2023 1320 2050 delenda
1335 2023 1399 2049 mihi
1418 2023 1533 2053 videtur,
1548 2029 1626 2056 quam
1648 2029 1682 2048 ex
1696 2023 1820 2055 margine

1033 2060 1058 2086 in
1076 2065 1177 2086 textum
1189 2058 1332 2092 irrepsisse
1346 2057 1476 2084 credibile
1490 2062 1541 2084 est.
1558 2058 1713 2091 Ascriptum
1726 2062 1817 2092 autem

1031 2100 1090 2121 erat
1101 2094 1127 2120 iu
1140 2091 1262 2127 margine
1277 2092 1405 2128 ὀχήματι,
1418 2093 1450 2119 ad
1465 2092 1672 2128 explicationem
1693 2091 1818 2128 vocabuli

1031 2129 1170 2163 sequentis
1185 2127 1388 2163 ἂρματιέριιυᾴ
1405 2135 1470 2154 vero
1482 2128 1515 2154 ad
1532 2127 1678 2163 marginem
1692 2127 1818 2163 editionis

1031 2161 1313 2197 Geiteveusis'legitur
1334 2162 1572 2198 ementiunnteo
1592 2162 1699 2195 quidem
1713 2161 1819 2198 judicio

192 2195 316 2225 ctoriam.
333 2200 386 2226 Sed
394 2199 473 2225 ctlilii
485 2195 978 2233 ipsiusqpa—sijurelttet'editat'tontllud
996 2195 1017 2222 D
1033 2199 1230 2232 ineptissimum
1243 2195 1300 2229 est,
1317 2195 1505 2233 ncqtte'Qrteci
1518 2197 1651 2233 sermonis
1664 2197 1818 2230 proprietas

193 2233 378 2265 retinuerunt,
394 2238 422 2259 ut
438 2230 535 2260 docent
555 2230 712 2259 earumdem
738 2231 867 2264 epistolae.
895 2230 978 2256 Porro

191 2276 224 2295 ex
242 2269 294 2295 ltoc
304 2268 364 2294 loco
390 2273 512 2302 apparet,
537 2272 598 2302 post
615 2267 716 2293 obitum
737 2265 906 2302 Constantini
923 2265 979 2302 illa:

192 2303 268 2334 xinti.
290 2303 377 2330 tribus
390 2300 500 2329 circiter
511 2300 660 2334 Iliensibus,
671 2302 696 2327 id
710 2307 751 2328 est
767 2306 822 2327 toto
834 2300 978 2333 interregni

191 2338 364 2372 spatio,leges
372 2345 466 2365 omnes
473 2344 555 2373 atque
564 2338 661 2373 edicta,
669 2335 978 2373 tinus-tantini,tauqnam

191 2370 360 2408 superstitis,
371 2373 479 2400 nomine
491 2370 619 2407 inscripta
634 2372 726 2402 fuisse,
736 2378 796 2398 cum
811 2371 898 2396 nullus
911 2370 979 2408 alius

191 2406 329 2443 Atigustus
341 2413 413 2436 esset
429 2409 455 2435 itt
467 2410 532 2436 orbe
548 2406 681 2439 illitttatto,
691 2412 721 2433 ut
732 2413 812 2443 supra
825 2406 978 2443 observavi.

191 2440 284 2470 Pot'est
299 2443 379 2470 etiam
397 2443 506 2478 intelligi
522 2444 567 2470 hic
588 2442 663 2469 locus
680 2443 714 2469 de
737 2441 835 2478 liberis
847 2440 980 2466 Constan-

193 2478 244 2505 titti
256 2478 343 2511 Magni
355 2477 503 2513 quieodetn
521 2479 598 2505 titulo
613 2483 640 2504 et
661 2478 769 2504 nomine
784 2477 939 2513 utebantur,
952 2480 980 2502 et.

192 2513 219 2540 itt
233 2515 333 2548 quibus
356 2511 434 2549 pater
453 2515 614 2541 reviviscere
628 2513 778 2540 videbatur.
789 2511 874 2543 Quam
894 2512 979 2537 inter-

191 2548 369 2584 pretationem
392 2550 554 2576 confirmant
566 2548 716 2584 sequentia.

227 2584 284 2619 (79)
304 2584 381 2619 Vulg.
398 2585 558 2619 ἡγεμονίας
572 2580 700 2618 κρατεῖν.
713 2581 809 2612 Scribo
822 2579 942 2619 ἐκράτει.
952 2586 980 2606 ιιι

192 2617 390 2654 νοέυοίιιίθιιιήθὶ
400 2617 482 2647 verbo
490 2621 560 2654 quod
572 2617 653 2646 multo
666 2624 728 2645 ante
748 2617 978 2654 ριωοεεεὶιηκατ-

191 2651 313 2689 ηξιοῦτο.
337 2655 420 2682 Porro
437 2656 463 2681 in
481 2651 574 2682 codice
587 2654 671 2688 Regio
683 2654 716 2680 ad
729 2652 879 2689 tnargiuctn
901 2651 979 2687 hujus

190 2686 297 2724 capitis,
318 2689 429 2717 Graecus
442 2690 602 2717 scholiastes
620 2686 676 2724 liter;
698 2688 780 2715 verba
797 2688 833 2724 in.
851 2686 978 2724 honorem

191 2719 362 2759 Constantini
375 2726 538 2759 aseripserat
550 2734 557 2752 ε
574 2725 621 2756 Εἰς
629 2723 735 2752 αἰώνιον
744 2719 912 2759 μνημόσυνόν
922 2720 979 2759 ἐστι

189 2757 223 2788 φδ
247 2759 331 2795 ὄνομά
362 2769 427 2793 σου,
444 2756 600 2787 ἆποστόλων
628 2756 847 2794 τρισκαιδέκατε.
875 2756 927 2782 Sed
952 2762 980 2795 et.

191 2792 332 2834 passinfin
352 2796 402 2834 hoc
422 2792 689 2834 opertilaudiln_ts'ac
701 2795 770 2834 votis
783 2800 844 2820 eutn
862 2792 981 2832 aspergit

193 2826 263 2857 idem
279 2829 326 2860 ille
339 2826 480 2859 seribafln
495 2829 563 2858 Fuk.
576 2832 668 2858 codice
686 2830 816 2858 scribitur
832 2826 936 2862 κρατεῖ.

1030 2242 1090 2259 eam
1109 2233 1268 2260 locutionem
1284 2233 1411 2259 admittit.
1427 2232 1512 2259 Porro
1534 2232 1560 2259 itt
1581 2232 1717 2265 plerisque
1737 2239 1817 2258 num-

1030 2269 1081 2294 mis
1103 2267 1296 2295 Coustantinus
1307 2267 1396 2302 capite
1409 2267 1512 2302 galeato
1529 2267 1703 2302 conspicitur.

1066 2303 1122 2337 (82)
1131 2303 1211 2335 Vulg.
1219 2301 1402 2336 Χριστιανῶν
1412 2301 1573 2337 διαφανῶς.
1584 2301 1761 2328 Scribendum
1772 2306 1818 2337 est

1031 2339 1089 2377 si_ne
1100 2338 1182 2377 dnbin
1194 2337 1358 2377 ὶςρισῖιανῷ.
1373 2337 1553 2377 Scribettduttt
1564 2343 1671 2377 quoque
1687 2336 1818 2377 estlpévtp

1030 2373 1083 2399 τῶν
1092 2372 1199 2399 πώποτε
1209 2371 1349 2407 βασιλέων,
1358 2378 1403 2399 aut
1411 2377 1484 2398 certe
1492 2372 1714 2407 subaudiettduttt.
1726 2371 1817 2398 Caete-

1031 2416 1089 2435 rum
1100 2405 1229 2434 Eusebius
1243 2408 1379 2434 nemiuem
1393 2407 1535 2440 excipitex
1550 2413 1661 2433 numero
1673 2405 1820 2439 imperato-

1031 2451 1089 2470 rum
1105 2443 1297 2475 Romanorum,
1307 2443 1369 2468 dum
1385 2442 1423 2468 ait
1436 2443 1551 2476 primum
1566 2449 1599 2468 ex
1612 2441 1737 2468 omnibus
1749 2441 1819 2468 Cort-

1030 2479 1177 2505 stantinum
1194 2477 1281 2511 palam
1293 2482 1319 2504 et
1333 2482 1426 2511 aperte
1437 2477 1619 2504 Christianum
1636 2476 1727 2502 fuisse.
1737 2477 1817 2508 Quod

1031 2518 1104 2540 certe
1118 2513 1286 2540 verissimum
1304 2517 1355 2539 est.
1365 2513 1420 2539 Etsi
1433 2512 1505 2538 enim
1518 2511 1657 2545 Philippus
1671 2511 1818 2545 imperator

1030 2548 1203 2576 Christianus
1221 2547 1305 2574 fuisse
1321 2556 1335 2573 a
1359 2547 1495 2574 nonnullis
1507 2547 1640 2581 proditur.
1659 2555 1711 2572 ttutt
1727 2551 1817 2574 tamen

1029 2583 1212 2610 Christianam
1228 2583 1383 2616 religionem
1397 2602 1405 2615 ,
1424 2582 1535 2616 perinde
1556 2589 1586 2608 ac
1603 2582 1818 2613 Constantinus.

1030 2619 1119 2652 palatii
1132 2618 1268 2652 professus
1280 2622 1332 2644 est.
1345 2617 1405 2644 Alio
1415 2625 1496 2652 sensu
1510 2616 1626 2652 Orosius
1640 2616 1665 2642 itt
1682 2616 1751 2642 libro
1766 2624 1817 2649 vn,

1030 2651 1063 2680 de
1080 2651 1256 2680 Constantino
1271 2652 1308 2679 ita
1319 2652 1414 2678 scribit
1429 2663 1435 2679 :
1458 2661 1467 2676 ι
1483 2651 1590 2678 Pritnus
1622 2651 1816 2684 imperatorum

1029 2689 1199 2715 Christianus
1209 2706 1217 2719 ,
1232 2692 1344 2721 excepto
1362 2686 1496 2721 Philippo,
1508 2686 1554 2720 qui
1568 2686 1740 2713 Christianus
1765 2694 1818 2719 ap-

1031 2725 1073 2750 uis
1098 2723 1242 2750 admodum
1270 2722 1362 2756 paucis
1388 2723 1421 2748 ad
1447 2724 1499 2748 hoc
1523 2727 1633 2756 tanturn
1653 2721 1818 2747 eonsdtutus

1030 2759 1114 2787 fuisse
1135 2758 1200 2785 mihi
1226 2755 1299 2784 visus
1315 2761 1371 2788 est,
1389 2761 1418 2783 ttt
1441 2756 1599 2783 millesimus
1620 2755 1712 2782 Romae
1728 2763 1820 2783 annus

1030 2794 1140 2822 Christo
1156 2793 1245 2828 potius
1259 2799 1341 2827 quam
1353 2791 1432 2820 idolis
1443 2792 1624 2819 dedicaretur.
1642 2800 1653 2817 ι
