2001 3168
108 209 180 237 1Ξ¹Ᾱ5

494 205 724 235 CONSTAN’I'INI
743 206 871 236 ORATIO
888 206 935 234 AD
954 205 1164 235 SANCTORUM
1182 206 1327 236 C(ETUH.

1665 206 1732 234 ωε

106 267 160 303 τὴς
177 266 225 294 καὶ
239 267 289 303 τῆς
311 266 343 294 ὲκ
366 265 420 293 τῶν
441 266 571 294 κινδύνων
587 267 723 304 σωτηρίας
741 269 842 304 φυσική
859 277 894 301 τις

950 269 1017 297 mite
1041 268 1177 304 ingenium
1191 273 1218 296 et
1229 269 1381 304 obsequens
1395 267 1498 296 homini
1512 276 1520 295 :
1536 268 1562 296 in
1589 267 1654 296 feris
1668 276 1732 296 vero

109 313 232 349 πρόνοια.
249 313 304 340 Καὶ
319 312 428 339 πάντων
452 313 501 348 μὲν
523 313 633 349 ἡμέρων
654 313 815 349 κηδεμονίαν
836 313 897 341 τινὰ

106 358 325 396 τοῖςάνθρώποις
351 358 466 391 ἐπέταξε
477 378 484 391 ,
505 360 573 395 πρὸς
584 359 614 386 δὲ
632 359 667 386 τὰ
683 359 765 396 ἄγρια
781 359 897 396 ἃμιλλάν

107 415 169 433 τινα
185 405 384 442 νομοθετήσας·
402 404 471 441 μετὰ
488 404 517 431 δὲ
530 405 617 433 ταῦτα
631 405 683 441 τὴν
700 405 755 433 τῶν
768 406 897 433 πετεινῶν

107 452 205 486 γενεὰν
230 452 429 487 συνεστήσατο,
446 450 546 487 πολλὴν
565 451 613 487 μὲν
629 452 750 488 ἀριθμῷ,
771 452 851 488 φύσει
865 452 894 479 δὲ

108 498 158 524 καὶ
180 497 253 524 ἔθεσι
275 497 412 533 διάφορον,
430 496 556 532 ἐκπρεπῆ
573 497 621 532 μὲν
637 497 791 533 χρωμάτων
807 507 896 525 ποικι-

108 543 165 579 λίᾳ,
192 543 325 579 μουσικῆς
344 543 366 569 δ’
394 542 525 578 ἁρμονίας
543 542 663 578 ἐμφύτου
690 544 802 580 μέτοχον
820 544 893 580 (15)·

107 588 179 616 ἄλλα
206 597 236 615 τε
268 589 356 616 πάντα
380 589 431 615 ὅσα
462 588 565 624 κόσμος
594 589 748 625 περιλαὸὼν
779 591 895 626 συνέχει,

107 633 376 670 διευκρινησάμενος,
391 633 439 660 καὶ
453 633 558 666 τούτοις
572 635 654 661 πᾶσιν
670 635 835 671 εἱμαρμένον
849 635 896 663 τοῦ

110 679 169 715 βίου
187 679 286 716 θεσμὸν
300 679 404 715 ὁρίσας,
424 679 474 715 τὴν
488 679 659 716 τελειοτάτην
677 680 730 708 τῶν
745 681 813 708 ὅλων
830 690 898 717 συμ-

109 725 250 762 πλήρωσιν
263 726 478 762 κατεκόσμησεν.

948 314 1032 342 robur
1046 322 1078 341 ac
1095 314 1233 346 velocitas,
1249 318 1277 342 et
1296 313 1430 341 naturalis
1451 314 1573 348 quaedam
1589 314 1732 348 providen-

948 361 986 389 tia
998 368 1050 395 qua
1070 367 1100 388 se
1121 367 1155 387 ex
1176 359 1304 394 periculis
1324 360 1451 394 eripiant.
1469 361 1508 388 Ac
1528 364 1732 387 mansuctorum

949 406 1058 441 quidem
1072 405 1228 432 animalium
1243 405 1367 432 omnium
1381 412 1474 433 curam
1491 413 1523 433 ac
1534 405 1645 433 tutelam
1661 404 1732 432 Deus

949 451 1105 478 hominibus
1121 451 1246 478 attribuit
1268 458 1275 478 :
1292 450 1423 478 adversus
1441 451 1511 478 feras
1535 450 1618 478 veluti
1641 456 1732 478 certa-

948 505 1010 524 men
1025 497 1160 532 quoddam
1187 497 1312 524 instituit.
1332 496 1454 524 Posthac
1476 497 1566 524 avium
1580 496 1734 532 genusior-

949 544 1034 571 mavit
1046 564 1054 576 ,
1073 550 1185 571 numero
1206 543 1314 578 quidem
1334 543 1485 578 copiosum.
1500 547 1597 570 natura
1613 550 1678 570 vero
1701 550 1734 571 ac

949 589 1039 624 specie
1067 588 1227 624 multiplex,
1257 588 1354 623 insigni
1380 587 1501 615 colorum
1531 588 1679 621 varietate,
1706 592 1735 616 et

951 634 1066 662 naturali
1086 635 1204 669 quadam
1234 634 1345 662 musicae
1373 633 1486 662 scientia
1502 634 1655 668 praeditum.
1673 634 1733 661 (ἔπη

951 685 1007 708 tera
1021 680 1084 707 item
1097 687 1156 714 quae
1168 680 1250 707 totius
1262 680 1353 708 mundi
1367 680 1468 711 ambitu
1482 679 1733 712 continentur,cum

951 727 1130 762 pulcherrime
1149 726 1337 758 distinxisset,
1352 726 1511 762 cunctisque
1539 725 1650 754 fatalem
1673 726 1734 754 vita

110 774 255 802 terminum
280 774 440 808 deliniisset,
455 776 575 804 universi
607 775 740 804 fabricam
768 777 895 805 omnibus
921 776 1096 804 ornamentis
1114 776 1269 804 decoratam
1282 775 1406 803 absolvit.

370 854 568 882 ΚΕΦΑΛΑΙΟΝ
591 856 637 889 ς’.

108 897 184 937 Περὶ
195 897 248 933 τῆς
262 899 459 937 εἱμαρμένης,
479 900 524 927 ὅτι
539 901 657 937 ψεινδὴς
678 903 695 929 ὁ
714 902 781 936 περὶ
803 901 898 937 αὐτῆς

145 934 236 971 λόγος
257 934 419 971 disiungat,
442 935 478 962 ἐκ
506 934 613 963 τετῶν
632 934 714 971 παρὰ
733 934 897 971 ἆνθρώποὶξ-

145 970 245 1003 νόμων·
267 970 316 996 καὶ
334 968 392 996 τῶν
412 970 486 998 κατὰ
510 971 568 1003 τὴν
591 968 707 999 animi”
731 968 817 999 ἅτιᾶα
840 968 896 1000 οὐαὶ

146 1003 296 1041 ἀτάκτως,
414 1006 492 1041 κατὰ
504 1006 602 1041 ,τάξιν
617 1007 739 1034 κινεῖται
749 1027 756 1037 ,
770 1007 822 1034 τοῦ
842 1009 896 1041 Δη-

142 1039 287 1074 μιουργοῦ
303 1039 357 1067 τὸν
380 1039 451 1075 ὅρον
467 1040 516 1068 διὰ
530 1041 585 1075 τῆς
604 1041 715 1075 τάξεως
728 1039 895 1070 ἐπιδεικνύ-

142 1082 230 1109 pera.

146 1132 177 1158 Οἱ
193 1131 221 1158 δὲ
234 1131 354 1158 πλεῖστοι
372 1131 426 1158 τῶν
444 1131 594 1168 ἀνθρώπων
609 1132 726 1169 ἄφρονες
741 1132 831 1165 ὄντες,
846 1132 897 1168 τῆς

109 1178 165 1205 τῶν
180 1177 288 1205 πάντων
310 1178 517 1214 διακοσμήσεως
535 1178 585 1214 τὴν
602 1179 681 1214 φύσιν
698 1179 847 1206 αἱτιῶνται·
871 1180 896 1206 οἱ

108 1223 140 1250 δέ
150 1232 221 1255 τινες
237 1222 326 1250 αὐτῶν
339 1223 388 1259 τὴν
400 1223 580 1259 εἱμαρμένην,
595 1225 612 1260 ἢ
626 1224 657 1251 τὸ
671 1224 833 1260 αὐτόματον,
847 1224 896 1261 τὴν

107 1268 212 1295 τούτων
223 1268 347 1301 ἐξουσίαν
359 1268 412 1303 (16)
424 1269 456 1304 τῇ
470 1269 624 1304 εἱμαρμένῃ
637 1269 815 1305 λογιζόμενοι.
830 1270 896 1297 Οὐδὲ

112 1316 233 1342 συνιᾶσιν
264 1315 328 1341 ὅταν
361 1314 410 1350 τὴν
436 1315 607 1351 εἱμαρμένην
637 1316 894 1352 προσαγορεύουσιν,

109 1361 197 1398 ὄνομα
221 1361 272 1397 μὲν
293 1361 487 1397 φθεγγόμενοι,
509 1361 607 1398 πρᾶξιν
629 1362 657 1390 δὲ
680 1363 817 1399 οὐδεμίαν,
841 1363 895 1390 οὐδ’

111 1408 293 1444 ὑποκειμένην
307 1407 369 1434 τινὰ
386 1407 527 1443 δηλοῦντες
544 1407 648 1435 οὐσίαν.
665 1408 714 1440 Τίς
735 1408 788 1444 γὰρ
804 1408 837 1435 ἂν
852 1408 896 1444 εἴη

109 1454 180 1490 αὐτὴ
202 1454 262 1480 καθ’
279 1453 378 1489 ἑαυτὴν
396 1453 413 1488 ή
433 1453 597 1489 εἱμαρμένη,
614 1453 664 1489 τῆς
678 1453 785 1488 φύσεως
801 1462 896 1490 γεννη-

109 1500 198 1535 σάσης
211 1500 246 1527 τὰ
260 1500 363 1533 πάντα;
385 1500 421 1526 Ἦ
433 1499 461 1526 τί
481 1499 514 1526 ἂν
538 1500 556 1535 ὴ
573 1499 653 1534 φύσις
672 1499 727 1535 (17)
748 1498 894 1535 νομίζοιτο,

111 1546 190 1582 εἴπερ
213 1547 227 1573 ὁ
246 1547 295 1582 τῆς
310 1545 479 1582 εἱμαρμένης
496 1544 597 1581 θεσμὸς
612 1545 788 1581 ἀπαράϐατος
809 1546 896 1582 ὑπάρ-

109 1600 170 1628 χει;
197 1591 278 1618 Ἀλλὰ
298 1591 346 1618 καὶ
367 1592 398 1618 τὺ
413 1590 502 1625 λέγειν
521 1590 687 1626 εἱμαρμένον
709 1591 770 1618 τινὰ
795 1591 895 1627 θεσμὸν

110 1637 191 1670 εἶναι,
207 1638 282 1673 δηλοῖ
297 1638 338 1664 δτι
354 1636 452 1672 θεσμὸς
469 1637 521 1668 πᾶς
537 1636 617 1672 ἔργον
631 1636 689 1664 ἐστὶ
702 1636 749 1665 τοῦ
767 1637 895 1673 θεσμοθε-

109 1684 253 1718 τήσαντος.
267 1683 299 1710 Εἱ
313 1682 402 1710 τοίνυν
415 1683 432 1718 ἠ
444 1682 608 1718 εἱμαρμένη,
621 1681 701 1718 εἴπερ
715 1682 773 1709 ἐστὶ
784 1681 893 1718 θεσμὸς,
907 1696 928 1725 C

109 1730 178 1757 Θεοῦ
204 1731 238 1758 ἂν
259 1730 363 1767 εὕρεμα
381 1729 441 1765 εἴη·
470 1729 549 1756 πάντ’
574 1729 628 1765 ἄρα
652 1729 832 1757 ὑποτέτακται
857 1729 895 1765 τῷ

110 1776 181 1812 Θεῷ,
203 1776 249 1803 καὶ
265 1777 340 1803 οὐδὲν
358 1775 472 1812 ἄμοιρον
485 1775 534 1811 τῆς
551 1775 654 1803 ἐκείνου
673 1774 822 1810 δυνάμεως.
840 1775 895 1802 Καὶ

108 1822 159 1857 τήν
172 1823 199 1857 γ’
209 1822 378 1858 εἱμαρμένην
395 1821 461 1848 Θεοῦ
476 1819 545 1848 εἶναι
561 1821 609 1848 καὶ
624 1820 782 1857 νομίζεσθαι
799 1821 895 1857 προαί-

111 1877 197 1905 ρεσιν,
214 1868 401 1904 ἀποδεχόμεθα
412 1876 420 1884 θ
435 1866 504 1896 ἀλλὰ
524 1867 583 1899 πῶς
604 1868 620 1903 ἡ
635 1867 791 1903 δικαιοσύνη
814 1867 861 1894 καὶ
877 1868 894 1903 ἡ

110 1913 272 1949 σωφροσύνη
289 1913 337 1940 καὶ
356 1913 386 1940 αἱ
404 1912 496 1940 λοιπαὶ
512 1913 608 1949 ἀρεταὶ
627 1912 688 1940 καθ’
708 1912 893 1949 εἱμαρμένην;

109 1959 197 1986 Πόθεν
213 1958 241 1985 δὲ
258 1959 351 1991 αὑταῖς
368 1959 486 1992 ἐναντία,
503 1959 520 1995 ἥ
537 1968 568 1986 τε
589 1959 679 1986 ἀδικία
698 1959 744 1986 καὶ
760 1960 777 1996 ἡ
796 1959 894 1986 ἀκολα-

109 2005 172 2038 σίας
194 2005 232 2032 Ἥ
253 2014 282 2032 τε
305 2005 359 2041 γὰρ
379 2006 496 2042 πονηρία
511 2005 567 2041 (18)
584 2006 617 2032 ὲκ
639 2005 747 2040 φύσεως
769 2005 826 2033 ἀλλ’
846 2005 894 2042 οὐχ

109 2052 288 2088 εἱμαρμένης,
299 2052 316 2087 ἦ
330 2061 360 2078 τε
374 2052 468 2088 ἀρετὴ,
482 2052 564 2089 ἤθους
576 2052 621 2080 καὶ
634 2052 742 2088 τρόπων
756 2052 815 2079 ἐστὶ
827 2061 895 2079 κατ-

107 2097 265 2135 ορθώματα.
290 2097 330 2126 Τὰ
350 2098 378 2124 δὲ
399 2098 450 2133 τῆς
469 2097 572 2134 ἀγαθῆς
597 2098 644 2125 καὶ
660 2098 743 2134 ὀρθῆς
767 2099 895 2135 προαιρέ-

111 2153 180 2176 σεως
203 2144 261 2180 ῆτοι
286 2145 459 2180 πταίσματα,
482 2144 498 2179 ἥ
519 2141 552 2171 αὖ
579 2143 659 2170 πάλιν
683 2144 892 2180 κατορθώματα,

110 2190 204 2218 ἄλλοτε
228 2191 314 2222 ἄλλως
337 2189 528 2222 ἀποϐαίνοντα,
551 2189 568 2225 ἢ
590 2189 660 2217 κατά
675 2189 770 2226 τύχην,
790 2190 807 2226 ἢ
825 2191 894 2218 κατὰ

110 2235 294 2272 εἱμαρμένην,
315 2235 369 2262 πᾶν
384 2234 415 2261 τὺ
431 2234 532 2261 δίκαιον
552 2232 606 2269 (19)
621 2234 669 2261 καὶ
684 2233 714 2260 τὺ
734 2234 794 2261 κατ’
816 2234 893 2269 ἀξίαν

147 2333 296 2370 (15)Vulg.
323 2334 468 2370 ἁρμονίας
485 2333 618 2370 ἐμφύτου
640 2333 767 2370 μετοχῇ.
797 2332 893 2370 Scribo

120 2369 235 2410 ιέτοχον,
247 2368 277 2411 ut
291 2368 389 2411 legitur
400 2371 553 2411 .inmcodice
564 2368 632 2411 lfuk.
652 2369 734 2396 l’aulo
760 2369 892 2411 ante,_ubi

110 2403 208 2436 legitur
220 2403 298 2438 φύσει
322 2403 350 2431 δὲ
365 2405 411 2431 καὶ
427 2404 516 2431 ἔθνεσι
539 2404 676 2440 διάφορον,
702 2404 801 2431 rectius
821 2403 890 2430 idem

108 2440 196 2479 codex
210 2439 290 2479 habet
302 2439 349 2479 καὶ
360 2439 443 2479 ἔθεσι,
458 2440 593 2474 quomodo
601 2440 681 2466 etiam
699 2439 726 2466 in
742 2439 811 2466 libro
823 2438 892 2466 Tur-

110 2474 172 2500 nebi
187 2474 315 2506 scriptum
330 2474 430 2501 inveni.

147 2507 202 2542 (16)
228 2508 287 2542 Τὴν
315 2509 428 2536 τούτων
448 2509 604 2542 ἐξουσίαν.
627 2508 697 2536 Aute
724 2509 781 2536 hazc
808 2509 890 2536 verba

111 2541 248 2579 Masculus
270 2541 617 2579 distinctionemrapposuit.
635 2544 680 2572 Sic
696 2544 767 2570 enini
783 2545 862 2570 vertit
883 2554 889 2572 :

111 2577 332 2613 Quipotestatem
346 2579 440 2605 horum
454 2577 509 2612 fato
520 2577 653 2611 tribuunt,
671 2587 702 2606 ne
725 2579 774 2605 hoc
785 2579 890 2613 quidem

110 2612 272 2647 intelligunt,
287 2617 340 2640 etc.
356 2613 504 2663 Musculuqi
519 2619 628 2642 secutus
642 2619 684 2642 est
698 2612 891 2648 Christophor-

113 2654 293 2744 sf3iu7sivulg.
309 2683 342 2709 ‘H
354 2682 383 2709 τί
403 2682 468 2726 μὲν,
480 2683 528 2718 εἴη
554 2684 573 2718 ἠ
595 2684 697 2718 φύσις.
713 2683 889 2728 Scribendum

113 2724 135 2743 vi
157 2723 218 2744 etur
231 2717 248 2744 ἧ
260 2717 286 2743 τί
300 2717 333 2744 ἂν
347 2715 416 2744 εἶναι
435 2727 515 2744 cauch
527 2719 672 2744 νομίζοιτο.
694 2719 721 2744 ln
743 2721 821 2744 codd.
840 2719 889 2744 l‘ll-

109 2715 218 2744 videtur
231 2717 248 2752 ἦ
260 2715 286 2743 τί
300 2717 333 2744 ἂν
347 2715 416 2744 εἶναι
435 2715 682 2755 φύσις’νομίξοιτο.’
693 2719 721 2746 lu
743 2721 821 2746 codd.
840 2719 890 2746 Fu-

109 2751 174 2791 kelii
188 2757 217 2791 et
230 2753 321 2780 Savilii
346 2754 477 2791 scribitur
496 2763 503 2791 ς
530 2754 546 2790 ἢ
563 2754 588 2781 τί
609 2755 670 2791 ἃ.νὴ
689 2754 769 2791 φύσις
780 2762 842 2791 νονμ.
861 2755 890 2791 l_n

111 2763 174 2779 [(1111
190 2763 217 2779 εει
230 2763 321 2780 DaVIIIl
346 2763 477 2780 SCI‘IDllul'
496 2763 503 2781 ἶ
530 2763 546 2790 η
563 2763 588 2781 τι
609 2763 670 2791 ανη
689 2763 769 2790 φυσις
780 2763 842 2789 νομ.
862 2763 890 2782 ιιι

111 2787 220 2826 st-hedis
237 2793 327 2815 autem
347 2788 438 2823 Regiis
449 2790 578 2825 scriptum
593 2790 681 2819 inveni
704 2790 721 2826 ἢ
735 2790 762 2816 τί
786 2790 836 2825 μὲν
852 2787 892 2816 εῐ-

108 2819 291 2897 ναὶίὴέΰὶίῗιίε.
302 2857 357 2897 Ε’ζη
373 2867 406 2886 τε
419 2859 640 2897 τὰργπονηρία,
650 2860 720 2896 Lego
735 2861 759 2887 εἱ
770 2860 825 2897 γὰρ
839 2860 888 2896 ἦτε

110 2892 237 2928 πονηρία,
249 2892 313 2930 etc.
323 2892 406 2922 Porro
419 2892 466 2923 tua
481 2896 554 2924 locus
565 2892 676 2923 ntulilus
688 2892 744 2927 Est,
759 2892 788 2923 ut
805 2892 887 2930 appa-

112 2932 173 2959 ηις
191 2935 270 2962 quem
291 2929 393 2965 absque
419 2931 493 2960 libris
519 2931 645 2966 supplere
669 2930 774 2959 diliicile
796 2929 886 2959 fuerit.

1257 856 1372 885 CAPUT
1390 857 1433 885 Vl.

951 902 987 930 De
1000 903 1070 938 fato,
1094 908 1117 931 et
1141 903 1210 938 quod
1228 902 1298 937 falsa
1323 907 1383 929 sunt
1394 910 1459 938 ique
1485 902 1518 929 de
1539 910 1568 929 eo
1589 902 1734 930 dicuntur:

985 937 1063 974 idque
1085 939 1232 966 ostenditur
1257 943 1312 964 tum
1336 945 1367 964 ex
1390 937 1488 971 legibus
1512 938 1656 974 humanis,
1679 943 1734 964 tum

984 982 1016 1001 ea;
1033 975 1109 1001 rebus
1124 973 1231 1004 creatis,
1243 980 1302 1007 quae
1326 981 1377 998 non
1394 976 1488 999 temere
1505 974 1549 999 sed
1566 973 1657 999 ordine
1679 981 1734 998 ηιιι-

983 1015 1090 1041 uenlur,
1116 1009 1164 1035 hoc
1189 1006 1261 1042 facto
1288 1006 1453 1034 declarantes
1481 1007 1615 1035 Creatoris
1641 1015 1734 1042 praece-

981 1049 1065 1079 ptum.

981 1134 1081 1162 Verum
1098 1132 1220 1168 plerique
1241 1133 1367 1161 homines
1383 1132 1474 1160 minus
1487 1133 1646 1167 prudentes,
1654 1132 1734 1168 hujus

948 1186 1038 1206 rerum
1055 1178 1176 1206 omnium
1198 1178 1382 1206 distinctionis
1397 1182 1481 1214 atque
1496 1182 1611 1206 ornatus
1624 1186 1733 1206 causam

946 1228 1050 1251 natura:
1068 1224 1210 1252 tribuunt:
1226 1224 1270 1251 alii
1295 1223 1350 1251 fato
1376 1224 1418 1251 vel
1441 1223 1555 1251 fortuito
1577 1225 1651 1252 casui
1667 1225 1734 1252 assi-

946 1273 1029 1305 gnant
1038 1290 1045 1302 ,
1054 1269 1206 1304 huiusmodi
1219 1277 1309 1297 rerum
1322 1274 1482 1305 potestatem
1491 1270 1547 1298 fato
1555 1271 1733 1299 ascribentes.

946 1315 1038 1351 Neque
1051 1316 1201 1351 intelligunt
1217 1323 1266 1348 se,
1284 1323 1344 1343 cum
1363 1315 1446 1343 fatum
1467 1316 1617 1349 nominant,
1637 1324 1733 1345 nomen

947 1363 1056 1397 quidem
1070 1362 1192 1397 proferre
1202 1382 1209 1394 ,
1226 1362 1273 1389 sed
1283 1362 1384 1389 nullum
1397 1367 1487 1389 aetum
1501 1362 1655 1397 nullamque
1667 1364 1732 1390 Sub-

946 1408 1073 1436 stantiam
1087 1408 1239 1443 designare.
1260 1407 1329 1441 Quid
1349 1409 1420 1436 enim
1435 1409 1522 1444 ipsum
1538 1417 1586 1444 per
1598 1416 1627 1436 se
1647 1409 1731 1436 fatum

945 1462 1006 1482 esse
1022 1454 1125 1489 possit,
1140 1462 1202 1481 cum
1229 1459 1325 1481 natura
1345 1455 1435 1482 omnia
1457 1455 1668 1489 procreaverit?
1688 1459 1734 1483 aut

945 1500 1011 1536 quid
1030 1499 1199 1528 censebimus
1216 1507 1276 1528 esse
1297 1504 1432 1531 naturam.
1456 1501 1480 1528 si
1506 1501 1547 1529 lex
1565 1501 1612 1528 fati
1637 1501 1732 1529 violari

945 1553 999 1573 non
1015 1546 1121 1581 potest?
1138 1545 1192 1573 Sed
1204 1550 1232 1573 et
1246 1553 1279 1573 ex
1293 1553 1326 1573 eo
1350 1546 1424 1581 quod
1444 1546 1534 1574 fatalis
1554 1547 1598 1574 lex
1613 1554 1674 1574 esse
1695 1548 1733 1574 di-

945 1591 1015 1618 citur
1029 1613 1036 1625 ,
1053 1599 1114 1620 cum
1126 1593 1215 1620 omnis
1233 1592 1276 1620 lex
1288 1599 1358 1627 opus
1373 1592 1407 1619 sit
1421 1592 1537 1626 alicujus
1557 1592 1731 1627 legislatoris,

944 1637 1013 1665 satis
1026 1641 1135 1672 apparet
1158 1638 1243 1665 fatum
1269 1638 1367 1673 ipsum,
1381 1639 1403 1665 si
1421 1639 1532 1673 quidem
1553 1638 1594 1665 lex
1615 1644 1667 1671 est,
1681 1639 1729 1667 Dei

944 1688 1012 1716 opus
1027 1686 1107 1716 atque
1127 1682 1263 1710 inventum
1279 1690 1348 1711 esse.
1364 1683 1469 1710 Cuncta
1491 1683 1575 1718 igitur
1599 1682 1654 1710 Deo
1669 1684 1732 1711 sub-

942 1726 1012 1760 jecta
1026 1731 1089 1754 sunt
1103 1747 1110 1759 ,
1127 1735 1179 1759 nec
1193 1728 1339 1763 quidquam
1351 1734 1393 1755 est
1406 1728 1465 1762 ejus
1476 1729 1604 1763 potentia:
1621 1736 1730 1764 expers.

945 1771 1078 1799 Cmterum
1094 1772 1189 1806 fatum,
1207 1773 1254 1801 Dei
1278 1774 1447 1802 voluntatem
1468 1781 1529 1802 esse
1558 1782 1590 1801 ac
1613 1775 1729 1808 censeri,

946 1817 1055 1845 minime
1083 1818 1276 1853 improbamus.
1295 1819 1348 1847 Sed
1366 1827 1482 1853 quonam
1510 1821 1590 1848 modo
1613 1821 1729 1855 justitia,

946 1864 1133 1897 temperantia,
1146 1868 1173 1890 et
1190 1864 1298 1898 reliquae
1309 1865 1423 1892 virtutes
1436 1864 1490 1892 fato
1502 1866 1639 1892 exsistunt
1650 1866 1662 1892 τ
1673 1865 1730 1893 Un-

944 1908 1042 1936 denam
1054 1916 1118 1936 vero
1132 1910 1271 1936 contraria
1286 1906 1380 1936 iisdem
1393 1909 1468 1943 vitia,
1478 1909 1610 1943 injustitia
1625 1911 1730 1938 scilicet

945 1959 1026 1990 atque
1040 1955 1248 1989 intemperantia
1263 1955 1275 1982 ?
1288 1954 1355 1982 Nam
1379 1954 1484 1982 malitia
1502 1956 1610 1990 quidem
1626 1963 1660 1983 ex
1680 1964 1729 1983 vo-

945 2001 1047 2028 luntate
1067 2001 1208 2034 nascitur;
1224 2001 1311 2029 virtus
1327 2008 1390 2028 vero
1410 2001 1476 2028 nihil
1499 2001 1571 2028 aliud
1586 2007 1628 2029 est
1647 2010 1728 2037 quam

945 2051 1017 2075 recta
1030 2047 1101 2074 actio
1116 2047 1149 2074 ad
1166 2054 1256 2074 mores
1271 2046 1495 2082 speclans?Qua:
1504 2051 1594 2074 autem
1609 2054 1642 2074 ex
1657 2047 1729 2075 bono

945 2093 1028 2120 animi
1043 2093 1180 2128 proposito
1191 2097 1264 2121 recte
1274 2113 1282 2125 ,
1292 2093 1334 2121 vel
1344 2101 1404 2128 qua;
1422 2101 1501 2121 secus
1514 2093 1581 2120 liunt
1590 2114 1598 2127 ,
1610 2093 1633 2121 si
1645 2093 1727 2120 alium

944 2144 1024 2175 atque
1038 2140 1119 2167 alium
1128 2140 1228 2167 exitum
1239 2140 1399 2173 sortiuntur,
1409 2145 1487 2175 prout
1495 2140 1550 2167 I‘alo
1558 2146 1603 2167 aut
1616 2140 1729 2167 fortuna:

944 2187 1031 2214 visum
1058 2186 1138 2222 573
1158 2191 1221 2220 est;
1239 2187 1283 2222 jus
1307 2194 1396 2219 omne,
1411 2191 1439 2213 et
1461 2194 1539 2214 suum
1565 2187 1662 2222 cuique
1679 2187 1729 2214 tri-

944 2233 1038 2267 buere,
1051 2233 1185 2269 quomodo
1205 2240 1238 2261 ex
1256 2233 1310 2262 fato
1326 2233 1395 2261 erit?
1410 2231 1468 2261 lam
1479 2241 1543 2260 vero
1552 2233 1624 2269 leges
1632 2238 1729 2261 etora-

945 2335 1058 2363 Videtur
1069 2339 1156 2362 tamen
1174 2335 1229 2362 haec
1246 2342 1307 2363 esse
1326 2335 1524 2369 argumentatio
1543 2334 1725 2363 Constantini:

910 2367 930 2394 Ι)
947 2371 975 2397 Si
990 2373 1112 2402 virtutes,
1127 2371 1224 2404 inquit,
1239 2375 1344 2398 suntex
1358 2367 1501 2405 Tato,ergo
1513 2375 1541 2397 et
1554 2371 1629 2397 vilia.
1645 2371 1727 2404 Atqui

945 2406 1009 2432 vitia
1025 2413 1077 2433 non
1093 2411 1204 2440 possunt
1217 2414 1278 2433 esse
1291 2413 1324 2433 ex
1338 2406 1402 2432 fato.
1419 2405 1484 2432 Nam
1512 2406 1616 2432 malitia
1643 2411 1690 2432 aut
1710 2413 1725 2432 a

944 2445 1038 2468 natura
1053 2445 1104 2472 est.
1121 2445 1167 2467 aut
1184 2448 1199 2467 a
1212 2441 1358 2468 voluntate.
1381 2440 1438 2468 Non
1461 2440 1543 2475 igitur
1563 2445 1605 2468 est
1620 2448 1635 2466 a
1656 2441 1723 2467 fato.

944 2476 1019 2508 Quod
1033 2477 1055 2502 si
1069 2475 1129 2510 quis
1145 2476 1217 2502 dicat
1231 2477 1356 2502 virtutem
1370 2476 1477 2509 quidem
1494 2476 1624 2503 etvitium
1638 2482 1698 2502 esse
1709 2483 1724 2502 a

945 2511 1098 2546 voluntate:
1115 2517 1143 2538 ut
1160 2515 1249 2538 autem
1262 2511 1386 2538 voluntas
1402 2516 1475 2538 recte
1491 2516 1553 2546 agat
1569 2511 1610 2537 vel
1632 2518 1722 2540 secus.

944 2545 970 2572 id
985 2553 1018 2572 ex
1035 2545 1089 2572 fato
1103 2553 1162 2572 esse
1177 2553 1183 2571 :
1211 2554 1263 2581 qua
1285 2546 1392 2573 demum
1410 2547 1514 2573 ratione
1532 2546 1646 2579 justitia,
1663 2553 1724 2579 quas

944 2581 1011 2607 nihil
1025 2581 1096 2607 aliud
1111 2585 1153 2607 est
1165 2588 1246 2615 quam
1262 2585 1390 2608 constans
1405 2586 1432 2607 et
1454 2586 1583 2614 perpetua
1601 2581 1724 2607 voluntas

938 2615 982 2650 jus
998 2623 1075 2642 suum
1093 2617 1190 2650 cuique
1200 2616 1345 2648 tribuendi,
1359 2623 1393 2643 ex
1408 2616 1462 2642 [alo
1479 2623 1541 2642 esse
1555 2616 1665 2650 potest?
1693 2616 1721 2642 lu

940 2649 1034 2686 codice
1051 2649 1126 2686 Fukr
1137 2649 1234 2685 legitur
1246 2651 1264 2686 ἥ
1285 2659 1314 2677 τε
1337 2650 1392 2686 γὰρ
1404 2650 1532 2686 πονηρία.
1553 2649 1589 2677 λι
1606 2650 1724 2677 Savilius

940 2685 973 2712 ad
998 2693 1073 2712 oram
1100 2685 1161 2712 libri
1188 2686 1228 2713 sui
1259 2685 1345 2717 notat,
1371 2685 1440 2713 forte
1468 2685 1639 2712 scribendum
1663 2693 1724 2713 esse

939 2720 995 2747 εἴτε
1022 2721 1086 2757 γάρ,
1099 2726 1165 2753 etc.,
1180 2721 1324 2756 statimque
1343 2722 1469 2748 emendat
1487 2720 1563 2747 ἔσται
1584 2720 1724 2757 κατορθώ-

961 2764 1021 2783 ατα.
1572 2769 1575 2777 ι

940 2764 1031 2826 una?)
1049 2790 1125 2825 Vulg.
1137 2790 1234 2818 πάντα
1257 2790 1290 2818 τὸ
1303 2791 1420 2818 δίκαιον
1430 2790 1548 2826 ἔχοντα.
1561 2769 1660 2818 ὺὶιίηια
1671 2798 1723 2818 vox

941 2826 1030 2853 addita
1043 2831 1085 2853 est
1107 2834 1121 2853 a
1135 2827 1201 2853 viris
1215 2827 1302 2854 doctis
1323 2835 1356 2854 ex
1377 2834 1442 2853 mss.
1468 2827 1616 2860 codicibus,
1639 2834 1721 2861 quam

942 2866 1031 2888 tamen
1047 2861 1119 2889 nullo
1134 2862 1212 2888 modo
1237 2862 1352 2896 probare
1367 2869 1486 2895 possum.
1502 2862 1563 2888 licet
1579 2862 1604 2888 in
1627 2863 1723 2889 codice

941 2896 1009 2924 Fnk.
1027 2896 1139 2930 legatur.
1164 2896 1259 2923 Scribo
1279 2897 1377 2930 igitur:
1392 2898 1446 2925 πᾶν
1460 2897 1490 2924 τὸ
1513 2896 1615 2924 δίκαιον
1628 2897 1675 2923 καὶ
1691 2897 1722 2923 τὸ

942 2931 1001 2958 κατ’
1018 2931 1094 2964 ἀξίαν
1113 2932 1323 2967 ἀπονεμόμενον,
1340 2932 1457 2968 ἑκάστῳ,
1476 2932 1533 2964 πῶς
1552 2933 1612 2960 καθ’
1630 2933 1723 2968 εἱμαρ-
