2001 3168
304 99 317 126 Ι
322 99 373 127 251

661 97 796 126 EUSEBII
814 97 1056 127 CESARIENSIS
1074 97 1085 126 (

1138 103 1150 126 ι.
1172 98 1262 127 mas
1281 98 1303 126 l.
1322 113 1357 119 —
1376 89 1572 127 nts'rontcal

1866 95 1941 123 1252

303 164 360 192 pm
378 159 476 184 mentis
487 163 543 184 sua:
557 155 743 184 imbecillitate
756 156 923 190 existimant,
933 157 990 186 haec
1004 158 1085 185 omni:

1144 157 1194 194 τὴν
1218 157 1359 185 ἀσθένειαν
1382 158 1431 194 τῆς
1458 156 1645 192 καταλήψεως,
1673 155 1778 191 ἀλόγως
1799 155 1940 191 οἰομένων

303 210 420 238 quorum
446 202 584 229 rationem
605 201 704 230 aﬂ'erre
729 210 784 230 non
800 203 902 236 valent,
924 204 1026 239 abSque
1040 204 1094 231 ulla

302 249 409 277 ratione
423 255 483 276 esse
495 248 637 283 disposita.
662 247 732 276 Sunt
748 253 821 276 certe
840 250 963 284 quaedam
977 250 1095 278 admira-

301 295 349 323 bili
374 300 471 323 natura
484 296 623 330 ιρι-παίω,
644 303 761 331 quorum
775 301 850 324 certa
869 297 995 325 veritatis
1017 306 1096 326 com-

301 339 449 373 prehensio
467 339 494 365 in
520 340 637 367 obscuro
666 339 747 373 latet;
762 341 916 375 cuiusmodi
940 347 1003 369 sunt
1017 350 1095 377 aquae

303 390 399 420 suapte
421 389 517 413 natura
533 385 641 413 calidae.
665 385 734 414 Nam
755 395 866 415 causam
891 389 1001 424 quidem
1026 387 1094 416 tanti

302 431 373 466 ignis
406 439 486 460 nemo
512 431 592 459 facile
623 423 732 461 dixerit.
761 433 810 461 Est
832 423 923 462 autem
951 435 1092 468 mirabile,

302 477 392 512 ignem
411 477 486 505 illum
512 485 581 513 aqua
600 479 700 514 frigida
725 480 844 515 undique
867 480 1091 515 circumseptum,

302 533 380 553 suum
396 530 487 553 tamen
500 526 624 552 nativum
638 525 756 553 calorem
770 534 941 562 nequaquam
955 528 1091 556 amittere.

303 571 394 607 Atque
418 571 476 599 lucc
497 579 559 599 rara
589 572 734 600 admodum
749 578 776 600 et
797 573 960 608 paucissima
987 573 1014 601 in
1037 578 1093 607 toto

303 622 437 646 terrarum
459 618 525 646 orbe
544 619 740 654 reperiuntur;
759 626 813 653 quo
838 618 955 653 scilicet,
970 623 1000 646 ut
1019 619 1093 654 equi-

301 665 363 691 dem
378 671 495 695 censeo.
519 665 618 692 divinae
643 664 825 692 Providentia:
839 665 880 693 vis
903 673 935 693 ac
951 666 1037 693 virtus
1058 667 1092 693 ab

302 709 457 737 hominibus
481 709 562 738 facile
589 711 716 746 cognosci
739 712 850 746 possit:
871 719 932 746 qua:
957 712 1025 740 duas
1048 719 1092 739 res

302 757 421 785 maxime
438 757 508 785 inter
524 765 554 786 se
571 759 736 792 contrarias,
753 759 837 794 frigus
860 760 989 787 nimirum
1004 764 1030 788 et
1044 768 1092 788 ca-

302 803 398 835 lorem,
414 810 447 830 ex
473 811 525 830 una
539 804 689 839 eademque
715 805 808 833 radice
823 812 934 832 manare
950 806 1088 840 praacepil.

1145 204 1318 240 διατετάχθαι
1332 204 1419 232 ταῦτα
1435 201 1474 231 ὧν
1488 204 1533 230 τὸν
1547 203 1625 238 λόγον
1645 203 1730 229 εἰπεῖν
1744 202 1795 229 οὐκ
1812 202 1938 237 ἔχουσιν.

1147 252 1225 278 ΙἘστι
1237 251 1260 278 δ’
1274 251 1343 283 ὅλως
1356 250 1426 284 τινὰ,
1441 248 1479 278 ὧν
1491 251 1507 286 ὴ
1521 249 1624 286 ἀληθὴς
1637 249 1788 285 κατάληψις
1802 249 1854 284 τῆς
1875 248 1940 284 ἀλη-

1145 296 1220 329 θείας
1243 297 1273 323 ὲν
1298 297 1374 332 βάθει
1395 298 1494 329 κεῖται,
1512 295 1670 331 θαυμαστῆς
1691 294 1799 330 φύσεως
1819 303 1939 330 τετυχη-

1145 343 1225 371 κότα·
1238 343 1318 370 ὁποία
1335 343 1382 370 καὶ
1396 343 1413 379 ή
1426 342 1481 369 τῶν
1497 342 1605 378 θερμῶν
1620 342 1722 369 ὑδάτων
1738 340 1820 376 φύσις
1831 341 1939 375 τυγχάι

1144 398 1236 417 νουσα.
1257 390 1313 425 Τὴν
1333 389 1383 422 μὲν
1397 389 1451 426 γὰρ
1464 389 1554 416 αἰτίαν
1575 387 1622 415 τοῦ
1639 387 1766 415 τοσούτου
1784 386 1875 423 πυρὸς
1892 387 1938 413 οὐ·

1144 435 1199 467 δεὶς
1222 435 1255 462 ἂν
1280 435 1434 471 προχείρως
1455 434 1511 470 ἔχοι
1535 434 1644 468 λέγειν·
1664 432 1821 468 θαυμαστὸν
1839 432 1871 459 δὲ
1895 433 1937 459 ὅτι

1143 481 1240 517 ψυχρῷ
1253 481 1329 508 ὕδατι
1346 479 1611 516 περιστοιχιζόμενον
1627 478 1738 514 κύκλῳ,
1763 478 1813 505 οὐκ
1834 478 1878 504 ἔτι
1897 477 1939 511 ἐξ·

1145 528 1305 563 ίσταταιτῆς
1314 527 1435 563 ἐμφύτου
1448 526 1621 562 θερμότητος.
1632 525 1771 553 Ταῦτάτοι
1780 524 1899 552 σπάνιόν
1909 532 1937 551 τι

1143 575 1238 610 χρῆμα
1254 573 1322 600 εἶναι
1336 574 1411 600 δοκεῖ
1424 573 1471 600 καὶ
1485 573 1667 609 εὐαρίθμητον
1688 571 1758 599 κατὰ
1774 572 1868 598 πᾶσαν
1884 570 1935 606 τὴν

1142 619 1314 655 οἰκουμένην,
1330 619 1373 650 ἵν’,
1390 619 1428 650 ὡς
1445 618 1562 654 ὲμαυτδν
1585 617 1678 650 πείθω,
1700 619 1717 654 ἡ
1732 618 1782 654 τῆς
1799 617 1935 653 Προνοίας

1141 664 1255 699 δύναμις
1267 663 1461 697 εὑδιάγνωστος
1476 662 1551 699 παρὰ
1564 665 1619 694 τοῖς
1634 662 1788 699 ἀνθρώποις
1802 661 1934 696 γενέσθαι

1141 710 1264 746 δύνηται,
1287 709 1334 736 δύο
1356 710 1452 744 φύσεις
1474 709 1681 741 ἐναντιωτάτας,
1703 708 1858 745 θερμότητα
1886 709 1934 735 καὶ

1141 755 1309 792 ψυχρότητα,
1327 756 1360 782 ὲκ
1377 756 1428 791 τῆς
1444 755 1530 790 αὐτῆς
1544 755 1590 782 καὶ
1606 756 1670 791 μιᾶς
1687 755 1765 791 ῥίζης
1779 755 1932 790 διηθεῖσθαι

1142 801 1316 834 θεσπίζουσα.
1349 801 1438 829 Πολλὰ
1466 802 1516 838 μὲν
1546 800 1593 829 οὖν
1617 803 1664 829 καὶ
1690 802 1865 838 ἀναρίθμητα
1892 804 1932 834 εἰς

302 849 371 876 Sunt
385 849 493 883 quidem
517 849 599 876 multa
615 857 651 876 ac
676 858 761 885 prope
781 851 1012 884 innumerabilia.
1028 859 1085 887 qua:

1140 848 1315 884 παραμυθίαν
1330 849 1377 876 καὶ
1389 848 1536 876 ἀπόλαυσιν
1550 850 1607 881 τοῖς
1623 849 1777 885 ἀνθρώποις
1793 848 1872 885 παρὰ
1882 849 1930 876 τοῦ

301 893 372 922 Deus
393 895 426 922 ad
449 894 575 922 solatium
594 899 621 922 et
641 895 850 924 oblectationem
868 897 1023 925 hominibus
1040 898 1088 925 do-

301 941 375 968 navit
392 949 399 968 :
416 941 463 968 sed
477 943 612 977 praecipue
635 943 701 970 olea!
714 943 818 971 fructus
833 951 866 971 ac
880 943 953 973 vitis.
967 943 1086 978 Quarum

299 988 360 1016 bare
376 988 409 1016 ad
431 988 537 1016 animos
550 990 713 1018 recreandos
728 994 811 1025 atque
822 990 1013 1019 exbilarandos
1031 991 1085 1019 vim

298 1032 454 1064 babet,illa
469 1041 536 1061 vero
551 1042 603 1061 non
626 1035 713 1062 solum
736 1034 770 1062 ad
790 1034 967 1070 voluptatem,
992 1043 1086 1063 verum

297 1079 381 1106 etiam
412 1079 446 1106 ad
471 1086 616 1114 corporum
643 1080 812 1108 curationem
841 1085 905 1117 apta
923 1086 974 1110 est.
1005 1082 1086 1109 Sum-

298 1131 370 1152 mam
384 1131 492 1159 quoque
514 1125 723 1153 admirationem
749 1131 870 1154 meretur
891 1127 1037 1156 continuus
1053 1135 1087 1156 ac

297 1169 425 1204 perennis
440 1170 580 1198 ﬂuminum
594 1179 702 1205 cursus,
715 1172 762 1200 diu
780 1177 919 1208 noctuque
942 1173 1086 1207 perlaben-

299 1216 384 1248 tium,
400 1221 428 1243 et
449 1222 586 1252 perpetuae
605 1223 767 1254 aeternaeque
784 1219 847 1248 vita:
868 1220 1014 1255 quamdam
1042 1228 1086 1249 re-

298 1262 443 1289 ferentium
465 1263 680 1292 similitudinem.
699 1264 870 1306 Noctis_item
893 1274 925 1294 ac
943 1266 1000 1294 diei
1019 1273 1084 1294 eon-

299 1307 375 1335 tinua
392 1307 551 1336 vicissitudo
568 1313 610 1336 est
624 1310 737 1344 perinde
757 1311 898 1339 mirabilis.

581 1355 698 1383 CAPUT
719 1355 787 1385 Vlll.

298 1399 376 1433 Quod
389 1408 448 1440 quo:
468 1401 605 1440 «ducum
613 1403 766 1440 necessaria
791 1408 863 1436 sunt,
890 1403 960 1440 Deus
982 1406 1086 1440 copiose

331 1436 479 1474 s_uppedt'lat
506 1437 659 1474 hominibus
672 1445 754 1474 {quae
778 1446 837 1466 vero
866 1439 900 1466 ad
923 1436 1086 1474 voluptatem

333 1470 448 1505 faciunt,
462 1473 565 1510 modice
576 1470 771 1506 subministrat,
782 1478 923 1510 utrumque
935 1476 969 1502 ad
984 1470 1086 1503 utilita-

332 1512 384 1531 tem
398 1512 516 1532 nosiram
527 1507 692 1541 dispensans.

330 1551 423 1586 Atque
437 1549 498 1580 haec
515 1553 607 1580 omnia
630 1553 703 1581 dicta
720 1554 776 1581 sint
795 1562 810 1582 a
827 1555 917 1588 nobis,
938 1562 967 1583 ut
981 1561 1086 1584 constet

297 1597 366 1624 nihil
377 1598 479 1632 absque
494 1598 599 1626 ratione
615 1603 642 1627 et
667 1599 845 1635 intelligentia
860 1601 962 1630 factum
983 1602 1085 1631 fuisse:

297 1643 384 1678 ipsam
409 1651 475 1671 vero
498 1644 633 1672 rationem
654 1653 685 1672 ac
705 1646 902 1680 providentiam
917 1668 925 1681 ,
947 1648 994 1676 Dei
1017 1656 1086 1683 opus

297 1697 368 1717 esse.
381 1689 432 1724 Qui
447 1690 557 1726 quidem
572 1691 630 1718 auri
648 1692 731 1723 etiam
751 1698 780 1720 et
803 1694 910 1729 argenti
927 1694 1043 1729 aerisque
1055 1703 1087 1722 ac

297 1736 462 1771 reliquorum
493 1737 664 1765 metallorum
690 1739 814 1767 diversas
841 1740 948 1775 species
984 1748 1085 1768 conve-

296 1781 383 1809 nienti
406 1783 487 1810 modo
513 1790 546 1811 ac
573 1791 699 1812 mensura
723 1786 860 1820 produxit.
884 1786 922 1814 Ea
951 1787 1083 1822 siquidem

295 1834 411 1861 quorum
426 1828 566 1863 multiplex
584 1837 616 1857 ac
631 1830 722 1858 varius
739 1839 804 1859 usus
820 1837 879 1860 erat
898 1833 1017 1868 futurus,
1036 1841 1083 1862 co-

295 1872 371 1907 piose
395 1873 561 1909 suppeditari
582 1875 666 1908 jussit
688 1884 695 1902 :
714 1883 774 1911 quae
796 1885 862 1906 vero
878 1880 912 1906 ad
926 1879 1084 1908 oblectatio-

294 1929 356 1949 nem
381 1921 512 1949 duntaxat
531 1925 558 1949 et
579 1921 669 1950 luxum
688 1923 813 1957 faciunt,
839 1925 987 1953 liberaliter
1005 1926 1085 1954 simul

294 1974 327 1994 ac
339 1967 462 2001 modice,
486 1973 513 1996 et
526 1969 614 1997 medio
625 1971 745 2005 quodam
766 1971 847 1998 modo
866 1971 937 1998 inter
949 1972 1084 2006 parcimo-

294 2013 367 2040 niam
379 2018 406 2041 et
419 2014 556 2048 profusam
571 2015 754 2050 largitionem.
767 2016 834 2043 Nam
853 2017 876 2044 si
886 2025 979 2044 carum
992 2025 1083 2045 rerum

293 2067 354 2094 qua:
365 2060 399 2088 ad
412 2065 538 2088 ornatum
551 2060 630 2088 facta:
652 2067 725 2094 sunt,
738 2062 832 2090 eadem
856 2063 933 2098 copia
954 2071 1083 2092 conoessa

293 2104 411 2139 fuisset,
431 2106 576 2134 metallarii
597 2115 654 2142 prie
672 2107 755 2135 nimia
774 2109 933 2143 cupiditate,
952 2108 1035 2145 576
1050 2117 1082 2137 ea

293 2152 403 2186 quldem
418 2160 478 2187 quae
490 2153 523 2179 ad
540 2153 751 2188 agriculturam,
776 2159 806 2181 et
828 2155 863 2182 ad
888 2156 1029 2182 domorum
1049 2162 1082 2183 ac

1137 893 1293 930 Κρείττονος
1306 894 1465 931 δεδώρηται,
1481 894 1629 931 ἐξαιρέτως
1649 895 1670 921 δ’
1683 895 1697 920 ό
1716 895 1822 931 καρπὸς
1836 894 1929 927 ὲλαίας

1139 949 1170 968 τε
1192 942 1239 969 καὶ
1259 941 1397 977 ἀμπέλου”
1415 942 1446 968 τὸ
1470 943 1518 977 μὲν
1538 941 1615 978 [γὰρ]
1639 942 1815 978 ἀνακτήσεως
1839 943 1929 979 ψυχῆς

1139 986 1187 1013 καὶ
1214 987 1389 1023 φαιδρότητος
1417 988 1526 1024 ἐπέχειν
1551 987 1629 1023 λόγον
1652 988 1723 1023 (ὅὸν
1738 988 1769 1015 τὸ
1791 989 1815 1015 δ’
1835 989 1930 1025 ἓτερον

1140 1031 1208 1068 πρὸς
1222 1034 1255 1068 τῇ
1270 1032 1428 1066 ἀπολαύσει,
1445 1035 1491 1061 καὶ
1500 1034 1632 1070 θεραπείᾳ
1645 1034 1700 1061 τῶν
1716 1034 1851 1070 σωμάτων
1862 1044 1929 1062 κατ-

1139 1078 1261 1114 άλληλον.
1287 1079 1385 1115 Θαῦμα
1414 1080 1437 1106 δ’
1464 1079 1592 1113 ἐξαίσιον,
1614 1081 1662 1108 καὶ
1680 1082 1697 1117 ἡ
1715 1081 1858 1116 ἐνδελεχὴς
1882 1082 1929 1108 καὶ

1139 1125 1307 1158 ἀδιάλειπτος
1318 1126 1447 1162 ποταμῶν
1453 1127 1533 1162 φορὰ,
1543 1127 1649 1163 νύκτωρ
1657 1136 1687 1153 τε
1699 1127 1746 1155 καὶ
1756 1127 1926 1163 μεθημέραν,

1140 1171 1274 1207 σύμϐολον
1290 1172 1403 1199 ἀεννάου
1420 1173 1467 1199 καὶ
1486 1167 1658 1201 ἀδιαλείπτου
1680 1173 1752 1209 βίου·
1771 1174 1929 1210 ῐσοδυναμεζ

1138 1217 1166 1243 δὲ
1181 1217 1228 1244 καὶ
1244 1218 1388 1254 νυκτερινὴ
1403 1218 1522 1255 διαδοχή.

1401 1356 1599 1384 ΚΕΦΑΛΑῙΟΝ
1620 1357 1661 1385 Η⁷.

1141 1403 1203 1430 Ὅτι
1224 1402 1260 1430 τὰ
1273 1403 1331 1437 μὲν
1345 1403 1482 1438 χρειώδη,
1498 1404 1634 1438 ἀφθόνως
1653 1403 1716 1436 τοῖς
1729 1403 1896 1438 ἀνθρώποις
1909 1404 1925 1430 ὀ

1174 1439 1247 1472 Θεὸς
1270 1438 1403 1473 χορηγεῖ·
1423 1440 1460 1465 τὰ
1482 1438 1516 1464 δὲ
1548 1439 1622 1473 πρὸς
1654 1439 1771 1473 τέρψιν.
1787 1439 1923 1474 μετρίως,

1173 1474 1387 1508 συμφερόντως
1408 1473 1556 1508 ἑκατέρω·
1569 1474 1704 1509 χορηγῶν
1719 1474 1778 1509 τὴν
1789 1473 1924 1501 ἀπόλαυ-

1173 1515 1235 1536 σιν.

1173 1553 1265 1580 Πάντα
1285 1553 1314 1580 δὲ
1330 1553 1406 1581 ταῦθ’
1421 1555 1487 1590 ἡμῖν
1502 1554 1621 1590 εἰρήσθω
1642 1553 1711 1590 προς
1728 1553 1860 1580 πίπτωσιν
1878 1552 1924 1580 τοῦ

1138 1599 1220 1634 μηδὲν
1242 1599 1346 1634 ἀλόγως
1364 1599 1425 1636 μηδ’
1438 1601 1559 1636 ἀνοήτως
1580 1599 1715 1634 γενέσθαι,
1736 1600 1782 1626 τὸν
1797 1600 1825 1626 δὲ
1848 1599 1924 1633 λόγον

1136 1646 1183 1672 καὶ
1193 1645 1243 1682 τὴν
1256 1646 1383 1682 πρόνοιαν
1397 1644 1466 1673 εἶναι
1480 1646 1526 1673 τοῦ
1540 1645 1607 1672 Θεοῦ
1621 1645 1686 1682 (34)·
1702 1646 1733 1678 ὃς
1747 1646 1794 1673 καὶ
1811 1646 1860 1681 τὴν
1873 1646 1924 1672 τῶν

1137 1690 1284 1726 μετάλλων,
1293 1690 1394 1727 χρυσοῦ
1402 1700 1432 1718 τε
1438 1692 1484 1718 καὶ
1494 1691 1625 1727 ἀργύρου,
1634 1691 1681 1718 καὶ
1692 1691 1802 1727 χαλκοῦ,
1816 1691 1923 1718 καὶτῶν

1136 1735 1288 1763 ὑπολοίπων
1298 1737 1378 1770 φύσιν
1388 1737 1546 1772 ὲταμιεύετο
1555 1736 1646 1773 μέτρῳ
1658 1737 1697 1772 τῷ
1705 1738 1882 1773 προσήκοντι,
1892 1737 1923 1763 τὰ

1137 1781 1186 1817 μὲν
1199 1778 1236 1808 ὧν
1248 1783 1264 1817 ἡ
1280 1782 1360 1817 χρεία
1370 1782 1453 1818 πολλή
1463 1790 1493 1808 τε
1505 1782 1551 1810 καὶ
1563 1782 1720 1818 παντοδαπὴ
1733 1782 1850 1818 ἤμελλεν
1864 1784 1922 1810 ἐτε-

1135 1827 1207 1860 σθαι,
1219 1827 1341 1862 ἀφθόνως
1353 1827 1484 1860 κελεύσας
1496 1828 1680 1864 χορηγεῖσθαι,
1693 1829 1727 1855 τὰ
1742 1829 1770 1855 δὲ
1783 1829 1854 1865 πρὸς
1867 1829 1923 1865 τέρ-

1133 1874 1180 1909 ψιν
1193 1874 1294 1910 κόσμου
1309 1875 1356 1901 καὶ
1368 1874 1496 1910 ἀφθονίαν
1511 1875 1566 1909 (55)
1583 1875 1676 1911 μόνην,
1687 1875 1883 1911 μεγαλοψύχως
1893 1885 1920 1903 τε

1134 1920 1181 1947 καὶ
1193 1920 1391 1956 πεφεισμένως,
1407 1920 1508 1956 μεταξὺ
1521 1920 1662 1955 φειδωλίας
1676 1930 1705 1948 τε
1720 1920 1766 1948 καὶ
1779 1922 1919 1958 εύδωρίας.

1133 1968 1166 1994 Et
1181 1967 1236 2003 γὰρ
1257 1968 1305 1994 καὶ
1324 1967 1378 1994 τῶν
1396 1967 1464 2003 πρὸς
1487 1967 1588 2003 κόσμον
1608 1968 1800 2003 πεποιημένων
1821 1968 1838 2003 ἡ
1853 1967 1919 2001 αὑτὴ

1133 2012 1248 2047 ἀφθονία
1263 2014 1452 2049 συνεχωρεῖτο,
1466 2012 1509 2039 διὰ
1529 2013 1684 2045 πλεονεξίαν
1700 2013 1726 2040 οἱ
1743 2013 1919 2048 μεταλλεύον-

1132 2067 1187 2091 τες,
1200 2058 1245 2086 τοῦ
1262 2059 1310 2094 μὲν
1324 2059 1473 2095 εὐχρήστου
1487 2058 1555 2095 πρὸς
1571 2059 1717 2095 γεωργίαν,
1733 2060 1876 2096 οἰκοδομήν
1890 2068 1918 2086 τε

1133 2105 1179 2131 καὶ
1192 2104 1262 2131 ναῶν
1284 2104 1472 2140 παρασκευὴν,
1489 2102 1544 2131 οἷον
1559 2105 1668 2140 σιδήρου
1685 2105 1733 2131 καὶ
1748 2104 1858 2140 χαλκοῦ,
1869 2113 1917 2131 κα-

1131 2150 1362 2186 ταφρονήσαντες,
1389 2150 1441 2185 τῆς
1465 2150 1663 2187 συναθροίσεως
1686 2150 1776 2177 αὐτῶν
1800 2151 1919 2186 κατημέ-

292 2197 402 2225 navium
416 2200 648 2228 constructionem
666 2201 742 2228 utilia
758 2205 841 2234 sunt,
855 2208 892 2228 aes
907 2201 1033 2228 videlicet
1047 2209 1079 2228 ac

1138 2200 1203 2228 low,
1217 2197 1264 2223 καὶ
1281 2196 1336 2222 τῶν
1357 2196 1424 2232 πρὸς
1434 2197 1540 2232 τρυφήν
1551 2205 1581 2223 τε
1594 2197 1641 2223 καὶ
1652 2196 1788 2232 ἄχρηστον
1804 2196 1916 2223 πλούτου

293 2243 559 2279 ferrum,congerere
593 2245 705 2280 insuper
720 2245 854 2273 baberent
868 2254 875 2272 :
890 2253 920 2273 ea
937 2253 1001 2273 vero
1022 2253 1082 2280 quae

293 2289 327 2317 ad
351 2289 462 2317 delicias
486 2294 515 2317 et
534 2290 643 2318 inanem
672 2299 704 2318 ac
733 2290 896 2326 superﬂuum
925 2291 1080 2318 divitiarum

293 2335 388 2363 luxum
407 2335 555 2370 pertinent,
573 2337 647 2364 omni
672 2337 764 2364 studio
786 2341 1022 2364 consectarentur.
1042 2338 1082 2365 Ac

292 2387 435 2417 propterea
461 2382 488 2410 in
511 2383 569 2409 auri
587 2383 747 2418 argentique
763 2382 880 2410 metallis
897 2383 1081 2416 inveniendis,

292 2428 372 2463 longe
385 2428 445 2463 plus
458 2427 625 2456 dillicultatis
648 2436 682 2456 ac
696 2428 798 2456 laboris
811 2435 872 2456 esse
892 2429 979 2461 aiunt,
997 2435 1079 2463 quam

328 2519 384 2554 (33)
401 2519 479 2555 Vulg.
499 2520 533 2547 τὸ
553 2520 612 2555 μὲν
627 2519 829 2554 ἀνακτήσεως.
846 2540 853 2547 .
870 2539 878 2546 .
893 2519 1014 2555 ἐπέχειν
1026 2519 1077 2547 λό-

291 2563 356 2590 γον.
382 2555 436 2582 Viri
466 2557 536 2583 docti
559 2558 629 2583 hunc
648 2556 737 2582 locum
757 2556 793 2582 ita
816 2556 1011 2587 emendarunt,
1040 2555 1077 2581 Τὸ

293 2589 343 2625 μὲν
369 2589 423 2626 γὰρ
439 2591 614 2626 ἀνακτήσεως
632 2591 721 2626 ψυχῆς
744 2591 791 2617 καὶ
814 2591 990 2626 φαιδρότητος
1014 2590 1078 2616 ἐπέ-

291 2633 348 2660 χειν
366 2625 462 2661 λόγον.
487 2625 584 2653 Verum
607 2625 822 2660 cum'particula
839 2626 893 2661 γάρ
912 2625 962 2653 nec
979 2627 1005 2652 in
1028 2633 1077 2652 co-

291 2661 351 2696 nice
365 2660 459 2696 Regio,
487 2669 536 2688 nec
551 2662 577 2689 iu
593 2662 710 2689 editione
726 2660 856 2695 Stephani
882 2663 1000 2695 legatur,
1020 2668 1078 2696 ma-

291 2695 337 2722 lim
366 2695 455 2732 legi-re
482 2697 590 2732 ἐπέχον,
612 2697 682 2730 quod
700 2697 851 2732 sequentia
875 2696 954 2732 plane
970 2695 1076 2732 conﬁr-

292 2735 376 2774 ruant.
403 2730 626 2774 Sequitnrweni’tn
649 2731 680 2772 το
697 2731 719 2758 δ’
744 2731 838 2774 ἓτερον
859 2731 927 2766 πρὸς
949 2731 993 2774 τῇκ
1009 2730 1076 2774 ἀπο-

291 2764 384 2804 λαύσει
417 2758 463 2794 κοίι
492 2758 624 2804 θεραπείᾳ
646 2766 701 2793 τῶν
727 2758 861 2804 σιομᾶτων
882 2758 1074 2804 ἶκατάλληλον.

290 2800 374 2828 Codd.
396 2800 581 2841 Iatiieir_Fnk.,
599 2800 668 2841 ξεν.
691 2810 723 2841 ac
736 2800 853 2829 Turnebi
865 2801 946 2841 plane
973 2802 1075 2841 co_n_iir-

292 2841 346 2862 mat
361 2834 578 2866 emendationem
599 2837 670 2865 illam
687 2837 828 2865 doctorum
846 2834 976 2864 virorum.
1002 2834 1075 2863 ldem

1132 2242 1289 2278 περιουσίαν
1307 2241 1494 2276 προενοοῦντο,
1524 2241 1569 2268 Διὸ
1588 2241 1777 2277 χαλεπώτερον
1800 2241 1849 2277 τὴν
1873 2242 1917 2268 τοῦ

1132 2287 1232 2324 χρυσοῦ
1245 2295 1274 2313 τε
1290 2287 1338 2313 καὶ
1349 2286 1469 2322 ἀργύρου
1487 2286 1605 2321 εὕρεσιν,
1623 2287 1670 2314 καὶ
1687 2286 1809 2322 μείζονος
1831 2287 1918 2322 καμά-

1132 2342 1179 2361 του
1192 2334 1245 2361 τῶν
1258 2333 1344 2361 ἄλλων
1359 2333 1487 2360 ἁπάντων
1502 2333 1641 2370 μετάλλων
1656 2335 1738 2368 φασὶν
1750 2331 1830 2366 εἶναι,
1846 2334 1918 2365 ὅπως

1131 2381 1170 2417 τῷ
1187 2381 1294 2417 σφοδρῷ
1309 2382 1358 2417 τῆς
1380 2380 1527 2417 ἐπιθυμίας
1542 2381 1572 2407 τὺ
1594 2381 1641 2407 τοῦ
1659 2381 1782 2416 καμάτου
1806 2381 1917 2417 σφοδρὸν

1132 2427 1336 2463 ἀντιτάσσηται.
1355 2428 1429 2454 Πόσα
1444 2427 1467 2454 δ’
1480 2426 1547 2454 ἀλλα
1557 2426 1607 2462 τῆς
1622 2425 1697 2458 θείας
1711 2426 1843 2462 Προνοίας
1852 2426 1917 2462 ἔργα

1130 2520 1213 2548 codex
1226 2519 1294 2547 Fuit.
1308 2523 1369 2554 post
1381 2526 1476 2547 vocem
1490 2517 1638 2545 ἀπολαύσει
1653 2517 1709 2545 duo
1725 2522 1826 2552 puncta
1843 2521 1917 2545 notat

1130 2560 1214 2584 recte.

1166 2590 1222 2627 (54)
1237 2590 1316 2625 Vulg.
1336 2589 1550 2627 thrjtpdtmar
1562 2587 1637 2627 εἶναι
1647 2588 1730 2627 ῥεόν.
1740 2587 1873 2627 lu_Mor:ei
1884 2587 1914 2614 li-

1131 2623 1180 2653 bro
1192 2623 1351 2653 emendi—itur
1365 2623 1412 2652 τοῦ
1421 2623 1499 2656 Θεοῦ,
1516 2629 1545 2651 ut
1568 2624 1632 2658 legit
1644 2623 1912 2658 Cbristophorsonus.

1131 2661 1166 2688 Et
1177 2661 1218 2689 sic
1232 2661 1333 2688 diserte
1347 2661 1477 2688 scribitur
1494 2661 1519 2686 in
1541 2660 1634 2686 codice
1650 2658 1716 2685 Fuk.

1167 2696 1223 2731 (55)
1252 2696 1330 2730 Πρὸς
1350 2695 1459 2731 τέρψιν
1475 2695 1591 2730 κόσμου
1604 2693 1653 2731 καὶ
1675 2694 1836 2731 ἀφθονίαν.
1852 2693 1915 2731 Cor-

1129 2729 1269 2766 rupta'est
1296 2739 1347 2758 vox
1364 2730 1504 2766 ἀφθονίαν,
1518 2729 1672 2766 cnjns_loco
1696 2729 1789 2755 malim
1816 2729 1914 2766 substi-

1128 2764 1205 2794 tuere
1220 2766 1349 2799 ἀσωτίαν,
1367 2764 1395 2794 id
1421 2771 1462 2794 est
1477 2767 1580 2794 luxum.
1599 2764 1711 2799 Vulgata
1733 2770 1823 2792 tamen
1836 2764 1915 2792 lectio

1128 2802 1194 2830 ferri
1211 2807 1313 2838 potest.
