2001 3168
165 150 233 177 res:
551 130 783 174 COﬁSTANTlNl
801 143 933 172 omne

995 149 999 167 ν
1017 143 1228 172 SANCTORUM
1246 143 1394 172 C(ETUM.
1715 143 1785 172 1258

162 204 262 232 κακίαν
272 203 530 239 άποστραφήσεται;
550 200 715 232 ’Δκολούθως
727 200 756 226 δὲ
768 199 872 231 τούτοις
886 199 952 235 ἐπή-

1004 199 1095 234 digna,
1115 207 1175 234 quae
1186 200 1257 227 idem
1272 205 1363 235 postea
1375 201 1471 229 docet:
1494 208 1540 229 eos
1556 201 1602 236 qui
1618 204 1693 228 recte
1709 202 1787 229 vire-

162 257 253 284 νεγκε,
267 248 316 280 τὰς
330 248 384 275 τῶν
401 246 527 282 πονηρῶν
542 246 641 281 ψυχὰς,
664 244 822 280 Ἀχέροντός
845 252 877 271 τε
901 244 948 271 καὶ

1000 246 1067 277 rint,
1084 245 1111 272 id
1125 249 1167 272 est
1180 246 1284 273 animos
1295 246 1428 274 bonorum
1442 254 1475 274 ac
1486 251 1643 275 sanctorum
1654 246 1785 280 virorum.

163 294 408 331 Πυριφλεγέθοντος
427 292 553 328 ῥεύματι,
573 291 709 326 ναυαγίων
719 290 819 326 τρόπον
832 290 887 326 (46)
902 299 948 325 φε-

1002 291 1082 318 simul
1093 295 1178 325 atque
1193 299 1226 318 ex
1243 299 1355 326 corpore
1379 292 1572 326 discesserint,
1589 293 1616 320 in
1637 293 1785 328 pulcher-ri.

164 340 279 378 ρομένας
292 338 453 366 πλανᾶσθαι.

1003 337 1054 364 mis
1069 337 1132 364 ωιΙί
1147 337 1304 370 regionibus
1320 339 1486 366 consecrari.
1513 338 1578 372 Quae
1602 339 1711 374 quidem
1734 347 1785 366 non

163 387 250 416 solum
278 385 457 413 admiratione
485 384 577 420 digna,
605 384 652 411 sed
680 383 763 411 etiam
790 383 866 411 utilia
889 388 951 411 sunt
983 384 1118 418 inprimis.
1153 385 1219 418 Quis
1237 385 1309 412 enim
1327 385 1384 420 ejus
1412 387 1582 414 sermonibus
1601 387 1681 414 ﬁdem
1708 387 1788 415 adhi-

163 434 230 462 bens
250 437 278 460 et
301 432 454 467 huiusmodi
475 431 633 459 felicitatem
659 435 834 466 exspectans,
860 432 943 459 vitam
971 439 1024 458 non
1051 433 1155 467 optime
1189 434 1328 467 instituat,
1349 438 1375 461 et
1397 433 1529 467 justitiam
1551 435 1660 468 quidem
1674 443 1707 462 ac
1720 439 1789 462 tern-

163 479 314 516 perantiam
343 486 397 506 non
428 482 622 511 consectetur,
652 477 857 511 improbitatem
877 485 942 505 vero
964 479 1126 506 aversetur?
1153 479 1356 513 Consequenter
1380 479 1461 506 etiam
1487 480 1530 506 his
1560 481 1709 514 subiunxit.
1735 481 1789 508 im~

164 528 312 563 proborum
339 526 479 554 hominum
514 526 619 554 animus
656 525 820 553 Acherontis
844 532 876 553 ac
900 524 1147 561 Pyriphlegetontis
1175 525 1300 554 [luctibus
1333 527 1469 561 iactatos,
1498 527 1571 554 velut
1595 528 1686 556 fracta:
1712 530 1787 557 naris

163 572 294 607 reliquias
304 573 355 599 hac
367 577 393 599 et
411 572 474 599 illac
493 571 570 599 ferri.

426 629 630 656 ΚΕΦΔΛΑῙΟΝ
649 629 677 656 I'.

1309 626 1422 654 CAPUT
1443 626 1475 653 Χ.

162 675 233 709 Περὶ
248 674 307 701 τῶν
326 674 369 708 μὴ
394 675 491 708 μόνον
514 673 550 701 τὰ
558 673 696 709 Γραφικὰ
717 673 772 709 (4⁵1)
802 673 945 708 δόγματα,

1001 673 1040 701 De
1069 674 1101 700 iis
1120 674 1164 708 qui
1186 681 1237 700 non
1260 674 1344 700 solum
1359 682 1442 700 sacra:
1467 673 1621 708 Scriptum,
1642 675 1687 700 sed
1709 676 1787 702 etiam

197 710 277 737 ἀλλὰ
291 709 392 736 καὶτὰ
407 709 560 744 φιλόσοφιι
580 709 795 741 διαπτυόντων,
814 709 862 735 καί
874 709 946 744 περὶ

1037 709 1252 743 philosophorum
1271 710 1397 741 dogmata
1417 714 1558 741 respuunt,
1577 714 1601 735 et
1619 711 1687 744 quod
1709 711 1746 736 vel
1760 712 1787 737 in

196 744 251 772 τοῦ
272 744 337 771 δεῖν
353 744 372 778 ἢ
393 743 491 771 πάντα
510 744 663 771 πιστεύειν
678 744 740 777 τοῖς
763 743 908 778 ποιηταῖς,
927 744 945 778 ἢ

1038 744 1156 770 omnibus
1168 744 1233 777 ﬁdes
1251 745 1333 777 poetis
1353 744 1504 770 adhibenda
1527 751 1577 775 est,
1595 745 1633 771 uel
1655 745 1682 772 in
1703 746 1786 773 nullo.

197 779 296 806 πάντα
307 779 454 807 ἀπιστεῖν.

197 825 259 851 Eiet
279 824 371 859 μέντοι
395 823 427 858 γέ
449 832 520 856 τινες
545 824 591 850 ἐπὶ
611 823 736 851 τοσοῦτον
758 824 807 859 τὴν
828 823 947 850 διάνοιαν

1037 823 1105 850 Sunt
1135 826 1223 849 tamen
1253 822 1374 849 nonnulli
1396 823 1462 850 adeo
1488 829 1579 851 mente
1607 825 1679 860 capti
1707 830 1788 861 atque

163 869 356 906 βεϐλαμμένοι,
373 869 437 897 ὥσθ’
450 871 512 897 ὅταν
528 869 632 902 τούτοις
643 870 733 901 αὐτοῖς
751 871 945 905 ἐντυγχάνωσι,

1000 868 1133 902 corrupti,
1159 873 1187 894 ut
1206 875 1269 895 cum
1296 868 1354 895 hinc
1379 868 1504 903 legerint,
1529 877 1578 897 nec
1604 875 1709 903 curent,
1739 879 1788 898 nec

164 917 228 953 μήτ’
257 916 468 952 ἐπιστρέφεσθαι
497 917 564 952 μήτε
587 916 746 949 δεδοικέναι,
768 917 948 952 καταφρονεῖν

1002 913 1099 941 timore
1116 913 1170 941 ullo
1184 914 1370 947 percellanlur
1386 915 1452 942 :sed
1469 916 1581 949 perinde
1603 924 1636 944 ac
1649 917 1673 944 si
1686 917 1789 945 fabulas

162 964 191 990 δὲ
220 964 267 990 καὶ
296 963 421 998 ὲγγελᾷν,
453 963 491 994 ὼς
522 963 718 998 πεπλασμένων
748 963 828 989 τινῶν
858 962 949 998 μύθων

1000 960 1129 994 quasdam
1146 960 1286 992 audirent,
1304 965 1477 994 spcrnantac
1488 961 1639 990 derideant.
1666 963 1706 991 Ac
1732 972 1789 991 ser-

163 1009 316 1041 ἁκούοντες·
331 1010 416 1036 καὶτὸ
428 1009 477 1044 μὲν
493 1009 613 1035 ποικίλον
625 1009 674 1045 τῆς
685 1009 849 1043 εὐγλωττίας
863 1010 950 1043 ἐγκω-

1001 1005 1091 1032 monis
1108 1006 1217 1040 quidem
1235 1011 1360 1033 ornatum
1378 1012 1405 1034 et
1423 1007 1574 1035 ubertatem
1589 1008 1714 1036 laudibus
1727 1018 1789 1044 pro-

165 1056 302 1091 μιὰζουσι,
319 1055 348 1082 τὸ
369 1055 398 1081 δὲ
422 1055 534 1091 στεῤῥὺν
551 1055 597 1081 τοῦ
613 1055 746 1090 δόγματος
763 1055 948 1090 ἀποστρέφον-

1000 1056 1149 1086 se‘qunnlur
1161 1060 1168 1079 :
1179 1052 1333 1087 dogmatum
1349 1061 1413 1080 vero
1426 1059 1587 1081 aversantur
1602 1056 1786 1083 severitatem.

164 1110 225 1129 ται·
249 1101 386 1137 μύθοιςδὲ
406 1100 561 1127 πιστεύουσι
575 1101 630 1136 (48)
651 1102 809 1136 ποιητικοῖς,
831 1102 877 1128 καὶ
898 1102 950 1127 πᾶ-

1001 1098 1083 1125 lidem
1104 1102 1193 1125 tamen
1226 1104 1365 1134 poetarum
1393 1099 1494 1127 fabulis
1517 1100 1597 1127 ﬁdem
1622 1101 1734 1134 habent,
1762 1108 1789 1130 ct

165 1156 214 1174 σαν
230 1147 279 1182 μὲν
302 1146 424 1179 Ἐλλάδα,
438 1148 527 1173 πᾶσαν
541 1147 568 1173 δὲ
586 1147 737 1183 Βάρϐαρον,
750 1146 844 1179 ἑώλοις
857 1156 886 1173 τε
902 1147 949 1174 καὶ

1001 1150 1108 1170 omnem
1128 1143 1263 1170 Graeciam
1288 1149 1373 1178 atque
1398 1145 1552 1172 barbariam
1571 1146 1649 1173 vanis
1665 1146 1789 1182 ﬁctisque

163 1195 272 1230 ψευδέσι
288 1195 392 1230 φήμαις
407 1194 461 1230 (49)
482 1194 635 1221 διαϐοῶσιν.
651 1196 682 1220 Οἱ
707 1193 761 1230 γάρ
779 1202 819 1220 τοι
839 1193 949 1229 ποιηταὶ

1001 1189 1174 1216 sermonibus
1189 1189 1302 1222 replent.
1318 1189 1386 1217 Nam
1404 1196 1490 1225 poetae
1507 1191 1614 1225 quidem
1633 1193 1719 1226 aiunt,
1738 1194 1788 1221 ho-

164 1240 263 1272 παῖδας
286 1240 353 1266 θεῶν
380 1240 538 1275 ἀνθρώπους
564 1239 633 1275 μετὰ
652 1238 702 1274 τὴν
726 1237 853 1274 τελευτὴν
874 1240 948 1272 φασὶ

1000 1233 1088 1262 mines
1099 1235 1231 1269 quosdam
1255 1236 1368 1263 deorum
1383 1236 1463 1269 ﬁlios,
1479 1241 1540 1271 post
1551 1242 1666 1266 mortem
1684 1239 1788 1266 animas

164 1287 268 1322 κρίνειν
275 1285 324 1317 τὰς
334 1285 432 1321 ψυχὰς,
442 1284 546 1321 κρίσεις
554 1293 583 1311 τε
593 1284 640 1311 καὶ
649 1284 826 1319 δικαιωτήρια
837 1283 851 1309 ὑ
856 1282 950 1319 μνοῦν-

999 1278 1137 1313 judicare,
1169 1288 1270 1315 eosque
1303 1282 1383 1316 quasi
1412 1283 1581 1317 inspectores
1601 1292 1633 1312 ac
1661 1293 1789 1314 censores

163 1339 220 1363 τες,
237 1331 284 1358 καὶ
300 1330 353 1357 τῶν
373 1329 571 1366 κατοιχομένων
590 1329 710 1360 ἐπόπτας
730 1327 886 1363 ἐφιστάντες
898 1335 904 1342 ·
923 1327 948 1353 ol

1000 1325 1070 1361 apud
1080 1326 1182 1354 inferos
1198 1328 1378 1360 constituunt,
1388 1328 1489 1362 judicia
1504 1337 1598 1357 eorum
1611 1338 1643 1358 ac
1657 1332 1789 1359 severita—

164 1376 187 1404 δ’
205 1377 282 1404 αὐτοὶ
303 1377 412 1411 ποιηταὶ
436 1376 526 1411 μάχας
546 1375 691 1411 δαιμόνων,
714 1374 762 1401 καὶ
786 1372 949 1409 πολεμικούς

1002 1377 1054 1399 tem
1064 1372 1245 1400 celebrantes.
1259 1374 1343 1401 Iidem
1357 1382 1422 1402 vero
1435 1380 1533 1410 poetae,
1550 1376 1662 1404 deorum
1673 1385 1787 1413 pugnas,

164 1431 240 1454 τινας
250 1421 554 1457 ὲξαγγέλλουσινόμους,
569 1421 737 1457 εἰμαρμένας
751 1429 782 1447 τε
795 1420 883 1446 αὐτῶν
896 1419 949 1446 δια-

1000 1424 1028 1446 et
1058 1419 1182 1454 quaedam
1212 1419 1284 1447 inter
1313 1427 1361 1447 eos
1383 1421 1446 1448 belli
1471 1421 1534 1456 jura
1560 1430 1787 1454 commemorant.

165 1468 330 1504 φημίζουσι·
348 1468 395 1494 καὶ
414 1468 477 1499 τοὺς
490 1467 539 1502 μέν
558 1475 634 1497 τινας
651 1465 729 1501 φύσει
746 1464 871 1501 πικροὺς,
885 1465 949 1496 τοὺς

1000 1463 1066 1490 Fata
1087 1471 1196 1499 quoque
1219 1465 1376 1492 eorumdem
1394 1472 1506 1493 canunt.
1524 1467 1558 1494 Et
1583 1468 1651 1495 alios
1679 1470 1786 1504 quidem

163 1514 193 1541 δὲ
208 1515 258 1550 τῆς
279 1515 333 1541 τῶν
349 1512 499 1550 ἀνθρώπων
518 1512 675 1547 ἐπιμελείας
697 1511 863 1547 ἀλλοτρίους,
886 1510 949 1542 τοὺς

1002 1513 1098 1535 natura
1111 1509 1236 1541 acerbos,
1255 1507 1401 1537 alios'vero
1413 1510 1447 1537 ab
1463 1512 1536 1538 omni
1549 1519 1639 1540 rerum
1656 1515 1788 1542 humana-

163 1560 194 1588 δέ
208 1569 282 1593 τινας
304 1561 444 1596 δυσχερεῖς
465 1559 669 1593 ἀποφαίνονται.
687 1558 832 1592 Εἱσάγουσι
855 1557 884 1583 δὲ
900 1557 948 1583 καὶ

1002 1562 1060 1581 rum
1075 1562 1139 1582 cura
1155 1555 1258 1582 alienos
1275 1563 1334 1582 esse
1353 1564 1359 1582 :
1377 1556 1509 1590 quosdam
1520 1557 1603 1585 etiam
1618 1567 1651 1586 ex
1665 1560 1719 1587 illis
1730 1568 1790 1588 mo-

163 1607 341 1643 ὗδυρομένους
354 1606 403 1638 τὰς
416 1605 469 1632 τῶν
484 1605 591 1631 οἰκείων
607 1604 709 1630 παίδων
725 1603 842 1638 σφαγὰς.
859 1603 895 1634 ὡς
910 1603 947 1638 μὴ

1002 1609 1078 1628 rosos
1097 1601 1241 1629 aﬂirmant.
1258 1601 1329 1635 Quin
1343 1602 1425 1629 etiam
1439 1603 1504 1631 deos
1521 1603 1652 1632 inducunt
1673 1605 1787 1633 ﬁliorum

163 1652 275 1679 δυνατὸν
292 1652 382 1683 αὐτοῖς
402 1652 438 1687 μὴ
455 1652 498 1678 ὃτι
512 1651 537 1685 γ’
553 1650 711 1685 ἀλλοτρίοις,
729 1649 796 1676 ἀλλὰ
811 1649 877 1684 μηδὲ
892 1650 948 1680 τοῖς

1001 1653 1112 1673 auorum
1132 1647 1232 1674 caedem
1250 1647 1430 1674 lamentantes
1441 1669 1448 1679 ,
1463 1649 1561 1683 quippe
1574 1650 1620 1684 qui
1633 1657 1685 1677 non
1701 1651 1786 1678 solum

164 1698 302 1732 ’ριλτάτοις
322 1699 451 1734 ἐπαρκεῖν
461 1705 467 1712 ·
483 1695 708 1732 ἀνθρωποπαθεῖς
724 1696 747 1720 τ’
763 1695 862 1726 αὐτοὺς
874 1694 948 1721 εἰσά-

1004 1691 1155 1723 extraneis,
1175 1693 1223 1718 sed
1237 1699 1270 1718 ne
1287 1692 1345 1718 suis
1360 1692 1469 1726 quidem
1484 1694 1621 1727 suppetias
1641 1693 1713 1721 ferre
1725 1702 1788 1729 pos-

161 1752 251 1781 γουσι,
268 1744 400 1779 πολέμους
412 1743 459 1770 καὶ
472 1741 595 1778 τρώσεις,
610 1741 697 1776 χαράς
712 1749 742 1766 τε
756 1740 802 1766 καὶ
814 1739 948 1775 ὀδυρμοὺς

1001 1737 1067 1764 sint.
1099 1737 1151 1764 Sed
1181 1743 1209 1765 et
1230 1737 1355 1764 humanis
1378 1738 1632 1772 perturbationibus
1657 1740 1789 1768 obnoxios

162 1787 281 1823 ᾄδοντες·
300 1791 347 1817 καὶ
361 1789 432 1815 εἰσὶν
444 1788 605 1821 ἀξιόπιστοι,
619 1786 754 1820 λέγοντες.
771 1785 803 1811 Et
819 1784 874 1819 γὰρ
886 1785 947 1810 ἐπι-

1000 1783 1109 1810 eosdem
1130 1783 1251 1818 lingunt,
1273 1783 1336 1810 dum
1362 1783 1459 1818 praelia
1486 1791 1579 1810 eorum
1605 1789 1632 1811 et
1656 1786 1786 1820 vulnera,

164 1835 244 1869 πνοίᾳ
266 1834 326 1868 Θείᾳ
355 1834 530 1870 μετέρχονται
552 1833 601 1869 τὴν
630 1831 782 1868 ποιητικὴν,
810 1830 947 1857 πιστεύειν

1001 1829 1098 1862 gaudia
1114 1829 1177 1855 item
1191 1836 1222 1855 ac
1237 1829 1354 1864 gemitus
1368 1833 1489 1855 narrant.
1505 1828 1586 1864 579
1600 1830 1662 1858 Haec
1678 1831 1714 1858 illi
1726 1839 1787 1859 cum

163 1881 254 1912 αὐτοῖς
271 1879 318 1906 κσὶ
339 1879 480 1906 πείθεσθαι
505 1879 650 1915 προσήκει.
677 1878 741 1913 περὶ
764 1874 801 1904 ὧν
823 1877 947 1910 λέγουσιν

1001 1875 1104 1906 dicunt,
1123 1876 1249 1901 videntur
1263 1875 1315 1902 ﬁde
1330 1875 1413 1909 digni.
1431 1875 1503 1901 .Cum
1522 1876 1594 1902 enim
1613 1877 1705 1904 divino
1720 1886 1787 1912 quo-

163 1923 399 1957 ἐνθουσιάζοντες·
415 1924 525 1958 λέγουσι
548 1924 576 1950 δὲ
596 1923 745 1958 παθήματα
769 1921 838 1948 θεῶν
857 1930 887 1948 τε
901 1922 947 1947 καὶΙ

1001 1921 1063 1948 dam
1078 1924 1152 1947 motu
1163 1920 1284 1954 impulsi,
1298 1928 1394 1947 versus
1410 1921 1500 1948 facere
1515 1922 1718 1956 aggrediantur,
1742 1932 1790 1958 par

162 1970 294 2006 δαιμόνων
304 1978 310 1984 ”
324 1969 357 1995 τὰ
374 1968 428 2005 ἄρα
448 1969 596 2004 παθήματα
610 1966 723 1998 τούτων,
742 1966 870 1997 παντοίας
882 1965 948 2001 ἀλη-

1001 1971 1085 1994 estut
1099 1966 1151 1993 illis
1163 1966 1243 1993 ﬁdem
1257 1965 1437 1993 adhibeamus
1461 1967 1487 1993 in
1505 1967 1538 1994 iis
1549 1975 1610 2002 qua:
1624 1968 1720 2002 divino
1734 1970 1791 2004 spi-

163 2014 238 2045 Θείας
259 2014 378 2048 ἐφῆπται
391 2013 458 2049 (50).
482 2013 550 2039 Ἀλλ’
566 2013 624 2048 ὲρεῖ
637 2021 690 2044 τις,
708 2010 808 2044 ἐξεῖναι
822 2011 947 2046 ποιηταῖς

1001 2014 1055 2039 ritu
1071 2013 1176 2039 incitati
1192 2012 1379 2047 pronuntiant.
1402 2012 1454 2039 Sed
1476 2017 1503 2040 et
1516 2013 1626 2044 deorum
1641 2021 1673 2041 ac
1689 2015 1789 2042 daemo-

162 2060 324 2094 ψεύδεσθαν
344 2060 448 2094 θέλγειν
464 2058 518 2094 γὰρ
531 2058 581 2090 τὰς
603 2058 657 2085 τῶν
677 2057 829 2084 ἀκουόντων
846 2056 945 2092 ψυχὰς,

1001 2067 1066 2086 num
1081 2059 1251 2086 calamitates
1260 2058 1394 2086 referunt.
1412 2059 1609 2087 Certeillorum
1621 2059 1789 2088 calamitates

163 2107 228 2134 [διον
242 2105 309 2133 εἶναι
321 2105 473 2140 ποιητικῆς,
486 2105 516 2131 τὸ
527 2104 548 2130 δ’
561 2103 659 2139 ἀληθὲς
674 2101 753 2135 εἴναι,
768 2102 849 2138 ἡνίκα
865 2102 899 2129 ἃν
913 2102 948 2128 τὰ

1001 2105 1113 2132 omnino
1129 2112 1191 2132 cum
1214 2105 1331 2131 veritate
1357 2105 1542 2132 consentiunt.
1568 2106 1604 2132 At
1621 2105 1693 2133 enim
1716 2106 1790 2134 dicet

161 2153 296 2188 λεγόμενα
320 2151 357 2187 μὴ
377 2151 464 2182 ἄλλως
487 2149 546 2186 ἔχῃ,
568 2149 624 2176 ἀλλ’
650 2149 688 2181 ὡς
709 2149 828 2183 λέγεται.
858 2149 947 2175 Ἔστω

1001 2149 1100 2184 aliquis
1121 2150 1208 2184 poetis
1222 2150 1333 2177 mentiri
1349 2150 1433 2177 licere
1446 2151 1485 2178 :id
1496 2151 1567 2178 enim
1580 2152 1718 2186 proprium
1730 2160 1790 2180 esse

162 2197 241 2225 τοῦτο
253 2198 317 2224 ἴδιον
329 2197 472 2232 ποιήσεως,
487 2195 517 2222 τὸ
527 2195 576 2230 τὴν
590 2195 718 2231 ἀλήθειαν
731 2194 786 2221 ἔσθ’
798 2195 842 2221 ὅτε
857 2195 947 2229 ἀφαρ-

1001 2196 1130 2230 poeticae,
1151 2201 1179 2222 ut
1196 2195 1363 2222 audientium
1380 2196 1486 2224 animos
1499 2196 1652 2224 demulceat
1666 2207 1672 2224 :
1691 2198 1789 2225 verita-

163 2244 260 2277 πάζειν
272 2252 278 2259 ·
301 2243 357 2270 ἀλλ’
374 2244 398 2270 οἱ
414 2243 448 2269 τὰ
470 2242 554 2277 ψευδῆ
580 2242 712 2276 λέγοντες,
732 2241 762 2268 οὺ
781 2241 869 2276 μάτην
882 2240 948 2275 ψεύ-

1002 2247 1053 2269 lem
1067 2249 1131 2268 vero
1150 2249 1223 2273 esse,
1236 2242 1344 2276 quoties
1358 2249 1389 2269 ca
1405 2250 1465 2276 qua:
1490 2243 1628 2275 dicuntur,
1657 2251 1710 2270 non
1736 2245 1790 2270 alio

161 2288 270 2316 δονται·
290 2288 306 2324 ἢ
331 2288 385 2323 γὰρ
405 2287 516 2323 κέρδους
538 2286 585 2313 καὶ
609 2286 742 2320 ὡφελείας
766 2285 844 2322 χάριν
868 2285 947 2312 τοῦτο

999 2294 1028 2314 se
1044 2287 1146 2314 habent
1160 2295 1240 2321 quam
1257 2295 1311 2322 quo
1330 2287 1459 2315 dicuntur
1480 2289 1570 2315 modo.
1589 2288 1630 2316 Sit
1649 2289 1700 2316 hoc
1724 2298 1789 2325 pro-

161 2333 294 2364 ποιοῦσιν,
307 2333 324 2368 ἢ
341 2333 430 2368 κακήν
446 2341 506 2359 τινα
520 2331 627 2367 πρᾶξιν,
648 2331 685 2362 ὡς
699 2331 781 2363 ἔοικε,
798 2330 946 2361 συνειδότες

998 2333 1087 2367 prium
1104 2334 1214 2367 poetica:
1226 2353 1233 2366 ,
1250 2333 1387 2361 interdum
1406 2333 1548 2361 veritatem
1564 2335 1742 2363 abscondere.
1756 2336 1787 2363 Hi

162 2379 277 2411 ἑαυτοῖς,
292 2377 335 2404 διὰ
350 2378 396 2404 τὸν
415 2377 583 2413 ἐφεστηκότα
599 2378 631 2404 ὲκ
647 2376 701 2404 τῶν
722 2377 811 2412 νόμων
825 2376 946 2403 κίνδυνον

998 2386 1063 2406 vero
1077 2380 1123 2414 qui
1140 2379 1321 2413 mentiuntur,
1339 2387 1478 2415 nunquam
1492 2380 1589 2407 frustra
1612 2385 1638 2408 et
1662 2382 1747 2416 gratis
1762 2383 1786 2409 id

962 1541 983 1569 ε

197 2503 252 2539 (46)
278 2503 434 2537 Ναυαγιων
451 2503 575 2539 τρόπον.
613 2499 697 2528 Nat-is
710 2503 803 2537 fracta:
816 2499 942 2538 reliquias

1102 2500 1180 2539 iulg:
1189 2501 1295 2539 μύθοις
1306 2510 1338 2539 te
1349 2504 1537 2539 πιστεύουσι.
1551 2503 1620 2538 Lego
1639 2503 1732 2538 μύθοις
1746 2504 1785 2533 δέ.

161 2535 354 2572 interpretatus
367 2535 436 2569 sum,
450 2535 475 2564 id
485 2542 527 2564 est
538 2535 785 2572 armamentaéttme
798 2535 946 2572 einm'nave

1011 2571 1014 2572 ν
1032 2535 1088 2571 (49)
1102 2535 1359 2571 Ψευδέσιξεήμαὶς.
1372 2538 1439 2565 Male
1450 2535 1713 2572 Christopliorsionus
1723 2535 1787 2567 vcr-

160 2570 246 2600 i'racta
266 2573 315 2600 hac
328 2573 388 2599 illac
401 2572 538 2605 iactantur
551 2570 679 2608 inuitari:
706 2571 740 2596 At
756 2570 945 2608 Christophor-
998 2571 1030 2608 tit
1053 2570 1189 2608 prgconiis
1213 2570 1344 2608 celebrant
1363 2581 1438 2600 :cnm
1452 2573 1542 2608 φῆμαι
1561 2570 1615 2600 hoc
1642 2576 1700 2601 loco
1719 2576 1787 2602 nihil

160 2616 243 2635 sonus
259 2615 355 2634 merces
380 2604 470 2638 vertit,
485 2607 556 2641 quod
586 2606 659 2642 huic_
673 2604 733 2631 loco
760 2612 822 2642 non_
839 2605 946 2642 videtur
997 2604 1069 2633 aliud
1085 2607 1120 2632 sit
1135 2614 1215 2640 quant
1237 2606 1345 2640 fabulae,
1363 2604 1464 2642 quibus
1478 2604 1563 2642 poeta:
1587 2615 1671 2636 totum
1692 2611 1786 2637 orbem

160 2643 314 2669 convenire.
333 2642 437 2669 Merces
457 2639 529 2669 enim
552 2647 620 2668 nave
648 2639 732 2666 fracta
748 2644 777 2666 ut
799 2640 943 2673 plurimum
997 2639 1178 2678 repleverunt.
1200 2641 1245 2668 Sic
1262 2643 1342 2678 paulo
1358 2639 1420 2677 post
1436 2639 1579 2670 deiisdem
1595 2645 1682 2678 poetis
1697 2646 1764 2672 dicit
1779 2666 1785 2675 .

160 2679 378 2714 submerguntur.
422 2713 426 2714 γ
477 2712 488 2714 _
560 2711 565 2714 _
624 2710 629 2714 _
692 2709 697 2714 _
840 2709 846 2714 _
872 2709 887 2714 η
924 2710 930 2714 _

1032 2676 1166 2714 ιαρμένας
1188 2685 1218 2703 τε
1238 2677 1327 2703 αὐτῶν
1343 2676 1547 2713 διαφημίζουσι,
1557 2676 1624 2706 etin
1639 2681 1729 2714 capite
1742 2681 1786 2713 Η,
1820 2691 1822 2694 ‘

196 2713 253 2750 (47)
266 2712 342 2746 Vulg.
359 2713 432 2750 Περί
453 2712 512 2738 τῶν
530 2711 573 2746 μὴ
589 2710 653 2750 ,μὲν
669 2709 704 2738 τὰ
720 2709 856 2750 γρᾳφικά.
872 2709 944 2750 ﬁeri:

996 2709 1088 2750 initio;
1104 2713 1147 2738 ubi
1174 2713 1303 2740 adversus
1329 2709 1524 2747 blasphemiam
1550 2723 1597 2741 seu
1620 2709 1785 2750 impietatem

160 2744 275 2784 bendtiin
289 2744 330 2775 est
347 2749 383 2784 μὴ
400 2744 487 2783 μόνον,
516 2744 544 2773 ut
568 2744 611 2784 yn-
626 2746 723 2784 doctus
736 2746 770 2772 ad
787 2753 861 2784 oram
882 2744 944 2784 libri

349 2749 383 2784 μὴ
400 2744 487 2783 μόνον,
516 2744 544 2773 ut
568 2744 611 2784 ’t'i‘r
626 2746 723 2784 doctus
736 2746 770 2772 ad
787 2753 861 2784 oram
882 2744 944 2784 libri
995 2746 1139 2784 invehitur.

159 2783 249 2811 Morari
276 2779 416 2817 legendum
442 2789 504 2818 esse
522 2781 854 2818 conjecerataetqueita
882 2779 945 2818 legit

1031 2782 1087 2817 (50)
1108 2782 1255 2816 Παντοιάς
1275 2783 1418 2818 ἀληθειας
1439 2783 1579 2818 ἐφῆπται.
1603 2784 1785 2813 Scribenduin

158 2815 431 2880 gliiistophorsonus.
458 2817 514 2845 Nec
537 2815 616 2844 aliter
650 2815 778 2844 scribitur
803 2816 829 2843 in
852 2816 946 2844 codice
996 2815 1060 2850 puto
1075 2817 1218 2851 παντοίως,
1236 2821 1306 2853 quod
1328 2815 1355 2846 in
1374 2815 1496 2846 reisiune
1516 2829 1573 2847 nica
1590 2827 1699 2848 secutus
1715 2829 1787 2849 sum.

182 2862 195 2880 υ
218 2874 225 2880 .

182 2862 225 2881 υι.

302 2904 435 2932 ΡΑτιωι..
452 2902 510 2933 Gn.
529 2901 598 2932 XX.
1615 2903 1653 2934 1ιο
