2001 3168
275 133 345 163 £9265

626 132 762 161 EUSEBII
781 132 1020 161 CA‘ISARIENSIS
1038 132 1114 161 OPP.
1135 132 1226 160 PARS
1246 134 1314 160 1.-
1332 133 1528 163 HlSTURICA.

1830 135 1905 164 1264

277 193 432 222 1etestanda
456 192 636 228 blasphemia,
658 199 719 227 qute
749 192 901 220 mendaciis
934 197 962 220 et
986 193 1040 220 t‘am

1094 192 1155 223 (τὸν
1171 191 1225 219 τῶν
1250 190 1360 226 ἀγαθῶν
1383 192 1527 228 παραίτιον
1546 191 1665 225 πάντων,
1689 192 1817 228 Χριστὸν,
1833 194 1904 222 Θεόν

278 239 498 274 pervulgatisque
511 237 681 266 sermonibus
701 237 791 265 eilerri
806 242 834 265 et
849 238 960 273 gloriari
974 239 1059 272 soles,

273 290 312 316 tu,
326 285 449 319 inquam,
472 283 587 318 juvenes
601 284 725 319 decipis;
741 284 926 312 adolescentes
941 289 968 312 et
985 285 1059 312 viros

273 333 317 366 qui
342 332 437 366 puerili
461 333 579 366 quodam
597 332 834 366 ingenio'prmditi
856 337 930 364 sunt,
958 332 1059 359 blanda

271 379 448 413 persuasione
474 378 500 405 in
522 377 647 405 fraudem
672 378 797 411 inducis,
816 386 830 405 a
847 379 905 405 veri
932 378 1056 406 Numinis

269 425 344 453 cultu
359 433 407 453 eos
418 425 567 458 abducens,
584 429 611 452 et
626 424 773 452 simulacra
793 426 980 459 constituens,
994 433 1055 461 quae

271 471 397 503 adorent,
407 476 435 498 et
447 471 543 506 quibus
555 478 650 505 preces
660 471 777 507 allegent
788 481 794 499 :
804 472 872 499 adeo
887 477 916 499 ut
938 473 1055 507 decepti,

270 518 452 552 sumipsorum
464 518 594 545 vecordia:
604 517 752 544 mercedem
764 517 906 552 recipiant.
917 518 1055 545 Christum

269 564 340 590 enim
354 563 473 590 omnium
488 563 619 590 bonorum
641 568 797 595 auctorem,
822 564 868 598 qui
883 569 911 591 et
930 564 1000 591 Deus
1014 569 1055 590 est

267 614 295 636 et
323 610 367 636 Dei
394 609 488 640 Filius,
522 609 740 636 calumniantur.
765 609 873 640 Annon,
888 617 993 644 qnmso,
1010 609 1054 638 hic

268 654 348 690 581
363 655 433 682 Deus
447 662 461 680 a
480 654 687 682 modestissimis
705 662 737 682 ac
764 655 971 689 sapieniissimis
986 663 1053 690 gen-

268 701 339 728 tibus
351 708 382 728 ae
392 699 494 734 populis
503 699 564 734 jure
576 699 672 727 merito
683 700 803 727 colitur?
815 700 860 734 qui
875 708 935 728 cum
944 709 1052 729 omnem

265 747 414 782 potentiam
441 750 534 773 nactus
549 746 594 777 sit,
612 746 743 780 propositi
761 746 802 773 sui
822 754 934 782 semper
959 752 1050 780 tenax,

266 793 300 821 de
314 793 393 819 insita
412 792 462 819 sibi
479 791 623 818 clementia
642 792 708 818 nihil
729 792 875 821 imminuit.
896 793 977 820 Abite
1004 794 1052 828 igi-

266 837 398 872 tur,impii
411 837 448 872 (id
461 836 532 863 enim
549 835 625 862 vobis
651 836 728 869 licet,
746 839 966 873 quandoquidem
991 847 1050 866 sce-

1109 247 1139 265 τε
1153 239 1200 265 καὶ
1216 237 1283 264 Θεοῦ
1301 238 1393 265 παῖδα.
1407 236 1470 274 ἸἎρ’
1480 236 1526 266 οὖν
1539 238 1588 274 οὐχ
1599 238 1652 265 ὑπὸ
1665 240 1902 274 σωφρονεστάτων

1109 283 1193 310 ἐθνῶν
1208 292 1237 310 τε
1253 283 1300 309 καὶ
1316 283 1409 318 δήμων
1427 279 1504 315 οὗτος
1518 285 1532 311 ὁ
1547 284 1613 316 Θεὸς
1627 284 1757 316 καταξίαν
1773 285 1901 319 σέϐεται;

1110 329 1242 360 Παντοίας
1264 329 1313 364 μὲν
1330 329 1470 364 δυνάμεως
1488 329 1697 365 ἐπειλημμένος,
1725 330 1806 363 αὐτὸς
1822 331 1844 358 δ’
1869 332 1901 357 ἐν

1107 375 1140 409 τῇ
1155 374 1243 409 οἰκείᾳ
1260 374 1419 410 προαιρέσει
1443 374 1541 410 μένων,
1559 374 1695 402 οὺδοτιοῦν
1712 376 1761 410 τῆς
1776 376 1898 411 ἐμφύτου

1108 419 1310 454 φιλανθρωπίας
1322 419 1565 455 ὲμείωσεν.”Απιτε
1578 420 1620 456 δὴ,
1632 421 1780 454 δυσσεϐεῖς,
1793 422 1898 457 ἐφεῖται

1107 467 1161 503 γὰρ
1174 467 1238 502 ὑμῖν
1249 467 1293 494 διὰ
1311 466 1361 502 τὴν
1372 466 1544 502 ἀτιμώρητον
1561 466 1708 502 ἁμαρτίαν,
1725 467 1771 494 ἐπὶ
1781 467 1830 499 τὰς
1842 469 1898 495 τῶν

1108 514 1214 549 ἱερείων
1236 513 1353 548 σφαγὰς,
1369 513 1460 544 θοίνας
1479 521 1508 539 τε
1534 513 1581 539 κα)⁵
1600 513 1698 548 ἑορτὰς
1719 514 1765 540 καὶ
1789 515 1874 550 μέθας
1887 524 1894 530 ·

1106 559 1332 596 προσποιούμενοι
1347 560 1395 595 μὲν
1406 559 1566 595 θρησκείαν,
1579 560 1788 595 ἐπιτηδεύοντες
1798 561 1826 587 δὲ
1839 561 1897 596 ἡδο-

1105 606 1153 638 νὰς
1176 607 1222 633 καὶ
1239 606 1400 638 ἀκολασίας·
1424 606 1470 633 καὶ
1485 605 1581 638 θυσίας
1599 607 1649 641 μὲν
1671 607 1805 634 ἐπιτελεῖν
1829 616 1897 643 σκη-

1104 653 1243 688 πτόμενοι,
1259 655 1318 684 ταῖς
1332 652 1355 678 θ’
1373 652 1461 680 αὐτῶν
1479 652 1586 688 ἡδοναῖς
1598 652 1777 685 δουλεύοντες.
1788 653 1825 680 Οὐ
1840 654 1895 690 γὰρ

1105 700 1161 726 ἴστε
1179 699 1280 734 ἀγαθὸν
1297 699 1385 732 οὐδὲν,
1399 699 1459 726 οὐδὲ
1471 699 1501 725 τὸ
1515 699 1623 735 πρῶτον
1632 699 1678 726 τοῦ
1691 700 1808 735 μεγάλου
1826 700 1894 727 Θεοῦ

1104 746 1276 781 πρόσταγμα,
1288 745 1476 777 διατάσσοντος
1487 754 1516 771 τε
1527 745 1565 780 τῷ
1577 745 1631 771 τῶν
1643 745 1794 782 ἀνθρώπων
1807 747 1892 781 γένει,

1103 792 1150 818 καὶ
1166 793 1378 828 ἐπισκήπτοντας
1391 791 1429 828 τῷ
1446 791 1535 823 Παιδί,
1547 791 1591 818 τὸν
1604 792 1705 819 τούτων
1717 793 1894 830 διακυϐερνᾷν

1104 837 1169 873 βίον,
1186 839 1260 870 ὅπως
1274 839 1298 865 οἱ
1311 838 1406 870 δεξιῶς
1422 839 1469 866 καὶ
1484 839 1630 874 σωφρόνως
1648 838 1805 874 βιώσαντες,
1823 839 1894 867 κατὰ

264 884 315 911 teri
332 889 420 911 vestro
448 883 520 910 nulla
537 891 608 911 nunc
631 885 881 920 poenairrogatur);
904 885 988 918 abite,
1009 886 1042 913 int

1103 885 1152 919 τὴν
1166 884 1212 911 τοῦ
1227 884 1324 916 Παιδὸς
1338 884 1437 920 κρίσιν,
1448 884 1572 920 δεύτερον
1587 885 1642 920 βίον
1656 886 1790 921 μακάριόν
1803 895 1833 912 τε
1845 887 1893 913 καὶ

265 937 356 964 quam,
371 930 406 957 ad
420 930 591 959 victimarum
606 932 692 959 caedes
703 936 730 960 et
745 931 870 959 convivia
884 952 892 964 ,
910 931 1051 966 festosque

263 974 320 1002 dies
336 980 363 1003 et
377 976 592 1010 compotationes
606 978 648 1004 :in
673 977 773 1012 quibus
802 977 944 1013 religionis
960 978 1050 1012 specie

262 1021 444 1055 voluptatibus
459 1027 486 1049 et
502 1022 722 1058 intemperantia:
740 1023 895 1058 indulgetis.
912 1024 946 1052 Et
968 1032 1048 1052 sacra

261 1066 369 1101 quidem
385 1075 400 1094 a
415 1067 492 1095 vobis
503 1068 636 1096 celebrari
651 1069 786 1096 simulatis
801 1079 807 1097 ε
826 1077 856 1098 re
881 1075 971 1098 autem
984 1078 1048 1098 vera

261 1112 385 1140 libidines
394 1119 498 1141 vestras
507 1114 632 1149 expletis.
642 1114 735 1149 Neque
746 1115 818 1142 enim
828 1115 974 1150 quidquam
985 1116 1047 1144 boni

261 1159 363 1191 nostis,
379 1167 411 1187 ac
428 1167 461 1187 ne
480 1161 596 1195 primum
625 1161 732 1194 quidem
756 1162 854 1188 summi
872 1161 920 1189 Dei
938 1163 1048 1189 manda-

260 1209 316 1231 tum
334 1214 341 1232 :
357 1205 401 1240 qui
418 1211 445 1233 et
462 1206 580 1234 humano
595 1207 686 1242 generi
710 1207 781 1242 leges
795 1207 905 1235 vivendi
920 1208 1047 1242 praescri-

259 1250 308 1282 bit,
324 1250 445 1287 Itilioque
459 1252 484 1279 in
502 1253 636 1280 mandatis
650 1253 735 1286 dedit,
751 1257 781 1280 ut
799 1253 880 1280 vitam
906 1253 1047 1281 hominum

260 1305 402 1332 moresque
423 1299 554 1326 formaret
571 1307 578 1326 :
595 1305 648 1333 quo
669 1298 796 1326 videlicet
819 1299 845 1326 hi
861 1299 908 1334 qui
924 1304 999 1327 recte
1015 1308 1047 1327 ac

260 1343 380 1370 modeste
393 1343 523 1374 vixerint.
537 1344 650 1371 alteram
670 1345 752 1372 vitam
770 1345 876 1371 beatam
892 1351 923 1372 ac
937 1337 1044 1372 felilem

259 1388 319 1416 ll‘ilii
347 1389 387 1416 sui
409 1389 512 1424 judicio
529 1395 742 1424 consequantur.
768 1390 886 1424 Exposui
906 1390 1044 1418 decretum

258 1434 304 1461 Dei
330 1435 363 1461 de
382 1434 518 1461 hominum
533 1435 587 1462 vita
599 1455 606 1467 ,
622 1435 703 1469 idque
718 1443 770 1461 non
783 1435 954 1469 ignoratione
967 1436 1044 1462 aber-

259 1487 321 1506 rans
336 1485 365 1506 ut
379 1480 469 1513 multi,
499 1487 548 1507 nec
564 1480 689 1514 opinione
704 1479 918 1514 auteOnjectura
935 1480 1042 1507 ductus.

258 1526 311 1551 Sed
329 1525 443 1553 fortasse
458 1526 558 1553 dixerit
571 1525 684 1560 aliquis:
707 1525 846 1553 Undcnam
863 1526 919 1553 haec
933 1526 978 1552 lilii
994 1533 1044 1560 ap-

258 1571 376 1605 pellatio,
393 1577 440 1599 aut
451 1579 511 1607 qua:
525 1572 595 1599 ratio
609 1572 737 1608 gignendi
753 1592 759 1604 ,
779 1571 911 1606 siquidem
927 1580 996 1600 unus
1011 1580 1043 1599 ac

257 1619 330 1645 solus
343 1623 385 1646 est
401 1619 480 1651 Deus,
501 1619 627 1653 idemque
641 1619 675 1646 ab
687 1618 760 1645 omni
791 1618 982 1655 commistione
1014 1625 1041 1646 et

256 1665 328 1692 coitu
347 1672 457 1699 prorsns
472 1664 595 1692 alienus?
611 1664 755 1692 Sciendum
773 1671 838 1691 vero
855 1671 896 1691 est
909 1663 1042 1698 duplicem

255 1719 315 1738 esse
334 1712 460 1745 gignendi
488 1711 647 1738 rationem:
676 1711 792 1738 alteram
817 1717 848 1737 ex
877 1715 954 1745 partu
982 1719 1043 1746 qua:

255 1756 381 1784 omnibus
398 1759 462 1784 nota
477 1761 520 1784 est
536 1764 543 1782 :
563 1756 677 1783 alteram
695 1763 729 1783 ex
755 1763 837 1784 causa
864 1755 1040 1791 sempiterna.

254 1845 282 1879 in
300 1844 468 1879 Apologctico
489 1845 523 1872 ad
546 1845 731 1877 imperatorem
745 1845 929 1873 Constantium
944 1854 954 1873 :
970 1846 1040 1874 Ἀλλ’

252 1878 292 1916 ἦν,
299 1882 421 1916 γενναῖος
434 1881 481 1907 καὶ
497 1880 633 1916 λαμπρὸς,
643 1880 703 1907 οὐδὲ
717 1881 907 1916 κρίσινὲμεινε
919 1883 979 1908 κατ’
993 1883 1041 1909 αὺ-

253 1915 310 1942 τοῦ.
327 1915 428 1942 Tamen
442 1917 490 1943 viri
506 1915 582 1943 docti
593 1924 625 1942 ex
645 1916 701 1942 suis
715 1915 853 1944 cudicibus
864 1915 920 1949 jam
937 1919 1038 1951 pridem

252 1951 432 1987 emendarnnt
452 1951 607 1987 ἀναμένειν,
624 1958 703 1987 quam
727 1952 943 1987 emendationem
965 1952 990 1979 in
1010 1953 1039 1979 li-

252 1986 309 2012 bris
319 1986 402 2022 etiam
413 1987 530 2013 ’l‘nrnehi
544 1994 575 2014 ac
589 1986 680 2013 δυνηίί
697 1988 795 2022 reperi.
808 1987 899 2015 Codex
913 1986 1038 2015 Fuketia-

253 2028 303 2047 nus
319 2021 400 2047 habet
413 2022 577 2048 ἀναϐαίνει-ν.

286 2056 342 2117 (64)
365 2056 435 2090 Ἐγὼ
456 2057 513 2091 μὲν
535 2056 591 2084 οὖν
606 2058 640 2085 τὸ
659 2057 712 2085 τοῦ
735 2057 810 2084 Θεοῦ
828 2057 932 2091 δόγμα.
952 2056 1036 2085 Intel-

290 2092 309 2117 it
325 2096 461 2117 (wretnm
479 2093 526 2117 Dei
539 2093 572 2117 do
590 2093 706 2117 hominis
729 2093 922 2117 assumntione.
938 2100 985 2117 seu
1004 2095 1036 2117 de

251 2091 309 2126 ligit
325 2091 461 2118 (iw-etum
479 2093 526 2119 Dei
539 2093 572 2118 de
590 2093 706 2120 hominis
729 2093 922 2126 assumptione,
938 2100 986 2119 seu
1004 2095 1037 2120 de

250 2127 446 2158 lncarnalione,
474 2135 523 2160 per
548 2135 629 2162 quam
657 2127 795 2156 hominum
823 2129 875 2154 vita
912 2134 1034 2161 reparata

250 2165 300 2188 est.
328 2162 445 2197 Apparet
472 2162 555 2196 igitur
579 2164 666 2197 capita
695 2167 770 2190 recte
792 2170 806 2189 a
829 2162 908 2189 nobis
932 2164 1034 2197 digesta

249 2203 319 2223 esse.
341 2196 398 2224 Nisi
415 2199 474 2231 quis
492 2196 655 2225 fortassead
673 2199 729 2225 luec
745 2204 835 2231 usque
857 2197 936 2224 verba
954 2204 1034 2232 caput

249 2232 284 2258 19
295 2232 439 2259 extendere
454 2231 579 2265 voluerit,
594 2234 664 2266 quod
679 2233 764 2259 libens
778 2232 970 2259 concesserim.

282 2265 420 2302 (65)Vulg.
429 2267 469 2299 ὡς
476 2267 578 2301 ἐκείνῳ
584 2265 672 2301 φίλος
687 2267 820 2301 ὑπάρχει.
837 2266 904 2295 Rob.
916 2267 1030 2301 Stepha-

247 2309 299 2328 nIlS
310 2302 336 2328 in
356 2303 438 2330 variis
453 2303 626 2334 lectionibus,
643 2311 713 2337 quas
729 2304 762 2329 ad
783 2302 884 2329 calcem
900 2303 1029 2330 editionis

245 2345 303 2363 ante
315 2338 464 2370 adnotavit,
476 2344 567 2364 monet
581 2338 651 2365 hunc
666 2338 751 2365 locum
769 2337 795 2363 in
813 2337 971 2370 quibusdam
985 2345 1032 2364 co-

247 2373 351 2399 rticibus
372 2373 408 2398 ita
426 2372 525 2407 legi,6;
541 2373 637 2408 ἐκείνῳ
649 2373 724 2408 φίλος
739 2372 866 2408 ὑπάρχει.
893 2373 958 2405 ρυλε
973 2373 1031 2399 sine

247 2407 329 2433 dubio
353 2415 415 2434 vera
434 2408 568 2442 scriptura
591 2414 642 2436 est.
664 2409 707 2435 Ait
726 2409 798 2434 enim
824 2407 1030 2440 Constantinus,

246 2442 379 2469 naturalis
409 2443 516 2477 quidem
545 2444 729 2476 generationis
762 2443 871 2469 lllOtlltlll
904 2443 1030 2469 erunibus

245 2483 337 2504 notum
364 2485 443 2505 esse:
461 2479 642 2512 generalionis
662 2484 752 2505 autem
771 2478 869 2504 divinae
894 2478 1028 2504 rationem

245 2520 346 2547 paucos
361 2512 506 2540 admodum
523 2521 697 2547 cognoscere,
721 2521 790 2547 quos
811 2512 881 2539 Deus
899 2513 1028 2547 peculiari

246 2549 432 2574 benevolentia
466 2555 627 2582 prosecutus
656 2548 747 2576 inierit.
771 2547 852 2575 Certe
877 2547 903 2574 in
938 2549 1030 2574 codice

243 2583 329 2617 ltcgio
344 2583 442 2616 legitur
458 2583 543 2617 φίλος.
564 2583 592 2610 in
616 2584 723 2610 schedis
740 2587 828 2610 autem
852 2582 980 2609 scribitur
1002 2582 1031 2614 ὃς

242 2618 354 2645 ἐκείνων
367 2618 453 2652 φίλος.
469 2618 521 2645 Sed
547 2619 626 2646 codd.
646 2618 725 2650 Fnk.,
746 2617 864 2645 'l‘uruebi
880 2625 912 2644 ac
925 2617 1028 2649 Savilii,

243 2659 336 2679 Verani
354 2653 494 2680 lectionem
509 2655 646 2680 exhibent.

277 2689 333 2724 (66)
355 2687 428 2724 Vulg.
457 2688 514 2724 τὴν
541 2689 639 2715 αἰτίαν
662 2687 762 2715 αὐτῶν
786 2686 840 2721 τῆς
868 2687 1028 2721 σωτηρίας.

243 2722 312 2750 Malo
324 2722 441 2750 "consilio
458 2723 629 2751 Genevenses
646 2725 712 2751 duas
737 2728 888 2756 postremas
905 2730 983 2750 voces
1002 2724 1029 2749 in

244 2762 345 2784 textum
369 2759 546 2790 admiserunt,
561 2767 595 2785 ex
615 2759 770 2792 conjectura
788 2757 927 2792 Scaligeri,
946 2761 974 2783 ut
997 2757 1030 2784 ad

242 2795 389 2826 marginem
415 2794 564 2820 adnotatur.
578 2794 629 2821 Sed
643 2801 689 2821 eas
721 2793 879 2827 rejiciendas
892 2799 951 2819 esse
964 2793 1030 2819 satis

240 2833 361 2861 apparet.
369 2827 468 2855 Namet
479 2836 587 2855 sensum
597 2837 704 2856 omnem
714 2829 791 2861 hujus
801 2827 850 2855 loci
860 2828 1028 2862 perturbant,

240 2868 267 2889 et
282 2863 309 2889 in
324 2863 432 2897 scriptis
446 2864 584 2891 codicibus
599 2872 651 2892 non
667 2864 802 2898 leguntur.

1103 928 1249 964 εὐδαίμονα
1270 929 1450 964 λαγχάνωσιν.
1478 930 1548 964 Ἐγὼ
1572 930 1621 966 μὲν
1640 929 1685 957 οὖν
1709 931 1740 958 τὸ
1758 932 1805 958 τοῦ
1824 932 1891 958 Θεοῦ

1103 975 1190 1010 δόγμα
1205 974 1258 1010 (64)
1282 975 1344 1011 περὶ
1367 975 1417 1010 τῆς
1432 975 1485 1002 τῶν
1512 975 1664 1011 ἀνθρώπων
1683 976 1802 1011 βιώσεως
1826 977 1893 1010 διεξ-

1102 1019 1194 1055 ῆλθον,
1224 1020 1254 1046 οὑ
1280 1021 1332 1055 μὴν
1347 1020 1462 1054 ἀγνοῶν,
1477 1020 1603 1056 καθάπερ
1624 1022 1648 1047 οἱ
1665 1021 1766 1052 πολλοὶ,
1784 1022 1843 1049 οὐδὲ
1861 1024 1890 1055 ἐξ

1102 1066 1235 1099 εἰκασίας,
1251 1066 1311 1093 οὐδὲ
1325 1066 1488 1102 στοχασμοῦ.
1507 1067 1583 1101 τάχά
1597 1067 1620 1093 δ’
1634 1066 1667 1093 ἄν
1685 1076 1727 1099 τις
1740 1067 1824 1094 εἵπου
1837 1067 1889 1096 Πύ-

1102 1113 1146 1139 Οεν
1162 1114 1178 1148 ἡ
1194 1113 1364 1148 προσηγορία
1376 1112 1423 1140 τοῦ
1438 1112 1542 1144 παιδὸς,
1560 1112 1623 1139 ποία
1636 1113 1663 1139 δὲ
1680 1114 1796 1148 γένεσις,
1811 1115 1889 1151 εἴτερ

1103 1155 1143 1190 εἷς
1160 1158 1241 1193 μόνος
1257 1157 1294 1184 ὢν
1310 1158 1376 1190 Θεὸς
1391 1158 1529 1193 τυγχάνει,
1544 1158 1635 1194 πάσης
1653 1159 1682 1185 δὲ
1702 1159 1800 1195 μίξεως
1812 1157 1888 1194 οὗτός

1101 1206 1173 1232 ἐστιν
1187 1204 1338 1240 ἀλλότριος
1354 1205 1434 1232 Ἀλλὰ
1448 1205 1498 1241 τὴν
1518 1205 1623 1240 γένεσιν
1638 1206 1734 1242 διπλῆν
1749 1215 1810 1233 τινα
1821 1208 1889 1233 νοεῖ-

1102 1249 1162 1277 σθαι
1176 1251 1237 1286 χρή·
1256 1251 1304 1286 τὴν
1319 1251 1368 1286 μὲν
1381 1250 1411 1283 ἐξ
1429 1251 1617 1286 ἀποκυήσεως.
1634 1251 1682 1288 τὴν
1701 1253 1888 1288 συνεγνωσμέ-

1101 1304 1148 1326 νην
1164 1295 1274 1331 ταύτην.
1296 1296 1391 1331 ἑτέραν
1408 1295 1436 1322 δὲ
1456 1296 1504 1332 τὴν
1527 1296 1556 1328 ἐξ
1572 1296 1658 1322 ἁῐόίου
1678 1297 1776 1330 αἰτίας,
1791 1296 1825 1333 ἧς
1841 1298 1887 1324 τὸν

1099 1340 1177 1375 λόγον
1193 1340 1259 1367 Θεοῦ
1284 1341 1396 1376 πρόνοια
1419 1340 1524 1374 θεᾶται,
1547 1341 1595 1369 καὶ
1618 1342 1721 1377 ἀνδρῶν
1742 1342 1771 1373 ὃς
1790 1343 1886 1380 ἐκείνῳ

1100 1387 1175 1421 φίλος
1190 1387 1307 1422 ὑπάρχει
1324 1386 1392 1422 (65)·
1415 1387 1495 1421 σοφὸς
1517 1387 1572 1423 γάρ
1591 1396 1632 1419 τις
1658 1387 1707 1423 τὴν
1733 1387 1822 1414 αἰτίαν
1835 1387 1886 1423 τῆς

1099 1432 1151 1459 τῶν
1164 1433 1231 1460 ὅλων
1247 1433 1450 1468 διακοσμήσεως
1463 1433 1575 1460 εἴσεται.
1591 1433 1655 1460 Ὄντ
1661 1442 1689 1465 ος
1709 1433 1798 1460 τοίνυν
1811 1434 1886 1461 ἀναι-

1097 1480 1155 1506 τίου
1177 1480 1300 1515 μηδενὸς.
1325 1480 1511 1515 προῦπάρχειν
1533 1479 1587 1506 τῶν
1607 1479 1700 1512 ὄντων,
1723 1480 1772 1516 τὴν
1795 1481 1884 1508 αἰτίαν

1098 1526 1185 1552 αὐτῶν
1203 1525 1257 1561 (66)
1275 1526 1391 1561 ἀνάγκη.
1409 1526 1504 1558 Ὀντος
1518 1526 1572 1562 ἄρα
1594 1525 1698 1561 κόσμου
1716 1527 1763 1553 καὶ
1779 1527 1834 1553 τῶν
1854 1528 1882 1553 ὲν

1095 1572 1178 1608 αὐτῷ,
1195 1571 1277 1608 οὔσης
1296 1581 1327 1598 τε
1347 1572 1435 1599 αὐτῶν
1458 1573 1604 1609 σωτηρίας,
1624 1572 1670 1599 τὸν
1692 1572 1805 1609 Σωτῆρα
1829 1572 1883 1599 τῶν

1094 1618 1176 1647 ὄντων
1198 1618 1384 1655 προϋπάρχειν
1402 1619 1508 1655 ἀνάγκη
1520 1627 1527 1634 ·
1542 1619 1580 1651 ὡς
1601 1617 1672 1646 εἶναι
1688 1619 1732 1646 τὸν
1751 1619 1800 1654 μὲν
1816 1620 1882 1655 Χρι-

1094 1665 1165 1697 στὸν,
1183 1665 1233 1700 τῆς
1257 1665 1392 1701 σωτηρίας
1422 1666 1521 1697 αἰτίαν,
1543 1665 1592 1702 τὴν
1616 1665 1644 1692 δὲ
1666 1664 1802 1702 σωτηρίαν
1827 1666 1882 1692 τῶν

1093 1709 1176 1737 ὄντων
1184 1709 1214 1737 τὸ
1223 1710 1342 1736 αἰτιατόν
1355 1709 1419 1745 (67)·
1437 1708 1560 1745 καθάπερ
1574 1710 1646 1737 αίτία
1660 1710 1708 1746 μὲν
1715 1710 1778 1737 Υἱοῦ
1792 1711 1806 1737 ὁ
1823 1710 1881 1737 Πα-

1091 1755 1153 1792 τὴρ,
1167 1755 1285 1784 αἰτιατὸν
1296 1755 1317 1782 δ’
1330 1756 1344 1782 ό
1357 1755 1420 1788 Υἱός
1433 1755 1499 1791 (68).
1517 1756 1571 1782 Καὶ
1584 1756 1614 1783 τὸ
1629 1757 1678 1792 μὲν
1695 1756 1879 1793 προϋπάρχειν

1127 1846 1181 1881 (67)
1202 1846 1278 1881 Vulg.
1293 1846 1325 1873 τὸ
1351 1847 1456 1875 altior.
1476 1846 1546 1874 Nihil
1569 1847 1619 1874 hoc
1636 1847 1695 1875 loco
1721 1847 1785 1876 vidit
1798 1848 1877 1876 Chri-

1091 1882 1295 1916 stophorsouus.
1321 1883 1401 1916 Atqui
1435 1882 1590 1909 facillimum
1621 1888 1681 1910 erat
1708 1883 1878 1912 animadver-

1091 1922 1157 1948 tere,
1171 1917 1215 1944 hic
1229 1917 1374 1952 legendunl
1386 1924 1444 1952 esse
1456 1917 1485 1944 τὸ
1500 1917 1629 1944 αἰτιατόν.
1645 1917 1787 1952 Compara!
1803 1921 1874 1947 enim

1090 1952 1134 1979 hic
1156 1950 1346 1979 Constantinus
1355 1950 1451 1979 Filium
1471 1960 1531 1980 cum
1549 1950 1760 1986 conservatione,
1784 1959 1810 1980 et
1824 1954 1876 1981 Pa~

1091 1993 1156 2014 trem
1180 1995 1240 2014 cum
1259 1987 1412 2022 ServaloLe.
1436 1987 1666 2022 Quemadmodum
1697 1987 1777 2022 igitur
1793 1986 1875 2015 Pater

1088 2022 1195 2054 quidem
1215 2026 1256 2048 cst
1278 2029 1360 2048 causa
1373 2018 1535 2053 FiliifFilins
1558 2029 1620 2048 vero
1648 2018 1762 2049 effectus
1785 2031 1830 2049 seu
1844 2025 1875 2050 τὸ

1086 2057 1215 2089 atria-xw,
1236 2057 1274 2084 sic
1293 2058 1419 2083 Servatur
1429 2058 1536 2091 quidem
1557 2065 1637 2083 causa
1653 2062 1694 2083 est
1707 2057 1800 2084 salulis
1814 2065 1874 2085 om-

1088 2092 1161 2119 nium
1178 2100 1267 2119 rerum
1280 2112 1287 2122 .
1310 2092 1383 2120 salus
1402 2100 1466 2119 vero
1487 2097 1530 2120 est
1549 2091 1659 2120 eﬂ‘ectus
1679 2099 1726 2120 seu
1743 2093 1771 2119 τὸ
1786 2094 1874 2120 αἰτια-

1087 2127 1133 2153 τὺν
1146 2126 1179 2154 Se
1185 2127 1307 2154 rvatoris.

1121 2162 1175 2196 (68)
1195 2162 1279 2189 Αἰτία
1299 2161 1358 2196 μὲν
1378 2161 1446 2189 ΥΙοῦ
1463 2163 1479 2188 ό
1502 2162 1613 2196 Πατὴρ,
1643 2161 1777 2190 αἰτιατόν
1797 2161 1832 2188 δὲ
1856 2164 1873 2190 ό

1091 2198 1166 2229 Υἱός.
1197 2196 1307 2224 Veteres
1326 2197 1453 2232 theologi.
1471 2199 1619 2230 przcsertini
1649 2198 1721 2231 apud
1749 2197 1871 2231 Graecos,

1050 2229 1072 2256 Ι)
1088 2240 1166 2258 unam
1180 2232 1205 2258 in
1220 2232 1352 2259 Trinitale
1369 2229 1522 2267 personam,
1539 2233 1620 2260 Deum
1634 2229 1737 2260 scilicet
1751 2229 1871 2265 Patrem,

1085 2274 1192 2294 causam
1217 2275 1277 2294 esse
1301 2266 1442 2299 dicebant;
1463 2268 1514 2293 duo
1539 2275 1603 2294 vero
1626 2272 1747 2298 causata,
1774 2266 1871 2295 Filium

1088 2309 1182 2335 nempe
1205 2307 1233 2328 et
1259 2302 1388 2336 Spiritum
1414 2307 1549 2329 sanctum.
1579 2303 1624 2330 Sic
1650 2302 1816 2329 Athanasius
1843 2304 1869 2329 in

1083 2337 1282 2369 Qnmstionibus
1294 2337 1430 2368 secundis,
1446 2343 1505 2371 cap.
1520 2338 1549 2364 il
1566 2342 1593 2364 et
1609 2337 1654 2368 12.
1669 2338 1683 2364 ὸ
1698 2337 1726 2363 δὲ
1743 2337 1806 2369 Υἱὸς
1819 2337 1871 2364 οὐκ

1082 2372 1154 2398 ἐστιν
1175 2371 1270 2405 αἴτιος,
1293 2371 1493 2403 ἀλλάίτιατός.
1510 2372 1548 2399 lla
1571 2373 1652 2400 etiam
1674 2371 1792 2400 Joannes
1819 2373 1871 2399 Da-

1084 2408 1273 2442 mascenusrin
1293 2406 1380 2434 libror
1405 2407 1443 2433 De
1468 2408 1635 2442 imaginibus.
1657 2415 1710 2435 non
1729 2410 1806 2442 longe
1835 2407 1869 2442 ab

1083 2441 1159 2469 initio
1179 2451 1184 2468 :
1205 2451 1214 2468 ι
1233 2441 1334 2477 Imago,
1351 2442 1448 2477 inquit.
1466 2442 1511 2469 Dei
1523 2441 1670 2470 invisibilis
1684 2446 1726 2470 est
1748 2441 1805 2476 ipse
1823 2441 1869 2469 Fi-

1083 2478 1143 2510 lius,
1166 2477 1212 2512 qui
1235 2477 1260 2503 in
1286 2477 1375 2512 seipso
1402 2477 1509 2504 Patrem
1535 2478 1619 2512 gerit,
1643 2485 1670 2504 et
1689 2477 1715 2504 iu
1739 2477 1868 2504 omnibus

1084 2513 1152 2538 idem
1177 2520 1236 2539 cum
1262 2512 1308 2539 illo
1334 2517 1390 2544 est,
1417 2516 1515 2548 praeter
1541 2520 1624 2548 unum
1642 2513 1668 2540 id
1684 2512 1755 2548 quod
1778 2512 1812 2540 ab
1836 2520 1869 2539 eo

1083 2552 1210 2582 tauquam
1237 2555 1251 2573 a
1269 2554 1351 2574 causa
1378 2551 1431 2574 est.
1464 2547 1599 2574 Naturalis
1624 2547 1698 2574 enini
1722 2554 1803 2582 causa
1828 2553 1870 2574 est

1083 2581 1170 2610 Pater.
1185 2589 1219 2609 ex
1235 2590 1286 2616 qua
1307 2582 1390 2608 Filius
1404 2583 1595 2616 proliciscitnr.
1609 2592 1619 2608 ι
1644 2582 1697 2609 Sed
1715 2587 1743 2609 et
1764 2581 1869 2616 Grego-

1083 2617 1140 2644 rius
1154 2616 1218 2643 Naz.
1234 2618 1260 2643 in
1278 2617 1400 2643 oratione
1412 2616 1457 2649 29,
1472 2625 1531 2651 qua:
1554 2622 1594 2644 est
1610 2618 1648 2645 De
1663 2618 1799 2651 dogmate,
1817 2617 1870 2644 Pa-

1083 2656 1150 2678 trem
1168 2659 1275 2679 causam
1298 2659 1357 2678 esse
1372 2651 1436 2678 Filii
1459 2658 1486 2678 et
1511 2653 1629 2686 Spiritus
1655 2653 1741 2679 sancti
1765 2652 1868 2679 diserte

1081 2687 1187 2714 asserit.
1203 2687 1241 2713 Ex
1257 2686 1361 2713 Latinis
1384 2694 1448 2713 vero
1473 2686 1573 2714 Marius
1588 2687 1744 2714 Victorinus
1757 2688 1782 2713 in
1797 2687 1868 2715 libro

1081 2723 1167 2756 primo
1183 2722 1314 2748 Adversus
1332 2722 1425 2748 Arium
1450 2723 1561 2756 perinde
1585 2722 1690 2749 locutus
1716 2726 1767 2749 est.
1786 2730 1796 2747 ι
1812 2723 1867 2750 Sed

1081 2757 1180 2791 major,
1198 2757 1294 2790 inquit,
1324 2756 1405 2783 Pater
1426 2758 1517 2789 .quod
1542 2758 1598 2791 ipse
1618 2757 1690 2784 dedit
1711 2757 1782 2783 Filio
1805 2764 1868 2784 om-

1081 2792 1136 2822 nia,
1150 2796 1177 2818 et
1194 2798 1274 2818 causa
1288 2795 1329 2818 est
1344 2791 1394 2825 ipsi
1407 2791 1475 2818 Filio
1489 2797 1517 2818 ut
1531 2793 1578 2822 sit.
1590 2797 1617 2819 et
1634 2792 1685 2818 isto
1700 2792 1779 2819 modo
1798 2793 1864 2818 δὴ.-

1081 2826 1169 2861 Supra
1198 2831 1288 2853 autem
1322 2826 1392 2854 idem
1426 2825 1581 2854 Victorinus
1619 2827 1736 2859 dixerat,
1766 2826 1867 2854 Filium

1081 2862 1189 2896 quidem
1216 2869 1326 2890 causam
1350 2869 1409 2890 esse
1424 2862 1600 2897 principalem
1615 2862 1735 2890 omnium
1757 2868 1867 2893 rerum.
