  <div class='ocr_page' id='page_1' title='image "/cluster/home/n/w/nwhite01/storage/ocr_20150623/20/njp.32101077772471/660.png"; bbox 0 0 2001 3168; ppageno 0'>
   <div class='ocr_carea' id='block_1_1' title="bbox 172 161 240 188">
    <p class='ocr_par' dir='ltr' id='par_1_1' title="bbox 172 161 240 188">
     <span class='ocr_line' id='line_1_1' title="bbox 172 161 240 188; baseline 0 0"><span class='ocrx_word' id='word_1_1' title='bbox 172 161 240 188; x_wconf 69' lang='grc'><strong>1269</strong></span> 
     </span>
    </p>
   </div>
   <div class='ocr_carea' id='block_1_2' title="bbox 554 159 1391 190">
    <p class='ocr_par' dir='ltr' id='par_1_2' title="bbox 554 159 1391 190">
     <span class='ocr_line' id='line_1_2' title="bbox 554 159 1391 190; baseline 0.002 -2"><span class='ocrx_word' id='word_1_2' title='bbox 554 159 783 190; x_wconf 77' lang='lat' dir='ltr'><strong>CONSTANTINI</strong></span> <span class='ocrx_word' id='word_1_3' title='bbox 803 161 934 190; x_wconf 79' lang='lat' dir='ltr'><strong>ORATIO</strong></span> <span class='ocrx_word' id='word_1_4' title='bbox 949 162 995 189; x_wconf 84' lang='lat' dir='ltr'><strong>AD</strong></span> <span class='ocrx_word' id='word_1_5' title='bbox 1016 161 1226 190; x_wconf 78' lang='lat' dir='ltr'><strong>SANCTORUM</strong></span> <span class='ocrx_word' id='word_1_6' title='bbox 1244 162 1391 190; x_wconf 77' lang='lat' dir='ltr'><strong>C(E&#39;I’UM.</strong></span> 
     </span>
    </p>
   </div>
   <div class='ocr_carea' id='block_1_3' title="bbox 1717 163 1786 191">
    <p class='ocr_par' dir='ltr' id='par_1_3' title="bbox 1717 163 1786 191">
     <span class='ocr_line' id='line_1_3' title="bbox 1717 163 1786 191; baseline 0 0"><span class='ocrx_word' id='word_1_7' title='bbox 1717 165 1730 191; x_wconf 72' lang='grc'><strong>1</strong></span> <span class='ocrx_word' id='word_1_8' title='bbox 1735 163 1786 191; x_wconf 68' lang='grc'><strong>270</strong></span> 
     </span>
    </p>
   </div>
   <div class='ocr_carea' id='block_1_4' title="bbox 169 217 957 258">
    <p class='ocr_par' dir='ltr' id='par_1_4' title="bbox 169 217 954 258">
     <span class='ocr_line' id='line_1_4' title="bbox 169 217 954 258; baseline 0.003 -10"><span class='ocrx_word' id='word_1_9' title='bbox 169 221 237 257; x_wconf 81' lang='grc' dir='ltr'><strong>χάος</strong></span> <span class='ocrx_word' id='word_1_10' title='bbox 249 217 337 254; x_wconf 75' lang='grc' dir='ltr'>αὖθις,</span> <span class='ocrx_word' id='word_1_11' title='bbox 351 218 407 248; x_wconf 73' lang='grc' dir='ltr'>οἷον</span> <span class='ocrx_word' id='word_1_12' title='bbox 423 221 454 248; x_wconf 82' lang='grc' dir='ltr'>τδ</span> <span class='ocrx_word' id='word_1_13' title='bbox 468 222 521 257; x_wconf 82' lang='grc' dir='ltr'><strong>πρὸ</strong></span> <span class='ocrx_word' id='word_1_14' title='bbox 540 222 591 257; x_wconf 83' lang='grc' dir='ltr'>τῆς</span> <span class='ocrx_word' id='word_1_15' title='bbox 607 221 653 249; x_wconf 82' lang='grc' dir='ltr'>τοῦ</span> <span class='ocrx_word' id='word_1_16' title='bbox 670 223 772 258; x_wconf 84' lang='grc' dir='ltr'><strong>κόσμου</strong></span> <span class='ocrx_word' id='word_1_17' title='bbox 797 222 954 255; x_wconf 77' lang='grc' dir='ltr'><strong>διατάξεως,</strong></span> 
     </span>
    </p>
   </div>
   <div class='ocr_carea' id='block_1_5' title="bbox 1008 217 1786 258">
    <p class='ocr_par' dir='ltr' id='par_1_5' title="bbox 1008 222 1786 258">
     <span class='ocr_line' id='line_1_5' title="bbox 1008 222 1786 258; baseline 0 -7"><span class='ocrx_word' id='word_1_18' title='bbox 1008 228 1095 255; x_wconf 83' lang='lat' dir='ltr'><strong>erant,</strong></span> <span class='ocrx_word' id='word_1_19' title='bbox 1113 223 1185 250; x_wconf 91' lang='lat' dir='ltr'><strong>nullo</strong></span> <span class='ocrx_word' id='word_1_20' title='bbox 1201 223 1306 258; x_wconf 71' lang='lat' dir='ltr'><strong>negotio</strong></span> <span class='ocrx_word' id='word_1_21' title='bbox 1331 222 1471 256; x_wconf 83' lang='lat' dir='ltr'><strong>restituit;</strong></span> <span class='ocrx_word' id='word_1_22' title='bbox 1495 223 1575 258; x_wconf 84' lang='lat' dir='ltr'><strong>idque</strong></span> <span class='ocrx_word' id='word_1_23' title='bbox 1594 231 1647 251; x_wconf 92' lang='lat' dir='ltr'><strong>non</strong></span> <span class='ocrx_word' id='word_1_24' title='bbox 1664 223 1734 252; x_wconf 84' lang='lat' dir='ltr'><strong>clam</strong></span> <span class='ocrx_word' id='word_1_25' title='bbox 1758 228 1786 251; x_wconf 88' lang='lat' dir='ltr'><strong>et</strong></span> 
     </span>
    </p>
   </div>
   <div class='ocr_carea' id='block_1_6' title="bbox 169 267 952 304">
    <p class='ocr_par' dir='ltr' id='par_1_6' title="bbox 169 267 952 304">
     <span class='ocr_line' id='line_1_6' title="bbox 169 267 952 304; baseline 0.004 -11"><span class='ocrx_word' id='word_1_26' title='bbox 169 267 379 302; x_wconf 68' lang='grc' dir='ltr'>ἐπικρατήσειν·</span> <span class='ocrx_word' id='word_1_27' title='bbox 397 268 519 302; x_wconf 78' lang='grc' dir='ltr'><strong>ἐζητεῖτο</strong></span> <span class='ocrx_word' id='word_1_28' title='bbox 541 268 568 294; x_wconf 78' lang='grc' dir='ltr'><strong>δὲ</strong></span> <span class='ocrx_word' id='word_1_29' title='bbox 589 269 679 295; x_wconf 76' lang='grc' dir='ltr'>καὶτὸ</span> <span class='ocrx_word' id='word_1_30' title='bbox 701 269 786 296; x_wconf 77' lang='grc' dir='ltr'>αἴτιον</span> <span class='ocrx_word' id='word_1_31' title='bbox 806 269 854 296; x_wconf 75' lang='grc' dir='ltr'><strong>τοῦ</strong></span> <span class='ocrx_word' id='word_1_32' title='bbox 876 270 952 304; x_wconf 88' lang='grc' dir='ltr'>τηλι-</span> 
     </span>
    </p>
   </div>
   <div class='ocr_carea' id='block_1_7' title="bbox 169 312 953 353">
    <p class='ocr_par' dir='ltr' id='par_1_7' title="bbox 169 312 953 353">
     <span class='ocr_line' id='line_1_7' title="bbox 169 312 953 353; baseline 0.006 -15"><span class='ocrx_word' id='word_1_33' title='bbox 169 312 265 339; x_wconf 84' lang='grc' dir='ltr'>κούτου</span> <span class='ocrx_word' id='word_1_34' title='bbox 281 312 375 346; x_wconf 77' lang='grc' dir='ltr'>κακοῦ,</span> <span class='ocrx_word' id='word_1_35' title='bbox 392 314 438 340; x_wconf 71' lang='grc' dir='ltr'>καὶ</span> <span class='ocrx_word' id='word_1_36' title='bbox 452 314 502 340; x_wconf 75' lang='grc' dir='ltr'>εἴτι</span> <span class='ocrx_word' id='word_1_37' title='bbox 518 314 677 350; x_wconf 81' lang='grc' dir='ltr'>πλημμελὲς</span> <span class='ocrx_word' id='word_1_38' title='bbox 699 316 752 342; x_wconf 80' lang='grc' dir='ltr'><strong>ὑπὸ</strong></span> <span class='ocrx_word' id='word_1_39' title='bbox 772 316 827 343; x_wconf 82' lang='grc' dir='ltr'>τῶν</span> <span class='ocrx_word' id='word_1_40' title='bbox 849 316 953 353; x_wconf 81' lang='grc' dir='ltr'>ἀνθρώ-</span> 
     </span>
    </p>
   </div>
   <div class='ocr_carea' id='block_1_8' title="bbox 171 358 954 398">
    <p class='ocr_par' dir='ltr' id='par_1_8' title="bbox 171 358 954 398">
     <span class='ocr_line' id='line_1_8' title="bbox 171 358 954 398; baseline 0.005 -14"><span class='ocrx_word' id='word_1_41' title='bbox 171 367 230 385; x_wconf 87' lang='grc' dir='ltr'><strong>πων</strong></span> <span class='ocrx_word' id='word_1_42' title='bbox 246 359 286 390; x_wconf 77' lang='grc' dir='ltr'><strong>εἰς</strong></span> <span class='ocrx_word' id='word_1_43' title='bbox 299 358 330 385; x_wconf 84' lang='grc' dir='ltr'>τὸ</span> <span class='ocrx_word' id='word_1_44' title='bbox 345 359 421 386; x_wconf 86' lang='grc' dir='ltr'>Θεῑον</span> <span class='ocrx_word' id='word_1_45' title='bbox 442 359 545 394; x_wconf 82' lang='grc' dir='ltr'>γένοιτο</span> <span class='ocrx_word' id='word_1_46' title='bbox 557 369 564 375; x_wconf 69' lang='grc' dir='ltr'>ι</span> <span class='ocrx_word' id='word_1_47' title='bbox 581 360 634 393; x_wconf 82' lang='grc' dir='ltr'><strong>ἓως</strong></span> <span class='ocrx_word' id='word_1_48' title='bbox 647 361 691 388; x_wconf 80' lang='grc' dir='ltr'>ὅτε</span> <span class='ocrx_word' id='word_1_49' title='bbox 710 361 782 398; x_wconf 72' lang='grc' dir='ltr'>ἠπίῳ</span> <span class='ocrx_word' id='word_1_50' title='bbox 798 362 852 397; x_wconf 89' lang='grc'><strong>(80)</strong></span> <span class='ocrx_word' id='word_1_51' title='bbox 871 371 954 396; x_wconf 83' lang='grc' dir='ltr'>μεγα-</span> 
     </span>
    </p>
   </div>
   <div class='ocr_carea' id='block_1_9' title="bbox 169 406 951 445">
    <p class='ocr_par' dir='ltr' id='par_1_9' title="bbox 169 406 951 445">
     <span class='ocr_line' id='line_1_9' title="bbox 169 406 951 445; baseline 0.004 -13"><span class='ocrx_word' id='word_1_52' title='bbox 169 406 284 442; x_wconf 67' lang='grc' dir='ltr'>λοψυχίᾳ.</span> <span class='ocrx_word' id='word_1_53' title='bbox 314 407 363 442; x_wconf 83' lang='grc' dir='ltr'><strong>τῆς</strong></span> <span class='ocrx_word' id='word_1_54' title='bbox 386 406 440 433; x_wconf 82' lang='grc' dir='ltr'>τῶν</span> <span class='ocrx_word' id='word_1_55' title='bbox 469 407 574 434; x_wconf 78' lang='grc' dir='ltr'>ἀσεϐῶν</span> <span class='ocrx_word' id='word_1_56' title='bbox 601 407 706 444; x_wconf 76' lang='grc' dir='ltr'>ὕϐρεως</span> <span class='ocrx_word' id='word_1_57' title='bbox 732 409 951 445; x_wconf 74' lang='grc' dir='ltr'><strong>ὑπερφρονήσας,</strong></span> 
     </span>
    </p>
   </div>
   <div class='ocr_carea' id='block_1_10' title="bbox 169 452 952 490">
    <p class='ocr_par' dir='ltr' id='par_1_10' title="bbox 169 452 952 490">
     <span class='ocr_line' id='line_1_10' title="bbox 169 452 952 490; baseline 0.003 -12"><span class='ocrx_word' id='word_1_58' title='bbox 169 452 340 488; x_wconf 81' lang='grc' dir='ltr'>ἀποκαθίστη</span> <span class='ocrx_word' id='word_1_59' title='bbox 363 452 408 479; x_wconf 80' lang='grc' dir='ltr'>τὸν</span> <span class='ocrx_word' id='word_1_60' title='bbox 423 453 535 489; x_wconf 81' lang='grc' dir='ltr'>οὐρανὸν</span> <span class='ocrx_word' id='word_1_61' title='bbox 558 454 702 489; x_wconf 80' lang='grc' dir='ltr'>σύμπαντα</span> <span class='ocrx_word' id='word_1_62' title='bbox 726 456 757 490; x_wconf 82' lang='grc' dir='ltr'><strong>τῇ</strong></span> <span class='ocrx_word' id='word_1_63' title='bbox 774 455 828 481; x_wconf 80' lang='grc' dir='ltr'>τῶν</span> <span class='ocrx_word' id='word_1_64' title='bbox 846 455 952 490; x_wconf 80' lang='grc' dir='ltr'><strong>ἄστρων</strong></span> 
     </span>
    </p>
   </div>
   <div class='ocr_carea' id='block_1_11' title="bbox 169 497 951 536">
    <p class='ocr_par' dir='ltr' id='par_1_11' title="bbox 169 497 951 536">
     <span class='ocr_line' id='line_1_11' title="bbox 169 497 951 536; baseline 0.004 -14"><span class='ocrx_word' id='word_1_65' title='bbox 169 497 352 532; x_wconf 71' lang='grc' dir='ltr'><strong>κατακοσμῶν</strong></span> <span class='ocrx_word' id='word_1_66' title='bbox 368 498 471 533; x_wconf 74' lang='grc' dir='ltr'>χορείᾳ.</span> <span class='ocrx_word' id='word_1_67' title='bbox 489 499 632 535; x_wconf 79' lang='grc' dir='ltr'><strong>Τοιγάρτοι</strong></span> <span class='ocrx_word' id='word_1_68' title='bbox 649 499 724 535; x_wconf 84' lang='grc' dir='ltr'>ποσῷ</span> <span class='ocrx_word' id='word_1_69' title='bbox 736 500 790 535; x_wconf 80' lang='lat' dir='ltr'><strong>(Si)</strong></span> <span class='ocrx_word' id='word_1_70' title='bbox 809 501 883 536; x_wconf 78' lang='grc' dir='ltr'>καὶὴ</span> <span class='ocrx_word' id='word_1_71' title='bbox 904 499 951 525; x_wconf 76' lang='grc' dir='ltr'>τοῦ</span> 
     </span>
    </p>
   </div>
   <div class='ocr_carea' id='block_1_12' title="bbox 170 544 951 582">
    <p class='ocr_par' dir='ltr' id='par_1_12' title="bbox 170 544 951 582">
     <span class='ocr_line' id='line_1_12' title="bbox 170 544 951 582; baseline 0.005 -13"><span class='ocrx_word' id='word_1_72' title='bbox 170 544 272 578; x_wconf 82' lang='grc' dir='ltr'><strong>κόσμου</strong></span> <span class='ocrx_word' id='word_1_73' title='bbox 284 544 414 579; x_wconf 74' lang='grc' dir='ltr'>πρόσοψις</span> <span class='ocrx_word' id='word_1_74' title='bbox 427 546 629 582; x_wconf 81' lang='grc' dir='ltr'>σκυθρωπῶσα,</span> <span class='ocrx_word' id='word_1_75' title='bbox 644 547 683 578; x_wconf 84' lang='grc' dir='ltr'><strong>εἰς</strong></span> <span class='ocrx_word' id='word_1_76' title='bbox 692 546 741 582; x_wconf 86' lang='grc' dir='ltr'>τὴν</span> <span class='ocrx_word' id='word_1_77' title='bbox 754 546 857 573; x_wconf 78' lang='grc' dir='ltr'><strong>οἰκείαν</strong></span> <span class='ocrx_word' id='word_1_78' title='bbox 871 544 951 578; x_wconf 78' lang='grc' dir='ltr'>αὖθις</span> 
     </span>
    </p>
   </div>
   <div class='ocr_carea' id='block_1_13' title="bbox 169 587 559 627">
    <p class='ocr_par' dir='ltr' id='par_1_13' title="bbox 169 587 559 627">
     <span class='ocr_line' id='line_1_13' title="bbox 169 587 559 627; baseline 0.01 -13"><span class='ocrx_word' id='word_1_79' title='bbox 169 587 370 616; x_wconf 80' lang='grc' dir='ltr'>ἀποκαθίστατο</span> <span class='ocrx_word' id='word_1_80' title='bbox 384 591 559 627; x_wconf 82' lang='grc' dir='ltr'>φαιδρότητα.</span> 
     </span>
    </p>
   </div>
   <div class='ocr_carea' id='block_1_14' title="bbox 1004 268 1785 315">
    <p class='ocr_par' dir='ltr' id='par_1_14' title="bbox 1004 268 1785 315">
     <span class='ocr_line' id='line_1_14' title="bbox 1004 268 1785 315; baseline 0 -18"><span class='ocrx_word' id='word_1_81' title='bbox 1004 269 1120 297; x_wconf 72' lang='grc' dir='ltr'>θουιιιιο.</span> <span class='ocrx_word' id='word_1_82' title='bbox 1135 268 1246 295; x_wconf 86' lang='lat' dir='ltr'><strong>Sciebat</strong></span> <span class='ocrx_word' id='word_1_83' title='bbox 1257 269 1329 295; x_wconf 91' lang='lat' dir='ltr'><strong>enim</strong></span> <span class='ocrx_word' id='word_1_84' title='bbox 1345 270 1478 303; x_wconf 83' lang='lat' dir='ltr'><strong>quosdam</strong></span> <span class='ocrx_word' id='word_1_85' title='bbox 1494 277 1555 297; x_wconf 83' lang='lat' dir='ltr'><strong>esse</strong></span> <span class='ocrx_word' id='word_1_86' title='bbox 1583 270 1705 298; x_wconf 85' lang='lat' dir='ltr'><strong>homines</strong></span> <span class='ocrx_word' id='word_1_87' title='bbox 1715 291 1724 304; x_wconf 90' lang='lat'><strong>,</strong></span> <span class='ocrx_word' id='word_1_88' title='bbox 1738 270 1785 315; x_wconf 65' lang='lat' dir='ltr'><strong>qui</strong></span> 
     </span>
    </p>
   </div>
   <div class='ocr_carea' id='block_1_15' title="bbox 1005 314 1785 349">
    <p class='ocr_par' dir='ltr' id='par_1_15' title="bbox 1005 314 1785 349">
     <span class='ocr_line' id='line_1_15' title="bbox 1005 314 1785 349; baseline 0.001 -7"><span class='ocrx_word' id='word_1_89' title='bbox 1005 315 1133 342; x_wconf 85' lang='lat' dir='ltr'><strong>virtutem</strong></span> <span class='ocrx_word' id='word_1_90' title='bbox 1149 314 1234 349; x_wconf 85' lang='lat' dir='ltr'><strong>ipsius</strong></span> <span class='ocrx_word' id='word_1_91' title='bbox 1250 322 1282 342; x_wconf 83' lang='lat' dir='ltr'><strong>ae</strong></span> <span class='ocrx_word' id='word_1_92' title='bbox 1298 316 1459 349; x_wconf 91' lang='lat' dir='ltr'><strong>potentiam,</strong></span> <span class='ocrx_word' id='word_1_93' title='bbox 1476 317 1575 344; x_wconf 87' lang='lat' dir='ltr'><strong>mentis</strong></span> <span class='ocrx_word' id='word_1_94' title='bbox 1593 316 1650 343; x_wconf 89' lang='lat' dir='ltr'><strong>acie</strong></span> <span class='ocrx_word' id='word_1_95' title='bbox 1664 314 1785 344; x_wconf 79' lang='lat' dir='ltr'><strong>contem-</strong></span> 
     </span>
    </p>
   </div>
   <div class='ocr_carea' id='block_1_16' title="bbox 1005 360 1784 396">
    <p class='ocr_par' dir='ltr' id='par_1_16' title="bbox 1005 360 1784 396">
     <span class='ocr_line' id='line_1_16' title="bbox 1005 360 1784 396; baseline 0.003 -10"><span class='ocrx_word' id='word_1_96' title='bbox 1005 361 1164 395; x_wconf 85' lang='lat' dir='ltr'><strong>plarentur:</strong></span> <span class='ocrx_word' id='word_1_97' title='bbox 1191 360 1259 388; x_wconf 90' lang='lat' dir='ltr'><strong>alios</strong></span> <span class='ocrx_word' id='word_1_98' title='bbox 1286 367 1351 387; x_wconf 86' lang='lat' dir='ltr'><strong>vero</strong></span> <span class='ocrx_word' id='word_1_99' title='bbox 1376 367 1468 396; x_wconf 90' lang='lat' dir='ltr'><strong>utpote</strong></span> <span class='ocrx_word' id='word_1_100' title='bbox 1492 363 1577 389; x_wconf 92' lang='lat' dir='ltr'><strong>brutis</strong></span> <span class='ocrx_word' id='word_1_101' title='bbox 1601 362 1784 391; x_wconf 81' lang='lat' dir='ltr'><strong>animantibus</strong></span> 
     </span>
    </p>
   </div>
   <div class='ocr_carea' id='block_1_17' title="bbox 1005 406 1786 442">
    <p class='ocr_par' dir='ltr' id='par_1_17' title="bbox 1005 406 1786 442">
     <span class='ocr_line' id='line_1_17' title="bbox 1005 406 1786 442; baseline 0.004 -10"><span class='ocrx_word' id='word_1_102' title='bbox 1005 406 1157 441; x_wconf 88' lang='lat' dir='ltr'><strong>persimiles</strong></span> <span class='ocrx_word' id='word_1_103' title='bbox 1178 406 1264 440; x_wconf 81' lang='lat' dir='ltr'><strong>magis</strong></span> <span class='ocrx_word' id='word_1_104' title='bbox 1279 406 1405 434; x_wconf 91' lang='lat' dir='ltr'><strong>sensibus</strong></span> <span class='ocrx_word' id='word_1_105' title='bbox 1421 407 1561 435; x_wconf 70' lang='lat' dir='ltr'><strong>inhaerere.</strong></span> <span class='ocrx_word' id='word_1_106' title='bbox 1579 408 1639 435; x_wconf 87' lang='lat' dir='ltr'><strong>ldeo</strong></span> <span class='ocrx_word' id='word_1_107' title='bbox 1653 408 1741 442; x_wconf 83' lang='lat' dir='ltr'><strong>palam</strong></span> <span class='ocrx_word' id='word_1_108' title='bbox 1756 413 1786 435; x_wconf 91' lang='lat' dir='ltr'><strong>et</strong></span> 
     </span>
    </p>
   </div>
   <div class='ocr_carea' id='block_1_18' title="bbox 1005 451 1783 488">
    <p class='ocr_par' dir='ltr' id='par_1_18' title="bbox 1005 451 1783 488">
     <span class='ocr_line' id='line_1_18' title="bbox 1005 451 1783 488; baseline 0.003 -10"><span class='ocrx_word' id='word_1_109' title='bbox 1005 455 1107 486; x_wconf 87' lang='lat' dir='ltr'><strong>aperte,</strong></span> <span class='ocrx_word' id='word_1_110' title='bbox 1125 459 1158 478; x_wconf 95' lang='lat' dir='ltr'><strong>ne</strong></span> <span class='ocrx_word' id='word_1_111' title='bbox 1174 451 1234 486; x_wconf 86' lang='lat' dir='ltr'><strong>quis</strong></span> <span class='ocrx_word' id='word_1_112' title='bbox 1250 451 1308 478; x_wconf 84' lang='lat' dir='ltr'><strong>sive</strong></span> <span class='ocrx_word' id='word_1_113' title='bbox 1324 452 1413 480; x_wconf 91' lang='lat' dir='ltr'><strong>bonus</strong></span> <span class='ocrx_word' id='word_1_114' title='bbox 1438 452 1494 479; x_wconf 76' lang='lat' dir='ltr'><strong>sive</strong></span> <span class='ocrx_word' id='word_1_115' title='bbox 1509 453 1646 488; x_wconf 86' lang='lat' dir='ltr'><strong>improbus</strong></span> <span class='ocrx_word' id='word_1_116' title='bbox 1659 453 1783 480; x_wconf 85' lang='lat' dir='ltr'><strong>dubitare</strong></span> 
     </span>
    </p>
   </div>
   <div class='ocr_carea' id='block_1_19' title="bbox 1005 497 1782 533">
    <p class='ocr_par' dir='ltr' id='par_1_19' title="bbox 1005 497 1782 533">
     <span class='ocr_line' id='line_1_19' title="bbox 1005 497 1782 533; baseline 0.003 -9"><span class='ocrx_word' id='word_1_117' title='bbox 1005 502 1106 533; x_wconf 82' lang='lat' dir='ltr'><strong>posset,</strong></span> <span class='ocrx_word' id='word_1_118' title='bbox 1131 497 1323 524; x_wconf 83' lang='lat' dir='ltr'><strong>beatitudinem</strong></span> <span class='ocrx_word' id='word_1_119' title='bbox 1347 503 1374 525; x_wconf 86' lang='lat' dir='ltr'><strong>et</strong></span> <span class='ocrx_word' id='word_1_120' title='bbox 1403 498 1588 525; x_wconf 89' lang='lat' dir='ltr'><strong>admirabilem</strong></span> <span class='ocrx_word' id='word_1_121' title='bbox 1613 499 1782 526; x_wconf 83' lang='lat' dir='ltr'><strong>curationem</strong></span> 
     </span>
    </p>
   </div>
   <div class='ocr_carea' id='block_1_20' title="bbox 1004 543 1784 579">
    <p class='ocr_par' dir='ltr' id='par_1_20' title="bbox 1004 543 1784 579">
     <span class='ocr_line' id='line_1_20' title="bbox 1004 543 1784 579; baseline 0 -7"><span class='ocrx_word' id='word_1_122' title='bbox 1004 543 1123 572; x_wconf 86' lang='lat' dir='ltr'><strong>Omnium</strong></span> <span class='ocrx_word' id='word_1_123' title='bbox 1140 543 1226 571; x_wconf 76' lang='lat' dir='ltr'><strong>oculis</strong></span> <span class='ocrx_word' id='word_1_124' title='bbox 1237 543 1352 578; x_wconf 87' lang='lat' dir='ltr'><strong>subjecit</strong></span> <span class='ocrx_word' id='word_1_125' title='bbox 1367 553 1373 571; x_wconf 92' lang='lat'>:</span> <span class='ocrx_word' id='word_1_126' title='bbox 1391 544 1506 571; x_wconf 89' lang='lat' dir='ltr'><strong>mortuis</strong></span> <span class='ocrx_word' id='word_1_127' title='bbox 1520 545 1626 579; x_wconf 86' lang='lat' dir='ltr'><strong>quidem</strong></span> <span class='ocrx_word' id='word_1_128' title='bbox 1642 545 1723 572; x_wconf 83' lang='lat' dir='ltr'><strong>vitam</strong></span> <span class='ocrx_word' id='word_1_129' title='bbox 1740 545 1784 572; x_wconf 90' lang='lat' dir='ltr'><strong>de-</strong></span> 
     </span>
    </p>
   </div>
   <div class='ocr_carea' id='block_1_21' title="bbox 1005 588 1782 624">
    <p class='ocr_par' dir='ltr' id='par_1_21' title="bbox 1005 588 1782 624">
     <span class='ocr_line' id='line_1_21' title="bbox 1005 588 1782 624; baseline 0.004 -9"><span class='ocrx_word' id='word_1_130' title='bbox 1005 596 1058 616; x_wconf 92' lang='lat' dir='ltr'><strong>nuo</strong></span> <span class='ocrx_word' id='word_1_131' title='bbox 1072 588 1215 616; x_wconf 89' lang='lat' dir='ltr'><strong>restituens</strong></span> <span class='ocrx_word' id='word_1_132' title='bbox 1228 609 1235 623; x_wconf 86' lang='lat'><strong>,</strong></span> <span class='ocrx_word' id='word_1_133' title='bbox 1249 596 1296 617; x_wconf 88' lang='lat' dir='ltr'><strong>eos</strong></span> <span class='ocrx_word' id='word_1_134' title='bbox 1308 597 1373 618; x_wconf 88' lang='lat' dir='ltr'><strong>vero</strong></span> <span class='ocrx_word' id='word_1_135' title='bbox 1385 590 1431 624; x_wconf 92' lang='lat' dir='ltr'><strong>qui</strong></span> <span class='ocrx_word' id='word_1_136' title='bbox 1447 590 1570 618; x_wconf 86' lang='lat' dir='ltr'><strong>sensibus</strong></span> <span class='ocrx_word' id='word_1_137' title='bbox 1578 591 1664 618; x_wconf 80' lang='lat' dir='ltr'><strong>orbati</strong></span> <span class='ocrx_word' id='word_1_138' title='bbox 1681 595 1782 623; x_wconf 83' lang='lat' dir='ltr'><strong>essent,</strong></span> 
     </span>
    </p>
   </div>
   <div class='ocr_carea' id='block_1_22' title="bbox 170 637 1783 675">
    <p class='ocr_par' dir='ltr' id='par_1_22' title="bbox 170 637 1783 675">
     <span class='ocr_line' id='line_1_22' title="bbox 170 637 1783 675; baseline 0.003 -14"><span class='ocrx_word' id='word_1_139' title='bbox 170 637 312 670; x_wconf 86' lang='lat' dir='ltr'><strong>pristinum</strong></span> <span class='ocrx_word' id='word_1_140' title='bbox 335 645 412 665; x_wconf 93' lang='lat' dir='ltr'><strong>usum</strong></span> <span class='ocrx_word' id='word_1_141' title='bbox 442 646 568 666; x_wconf 87' lang='lat' dir='ltr'><strong>sensuum</strong></span> <span class='ocrx_word' id='word_1_142' title='bbox 593 646 754 675; x_wconf 88' lang='lat' dir='ltr'><strong>recuperare</strong></span> <span class='ocrx_word' id='word_1_143' title='bbox 775 638 943 674; x_wconf 66' lang='lat' dir='ltr'><strong>praecipiens.</strong></span> <span class='ocrx_word' id='word_1_144' title='bbox 964 637 1037 665; x_wconf 79' lang='lat' dir='ltr'><strong>Mare</strong></span> <span class='ocrx_word' id='word_1_145' title='bbox 1071 644 1136 664; x_wconf 91' lang='lat' dir='ltr'><strong>vero</strong></span> <span class='ocrx_word' id='word_1_146' title='bbox 1162 637 1277 664; x_wconf 87' lang='lat' dir='ltr'><strong>solidum</strong></span> <span class='ocrx_word' id='word_1_147' title='bbox 1303 637 1464 672; x_wconf 86' lang='lat' dir='ltr'><strong>reddidisse,</strong></span> <span class='ocrx_word' id='word_1_148' title='bbox 1496 642 1523 665; x_wconf 91' lang='lat' dir='ltr'><strong>et</strong></span> <span class='ocrx_word' id='word_1_149' title='bbox 1538 638 1564 665; x_wconf 92' lang='lat' dir='ltr'><strong>in</strong></span> <span class='ocrx_word' id='word_1_150' title='bbox 1585 639 1672 666; x_wconf 87' lang='lat' dir='ltr'><strong>media</strong></span> <span class='ocrx_word' id='word_1_151' title='bbox 1716 643 1783 666; x_wconf 90' lang='lat' dir='ltr'><strong>tem-</strong></span> 
     </span>
    </p>
   </div>
   <div class='ocr_carea' id='block_1_23' title="bbox 171 685 1785 721">
    <p class='ocr_par' dir='ltr' id='par_1_23' title="bbox 171 685 1785 721">
     <span class='ocr_line' id='line_1_23' title="bbox 171 685 1785 721; baseline 0.004 -13"><span class='ocrx_word' id='word_1_152' title='bbox 171 688 276 716; x_wconf 84' lang='lat' dir='ltr'><strong>pestate</strong></span> <span class='ocrx_word' id='word_1_153' title='bbox 300 685 523 718; x_wconf 81' lang='lat' dir='ltr'><strong>tranquillitatem</strong></span> <span class='ocrx_word' id='word_1_154' title='bbox 539 686 607 713; x_wconf 90' lang='lat' dir='ltr'><strong>oriri</strong></span> <span class='ocrx_word' id='word_1_155' title='bbox 629 686 762 720; x_wconf 76' lang='lat' dir='ltr'><strong>iussisse;</strong></span> <span class='ocrx_word' id='word_1_156' title='bbox 779 694 811 713; x_wconf 87' lang='lat' dir='ltr'><strong>ac</strong></span> <span class='ocrx_word' id='word_1_157' title='bbox 835 691 970 721; x_wconf 89' lang='lat' dir='ltr'><strong>postremo</strong></span> <span class='ocrx_word' id='word_1_158' title='bbox 989 692 1050 713; x_wconf 90' lang='lat' dir='ltr'><strong>cum</strong></span> <span class='ocrx_word' id='word_1_159' title='bbox 1082 685 1240 713; x_wconf 88' lang='lat' dir='ltr'><strong>admiranda</strong></span> <span class='ocrx_word' id='word_1_160' title='bbox 1253 692 1336 720; x_wconf 85' lang='lat' dir='ltr'><strong>opera</strong></span> <span class='ocrx_word' id='word_1_161' title='bbox 1355 686 1494 718; x_wconf 85' lang='lat' dir='ltr'><strong>edidisset.</strong></span> <span class='ocrx_word' id='word_1_162' title='bbox 1514 691 1540 714; x_wconf 89' lang='lat' dir='ltr'><strong>et</strong></span> <span class='ocrx_word' id='word_1_163' title='bbox 1555 687 1678 714; x_wconf 76' lang='lat' dir='ltr'><strong>homines</strong></span> <span class='ocrx_word' id='word_1_164' title='bbox 1696 687 1729 714; x_wconf 86' lang='lat' dir='ltr'><strong>ab</strong></span> <span class='ocrx_word' id='word_1_165' title='bbox 1747 687 1785 714; x_wconf 90' lang='lat' dir='ltr'><strong>in-</strong></span> 
     </span>
    </p>
   </div>
   <div class='ocr_carea' id='block_1_24' title="bbox 170 727 1785 766">
    <p class='ocr_par' dir='ltr' id='par_1_24' title="bbox 170 727 1785 766">
     <span class='ocr_line' id='line_1_24' title="bbox 170 727 1785 766; baseline 0.003 -12"><span class='ocrx_word' id='word_1_166' title='bbox 170 727 330 755; x_wconf 85' lang='lat' dir='ltr'><strong>credulitate</strong></span> <span class='ocrx_word' id='word_1_167' title='bbox 345 729 379 756; x_wconf 88' lang='lat' dir='ltr'><strong>ad</strong></span> <span class='ocrx_word' id='word_1_168' title='bbox 395 731 610 758; x_wconf 84' lang='lat' dir='ltr'><strong>robustissimam</strong></span> <span class='ocrx_word' id='word_1_169' title='bbox 632 730 710 758; x_wconf 88' lang='lat' dir='ltr'><strong>fidem</strong></span> <span class='ocrx_word' id='word_1_170' title='bbox 727 731 904 763; x_wconf 73' lang='lat' dir='ltr'><strong>traduxisset,</strong></span> <span class='ocrx_word' id='word_1_171' title='bbox 921 731 946 757; x_wconf 91' lang='lat' dir='ltr'><strong>in</strong></span> <span class='ocrx_word' id='word_1_172' title='bbox 965 730 1063 757; x_wconf 87' lang='lat' dir='ltr'><strong>coelum</strong></span> <span class='ocrx_word' id='word_1_173' title='bbox 1090 729 1257 763; x_wconf 82' lang='lat' dir='ltr'><strong>evolavisse;</strong></span> <span class='ocrx_word' id='word_1_174' title='bbox 1281 730 1360 766; x_wconf 85' lang='lat' dir='ltr'><strong>cujus</strong></span> <span class='ocrx_word' id='word_1_175' title='bbox 1384 731 1490 759; x_wconf 84' lang='lat' dir='ltr'><strong>tandem</strong></span> <span class='ocrx_word' id='word_1_176' title='bbox 1505 731 1557 759; x_wconf 83' lang='lat' dir='ltr'><strong>nisi</strong></span> <span class='ocrx_word' id='word_1_177' title='bbox 1588 731 1634 759; x_wconf 86' lang='lat' dir='ltr'><strong>Dei</strong></span> <span class='ocrx_word' id='word_1_178' title='bbox 1650 736 1676 759; x_wconf 85' lang='lat' dir='ltr'><strong>et</strong></span> <span class='ocrx_word' id='word_1_179' title='bbox 1690 739 1785 766; x_wconf 80' lang='lat' dir='ltr'><strong>supre-</strong></span> 
     </span>
    </p>
   </div>
   <div class='ocr_carea' id='block_1_25' title="bbox 175 775 1785 814">
    <p class='ocr_par' dir='ltr' id='par_1_25' title="bbox 175 775 1785 814">
     <span class='ocr_line' id='line_1_25' title="bbox 175 775 1785 814; baseline 0.002 -12"><span class='ocrx_word' id='word_1_180' title='bbox 175 782 227 802; x_wconf 86' lang='lat' dir='ltr'><strong>mae</strong></span> <span class='ocrx_word' id='word_1_181' title='bbox 246 775 384 810; x_wconf 81' lang='lat' dir='ltr'><strong>cujusdam</strong></span> <span class='ocrx_word' id='word_1_182' title='bbox 417 779 543 812; x_wconf 66' lang='lat' dir='ltr'><strong>potentiae</strong></span> <span class='ocrx_word' id='word_1_183' title='bbox 562 786 629 814; x_wconf 89' lang='lat' dir='ltr'><strong>opus</strong></span> <span class='ocrx_word' id='word_1_184' title='bbox 653 777 722 806; x_wconf 82' lang='lat' dir='ltr'><strong>fuit?</strong></span> <span class='ocrx_word' id='word_1_185' title='bbox 737 777 790 806; x_wconf 88' lang='lat' dir='ltr'><strong>Sed</strong></span> <span class='ocrx_word' id='word_1_186' title='bbox 812 785 900 812; x_wconf 88' lang='lat' dir='ltr'><strong>neque</strong></span> <span class='ocrx_word' id='word_1_187' title='bbox 931 782 1036 812; x_wconf 90' lang='lat' dir='ltr'><strong>tempus</strong></span> <span class='ocrx_word' id='word_1_188' title='bbox 1062 777 1127 804; x_wconf 89' lang='lat' dir='ltr'><strong>illud</strong></span> <span class='ocrx_word' id='word_1_189' title='bbox 1147 777 1216 812; x_wconf 87' lang='lat' dir='ltr'><strong>quod</strong></span> <span class='ocrx_word' id='word_1_190' title='bbox 1247 777 1367 812; x_wconf 90' lang='lat' dir='ltr'><strong>passioni</strong></span> <span class='ocrx_word' id='word_1_191' title='bbox 1390 778 1541 813; x_wconf 81' lang='lat' dir='ltr'><strong>proximum</strong></span> <span class='ocrx_word' id='word_1_192' title='bbox 1566 777 1632 811; x_wconf 79' lang='lat' dir='ltr'><strong>fuit,</strong></span> <span class='ocrx_word' id='word_1_193' title='bbox 1648 779 1785 805; x_wconf 87' lang='lat' dir='ltr'><strong>admiran-</strong></span> 
     </span>
    </p>
   </div>
   <div class='ocr_carea' id='block_1_26' title="bbox 170 822 1784 861">
    <p class='ocr_par' dir='ltr' id='par_1_26' title="bbox 170 822 1784 861">
     <span class='ocr_line' id='line_1_26' title="bbox 170 822 1784 861; baseline 0.004 -14"><span class='ocrx_word' id='word_1_194' title='bbox 170 822 213 848; x_wconf 85' lang='lat' dir='ltr'><strong>dis</strong></span> <span class='ocrx_word' id='word_1_195' title='bbox 245 822 297 850; x_wconf 88' lang='lat' dir='ltr'><strong>illis</strong></span> <span class='ocrx_word' id='word_1_196' title='bbox 313 825 474 858; x_wconf 81' lang='lat' dir='ltr'><strong>spectaculis</strong></span> <span class='ocrx_word' id='word_1_197' title='bbox 497 826 605 854; x_wconf 81' lang='lat' dir='ltr'><strong>caruit;</strong></span> <span class='ocrx_word' id='word_1_198' title='bbox 623 830 685 854; x_wconf 89' lang='lat' dir='ltr'><strong>tunc</strong></span> <span class='ocrx_word' id='word_1_199' title='bbox 713 833 775 860; x_wconf 84' lang='lat' dir='ltr'><strong>cum</strong></span> <span class='ocrx_word' id='word_1_200' title='bbox 795 826 883 853; x_wconf 91' lang='lat' dir='ltr'><strong>noctis</strong></span> <span class='ocrx_word' id='word_1_201' title='bbox 899 824 986 860; x_wconf 73' lang='lat' dir='ltr'><strong>caligo</strong></span> <span class='ocrx_word' id='word_1_202' title='bbox 1005 824 1130 852; x_wconf 88' lang='lat' dir='ltr'><strong>dittrnum</strong></span> <span class='ocrx_word' id='word_1_203' title='bbox 1147 824 1319 860; x_wconf 86' lang='lat' dir='ltr'><strong>splendorem</strong></span> <span class='ocrx_word' id='word_1_204' title='bbox 1331 825 1490 860; x_wconf 83' lang='lat' dir='ltr'><strong>obscurans,</strong></span> <span class='ocrx_word' id='word_1_205' title='bbox 1508 826 1591 854; x_wconf 87' lang='lat' dir='ltr'><strong>solem</strong></span> <span class='ocrx_word' id='word_1_206' title='bbox 1604 826 1711 861; x_wconf 88' lang='lat' dir='ltr'><strong>penitus</strong></span> <span class='ocrx_word' id='word_1_207' title='bbox 1722 826 1784 853; x_wconf 91' lang='lat' dir='ltr'><strong>abs-</strong></span> 
     </span>
    </p>
   </div>
   <div class='ocr_carea' id='block_1_27' title="bbox 170 870 1785 910">
    <p class='ocr_par' dir='ltr' id='par_1_27' title="bbox 170 870 1785 910">
     <span class='ocr_line' id='line_1_27' title="bbox 170 870 1785 910; baseline 0.003 -13"><span class='ocrx_word' id='word_1_208' title='bbox 170 870 273 899; x_wconf 88' lang='lat' dir='ltr'><strong>condit.</strong></span> <span class='ocrx_word' id='word_1_209' title='bbox 303 871 406 906; x_wconf 84' lang='lat' dir='ltr'><strong>Quippe</strong></span> <span class='ocrx_word' id='word_1_210' title='bbox 416 880 512 900; x_wconf 75' lang='lat' dir='ltr'><strong>omnes</strong></span> <span class='ocrx_word' id='word_1_211' title='bbox 530 874 629 908; x_wconf 85' lang='lat' dir='ltr'><strong>ubique</strong></span> <span class='ocrx_word' id='word_1_212' title='bbox 643 873 756 910; x_wconf 89' lang='lat' dir='ltr'><strong>populos</strong></span> <span class='ocrx_word' id='word_1_213' title='bbox 773 878 863 902; x_wconf 89' lang='lat' dir='ltr'><strong>terror</strong></span> <span class='ocrx_word' id='word_1_214' title='bbox 884 876 1051 908; x_wconf 83' lang='lat' dir='ltr'><strong>pervaserat,</strong></span> <span class='ocrx_word' id='word_1_215' title='bbox 1067 872 1158 899; x_wconf 91' lang='lat' dir='ltr'><strong>mundi</strong></span> <span class='ocrx_word' id='word_1_216' title='bbox 1191 873 1295 900; x_wconf 82' lang='lat' dir='ltr'><strong>exitum</strong></span> <span class='ocrx_word' id='word_1_217' title='bbox 1328 873 1471 901; x_wconf 87' lang='lat' dir='ltr'><strong>advenisse</strong></span> <span class='ocrx_word' id='word_1_218' title='bbox 1500 874 1558 908; x_wconf 87' lang='lat' dir='ltr'><strong>jam</strong></span> <span class='ocrx_word' id='word_1_219' title='bbox 1585 875 1740 907; x_wconf 85' lang='lat' dir='ltr'><strong>credentes,</strong></span> <span class='ocrx_word' id='word_1_220' title='bbox 1758 878 1785 902; x_wconf 89' lang='lat' dir='ltr'><strong>et</strong></span> 
     </span>
    </p>
   </div>
   <div class='ocr_carea' id='block_1_28' title="bbox 171 917 1785 954">
    <p class='ocr_par' dir='ltr' id='par_1_28' title="bbox 171 917 1785 954">
     <span class='ocr_line' id='line_1_28' title="bbox 171 917 1785 954; baseline 0.002 -9"><span class='ocrx_word' id='word_1_221' title='bbox 171 918 198 945; x_wconf 92' lang='lat' dir='ltr'><strong>in</strong></span> <span class='ocrx_word' id='word_1_222' title='bbox 215 917 358 952; x_wconf 89' lang='lat' dir='ltr'><strong>pristinum</strong></span> <span class='ocrx_word' id='word_1_223' title='bbox 368 919 450 946; x_wconf 87' lang='lat' dir='ltr'><strong>chaos</strong></span> <span class='ocrx_word' id='word_1_224' title='bbox 465 919 614 954; x_wconf 84' lang='lat' dir='ltr'><strong>cujusmodi</strong></span> <span class='ocrx_word' id='word_1_225' title='bbox 630 924 693 946; x_wconf 86' lang='lat' dir='ltr'><strong>ante</strong></span> <span class='ocrx_word' id='word_1_226' title='bbox 705 919 797 946; x_wconf 89' lang='lat' dir='ltr'><strong>orbem</strong></span> <span class='ocrx_word' id='word_1_227' title='bbox 811 919 950 946; x_wconf 88' lang='lat' dir='ltr'><strong>conditum</strong></span> <span class='ocrx_word' id='word_1_228' title='bbox 971 918 1030 950; x_wconf 89' lang='lat' dir='ltr'><strong>fuit,</strong></span> <span class='ocrx_word' id='word_1_229' title='bbox 1046 922 1142 946; x_wconf 91' lang='lat' dir='ltr'><strong>cuncta</strong></span> <span class='ocrx_word' id='word_1_230' title='bbox 1160 918 1282 945; x_wconf 88' lang='lat' dir='ltr'><strong>reditura</strong></span> <span class='ocrx_word' id='word_1_231' title='bbox 1316 925 1385 947; x_wconf 85' lang='lat' dir='ltr'><strong>esse.</strong></span> <span class='ocrx_word' id='word_1_232' title='bbox 1416 918 1616 954; x_wconf 78' lang='lat' dir='ltr'><strong>Requirebatur</strong></span> <span class='ocrx_word' id='word_1_233' title='bbox 1629 928 1709 948; x_wconf 90' lang='lat' dir='ltr'><strong>causa</strong></span> <span class='ocrx_word' id='word_1_234' title='bbox 1727 926 1785 948; x_wconf 87' lang='lat' dir='ltr'><strong>tan--</strong></span> 
     </span>
    </p>
   </div>
   <div class='ocr_carea' id='block_1_29' title="bbox 173 964 1786 1000">
    <p class='ocr_par' dir='ltr' id='par_1_29' title="bbox 173 964 1786 1000">
     <span class='ocr_line' id='line_1_29' title="bbox 173 964 1786 1000; baseline 0.002 -8"><span class='ocrx_word' id='word_1_235' title='bbox 173 970 207 992; x_wconf 76' lang='lat' dir='ltr'><strong>tte</strong></span> <span class='ocrx_word' id='word_1_236' title='bbox 223 964 394 998; x_wconf 79' lang='lat' dir='ltr'><strong>calamitatis,</strong></span> <span class='ocrx_word' id='word_1_237' title='bbox 406 971 432 994; x_wconf 89' lang='lat' dir='ltr'><strong>et</strong></span> <span class='ocrx_word' id='word_1_238' title='bbox 448 967 519 1000; x_wconf 92' lang='lat' dir='ltr'><strong>quod</strong></span> <span class='ocrx_word' id='word_1_239' title='bbox 538 970 640 994; x_wconf 90' lang='lat' dir='ltr'><strong>tantum</strong></span> <span class='ocrx_word' id='word_1_240' title='bbox 669 966 757 994; x_wconf 87' lang='lat' dir='ltr'><strong>scelus</strong></span> <span class='ocrx_word' id='word_1_241' title='bbox 786 967 916 995; x_wconf 86' lang='lat' dir='ltr'><strong>adversus</strong></span> <span class='ocrx_word' id='word_1_242' title='bbox 930 966 977 994; x_wconf 85' lang='lat' dir='ltr'><strong>Dei</strong></span> <span class='ocrx_word' id='word_1_243' title='bbox 997 965 1100 993; x_wconf 88' lang='lat' dir='ltr'><strong>Numen</strong></span> <span class='ocrx_word' id='word_1_244' title='bbox 1115 966 1149 993; x_wconf 91' lang='lat' dir='ltr'><strong>ab</strong></span> <span class='ocrx_word' id='word_1_245' title='bbox 1164 965 1320 992; x_wconf 86' lang='lat' dir='ltr'><strong>hominibus</strong></span> <span class='ocrx_word' id='word_1_246' title='bbox 1337 965 1483 992; x_wconf 89' lang='lat' dir='ltr'><strong>admissum</strong></span> <span class='ocrx_word' id='word_1_247' title='bbox 1495 965 1591 994; x_wconf 84' lang='lat' dir='ltr'><strong>fuisset</strong></span> <span class='ocrx_word' id='word_1_248' title='bbox 1607 965 1703 994; x_wconf 86' lang='lat' dir='ltr'><strong>:donec</strong></span> <span class='ocrx_word' id='word_1_249' title='bbox 1714 967 1786 996; x_wconf 88' lang='lat' dir='ltr'><strong>Deus</strong></span> 
     </span>
    </p>
   </div>
   <div class='ocr_carea' id='block_1_30' title="bbox 170 1011 1784 1050">
    <p class='ocr_par' dir='ltr' id='par_1_30' title="bbox 170 1011 1784 1050">
     <span class='ocr_line' id='line_1_30' title="bbox 170 1011 1784 1050; baseline 0.002 -12"><span class='ocrx_word' id='word_1_250' title='bbox 170 1011 276 1047; x_wconf 86' lang='lat' dir='ltr'><strong>placida</strong></span> <span class='ocrx_word' id='word_1_251' title='bbox 290 1013 372 1040; x_wconf 88' lang='lat' dir='ltr'><strong>animi</strong></span> <span class='ocrx_word' id='word_1_252' title='bbox 397 1014 580 1048; x_wconf 80' lang='lat' dir='ltr'><strong>magnitudine</strong></span> <span class='ocrx_word' id='word_1_253' title='bbox 602 1015 780 1042; x_wconf 69' lang='lat' dir='ltr'><strong>contumelias</strong></span> <span class='ocrx_word' id='word_1_254' title='bbox 807 1015 948 1050; x_wconf 89' lang='lat' dir='ltr'><strong>impiorum</strong></span> <span class='ocrx_word' id='word_1_255' title='bbox 970 1014 1133 1049; x_wconf 87' lang='lat' dir='ltr'><strong>despiciens,</strong></span> <span class='ocrx_word' id='word_1_256' title='bbox 1149 1018 1246 1041; x_wconf 77' lang='lat' dir='ltr'><strong>Cuncta</strong></span> <span class='ocrx_word' id='word_1_257' title='bbox 1280 1012 1454 1047; x_wconf 85' lang='lat' dir='ltr'><strong>restituisset,</strong></span> <span class='ocrx_word' id='word_1_258' title='bbox 1485 1017 1513 1040; x_wconf 90' lang='lat' dir='ltr'><strong>et</strong></span> <span class='ocrx_word' id='word_1_259' title='bbox 1526 1018 1654 1041; x_wconf 89' lang='lat' dir='ltr'><strong>consueto</strong></span> <span class='ocrx_word' id='word_1_260' title='bbox 1666 1015 1784 1042; x_wconf 89' lang='lat' dir='ltr'><strong>siderum</strong></span> 
     </span>
    </p>
   </div>
   <div class='ocr_carea' id='block_1_31' title="bbox 172 1058 712 1088">
    <p class='ocr_par' dir='ltr' id='par_1_31' title="bbox 172 1058 712 1088">
     <span class='ocr_line' id='line_1_31' title="bbox 172 1058 712 1088; baseline 0.004 -3"><span class='ocrx_word' id='word_1_261' title='bbox 172 1065 254 1086; x_wconf 86' lang='lat' dir='ltr'><strong>cursu</strong></span> <span class='ocrx_word' id='word_1_262' title='bbox 286 1058 382 1086; x_wconf 67' lang='lat' dir='ltr'><strong>catlum</strong></span> <span class='ocrx_word' id='word_1_263' title='bbox 409 1067 488 1087; x_wconf 87' lang='lat' dir='ltr'><strong>omne</strong></span> <span class='ocrx_word' id='word_1_264' title='bbox 514 1062 712 1088; x_wconf 82' lang='lat' dir='ltr'><strong>exornavissct.</strong></span> 
     </span>
    </p>
   </div>
   <div class='ocr_carea' id='block_1_32' title="bbox 754 1058 1786 1095">
    <p class='ocr_par' dir='ltr' id='par_1_32' title="bbox 754 1058 1786 1095">
     <span class='ocr_line' id='line_1_32' title="bbox 754 1058 1786 1095; baseline 0 -7"><span class='ocrx_word' id='word_1_265' title='bbox 754 1061 847 1095; x_wconf 89' lang='lat' dir='ltr'><strong>Itaque</strong></span> <span class='ocrx_word' id='word_1_266' title='bbox 869 1062 953 1089; x_wconf 87' lang='lat' dir='ltr'><strong>totius</strong></span> <span class='ocrx_word' id='word_1_267' title='bbox 971 1060 1064 1088; x_wconf 89' lang='lat' dir='ltr'><strong>mundi</strong></span> <span class='ocrx_word' id='word_1_268' title='bbox 1095 1059 1188 1093; x_wconf 81' lang='lat' dir='ltr'><strong>facies,</strong></span> <span class='ocrx_word' id='word_1_269' title='bbox 1205 1067 1266 1095; x_wconf 81' lang='lat' dir='ltr'><strong>quae</strong></span> <span class='ocrx_word' id='word_1_270' title='bbox 1294 1058 1370 1087; x_wconf 87' lang='lat' dir='ltr'><strong>luctu</strong></span> <span class='ocrx_word' id='word_1_271' title='bbox 1389 1067 1420 1087; x_wconf 90' lang='lat' dir='ltr'><strong>ac</strong></span> <span class='ocrx_word' id='word_1_272' title='bbox 1445 1067 1564 1088; x_wconf 70' lang='lat' dir='ltr'><strong>maerore</strong></span> <span class='ocrx_word' id='word_1_273' title='bbox 1588 1060 1786 1095; x_wconf 87' lang='lat' dir='ltr'><strong>quodammodo</strong></span> 
     </span>
    </p>
   </div>
   <div class='ocr_carea' id='block_1_33' title="bbox 174 1107 1054 1145">
    <p class='ocr_par' dir='ltr' id='par_1_33' title="bbox 174 1107 1054 1145">
     <span class='ocr_line' id='line_1_33' title="bbox 174 1107 1054 1145; baseline 0 -10"><span class='ocrx_word' id='word_1_274' title='bbox 174 1107 284 1135; x_wconf 83' lang='lat' dir='ltr'><strong>:onl&#39;usa</strong></span> <span class='ocrx_word' id='word_1_275' title='bbox 301 1107 400 1142; x_wconf 77' lang='lat' dir='ltr'><strong>fuerat,</strong></span> <span class='ocrx_word' id='word_1_276' title='bbox 417 1109 560 1142; x_wconf 86' lang='lat' dir='ltr'><strong>pristinum</strong></span> <span class='ocrx_word' id='word_1_277' title='bbox 588 1109 677 1137; x_wconf 89' lang='lat' dir='ltr'><strong>denuo</strong></span> <span class='ocrx_word' id='word_1_278' title='bbox 688 1109 858 1145; x_wconf 83' lang='lat' dir='ltr'><strong>splendorem</strong></span> <span class='ocrx_word' id='word_1_279' title='bbox 876 1110 1054 1145; x_wconf 86' lang='lat' dir='ltr'><strong>recuperavit.</strong></span> 
     </span>
    </p>
   </div>
   <div class='ocr_carea' id='block_1_34' title="bbox 417 1165 686 1193">
    <p class='ocr_par' dir='ltr' id='par_1_34' title="bbox 417 1165 686 1193">
     <span class='ocr_line' id='line_1_34' title="bbox 417 1165 686 1193; baseline 0.007 -2"><span class='ocrx_word' id='word_1_280' title='bbox 417 1165 615 1192; x_wconf 81' lang='grc' dir='ltr'><strong>ΚΕΦΑΛΑῙΟΝ</strong></span> <span class='ocrx_word' id='word_1_281' title='bbox 635 1166 686 1193; x_wconf 84' lang='lat' dir='ltr'><strong>IB’.</strong></span> 
     </span>
    </p>
   </div>
   <div class='ocr_carea' id='block_1_35' title="bbox 170 1210 955 1246">
    <p class='ocr_par' dir='ltr' id='par_1_35' title="bbox 170 1210 955 1246">
     <span class='ocr_line' id='line_1_35' title="bbox 170 1210 955 1246; baseline 0.001 -9"><span class='ocrx_word' id='word_1_282' title='bbox 170 1211 240 1245; x_wconf 77' lang='grc' dir='ltr'>Περὶ</span> <span class='ocrx_word' id='word_1_283' title='bbox 254 1210 313 1238; x_wconf 80' lang='grc' dir='ltr'><strong>τῶν</strong></span> <span class='ocrx_word' id='word_1_284' title='bbox 321 1210 364 1246; x_wconf 78' lang='grc' dir='ltr'>μὴ</span> <span class='ocrx_word' id='word_1_285' title='bbox 379 1211 511 1246; x_wconf 69' lang='grc' dir='ltr'>γνόντων</span> <span class='ocrx_word' id='word_1_286' title='bbox 522 1212 555 1238; x_wconf 82' lang='grc' dir='ltr'>τὸ</span> <span class='ocrx_word' id='word_1_287' title='bbox 566 1212 742 1246; x_wconf 75' lang='grc' dir='ltr'>μυστήριον,</span> <span class='ocrx_word' id='word_1_288' title='bbox 754 1213 801 1239; x_wconf 79' lang='grc' dir='ltr'><strong>καὶ</strong></span> <span class='ocrx_word' id='word_1_289' title='bbox 816 1212 860 1239; x_wconf 88' lang='grc' dir='ltr'>ὅτι</span> <span class='ocrx_word' id='word_1_290' title='bbox 871 1212 955 1238; x_wconf 81' lang='grc' dir='ltr'>ἑκόν-</span> 
     </span>
    </p>
   </div>
   <div class='ocr_carea' id='block_1_36' title="bbox 206 1246 955 1281">
    <p class='ocr_par' dir='ltr' id='par_1_36' title="bbox 206 1246 955 1281">
     <span class='ocr_line' id='line_1_36' title="bbox 206 1246 955 1281; baseline 0 -8"><span class='ocrx_word' id='word_1_291' title='bbox 206 1256 255 1277; x_wconf 76' lang='grc' dir='ltr'>τες·</span> <span class='ocrx_word' id='word_1_292' title='bbox 277 1246 447 1281; x_wconf 78' lang='grc' dir='ltr'>ἠγνόησαν·</span> <span class='ocrx_word' id='word_1_293' title='bbox 471 1247 520 1273; x_wconf 76' lang='grc' dir='ltr'><strong>καὶ</strong></span> <span class='ocrx_word' id='word_1_294' title='bbox 544 1247 602 1275; x_wconf 81' lang='grc' dir='ltr'><strong>ὅσα</strong></span> <span class='ocrx_word' id='word_1_295' title='bbox 626 1248 696 1280; x_wconf 81' lang='grc' dir='ltr'>τοὺς</span> <span class='ocrx_word' id='word_1_296' title='bbox 718 1249 844 1281; x_wconf 66' lang='grc' dir='ltr'>γνόντας</span> <span class='ocrx_word' id='word_1_297' title='bbox 860 1247 955 1281; x_wconf 73' lang='grc' dir='ltr'>ἀγαθὰ</span> 
     </span>
    </p>
   </div>
   <div class='ocr_carea' id='block_1_37' title="bbox 203 1280 956 1318">
    <p class='ocr_par' dir='ltr' id='par_1_37' title="bbox 203 1280 956 1318">
     <span class='ocr_line' id='line_1_37' title="bbox 203 1280 956 1318; baseline 0 -10"><span class='ocrx_word' id='word_1_298' title='bbox 203 1280 307 1318; x_wconf 63' lang='grc' dir='ltr'>μένει,</span> <span class='ocrx_word' id='word_1_299' title='bbox 322 1280 371 1308; x_wconf 77' lang='grc' dir='ltr'><strong>καὶ</strong></span> <span class='ocrx_word' id='word_1_300' title='bbox 391 1280 523 1316; x_wconf 78' lang='grc' dir='ltr'>μάλιστα</span> <span class='ocrx_word' id='word_1_301' title='bbox 543 1283 612 1316; x_wconf 84' lang='grc' dir='ltr'>τοὺς</span> <span class='ocrx_word' id='word_1_302' title='bbox 626 1280 823 1318; x_wconf 65' lang='grc' dir='ltr'>δι’όμοζλογίας</span> <span class='ocrx_word' id='word_1_303' title='bbox 841 1280 956 1309; x_wconf 73' lang='grc' dir='ltr'>τελειω-</span> 
     </span>
    </p>
   </div>
   <div class='ocr_carea' id='block_1_38' title="bbox 206 1317 322 1351">
    <p class='ocr_par' dir='ltr' id='par_1_38' title="bbox 206 1317 322 1351">
     <span class='ocr_line' id='line_1_38' title="bbox 206 1317 322 1351; baseline 0 -7"><span class='ocrx_word' id='word_1_304' title='bbox 206 1317 322 1351; x_wconf 84' lang='grc' dir='ltr'>θέντας.</span> 
     </span>
    </p>
   </div>
   <div class='ocr_carea' id='block_1_39' title="bbox 213 1370 953 1411">
    <p class='ocr_par' dir='ltr' id='par_1_39' title="bbox 213 1370 953 1411">
     <span class='ocr_line' id='line_1_39' title="bbox 213 1370 953 1411; baseline 0 -11"><span class='ocrx_word' id='word_1_305' title='bbox 213 1374 282 1400; x_wconf 82' lang='grc' dir='ltr'>Ἀλλ’</span> <span class='ocrx_word' id='word_1_306' title='bbox 306 1375 365 1411; x_wconf 81' lang='grc' dir='ltr'>ἐρεῖ</span> <span class='ocrx_word' id='word_1_307' title='bbox 387 1383 428 1406; x_wconf 87' lang='grc' dir='ltr'><strong>τις</strong></span> <span class='ocrx_word' id='word_1_308' title='bbox 450 1374 518 1410; x_wconf 74' lang='grc'>(82),</span> <span class='ocrx_word' id='word_1_309' title='bbox 544 1370 566 1408; x_wconf 82' lang='grc' dir='ltr'>ᾧ</span> <span class='ocrx_word' id='word_1_310' title='bbox 588 1374 662 1408; x_wconf 77' lang='grc' dir='ltr'>φίλον</span> <span class='ocrx_word' id='word_1_311' title='bbox 688 1374 746 1401; x_wconf 69' lang='grc' dir='ltr'>ἐστὶ</span> <span class='ocrx_word' id='word_1_312' title='bbox 775 1373 953 1409; x_wconf 81' lang='grc' dir='ltr'><strong>βλασφημεῖν,</strong></span> 
     </span>
    </p>
   </div>
   <div class='ocr_carea' id='block_1_40' title="bbox 172 1419 957 1456">
    <p class='ocr_par' dir='ltr' id='par_1_40' title="bbox 172 1419 957 1456">
     <span class='ocr_line' id='line_1_40' title="bbox 172 1419 957 1456; baseline 0 -10"><span class='ocrx_word' id='word_1_313' title='bbox 172 1419 237 1446; x_wconf 80' lang='grc' dir='ltr'>Θεὸν</span> <span class='ocrx_word' id='word_1_314' title='bbox 254 1420 317 1447; x_wconf 74' lang='grc' dir='ltr'>ὅντα</span> <span class='ocrx_word' id='word_1_315' title='bbox 328 1419 486 1456; x_wconf 80' lang='grc' dir='ltr'><strong>δεδυνῆσθαι</strong></span> <span class='ocrx_word' id='word_1_316' title='bbox 508 1420 651 1456; x_wconf 81' lang='grc' dir='ltr'>κρείσσονα</span> <span class='ocrx_word' id='word_1_317' title='bbox 667 1420 714 1446; x_wconf 74' lang='grc' dir='ltr'>καὶ</span> <span class='ocrx_word' id='word_1_318' title='bbox 731 1420 886 1456; x_wconf 82' lang='grc' dir='ltr'>ὴπιωτέραν</span> <span class='ocrx_word' id='word_1_319' title='bbox 907 1420 957 1454; x_wconf 83' lang='grc' dir='ltr'>τὴν</span> 
     </span>
    </p>
   </div>
   <div class='ocr_carea' id='block_1_41' title="bbox 174 1462 957 1502">
    <p class='ocr_par' dir='ltr' id='par_1_41' title="bbox 174 1462 957 1502">
     <span class='ocr_line' id='line_1_41' title="bbox 174 1462 957 1502; baseline -0.001 -10"><span class='ocrx_word' id='word_1_320' title='bbox 174 1466 332 1502; x_wconf 82' lang='grc' dir='ltr'>προαίρεσιν</span> <span class='ocrx_word' id='word_1_321' title='bbox 359 1465 412 1492; x_wconf 85' lang='grc' dir='ltr'>τῶν</span> <span class='ocrx_word' id='word_1_322' title='bbox 435 1465 584 1502; x_wconf 82' lang='grc' dir='ltr'>ἀνθρώπων</span> <span class='ocrx_word' id='word_1_323' title='bbox 607 1465 823 1501; x_wconf 79' lang='grc' dir='ltr'>ἀπεργάσασθαι.</span> <span class='ocrx_word' id='word_1_324' title='bbox 846 1465 894 1496; x_wconf 86' lang='grc' dir='ltr'>Τίς</span> <span class='ocrx_word' id='word_1_325' title='bbox 910 1462 957 1492; x_wconf 77' lang='grc' dir='ltr'>οὖν</span> 
     </span>
    </p>
   </div>
   <div class='ocr_carea' id='block_1_42' title="bbox 175 1511 958 1546">
    <p class='ocr_par' dir='ltr' id='par_1_42' title="bbox 175 1511 958 1546">
     <span class='ocr_line' id='line_1_42' title="bbox 175 1511 958 1546; baseline 0 -10"><span class='ocrx_word' id='word_1_326' title='bbox 175 1511 307 1545; x_wconf 83' lang='grc' dir='ltr'><strong>κρείσσων</strong></span> <span class='ocrx_word' id='word_1_327' title='bbox 326 1511 434 1546; x_wconf 84' lang='grc' dir='ltr'>μέθοδος</span> <span class='ocrx_word' id='word_1_328' title='bbox 450 1528 463 1542; x_wconf 26' lang='grc' dir='ltr'>,ν</span> <span class='ocrx_word' id='word_1_329' title='bbox 473 1511 538 1537; x_wconf 79' lang='grc' dir='ltr'>ποία</span> <span class='ocrx_word' id='word_1_330' title='bbox 551 1511 572 1537; x_wconf 83' lang='grc' dir='ltr'><strong>δ’</strong></span> <span class='ocrx_word' id='word_1_331' title='bbox 590 1511 759 1546; x_wconf 73' lang='grc' dir='ltr'><strong>ἐπιχείρησις</strong></span> <span class='ocrx_word' id='word_1_332' title='bbox 773 1511 958 1545; x_wconf 81' lang='grc' dir='ltr'>ἀνυτικωτέριι</span> 
     </span>
    </p>
   </div>
   <div class='ocr_carea' id='block_1_43' title="bbox 175 1555 957 1593">
    <p class='ocr_par' dir='ltr' id='par_1_43' title="bbox 175 1555 957 1593">
     <span class='ocr_line' id='line_1_43' title="bbox 175 1555 957 1593; baseline -0.001 -10"><span class='ocrx_word' id='word_1_333' title='bbox 175 1556 243 1593; x_wconf 76' lang='grc' dir='ltr'>πρὸς</span> <span class='ocrx_word' id='word_1_334' title='bbox 270 1556 300 1582; x_wconf 84' lang='grc' dir='ltr'>τὸ</span> <span class='ocrx_word' id='word_1_335' title='bbox 323 1557 387 1588; x_wconf 82' lang='grc' dir='ltr'>τοὺς</span> <span class='ocrx_word' id='word_1_336' title='bbox 414 1557 514 1588; x_wconf 78' lang='grc' dir='ltr'>κακοὺς</span> <span class='ocrx_word' id='word_1_337' title='bbox 539 1556 763 1590; x_wconf 58' lang='grc' dir='ltr'>σωφρονισθῆναι,</span> <span class='ocrx_word' id='word_1_338' title='bbox 786 1557 835 1590; x_wconf 81' lang='grc' dir='ltr'><strong>τῆς</strong></span> <span class='ocrx_word' id='word_1_339' title='bbox 859 1555 957 1582; x_wconf 72' lang='grc' dir='ltr'>ἑαυτοῦ</span> 
     </span>
    </p>
   </div>
   <div class='ocr_carea' id='block_1_44' title="bbox 174 1601 958 1639">
    <p class='ocr_par' dir='ltr' id='par_1_44' title="bbox 174 1601 958 1639">
     <span class='ocr_line' id='line_1_44' title="bbox 174 1601 958 1639; baseline -0.004 -9"><span class='ocrx_word' id='word_1_340' title='bbox 174 1603 368 1639; x_wconf 75' lang='grc' dir='ltr'>προσρήσεωςς</span> <span class='ocrx_word' id='word_1_341' title='bbox 384 1603 440 1630; x_wconf 78' lang='grc' dir='ltr'><strong>Οὐκ</strong></span> <span class='ocrx_word' id='word_1_342' title='bbox 460 1602 540 1634; x_wconf 79' lang='grc' dir='ltr'>αὐτὸς</span> <span class='ocrx_word' id='word_1_343' title='bbox 561 1601 655 1637; x_wconf 78' lang='grc' dir='ltr'>παρὼν</span> <span class='ocrx_word' id='word_1_344' title='bbox 678 1602 723 1628; x_wconf 76' lang='grc' dir='ltr'>καὶ</span> <span class='ocrx_word' id='word_1_345' title='bbox 747 1601 883 1636; x_wconf 83' lang='grc' dir='ltr'><strong>ὁρώμενος</strong></span> <span class='ocrx_word' id='word_1_346' title='bbox 906 1601 958 1627; x_wconf 70' lang='grc' dir='ltr'><strong>ιξδι⁴</strong></span> 
     </span>
    </p>
   </div>
   <div class='ocr_carea' id='block_1_45' title="bbox 173 1645 958 1684">
    <p class='ocr_par' dir='ltr' id='par_1_45' title="bbox 173 1645 958 1684">
     <span class='ocr_line' id='line_1_45' title="bbox 173 1645 958 1684; baseline -0.001 -10"><span class='ocrx_word' id='word_1_347' title='bbox 173 1649 255 1675; x_wconf 87' lang='grc' dir='ltr'>δασκε</span> <span class='ocrx_word' id='word_1_348' title='bbox 269 1649 313 1675; x_wconf 70' lang='grc' dir='ltr'>τὸν</span> <span class='ocrx_word' id='word_1_349' title='bbox 330 1648 442 1684; x_wconf 81' lang='grc' dir='ltr'>κόσμιον</span> <span class='ocrx_word' id='word_1_350' title='bbox 459 1647 531 1682; x_wconf 84' lang='grc' dir='ltr'>βίον;</span> <span class='ocrx_word' id='word_1_351' title='bbox 549 1647 580 1673; x_wconf 80' lang='lat' dir='ltr'><strong>Ei</strong></span> <span class='ocrx_word' id='word_1_352' title='bbox 596 1645 642 1674; x_wconf 76' lang='grc' dir='ltr'>οὖν</span> <span class='ocrx_word' id='word_1_353' title='bbox 659 1648 675 1682; x_wconf 88' lang='grc' dir='ltr'>ἠ</span> <span class='ocrx_word' id='word_1_354' title='bbox 694 1646 741 1673; x_wconf 77' lang='grc' dir='ltr'>τοῦ</span> <span class='ocrx_word' id='word_1_355' title='bbox 765 1646 832 1673; x_wconf 83' lang='grc' dir='ltr'>Θεοῦ</span> <span class='ocrx_word' id='word_1_356' title='bbox 851 1655 958 1682; x_wconf 76' lang='grc' dir='ltr'>παραγ-</span> 
     </span>
    </p>
   </div>
   <div class='ocr_carea' id='block_1_46' title="bbox 174 1692 957 1730">
    <p class='ocr_par' dir='ltr' id='par_1_46' title="bbox 174 1692 957 1730">
     <span class='ocr_line' id='line_1_46' title="bbox 174 1692 957 1730; baseline -0.003 -9"><span class='ocrx_word' id='word_1_357' title='bbox 174 1694 252 1729; x_wconf 80' lang='grc' dir='ltr'>γελία</span> <span class='ocrx_word' id='word_1_358' title='bbox 264 1694 395 1730; x_wconf 75' lang='grc' dir='ltr'>παρόντος</span> <span class='ocrx_word' id='word_1_359' title='bbox 411 1694 485 1720; x_wconf 81' lang='grc' dir='ltr'>οὐδὲν</span> <span class='ocrx_word' id='word_1_360' title='bbox 508 1694 600 1729; x_wconf 75' lang='grc' dir='ltr'>ἤνυσε.</span> <span class='ocrx_word' id='word_1_361' title='bbox 618 1692 643 1719; x_wconf 76' lang='grc' dir='ltr'><strong>τί</strong></span> <span class='ocrx_word' id='word_1_362' title='bbox 661 1692 693 1719; x_wconf 85' lang='grc' dir='ltr'>ἂν</span> <span class='ocrx_word' id='word_1_363' title='bbox 710 1693 826 1724; x_wconf 84' lang='grc' dir='ltr'><strong>ἀπόντος</strong></span> <span class='ocrx_word' id='word_1_364' title='bbox 852 1693 899 1719; x_wconf 71' lang='grc' dir='ltr'>καὶ</span> <span class='ocrx_word' id='word_1_365' title='bbox 920 1693 957 1728; x_wconf 85' lang='grc' dir='ltr'>μὴ</span> 
     </span>
    </p>
   </div>
   <div class='ocr_carea' id='block_1_47' title="bbox 176 1737 958 1775">
    <p class='ocr_par' dir='ltr' id='par_1_47' title="bbox 176 1737 958 1775">
     <span class='ocr_line' id='line_1_47' title="bbox 176 1737 958 1775; baseline -0.005 -8"><span class='ocrx_word' id='word_1_366' title='bbox 176 1741 341 1775; x_wconf 81' lang='grc' dir='ltr'>ἁκουομένου</span> <span class='ocrx_word' id='word_1_367' title='bbox 357 1740 497 1775; x_wconf 74' lang='grc' dir='ltr'>ὼφὲλησε;</span> <span class='ocrx_word' id='word_1_368' title='bbox 516 1740 548 1765; x_wconf 82' lang='grc' dir='ltr'>Τί</span> <span class='ocrx_word' id='word_1_369' title='bbox 570 1737 616 1766; x_wconf 75' lang='grc' dir='ltr'>οὖν</span> <span class='ocrx_word' id='word_1_370' title='bbox 632 1738 739 1773; x_wconf 74' lang='grc' dir='ltr'>ἐγένετο</span> <span class='ocrx_word' id='word_1_371' title='bbox 760 1738 886 1773; x_wconf 81' lang='grc' dir='ltr'>ἐμπόδιον</span> <span class='ocrx_word' id='word_1_372' title='bbox 908 1738 958 1772; x_wconf 79' lang='grc' dir='ltr'><strong>τῆς</strong></span> 
     </span>
    </p>
   </div>
   <div class='ocr_carea' id='block_1_48' title="bbox 178 1782 958 1821">
    <p class='ocr_par' dir='ltr' id='par_1_48' title="bbox 178 1782 958 1821">
     <span class='ocr_line' id='line_1_48' title="bbox 178 1782 958 1821; baseline -0.005 -9"><span class='ocrx_word' id='word_1_373' title='bbox 178 1785 387 1821; x_wconf 76' lang='grc' dir='ltr'><strong>μακαριωτάτης</strong></span> <span class='ocrx_word' id='word_1_374' title='bbox 418 1785 610 1817; x_wconf 81' lang='grc' dir='ltr'>διδασκαλίας;</span> <span class='ocrx_word' id='word_1_375' title='bbox 650 1784 682 1810; x_wconf 80' lang='grc' dir='ltr'><strong>Ἠ</strong></span> <span class='ocrx_word' id='word_1_376' title='bbox 721 1784 774 1809; x_wconf 82' lang='grc' dir='ltr'>τῶν</span> <span class='ocrx_word' id='word_1_377' title='bbox 808 1782 958 1819; x_wconf 81' lang='grc' dir='ltr'>ἀνθρώπων</span> 
     </span>
    </p>
   </div>
   <div class='ocr_carea' id='block_1_49' title="bbox 1250 1164 1540 1201">
    <p class='ocr_par' dir='ltr' id='par_1_49' title="bbox 1250 1164 1540 1201">
     <span class='ocr_line' id='line_1_49' title="bbox 1250 1164 1540 1201; baseline -0.01 -7"><span class='ocrx_word' id='word_1_378' title='bbox 1250 1164 1333 1201; x_wconf 64' lang='lat'><strong>585.</strong></span> <span class='ocrx_word' id='word_1_379' title='bbox 1351 1164 1463 1193; x_wconf 82' lang='lat' dir='ltr'><strong>CAPUT</strong></span> <span class='ocrx_word' id='word_1_380' title='bbox 1481 1164 1540 1192; x_wconf 83' lang='lat' dir='ltr'><strong>xu.</strong></span> 
     </span>
    </p>
   </div>
   <div class='ocr_carea' id='block_1_50' title="bbox 1007 1211 1784 1247">
    <p class='ocr_par' dir='ltr' id='par_1_50' title="bbox 1007 1211 1784 1247">
     <span class='ocr_line' id='line_1_50' title="bbox 1007 1211 1784 1247; baseline 0 -9"><span class='ocrx_word' id='word_1_381' title='bbox 1007 1211 1044 1239; x_wconf 83' lang='lat' dir='ltr'><strong>De</strong></span> <span class='ocrx_word' id='word_1_382' title='bbox 1056 1212 1096 1238; x_wconf 74' lang='lat' dir='ltr'><strong>his</strong></span> <span class='ocrx_word' id='word_1_383' title='bbox 1108 1211 1154 1246; x_wconf 77' lang='lat' dir='ltr'><strong>qui</strong></span> <span class='ocrx_word' id='word_1_384' title='bbox 1176 1212 1224 1238; x_wconf 73' lang='lat' dir='ltr'><strong>hoc</strong></span> <span class='ocrx_word' id='word_1_385' title='bbox 1241 1211 1394 1246; x_wconf 79' lang='lat' dir='ltr'><strong>mysterium</strong></span> <span class='ocrx_word' id='word_1_386' title='bbox 1411 1219 1462 1238; x_wconf 87' lang='lat' dir='ltr'><strong>non</strong></span> <span class='ocrx_word' id='word_1_387' title='bbox 1475 1215 1658 1246; x_wconf 81' lang='lat' dir='ltr'><strong>cognoverunt.</strong></span> <span class='ocrx_word' id='word_1_388' title='bbox 1673 1216 1697 1238; x_wconf 77' lang='grc' dir='ltr'><strong>ει</strong></span> <span class='ocrx_word' id='word_1_389' title='bbox 1713 1214 1784 1247; x_wconf 82' lang='lat' dir='ltr'><strong>quod</strong></span> 
     </span>
    </p>
   </div>
   <div class='ocr_carea' id='block_1_51' title="bbox 1040 1246 1785 1281">
    <p class='ocr_par' dir='ltr' id='par_1_51' title="bbox 1040 1246 1785 1281">
     <span class='ocr_line' id='line_1_51' title="bbox 1040 1246 1785 1281; baseline -0.001 -8"><span class='ocrx_word' id='word_1_390' title='bbox 1040 1247 1189 1274; x_wconf 80' lang='lat' dir='ltr'><strong>voluntaria</strong></span> <span class='ocrx_word' id='word_1_391' title='bbox 1201 1254 1290 1273; x_wconf 87' lang='lat' dir='ltr'><strong>eorum</strong></span> <span class='ocrx_word' id='word_1_392' title='bbox 1301 1247 1432 1281; x_wconf 81' lang='lat' dir='ltr'><strong>ignoratio</strong></span> <span class='ocrx_word' id='word_1_393' title='bbox 1444 1251 1481 1272; x_wconf 72' lang='lat' dir='ltr'><strong>est</strong></span> <span class='ocrx_word' id='word_1_394' title='bbox 1492 1254 1501 1272; x_wconf 90' lang='lat'><em>:</em></span> <span class='ocrx_word' id='word_1_395' title='bbox 1514 1251 1537 1272; x_wconf 85' lang='lat' dir='ltr'><strong>et</strong></span> <span class='ocrx_word' id='word_1_396' title='bbox 1554 1252 1651 1280; x_wconf 82' lang='lat' dir='ltr'><strong>quamn</strong></span> <span class='ocrx_word' id='word_1_397' title='bbox 1661 1246 1727 1272; x_wconf 71' lang='lat' dir='ltr'><strong>bona</strong></span> <span class='ocrx_word' id='word_1_398' title='bbox 1743 1255 1785 1273; x_wconf 81' lang='lat' dir='ltr'><strong>eos</strong></span> 
     </span>
    </p>
   </div>
   <div class='ocr_carea' id='block_1_52' title="bbox 1041 1281 1785 1316">
    <p class='ocr_par' dir='ltr' id='par_1_52' title="bbox 1041 1281 1785 1316">
     <span class='ocr_line' id='line_1_52' title="bbox 1041 1281 1785 1316; baseline 0.001 -9"><span class='ocrx_word' id='word_1_399' title='bbox 1041 1287 1162 1308; x_wconf 85' lang='lat' dir='ltr'><strong>maneant</strong></span> <span class='ocrx_word' id='word_1_400' title='bbox 1179 1282 1223 1316; x_wconf 85' lang='lat' dir='ltr'><strong>qui</strong></span> <span class='ocrx_word' id='word_1_401' title='bbox 1244 1281 1308 1307; x_wconf 83' lang='lat' dir='ltr'><strong>illud</strong></span> <span class='ocrx_word' id='word_1_402' title='bbox 1323 1286 1507 1315; x_wconf 79' lang='lat' dir='ltr'><strong>cognouerunt,</strong></span> <span class='ocrx_word' id='word_1_403' title='bbox 1526 1289 1556 1307; x_wconf 84' lang='lat' dir='ltr'><strong>ac</strong></span> <span class='ocrx_word' id='word_1_404' title='bbox 1576 1282 1720 1316; x_wconf 66' lang='lat' dir='ltr'><strong>pra‘sertim</strong></span> <span class='ocrx_word' id='word_1_405' title='bbox 1742 1289 1785 1308; x_wconf 77' lang='lat' dir='ltr'><strong>eos</strong></span> 
     </span>
    </p>
   </div>
   <div class='ocr_carea' id='block_1_53' title="bbox 1039 1316 1494 1351">
    <p class='ocr_par' dir='ltr' id='par_1_53' title="bbox 1039 1316 1494 1351">
     <span class='ocr_line' id='line_1_53' title="bbox 1039 1316 1494 1351; baseline 0.002 -10"><span class='ocrx_word' id='word_1_406' title='bbox 1039 1316 1084 1350; x_wconf 85' lang='lat' dir='ltr'><strong>qui</strong></span> <span class='ocrx_word' id='word_1_407' title='bbox 1097 1316 1124 1343; x_wconf 84' lang='lat' dir='ltr'><strong>in</strong></span> <span class='ocrx_word' id='word_1_408' title='bbox 1136 1316 1299 1351; x_wconf 69' lang='lat' dir='ltr'><strong>confessione</strong></span> <span class='ocrx_word' id='word_1_409' title='bbox 1313 1317 1409 1343; x_wconf 80' lang='lat' dir='ltr'><strong>mortui</strong></span> <span class='ocrx_word' id='word_1_410' title='bbox 1424 1321 1494 1343; x_wconf 72' lang='lat' dir='ltr'><strong>sunt.</strong></span> 
     </span>
    </p>
   </div>
   <div class='ocr_carea' id='block_1_54' title="bbox 1042 1371 1787 1408">
    <p class='ocr_par' dir='ltr' id='par_1_54' title="bbox 1042 1371 1787 1408">
     <span class='ocr_line' id='line_1_54' title="bbox 1042 1371 1787 1408; baseline 0 -9"><span class='ocrx_word' id='word_1_411' title='bbox 1042 1371 1093 1399; x_wconf 89' lang='lat' dir='ltr'><strong>Sed</strong></span> <span class='ocrx_word' id='word_1_412' title='bbox 1110 1373 1181 1400; x_wconf 89' lang='lat' dir='ltr'><strong>dicet</strong></span> <span class='ocrx_word' id='word_1_413' title='bbox 1191 1372 1290 1407; x_wconf 82' lang='lat' dir='ltr'><strong>aliquis</strong></span> <span class='ocrx_word' id='word_1_414' title='bbox 1304 1379 1338 1400; x_wconf 85' lang='lat' dir='ltr'><strong>ex</strong></span> <span class='ocrx_word' id='word_1_415' title='bbox 1354 1372 1388 1400; x_wconf 88' lang='lat' dir='ltr'><strong>iis</strong></span> <span class='ocrx_word' id='word_1_416' title='bbox 1400 1373 1500 1407; x_wconf 89' lang='lat' dir='ltr'><strong>quibus</strong></span> <span class='ocrx_word' id='word_1_417' title='bbox 1517 1373 1636 1400; x_wconf 87' lang='lat' dir='ltr'><strong>solemne</strong></span> <span class='ocrx_word' id='word_1_418' title='bbox 1651 1377 1693 1401; x_wconf 89' lang='lat' dir='ltr'><strong>est</strong></span> <span class='ocrx_word' id='word_1_419' title='bbox 1706 1373 1787 1408; x_wconf 85' lang='lat' dir='ltr'><strong>impie</strong></span> 
     </span>
    </p>
   </div>
   <div class='ocr_carea' id='block_1_55' title="bbox 1007 1417 1788 1451">
    <p class='ocr_par' dir='ltr' id='par_1_55' title="bbox 1007 1417 1788 1451">
     <span class='ocr_line' id='line_1_55' title="bbox 1007 1417 1788 1451; baseline 0.003 -7"><span class='ocrx_word' id='word_1_420' title='bbox 1007 1417 1091 1451; x_wconf 87' lang='lat' dir='ltr'><strong>loqui,</strong></span> <span class='ocrx_word' id='word_1_421' title='bbox 1117 1417 1200 1444; x_wconf 92' lang='lat' dir='ltr'><strong>Deum</strong></span> <span class='ocrx_word' id='word_1_422' title='bbox 1226 1418 1394 1445; x_wconf 84' lang='lat' dir='ltr'><strong>voluntatem</strong></span> <span class='ocrx_word' id='word_1_423' title='bbox 1420 1418 1559 1446; x_wconf 92' lang='lat' dir='ltr'><strong>hominum</strong></span> <span class='ocrx_word' id='word_1_424' title='bbox 1588 1419 1728 1446; x_wconf 89' lang='lat' dir='ltr'><strong>meliorem</strong></span> <span class='ocrx_word' id='word_1_425' title='bbox 1756 1426 1788 1446; x_wconf 88' lang='lat' dir='ltr'><strong>ac</strong></span> 
     </span>
    </p>
   </div>
   <div class='ocr_carea' id='block_1_56' title="bbox 1007 1462 1788 1500">
    <p class='ocr_par' dir='ltr' id='par_1_56' title="bbox 1007 1462 1788 1500">
     <span class='ocr_line' id='line_1_56' title="bbox 1007 1462 1788 1500; baseline 0.005 -12"><span class='ocrx_word' id='word_1_426' title='bbox 1007 1462 1179 1496; x_wconf 86' lang='lat' dir='ltr'><strong>placidiorem</strong></span> <span class='ocrx_word' id='word_1_427' title='bbox 1193 1462 1282 1491; x_wconf 85' lang='lat' dir='ltr'><strong>facere</strong></span> <span class='ocrx_word' id='word_1_428' title='bbox 1295 1464 1424 1498; x_wconf 81' lang='lat' dir='ltr'><strong>potuisse.</strong></span> <span class='ocrx_word' id='word_1_429' title='bbox 1440 1464 1577 1498; x_wconf 62' lang='lat' dir='ltr'><strong>Quaenam.</strong></span> <span class='ocrx_word' id='word_1_430' title='bbox 1598 1473 1673 1500; x_wconf 80' lang='lat' dir='ltr'><strong>rogo.</strong></span> <span class='ocrx_word' id='word_1_431' title='bbox 1693 1465 1788 1492; x_wconf 82' lang='lat' dir='ltr'><strong>melior</strong></span> 
     </span>
    </p>
   </div>
   <div class='ocr_carea' id='block_1_57' title="bbox 1007 1509 1789 1545">
    <p class='ocr_par' dir='ltr' id='par_1_57' title="bbox 1007 1509 1789 1545">
     <span class='ocr_line' id='line_1_57' title="bbox 1007 1509 1789 1545; baseline 0.005 -10"><span class='ocrx_word' id='word_1_432' title='bbox 1007 1509 1059 1540; x_wconf 82' lang='lat' dir='ltr'><strong>via,</strong></span> <span class='ocrx_word' id='word_1_433' title='bbox 1075 1516 1134 1543; x_wconf 71' lang='lat' dir='ltr'><strong>qua:</strong></span> <span class='ocrx_word' id='word_1_434' title='bbox 1150 1509 1219 1536; x_wconf 89' lang='lat' dir='ltr'><strong>ratio</strong></span> <span class='ocrx_word' id='word_1_435' title='bbox 1227 1509 1361 1536; x_wconf 75' lang='lat' dir='ltr'><strong>efﬁcacior</strong></span> <span class='ocrx_word' id='word_1_436' title='bbox 1373 1510 1405 1536; x_wconf 93' lang='lat' dir='ltr'><strong>ad</strong></span> <span class='ocrx_word' id='word_1_437' title='bbox 1418 1511 1553 1545; x_wconf 86' lang='lat' dir='ltr'><strong>improbos</strong></span> <span class='ocrx_word' id='word_1_438' title='bbox 1562 1511 1685 1538; x_wconf 90' lang='lat' dir='ltr'><strong>homines</strong></span> <span class='ocrx_word' id='word_1_439' title='bbox 1697 1519 1789 1539; x_wconf 81' lang='lat' dir='ltr'><strong>eruen-</strong></span> 
     </span>
    </p>
   </div>
   <div class='ocr_carea' id='block_1_58' title="bbox 1008 1555 1789 1591">
    <p class='ocr_par' dir='ltr' id='par_1_58' title="bbox 1008 1555 1789 1591">
     <span class='ocr_line' id='line_1_58' title="bbox 1008 1555 1789 1591; baseline 0.003 -9"><span class='ocrx_word' id='word_1_440' title='bbox 1008 1556 1121 1587; x_wconf 79' lang='lat' dir='ltr'><strong>damlos,</strong></span> <span class='ocrx_word' id='word_1_441' title='bbox 1141 1562 1223 1589; x_wconf 87' lang='lat' dir='ltr'><strong>quam</strong></span> <span class='ocrx_word' id='word_1_442' title='bbox 1251 1560 1280 1582; x_wconf 89' lang='lat' dir='ltr'><strong>ut</strong></span> <span class='ocrx_word' id='word_1_443' title='bbox 1304 1555 1375 1583; x_wconf 89' lang='lat' dir='ltr'><strong>Deus</strong></span> <span class='ocrx_word' id='word_1_444' title='bbox 1401 1555 1458 1590; x_wconf 90' lang='lat' dir='ltr'><strong>ipse</strong></span> <span class='ocrx_word' id='word_1_445' title='bbox 1472 1563 1519 1583; x_wconf 90' lang='lat' dir='ltr'><strong>eos</strong></span> <span class='ocrx_word' id='word_1_446' title='bbox 1536 1563 1625 1583; x_wconf 84' lang='lat' dir='ltr'><strong>coram</strong></span> <span class='ocrx_word' id='word_1_447' title='bbox 1642 1557 1789 1591; x_wconf 85' lang='lat' dir='ltr'><strong>compella-</strong></span> 
     </span>
    </p>
   </div>
   <div class='ocr_carea' id='block_1_59' title="bbox 1009 1599 1788 1639">
    <p class='ocr_par' dir='ltr' id='par_1_59' title="bbox 1009 1599 1788 1639">
     <span class='ocr_line' id='line_1_59' title="bbox 1009 1599 1788 1639; baseline 0.005 -13"><span class='ocrx_word' id='word_1_448' title='bbox 1009 1599 1069 1626; x_wconf 78' lang='lat' dir='ltr'><strong>ret?</strong></span> <span class='ocrx_word' id='word_1_449' title='bbox 1090 1599 1131 1626; x_wconf 76' lang='lat' dir='ltr'><strong>An</strong></span> <span class='ocrx_word' id='word_1_450' title='bbox 1158 1607 1210 1626; x_wconf 93' lang='lat' dir='ltr'><strong>non</strong></span> <span class='ocrx_word' id='word_1_451' title='bbox 1229 1599 1273 1627; x_wconf 92' lang='lat' dir='ltr'><strong>ille</strong></span> <span class='ocrx_word' id='word_1_452' title='bbox 1293 1607 1413 1635; x_wconf 67' lang='lat' dir='ltr'><strong>praesens</strong></span> <span class='ocrx_word' id='word_1_453' title='bbox 1431 1605 1458 1627; x_wconf 90' lang='lat' dir='ltr'><strong>et</strong></span> <span class='ocrx_word' id='word_1_454' title='bbox 1484 1602 1604 1628; x_wconf 89' lang='lat' dir='ltr'><strong>omnium</strong></span> <span class='ocrx_word' id='word_1_455' title='bbox 1634 1603 1788 1639; x_wconf 82' lang='lat' dir='ltr'><strong>conspectui</strong></span> 
     </span>
    </p>
   </div>
   <div class='ocr_carea' id='block_1_60' title="bbox 1009 1646 1789 1682">
    <p class='ocr_par' dir='ltr' id='par_1_60' title="bbox 1009 1646 1789 1682">
     <span class='ocr_line' id='line_1_60' title="bbox 1009 1646 1789 1682; baseline 0.006 -10"><span class='ocrx_word' id='word_1_456' title='bbox 1009 1646 1158 1680; x_wconf 86' lang='lat' dir='ltr'><strong>subjectus,</strong></span> <span class='ocrx_word' id='word_1_457' title='bbox 1173 1653 1219 1673; x_wconf 88' lang='lat' dir='ltr'><strong>eos</strong></span> <span class='ocrx_word' id='word_1_458' title='bbox 1241 1646 1273 1672; x_wconf 85' lang='lat' dir='ltr'><strong>ad</strong></span> <span class='ocrx_word' id='word_1_459' title='bbox 1287 1646 1444 1673; x_wconf 81' lang='lat' dir='ltr'><strong>modestiam</strong></span> <span class='ocrx_word' id='word_1_460' title='bbox 1471 1646 1649 1674; x_wconf 81' lang='lat' dir='ltr'><strong>informavit?</strong></span> <span class='ocrx_word' id='word_1_461' title='bbox 1664 1647 1742 1682; x_wconf 87' lang='lat' dir='ltr'><strong>Quod</strong></span> <span class='ocrx_word' id='word_1_462' title='bbox 1765 1648 1789 1677; x_wconf 84' lang='lat' dir='ltr'><strong>si</strong></span> 
     </span>
    </p>
   </div>
   <div class='ocr_carea' id='block_1_61' title="bbox 1010 1691 1790 1728">
    <p class='ocr_par' dir='ltr' id='par_1_61' title="bbox 1010 1691 1790 1728">
     <span class='ocr_line' id='line_1_61' title="bbox 1010 1691 1790 1728; baseline 0.005 -10"><span class='ocrx_word' id='word_1_463' title='bbox 1010 1691 1055 1718; x_wconf 81' lang='lat' dir='ltr'><strong>Dei</strong></span> <span class='ocrx_word' id='word_1_464' title='bbox 1071 1691 1213 1726; x_wconf 69' lang='lat' dir='ltr'><strong>praesentis</strong></span> <span class='ocrx_word' id='word_1_465' title='bbox 1228 1691 1375 1726; x_wconf 63' lang='lat' dir='ltr'><strong>praeceptio</strong></span> <span class='ocrx_word' id='word_1_466' title='bbox 1390 1692 1457 1719; x_wconf 90' lang='lat' dir='ltr'><strong>nihil</strong></span> <span class='ocrx_word' id='word_1_467' title='bbox 1469 1693 1579 1728; x_wconf 85' lang='lat' dir='ltr'><strong>profuit,</strong></span> <span class='ocrx_word' id='word_1_468' title='bbox 1590 1693 1656 1728; x_wconf 89' lang='lat' dir='ltr'><strong>quid</strong></span> <span class='ocrx_word' id='word_1_469' title='bbox 1670 1695 1790 1722; x_wconf 85' lang='lat' dir='ltr'><strong>absentis</strong></span> 
     </span>
    </p>
   </div>
   <div class='ocr_carea' id='block_1_62' title="bbox 1009 1736 1791 1773">
    <p class='ocr_par' dir='ltr' id='par_1_62' title="bbox 1009 1736 1791 1773">
     <span class='ocr_line' id='line_1_62' title="bbox 1009 1736 1791 1773; baseline 0.008 -11"><span class='ocrx_word' id='word_1_470' title='bbox 1009 1741 1037 1763; x_wconf 85' lang='lat' dir='ltr'><strong>et</strong></span> <span class='ocrx_word' id='word_1_471' title='bbox 1054 1736 1167 1764; x_wconf 89' lang='lat' dir='ltr'><strong>inauditi</strong></span> <span class='ocrx_word' id='word_1_472' title='bbox 1185 1737 1315 1771; x_wconf 87' lang='lat' dir='ltr'><strong>prodesse</strong></span> <span class='ocrx_word' id='word_1_473' title='bbox 1338 1737 1494 1771; x_wconf 84' lang='lat' dir='ltr'><strong>potuisset?</strong></span> <span class='ocrx_word' id='word_1_474' title='bbox 1510 1738 1585 1771; x_wconf 92' lang='lat' dir='ltr'><strong>Quod</strong></span> <span class='ocrx_word' id='word_1_475' title='bbox 1602 1739 1684 1773; x_wconf 74' lang='lat' dir='ltr'><strong>igitur</strong></span> <span class='ocrx_word' id='word_1_476' title='bbox 1699 1740 1791 1767; x_wconf 86' lang='lat' dir='ltr'><strong>obsta-</strong></span> 
     </span>
    </p>
   </div>
   <div class='ocr_carea' id='block_1_63' title="bbox 1010 1784 1790 1820">
    <p class='ocr_par' dir='ltr' id='par_1_63' title="bbox 1010 1784 1790 1820">
     <span class='ocr_line' id='line_1_63' title="bbox 1010 1784 1790 1820; baseline 0.006 -10"><span class='ocrx_word' id='word_1_477' title='bbox 1010 1784 1097 1812; x_wconf 90' lang='lat' dir='ltr'><strong>culum</strong></span> <span class='ocrx_word' id='word_1_478' title='bbox 1114 1784 1163 1813; x_wconf 89' lang='lat' dir='ltr'><strong>fuit</strong></span> <span class='ocrx_word' id='word_1_479' title='bbox 1176 1784 1337 1811; x_wconf 74' lang='lat' dir='ltr'><strong>beatissima:</strong></span> <span class='ocrx_word' id='word_1_480' title='bbox 1349 1784 1419 1812; x_wconf 87' lang='lat' dir='ltr'><strong>illius</strong></span> <span class='ocrx_word' id='word_1_481' title='bbox 1432 1785 1635 1820; x_wconf 84' lang='lat' dir='ltr'><strong>praedicationi?</strong></span> <span class='ocrx_word' id='word_1_482' title='bbox 1647 1786 1790 1815; x_wconf 87' lang='lat' dir='ltr'><strong>Hominum</strong></span> 
     </span>
    </p>
   </div>
   <div class='ocr_carea' id='block_1_64' title="bbox 177 1829 957 1868">
    <p class='ocr_par' dir='ltr' id='par_1_64' title="bbox 177 1829 957 1868">
     <span class='ocr_line' id='line_1_64' title="bbox 177 1829 957 1868; baseline -0.005 -10"><span class='ocrx_word' id='word_1_483' title='bbox 177 1832 311 1866; x_wconf 78' lang='grc' dir='ltr'>σκαιότης·</span> <span class='ocrx_word' id='word_1_484' title='bbox 333 1832 396 1858; x_wconf 64' lang='grc' dir='ltr'>ὅταν</span> <span class='ocrx_word' id='word_1_485' title='bbox 416 1831 470 1868; x_wconf 84' lang='grc' dir='ltr'><strong>γὰρ</strong></span> <span class='ocrx_word' id='word_1_486' title='bbox 490 1830 524 1857; x_wconf 86' lang='grc' dir='ltr'><strong>τὰ</strong></span> <span class='ocrx_word' id='word_1_487' title='bbox 543 1829 631 1861; x_wconf 77' lang='grc' dir='ltr'>καλῶς</span> <span class='ocrx_word' id='word_1_488' title='bbox 651 1838 680 1856; x_wconf 84' lang='grc' dir='ltr'><strong>τε</strong></span> <span class='ocrx_word' id='word_1_489' title='bbox 701 1829 748 1856; x_wconf 79' lang='grc' dir='ltr'>καὶ</span> <span class='ocrx_word' id='word_1_490' title='bbox 768 1829 957 1865; x_wconf 75' lang='grc' dir='ltr'>προσηκόντως</span> 
     </span>
    </p>
   </div>
   <div class='ocr_carea' id='block_1_65' title="bbox 1008 1829 1791 1868">
    <p class='ocr_par' dir='ltr' id='par_1_65' title="bbox 1011 1830 1791 1867">
     <span class='ocr_line' id='line_1_65' title="bbox 1011 1830 1791 1867; baseline 0.005 -10"><span class='ocrx_word' id='word_1_491' title='bbox 1011 1830 1105 1858; x_wconf 84' lang='lat' dir='ltr'><strong>feritas</strong></span> <span class='ocrx_word' id='word_1_492' title='bbox 1131 1835 1211 1865; x_wconf 87' lang='lat' dir='ltr'><strong>atque</strong></span> <span class='ocrx_word' id='word_1_493' title='bbox 1235 1831 1350 1858; x_wconf 70' lang='lat' dir='ltr'><strong>sazvitia.</strong></span> <span class='ocrx_word' id='word_1_494' title='bbox 1369 1830 1480 1864; x_wconf 87' lang='lat' dir='ltr'><strong>Quoties</strong></span> <span class='ocrx_word' id='word_1_495' title='bbox 1496 1832 1568 1858; x_wconf 90' lang='lat' dir='ltr'><strong>enim</strong></span> <span class='ocrx_word' id='word_1_496' title='bbox 1592 1840 1623 1859; x_wconf 85' lang='lat' dir='ltr'><strong>ea</strong></span> <span class='ocrx_word' id='word_1_497' title='bbox 1640 1840 1700 1867; x_wconf 79' lang='lat' dir='ltr'><strong>quae</strong></span> <span class='ocrx_word' id='word_1_498' title='bbox 1715 1837 1791 1861; x_wconf 89' lang='lat' dir='ltr'><strong>recte</strong></span> 
     </span>
    </p>
   </div>
   <div class='ocr_carea' id='block_1_66' title="bbox 176 1873 958 1914">
    <p class='ocr_par' dir='ltr' id='par_1_66' title="bbox 176 1873 958 1914">
     <span class='ocr_line' id='line_1_66' title="bbox 176 1873 958 1914; baseline -0.006 -9"><span class='ocrx_word' id='word_1_499' title='bbox 176 1877 428 1914; x_wconf 78' lang='grc' dir='ltr'><strong>παραγγελλόμενα,</strong></span> <span class='ocrx_word' id='word_1_500' title='bbox 444 1876 511 1912; x_wconf 74' lang='grc' dir='ltr'>πρὸς</span> <span class='ocrx_word' id='word_1_501' title='bbox 523 1875 607 1912; x_wconf 82' lang='grc' dir='ltr'>ὀργὴν</span> <span class='ocrx_word' id='word_1_502' title='bbox 621 1875 812 1910; x_wconf 77' lang='grc' dir='ltr'>λαμϐάνωμεν,</span> <span class='ocrx_word' id='word_1_503' title='bbox 831 1873 958 1909; x_wconf 78' lang='grc' dir='ltr'>τηνικάδε</span> 
     </span>
    </p>
   </div>
   <div class='ocr_carea' id='block_1_67' title="bbox 175 1921 959 1959">
    <p class='ocr_par' dir='ltr' id='par_1_67' title="bbox 175 1921 959 1959">
     <span class='ocr_line' id='line_1_67' title="bbox 175 1921 959 1959; baseline -0.004 -9"><span class='ocrx_word' id='word_1_504' title='bbox 175 1924 205 1951; x_wconf 74' lang='grc' dir='ltr'><strong>τὸ</strong></span> <span class='ocrx_word' id='word_1_505' title='bbox 221 1924 303 1959; x_wconf 73' lang='grc' dir='ltr'>νῆφον</span> <span class='ocrx_word' id='word_1_506' title='bbox 316 1924 364 1958; x_wconf 82' lang='grc' dir='ltr'><strong>τῆς</strong></span> <span class='ocrx_word' id='word_1_507' title='bbox 376 1922 492 1954; x_wconf 81' lang='grc' dir='ltr'>διανοίας</span> <span class='ocrx_word' id='word_1_508' title='bbox 504 1921 683 1957; x_wconf 73' lang='grc' dir='ltr'>ἀμαυροῦται.</span> <span class='ocrx_word' id='word_1_509' title='bbox 699 1921 729 1947; x_wconf 88' lang='grc' dir='ltr'>Τί</span> <span class='ocrx_word' id='word_1_510' title='bbox 744 1922 781 1950; x_wconf 79' lang='grc' dir='ltr'><strong>δὲ,</strong></span> <span class='ocrx_word' id='word_1_511' title='bbox 797 1922 837 1948; x_wconf 77' lang='grc' dir='ltr'>ὅτι</span> <span class='ocrx_word' id='word_1_512' title='bbox 848 1929 959 1956; x_wconf 84' lang='grc' dir='ltr'>προσφι-</span> 
     </span>
    </p>
   </div>
   <div class='ocr_carea' id='block_1_68' title="bbox 176 1967 964 2006">
    <p class='ocr_par' dir='ltr' id='par_1_68' title="bbox 176 1967 964 2006">
     <span class='ocr_line' id='line_1_68' title="bbox 176 1967 964 2006; baseline -0.005 -9"><span class='ocrx_word' id='word_1_513' title='bbox 176 1971 220 2002; x_wconf 81' lang='grc' dir='ltr'>λὲς</span> <span class='ocrx_word' id='word_1_514' title='bbox 236 1968 269 2006; x_wconf 79' lang='grc' dir='ltr'>ἦν</span> <span class='ocrx_word' id='word_1_515' title='bbox 289 1969 342 2005; x_wconf 75' lang='grc'>(83)</span> <span class='ocrx_word' id='word_1_516' title='bbox 361 1969 475 2001; x_wconf 79' lang='grc' dir='ltr'>ἐκείνοις</span> <span class='ocrx_word' id='word_1_517' title='bbox 500 1969 610 2004; x_wconf 82' lang='grc' dir='ltr'>ἀμελεῖν</span> <span class='ocrx_word' id='word_1_518' title='bbox 632 1969 686 1994; x_wconf 83' lang='grc' dir='ltr'>τῶν</span> <span class='ocrx_word' id='word_1_519' title='bbox 709 1968 893 2004; x_wconf 68' lang='grc' dir='ltr'>προπτάξεων,</span> <span class='ocrx_word' id='word_1_520' title='bbox 912 1967 964 1994; x_wconf 58' lang='grc' dir='ltr'>καὶ</span> 
     </span>
    </p>
   </div>
   <div class='ocr_carea' id='block_1_69' title="bbox 175 2013 959 2052">
    <p class='ocr_par' dir='ltr' id='par_1_69' title="bbox 175 2013 959 2052">
     <span class='ocr_line' id='line_1_69' title="bbox 175 2013 959 2052; baseline -0.006 -8"><span class='ocrx_word' id='word_1_521' title='bbox 175 2017 335 2052; x_wconf 77' lang='grc' dir='ltr'>ἀνορέκτους</span> <span class='ocrx_word' id='word_1_522' title='bbox 353 2016 479 2050; x_wconf 76' lang='grc' dir='ltr'>παρέχειν</span> <span class='ocrx_word' id='word_1_523' title='bbox 491 2014 540 2046; x_wconf 83' lang='grc' dir='ltr'>τὰς</span> <span class='ocrx_word' id='word_1_524' title='bbox 552 2014 636 2046; x_wconf 82' lang='grc' dir='ltr'>ἀκοὰς</span> <span class='ocrx_word' id='word_1_525' title='bbox 652 2013 691 2049; x_wconf 81' lang='grc' dir='ltr'>τῷ</span> <span class='ocrx_word' id='word_1_526' title='bbox 707 2014 810 2040; x_wconf 79' lang='grc' dir='ltr'>τεθέντι</span> <span class='ocrx_word' id='word_1_527' title='bbox 827 2014 901 2048; x_wconf 84' lang='grc' dir='ltr'>νόμῳ</span> <span class='ocrx_word' id='word_1_528' title='bbox 914 2025 921 2048; x_wconf 85' lang='grc'>;</span> <span class='ocrx_word' id='word_1_529' title='bbox 935 2013 959 2039; x_wconf 83' lang='grc' dir='ltr'>εἰ</span> 
     </span>
    </p>
   </div>
   <div class='ocr_carea' id='block_1_70' title="bbox 177 2051 959 2099">
    <p class='ocr_par' dir='ltr' id='par_1_70' title="bbox 177 2051 959 2099">
     <span class='ocr_line' id='line_1_70' title="bbox 177 2051 959 2099; baseline -0.006 -10"><span class='ocrx_word' id='word_1_530' title='bbox 177 2062 214 2099; x_wconf 84' lang='grc' dir='ltr'>μὴ</span> <span class='ocrx_word' id='word_1_531' title='bbox 226 2051 284 2097; x_wconf 77' lang='grc' dir='ltr'><strong>γὰρ</strong></span> <span class='ocrx_word' id='word_1_532' title='bbox 296 2060 475 2096; x_wconf 80' lang='grc' dir='ltr'>κατημέλουν,</span> <span class='ocrx_word' id='word_1_533' title='bbox 497 2059 574 2095; x_wconf 78' lang='grc' dir='ltr'>ἔσχον</span> <span class='ocrx_word' id='word_1_534' title='bbox 592 2059 624 2086; x_wconf 81' lang='grc' dir='ltr'>ἂν</span> <span class='ocrx_word' id='word_1_535' title='bbox 639 2059 702 2091; x_wconf 80' lang='grc' dir='ltr'>ἄξια</span> <span class='ocrx_word' id='word_1_536' title='bbox 720 2059 756 2085; x_wconf 81' lang='grc' dir='ltr'><strong>τὰ</strong></span> <span class='ocrx_word' id='word_1_537' title='bbox 771 2059 896 2094; x_wconf 77' lang='grc' dir='ltr'>ἐπίχειρα</span> <span class='ocrx_word' id='word_1_538' title='bbox 910 2051 959 2093; x_wconf 64' lang='grc' dir='ltr'><strong>τῆξ</strong></span> 
     </span>
    </p>
   </div>
   <div class='ocr_carea' id='block_1_71' title="bbox 176 2103 959 2142">
    <p class='ocr_par' dir='ltr' id='par_1_71' title="bbox 176 2103 959 2142">
     <span class='ocr_line' id='line_1_71' title="bbox 176 2103 959 2142; baseline -0.005 -9"><span class='ocrx_word' id='word_1_539' title='bbox 176 2105 343 2142; x_wconf 82' lang='grc' dir='ltr'>ἀκροάσεως,</span> <span class='ocrx_word' id='word_1_540' title='bbox 361 2105 391 2131; x_wconf 74' lang='grc' dir='ltr'>οὐ</span> <span class='ocrx_word' id='word_1_541' title='bbox 414 2104 492 2140; x_wconf 80' lang='grc' dir='ltr'>μόνον</span> <span class='ocrx_word' id='word_1_542' title='bbox 511 2105 550 2135; x_wconf 71' lang='grc' dir='ltr'><strong>εἰς</strong></span> <span class='ocrx_word' id='word_1_543' title='bbox 566 2104 599 2130; x_wconf 72' lang='grc' dir='ltr'>τὸ</span> <span class='ocrx_word' id='word_1_544' title='bbox 621 2104 801 2140; x_wconf 78' lang='grc' dir='ltr'>παραχρῆμα,</span> <span class='ocrx_word' id='word_1_545' title='bbox 822 2103 890 2130; x_wconf 73' lang='grc' dir='ltr'>ἀλλὰ</span> <span class='ocrx_word' id='word_1_546' title='bbox 912 2103 959 2129; x_wconf 74' lang='grc' dir='ltr'>καὶ</span> 
     </span>
    </p>
   </div>
   <div class='ocr_carea' id='block_1_72' title="bbox 177 2148 959 2187">
    <p class='ocr_par' dir='ltr' id='par_1_72' title="bbox 177 2148 959 2187">
     <span class='ocr_line' id='line_1_72' title="bbox 177 2148 959 2187; baseline -0.006 -8"><span class='ocrx_word' id='word_1_547' title='bbox 177 2154 216 2184; x_wconf 85' lang='grc' dir='ltr'>εἰς</span> <span class='ocrx_word' id='word_1_548' title='bbox 231 2151 275 2178; x_wconf 80' lang='grc' dir='ltr'>τὸν</span> <span class='ocrx_word' id='word_1_549' title='bbox 297 2151 442 2187; x_wconf 81' lang='grc' dir='ltr'>μετέπειτα</span> <span class='ocrx_word' id='word_1_550' title='bbox 459 2149 524 2185; x_wconf 84' lang='grc' dir='ltr'>βίον,</span> <span class='ocrx_word' id='word_1_551' title='bbox 542 2149 571 2181; x_wconf 82' lang='grc' dir='ltr'><strong>ὃς</strong></span> <span class='ocrx_word' id='word_1_552' title='bbox 585 2151 657 2176; x_wconf 79' lang='grc' dir='ltr'>ἐστιν</span> <span class='ocrx_word' id='word_1_553' title='bbox 674 2149 711 2181; x_wconf 79' lang='grc' dir='ltr'><strong>ὡς</strong></span> <span class='ocrx_word' id='word_1_554' title='bbox 734 2149 840 2184; x_wconf 82' lang='grc' dir='ltr'>ἀληθῶς</span> <span class='ocrx_word' id='word_1_555' title='bbox 860 2148 932 2184; x_wconf 81' lang='grc' dir='ltr'>βίος·</span> <span class='ocrx_word' id='word_1_556' title='bbox 945 2149 959 2174; x_wconf 81' lang='grc' dir='ltr'>ὁ</span> 
     </span>
    </p>
   </div>
   <div class='ocr_carea' id='block_1_73' title="bbox 177 2195 960 2234">
    <p class='ocr_par' dir='ltr' id='par_1_73' title="bbox 177 2195 960 2234">
     <span class='ocr_line' id='line_1_73' title="bbox 177 2195 960 2234; baseline -0.005 -9"><span class='ocrx_word' id='word_1_557' title='bbox 177 2198 272 2234; x_wconf 80' lang='grc' dir='ltr'>γάρτοι</span> <span class='ocrx_word' id='word_1_558' title='bbox 285 2197 378 2233; x_wconf 78' lang='grc' dir='ltr'>μισθὸς</span> <span class='ocrx_word' id='word_1_559' title='bbox 388 2196 433 2223; x_wconf 76' lang='grc' dir='ltr'>τοῦ</span> <span class='ocrx_word' id='word_1_560' title='bbox 443 2196 482 2232; x_wconf 88' lang='grc' dir='ltr'>τῷ</span> <span class='ocrx_word' id='word_1_561' title='bbox 497 2195 557 2231; x_wconf 83' lang='grc' dir='ltr'><strong>Θεῷ</strong></span> <span class='ocrx_word' id='word_1_562' title='bbox 576 2195 727 2227; x_wconf 83' lang='grc' dir='ltr'>πείθεσθαι,</span> <span class='ocrx_word' id='word_1_563' title='bbox 739 2196 753 2222; x_wconf 86' lang='grc' dir='ltr'>ὁ</span> <span class='ocrx_word' id='word_1_564' title='bbox 767 2195 903 2230; x_wconf 69' lang='grc' dir='ltr'>ἄφθαρτος</span> <span class='ocrx_word' id='word_1_565' title='bbox 914 2195 960 2222; x_wconf 69' lang='grc' dir='ltr'>καὶ</span> 
     </span>
    </p>
   </div>
   <div class='ocr_carea' id='block_1_74' title="bbox 177 2240 960 2279">
    <p class='ocr_par' dir='ltr' id='par_1_74' title="bbox 177 2240 960 2279">
     <span class='ocr_line' id='line_1_74' title="bbox 177 2240 960 2279; baseline -0.006 -7"><span class='ocrx_word' id='word_1_566' title='bbox 177 2245 261 2276; x_wconf 84' lang='grc' dir='ltr'><strong>ἀΐδιος</strong></span> <span class='ocrx_word' id='word_1_567' title='bbox 278 2244 344 2279; x_wconf 85' lang='grc' dir='ltr'>βίος,</span> <span class='ocrx_word' id='word_1_568' title='bbox 356 2240 387 2270; x_wconf 75' lang='grc' dir='ltr'>οὗ</span> <span class='ocrx_word' id='word_1_569' title='bbox 403 2242 515 2269; x_wconf 77' lang='grc' dir='ltr'>δυνατὸν</span> <span class='ocrx_word' id='word_1_570' title='bbox 531 2241 729 2269; x_wconf 78' lang='grc' dir='ltr'>ἀντιποιεῖσθαι</span> <span class='ocrx_word' id='word_1_571' title='bbox 744 2242 800 2273; x_wconf 80' lang='grc' dir='ltr'>τοῖς</span> <span class='ocrx_word' id='word_1_572' title='bbox 820 2241 901 2268; x_wconf 84' lang='grc' dir='ltr'>εἰδόσι</span> <span class='ocrx_word' id='word_1_573' title='bbox 916 2241 960 2268; x_wconf 74' lang='grc' dir='ltr'>τὸν</span> 
     </span>
    </p>
   </div>
   <div class='ocr_carea' id='block_1_75' title="bbox 178 2289 961 2327">
    <p class='ocr_par' dir='ltr' id='par_1_75' title="bbox 178 2289 961 2327">
     <span class='ocr_line' id='line_1_75' title="bbox 178 2289 961 2327; baseline -0.008 -6"><span class='ocrx_word' id='word_1_574' title='bbox 178 2294 254 2327; x_wconf 81' lang='grc' dir='ltr'>Θεὸν,</span> <span class='ocrx_word' id='word_1_575' title='bbox 271 2294 317 2320; x_wconf 83' lang='grc' dir='ltr'>καὶ</span> <span class='ocrx_word' id='word_1_576' title='bbox 328 2294 384 2324; x_wconf 84' lang='grc' dir='ltr'>τοῖς</span> <span class='ocrx_word' id='word_1_577' title='bbox 402 2292 446 2319; x_wconf 68' lang='grc' dir='ltr'><strong>τὸν</strong></span> <span class='ocrx_word' id='word_1_578' title='bbox 469 2290 572 2318; x_wconf 79' lang='grc' dir='ltr'>ἑαυτῶν</span> <span class='ocrx_word' id='word_1_579' title='bbox 593 2290 649 2325; x_wconf 84' lang='grc' dir='ltr'>βίον</span> <span class='ocrx_word' id='word_1_580' title='bbox 671 2289 788 2326; x_wconf 74' lang='grc' dir='ltr'>ζηλωτὸν</span> <span class='ocrx_word' id='word_1_581' title='bbox 809 2289 961 2325; x_wconf 81' lang='grc' dir='ltr'>παρεχομέ-</span> 
     </span>
    </p>
   </div>
   <div class='ocr_carea' id='block_1_76' title="bbox 179 2335 962 2374">
    <p class='ocr_par' dir='ltr' id='par_1_76' title="bbox 179 2335 962 2374">
     <span class='ocr_line' id='line_1_76' title="bbox 179 2335 962 2374; baseline -0.008 -7"><span class='ocrx_word' id='word_1_582' title='bbox 179 2349 244 2372; x_wconf 85' lang='grc' dir='ltr'>νοις,</span> <span class='ocrx_word' id='word_1_583' title='bbox 261 2339 308 2366; x_wconf 68' lang='grc' dir='ltr'><strong>καὶ</strong></span> <span class='ocrx_word' id='word_1_584' title='bbox 317 2336 372 2366; x_wconf 78' lang='grc' dir='ltr'>οἷον</span> <span class='ocrx_word' id='word_1_585' title='bbox 389 2337 563 2374; x_wconf 80' lang='grc' dir='ltr'>παράδειγμα</span> <span class='ocrx_word' id='word_1_586' title='bbox 577 2336 684 2364; x_wconf 77' lang='grc' dir='ltr'>αἰώνιον</span> <span class='ocrx_word' id='word_1_587' title='bbox 698 2337 754 2368; x_wconf 82' lang='grc' dir='ltr'>τοῖς</span> <span class='ocrx_word' id='word_1_588' title='bbox 767 2336 835 2372; x_wconf 85' lang='grc' dir='ltr'>πρὸς</span> <span class='ocrx_word' id='word_1_589' title='bbox 846 2335 962 2371; x_wconf 77' lang='grc' dir='ltr'>ἅμιλλαν</span> 
     </span>
    </p>
   </div>
   <div class='ocr_carea' id='block_1_77' title="bbox 180 2379 962 2422">
    <p class='ocr_par' dir='ltr' id='par_1_77' title="bbox 180 2379 962 2422">
     <span class='ocr_line' id='line_1_77' title="bbox 180 2379 962 2422; baseline -0.006 -9"><span class='ocrx_word' id='word_1_590' title='bbox 180 2387 228 2422; x_wconf 83' lang='grc' dir='ltr'><strong>ζῇν</strong></span> <span class='ocrx_word' id='word_1_591' title='bbox 244 2385 444 2422; x_wconf 78' lang='grc' dir='ltr'>προῃρημένοις</span> <span class='ocrx_word' id='word_1_592' title='bbox 460 2383 527 2419; x_wconf 64' lang='grc'>(84).</span> <span class='ocrx_word' id='word_1_593' title='bbox 545 2382 594 2409; x_wconf 84' lang='grc' dir='ltr'>Διὰ</span> <span class='ocrx_word' id='word_1_594' title='bbox 612 2381 691 2408; x_wconf 82' lang='grc' dir='ltr'>τοῦτο</span> <span class='ocrx_word' id='word_1_595' title='bbox 705 2379 750 2408; x_wconf 76' lang='grc' dir='ltr'>οὖν</span> <span class='ocrx_word' id='word_1_596' title='bbox 768 2383 784 2418; x_wconf 86' lang='grc' dir='ltr'>ὴ</span> <span class='ocrx_word' id='word_1_597' title='bbox 806 2381 962 2408; x_wconf 81' lang='grc' dir='ltr'>διδασκαλία</span> 
     </span>
    </p>
   </div>
   <div class='ocr_carea' id='block_1_78' title="bbox 216 2459 962 2498">
    <p class='ocr_par' dir='ltr' id='par_1_78' title="bbox 216 2459 962 2498">
     <span class='ocr_line' id='line_1_78' title="bbox 216 2459 962 2498; baseline -0.004 -8"><span class='ocrx_word' id='word_1_598' title='bbox 216 2462 270 2498; x_wconf 83' lang='lat'><strong>(80)</strong></span> <span class='ocrx_word' id='word_1_599' title='bbox 291 2463 367 2498; x_wconf 74' lang='lat' dir='ltr'><strong>Vulg.</strong></span> <span class='ocrx_word' id='word_1_600' title='bbox 384 2462 438 2495; x_wconf 84' lang='grc' dir='ltr'><strong>ἓως</strong></span> <span class='ocrx_word' id='word_1_601' title='bbox 458 2462 505 2489; x_wconf 81' lang='grc' dir='ltr'>ὅτε</span> <span class='ocrx_word' id='word_1_602' title='bbox 527 2461 630 2496; x_wconf 74' lang='grc' dir='ltr'>ἠπίως.</span> <span class='ocrx_word' id='word_1_603' title='bbox 648 2459 742 2487; x_wconf 89' lang='lat' dir='ltr'><strong>Scribo</strong></span> <span class='ocrx_word' id='word_1_604' title='bbox 755 2459 808 2492; x_wconf 70' lang='grc' dir='ltr'><strong>ἕως</strong></span> <span class='ocrx_word' id='word_1_605' title='bbox 830 2461 874 2487; x_wconf 76' lang='grc' dir='ltr'><strong>ὅτε</strong></span> <span class='ocrx_word' id='word_1_606' title='bbox 889 2461 962 2497; x_wconf 79' lang='grc' dir='ltr'>ἠπίῳ</span> 
     </span>
    </p>
   </div>
   <div class='ocr_carea' id='block_1_79' title="bbox 181 2497 444 2535">
    <p class='ocr_par' dir='ltr' id='par_1_79' title="bbox 181 2497 444 2535">
     <span class='ocr_line' id='line_1_79' title="bbox 181 2497 444 2535; baseline 0 0"><span class='ocrx_word' id='word_1_607' title='bbox 181 2497 375 2535; x_wconf 56' lang='grc' dir='ltr'>μεγελοὲνκίᾳι</span> <span class='ocrx_word' id='word_1_608' title='bbox 391 2502 444 2524; x_wconf 75' lang='grc' dir='ltr'>ειε-</span> 
     </span>
    </p>
   </div>
   <div class='ocr_carea' id='block_1_80' title="bbox 229 2529 960 2568">
    <p class='ocr_par' dir='ltr' id='par_1_80' title="bbox 229 2529 960 2568">
     <span class='ocr_line' id='line_1_80' title="bbox 229 2529 960 2568; baseline -0.003 -9"><span class='ocrx_word' id='word_1_609' title='bbox 229 2532 271 2568; x_wconf 80' lang='grc'><strong>81)</strong></span> <span class='ocrx_word' id='word_1_610' title='bbox 290 2529 394 2566; x_wconf 59' lang='grc' dir='ltr'><strong>’Ἰὸὶπίάρ</strong></span> <span class='ocrx_word' id='word_1_611' title='bbox 407 2540 450 2558; x_wconf 84' lang='grc' dir='ltr'><strong>τοι</strong></span> <span class='ocrx_word' id='word_1_612' title='bbox 467 2531 562 2568; x_wconf 64' lang='grc' dir='ltr'>ποσῷ.</span> <span class='ocrx_word' id='word_1_613' title='bbox 586 2529 660 2568; x_wconf 78' lang='lat' dir='ltr'><strong>Nihil</strong></span> <span class='ocrx_word' id='word_1_614' title='bbox 675 2537 741 2564; x_wconf 86' lang='lat' dir='ltr'><strong>opus</strong></span> <span class='ocrx_word' id='word_1_615' title='bbox 754 2533 816 2568; x_wconf 68' lang='lat' dir='ltr'><strong>erat</strong></span> <span class='ocrx_word' id='word_1_616' title='bbox 833 2530 960 2568; x_wconf 70' lang='lat' dir='ltr'><strong>emenda-</strong></span> 
     </span>
    </p>
   </div>
   <div class='ocr_carea' id='block_1_81' title="bbox 180 2565 958 2600">
    <p class='ocr_par' dir='ltr' id='par_1_81' title="bbox 180 2565 958 2600">
     <span class='ocr_line' id='line_1_81' title="bbox 180 2565 958 2600; baseline -0.006 -5"><span class='ocrx_word' id='word_1_617' title='bbox 180 2565 267 2596; x_wconf 51' lang='lat' dir='ltr'><strong>tioite&#39;</strong></span> <span class='ocrx_word' id='word_1_618' title='bbox 285 2565 424 2594; x_wconf 73' lang='lat' dir='ltr'><strong>doctorum</strong></span> <span class='ocrx_word' id='word_1_619' title='bbox 456 2567 586 2596; x_wconf 84' lang='lat' dir='ltr'><strong>virorum.</strong></span> <span class='ocrx_word' id='word_1_620' title='bbox 616 2565 660 2600; x_wconf 89' lang='lat' dir='ltr'><strong>qui</strong></span> <span class='ocrx_word' id='word_1_621' title='bbox 690 2565 829 2599; x_wconf 76' lang='lat' dir='ltr'><strong>corrigunt</strong></span> <span class='ocrx_word' id='word_1_622' title='bbox 853 2565 958 2597; x_wconf 79' lang='grc' dir='ltr'>ποσῶς,</span> 
     </span>
    </p>
   </div>
   <div class='ocr_carea' id='block_1_82' title="bbox 181 2600 961 2636">
    <p class='ocr_par' dir='ltr' id='par_1_82' title="bbox 181 2600 961 2636">
     <span class='ocr_line' id='line_1_82' title="bbox 181 2600 961 2636; baseline -0.004 -6"><span class='ocrx_word' id='word_1_623' title='bbox 181 2611 240 2631; x_wconf 91' lang='lat' dir='ltr'><strong>cum</strong></span> <span class='ocrx_word' id='word_1_624' title='bbox 262 2601 337 2636; x_wconf 84' lang='grc' dir='ltr'><strong>ποσῷ</strong></span> <span class='ocrx_word' id='word_1_625' title='bbox 359 2602 438 2628; x_wconf 85' lang='lat' dir='ltr'><strong>etiam</strong></span> <span class='ocrx_word' id='word_1_626' title='bbox 465 2601 515 2632; x_wconf 84' lang='lat' dir='ltr'><strong>dici</strong></span> <span class='ocrx_word' id='word_1_627' title='bbox 535 2600 620 2636; x_wconf 65' lang='lat' dir='ltr'><strong>possit</strong></span> <span class='ocrx_word' id='word_1_628' title='bbox 635 2600 822 2636; x_wconf 54' lang='lat' dir='ltr'><strong>adverlualiter</strong></span> <span class='ocrx_word' id='word_1_629' title='bbox 844 2608 900 2636; x_wconf 60' lang='lat' dir='ltr'><strong>pro;</strong></span> <span class='ocrx_word' id='word_1_630' title='bbox 914 2601 961 2627; x_wconf 75' lang='grc' dir='ltr'><strong>ἐπὶ</strong></span> 
     </span>
    </p>
   </div>
   <div class='ocr_carea' id='block_1_83' title="bbox 181 2634 962 2665">
    <p class='ocr_par' dir='ltr' id='par_1_83' title="bbox 181 2634 962 2665">
     <span class='ocr_line' id='line_1_83' title="bbox 181 2634 962 2665; baseline -0.003 -1"><span class='ocrx_word' id='word_1_631' title='bbox 181 2634 328 2665; x_wconf 65' lang='grc' dir='ltr'>ποσόν.Ιη’</span> <span class='ocrx_word' id='word_1_632' title='bbox 344 2637 422 2665; x_wconf 88' lang='lat' dir='ltr'><strong>codd.</strong></span> <span class='ocrx_word' id='word_1_633' title='bbox 449 2641 538 2663; x_wconf 81' lang='lat' dir='ltr'><strong>tamen</strong></span> <span class='ocrx_word' id='word_1_634' title='bbox 562 2634 629 2662; x_wconf 82' lang='lat' dir='ltr'><strong>Fuk.</strong></span> <span class='ocrx_word' id='word_1_635' title='bbox 664 2642 695 2661; x_wconf 90' lang='lat' dir='ltr'><strong>ac</strong></span> <span class='ocrx_word' id='word_1_636' title='bbox 727 2634 809 2661; x_wconf 92' lang='lat' dir='ltr'><strong>Turn.</strong></span> <span class='ocrx_word' id='word_1_637' title='bbox 835 2635 962 2663; x_wconf 85' lang='lat' dir='ltr'><strong>scribitur</strong></span> 
     </span>
    </p>
   </div>
   <div class='ocr_carea' id='block_1_84' title="bbox 181 2681 281 2700">
    <p class='ocr_par' dir='ltr' id='par_1_84' title="bbox 181 2681 281 2700">
     <span class='ocr_line' id='line_1_84' title="bbox 181 2681 281 2700; baseline -0.01 0"><span class='ocrx_word' id='word_1_638' title='bbox 181 2681 281 2700; x_wconf 72' lang='grc' dir='ltr'>ποσωε.</span> 
     </span>
    </p>
   </div>
   <div class='ocr_carea' id='block_1_85' title="bbox 164 2691 962 2743">
    <p class='ocr_par' dir='ltr' id='par_1_85' title="bbox 164 2691 962 2743">
     <span class='ocr_line' id='line_1_85' title="bbox 164 2691 962 2743; baseline -0.004 -10"><span class='ocrx_word' id='word_1_639' title='bbox 164 2734 170 2742; x_wconf 34' lang='grc'><strong>1</strong></span> <span class='ocrx_word' id='word_1_640' title='bbox 300 2699 540 2743; x_wconf 35' lang='grc' dir='ltr'>Ἀίιλχὲρεῖτιςχ</span> <span class='ocrx_word' id='word_1_641' title='bbox 554 2704 595 2743; x_wconf 66' lang='lat' dir='ltr'><strong>Ab</strong></span> <span class='ocrx_word' id='word_1_642' title='bbox 612 2704 655 2731; x_wconf 87' lang='lat' dir='ltr'><strong>his</strong></span> <span class='ocrx_word' id='word_1_643' title='bbox 669 2703 759 2743; x_wconf 82' lang='lat' dir='ltr'><strong>verbis</strong></span> <span class='ocrx_word' id='word_1_644' title='bbox 782 2704 962 2731; x_wconf 88' lang='lat' dir='ltr'><strong>inchoandum</strong></span> 
     </span>
    </p>
   </div>
   <div class='ocr_carea' id='block_1_86' title="bbox 167 2739 961 2777">
    <p class='ocr_par' dir='ltr' id='par_1_86' title="bbox 167 2739 961 2777">
     <span class='ocr_line' id='line_1_86' title="bbox 167 2739 961 2777; baseline -0.005 -7"><span class='ocrx_word' id='word_1_645' title='bbox 167 2739 226 2771; x_wconf 56' lang='lat' dir='ltr'><strong>:est</strong></span> <span class='ocrx_word' id='word_1_646' title='bbox 239 2739 298 2777; x_wconf 82' lang='lat' dir='ltr'><strong>cap.</strong></span> <span class='ocrx_word' id='word_1_647' title='bbox 312 2741 364 2768; x_wconf 76' lang='lat' dir='ltr'><strong>i2:</strong></span> <span class='ocrx_word' id='word_1_648' title='bbox 380 2739 475 2777; x_wconf 17' lang='lat' dir='ltr'><strong>Dé&#39;laris</strong></span> <span class='ocrx_word' id='word_1_649' title='bbox 496 2741 544 2777; x_wconf 78' lang='lat' dir='ltr'><strong>qui</strong></span> <span class='ocrx_word' id='word_1_650' title='bbox 560 2741 608 2766; x_wconf 81' lang='lat' dir='ltr'><strong>hac</strong></span> <span class='ocrx_word' id='word_1_651' title='bbox 626 2740 775 2777; x_wconf 68' lang='lat' dir='ltr'><strong>mysterium</strong></span> <span class='ocrx_word' id='word_1_652' title='bbox 786 2747 845 2777; x_wconf 26' lang='lat' dir='ltr'><strong>Anon</strong></span> <span class='ocrx_word' id='word_1_653' title='bbox 866 2747 961 2777; x_wconf 60' lang='lat' dir='ltr'><strong>cogno-</strong></span> 
     </span>
    </p>
   </div>
   <div class='ocr_carea' id='block_1_87' title="bbox 182 2774 960 2812">
    <p class='ocr_par' dir='ltr' id='par_1_87' title="bbox 182 2774 960 2812">
     <span class='ocr_line' id='line_1_87' title="bbox 182 2774 960 2812; baseline -0.006 -7"><span class='ocrx_word' id='word_1_654' title='bbox 182 2774 283 2810; x_wconf 67' lang='lat' dir='ltr'><strong>verunt,</strong></span> <span class='ocrx_word' id='word_1_655' title='bbox 295 2782 317 2804; x_wconf 85' lang='lat' dir='ltr'><strong>et</strong></span> <span class='ocrx_word' id='word_1_656' title='bbox 333 2776 401 2812; x_wconf 86' lang='lat' dir='ltr'><strong>quod</strong></span> <span class='ocrx_word' id='word_1_657' title='bbox 415 2774 563 2812; x_wconf 65' lang='lat' dir='ltr'><strong>uoluntaria</strong></span> <span class='ocrx_word' id='word_1_658' title='bbox 574 2775 880 2812; x_wconf 71' lang='lat' dir='ltr'><strong>eorunt_ignorqtio,etc.</strong></span> <span class='ocrx_word' id='word_1_659' title='bbox 895 2774 960 2800; x_wconf 78' lang='lat' dir='ltr'><strong>Nam</strong></span> 
     </span>
    </p>
   </div>
   <div class='ocr_carea' id='block_1_88' title="bbox 185 2809 962 2845">
    <p class='ocr_par' dir='ltr' id='par_1_88' title="bbox 185 2809 962 2845">
     <span class='ocr_line' id='line_1_88' title="bbox 185 2809 962 2845; baseline -0.006 -5"><span class='ocrx_word' id='word_1_660' title='bbox 185 2813 314 2842; x_wconf 82' lang='lat' dir='ltr'><strong>hactenus</strong></span> <span class='ocrx_word' id='word_1_661' title='bbox 336 2809 392 2845; x_wconf 77' lang='lat' dir='ltr'><strong>egit</strong></span> <span class='ocrx_word' id='word_1_662' title='bbox 410 2810 650 2845; x_wconf 19' lang='lat' dir='ltr'><strong>Constantiuusrde</strong></span> <span class='ocrx_word' id='word_1_663' title='bbox 665 2809 767 2835; x_wconf 88' lang='lat' dir='ltr'><strong>Domini</strong></span> <span class='ocrx_word' id='word_1_664' title='bbox 792 2811 918 2845; x_wconf 78' lang='lat' dir='ltr'><strong>adventu,</strong></span> <span class='ocrx_word' id='word_1_665' title='bbox 932 2813 962 2845; x_wconf 79' lang='lat' dir='ltr'><strong>et</strong></span> 
     </span>
    </p>
   </div>
   <div class='ocr_carea' id='block_1_89' title="bbox 184 2843 959 2882">
    <p class='ocr_par' dir='ltr' id='par_1_89' title="bbox 184 2843 959 2882">
     <span class='ocr_line' id='line_1_89' title="bbox 184 2843 959 2882; baseline -0.006 -8"><span class='ocrx_word' id='word_1_666' title='bbox 184 2847 262 2882; x_wconf 85' lang='lat' dir='ltr'><strong>cujus</strong></span> <span class='ocrx_word' id='word_1_667' title='bbox 292 2847 330 2874; x_wconf 90' lang='lat' dir='ltr'><strong>rei</strong></span> <span class='ocrx_word' id='word_1_668' title='bbox 355 2843 434 2882; x_wconf 55' lang='lat' dir='ltr'><strong>causa</strong></span> <span class='ocrx_word' id='word_1_669' title='bbox 455 2845 583 2882; x_wconf 19' lang='lat' dir='ltr'><strong>Vtiltristus</strong></span> <span class='ocrx_word' id='word_1_670' title='bbox 611 2844 637 2870; x_wconf 93' lang='lat' dir='ltr'><strong>in</strong></span> <span class='ocrx_word' id='word_1_671' title='bbox 666 2847 753 2882; x_wconf 73' lang='lat' dir='ltr'><strong>terras</strong></span> <span class='ocrx_word' id='word_1_672' title='bbox 782 2843 959 2882; x_wconf 80' lang='lat' dir='ltr'><strong>descenderit.</strong></span> 
     </span>
    </p>
   </div>
   <div class='ocr_carea' id='block_1_90' title="bbox 184 2879 958 2917">
    <p class='ocr_par' dir='ltr' id='par_1_90' title="bbox 184 2879 958 2917">
     <span class='ocr_line' id='line_1_90' title="bbox 184 2879 958 2917; baseline -0.005 -8"><span class='ocrx_word' id='word_1_673' title='bbox 184 2879 260 2910; x_wconf 69' lang='lat' dir='ltr'><strong>Nunc</strong></span> <span class='ocrx_word' id='word_1_674' title='bbox 269 2889 332 2911; x_wconf 86' lang='lat' dir='ltr'><strong>vero</strong></span> <span class='ocrx_word' id='word_1_675' title='bbox 342 2881 439 2917; x_wconf 73' lang='lat' dir='ltr'><strong>agitde</strong></span> <span class='ocrx_word' id='word_1_676' title='bbox 454 2881 487 2908; x_wconf 91' lang='lat' dir='ltr'><strong>iis</strong></span> <span class='ocrx_word' id='word_1_677' title='bbox 500 2880 545 2916; x_wconf 84' lang='lat' dir='ltr'><strong>qui</strong></span> <span class='ocrx_word' id='word_1_678' title='bbox 560 2880 610 2907; x_wconf 89' lang='lat' dir='ltr'><strong>hoc</strong></span> <span class='ocrx_word' id='word_1_679' title='bbox 626 2879 780 2912; x_wconf 79' lang='lat' dir='ltr'><strong>mysterium</strong></span> <span class='ocrx_word' id='word_1_680' title='bbox 795 2880 958 2913; x_wconf 78' lang='lat' dir='ltr'><strong>ignorarunt.</strong></span> 
     </span>
    </p>
   </div>
   <div class='ocr_carea' id='block_1_91' title="bbox 1009 1875 1791 1913">
    <p class='ocr_par' dir='ltr' id='par_1_91' title="bbox 1009 1875 1791 1913">
     <span class='ocr_line' id='line_1_91' title="bbox 1009 1875 1791 1913; baseline 0.004 -10"><span class='ocrx_word' id='word_1_681' title='bbox 1009 1876 1163 1911; x_wconf 88' lang='lat' dir='ltr'><strong>utiliterque</strong></span> <span class='ocrx_word' id='word_1_682' title='bbox 1178 1880 1311 1910; x_wconf 61' lang='lat' dir='ltr'><strong>pracepta</strong></span> <span class='ocrx_word' id='word_1_683' title='bbox 1325 1881 1397 1909; x_wconf 84' lang='lat' dir='ltr'><strong>sunt,</strong></span> <span class='ocrx_word' id='word_1_684' title='bbox 1409 1875 1513 1904; x_wconf 85' lang='lat' dir='ltr'><strong>infenso</strong></span> <span class='ocrx_word' id='word_1_685' title='bbox 1529 1877 1619 1905; x_wconf 87' lang='lat' dir='ltr'><strong>animo</strong></span> <span class='ocrx_word' id='word_1_686' title='bbox 1629 1879 1791 1913; x_wconf 82' lang='lat' dir='ltr'><strong>excipimus,</strong></span> 
     </span>
    </p>
   </div>
   <div class='ocr_carea' id='block_1_92' title="bbox 1011 1921 1791 1956">
    <p class='ocr_par' dir='ltr' id='par_1_92' title="bbox 1011 1921 1791 1956">
     <span class='ocr_line' id='line_1_92' title="bbox 1011 1921 1791 1956; baseline 0.004 -9"><span class='ocrx_word' id='word_1_687' title='bbox 1011 1926 1074 1948; x_wconf 90' lang='lat' dir='ltr'><strong>tunc</strong></span> <span class='ocrx_word' id='word_1_688' title='bbox 1093 1921 1190 1948; x_wconf 87' lang='lat' dir='ltr'><strong>mentis</strong></span> <span class='ocrx_word' id='word_1_689' title='bbox 1201 1926 1300 1948; x_wconf 72' lang='lat' dir='ltr'><strong>nostra:</strong></span> <span class='ocrx_word' id='word_1_690' title='bbox 1313 1923 1388 1949; x_wconf 85' lang='lat' dir='ltr'><strong>acies</strong></span> <span class='ocrx_word' id='word_1_691' title='bbox 1399 1922 1561 1956; x_wconf 89' lang='lat' dir='ltr'><strong>quihusdatn</strong></span> <span class='ocrx_word' id='word_1_692' title='bbox 1577 1923 1653 1956; x_wconf 86' lang='lat' dir='ltr'><strong>quasi</strong></span> <span class='ocrx_word' id='word_1_693' title='bbox 1672 1923 1791 1950; x_wconf 88' lang='lat' dir='ltr'><strong>tenebris</strong></span> 
     </span>
    </p>
   </div>
   <div class='ocr_carea' id='block_1_93' title="bbox 1009 1967 1790 2004">
    <p class='ocr_par' dir='ltr' id='par_1_93' title="bbox 1009 1967 1790 2004">
     <span class='ocr_line' id='line_1_93' title="bbox 1009 1967 1790 2004; baseline 0.003 -11"><span class='ocrx_word' id='word_1_694' title='bbox 1009 1967 1182 1994; x_wconf 82' lang='lat' dir='ltr'><strong>obscaratnr.</strong></span> <span class='ocrx_word' id='word_1_695' title='bbox 1194 1967 1262 2000; x_wconf 86' lang='lat' dir='ltr'><strong>Quid</strong></span> <span class='ocrx_word' id='word_1_696' title='bbox 1283 1967 1353 2001; x_wconf 91' lang='lat' dir='ltr'><strong>quod</strong></span> <span class='ocrx_word' id='word_1_697' title='bbox 1375 1967 1505 2002; x_wconf 83' lang='lat' dir='ltr'><strong>voluptati</strong></span> <span class='ocrx_word' id='word_1_698' title='bbox 1519 1967 1571 1995; x_wconf 89' lang='lat' dir='ltr'><strong>illis</strong></span> <span class='ocrx_word' id='word_1_699' title='bbox 1585 1973 1644 1994; x_wconf 89' lang='lat' dir='ltr'><strong>erat</strong></span> <span class='ocrx_word' id='word_1_700' title='bbox 1658 1973 1790 2004; x_wconf 70' lang='lat' dir='ltr'><strong>pratcepta</strong></span> 
     </span>
    </p>
   </div>
   <div class='ocr_carea' id='block_1_94' title="bbox 1010 2012 1793 2048">
    <p class='ocr_par' dir='ltr' id='par_1_94' title="bbox 1010 2012 1793 2048">
     <span class='ocr_line' id='line_1_94' title="bbox 1010 2012 1793 2048; baseline 0.001 -8"><span class='ocrx_word' id='word_1_701' title='bbox 1010 2012 1158 2048; x_wconf 80' lang='lat' dir='ltr'><strong>negligere,</strong></span> <span class='ocrx_word' id='word_1_702' title='bbox 1171 2017 1199 2040; x_wconf 89' lang='lat' dir='ltr'><strong>et</strong></span> <span class='ocrx_word' id='word_1_703' title='bbox 1217 2013 1267 2047; x_wconf 78' lang='lat' dir='ltr'><strong>legi</strong></span> <span class='ocrx_word' id='word_1_704' title='bbox 1294 2020 1355 2047; x_wconf 79' lang='lat' dir='ltr'><strong>quae</strong></span> <span class='ocrx_word' id='word_1_705' title='bbox 1370 2012 1508 2041; x_wconf 76' lang='lat' dir='ltr'><strong>ferebatur</strong></span> <span class='ocrx_word' id='word_1_706' title='bbox 1537 2013 1693 2041; x_wconf 87' lang='lat' dir='ltr'><strong>l&#39;astidiosas</strong></span> <span class='ocrx_word' id='word_1_707' title='bbox 1711 2020 1793 2041; x_wconf 74' lang='lat' dir='ltr'><strong>aures</strong></span> 
     </span>
    </p>
   </div>
   <div class='ocr_carea' id='block_1_95' title="bbox 1010 2059 1793 2095">
    <p class='ocr_par' dir='ltr' id='par_1_95' title="bbox 1010 2059 1793 2095">
     <span class='ocr_line' id='line_1_95' title="bbox 1010 2059 1793 2095; baseline 0 -8"><span class='ocrx_word' id='word_1_708' title='bbox 1010 2060 1144 2095; x_wconf 81' lang='lat' dir='ltr'><strong>praebere?</strong></span> <span class='ocrx_word' id='word_1_709' title='bbox 1155 2059 1212 2087; x_wconf 85' lang='lat' dir='ltr'><strong>Nisi</strong></span> <span class='ocrx_word' id='word_1_710' title='bbox 1227 2060 1301 2087; x_wconf 93' lang='lat' dir='ltr'><strong>enim</strong></span> <span class='ocrx_word' id='word_1_711' title='bbox 1325 2059 1519 2094; x_wconf 80' lang='lat' dir='ltr'><strong>neglexissent,</strong></span> <span class='ocrx_word' id='word_1_712' title='bbox 1534 2060 1642 2094; x_wconf 79' lang='lat' dir='ltr'><strong>dignam</strong></span> <span class='ocrx_word' id='word_1_713' title='bbox 1656 2065 1730 2088; x_wconf 90' lang='lat' dir='ltr'><strong>certe</strong></span> <span class='ocrx_word' id='word_1_714' title='bbox 1743 2068 1758 2087; x_wconf 73' lang='grc' dir='ltr'><strong>ο</strong></span> <span class='ocrx_word' id='word_1_715' title='bbox 1768 2068 1793 2087; x_wconf 82' lang='grc' dir='ltr'>ι-</span> 
     </span>
    </p>
   </div>
   <div class='ocr_carea' id='block_1_96' title="bbox 1010 2106 1795 2139">
    <p class='ocr_par' dir='ltr' id='par_1_96' title="bbox 1010 2106 1795 2139">
     <span class='ocr_line' id='line_1_96' title="bbox 1010 2106 1795 2139; baseline 0 -5"><span class='ocrx_word' id='word_1_716' title='bbox 1010 2107 1111 2134; x_wconf 88' lang='lat' dir='ltr'><strong>dientia</strong></span> <span class='ocrx_word' id='word_1_717' title='bbox 1136 2113 1185 2133; x_wconf 87' lang='lat' dir='ltr'><strong>sua</strong></span> <span class='ocrx_word' id='word_1_718' title='bbox 1202 2106 1354 2134; x_wconf 88' lang='lat' dir='ltr'><strong>mercedem</strong></span> <span class='ocrx_word' id='word_1_719' title='bbox 1368 2111 1446 2133; x_wconf 87' lang='lat' dir='ltr'><strong>erant</strong></span> <span class='ocrx_word' id='word_1_720' title='bbox 1475 2106 1605 2139; x_wconf 82' lang='lat' dir='ltr'><strong>relaturi,</strong></span> <span class='ocrx_word' id='word_1_721' title='bbox 1625 2114 1677 2134; x_wconf 89' lang='lat' dir='ltr'><strong>non</strong></span> <span class='ocrx_word' id='word_1_722' title='bbox 1700 2108 1727 2134; x_wconf 91' lang='lat' dir='ltr'><strong>in</strong></span> <span class='ocrx_word' id='word_1_723' title='bbox 1744 2107 1795 2134; x_wconf 87' lang='lat' dir='ltr'><strong>hac</strong></span> 
     </span>
    </p>
   </div>
   <div class='ocr_carea' id='block_1_97' title="bbox 1011 2151 1793 2188">
    <p class='ocr_par' dir='ltr' id='par_1_97' title="bbox 1011 2151 1793 2188">
     <span class='ocr_line' id='line_1_97' title="bbox 1011 2151 1793 2188; baseline 0 -8"><span class='ocrx_word' id='word_1_724' title='bbox 1011 2157 1125 2184; x_wconf 80' lang='lat' dir='ltr'><strong>tantum.</strong></span> <span class='ocrx_word' id='word_1_725' title='bbox 1141 2160 1234 2180; x_wconf 89' lang='lat' dir='ltr'><strong>verum</strong></span> <span class='ocrx_word' id='word_1_726' title='bbox 1250 2151 1332 2180; x_wconf 90' lang='lat' dir='ltr'><strong>etiam</strong></span> <span class='ocrx_word' id='word_1_727' title='bbox 1347 2152 1373 2179; x_wconf 93' lang='lat' dir='ltr'><strong>in</strong></span> <span class='ocrx_word' id='word_1_728' title='bbox 1388 2152 1479 2180; x_wconf 80' lang='lat' dir='ltr'><strong>futura</strong></span> <span class='ocrx_word' id='word_1_729' title='bbox 1496 2153 1550 2180; x_wconf 84' lang='lat' dir='ltr'><strong>vita</strong></span> <span class='ocrx_word' id='word_1_730' title='bbox 1566 2161 1574 2186; x_wconf 84' lang='lat'><strong>;</strong></span> <span class='ocrx_word' id='word_1_731' title='bbox 1589 2160 1649 2188; x_wconf 69' lang='lat' dir='ltr'><strong>qua:</strong></span> <span class='ocrx_word' id='word_1_732' title='bbox 1663 2161 1727 2180; x_wconf 90' lang='lat' dir='ltr'><strong>vere</strong></span> <span class='ocrx_word' id='word_1_733' title='bbox 1737 2153 1793 2180; x_wconf 83' lang='lat' dir='ltr'><strong>vita</strong></span> 
     </span>
    </p>
   </div>
   <div class='ocr_carea' id='block_1_98' title="bbox 1010 2197 1794 2233">
    <p class='ocr_par' dir='ltr' id='par_1_98' title="bbox 1010 2197 1794 2233">
     <span class='ocr_line' id='line_1_98' title="bbox 1010 2197 1794 2233; baseline 0 -7"><span class='ocrx_word' id='word_1_734' title='bbox 1010 2203 1052 2226; x_wconf 90' lang='lat' dir='ltr'><strong>est</strong></span> <span class='ocrx_word' id='word_1_735' title='bbox 1079 2197 1270 2225; x_wconf 80' lang='lat' dir='ltr'><strong>existimanda.</strong></span> <span class='ocrx_word' id='word_1_736' title='bbox 1295 2197 1396 2225; x_wconf 89' lang='lat' dir='ltr'><strong>Eorum</strong></span> <span class='ocrx_word' id='word_1_737' title='bbox 1424 2198 1497 2225; x_wconf 89' lang='lat' dir='ltr'><strong>enim</strong></span> <span class='ocrx_word' id='word_1_738' title='bbox 1521 2198 1566 2233; x_wconf 87' lang='lat' dir='ltr'><strong>qui</strong></span> <span class='ocrx_word' id='word_1_739' title='bbox 1586 2199 1729 2233; x_wconf 73' lang='lat' dir='ltr'><strong>praeceptis</strong></span> <span class='ocrx_word' id='word_1_740' title='bbox 1746 2199 1794 2226; x_wconf 89' lang='lat' dir='ltr'><strong>Dei</strong></span> 
     </span>
    </p>
   </div>
   <div class='ocr_carea' id='block_1_99' title="bbox 1010 2242 1794 2279">
    <p class='ocr_par' dir='ltr' id='par_1_99' title="bbox 1010 2242 1794 2279">
     <span class='ocr_line' id='line_1_99' title="bbox 1010 2242 1794 2279; baseline -0.001 -8"><span class='ocrx_word' id='word_1_741' title='bbox 1010 2242 1282 2279; x_wconf 72' lang='lat' dir='ltr'><strong>paruerunt,’;merces</strong></span> <span class='ocrx_word' id='word_1_742' title='bbox 1290 2246 1341 2276; x_wconf 91' lang='lat' dir='ltr'><strong>est,</strong></span> <span class='ocrx_word' id='word_1_743' title='bbox 1354 2243 1515 2271; x_wconf 83' lang='lat' dir='ltr'><strong>immortalis</strong></span> <span class='ocrx_word' id='word_1_744' title='bbox 1525 2247 1657 2271; x_wconf 83' lang='lat' dir='ltr'><strong>etaeterna</strong></span> <span class='ocrx_word' id='word_1_745' title='bbox 1672 2243 1735 2270; x_wconf 75' lang='lat' dir='ltr'><strong>vita.</strong></span> <span class='ocrx_word' id='word_1_746' title='bbox 1753 2243 1794 2271; x_wconf 82' lang='lat' dir='ltr'><strong>Ad</strong></span> 
     </span>
    </p>
   </div>
   <div class='ocr_carea' id='block_1_100' title="bbox 1011 2289 1796 2326">
    <p class='ocr_par' dir='ltr' id='par_1_100' title="bbox 1011 2289 1796 2326">
     <span class='ocr_line' id='line_1_100' title="bbox 1011 2289 1796 2326; baseline -0.001 -8"><span class='ocrx_word' id='word_1_747' title='bbox 1011 2298 1091 2326; x_wconf 86' lang='lat' dir='ltr'><strong>quam</strong></span> <span class='ocrx_word' id='word_1_748' title='bbox 1105 2290 1123 2317; x_wconf 91' lang='lat' dir='ltr'><strong>ii</strong></span> <span class='ocrx_word' id='word_1_749' title='bbox 1134 2290 1242 2318; x_wconf 90' lang='lat' dir='ltr'><strong>demum</strong></span> <span class='ocrx_word' id='word_1_750' title='bbox 1264 2290 1391 2325; x_wconf 79' lang='lat' dir='ltr'><strong>aspirare,</strong></span> <span class='ocrx_word' id='word_1_751' title='bbox 1405 2295 1527 2324; x_wconf 84' lang='lat' dir='ltr'><strong>possunt,</strong></span> <span class='ocrx_word' id='word_1_752' title='bbox 1543 2290 1588 2325; x_wconf 89' lang='lat' dir='ltr'><strong>qui</strong></span> <span class='ocrx_word' id='word_1_753' title='bbox 1603 2289 1686 2317; x_wconf 87' lang='lat' dir='ltr'><strong>Deum</strong></span> <span class='ocrx_word' id='word_1_754' title='bbox 1696 2297 1796 2325; x_wconf 75' lang='lat' dir='ltr'><strong>cogno-</strong></span> 
     </span>
    </p>
   </div>
   <div class='ocr_carea' id='block_1_101' title="bbox 1011 2336 1795 2372">
    <p class='ocr_par' dir='ltr' id='par_1_101' title="bbox 1011 2336 1795 2372">
     <span class='ocr_line' id='line_1_101' title="bbox 1011 2336 1795 2372; baseline 0 -9"><span class='ocrx_word' id='word_1_755' title='bbox 1011 2337 1100 2365; x_wconf 81' lang='lat' dir='ltr'><strong>verint</strong></span> <span class='ocrx_word' id='word_1_756' title='bbox 1112 2357 1120 2370; x_wconf 87' lang='lat'><strong>,</strong></span> <span class='ocrx_word' id='word_1_757' title='bbox 1136 2341 1164 2364; x_wconf 90' lang='lat' dir='ltr'><strong>et</strong></span> <span class='ocrx_word' id='word_1_758' title='bbox 1177 2336 1221 2371; x_wconf 88' lang='lat' dir='ltr'><strong>qui</strong></span> <span class='ocrx_word' id='word_1_759' title='bbox 1231 2343 1306 2364; x_wconf 87' lang='lat' dir='ltr'><strong>suam</strong></span> <span class='ocrx_word' id='word_1_760' title='bbox 1319 2336 1438 2370; x_wconf 87' lang='lat' dir='ltr'><strong>ipsorum</strong></span> <span class='ocrx_word' id='word_1_761' title='bbox 1454 2336 1538 2363; x_wconf 88' lang='lat' dir='ltr'><strong>vitam</strong></span> <span class='ocrx_word' id='word_1_762' title='bbox 1549 2336 1623 2363; x_wconf 89' lang='lat' dir='ltr'><strong>velut</strong></span> <span class='ocrx_word' id='word_1_763' title='bbox 1636 2341 1795 2372; x_wconf 87' lang='lat' dir='ltr'><strong>perpetuum</strong></span> 
     </span>
    </p>
   </div>
   <div class='ocr_carea' id='block_1_102' title="bbox 1012 2382 1795 2419">
    <p class='ocr_par' dir='ltr' id='par_1_102' title="bbox 1012 2382 1795 2419">
     <span class='ocr_line' id='line_1_102' title="bbox 1012 2382 1795 2419; baseline 0 -9"><span class='ocrx_word' id='word_1_764' title='bbox 1012 2383 1145 2419; x_wconf 89' lang='lat' dir='ltr'><strong>quoddam</strong></span> <span class='ocrx_word' id='word_1_765' title='bbox 1158 2382 1307 2418; x_wconf 80' lang='lat' dir='ltr'><strong>exemplar,</strong></span> <span class='ocrx_word' id='word_1_766' title='bbox 1320 2382 1353 2410; x_wconf 86' lang='lat' dir='ltr'><strong>ad</strong></span> <span class='ocrx_word' id='word_1_767' title='bbox 1368 2382 1529 2410; x_wconf 85' lang='lat' dir='ltr'><strong>imitandum</strong></span> <span class='ocrx_word' id='word_1_768' title='bbox 1547 2382 1738 2417; x_wconf 89' lang='lat' dir='ltr'><strong>proposuerint</strong></span> <span class='ocrx_word' id='word_1_769' title='bbox 1751 2382 1795 2416; x_wconf 86' lang='lat' dir='ltr'><strong>iis,</strong></span> 
     </span>
    </p>
   </div>
   <div class='ocr_carea' id='block_1_103' title="bbox 1048 2459 1797 2497">
    <p class='ocr_par' dir='ltr' id='par_1_103' title="bbox 1048 2459 1797 2497">
     <span class='ocr_line' id='line_1_103' title="bbox 1048 2459 1797 2497; baseline 0.003 -9"><span class='ocrx_word' id='word_1_770' title='bbox 1048 2460 1103 2496; x_wconf 78' lang='grc'>(85)</span> <span class='ocrx_word' id='word_1_771' title='bbox 1124 2461 1154 2488; x_wconf 86' lang='grc' dir='ltr'>Τί</span> <span class='ocrx_word' id='word_1_772' title='bbox 1167 2460 1210 2494; x_wconf 83' lang='grc' dir='ltr'><strong>δὲ,</strong></span> <span class='ocrx_word' id='word_1_773' title='bbox 1225 2461 1269 2497; x_wconf 70' lang='grc' dir='ltr'>ὅτι</span> <span class='ocrx_word' id='word_1_774' title='bbox 1284 2461 1429 2495; x_wconf 69' lang='grc' dir='ltr'>προφιλὲς</span> <span class='ocrx_word' id='word_1_775' title='bbox 1444 2459 1493 2497; x_wconf 82' lang='grc' dir='ltr'><strong>ἦν.</strong></span> <span class='ocrx_word' id='word_1_776' title='bbox 1509 2461 1597 2489; x_wconf 82' lang='lat' dir='ltr'><strong>Malim</strong></span> <span class='ocrx_word' id='word_1_777' title='bbox 1617 2461 1736 2490; x_wconf 89' lang='lat' dir='ltr'><strong>scribere</strong></span> <span class='ocrx_word' id='word_1_778' title='bbox 1757 2461 1797 2490; x_wconf 78' lang='grc' dir='ltr'><strong>ἑτι</strong></span> 
     </span>
    </p>
   </div>
   <div class='ocr_carea' id='block_1_104' title="bbox 975 2496 1796 2531">
    <p class='ocr_par' dir='ltr' id='par_1_104' title="bbox 975 2496 1796 2531">
     <span class='ocr_line' id='line_1_104' title="bbox 975 2496 1796 2531; baseline 0.002 -9"><span class='ocrx_word' id='word_1_779' title='bbox 975 2503 998 2531; x_wconf 81' lang='grc' dir='ltr'>ι)</span> <span class='ocrx_word' id='word_1_780' title='bbox 1011 2496 1038 2522; x_wconf 80' lang='grc' dir='ltr'><strong>δὲ</strong></span> <span class='ocrx_word' id='word_1_781' title='bbox 1060 2497 1111 2527; x_wconf 81' lang='grc' dir='ltr'>ὅτι,</span> <span class='ocrx_word' id='word_1_782' title='bbox 1132 2502 1185 2523; x_wconf 83' lang='lat' dir='ltr'><strong>etc.</strong></span> <span class='ocrx_word' id='word_1_783' title='bbox 1202 2496 1287 2523; x_wconf 62' lang='lat' dir='ltr'><strong>Afl‘ert</strong></span> <span class='ocrx_word' id='word_1_784' title='bbox 1305 2498 1376 2524; x_wconf 91' lang='lat' dir='ltr'><strong>enim</strong></span> <span class='ocrx_word' id='word_1_785' title='bbox 1398 2497 1592 2525; x_wconf 79' lang='lat' dir='ltr'><strong>Constantinus</strong></span> <span class='ocrx_word' id='word_1_786' title='bbox 1613 2498 1679 2525; x_wconf 86' lang='lat' dir='ltr'><strong>duas</strong></span> <span class='ocrx_word' id='word_1_787' title='bbox 1702 2505 1796 2524; x_wconf 87' lang='lat' dir='ltr'><strong>causas</strong></span> 
     </span>
    </p>
   </div>
   <div class='ocr_carea' id='block_1_105' title="bbox 1013 2531 1798 2567">
    <p class='ocr_par' dir='ltr' id='par_1_105' title="bbox 1013 2531 1798 2567">
     <span class='ocr_line' id='line_1_105' title="bbox 1013 2531 1798 2567; baseline 0.001 -9"><span class='ocrx_word' id='word_1_788' title='bbox 1013 2539 1062 2559; x_wconf 84' lang='lat' dir='ltr'><strong>cur</strong></span> <span class='ocrx_word' id='word_1_789' title='bbox 1080 2531 1192 2566; x_wconf 81' lang='lat' dir='ltr'><strong>gentiles</strong></span> <span class='ocrx_word' id='word_1_790' title='bbox 1220 2531 1439 2566; x_wconf 65' lang='lat' dir='ltr'><strong>praedicationem</strong></span> <span class='ocrx_word' id='word_1_791' title='bbox 1463 2531 1563 2559; x_wconf 87' lang='lat' dir='ltr'><strong>Christi</strong></span> <span class='ocrx_word' id='word_1_792' title='bbox 1590 2540 1644 2559; x_wconf 92' lang='lat' dir='ltr'><strong>non</strong></span> <span class='ocrx_word' id='word_1_793' title='bbox 1669 2539 1798 2567; x_wconf 88' lang='lat' dir='ltr'><strong>suscepe-</strong></span> 
     </span>
    </p>
   </div>
   <div class='ocr_carea' id='block_1_106' title="bbox 1013 2570 1084 2594">
    <p class='ocr_par' dir='ltr' id='par_1_106' title="bbox 1013 2570 1084 2594">
     <span class='ocr_line' id='line_1_106' title="bbox 1013 2570 1084 2594; baseline -0.028 0"><span class='ocrx_word' id='word_1_794' title='bbox 1013 2570 1084 2594; x_wconf 85' lang='lat' dir='ltr'><strong>runt.</strong></span> 
     </span>
    </p>
   </div>
   <div class='ocr_carea' id='block_1_107' title="bbox 1050 2601 1796 2637">
    <p class='ocr_par' dir='ltr' id='par_1_107' title="bbox 1050 2601 1796 2637">
     <span class='ocr_line' id='line_1_107' title="bbox 1050 2601 1796 2637; baseline 0.001 -9"><span class='ocrx_word' id='word_1_795' title='bbox 1050 2601 1106 2636; x_wconf 69' lang='grc'>(84)</span> <span class='ocrx_word' id='word_1_796' title='bbox 1128 2601 1192 2634; x_wconf 82' lang='grc' dir='ltr'><strong>Τοῖς</strong></span> <span class='ocrx_word' id='word_1_797' title='bbox 1224 2602 1299 2635; x_wconf 80' lang='grc' dir='ltr'>πρὸς</span> <span class='ocrx_word' id='word_1_798' title='bbox 1324 2601 1457 2636; x_wconf 78' lang='grc' dir='ltr'><strong>ἅμιλλαν</strong></span> <span class='ocrx_word' id='word_1_799' title='bbox 1485 2601 1544 2637; x_wconf 54' lang='lat' dir='ltr'><strong>(ﬁre</strong></span> <span class='ocrx_word' id='word_1_800' title='bbox 1568 2601 1796 2637; x_wconf 78' lang='grc' dir='ltr'>προῃρημένοις.</span> 
     </span>
    </p>
   </div>
   <div class='ocr_carea' id='block_1_108' title="bbox 1015 2636 1798 2672">
    <p class='ocr_par' dir='ltr' id='par_1_108' title="bbox 1015 2636 1798 2672">
     <span class='ocr_line' id='line_1_108' title="bbox 1015 2636 1798 2672; baseline 0 -8"><span class='ocrx_word' id='word_1_801' title='bbox 1015 2636 1157 2671; x_wconf 79' lang='lat' dir='ltr'><strong>Eleganter</strong></span> <span class='ocrx_word' id='word_1_802' title='bbox 1175 2637 1260 2664; x_wconf 77' lang='lat' dir='ltr'><strong>Grznci</strong></span> <span class='ocrx_word' id='word_1_803' title='bbox 1286 2637 1377 2663; x_wconf 79' lang='lat' dir='ltr'><strong>dicunt</strong></span> <span class='ocrx_word' id='word_1_804' title='bbox 1399 2636 1466 2672; x_wconf 80' lang='grc' dir='ltr'>πρὸς</span> <span class='ocrx_word' id='word_1_805' title='bbox 1489 2636 1604 2671; x_wconf 70' lang='grc' dir='ltr'>ἅμιλλαν</span> <span class='ocrx_word' id='word_1_806' title='bbox 1631 2636 1691 2672; x_wconf 84' lang='grc' dir='ltr'>ζῇν,</span> <span class='ocrx_word' id='word_1_807' title='bbox 1709 2637 1741 2664; x_wconf 87' lang='lat' dir='ltr'><strong>de</strong></span> <span class='ocrx_word' id='word_1_808' title='bbox 1764 2637 1798 2664; x_wconf 87' lang='lat' dir='ltr'><strong>iis</strong></span> 
     </span>
    </p>
   </div>
   <div class='ocr_carea' id='block_1_109' title="bbox 1015 2671 1797 2706">
    <p class='ocr_par' dir='ltr' id='par_1_109' title="bbox 1015 2671 1797 2706">
     <span class='ocr_line' id='line_1_109' title="bbox 1015 2671 1797 2706; baseline 0.003 -9"><span class='ocrx_word' id='word_1_809' title='bbox 1015 2672 1060 2706; x_wconf 86' lang='lat' dir='ltr'><strong>qui</strong></span> <span class='ocrx_word' id='word_1_810' title='bbox 1082 2672 1163 2698; x_wconf 89' lang='lat' dir='ltr'><strong>vitam</strong></span> <span class='ocrx_word' id='word_1_811' title='bbox 1188 2679 1267 2699; x_wconf 89' lang='lat' dir='ltr'><strong>suam</strong></span> <span class='ocrx_word' id='word_1_812' title='bbox 1292 2671 1324 2698; x_wconf 88' lang='lat' dir='ltr'><strong>ad</strong></span> <span class='ocrx_word' id='word_1_813' title='bbox 1348 2671 1442 2705; x_wconf 84' lang='lat' dir='ltr'><strong>optimi</strong></span> <span class='ocrx_word' id='word_1_814' title='bbox 1465 2672 1594 2705; x_wconf 88' lang='lat' dir='ltr'><strong>cujusque</strong></span> <span class='ocrx_word' id='word_1_815' title='bbox 1619 2671 1797 2699; x_wconf 82' lang='lat' dir='ltr'><strong>imitationem</strong></span> 
     </span>
    </p>
   </div>
   <div class='ocr_carea' id='block_1_110' title="bbox 1017 2706 1799 2741">
    <p class='ocr_par' dir='ltr' id='par_1_110' title="bbox 1017 2706 1799 2741">
     <span class='ocr_line' id='line_1_110' title="bbox 1017 2706 1799 2741; baseline 0.001 -8"><span class='ocrx_word' id='word_1_816' title='bbox 1017 2707 1172 2733; x_wconf 89' lang='lat' dir='ltr'><strong>instituunt.</strong></span> <span class='ocrx_word' id='word_1_817' title='bbox 1194 2707 1259 2732; x_wconf 83' lang='lat' dir='ltr'><strong>Nam</strong></span> <span class='ocrx_word' id='word_1_818' title='bbox 1280 2707 1324 2740; x_wconf 91' lang='lat' dir='ltr'><strong>qui</strong></span> <span class='ocrx_word' id='word_1_819' title='bbox 1340 2707 1366 2733; x_wconf 94' lang='lat' dir='ltr'><strong>in</strong></span> <span class='ocrx_word' id='word_1_820' title='bbox 1383 2706 1481 2732; x_wconf 82' lang='lat' dir='ltr'><strong>virtute</strong></span> <span class='ocrx_word' id='word_1_821' title='bbox 1502 2714 1614 2740; x_wconf 84' lang='lat' dir='ltr'><strong>magnos</strong></span> <span class='ocrx_word' id='word_1_822' title='bbox 1640 2714 1799 2741; x_wconf 81' lang='lat' dir='ltr'><strong>progressus</strong></span> 
     </span>
    </p>
   </div>
   <div class='ocr_carea' id='block_1_111' title="bbox 1019 2741 1799 2777">
    <p class='ocr_par' dir='ltr' id='par_1_111' title="bbox 1019 2741 1799 2777">
     <span class='ocr_line' id='line_1_111' title="bbox 1019 2741 1799 2777; baseline 0 -9"><span class='ocrx_word' id='word_1_823' title='bbox 1019 2741 1106 2768; x_wconf 81' lang='lat' dir='ltr'><strong>facere</strong></span> <span class='ocrx_word' id='word_1_824' title='bbox 1122 2741 1267 2773; x_wconf 88' lang='lat' dir='ltr'><strong>voluerint,</strong></span> <span class='ocrx_word' id='word_1_825' title='bbox 1285 2741 1468 2777; x_wconf 76' lang='lat' dir='ltr'><strong>aliquemsibi</strong></span> <span class='ocrx_word' id='word_1_826' title='bbox 1484 2742 1518 2768; x_wconf 88' lang='lat' dir='ltr'><strong>ob</strong></span> <span class='ocrx_word' id='word_1_827' title='bbox 1531 2742 1623 2768; x_wconf 79' lang='lat' dir='ltr'><strong>oculos</strong></span> <span class='ocrx_word' id='word_1_828' title='bbox 1647 2749 1799 2777; x_wconf 82' lang='lat' dir='ltr'><strong>proponere</strong></span> 
     </span>
    </p>
   </div>
   <div class='ocr_carea' id='block_1_112' title="bbox 1016 2775 1798 2812">
    <p class='ocr_par' dir='ltr' id='par_1_112' title="bbox 1016 2775 1798 2812">
     <span class='ocr_line' id='line_1_112' title="bbox 1016 2775 1798 2812; baseline -0.001 -10"><span class='ocrx_word' id='word_1_829' title='bbox 1016 2777 1122 2812; x_wconf 85' lang='lat' dir='ltr'><strong>debent,</strong></span> <span class='ocrx_word' id='word_1_830' title='bbox 1138 2784 1216 2811; x_wconf 86' lang='lat' dir='ltr'><strong>quem</strong></span> <span class='ocrx_word' id='word_1_831' title='bbox 1236 2775 1437 2812; x_wconf 25' lang='lat' dir='ltr'><strong>imitenturtlta</strong></span> <span class='ocrx_word' id='word_1_832' title='bbox 1456 2776 1583 2812; x_wconf 61' lang='lat' dir='ltr'><strong>Julianus</strong></span> <span class='ocrx_word' id='word_1_833' title='bbox 1599 2775 1748 2812; x_wconf 74' lang='lat' dir='ltr'><strong>imperator</strong></span> <span class='ocrx_word' id='word_1_834' title='bbox 1766 2777 1798 2803; x_wconf 84' lang='lat' dir='ltr'><strong>ad</strong></span> 
     </span>
    </p>
   </div>
   <div class='ocr_carea' id='block_1_113' title="bbox 1015 2810 1800 2848">
    <p class='ocr_par' dir='ltr' id='par_1_113' title="bbox 1015 2810 1800 2848">
     <span class='ocr_line' id='line_1_113' title="bbox 1015 2810 1800 2848; baseline -0.001 -10"><span class='ocrx_word' id='word_1_835' title='bbox 1015 2810 1223 2848; x_wconf 65' lang='lat' dir='ltr'><strong>mutilationem</strong></span> <span class='ocrx_word' id='word_1_836' title='bbox 1237 2811 1366 2848; x_wconf 77' lang='lat' dir='ltr'><strong>principis</strong></span> <span class='ocrx_word' id='word_1_837' title='bbox 1381 2810 1645 2848; x_wconf 25' lang='lat' dir='ltr'><strong>Marc_i_actusﬂsuos‘</strong></span> <span class='ocrx_word' id='word_1_838' title='bbox 1655 2811 1800 2848; x_wconf 74' lang='lat' dir='ltr'><strong>efﬁngebat</strong></span> 
     </span>
    </p>
   </div>
   <div class='ocr_carea' id='block_1_114' title="bbox 1015 2845 1638 2881">
    <p class='ocr_par' dir='ltr' id='par_1_114' title="bbox 1015 2845 1638 2881">
     <span class='ocr_line' id='line_1_114' title="bbox 1015 2845 1638 2881; baseline 0.003 -7"><span class='ocrx_word' id='word_1_839' title='bbox 1015 2851 1042 2874; x_wconf 86' lang='lat' dir='ltr'><strong>et</strong></span> <span class='ocrx_word' id='word_1_840' title='bbox 1057 2854 1157 2880; x_wconf 84' lang='lat' dir='ltr'><strong>mores,</strong></span> <span class='ocrx_word' id='word_1_841' title='bbox 1167 2851 1200 2878; x_wconf 35' lang='lat' dir='ltr'><strong>.ut</strong></span> <span class='ocrx_word' id='word_1_842' title='bbox 1217 2846 1336 2881; x_wconf 84' lang='lat' dir='ltr'><strong>loquitur</strong></span> <span class='ocrx_word' id='word_1_843' title='bbox 1350 2847 1438 2874; x_wconf 79' lang='lat' dir='ltr'><strong>Amm.</strong></span> <span class='ocrx_word' id='word_1_844' title='bbox 1452 2845 1638 2876; x_wconf 77' lang='lat' dir='ltr'><strong>Marcellinus.</strong></span> 
     </span>
    </p>
   </div>
  </div>
