2001 3168
236 155 300 183 1271

589 152 722 181 EUSEBll
739 151 979 180 CESARlENSIS
999 151 1073 179 OPP.
1091 150 1181 178 PARS
1199 151 1221 178 1.
1238 167 1273 172 -
1290 151 1486 181 HISTORICA.

1785 150 1858 180 {273

236 212 282 244 qui
305 211 339 238 ad
358 210 453 246 optimi
468 209 597 244 cujusque
617 209 818 236 aemulationem
835 203 918 235 vitam
943 214 1013 235 suam

1071 208 1204 244 παρεδόθη
1216 210 1272 240 τοῖς
1287 209 1387 243 σοφοῖς,
1405 209 1438 235 ἶν’
1451 209 1520 244 ὅπερ
1531 209 1563 235 ἂν
1579 208 1677 235 ἐκεῖνοι
1699 209 1854 244 παραγγέλ-

237 257 354 284 formare
371 256 559 284 instituerunt.
579 255 685 290 Quippe
711 254 813 282 idcirco
829 254 949 282 doctrina
975 261 1020 281 sa-

234 300 372 338 pientibus
398 302 494 329 tradita
516 308 569 335 est,
594 306 622 328 ut
646 302 719 336 quod
737 301 780 328 isti
802 300 986 336 praeceperint,
1004 308 1019 328 a

235 349 373 376 sodalibus
385 355 452 383 pura
468 352 557 375 mente
573 347 665 375 sedqu
677 347 848 375 custodiatur
858 367 866 379 ,
887 351 968 381 atque
983 347 1019 374 ita

235 395 342 422 sincera
361 402 394 422 ac
409 394 486 421 ﬁrma
506 393 628 421 mandati
646 393 729 420 divini
757 393 1021 427 observatio‘perse-

235 445 322 467 veret.
341 440 378 467 Ex
390 439 545 473 huiusmodi
563 439 635 466 enim
652 438 850 470 observatione.
863 442 890 465 et
900 446 933 466 ex
947 438 1018 466 inte-

234 490 340 513 merata
359 485 411 513 ﬁde
427 485 589 520 sinceraque
602 491 665 519 erga
684 485 766 511 Deum
783 485 882 519 pietate
894 504 901 517 .
930 484 1019 511 nasci-

235 537 279 559 tur
293 532 386 559 mortis
395 536 577 566 contemptus.
592 530 652 558 Stat
664 538 728 565 ergo
744 530 896 565 huiusmodi
913 529 1018 556 animus

234 577 334 605 obnixe
348 581 442 605 contra
455 576 547 605 saeculi
571 576 713 611 procellas,
730 576 830 604 invicto
847 576 945 604 divina:
962 577 1016 603 vir-

235 624 300 651 tutis
318 624 415 651 robore
428 623 548 651 munitus
567 622 601 650 ad
626 623 797 658 martyrium.
820 622 941 658 Cumque
955 631 1017 657 gra-

235 669 359 696 vissimos
377 674 495 697 terrores
512 676 644 702 generose
661 669 843 703 superaverit,
860 675 959 696 corona
974 668 1017 695 do-

235 720 317 742 natur
333 715 367 742 ab
379 723 412 742 eo
432 715 490 749 ipso
506 716 548 743 cui
565 716 746 743 testimonium
759 720 917 743 constanter
931 715 1018 750 pcrlti-

233 762 303 789 buit.
321 760 376 788 Nec
406 767 494 788 tamen
518 766 660 796 propterea
691 761 831 796 gloriatur.
846 760 926 788 Novit
944 761 1015 787 enim

234 807 281 834 Dei
300 815 397 834 munus
409 814 478 840 esse,
497 807 567 842 quod
584 812 612 834 et
639 812 772 835 tormenta
795 807 965 839 sustinuerit,
990 811 1017 834 et

235 853 324 880 divina
343 858 476 887 praecepta
492 853 619 881 alacriter
639 853 802 888 impleverit.
827 853 910 881 Porro
924 853 1017 888 hujus-

1074 253 1150 286 λωσι,
1163 254 1241 280 τοῦτο
1258 254 1315 289 μετ’
1332 253 1488 289 ἐπιμελείας
1505 253 1558 279 ὑπὸ
1576 252 1630 280 τῶν
1643 253 1749 280 οἰκείων
1770 263 1861 289 παρα-

1074 299 1243 335 φυλάσσηται
1265 299 1372 336 καθαρᾷ
1392 299 1463 335 ψυχῇ
1493 299 1565 335 (85),
1590 299 1693 335 ἀληθής
1712 308 1741 327 τε
1811 301 1859 327 καὶ

1073 345 1171 381 βεϐαία
1185 347 1201 381 ἡ
1219 346 1326 381 φυλακὴ
1338 347 1388 382 τῆς
1404 345 1552 378 κελεύσεως
1559 345 1606 373 τοῦ
1621 346 1699 373 Θεοῦυ
1713 346 1746 373 ὲκ
1761 346 1858 381 γάρτοι

1074 391 1160 426 αὐτῆς
1170 391 1216 418 καὶ
1232 391 1262 418 τὸ
1279 391 1346 427 πρὸς
1364 391 1408 417 τὸν
1428 390 1540 418 θάνατον
1560 391 1637 423 ἀδεὲς
1657 391 1709 418 ὑπὸ
1733 391 1858 427 καθαρᾶς

1074 439 1190 470 πίστεως
1205 439 1252 465 καὶ
1265 437 1427 474 εἰλικρινοῦς
1438 437 1502 473 περὶ
1518 437 1564 464 τὸν
1582 437 1647 465 Θεὸν
1666 437 1857 469 καθοσιώσεως

1073 485 1182 519 φύεται-
1206 484 1362 512 ἀνθίσταται
1383 484 1412 510 δὲ
1449 483 1542 516 ζάλαις
1566 485 1721 519 κοσμικαῖς,
1739 483 1856 510 ἀναντα-

1072 531 1195 566 γωνίστῳ
1217 531 1291 563 θείας
1311 530 1411 566 ἀρετῆς
1429 530 1608 566 πεφραγμένη
1624 530 1691 565 πρὸς
1705 531 1736 557 τὸ
1753 530 1857 567 μαρτύ-

1073 585 1129 613 ριον
1139 577 1193 612 (86)
1204 586 1210 593 ·
1227 577 1359 612 νικήσασα
1379 577 1443 612 γοῦν
1454 577 1505 603 ὑπὸ
1520 577 1719 613 μεγαλοψυχίας
1729 577 1791 609 τοὺς
1807 586 1857 613 με·

1071 623 1180 657 γίστους
1191 623 1298 659 φόϐους,
1309 623 1430 656 ἀξιοῦται
1439 623 1570 658 στεφάνου
1581 623 1744 659 παράὺτοῦ,
1755 624 1786 651 ὃν
1792 632 1857 658 γεν-

1069 669 1150 701 ναίως
1159 669 1329 706 ἐμαρτύρησε
1336 669 1458 705 (117).Καὶ
1464 669 1856 705 οὔδὲνσεμνύνεται·ὲπίσταται

1070 715 1133 750 γὰρ,
1142 712 1227 750 οἶμαι,
1234 715 1280 742 καὶ
1292 714 1370 742 τοῦτο
1382 715 1472 742 θεόθεν
1482 715 1610 746 δεδόσθαι,
1627 716 1694 750 πρὸς
1701 714 1730 742 τὺ
1738 716 1856 751 ὑποστῆ-

1070 771 1122 793 ναι,
1144 763 1191 789 καὶ
1210 761 1351 798 πληρῶσαι
1365 762 1512 798 προθύμως
1529 762 1561 790 τὰ
1573 762 1630 789 θεῖα
1642 761 1852 798 προστάγματαο

1069 805 1218 841 διαδέχεται
1242 805 1273 841 δὴ
1294 805 1370 833 τόνδε
1391 806 1435 832 τὸν
1461 806 1518 841 βίον
1543 807 1637 842 μνήμη
1661 806 1783 842 διαρκὴς,
1805 807 1854 833 καὶ

1070 851 1176 883 αἰώνιος
1190 851 1263 885 δόξα,
1280 852 1351 888 μάλα
1365 852 1484 884 εἰκότως·
1500 851 1577 888 εἴπερ
1597 853 1611 878 ὅ
1627 861 1657 879 τε
1671 852 1726 888 βίος
1738 852 1853 889 σώφρων

235 899 306 926 modi
319 900 402 926 vitam
427 900 528 934 excipit
546 900 710 927 immortalis
727 900 858 927 memoria
884 905 911 927 et
931 900 1013 935 gloria

1068 897 1114 924 τοῦ
1133 897 1280 933 μάρτυρος,
1301 898 1347 924 καὶ
1365 898 1418 926 τῶν
1441 898 1675 934 παραγγελμάτων
1693 899 1818 934 μνήμων,
1833 899 1852 934 ἦ

233 945 418 979 sempiterna;
444 945 525 981 idque
548 946 609 982 jure
633 945 714 981 585
739 946 841 980 optimo
866 945 1015 980 :siquidem

236 991 363 1026 martyris
380 995 436 1018 tum
449 992 501 1018 vita
517 991 573 1025 ipsa
589 991 666 1026 plena
682 991 819 1019 modestia:
837 998 869 1018 ac
888 991 1017 1024 religiosa:

234 1037 387 1064 divinorum
398 1038 586 1064 mandatorum
598 1037 779 1065 observantiae
790 1037 1015 1071 deprehenditur:

235 1088 291 1109 tum
309 1089 383 1109 mors
412 1082 491 1117 plena
508 1082 676 1110 fortitudinis
691 1089 724 1109 ac
750 1089 887 1116 generosae
906 1081 1014 1108 indolis.

232 1129 350 1157 Proinde
365 1129 459 1165 hymni
477 1129 631 1164 psalmique
648 1133 675 1156 et
693 1128 786 1155 laudes
800 1127 947 1162 lnspectori
959 1135 1016 1154 om-

232 1175 306 1202 nium
322 1175 378 1202 Deo
393 1175 514 1208 posthaec
526 1178 671 1200 canuntur.
688 1172 721 1200 Et
737 1172 869 1207 ejusmodi
883 1172 1014 1207 quoddam

233 1221 381 1255 gratiarum
393 1220 509 1247 actionis
524 1219 689 1247 sacriﬁcium
700 1218 725 1245 in
736 1218 894 1245 memoriam
908 1217 1015 1244 illorum

232 1266 381 1302 peragitur,
397 1266 469 1300 quod
486 1265 520 1293 ab
533 1265 607 1293 omni
626 1264 757 1299 sanguine
776 1268 803 1291 et
825 1263 951 1289 violentia
968 1270 1014 1289 va-

231 1319 312 1339 cuum
325 1316 376 1339 est.
393 1311 445 1338 Sed
462 1319 511 1338 nec
524 1311 591 1338 odor
604 1310 693 1337 thuris
717 1309 874 1344 requiritur,
891 1316 941 1335 nec
967 1315 1014 1335 ac-

231 1365 330 1390 census
345 1364 439 1392 rogus,
453 1356 499 1384 sed
514 1363 611 1391 purum
621 1355 753 1382 duntaxat
769 1354 870 1388 lumen,
884 1359 1013 1388 quantum

233 1404 301 1432 satis
311 1404 347 1431 sit
360 1404 393 1430 ad
405 1411 452 1430 eos
474 1403 519 1437 qui
536 1402 618 1430 Deum
647 1406 803 1437 precantur,
828 1401 1012 1429 illustrandas.

232 1449 328 1477 Sobria
343 1456 452 1484 quoque
465 1449 588 1477 convivia
617 1448 789 1475 celebrantur
804 1455 820 1474 a
838 1447 940 1480 multis,
957 1452 1012 1475 tum

1069 952 1098 971 τε
1116 943 1227 979 τελευτὴ
1248 943 1354 980 πλήρης
1368 944 1422 977 (88)
1435 944 1589 979 εὑρίσκεται
1605 943 1803 979 μεγαλοψυχίας
1822 951 1854 969 τε

1070 991 1116 1017 καὶ
1129 990 1287 1029 εὐγενείας]
1306 990 1384 1026 ὕμνοι
1405 990 1437 1026 δὴ
1454 989 1522 1025 μετὰ
1542 989 1627 1016 ταῦτα
1649 989 1695 1016 καὶ
1715 989 1852 1024 ψαλτήρια

1070 1038 1116 1064 καὶ
1128 1037 1268 1073 εὐφημίαι,
1287 1036 1333 1063 καὶ
1345 1037 1413 1072 πρὸς
1424 1036 1468 1063 τὸν
1481 1036 1588 1063 πάντων
1601 1036 1722 1071 ὲπόπτην
1732 1035 1850 1067 ἔπαινος.

1070 1082 1125 1109 Καὶ
1138 1081 1247 1117 τοιαύτη
1263 1090 1304 1114 τις
1319 1081 1492 1117 εὐχαριστίας
1508 1081 1587 1108 θυσία
1607 1081 1661 1116 (89)
1685 1083 1739 1113 τοῖς
1753 1081 1852 1118 ἀνδρά-

1070 1136 1110 1154 σιν
1123 1128 1300 1158 ἀποτελεῖται.
1315 1127 1382 1163 ἁγνὴ
1404 1128 1452 1163 μὲν
1468 1128 1591 1163 αῖματος,
1616 1127 1684 1163 ἁγνὴ
1706 1127 1735 1154 δὲ
1760 1128 1852 1163 πάσης

1070 1173 1144 1209 βίαςο
1173 1174 1232 1200 οὐδὲ
1258 1174 1311 1210 μὴν
1335 1174 1406 1209 ὀσμὴ
1433 1173 1547 1200 λιὸάνων
1576 1173 1761 1205 ὲπιποθεῖται,
1789 1173 1850 1200 οὐδὲ

1070 1221 1199 1257 πυρκαϊά-
1230 1221 1348 1257 καθαρδν
1374 1221 1401 1247 δὲ
1429 1221 1496 1256 φῶς,
1521 1221 1581 1247 ὅσον
1609 1219 1753 1255 ἐξαρκέσαι
1781 1218 1851 1254 πρὸς

1066 1266 1200 1303 ἔκλαμψιν
1217 1269 1273 1300 τοῖς
1284 1268 1452 1302 εὐχομένοις·
1477 1266 1681 1302 σωφρονέστατα
1696 1265 1724 1292 δὲ
1745 1264 1849 1292 πολλῶν

1067 1313 1114 1338 καὶ
1133 1312 1167 1338 τὰ
1182 1313 1317 1348 συμπόσια
1335 1312 1399 1348 (90),
1418 1312 1486 1348 πρὸς
1496 1312 1568 1338 ἔλεον
1580 1312 1627 1338 καὶ
1636 1311 1783 1346 ἀνάκτησιν
1794 1310 1849 1337 τῶν

1067 1356 1199 1392 δεομένων
1218 1357 1376 1393 ποιούμενα,
1400 1358 1446 1384 καὶ
1467 1357 1534 1392 πρὸς
1551 1355 1675 1392 βοήθειαν
1693 1356 1747 1383 τῶν
1767 1356 1849 1381 ἐκπε-

1068 1403 1178 1431 σόντων.
1192 1404 1281 1439 ’Ἃπερ
1296 1403 1328 1430 ἄν
1343 1412 1385 1435 τις
1397 1403 1512 1439 φορτικὰ
1522 1400 1591 1429 εἶναι
1606 1402 1713 1438 νομίζῃ,
1731 1402 1761 1428 οὺ
1777 1401 1848 1428 κατὰ

1065 1449 1114 1485 τὴν
1132 1449 1205 1477 θείαν
1218 1450 1264 1476 καὶ
1277 1450 1488 1486 μακαριωτάτην
1501 1449 1672 1476 διδασκαλίαν
1688 1448 1788 1484 φρονεῖ.

231 1495 264 1522 ad
282 1495 481 1527 mendicorum,
496 1499 552 1521 tum
564 1494 597 1521 ad
616 1501 709 1521 eorum
722 1494 768 1528 qui
785 1493 872 1528 patria
900 1500 926 1521 et
945 1494 1023 1522 bonis
1038 1496 1208 1528 exciderunt,
1225 1496 1342 1532 inopiam
1365 1495 1567 1523 sublevandam.
1594 1495 1658 1529 Quae
1683 1494 1705 1522 si
1719 1494 1780 1529 quis
1797 1493 1851 1523 im-.

232 1547 346 1577 portuna
357 1549 418 1570 esse
435 1542 584 1575 existimet,
600 1542 623 1569 is
637 1546 733 1570 contra
744 1541 864 1570 divinam
882 1547 909 1570 et
922 1548 1124 1571 sacrosanctam
1141 1543 1308 1578 disciplinam
1326 1550 1423 1578 sapere
1439 1542 1556 1570 videtur.

523 1609 636 1636 CAPUT
659 1610 727 1637 Xlll.

234 1657 311 1689 Quod
327 1657 474 1685 necessaria
495 1657 529 1682 sit
546 1657 694 1691 differentia
712 1657 738 1683 in
755 1656 831 1683 rebus
856 1657 967 1684 creatis:
989 1661 1015 1683 et

266 1693 336 1727 quod
353 1693 387 1718 ad
403 1693 499 1718 bonum
513 1692 663 1726 maluntque
676 1693 815 1726 propensio
835 1700 867 1718 ex
883 1691 1015 1727 voluntate

265 1728 401 1757 [caminum
428 1727 532 1756 oritur:
554 1727 661 1761 ideoque
688 1728 864 1753 necessarium
885 1732 922 1753 est
940 1726 1015 1760 judi-

265 1763 335 1789 cium
349 1762 407 1791 Dei,

266 1808 381 1841 Quidam
400 1815 465 1835 vero
480 1807 562 1834 etiam
583 1808 609 1834 in
638 1807 689 1835 hoc
707 1807 789 1834 Deum
815 1807 1014 1842 reprehendere

229 1855 342 1890 juvenili
368 1855 480 1881 audacia
505 1860 675 1889 praesumunt
696 1854 772 1887 :Qua
797 1854 830 1881 de
856 1861 947 1886 causa,
962 1848 1014 1880 ’1η-

264 1921 323 1958 ’(85)
333 1922 411 1956 Vulg.
425 1922 698 1958 παραφυλάσσηται
708 1922 820 1956 καθαρὰ
829 1922 923 1955 ψυχή.
938 1921 1013 1958 S_cri-

233 1955 350 1989 bendtitn
363 1955 404 1984 est
417 1955 525 1993 καθαρᾷ
539 1957 622 1992 ψυχῇ,
641 1963 669 1983 ιιι
688 1955 786 1993 legiter
800 1958 825 1983 in
839 1958 931 1984 codice
945 1955 1010 1983 Fuk.

231 1993 259 2020 ln
275 2000 329 2029 quo
343 1993 423 2019 etiam
438 1990 567 2029 scribitur
579 1990 684 2029 ἆληθής
703 1990 732 2017 τε
747 1990 775 2027 ᾗ,
787 1993 900 2029 optime:

269 2027 325 2063 (86)
345 2027 540 2062 Περρατμένη
558 2026 632 2062 πρὸρ
645 2027 678 2053 τὸ
698 2028 870 2061 μαρτύριον.
883 2026 919 2063 rln
937 2026 1012 2063 libris

231 2061 373 2098 Scaligeri,
391 2063 529 2098 Bongarsii
550 2061 582 2089 et
594 2063 712 2098 Gruteri.
731 2063 774 2098 hic
789 2063 863 2098 locus
881 2062 917 2088 ita
941 2061 1013 2098 lege-

228 2098 319 2130 batur,
333 2097 558 2133 ἀνανταγωνίστῳ
572 2097 645 2129 θείας
666 2097 766 2133 ἀρετῆς
790 2097 863 2132 μάχῃ
876 2097 1011 2133 φερομένη

230 2133 299 2169 πρὸς
314 2133 345 2159 τὸ
361 2132 519 2168 μαρτύριον.
542 2131 626 2165 Quam
644 2131 805 2166 scripturam
822 2133 903 2158 etiatu
922 2131 949 2158 in
966 2131 1012 2158 co;

230 2169 290 2195 dice
312 2167 379 2196 Fuit.
404 2167 503 2200 reperi.
530 2167 646 2194 Savilius
671 2174 734 2194 vero
762 2167 787 2193 in
813 2167 883 2193 libro
901 2174 950 2193 suo
975 2167 1011 2193 ita

269 2181 290 2195 Ῑῦ
313 2181 379 2196 run.
404 2181 503 2196 [ενιτιι-
530 2181 601 2194 οἰΙὟΙΙ

230 2202 393 2234 emendavit,
417 2203 643 2237 ἀνανταγωνίστῳ
658 2210 688 2228 τε
714 2201 789 2232 θείας
814 2201 913 2236 ἀρετῆς
939 2201 1011 2237 μάχῃ

229 2238 342 2274 φέρεται
359 2237 442 2274 πρός,
467 2242 622 2274 elevatque
641 2237 677 2264 ita
700 2237 763 2274 legit
787 2237 1011 2274 Cltristophorso-

231 2271 292 2299 nus.
314 2272 366 2299 Sed
383 2271 492 2306 "vulgata
518 2272 605 2303 lectio,
631 2279 695 2307 quae
714 2272 741 2307 iu
766 2272 858 2298 codice
878 2271 962 2306 Regio
987 2276 1014 2298 et

230 2308 256 2335 in
272 2308 379 2334 scltedis
397 2308 523 2337 habetur.
539 2314 599 2333 meo
613 2306 715 2338 judicio
732 2306 808 2337 longe
823 2311 942 2338 pra-stat.

265 2343 321 2383 ($7)
338 2342 417 2383 Yulg.
433 2343 542 2383 ii¢_7-sr.
559 2343 760 2383 ἐμᾳρτιξρησεε
769 2342 826 2370 Non
839 2342 936 2383 dubito
948 2342 1013 2383 quin

228 2378 402 2414 scribendum
416 2378 452 2414 sit
467 2378 496 2404 ὃν
510 2379 639 2412 γενναίως
659 2378 833 2414 ἐμαρτύρησε
843 2399 850 2411 ,
867 2378 939 2413 quod
953 2379 1008 2404 mi-

227 2420 274 2475 tr'o_r
287 2421 302 2440 a
317 2412 567 2448 Christophorsono
591 2412 704 2449 aliisque
716 2412 938 2442 animadverSum
953 2420 1008 2440 non

241 2456 321 2475 uisse.

241 2456 321 2478 (“558.

264 2480 320 2515 (88)
339 2478 418 2514 Vulg.
434 2479 587 2514 ἠτελευτὴ
595 2480 722 2513 πλήρης.
732 2480 829 2508 Procul
847 2480 929 2507 dubio
943 2481 1014 2508 scri-

228 2515 397 2551 bendum_est
411 2514 428 2549 ἥ
443 2523 473 2551 τε
483 2515 595 2551 τελευτὴ
613 2515 728 2551 πλήρης,
743 2520 772 2542 ιιι
784 2516 922 2551 εειιειιεᾼείι
935 2515 1012 2542 abso-

229 2550 311 2590 lutus.
337 2549 422 2590 Porro
446 2550 490 2576 hic
515 2550 591 2577 locus
620 2549 841 2586 deunartyribus
866 2549 1012 2585 elegantis-

227 2589 314 2611 simus
328 2589 380 2611 est.

264 2620 319 2654 (89)
339 2620 541 2655 Εὐχαριστίας
557 2620 657 2649 θυσία.
679 2620 711 2647 Et
726 2621 770 2648 hic
793 2621 868 2648 locus
889 2620 1012 2655 inprimis

228 2655 363 2682 notandus
378 2661 420 2683 cst
432 2655 466 2682 de
488 2656 576 2683 Missa:
601 2656 746 2688 sacriﬁcio,
769 2658 840 2689 quod
862 2655 889 2682 in
910 2662 1009 2682 memo-

227 2690 295 2726 riam
318 2694 399 2726 atque
428 2691 556 2717 honorem
583 2695 731 2726 martyrum
754 2691 919 2726 oﬂcrebatur
944 2690 1009 2716 Deo.

228 2724 273 2759 Sic
296 2725 367 2750 enim
394 2726 550 2759 explicanda
577 2731 641 2752 sunt
657 2724 718 2752 lucc
737 2726 833 2757 verba,
859 2725 938 2751 θυσία
955 2726 1010 2756 τοῖς

226 2758 354 2793 ἀνδράσιν
374 2758 553 2791 ἀποτελεῖται,
575 2769 634 2794 quae
653 2768 705 2787 non
733 2761 862 2788 intellexit
886 2760 1010 2786 Christo-

226 2794 395 2830 pltorsonus.
405 2795 497 2830 Neque
512 2797 583 2822 enim
599 2796 746 2822 Christiani
762 2795 924 2822 sacrificium
938 2802 1010 2821 mar-

228 2828 333 2863 tyribus
356 2828 526 2865 otl‘ereliant,
548 2831 594 2858 sed
615 2830 663 2857 soli
689 2831 750 2862 Deo,
767 2830 866 2865 gratias
882 2829 906 2856 ei
928 2837 1010 2865 agen-

229 2869 278 2898 tes,
292 2866 366 2899 quod
382 2864 442 2892 illos
458 2865 580 2900 martyrii
595 2873 693 2893 corona
711 2864 847 2899 donasset,
864 2871 892 2892 ut
916 2864 1011 2892 scribit

1324 1609 1521 1636 ΚΕΦΑΛΑΙΟΝ
1540 1607 1587 1636 1Γ¹.

1068 1655 1127 1682 Ὅτι
1147 1654 1294 1689 ἀναγκαία
1313 1654 1372 1681 τῶν
1392 1654 1447 1688 τῆς
1464 1655 1589 1688 κτίσεως
1610 1653 1708 1688 μερῶν
1731 1653 1751 1687 ἠ
1781 1652 1847 1689 διατ

1101 1690 1187 1725 φορὰ,
1203 1688 1252 1718 καὶ
1262 1690 1306 1716 ὅτι
1319 1691 1338 1723 ἠ
1356 1689 1431 1725 πρὸς
1442 1689 1474 1716 τὸ
1486 1689 1641 1725 καλόνκαὶ
1657 1689 1752 1725 κακὸν
1762 1688 1844 1725 poni]

1099 1723 1154 1759 hic
1165 1725 1325 1758 ἀνθρώπων
1337 1724 1453 1759 γνώμης
1468 1725 1561 1752 ἐστίν·
1576 1724 1643 1752 ὅθεν
1651 1724 1699 1751 καὶ
1712 1724 1731 1758 ἠ
1746 1723 1847 1758 κρίσις

1100 1761 1245 1795 ἀναγκαία
1261 1760 1309 1787 καὶ
1325 1760 1457 1794 εὔλογος.

1101 1807 1170 1842 Ἤδη
1185 1806 1212 1832 δέ
1230 1815 1301 1838 τινες
1321 1805 1368 1832 καὶ
1381 1807 1410 1832 ὲν
1426 1805 1465 1840 τῷ
1481 1805 1634 1841 μέμφεσθαι
1647 1804 1702 1840 (91)
1719 1805 1763 1832 τὸν
1779 1805 1846 1832 Θεδν

1064 1851 1257 1880 νεανιεύονται·
1272 1852 1304 1879 Τί
1320 1851 1352 1887 δή
1365 1859 1429 1878 ποτε
1443 1850 1592 1886 βουληθεὶς,
1608 1851 1639 1876 οὐ
1655 1850 1717 1886 μίαν
1733 1850 1780 1878 καὶ
1796 1850 1846 1886 τὴν

1064 1919 1228 1953 Augustinus
1251 1918 1278 1944 in
1301 1917 1369 1944 libro
1386 1919 1431 1953 viti
1450 1916 1486 1944 De
1503 1916 1684 1953 civitateVDei,
1702 1916 1790 1953 capite
1803 1917 1846 1953 ul-

1065 1951 1140 1980 timo.
1156 1954 1188 1980 Et
1198 1953 1256 1980 haec
1265 1956 1305 1978 est
1317 1959 1397 1986 quam
1409 1951 1601 1979 Constantinus
1613 1952 1664 1979 hoc
1679 1952 1737 1978 loco
1750 1951 1845 1978 θυσίαν

1063 1987 1113 2024 τῆς
1131 1987 1301 2024 εὐχαριστίας
1319 1987 1558 2024 appellat;_Verum
1569 1986 1634 2024 quia
1652 1986 1684 2012 ad
1700 1987 1846 2024 memorias

1064 2021 1097 2055 ct'
1113 2021 1233 2056 sepulcra
1262 2027 1411 2056 martyrum
1429 2021 1577 2049 Christiani
1602 2022 1768 2048 incrttentum
1793 2021 1845 2048 hoc

1063 2059 1224 2085 sacrilicium
1239 2057 1293 2084 Deo
1305 2056 1465 2089 olIerebant,
1480 2056 1552 2083 utob
1564 2056 1722 2090 martyrium
1734 2056 1845 2090 praemia

1064 2098 1091 2120 et
1108 2100 1223 2120 coronas
1243 2098 1324 2126 atque
1336 2092 1464 2119 victorias
1486 2091 1511 2118 ei
1527 2091 1630 2126 gratias
1646 2095 1768 2126 agerent,
1777 2090 1846 2126 ideo

1063 2128 1257 2156 Constantinus
1281 2125 1411 2154 honorem
1436 2126 1507 2154 hunc
1529 2125 1692 2161 martyribus
1721 2125 1842 2152 habitum

1064 2171 1122 2190 esse
1137 2163 1209 2189 dicit.

1098 2197 1152 2232 (90)
1173 2197 1226 2224 Καὶ
1250 2196 1286 2224 τὰ
1311 2198 1477 2232 συμπόσια.
1506 2196 1543 2223 De
1566 2195 1609 2223 his
1627 2195 1842 2232 Christianorum

1064 2229 1203 2264 conviviis,
1218 2240 1277 2267 qua:
1297 2232 1330 2259 ad
1351 2229 1653 2267 Vsepulcrarmartyrum
1679 2229 1844 2267 ﬁebanl,_lo-

1065 2269 1156 2302 quitur
1173 2264 1242 2294 idem
1261 2264 1426 2301 Augustinus
1435 2267 1467 2302 in
1489 2266 1548 2293 loco
1570 2264 1651 2302 citato
1662 2266 1714 2302 iliis
1729 2264 1818 2291 verbis
1834 2273 1843 2302 ς

1069 2299 1081 2328 ι’
1097 2303 1255 2336 Quicunque
1279 2299 1360 2328 etiam
1382 2301 1474 2336 epulas
1493 2309 1556 2328 suas
1571 2308 1603 2328 eo
1624 2301 1758 2336 deferunt.
1773 2299 1845 2336 quod

1066 2334 1174 2372 quidem
1189 2346 1202 2364 a
1213 2334 1378 2372 Christianis
1398 2334 1557 2364 melioribus
1574 2343 1627 2363 non
1645 2336 1683 2368 ﬁt,
1697 2339 1724 2372 et
1739 2335 1765 2361 in
1785 2334 1845 2368 ple-

1067 2370 1156 2407 risque
1172 2377 1305 2399 terrarum
1323 2371 1394 2398 nulla
1416 2372 1478 2398 talis
1496 2376 1537 2398 est
1560 2370 1738 2407 consuetudo.
1753 2374 1845 2396 tamen

1066 2405 1219 2442 quicunque
1233 2408 1257 2434 id
1274 2407 1386 2439 faciunt,
1399 2414 1464 2440 quas
1478 2414 1538 2442 cum
1551 2405 1733 2442 apposueriut,
1748 2408 1839 2442 orant,

1065 2439 1091 2470 et
1108 2439 1235 2470 auferunt
1250 2448 1278 2469 ut
1291 2439 1445 2472 vescantur,
1459 2441 1499 2468 vel
1517 2449 1548 2468 ex
1564 2439 1603 2469 eis
1623 2441 1705 2467 etiam
1724 2439 1845 2473 indigen-

1066 2478 1137 2504 tibus
1161 2478 1320 2511 largiautur.
1344 2476 1507 2503 sanctiﬁcari
1542 2476 1577 2511 ibi
1600 2483 1647 2503 eas
1673 2475 1771 2511 volunt
1796 2480 1847 2511 per

1063 2513 1157 2539 merita
1173 2509 1331 2547 martyrum,
1343 2522 1352 2537 ι
1371 2518 1424 2539 etc.
1442 2511 1527 2538 Porro
1545 2510 1741 2547 hzecAcouvivia
1766 2509 1845 2547 initio

1063 2548 1171 2583 quidem
1195 2544 1284 2583 sobria
1310 2546 1385 2583 luere
1407 2554 1442 2583 ac
1462 2547 1592 2583 modesta.
1609 2545 1712 2583 Postea_
1726 2551 1803 2583 vero,
1816 2544 1844 2570 in

1063 2577 1139 2617 pejus
1153 2582 1310 2617 proliciente
1327 2581 1478 2617 licentia,atl
1491 2577 1844 2617 ebrietatemac_lasciviam

1063 2613 1203 2645 discivére.
1226 2617 1314 2650 Atque
1339 2617 1440 2643 idcirco
1452 2615 1587 2650 plerisque
1601 2616 1626 2642 in
1650 2614 1719 2650 locis
1737 2613 1847 2650 penitus

1063 2653 1197 2679 exstincta
1221 2646 1293 2687 sunt,
1311 2656 1378 2678 teste
1400 2646 1551 2685 Augustino
1571 2651 1596 2687 in
1619 2646 1844 2687 epistolam.”

1063 2688 1156 2715 codice
1178 2686 1245 2716 Fuk.
1267 2682 1396 2720 scriptum
1415 2682 1457 2712 es't
1476 2682 1681 2720 σωφρσνέστάτα
1705 2683 1733 2713 δὲ
1754 2682 1846 2720 πολλῷ

1063 2723 1110 2749 καὶ
1132 2722 1278 2758 συμπόσια,
1291 2717 1355 2753 etc.,
1373 2729 1423 2747 non
1436 2717 1550 2749 πολλῶν,
1565 2726 1594 2747 ut
1609 2720 1709 2752 habent
1730 2717 1846 2752 vulgatae

1063 2758 1203 2786 editiones.

1099 2793 1154 2827 (91)
1174 2792 1229 2821 Καὶ
1244 2791 1278 2818 ἐν·
1300 2790 1340 2824 τῷ
1363 2790 1539 2825 μέμφεσθαι.
1557 2789 1647 2827 Malim
1673 2787 1794 2827 scribere
1816 2786 1846 2812 ἐν

1063 2822 1159 2863 totiugi,
1173 2835 1201 2853 ιιι
1219 2827 1245 2854 1η
1261 2822 1330 2863 libro
1344 2822 1433 2863 Morini
1446 2827 1480 2863 ad
1503 2825 1648 2863 marginem
1660 2822 1846 2863 emendatum

1066 2858 1165 2891 inveni.
1180 2863 1267 2898 Atque
1281 2862 1316 2889 ita
1334 2861 1460 2890 scribitur
1474 2861 1500 2888 in
1515 2858 1606 2888 codice
1619 2858 1686 2887 Fuit.
