2001 3168
165 177 236 205 1275

552 177 781 205 CONSTANTINI
800 176 928 204 ORATIO
947 176 992 203 AD
1012 176 1222 204 SANCTORUM
1242 177 1390 206 οοιετυιι.

1716 178 1782 206 1274

165 234 250 270 αὐτὴν
258 234 311 262 τῶν
320 235 403 262 όντων
417 235 496 270 φύσιν
509 236 681 270 ἐτεκτήνατο,
696 236 763 263 ἀλλά
773 237 888 273 διάφορα
898 236 946 263 καὶ

1004 236 1104 271 ιιιίυηι,
1124 243 1176 263 non
1201 244 1281 264 unam
1305 237 1481 272 eamdemque
1508 237 1627 264 omnittm
1658 229 1783 265 naturam

165 280 199 308 τὰ
209 281 323 308 πλεῖστα
335 281 444 308 ἐναντία
458 282 507 318 τὴν
521 282 601 317 φύσιν
620 282 761 309 ἐκέλευσεν
777 283 927 318 ἀπογεννᾷν
940 292 947 314 ;

165 327 226 355 ὅθεν
234 328 304 364 καὶὴ
319 328 434 362 διαφορὰ
441 327 494 354 τῶν
505 329 646 364 ἡμετέρων
655 327 728 363 ὴθῶν
735 336 764 354 τε
773 329 819 354 καὶ
827 328 950 364 προαιρέ-

166 381 245 400 σεων·
254 371 288 409 ἦν
300 373 354 410 γὰρ
362 374 427 405 ἴσως
434 373 544 409 ἄμεινον
553 375 598 401 καὶ
607 374 676 410 πρὸς
689 374 720 401 τὸ
729 374 883 410 πειθαρχεῖν
894 375 950 406 τοῖς

166 419 330 454 κελεύσμασι
338 419 384 446 τοῦ
396 419 473 452 Θεοῦ,
486 420 533 446 καὶ
546 420 613 455 πρὸς
626 420 674 455 τὴν
687 420 786 455 ἀκριϐῆ
800 420 950 456 κατάληψιν

166 464 261 496 αὑτοῦ,
270 465 317 492 καὶ
325 465 393 501 πρὸς
400 466 430 492 τὸ
439 465 613 501 βεὸαιοῦσθαι
622 466 692 493 κατὰ
709 467 758 503 τὴν
771 467 884 493 ἑκάστου
905 465 950 492 πί-

166 518 226 537 στιν
240 511 306 545 (92),
315 511 482 546 ὁμοτρόπους
495 511 563 539 εἶναι
575 512 678 544 πάντας
688 511 857 548 ἀνθρώπους.
872 512 908 538 Τὸ
923 512 951 538 δὲ

166 555 230 588 τοὺς
239 556 396 592 ἀνθρώπους
405 558 508 590 πάντας
515 556 786 595 ὁμοιπρόπουφεῖναι
796 558 896 591 ἀξιοῦν,
906 567 951 584 κο-

169 601 231 637 μιδῇ
243 602 359 636 γελοῖον·
377 603 438 638 μηδ’
453 604 562 637 ἐννοεῖν,
573 605 614 631 ὅτι
624 605 672 640 οὐχ
684 605 700 640 ἡ
717 605 833 641 περὶτοῦ
849 605 950 640 κόσμου

166 647 287 680 διάταξις
295 649 360 682 (95).
372 649 440 685 αὕτη
452 650 499 677 καὶ
509 650 721 686 τῶνικοσμικῶν,
736 651 795 678 οὐδὲ
808 651 842 678 τὰ
850 651 951 686 φυσικά

167 695 223 726 τοῖς
235 694 337 730 ἠθικοῖς
346 696 485 730 όμοοὺσια,
493 697 553 724 οὐδὲ
562 697 596 724 τὰ
607 697 654 724 τοῦ
667 697 791 733 σώματος
803 697 951 732 παθήματα

166 742 223 773 τοῖς
231 741 282 776 τῆς
292 742 379 777 ψυχῆς
391 743 487 770 πάθεσι
497 743 530 770 τὰ
539 744 617 771 αὐτά·
630 744 674 771 τὸν
684 744 733 780 μὲν
742 744 796 779 γὰρ
808 744 951 779 σύμπαντα

167 787 269 823 κόσμον
276 788 332 823 (94)
339 789 465 825 φθαρτῶν
475 790 522 817 καὶ
533 790 660 824 ἐπιγείων
669 789 746 822 ζώων
759 791 949 826 μακαριότητι,

166 834 222 868 ὅσῳ
236 834 384 870 σεμνοτέρα
397 844 427 861 τε
440 836 487 862 καὶ
500 835 621 872 θειοτέρα
640 836 815 872 τυγχάνουσα·
833 837 880 863 καὶ
903 837 951 872 τῆς

167 879 241 911 θείας
262 879 427 916 ἁγαθότητος
449 881 498 908 οὒκ
529 882 640 918 ἄμοιρον
663 882 693 909 τὸ
719 882 772 909 τῶν
801 882 951 919 ἀνθρώπων

1004 285 1084 316 atque
1100 281 1214 309 indolem
1230 281 1388 314 fabricavit,
1407 282 1453 309 sed
1471 282 1554 309 multa
1569 281 1687 315 diversa,
1701 282 1784 310 adeo-

1003 333 1056 361 que
1070 327 1207 354 contraria
1227 327 1317 354 indole
1331 329 1444 362 prtedita
1463 328 1535 355 nasci
1554 328 1660 355 voluit?
1676 328 1713 355 Ex
1730 336 1784 363 quo

1005 372 1198 400 dissimilitudo
1215 381 1319 402 morum
1337 382 1369 401 ac
1391 375 1558 402 voluntatum
1578 375 1647 402 inter
1661 375 1784 402 homines

1003 423 1063 445 orta
1080 423 1132 446 est.
1149 418 1241 447 Satius
1262 419 1370 453 quidem
1386 419 1509 447 fortassis
1528 420 1622 447 fuisset
1639 423 1691 451 ut,
1712 420 1783 454 quod

1004 469 1108 500 spectat
1125 466 1158 492 ad
1176 465 1396 493 observationem
1415 466 1604 496 mandatorum
1622 466 1679 498 Dei,
1695 472 1723 494 et
1739 473 1784 494 ac-

1004 515 1126 539 curatam
1145 511 1203 544 ejus
1220 511 1487 546 contemplationem,
1505 517 1533 539 et
1548 513 1581 539 ad
1601 512 1785 540 conﬁrmatio-

1004 565 1065 591 nem
1091 557 1152 584 lidei
1179 557 1360 592 singulorum,
1386 565 1482 585 omnes
1500 558 1623 586 homines
1639 559 1718 585 unius
1740 563 1783 585 αις

1004 609 1057 637 que
1086 602 1207 636 ejusdem
1240 603 1322 630 moris
1347 602 1473 629 fuissent.
1506 602 1606 630 Verum
1635 603 1783 630 absurdum

1004 648 1082 683 plane
1103 655 1134 675 ac
1148 647 1291 675 ridiculum
1309 651 1363 680 est,
1390 648 1417 675 id
1436 652 1540 683 optare,
1564 652 1593 675 ut
1615 656 1710 676 omnes
1736 649 1784 676 ho~

1004 695 1090 722 mines
1116 694 1211 721 iisdem
1240 694 1296 721 sint
1320 694 1440 721 moribus
1461 694 1584 729 praediti,
1609 701 1696 729 neque
1723 695 1784 721 ani-

1004 741 1182 772 madvertere,
1209 738 1290 766 aliam
1315 739 1408 766 mundi
1424 740 1518 772 totius,
1533 739 1613 766 aliam
1632 747 1725 766 earum
1741 747 1784 766 re-

1005 795 1063 814 rum
1081 794 1140 821 qua:
1163 787 1190 813 in
1206 786 1307 813 mundo
1323 791 1398 822 sunt,
1418 786 1616 815 ordinationem
1634 794 1715 814 esse:
1735 794 1784 814 nec

1005 840 1048 860 res
1066 832 1204 860 naturales
1220 832 1341 868 ejusdem
1363 833 1521 862 substantiae
1534 841 1596 861 esse
1612 841 1643 861 ac
1657 834 1783 867 morales,

1004 886 1054 907 nec
1073 878 1196 914 corporis
1214 879 1326 906 allectus
1346 880 1455 907 eosdem
1479 887 1540 908 esse
1562 887 1623 908 cum
1644 880 1785 908 all'ectihus

167 925 246 960 γένος
270 943 279 956 ,
300 925 359 953 ἀλλ’
382 927 430 962 οὐχ
461 927 554 959 ἁπλῶς
578 928 696 960 πάντων,
723 927 777 954 οὐδ’
800 937 838 960 ως
861 928 949 964 ἔτυχε,

1004 925 1097 953 animi.
1113 925 1218 953 Etenim
1237 924 1393 952 universum
1414 925 1488 953 hunc
1501 925 1631 953 mundum
1648 925 1728 960 longo
1744 926 1784 952 in-

168 971 257 1006 μόνων
276 971 304 998 δὲ
322 972 377 999 τῶν
400 973 449 1009 τὴν
472 973 546 1000 θείαν
570 973 649 1008 φύσιν
664 973 883 1009 ὲξιχνευσάντων,
904 975 951 1001 καὶ

165 1015 198 1044 τὸ
222 1017 424 1052 προηγούμενον
446 1018 613 1054 ἐπιτήδευμα
645 1018 691 1046 τοῦ
717 1017 774 1053 βίου
805 1019 953 1055 προελομέ-

167 1071 231 1095 νων,
255 1062 304 1098 τὴν
328 1063 382 1090 τῶν
406 1063 485 1091 θείων
501 1064 656 1099 ἐπίγνωσιν.

1006 972 1118 1000 tervallo
1137 975 1247 1007 supcrat
1271 972 1360 998 anima
1387 971 1548 1004 rationalis,
1579 977 1654 999 tanto
1680 973 1786 1000 beatior

1006 1017 1121 1045 terrenis
1131 1022 1160 1045 et
1168 1017 1335 1052 corruptioni
1348 1018 1471 1045 obnoxiis
1480 1018 1673 1049 animantibus,
1684 1024 1786 1052 quanto

1007 1062 1146 1097 augustior
1172 1067 1214 1089 est
1230 1067 1311 1096 atque
1325 1061 1461 1089 divinior:
1490 1068 1593 1088 necnon
1619 1061 1716 1089 divinat
1737 1061 1786 1088 bo-

166 1111 264 1138 sitatis
278 1112 413 1147 particeps
426 1113 564 1140 hominum
577 1120 662 1148 genus
675 1120 738 1147 ,nec
758 1117 848 1141 tamen
878 1119 971 1140 omnes
991 1111 1114 1139 homines
1145 1110 1299 1145 promiscue
1316 1117 1347 1137 ac
1362 1110 1421 1137 sine
1442 1108 1497 1137 ullo
1521 1109 1677 1137 discrimine
1699 1109 1784 1143 parti-

165 1157 244 1191 cipes
262 1161 327 1184 sunt
347 1157 445 1185 divmte
463 1157 609 1185 bonitatis:
628 1160 677 1185 seu
699 1159 718 1185 i't
740 1158 790 1185 soli
805 1158 851 1192 qui
878 1157 995 1184 divinam
1028 1160 1153 1184 naturam
1186 1154 1297 1182 scrutati
1329 1159 1403 1187 sunt,
1429 1157 1457 1182 et
1480 1154 1526 1188 qui
1549 1154 1600 1181 hoc
1620 1153 1785 1189 prtecipuum

168 1202 231 1229 vita!
245 1202 397 1230 institutum
418 1211 451 1230 ac
472 1204 590 1230 studium
610 1203 662 1231 sibi
681 1207 888 1239 proposuerunt,
907 1210 997 1230 rerum
1021 1201 1173 1229 divinarum
1191 1200 1383 1236 cognitionem.

433 1259 630 1287 ΚΕΦΑΛΑΙΟΝ
641 1261 689 1288 IN.

168 1305 230 1331 ὀτι
251 1305 378 1339 ἀπείρως
390 1306 410 1340 ἠ
426 1305 532 1339 κτιστὴ
555 1306 646 1340 φύσις
664 1306 721 1332 ἀπὸ
735 1305 791 1339 τῆς
810 1306 952 1333 ἀκτίστου

203 1340 310 1373 οὐσίας
331 1340 491 1374 ἀφέστηκε,
513 1341 645 1374 πλησίον
661 1340 695 1367 δὲ
712 1341 805 1375 αὐτῆς
823 1341 863 1374 τῷ
884 1340 954 1368 κατ’

203 1375 315 1409 ἀρετὴν
323 1376 383 1408 ,βίῳ
398 1377 415 1403 ὁ
427 1375 580 1409 ἅνθρωπος
595 1376 716 1411 γίνεται.

203 1420 245 1448 Τά
258 1430 290 1455 γε
305 1421 357 1457 μὴν
373 1422 405 1448 ὲκ
418 1422 514 1456 γενεᾶς
530 1423 586 1454 τοῖς
606 1421 700 1454 ἀϊδίοις
717 1421 880 1457 συγκρίνειν,
904 1430 954 1457 μα-

169 1466 229 1498 νίας
241 1467 314 1494 ἐστὶν
327 1467 364 1499 ὡς
377 1466 485 1502 ἀληθῶς
499 1467 550 1502 τῆς
567 1467 748 1502 τελεωτάτης’
763 1467 817 1494 τῶν
838 1467 886 1503 μὲν
899 1466 953 1503 γὰρ

169 1509 226 1538 οὔτ’
241 1511 310 1548 ἀρχή
327 1521 378 1544 τις,
395 1511 456 1538 οὔτε
473 1512 558 1544 τέλος,
572 1511 606 1539 τὰ
619 1512 641 1539 δ’
656 1512 703 1539 ἆτε
717 1512 802 1547 φύντα
819 1513 866 1539 καὶ
878 1513 954 1547 γενό-

173 1558 313 1594 μεναίθό),
322 1560 369 1585 καὶ
379 1558 426 1594 τὴν
437 1558 522 1605 ἀρχὴν
534 1558 580 1585 τοῦ
591 1567 620 1585 τε
634 1556 701 1585 εῖναι
713 1559 760 1586 καὶ
769 1559 818 1594 ζῇν
826 1560 854 1585 ἐν
865 1559 952 1595 χρόνῳ
967 1575 989 1605 c

171 1605 225 1632 τιν)¹
250 1604 374 1636 λαϐόντα,
398 1604 550 1636 ἀκολούθως
569 1605 615 1633 καὶ
629 1604 755 1641 τελευτὴν
778 1605 807 1638 ἐξ
834 1605 955 1640 ἀνάγκης

171 1650 247 1686 ἔχει·
273 1651 307 1678 τὰ
333 1651 361 1678 δὲ
387 1651 529 1687 γενόμενα,
557 1650 596 1686 τῷ
617 1651 775 1678 κελεύσαντι
795 1650 955 1687 γεννηθῆναι

171 1695 250 1728 αὐτὰ,
266 1695 325 1728 πῶς
340 1695 373 1723 ἂν
390 1696 553 1729 ἐξισάζοιτο;
571 1696 602 1722 El
623 1696 678 1731 γὰρ
695 1697 774 1731 ὅμοια
795 1696 850 1731 (96)
869 1697 956 1724 ταῦτα

171 1741 278 1778 ἐκείνῳ,
287 1742 346 1769 οὐδὲ
357 1742 502 1778 πρόσταξις
509 1742 556 1769 τοῦ
566 1742 711 1777 γεννᾶσθαι
719 1742 912 1779 προσηκόντως
922 1743 955 1770 ἂν

172 1788 267 1824 ἐκείνῳ
277 1788 433 1824 ἀρμόζοιτο.
455 1788 524 1815 Ἀλλ’
535 1788 630 1823 ἐκείνῳ
651 1788 699 1824 μὲν
711 1789 765 1815 οὐδ’
781 1788 813 1815 ἂν
823 1789 858 1816 τὰ
876 1789 956 1825 οὑράμ

171 1842 216 1860 νια
250 1832 419 1869 συγκριθεῖη,
450 1834 544 1869 ὥσπερ
575 1833 630 1860 οὐδ⁸
662 1834 676 1860 ὁ
703 1833 830 1868 αἰσθητὸς
855 1834 956 1869 κόσμος

172 1879 212 1915 τῷ
234 1879 332 1915 νοητῷ,
364 1879 418 1906 οὐδ’
453 1880 480 1906 αἱ
504 1879 607 1911 εἰκόνες
643 1881 700 1911 τοῖς
730 1879 954 1916 παραδείγμασιν.

178 1926 213 1953 Ἡ
225 1925 256 1952 δὲ
271 1926 400 1961 σύγχυσις
415 1925 469 1952 τῶν
491 1925 599 1953 πάντων
616 1924 683 1961 (97),
699 1926 757 1957 πῶς
781 1926 810 1952 οὐ
833 1925 934 1960 γελοῖον
947 1933 954 1960 ;

173 1971 418 2007 ἀποκρυπτομένης
431 1971 480 2006 τῆς
499 1971 550 1998 τοῦ
570 1971 640 1998 θείου
661 1971 816 2007 τιμιότητος
834 1973 866 2007 τῇ
889 1972 957 2008 πρὸς

173 2017 235 2049 τοὺς
249 2015 415 2052 ἀνθρώπους,
425 2017 515 2043 καὶτὰ
525 2025 555 2051 γε
567 2017 648 2053 θηρία
658 2017 796 2053 συγκρίσει
813 2017 876 2051 (98)·
893 2017 956 2052 ἔφε-

174 2070 217 2094 σις
227 2061 256 2088 δὲ
269 2060 436 2094 δυναστείας,
446 2061 607 2097 ἀντίρῤοπος
617 2060 683 2087 Θεοῦ
695 2060 848 2096 δυναστείᾳ,
859 2060 918 2092 πῶς
924 2059 955 2086 οὐ

210 2169 267 2206 (92)
285 2169 364 2206 κατὰ
388 2168 447 2206 τὴν
475 2169 605 2206 ἑκάστου
630 2170 744 2198 πίστιν.
778 2168 954 2197 Scrihendum

173 2205 280 2241 videtur
294 2205 342 2241 τὴν
360 2205 419 2231 καθ’
435 2205 548 2241 ἑκάστου
564 2205 662 2232 πίστιν.

210 2240 265 2274 (95)
286 2238 348 2273 οὐχ
369 2241 388 2273 ’ὴ
412 2240 477 2274 περὶ
494 2240 546 2266 τοῦ
570 2241 685 2274 κόσμου
707 2238 847 2272 διάταξις.
866 2239 953 2266 Malim

174 2273 292 2311 scribere
314 2275 363 2311 οὐχ
374 2273 474 2311 ἥπερή
493 2274 540 2301 τοῦ
554 2273 656 2311 κόσμου
672 2273 799 2308 διάταξις,
815 2274 885 2310 αὕτη
908 2274 954 2301 καὶ

173 2310 229 2337 τῶν
245 2310 395 2345 κοσμικῶν.

209 2345 265 2379 (94)
287 2346 343 2372 Τὸν
359 2345 417 2380 μὲν
431 2345 486 2379 τὰρ
502 2345 662 2379 σύμπαντα
682 2345 807 2380 κόσμον.
821 2345 884 2372 Post
906 2345 954 2372 has

173 2387 254 2408 voces
271 2379 474 2413 multa'desunt,
490 2385 519 2407 ut
537 2385 611 2414 patet
633 2388 666 2407 ex
684 2379 762 2407 titulo
780 2381 884 2414 capitis.
898 2379 953 2407 Nos

175 2422 209 2442 ex
229 2419 356 2449 corrupto
374 2423 405 2443 ac
425 2414 518 2442 mutilo
541 2415 598 2441 loco
612 2415 824 2450 qualemcunque
844 2422 952 2442 sensum

175 2450 273 2476 elicere
295 2450 449 2481 maluimus,
471 2457 628 2483 quamcum
649 2450 896 2484 Christophorsono
912 2455 953 2477 to-

176 2489 231 2510 tum
252 2491 416 2519 expungere.
429 2484 543 2512 Savilius
559 2492 665 2519 quoque
679 2485 705 2511 in
723 2485 792 2512 libro
806 2492 856 2512 suo
871 2490 952 2512 totam

175 2519 409 2554 hancperiodum
429 2527 514 2554 usque
532 2520 564 2546 ad
583 2519 628 2546 illa
650 2519 732 2547 verba
759 2519 807 2554 τῆς
827 2519 855 2546 δὲ
879 2519 954 2551 θείας

175 2529 246 2546 [lilth
269 2529 409 2552 pertoutlm
429 2529 514 2554 usque.
532 2529 564 2546 au
583 2529 628 2546 Illa
650 2529 732 2547 VCl'Dil
759 2529 774 2546 τ
794 2529 807 2551 ς
827 2529 855 2546 οε
879 2529 953 2551 υειας

173 2553 350 2589 ἀγαθότητος,
366 2554 473 2581 delevit.
495 2554 575 2582 Certe
597 2555 623 2582 in
642 2554 735 2582 codice
750 2529 817 2582 Folk.
833 2559 886 2582 tota
910 2555 953 2581 illa

175 2589 301 2624 periodus
314 2596 369 2624 non
385 2589 507 2616 habetur.

209 2623 265 2659 (95)
287 2623 325 2650 Τὰ
347 2623 381 2660 δὲ
405 2624 559 2658 γενόμενα.
579 2623 839 2660 Christophorsonus
858 2624 955 2660 legisse

174 2659 279 2686 videtur
292 2658 458 2694 γεννώμενα.
475 2660 546 2693 quod
562 2659 645 2694 magis
663 2660 760 2693 placet.

209 2694 264 2729 (96)
284 2693 412 2727 νυιεηει
429 2694 484 2728 γὰρ
501 2694 603 2727 μανία.
619 2693 694 2721 Hunc
712 2694 799 2721 locum
813 2694 849 2721 ita
870 2695 955 2721 corri-

174 2729 293 2769 gettdutn
308 2735 372 2763 puto
376 2738 391 2769 _:
409 2729 440 2755 Εἰ
466 2728 525 2769 vita
543 2729 623 2764 ὃμοια
648 2729 733 2769 ταῦτα
764 2729 869 2769 ἐκείνῳ³
894 2729 954 2769 ουδὲ

175 2763 321 2800 πρόσταξις
343 2763 390 2790 τοῦ
414 2763 574 2798 γεννᾶσθαι,
596 2764 786 2800 προσηκόντως
805 2763 955 2799 ἂν⁷ὲκείνῳ

174 2798 331 2835 ἀρμόξριτο,
356 2799 382 2826 id
402 2804 462 2826 est:
482 2799 512 2827 Si
536 2807 577 2826 ru
592 2807 650 2834 quw
663 2806 827 2835 generantur
841 2799 955 2835 inquiries

175 2833 235 2860 sunt
257 2833 322 2866 Deo,
340 2839 494 2868 praeceptum
508 2842 559 2869 quo
579 2833 623 2861 ea:
641 2833 712 2869 gigni
729 2834 821 2869 jussit,
839 2834 888 2866 ipsi
903 2834 955 2869 uti-

173 2880 222 2907 que
237 2880 288 2899 non
302 2872 447 2907 conveniret
463 2879 471 2897 :
488 2870 600 2905 aqualis
616 2868 687 2898 enim
709 2868 743 2907 m_
758 2869 888 2907 aqualem
902 2868 954 2907 jus

174 2904 370 2942 imperiumque
394 2906 492 2934 habere
517 2904 570 2934 non
596 2909 693 2941 potest.
724 2904 850 2933 Facessat
873 2904 955 2941 igitur

1246 1256 1328 1292 533
1343 1256 1456 1286 CAPUT
1473 1257 1531 1286 ΧΠ

1006 1303 1082 1337 Quod
1098 1309 1219 1330 creatum
1240 1303 1366 1330 immenso
1389 1304 1473 1338 spatio
1497 1304 1578 1330 distat
1597 1311 1612 1329 ιι
1635 1303 1782 1338 substantia

1041 1340 1157 1366 increata
1169 1347 1179 1366 :
1196 1343 1219 1364 et
1235 1339 1303 1374 quod
1323 1339 1399 1365 homo
1416 1347 1461 1373 per
1474 1339 1596 1366 virtutem
1613 1339 1730 1373 proxime
1747 1337 1782 1365 ad

1041 1374 1124 1401 Deum
1139 1373 1250 1401 accedit.

1040 1419 1127 1446 Porro
1141 1426 1173 1446 ea
1186 1426 1246 1452 quae
1261 1422 1320 1446 orta
1338 1423 1401 1446 sunt
1418 1425 1477 1445 cum
1492 1418 1602 1445 aalernis
1615 1425 1785 1452 comparare,

1007 1471 1118 1491 summae
1138 1464 1264 1498 profecto
1280 1463 1422 1491 dementia:
1447 1468 1499 1489 est.
1516 1463 1579 1490 Haec
1603 1463 1674 1490 enim
1698 1471 1785 1498 neque

1005 1509 1166 1545 principium
1193 1509 1312 1541 habent,
1336 1515 1426 1543 neque
1451 1508 1542 1535 linem.
1568 1508 1613 1535 llla
1638 1516 1701 1536 vero
1723 1517 1784 1535 cum

1005 1561 1062 1583 orta
1087 1556 1141 1583 sint
1156 1559 1182 1583 et
1203 1555 1292 1590 genita
1304 1574 1311 1586 ,
1326 1562 1441 1590 cumque
1460 1554 1605 1582 exsistendi
1623 1562 1655 1582 ac
1677 1555 1784 1582 vivendi

1006 1605 1080 1628 certo
1097 1605 1216 1636 tempore
1231 1601 1396 1636 principium
1413 1600 1578 1634 acceperint,
1596 1599 1696 1627 exitum
1715 1608 1785 1635 quo-

1005 1654 1057 1681 que
1072 1647 1189 1674 habeant
1205 1653 1315 1674 necesse
1330 1650 1383 1674 est.
1401 1647 1438 1674 Ea
1456 1652 1522 1673 vero
1535 1653 1594 1680 qua:
1607 1648 1695 1681 genita
1710 1652 1783 1681 sunt,

1005 1693 1139 1726 quomodo
1155 1694 1304 1728 comparari
1330 1701 1447 1728 unquam
1473 1694 1578 1728 possint
1592 1701 1653 1721 cum
1674 1700 1716 1726 eo,
1738 1695 1785 1728 qui

1007 1738 1063 1772 ipsa
1079 1739 1151 1774 gigni
1167 1739 1314 1774 praecepit?
1331 1738 1397 1766 Nam
1413 1740 1434 1766 si
1456 1739 1514 1767 h:ec
1526 1739 1564 1766 illi
1582 1739 1696 1774 aequalia
1711 1744 1785 1771 sunt,

1005 1788 1167 1818 prazceptum
1183 1792 1236 1819 quo
1248 1792 1280 1812 ea
1297 1785 1369 1820 gigni
1384 1784 1478 1819 jussit,
1491 1793 1544 1813 non
1558 1788 1649 1820 posset
1663 1785 1711 1819 ipsi
1730 1791 1786 1811 me-

1007 1829 1058 1857 rito
1074 1830 1230 1857 convenire.
1246 1830 1299 1858 Sed
1321 1838 1355 1858 ne
1375 1830 1497 1858 caelestia
1515 1830 1624 1865 quidem
1647 1831 1707 1864 jure
1722 1837 1784 1858 cum

1006 1875 1052 1903 illo
1080 1874 1279 1908 conferantur,
1314 1876 1539 1910 quemadmodum
1570 1883 1620 1903 nec
1648 1875 1786 1903 sensibilis

1006 1920 1122 1947 mundus
1136 1928 1196 1947 cum
1210 1920 1387 1954 intelligibili,
1406 1928 1457 1948 nec
1472 1921 1604 1956 imagines
1619 1928 1681 1948 cum
1697 1928 1786 1948 exem-

1006 1966 1083 2001 plari.
1110 1966 1146 1993 At
1170 1965 1292 1996 confusio
1313 1971 1340 1993 et
1362 1966 1501 2001 permistio
1532 1967 1652 1994 omnium
1676 1974 1785 2001 rerum,

1006 2018 1096 2038 nonne
1120 2018 1231 2046 prorsus
1259 2011 1372 2039 ridicula
1389 2019 1433 2039 res
1459 2011 1520 2039 est?
1537 2019 1598 2039 cum
1623 2011 1720 2039 divinas
1737 2020 1785 2038 na-

1007 2063 1074 2086 tum
1097 2057 1217 2093 dignitas
1239 2056 1398 2092 obtegatur,
1432 2057 1455 2085 si
1485 2057 1608 2085 homines
1634 2064 1666 2085 ac
1692 2056 1785 2085 bestia:

1005 2169 1158 2199 emendatio
1174 2169 1312 2198 doctorum
1339 2171 1466 2202 virorum,
1484 2170 1573 2205 quam‘
1585 2170 1666 2197 etiam
1690 2171 1716 2197 in
1739 2178 1785 2198 co-

1005 2208 1064 2233 dice
1077 2205 1145 2233 Fuk.
1159 2208 1186 2241 et
1200 2205 1226 2232 in
1249 2205 1318 2232 libro
1339 2205 1427 2233 Hormi
1453 2206 1557 2239 reperi:
1577 2205 1607 2241 Et
1631 2205 1693 2241 «(duo
1702 2205 1784 2241 μανία

1005 2241 1091 2268 ταῦτα
1112 2240 1211 2276 ἐκείνω
1232 2240 1432 2275 ωρεξισάζειν,
1449 2241 1466 2276 ἡ
1490 2240 1634 2276 πρόσταξις
1654 2240 1700 2267 τοῦ
1723 2249 1785 2274 γεν‹

1005 2267 1111 2307 vacem,
1123 2279 1177 2302 etc.
1190 2267 1288 2311 Verum
1302 2267 1324 2302 ἐι
1340 2267 1379 2302 ita
1391 2267 1495 2311 legeris,
1511 2267 1652 2311 indlus'e'st
1666 2267 1762 2302 sensus
1774 2285 1781 2303 :

1005 2319 1054 2338 nec
1081 2310 1220 2344 sequentia
1249 2317 1310 2337 cum
1340 2310 1561 2339 antecedentibus
1597 2311 1780 2337 cohtcrehunl.

1004 2345 1263 2379 Christophorsonus
1287 2345 1395 2380 quidem
1421 2347 1448 2373 in
1471 2346 1528 2373 suis
1551 2345 1628 2373 libris
1650 2346 1687 2372 ita
1707 2353 1784 2380 repe-

1004 2386 1090 2414 rerat,
1109 2385 1138 2416 ut
1159 2387 1193 2416 ex
1217 2380 1340 2416 versione
1364 2381 1421 2416 ejus
1448 2385 1570 2415 apparet.
1598 2380 1651 2407 Sed
1676 2380 1783 2415 vulgala

1004 2416 1084 2444 lectio
1111 2414 1186 2449 Regii
1207 2415 1308 2443 codicis
1325 2421 1353 2444 et
1370 2414 1490 2444 veterum
1505 2415 1664 2443 schedarum
1685 2414 1782 2443 aucto.

1003 2451 1085 2479 ritate
1102 2450 1221 2478 fulcitur.
1567 2480 1572 2483 _

1033 2485 1088 2521 (97)
1151 2484 1185 2526 ᾷὲ
1200 2484 1351 2526 σύγχυσις
1372 2483 1431 2510 τῶν
1444 2483 1573 2526 πάντων.
1588 2483 1727 2526 Musculus
1744 2484 1783 2526 le:

998 2519 1198 2556 gisSe'videtur
1220 2519 1376 2556 σύγκρισις,
1397 2519 1467 2556 quod
1483 2519 1561 2546 valde
1586 2520 1686 2556 probo;
1704 2519 1784 2556 vertit

998 2554 1071 2583 énim
1087 2563 1094 2580 :
1109 2554 1246 2588 Quomodo
1262 2559 1348 2582 autem
1367 2554 1482 2580 omnium
1497 2554 1658 2588 comparatio
1675 2562 1726 2580 non
1742 2554 1782 2580 ri-

998 2591 1087 2617 dicula
1102 2594 1210 2623 est,etc.
1220 2589 1298 2617 Certe
1310 2594 1356 2617 aut
1370 2590 1406 2616 ita
1416 2589 1557 2624 legendum
1570 2594 1622 2620 est,
1636 2593 1683 2615 aut
1694 2590 1730 2615 ita
1741 2590 1783 2615 in-

999 2625 1181 2660 telligendum.
1207 2625 1402 2652 Constantinus
1423 2625 1727 2660 enimrexmquationem
1747 2624 1781 2650 il-

998 2658 1191 2688 lam—omnium
1204 2667 1295 2687 rerum
1309 2664 1387 2687 vocat
1401 2658 1599 2686 confusionem.

1034 2695 1088 2731 (98)
1103 2695 1180 2731 Vulg.
1194 2696 1220 2722 sl
1230 2694 1266 2721 τά
1277 2703 1309 2730 τε
1319 2695 1405 2728 θηρία
1418 2695 1584 2731 συγκρίσει.
1601 2694 1782 2722 Scrihendum

997 2731 1091 2765 procul
1113 2731 1196 2758 dubio
1220 2730 1397 2765 συγκρίνοιτο.
1422 2730 1466 2757 Sic
1487 2730 1557 2756 enim
1579 2735 1783 2764 argumentatur

998 2764 1203 2793 Constantinus.
1222 2766 1262 2792 Ne
1275 2764 1395 2793 cmlestia
1413 2764 1519 2799 quidem
1531 2784 1538 2795 ,
1551 2764 1648 2799 inquit,
1663 2766 1782 2792 conferri

998 2806 1112 2836 possunt
1125 2809 1186 2836 cum
1202 2800 1256 2827 Deo
1274 2808 1280 2826 :
1299 2805 1401 2835 quanto
1416 2800 1505 2836 minus
1517 2801 1652 2836 terrestria
1665 2805 1692 2827 et
1703 2801 1781 2828 bruta

999 2834 1138 2864 animalia.
1154 2835 1203 2863 llic
1217 2840 1260 2863 est
1279 2834 1375 2864 sensus
1392 2835 1472 2870 hujus
1488 2835 1550 2861 loci.
1573 2834 1671 2870 Scripti
1690 2840 1780 2863 tamen

998 2872 1106 2899 codices
1129 2870 1379 2905 Christopborsoni,
1405 2870 1517 2903 Savilii,
1537 2870 1645 2898 Gruteri
1667 2875 1694 2898 et
1711 2870 1779 2905 Fuk.

1001 2906 1072 2939 hunc
1087 2907 1177 2935 locum
1193 2906 1228 2934 ita
1242 2904 1371 2934 exhibent
1387 2914 1393 2932 :
1411 2906 1658 2942 ἀποκρυπτομένης
1668 2906 1717 2941 τῆς
1733 2904 1781 2932 τοῦ
