2001 3168
234 144 314 189 gms

598 149 732 178 EUSEBII
752 148 992 178 CrESARlENSIS
1009 149 1085 178 OPP.
1105 149 1196 177 PARS
1207 148 1235 176 «1.
1255 162 1289 168 -
1308 148 1501 177 HISTORICA.

1805 151 1877 180 1276

234 211 438 254 (comparentur
463 215 525 236 cum
553 209 620 236 Deo.
644 208 785 244 Cupiditas
809 216 875 237 vero
904 209 1025 244 potentia

1085 207 1257 244 μαινομένων
1272 207 1422 243 ἀνθρώπων
1431 207 1515 240 ἐστὶν,
1531 207 1766 245 ἀπεστραμμένων
1784 219 1816 237 τε
1830 210 1878 238 τὸν

243 265 303 292 qua:
316 255 412 283 aamula
431 255 467 283 sit
487 259 515 282 et
530 255 643 290 aequalis
659 255 787 289 potentia:
801 254 910 288 divinte,
927 263 961 282 an
977 262 1029 282 non

243 308 285 330 est
309 302 448 329 hominum
468 308 582 336 prorsus
599 301 761 332 amentium.
779 305 806 328 et
826 308 841 327 a
860 301 981 328 modesta
999 307 1031 327 ac

243 347 329 383 proba
345 346 452 374 vivendi
475 346 582 374 ratione
599 346 769 373 alienorum?
785 345 853 373 Nam
874 347 896 373 si
922 346 1030 380 quidem

243 394 276 421 ad
299 393 418 420 divinam
435 393 629 420 beatitudinem
650 392 761 419 omnino
783 392 965 426 adspiramus,
990 391 1031 418 vi-

243 444 296 466 tam
321 439 399 473 juxta
427 438 473 466 Dei
500 439 626 465 mandata
650 438 792 465 instituere
814 438 955 465 debemus.
985 437 1031 465 Sic

243 485 317 512 enim
339 489 482 520 postquam
498 484 574 519 juxta
591 484 677 518 legem
693 491 708 510 a
722 483 777 510 Deo
797 484 974 511 constitutam
989 482 1030 511 vi-

241 530 386 562 xerimus.
409 530 465 557 fato
495 529 654 563 superiores
681 529 707 556 in
733 528 933 556 immortalibus
951 533 1031 556 teter-

241 576 338 610 nisque
355 575 467 603 sedibus
491 582 578 602 mvum
598 575 738 609 degemus.
762 574 867 609 Quippe
890 575 948 602 haec
971 573 1029 601 sola

241 621 269 648 in
286 621 396 648 homine
412 621 454 648 vis
475 625 517 648 est
542 627 592 655 par
609 620 707 648 divinae
731 620 881 655 potentiae:
906 620 1030 648 sincerus

241 675 275 696 ac
299 667 411 695 minime
437 666 544 694 fucatus
569 667 616 694 Dei
640 667 748 700 cultus,
773 671 802 695 et
826 666 970 694 conversio
995 667 1029 694 ad

241 711 346 748 ipsum,
364 716 393 740 et
409 719 502 740 eorum
522 720 583 748 quae
603 712 657 740 Deo
672 716 784 747 accepta
809 716 884 745 sunt,
907 717 1029 740 comem-

241 758 327 794 platio
350 762 432 792 atque
459 758 618 786 meditatio:
651 765 703 785 nee
733 758 760 786 in
787 763 889 786 terram
912 766 1028 793 pronum

240 809 324 840 atque
340 804 476 840 abiectum
491 811 567 837 esse,
587 804 635 831 sed
644 803 682 831 'ad
704 803 830 831 sublimia
845 812 876 831 ac
895 804 1027 836 ccelestia,

240 851 329 886 quoad
358 850 416 878 ﬁeri
438 855 537 885 potest,
557 855 675 877 mentem
702 856 823 878 nostram
845 851 961 885 erigere.
988 850 1026 878 Ex

1085 253 1211 290 σώφρονα
1224 254 1270 280 καὶ
1286 254 1412 289 ἐνάρετον
1429 254 1502 289 βίον;
1520 254 1550 280 El
1565 253 1619 290 γὰρ
1635 255 1702 288 ὅλως
1723 255 1775 291 τῆς
1800 256 1877 295 θείας

1083 300 1211 335 εὐτυχίας
1225 300 1447 336 ἀντιποιούμεθα,
1465 300 1518 336 χρὴ
1537 300 1581 327 τὸν
1599 301 1655 336 βίον
1677 302 1780 337 διάγειν
1802 303 1877 330 κατὰ

1082 345 1132 381 τὴν
1145 345 1192 372 τοῦ
1209 345 1276 372 Θεοῦ
1292 345 1424 373 κέλευσιν·
1451 345 1525 372 οὕτω
1540 346 1594 382 γὰρ
1615 349 1708 382 μοναῖς
1728 349 1876 382 ἀθανάτοις

1081 392 1129 418 καὶ
1141 392 1269 427 ἀγήροσι,
1288 392 1432 427 κρείσσους
1449 392 1539 427 πάσης
1558 393 1727 429 εἱμαρμένης
1745 394 1874 430 ὂιάξομεν

1081 437 1126 464 τὸν
1138 437 1204 473 βίον,
1229 437 1297 464 κατὰ
1313 438 1359 465 τὸν
1376 438 1428 464 ὑπὸ
1453 438 1520 464 Θεοῦ
1544 438 1623 474 νόμον
1647 440 1788 475 ὁρισθέντα
1805 440 1874 476 βιώ-

1083 493 1188 517 σαντες·
1208 485 1274 520 μόνη
1289 484 1343 520 γὰρ
1356 485 1520 520 ἁντίρῤοπος
1533 485 1600 512 6εοῦ
1611 486 1751 522 δυνάμεως
1765 487 1873 523 ἀνθρω-

1082 530 1146 565 πίνη
1175 530 1299 566 δύναμις,
1322 532 1338 566 ἡ
1367 531 1515 567 εἰλικρινὴς
1544 532 1590 559 καὶ
1614 532 1704 565 ἄδολος
1727 534 1795 569 πρὸς
1823 534 1870 561 τὸν

1082 575 1147 602 Θεὺν
1161 576 1286 612 λατρεία,
1303 577 1350 603 καὶ
1368 578 1384 612 ἡ
1397 578 1437 609 εἰς
1451 577 1530 604 αὑτὸν
1548 579 1709 614 ἐπιστροφὴ,
1723 579 1826 615 θεωρία
1838 589 1869 607 τε

1081 621 1128 648 καὶ
1148 621 1267 656 μάθησις
1277 621 1331 648 τῶν
1342 623 1512 658 ἀρεσκόντων
1520 619 1718 660 τῷΚρείττονι,
1731 626 1777 651 καὶ
1788 626 1818 652 τὸ
1829 625 1868 662 μὴ

1080 667 1120 698 είς
1136 666 1187 701 γῆν
1204 667 1369 699 νενευκέναι,
1396 667 1453 694 ἀλλ’
1477 668 1526 703 ὅση
1547 668 1671 704 δυναμις,
1685 670 1734 705 τὴν
1749 670 1869 698 διάνοιαν

1080 713 1128 740 ἐπὶ
1143 713 1177 740 τὰ
1191 713 1270 749 ὁρθιά
1285 722 1314 740 τε
1335 714 1382 741 καὶ
1397 714 1486 750 ὑψηλὰ
1505 715 1679 748 ἀναϐιϐάζειν
1691 725 1697 731 ·
1713 717 1746 743 ὲκ
1772 718 1869 753 γάρτοι

1079 759 1130 794 τῆς
1155 758 1355 794 ἐπιτηδεύσεως
1387 760 1498 796 ταύτης,
1522 761 1552 787 τὸ
1578 762 1656 797 νικᾷν
1681 762 1740 789 ἀντὶΙ
1763 763 1869 792 πολλῶν

1080 805 1200 839 ἀγαθῶν,
1224 806 1291 842 φησὶ
1317 806 1383 841 (99),
1407 807 1604 842 περιγίγνεται.
1634 809 1665 835 Ἦ
1685 809 1773 836 τοίνυν
1792 810 1868 838 αἰτία

1079 851 1128 887 τῆς
1139 851 1193 877 τῶν
1206 851 1291 878 ὄντων
1308 851 1449 888 διαφορᾶς,
1470 853 1540 880 κατά
1555 861 1584 879 τε
1606 853 1656 889 τὴν
1674 854 1752 887 ἀξίαν
1775 855 1822 881 καὶ
1838 856 1869 881 ὲν

239 895 395 929 hujusmodi
414 897 487 923 enim
510 896 612 928 studio,
628 895 742 924 victoria
762 896 843 924 nobis
860 901 973 931 paratur
988 896 1025 923 iu-

1078 899 1111 933 τῇ
1125 898 1171 924 τοῦ
1187 897 1315 927 δύνασθαι
1337 898 1510 935 παραλλαγῇ,
1526 899 1618 926 τοῦτον
1638 900 1694 935 ἔχει
1710 900 1755 928 τὸν
1771 900 1866 935 λόγον’

240 945 299 968 star
325 941 472 969 multorum
491 942 636 971 bonorum.
660 942 748 970 Causa
773 942 857 975 igitur
885 942 1024 970 dissimili-

241 986 344 1014 tudinis
361 995 463 1020 rerum,
480 992 535 1014 tum
555 989 581 1015 in
597 988 745 1023 dignitatis,
769 992 824 1015 tum
849 988 876 1015 in
897 988 1023 1023 potentia:

240 1032 369 1061 distantia
388 1034 485 1068 posita,
513 1035 583 1062 hanc
599 1035 681 1062 habet
697 1036 842 1063 rationem.
862 1035 911 1063 Cui
936 1036 1024 1063 liben-

1077 940 1099 977 ᾧ
1117 944 1253 971 πείθονται
1270 944 1319 979 μὲν
1333 945 1357 971 oi
1370 943 1399 971 εὖ
1418 945 1589 981 φρονοῦντες,
1603 945 1649 972 καὶ
1662 946 1868 982 εὐχαριστοῦσιν

1079 989 1214 1022 ἐξαισίως,
1248 990 1272 1016 οἱ
1307 990 1329 1016 δ’
1362 990 1581 1026 ἀχαριστοῦντες,
1613 992 1719 1026 ἠλίθιοι,
1743 993 1790 1020 καὶ
1816 993 1868 1030 τὴν

1080 1034 1158 1068 ἀξίαν
1171 1036 1208 1071 (I)
1222 1038 1270 1072 τῆς
1290 1037 1477 1073 ὑπερηφανίας
1496 1037 1652 1073 κομίζονται
1668 1040 1812 1075 τιμωρίαν.

241 1083 282 1106 ter
301 1080 410 1113 quidem
439 1082 633 1115 acquiescunt,
654 1082 818 1118 quicumque
847 1082 973 1115 sapiunt,
991 1086 1019 1109 et
1042 1083 1175 1110 maximas
1195 1083 1295 1118 gratias
1330 1089 1423 1119 agunt.
1452 1083 1532 1111 Stulti
1558 1092 1622 1111 vero
1654 1085 1774 1120 ingratos
1805 1093 1866 1114 sese

240 1126 418 1160 exhibentes,
449 1128 571 1155 debitum
595 1130 756 1164 arrogantbe
776 1136 832 1157 sate
845 1129 1008 1164 supplicium
1020 1129 1118 1157 ferunt.

481 1196 562 1232 537
588 1196 701 1225 CAPUT
721 1197 779 1225 xv.

239 1243 305 1275 Qui:
319 1243 605 1277 praeeptatrodiderit,
621 1248 645 1270 et
657 1251 715 1276 quae
730 1243 859 1271 miracula
871 1246 1024 1278 patraveril,

329 1282 352 1304 et
365 1283 525 1313 quantopere
536 1278 647 1305 subditis
658 1279 787 1313 profuerit
803 1279 935 1307 Salvator.

274 1334 410 1361 Caeterum
432 1334 478 1362 Dei
497 1334 581 1362 Filius
597 1343 692 1362 omnes
708 1335 834 1363 homines
849 1337 883 1364 ad
896 1336 1024 1364 virtutem

237 1381 406 1414 cohortatur,
425 1382 512 1409 Patris
533 1382 723 1409 mandatorum
741 1383 879 1410 doctorem
909 1391 938 1410 se
955 1391 1024 1418 prae-

238 1427 306 1454 bens
324 1428 514 1463 prudentibus.
537 1428 594 1456 Nisi
611 1428 681 1457 forte
701 1436 748 1463 per
770 1437 904 1457 summam
920 1429 1024 1464 impru-

238 1474 359 1501 dentiam
377 1475 545 1509 ignoramus,
568 1482 630 1502 eum
653 1475 778 1503 utilitatis
800 1479 900 1504 nostra:
929 1482 1023 1508 causa,

236 1520 263 1547 id
281 1524 332 1553 est,
361 1524 472 1555 propter
486 1521 608 1548 omnium
635 1520 804 1554 felicitatem,
832 1526 920 1549 terras
946 1529 1025 1556 pera-

237 1577 346 1605 grasse,
367 1575 395 1597 et
411 1570 521 1604 optimis
535 1570 605 1598 illius
623 1571 751 1605 temporis
771 1571 840 1599 viris
857 1571 891 1599 ad
911 1579 942 1599 se
958 1579 1023 1598 con-

238 1614 363 1646 vocatis,
391 1614 564 1641 utilissimam
590 1615 760 1648 doctrinam,
787 1616 861 1643 velut
886 1615 1023 1651 quoddam

237 1666 369 1692 modesta:
388 1666 451 1693 vita:
467 1667 644 1701 pharmacum
662 1668 823 1696 tradidisse:
842 1668 922 1696 [idem
943 1673 1024 1704 atque

236 1718 370 1754 justitiam
397 1726 445 1747 eos
471 1719 614 1753 docendo,
632 1720 763 1748 adversus
786 1721 878 1749 infesti
898 1721 1027 1750 (Immonis

238 1772 379 1806 invidiam,
400 1773 445 1807 qui
468 1773 550 1801 rudes
579 1778 662 1809 atque
689 1774 830 1809 imperitos
857 1774 968 1802 allicere
994 1782 1026 1802 ac

239 1826 366 1861 decipere
391 1825 469 1854 solet.
495 1825 579 1860 igitur
603 1826 647 1853 ille
668 1834 756 1862 aegros
781 1826 891 1861 quidem
913 1825 1025 1858 invisit,

237 1877 360 1904 inﬁrmos
379 1885 442 1905 vero
460 1877 537 1904 malis
553 1877 654 1913 quibus
677 1878 799 1914 oppressi
820 1883 900 1906 erant
914 1878 1024 1912 levavit;

219 1928 273 1956 .iis
293 1929 373 1956 etiam
397 1929 442 1964 qui
461 1929 494 1956 ad
518 1937 652 1956 summam
674 1930 792 1966 iuopiatn
816 1935 896 1966 atque
920 1935 1026 1966 egesta-

239 1982 292 2006 tem
308 1978 411 2006 redacti
428 1983 530 2012 essent,
547 1979 674 2007 solatium
692 1980 817 2016 praabuit.
844 1980 916 2008 Idem
932 1981 1025 2008 mode-

238 2077 311 2116 θείου
325 2077 481 2116 τιμιότητος
495 2079 527 2116 τῇ
544 2078 613 2116 προς
627 2080 690 2112 τοὺς
704 2079 865 2116 ἀνθρώπους
880 2081 927 2108 καὶ
941 2082 975 2108 τά
993 2090 1025 2116 γε

239 2113 322 2175 Oppia.
339 2113 492 2153 συγκρίσει.
508 2113 573 2146 Qua:
586 2114 667 2142 lectio
679 2113 772 2143 melior
785 2116 850 2143 mihi
872 2117 980 2144 videtur
998 2113 1026 2143 et.

239 2156 253 2175 e
265 2154 400 2175 eaauttor.

239 2154 400 2181 elegauttor.

273 2182 330 2218 (99)
347 2183 380 2210 T4)
393 2182 484 2220 νικᾷφῖ
494 2183 560 2212 ἀντὶ
570 2184 692 2212 πολλῶν
705 2184 832 2220 ἀγαθῶν,
850 2187 935 2220 φησί.
950 2185 1024 2213 Aliti-

239 2219 303 2246 dere
319 2220 427 2244 videtur
452 2219 485 2255 ad
499 2226 542 2255 rea
571 2227 630 2254 qua:
654 2219 780 2254 leguntur
802 2222 828 2247 in
849 2219 1024 2255 Apocalypsi,

238 2262 300 2288 cap.
318 2261 337 2281 ιι
356 2259 384 2280 et
402 2261 442 2283 tu.
461 2254 506 2280 ubi
525 2254 596 2281 Deus
608 2255 673 2282 dicit
689 2265 696 2282 :
717 2255 835 2282 Vincenti
857 2254 924 2283 dabo
944 2254 1022 2288 eam-

239 2297 312 2319 nam,
340 2293 391 2316 etc.
417 2288 496 2316 Certe
524 2290 666 2316 christiani
686 2291 803 2318 hominis
825 2291 878 2317 vita
914 2291 1023 2318 athletis

239 2324 389 2360 comparari
417 2323 493 2355 solet,
519 2327 548 2350 ut.
569 2325 669 2357 passim
697 2325 818 2353 occurrit
840 2326 867 2352 in
898 2325 1026 2360 Epistolis

239 2359 324 2386 Pauli.
353 2359 407 2399 χοε
428 2362 516 2398 autem
542 2359 609 2399 φησί
628 2360 845 2399 abu_ndat,more
869 2359 975 2395 Gnaeo,
997 2366 1026 2388 ut

239 2400 339 2421 norunt
355 2393 442 2420 Graeci
461 2393 595 2420 sermonis
607 2396 697 2428 periti.

274 2430 312 2465 (I)
329 2429 405 2465 Vulg.
413 2430 473 2465 τὴν
483 2430 668 2464 εὐεργεσίαν.
691 2430 718 2457 in
733 2430 825 2458 codice
836 2430 921 2465 Regio
931 2430 1027 2458 scribi-

240 2463 284 2493 tur
298 2465 348 2501 τὴν
362 2463 478 2501 εὐεξίαν,
493 2463 716 2501 ᾳλιιειιιιιιιιιιοιίυιῐι
730 2466 812 2501 etiam
830 2463 896 2493 Rob.
912 2466 1026 2500 Stepha-

238 2508 290 2536 nus
307 2499 332 2526 iii
357 2499 440 2536 variis
453 2499 614 2536 lectionibus
629 2500 775 2536 adnotavit.
792 2500 863 2536 Lego
876 2499 1022 2536 itaquethv

237 2535 317 2568 ἀξίαν
331 2542 390 2570 cum
406 2533 666 2570 Christopho‘rsono,
689 2533 844 2570 Scaligero:
864 2533 980 2564 Gruiero
997 2533 1024 2563 et

239 2571 309 2603 aliis,
337 2569 379 2596 vel
393 2569 442 2606 τὴν
459 2569 584 2603 ἐπαξίαν,
600 2571 674 2606 quod
689 2571 721 2598 ad
734 2569 848 2606 vestigia
864 2572 972 2606 scripta:
990 2571 1025 2597 le-

238 2606 334 2632 cliouis
351 2605 461 2639 propius
472 2605 587 2632 accedit.
598 2605 627 2631 lu
641 2606 733 2633 codice
746 2605 816 2635 Fuk,
830 2607 958 2634 scribitur
978 2606 1025 2633 καὶ

237 2640 285 2673 τὴν
300 2640 389 2673 ἀξίαν.

254 2640 477 2712 ὴῖἳῗςιῗῶιςτοῦ
496 2675 634 2712 Σῳτῆρος
662 2676 925 2712 παραγγελμάτων.
952 2675 1026 2704 Scri-

238 2710 356 2747 bendum
373 2709 480 2747 videtur
495 2709 549 2747 τῶν
562 2712 612 2746 τῆς
635 2709 782 2747 σωτηρίας.
802 2709 831 2739 ιιί
859 2713 884 2739 in
901 2712 1023 2746 margine

239 2745 364 2772 editionis
386 2743 554 2773 Geneveusis
580 2743 736 2774 a'dnotatu'in
756 2752 809 2774 est.
834 2746 926 2774 Possis
942 2743 1022 2774 etiam

239 2780 357 2817 scribere
369 2778 423 2817 τῷν
440 2779 487 2817 τοῦ
500 2780 615 2817 Πατρός.
645 2782 728 2809 Error
750 2783 821 2809 enim
845 2789 878 2809 ex
894 2789 1023 2816 compen-

240 2815 314 2840 diosa
346 2814 480 2842 scribendi
508 2814 612 2844 ratione
638 2823 712 2844 ortus
743 2818 858 2844 videtur.
887 2814 966 2844 Certe
996 2817 1023 2843 in

239 2849 318 2877 codd.
341 2848 436 2883 Regio,
455 2849 536 2883 Fuk.,
557 2856 583 2880 et
599 2852 625 2880 in
648 2852 755 2881 schedis
775 2852 825 2881 hoc
849 2852 910 2880 loco
927 2852 1024 2881 scribi-

241 2890 286 2913 tur
299 2892 356 2921 αγις.

1338 1200 1538 1227 ΚΕΦΛΛΛΙΟΝ
1559 1201 1609 1228 ΙΕ’.

1079 1245 1154 1272 Ὅσα
1175 1247 1191 1272 ὁ
1206 1245 1309 1279 Σωτὴρ
1320 1245 1449 1278 ἐδίδαξε,
1464 1247 1511 1273 καὶ
1531 1247 1800 1281 ἑθιιιιμίιτούρτησε,
1813 1247 1865 1276 καί

1236 1281 1308 1314 τοὺς
1327 1281 1512 1321 ἀρχομένους
1537 1281 1706 1316 ὠφέλησεν.

1111 1337 1165 1364 Καὶ
1188 1337 1240 1373 μὴν
1258 1338 1273 1364 ὁ
1295 1337 1340 1364 τοῦ
1367 1338 1434 1364 Θεοῦ
1459 1339 1613 1374 παρακαλεῖ
1635 1340 1699 1371 παῖς
1724 1339 1792 1374 πρὸς
1816 1339 1866 1375 τὴν

1076 1384 1176 1420 ἀρετὴν
1188 1385 1320 1418 ἅπαντας,
1333 1384 1491 1412 διδάσκαλον
1511 1386 1604 1413 ἑαυτὸν
1618 1387 1673 1418 τοῖς
1691 1384 1719 1413 εὖ
1738 1386 1866 1422 φρονοῦσι

1074 1430 1128 1458 τῶν
1145 1429 1191 1456 τοῦ
1212 1430 1338 1465 Σωτῆρος
1360 1431 1596 1467 παραγγελμάτων
1617 1431 1653 1468 (2)
1676 1432 1816 1464 καθιστάς·
1841 1434 1866 1460 ει

1077 1475 1114 1512 μὴ
1131 1476 1185 1511 ἄρα
1201 1475 1366 1511 λανθάνομεν
1385 1477 1506 1509 ἑαυτοὺς,
1524 1477 1616 1509 κακῶς
1635 1477 1804 1512 ἀγνοοῦντες.
1824 1479 1865 1505 ὃτι

1074 1523 1118 1550 διὰ
1129 1523 1158 1550 τὸ
1167 1524 1231 1558 ἡμῖν
1244 1523 1391 1559 συμφέρον,
1403 1523 1525 1550 τουτέστι
1537 1523 1580 1550 διὰ
1591 1523 1640 1559 τὴν
1649 1524 1703 1550 τῶν
1715 1523 1865 1559 ἀνθρώπων

1077 1569 1275 1605 μακαριότητα,
1291 1569 1341 1605 τὴν
1355 1569 1407 1604 γῆν
1424 1569 1626 1605 περιενόστησε,
1643 1570 1689 1596 καὶ
1703 1570 1819 1602 καλέσας
1828 1571 1866 1602 ὡς

1076 1615 1169 1642 ἑαυτὸν
1177 1616 1239 1647 τοὺς
1249 1614 1376 1650 ἀρίστους
1382 1615 1435 1642 τῶν
1444 1615 1590 1651 τηνικαῦτα
1600 1616 1737 1651 βιωψελῶν
1745 1617 1795 1650 (3),
1803 1625 1865 1643 παι-

1075 1660 1148 1687 δείαν
1164 1661 1316 1693 ἐπαίδευσε,
1326 1661 1463 1697 σώιρρονος
1475 1661 1532 1697 βίου
1545 1663 1700 1698 φάρμακον,
1714 1663 1804 1689 πίστιν
1817 1664 1864 1690 καὶ

1075 1707 1246 1742 δικαιοσύνην
1261 1707 1515 1741 αὑτοῦςέκδιδάξας,
1526 1709 1637 1745 ἀντικρὺ
1647 1708 1693 1735 τοῦ
1709 1709 1740 1735 ἐκ
1755 1709 1805 1743 τῆς
1819 1710 1866 1735 ἁν-

1075 1752 1232 1788 τικειμένης
1250 1752 1355 1786 φύσεως
1368 1752 1476 1787 φθόνου,
1488 1750 1509 1787 ᾧ
1520 1753 1652 1787 δελεάζειν
1666 1754 1757 1790 (4)καὶ
1765 1755 1866 1788 ἐξαπα-

1074 1799 1124 1833 τᾷν
1139 1798 1201 1830 τοὺς
1215 1798 1343 1833 ἀπείρους
1357 1799 1512 1834 προσφιλές,
1537 1799 1690 1836 Τοιγαροῦν
1719 1801 1865 1833 νοσοῦντας

1077 1844 1126 1879 μὲν
1149 1843 1342 1876 ἐπεσκέπτετο,
1366 1843 1524 1879 ἀρρώστους
1547 1845 1575 1871 δὲ
1602 1846 1656 1872 τῶν
1681 1846 1864 1882 περιεχόντων

1075 1889 1168 1916 κακῶν
1196 1889 1339 1924 ἐκούφιζε,
1378 1891 1562 1926 παρεμυθεῖτο
1595 1891 1623 1918 δὲ
1655 1892 1702 1918 καὶ
1731 1892 1795 1924 τοὺς
1823 1893 1863 1925 εἰς

1074 1932 1220 1969 τοῦσχατον
1252 1934 1346 1965 πενίας
1379 1943 1407 1961 τε
1431 1935 1477 1962 καὶ
1504 1935 1619 1971 ἀπορίας
1648 1936 1862 1972 προϐεϐηκότας,

1076 1981 1170 2017 ἐπῄνει
1180 1981 1208 2008 δὲ
1223 1981 1254 2008 τὸ
1270 1981 1338 2016 μετὰ
1352 1981 1430 2016 λόγου
1446 1981 1483 2017 (5)
1497 1981 1547 2016 τῆς
1567 1982 1724 2017 φρονήσεως
1742 1982 1860 2018 μέτριον,

1113 2081 1151 2115 (3)
1167 2079 1228 2106 Τῶν
1241 2078 1403 2113 τηνικαῦτα
1414 2079 1581 2115 βιῳφελῶιλ.
1598 2078 1861 2113 Christophonsonus

1077 2114 1150 2143 hunc
1169 2115 1255 2141 locum
1270 2117 1305 2141 ita
1322 2115 1422 2141 vertit:
1438 2114 1470 2140 Et
1489 2122 1521 2141 ex
1543 2115 1597 2140 illis
1618 2115 1663 2149 qui
1690 2115 1718 2141 id
1737 2117 1860 2148 temporis

1076 2150 1211 2178 hominum
1227 2150 1285 2176 vita:
1298 2149 1448 2183 adjumenlo
1466 2149 1586 2183 fuerunt.
1602 2149 1678 2183 longe
1687 2149 1799 2183 optimos
1810 2150 1859 2175 ad-

1077 2193 1180 2212 vocasse
1196 2185 1229 2211 ad
1245 2193 1281 2211 se.
1299 2184 1351 2211 Sed
1365 2185 1425 2218 quis
1439 2192 1554 2215 unquam
1567 2185 1603 2211 ita
1617 2185 1721 2211 locutus
1734 2189 1786 2216 est,
1798 2185 1862 2216 τοὺς

1076 2221 1204 2256 ἀρίστους
1215 2219 1270 2256 τῷν
1286 2219 1445 2254 βιωφελῶνῖ
1474 2219 1561 2256 Quare
1588 2227 1639 2256 non
1664 2219 1770 2256 dubito,
1784 2220 1861 2256 quin

1078 2254 1153 2282 locus
1170 2255 1206 2281 ita
1224 2254 1428 2289 distingueml‘us
1443 2259 1469 2280 et
1488 2255 1665 2287 corrigendus
1680 2255 1724 2284 sit.
1748 2255 1795 2281 καὶ
1811 2263 1861 2281 κα-

1074 2291 1153 2322 λέσας
1171 2289 1208 2321 ὡς
1223 2289 1318 2315 ἑαυτὸν
1332 2289 1394 2325 τοὺς
1408 2289 1535 2325 ἀρίστους
1546 2289 1599 2316 τῶν
1616 2289 1776 2324 τηνικαῦτα,
1791 2289 1856 2324 βιω-

1074 2326 1142 2361 φελῆ
1167 2324 1290 2351 παιδείαν
1312 2324 1466 2361 ἐπαίδευσε,
1492 2325 1587 2361 idest,
1611 2324 1643 2361 Et
1666 2325 1859 2361 optimilrilliurs

1075 2359 1198 2393 temporis
1212 2361 1274 2386 viris
1290 2360 1323 2386 ad
1344 2368 1371 2386 se
1395 2359 1555 2391 convocatis,
1573 2359 1740 2387 utilissimam
1761 2360 1861 2386 doctri-

1074 2404 1135 2422 nam
1151 2395 1274 2422 tradidit.
1287 2395 1314 2421 In
1329 2395 1389 2422 libr.
1403 2394 1506 2422 Fuketii
1519 2402 1550 2421 ac
1561 2394 1682 2422 Turnebi
1701 2395 1797 2430 legitur
1805 2394 1859 2421 τῶν

1109 2430 1209 2457 νικάδε.
1396 2431 1402 2437 ’

1245 2461 1269 2497 ᾧ
1276 2463 1525 2501 δελεάζεινμένζιιι
1534 2464 1594 2491 libr.
1603 2464 1760 2501 Turnebiac
1768 2464 1858 2492 Morzi

1075 2499 1383 2535 eniehdatu’rﬁakadﬁew
1400 2500 1447 2526 καὶ
1463 2499 1609 2535 ἐξαπατᾷν,
1630 2505 1682 2527 etc.
1706 2499 1797 2527 Codex
1814 2508 1859 2527 au-

1079 2543 1133 2564 tem
1151 2535 1219 2563 Fuk.
1270 2535 1405 2568 δελεάζειν
1428 2535 1474 2562 καὶ
1500 2533 1637 2571 ὲξαπὸιτᾷν
1667 2535 1769 2562 rectius
1788 2536 1859 2563 scri-

1093 2576 1147 2599 tum
1162 2572 1251 2598 habet.

1073 2579 1147 2607 ptum
1162 2579 1251 2598 mmet.

1110 2606 1148 2641 (5)
1167 2605 1203 2633 Τὸ
1219 2606 1294 2640 μετὰ
1314 2606 1417 2641 λόγου.
1434 2605 1461 2632 In
1489 2605 1608 2632 editione
1620 2604 1653 2631 R.
1669 2605 1798 2641 Stephani
1810 2613 1858 2633 ex-

1075 2640 1170 2668 cusum
1193 2647 1252 2668 erat
1276 2641 1306 2666 τὸ
1324 2640 1392 2675 μετὰ
1406 2640 1484 2674 λόγου
1497 2641 1546 2676 τῆς
1565 2640 1721 2676 φρονήσεως
1739 2640 1858 2676 μέτριον,

1074 2684 1154 2708 quam
1167 2676 1328 2710 scripturam
1346 2676 1507 2703 conﬁrmant.
1520 2677 1599 2702 etiam
1617 2676 1714 2709 Regius
1733 2676 1811 2703 codd.
1833 2681 1861 2703 et

1071 2711 1152 2742 Fuk.,
1175 2715 1202 2738 et
1223 2709 1337 2738 Scitetlze.
1361 2710 1414 2738 Sed
1438 2712 1464 2738 in
1489 2711 1556 2738 libro
1582 2709 1672 2737 Murali
1684 2711 1858 2738 emendatum

1072 2747 1161 2774 iuveni
1187 2747 1244 2781 μετ’
1271 2745 1391 2780 εὐλόγου.
1416 2745 1499 2779 Quam
1520 2745 1735 2781 emendationem
1763 2745 1860 2781 nescio

1073 2789 1121 2809 cur
1136 2779 1307 2809 Getievcnses
1325 2779 1351 2807 in
1367 2786 1466 2807 textum
1488 2781 1665 2807 admiserunt.
1688 2779 1744 2815 Τῆς
1757 2780 1864 2816 φρονή-

1074 2789 1121 2809 cur
1136 2788 1307 2809 ueuevcnses
1325 2789 1351 2807 ιιι
1367 2788 1466 2807 textum
1488 2788 1665 2807 admiserunt.
1688 2788 1744 2815 ·ιης
1757 2788 1859 2842 footin-

1074 2825 1142 2849 σεως
1158 2816 1275 2852 μέτριον,
1292 2816 1361 2843 idem
1377 2821 1418 2843 est
1438 2816 1506 2849 quod
1524 2816 1738 2850 μετριοφρονεῖν.
1770 2816 1859 2843 ’aulul

1073 2851 1214 2888 apostolus
1227 2851 1292 2879 dicit
1305 2859 1396 2886 sapere
1415 2854 1449 2878 ad
1465 2851 1639 2877 sobrietatem.
