2001 3168
213 134 284 163 1283

563 130 701 160 EUSEBII
719 130 958 161 ClESARIENSlS
977 131 1054 160 OPP.
1073 131 1167 160 PARS
1184 131 1208 161 Ι.
1225 147 1261 153 -
1279 132 1474 163 HISTORICA.

1769 135 1841 164 ius

211 192 257 226 qui
272 198 288 219 ο
302 189 454 218 Gentilibus
465 188 612 224 plurimum
626 188 801 216 celebrantur
824 196 871 216 seu
889 189 988 221 sapien‘

1047 198 1092 216 vou
1108 188 1204 224 σοφίας
1214 189 1348 224 γενέσθαι.
1363 189 1526 225 Πυθαγόρας
1537 189 1592 226 γὰρ
1603 189 1652 225 τὴν
1668 190 1775 218 ἐκείνου
1795 200 1842 218 σο-

213 244 254 266 tes
291 246 338 266 seu
372 236 533 273 philosophi,
563 235 703 270 sapientia:
729 236 800 263 illius
825 236 997 263 aemulatores

211 283 375 312 exstiterint.
392 282 565 317 Pythagoras
578 288 652 310 certe
663 283 828 318 sapientiam
843 282 901 316 ejus
913 290 997 309 aemu-

210 331 291 363 latus,
306 330 445 357 modestite
459 337 544 357 causa
562 334 704 364 tantopere
723 329 881 357 celebratus
898 333 952 361 est,
967 333 996 356 ut

210 378 286 406 Plato
302 378 343 405 vir
363 377 593 409 modestissimus,
619 376 813 405 abstinentiam
839 375 910 403 illius
922 375 998 403 velut

209 424 362 457 exemplum
382 424 433 451 sibi
454 423 488 451 ad
512 423 676 450 imitandum
702 427 878 458 proponeret.
902 421 995 449 Daniel

210 477 329 505 quoque,
343 469 383 503 tis
397 470 443 503 qui
470 469 560 496 futura
573 469 711 504 praedixit,
725 473 753 496 et
767 469 812 503 qui
829 476 941 496 summa:
951 475 997 495 Cll-

206 515 312 550 jusdam
328 514 525 550 magnitudinis
552 514 636 541 animi
650 514 787 548 specimen
813 514 912 546 edidit,
937 521 995 540 mo-

208 569 323 596 rumque
341 565 369 588 et
386 561 468 588 totius
481 561 544 588 vitae
557 560 703 588 sanctitate
719 559 861 593 excelluit,
885 560 992 594 qualem

208 611 235 634 et
251 615 331 641 quam
356 614 480 641 asperam
504 606 613 641 tyranni
631 606 703 633 illius
717 606 763 640 qui
780 603 836 632 tum
864 607 891 633 in
915 605 994 642 Syria

209 652 410 686 dominabatur,
438 653 569 680 saevitiam
602 652 743 688 superavit
766 652 778 679 ?
801 651 905 680 Nomen
930 653 994 680 huic

209 703 269 725 erat
285 697 534 725 Nabuchodonosor
549 706 557 731 ;
581 697 658 731 cujus
680 697 767 732 stirpe
780 698 854 725 omni
871 698 993 725 funditus

207 744 306 777 deleta,
332 745 428 780 ingens
459 743 503 771 illa
536 749 564 772 et
590 745 769 773 formidabilis
808 745 929 779 potentia
959 746 992 772 ad

206 791 303 818 Persas
321 790 449 818 translata
463 795 513 817 est.
541 791 627 818 Erant
649 793 676 818 in
709 799 756 819 ore
771 791 905 824 omnium,
923 792 993 819 sicut

207 838 233 865 in
252 838 324 864 hunc
340 844 423 870 usque
447 837 517 863 diem
534 837 625 865 multis
652 838 792 865 hominum
820 839 991 866 sermonibus

207 883 387 914 celebrantur,
416 891 482 916 opes
507 883 578 917 regis
603 883 698 916 illius;
727 888 754 910 et
778 883 851 911 circa
869 884 991 910 illicitam

207 929 362 963 religionem
376 928 528 963 importuna
555 929 696 960 sedulitas,
721 935 749 956 et
774 930 807 956 ad
834 929 992 956 fabricanda

205 975 320 1002 deorum
336 974 483 1002 simulacra
511 975 606 1010 ingens
628 976 706 1010 copia
734 976 868 1010 cujusque
884 975 992 1010 generis

206 1022 398 1048 metallorum:
418 1022 581 1057 templorum
608 1021 673 1048 item
700 1021 819 1049 culmina
835 1020 934 1048 malum
949 1021 991 1055 ip-

206 1074 278 1099 sum,
297 1072 326 1094 ut
339 1070 373 1094 Ita
387 1067 486 1100 dicam,
503 1067 687 1102 contingentia
710 1076 716 1100 ;
745 1067 929 1094 formidabiles
943 1067 991 1094 de-

206 1114 286 1148 nique
308 1113 447 1148 religionis
464 1114 551 1148 leges,
568 1119 595 1140 et
613 1113 645 1140 ad
662 1114 795 1141 sa-vitiam
812 1119 989 1147 comparata).

205 1158 305 1186 Verum
320 1159 376 1186 hzec
391 1160 482 1186 omnia
499 1159 534 1186 ob
547 1159 681 1187 sinceram
711 1159 737 1186 in
762 1158 844 1186 Deum
860 1159 990 1194 pietatem

205 1205 298 1232 Daniel
315 1211 505 1237 contemnens.
525 1207 712 1239 importunum
727 1205 791 1232 illud
810 1205 917 1240 tyranni
934 1209 991 1231 stu-

205 1250 290 1282 dium,
304 1250 458 1285 gravissimi
475 1251 617 1285 cujusdam
635 1249 698 1276 mali
715 1257 825 1277 causam
842 1250 900 1277 fore
917 1257 989 1285 prze-

204 1296 282 1323 dixit.
298 1295 354 1324 Nec
372 1301 459 1323 tamen
477 1300 593 1332 tyranno
611 1296 758 1330 persuasit.
775 1295 863 1330 Opum
889 1296 991 1330 quippe

203 1340 350 1373 afﬂuentia,
366 1343 487 1370 maximo
503 1342 697 1377 impedimento
716 1347 757 1370 est
782 1342 814 1369 ad
833 1348 908 1370 recte
925 1349 988 1370 sen-

204 1388 337 1416 tiendum.
355 1387 477 1416 Tandem
493 1395 557 1416 vero
576 1388 677 1416 mentis
697 1395 754 1416 sua:
777 1388 914 1416 feritatem
938 1396 987 1416 rex

203 1433 368 1466 declaravit,
382 1433 487 1466 justum
501 1438 582 1468 atque
600 1434 734 1461 insontem
750 1434 816 1461 feris
835 1434 932 1461 bestiis
949 1434 990 1460 la-

203 1479 333 1506 niandum
356 1478 436 1513 ohjici
457 1479 562 1513 iubens.
584 1478 711 1506 Fratrum
737 1479 801 1506 item
831 1479 937 1507 illorum
962 1479 989 1507 in

203 1525 336 1560 martyrio
349 1524 490 1552 subeundo
506 1525 660 1557 consensio,
677 1532 806 1560 generosa
829 1524 881 1552 fuit
906 1525 989 1560 inpri-
1003 1540 1025 1570 ο

203 1569 264 1597 mis.
291 1569 363 1603 Quos
379 1569 479 1605 posteri
495 1569 624 1604 deinceps
641 1570 751 1603 imitati,
778 1571 914 1606 ingentem
931 1571 988 1605 glo-

203 1616 272 1642 riam
286 1616 320 1642 ob
335 1616 413 1643 fidem
428 1623 491 1652 erga
506 1616 682 1644 Servatorem
695 1615 858 1644 retulerunt.
883 1617 932 1650 Qui
955 1617 989 1644 ab

203 1661 266 1697 igne
283 1666 311 1689 et
326 1661 436 1689 fornace
462 1662 622 1696 exterisque
643 1663 811 1690 cruciatibus
829 1663 862 1690 ad
888 1670 987 1690 consu-

203 1710 301 1736 menda
318 1709 441 1744 ipsorum
457 1717 572 1744 corpora
592 1709 758 1744 comparatis
775 1709 930 1737 nullatenus
944 1710 988 1736 lte-

203 1756 238 1787 si,
254 1755 372 1782 inclusas
387 1756 507 1790 undique
522 1756 549 1782 in
563 1755 673 1783 fornace
686 1755 821 1788 ﬂammas,
849 1761 986 1783 castorum

203 1808 348 1836 corporum
361 1802 467 1837 obiectu
487 1807 669 1836 contactuque
687 1802 878 1838 propulerunt.
901 1802 987 1829 Porro

202 1848 375 1883 Assyriorum
394 1849 506 1882 imperio
533 1849 581 1877 Dei
611 1849 714 1877 ultione
737 1854 766 1876 et
782 1849 926 1875 fulminum
949 1849 988 1883 ja-

202 1893 290 1920 ctihns
309 1893 413 1926 exciso,
430 1893 522 1922 Daniel
550 1895 641 1922 divina
670 1894 838 1929 providentia
860 1894 893 1921 ad
909 1894 988 1921 Cam-

202 1938 295 1974 bysem
316 1939 470 1966 Persarum
499 1947 590 1975 regem
620 1948 649 1968 se
685 1940 812 1968 contulit.
845 1939 895 1966 Hic
922 1947 986 1967 vero

202 1985 285 2011 etiam
306 1985 380 2012 illum
395 1986 503 2013 vexavit
518 1986 619 2013 invidia
632 2007 640 2017 .
655 1991 683 2013 et
702 1987 829 2014 exitiales
844 1993 985 2021 magorum

202 2031 322 2064 insidiae,
338 2036 366 2058 et
383 2031 527 2058 multorum
543 2032 780 2068 maximorumque
796 2032 985 2060 discriminum

202 2077 331 2104 continua
368 2078 515 2105 successio.
541 2077 646 2111 Quibus
672 2078 809 2110 omnibus.
839 2077 986 2111 adjuvante

191 2121 303 2150 'Christi
328 2123 510 2158 providentia,
539 2122 671 2150 facillime
699 2123 828 2150 liberatus
853 2123 931 2159 591
957 2123 985 2151 in

202 2168 275 2196 omni
289 2175 388 2204 genere
400 2168 510 2196 virtutis
534 2174 672 2204 spectatus
697 2169 804 2196 enituit.
828 2168 895 2196 Nam
920 2177 983 2196 cum

202 2257 298 2285 Scribe
314 2257 396 2292 igitur
412 2257 480 2293 ἦτοι
493 2257 589 2292 σοφοὺς
602 2258 618 2293 ἢ
636 2258 682 2284 κα).
701 2257 877 2292 φιλοσόφους,
892 2257 917 2284 id
931 2262 983 2291 est,

201 2300 247 2321 seu
257 2293 395 2325 sapientes,
409 2301 455 2319 seu
469 2293 634 2326 philosophos
651 2293 727 2320 malis
738 2293 834 2318 dicere.

237 2327 296 2364 (‘25)
312 2327 436 2364 Aarth
452 2327 495 2354 δέ.
519 2327 663 2364 Postquam
689 2327 726 2364 de
747 2326 884 2364 [Egyptiis
905 2331 932 2354 et
951 2327 984 2355 de

201 2362 335 2397 Memphis
349 2363 456 2390 excidio
478 2363 556 2395 dixit,
579 2363 676 2390 transit
694 2363 727 2389 ad
753 2362 880 2396 Assyrios
900 2367 926 2389 et
950 2365 983 2389 ad

201 2398 348 2433 Babylonis
363 2399 553 2425 vastationem.
571 2398 603 2424 Et
616 2399 760 2425 occasione
773 2398 882 2431 quidem
897 2397 982 2433 Egy-

201 2432 330 2468 ptiortlnt,
341 2433 439 2468 Moysis
453 2433 632 2460 laudationem
647 2434 770 2460 inseruit.
783 2432 858 2459 Nunc
875 2440 938 2460 vero
950 2432 983 2460 de

201 2469 319 2504 Assyriis
348 2475 440 2502 agens,
474 2468 593 2504 Danielis
611 2468 709 2504 laudes
727 2468 907 2504 exsequitur,
936 2468 982 2502 qui

201 2503 270 2538 apud
287 2504 412 2537 Assyrios
428 2510 475 2530 seu
488 2503 650 2538 Babylonios
662 2503 784 2538 captivus
797 2503 875 2530 vixit.

237 2538 292 2574 (26)
317 2538 343 2564 '0
357 2537 469 2572 Δανιὴλ
483 2537 722 2574 καταφρονήσας.
744 2537 810 2565 Post
831 2537 888 2574 hate
900 2538 979 2574 verba

200 2572 369 2608 antiquarius
382 2575 427 2608 qui
446 2574 564 2600 codicem
578 2573 690 2608 Regium
716 2573 870 2607 descripsit,
892 2572 980 2599 offen-

201 2616 247 2634 sus
260 2609 417 2635 mendorum
434 2608 606 2635 multitudine
621 2608 718 2642 quibus
735 2608 871 2641 exemplar
890 2613 980 2634 scate—

201 2643 256 2674 bat,
274 2644 316 2670 hic
334 2643 412 2670 linem
429 2643 563 2670 scribendi
589 2643 662 2670 fecit.
690 2643 777 2676 Atque
800 2643 852 2670 hoc
866 2647 980 2671 testatus

202 2685 242 2703 est
257 2679 297 2704 his
313 2679 402 2704 verbis
424 2679 457 2704 ad
479 2678 560 2704 imam
580 2679 703 2711 paginam
730 2678 898 2710 appositis...
912 2684 980 2711 ησας

202 2713 268 2748 me;
279 2713 308 2739 τὸ
323 2713 439 2746 πέλαγος
456 2712 509 2740 τῶν
523 2713 686 2748 σφαλμάτων
698 2712 743 2739 τοῦ
757 2712 868 2748 βιϐλίου,
885 2712 980 2748 ὲγπέχον

201 2746 249 2781 τῆν
271 2749 348 2781 χεῖρα.
377 2748 422 2774 τοῦ
446 2748 572 2783 γράφειν,
594 2746 635 2774 ὅτι
661 2748 743 2783 μηδὲν
758 2746 840 2781 ’ὑγιὲς
862 2747 924 2781 ἐνῆν
941 2746 980 2781 τῷ

201 2783 378 2818 πρωτοτύπῳ,
393 2782 482 2813 καθὼς
490 2784 521 2808 ἐκ
537 2783 590 2809 τῶν
601 2783 760 2818 γραφέντων
771 2783 828 2809 ἐστι
842 2782 980 2818 τεκμῄρα-

202 2818 262 2842 σθαι
282 2818 342 2847 τοὺς
352 2818 596 2850 ἀναγινώσκοντας.

237 2851 291 2886 (27)
304 2851 381 2886 Vulg.
397 2851 603 2887 ἀναιρεθείσης
618 2853 771 2888 κεραυνῶν
779 2852 870 2887 βολῇ.
881 2852 977 2880 Nescio

1048 234 1111 268 φίαν
1126 234 1323 269 μιμησάμενος,
1346 236 1386 267 εἰς
1398 234 1524 261 τοσοῦτον
1539 235 1586 261 ἐπὶ
1602 235 1762 272 σωφροσύνῃ
1781 237 1842 264 δια-

1047 280 1185 315 ϐεϐόηται,
1208 280 1277 307 ὥστε
1301 280 1399 316 καὶτῷ
1416 281 1629 317 σωφρονεστάτῳ
1643 282 1764 309 Πλάτωνι
1784 292 1839 310 πα-

1048 325 1181 360 ράδειγμα
1197 326 1246 361 τὴν
1259 326 1353 352 ἑαυτοῦ
1367 326 1530 362 ἐγκράτειαν
1542 327 1720 363 καταστῆσαι.
1735 329 1838 365 Δανιὴλ

1045 370 1068 396 δ’
1086 370 1142 405 (25)
1155 372 1169 397 ὁ
1185 371 1315 403 θεσπίσας
1334 372 1368 398 τὰ
1382 371 1522 406 μέλλοντα,
1538 372 1584 399 καὶ
1601 372 1651 407 τῆς
1666 373 1838 410 ὲξοχωτάτης

1048 415 1247 452 μεγαλοψυχίας
1257 417 1384 453 ἐργάτης,
1398 417 1471 451 ὴοῶν
1487 426 1516 443 τε
1529 418 1575 444 καὶ
1590 418 1689 450 παντὸς
1699 419 1756 453 βίου
1773 419 1839 447 κάλ-

1045 462 1085 489 λει
1105 463 1266 498 διαπρέψας,
1285 463 1370 498 πόσην
1387 463 1447 490 τινὰ
1468 464 1515 490 καὶ
1530 464 1590 496 πῶς
1604 467 1732 500 τραχεῖαν
1747 475 1836 501 κατη-

1045 508 1178 542 γωνίσατο
1191 509 1350 545 δυσχέρειαν
1365 509 1412 536 τοῦ
1426 510 1497 536 κατὰ
1508 511 1606 546 Συρίαν
1620 511 1679 538 τότε
1687 512 1836 547 τυράννου

1047 556 1152 591 Ὄνομσ.
1168 557 1190 583 δ’
1206 556 1302 591 ἐκείνῳ
1319 556 1553 592 Ναϐουχοδονόσορ
1568 555 1612 592 ἦν,
1629 553 1660 584 οὗ
1675 558 1766 594 πάσης
1784 559 1837 593 τῆς

1044 603 1140 636 γενεᾶς
1167 602 1383 638 ὲξαλειφθείσης,
1410 603 1426 638 ή
1458 603 1542 639 σεμνὴ
1572 604 1619 630 καὶ
1643 604 1837 640 ὑπερμεγέθης

1043 648 1134 683 ἐκείνη
1148 649 1261 684 δύναμις
1278 649 1346 684 πρὸς
1362 650 1424 680 τοὺς
1441 649 1549 685 Πέρσας
1563 649 1665 685 διῆλθε.
1688 641 1834 686 Διᾶϐόητος

1043 695 1098 730 γὰρ
1114 693 1148 730 ἧν
1167 696 1212 722 καὶ
1230 696 1292 731 ἄχρι
1309 695 1356 721 νῦν
1376 696 1449 721 ἐστὶν
1468 696 1482 722 ὁ
1505 695 1619 727 πλοῦτος
1632 696 1678 722 τοῦ
1690 698 1833 733 τυράννου,

1043 742 1089 768 καὶ
1103 742 1119 776 ἡ
1133 742 1246 776 ἄκαιρος
1261 742 1325 776 περὶ
1342 741 1390 776 τὴν
1408 742 1457 777 μὲν
1470 741 1583 768 δέουσαν
1612 741 1759 778 θρησκείαν
1772 745 1834 771 ἐπι-

1044 787 1147 822 μέλεια,
1165 787 1302 821 μετάλλων
1326 796 1355 814 τε
1380 787 1557 814 παντοδαπῶν
1571 789 1745 825 οὐρανομήκη
1765 790 1836 825 ὑψώ-

1044 842 1126 868 ματα,
1139 833 1246 868 φρικτοί
1261 842 1289 859 τε
1303 834 1348 860 καὶ
1361 833 1430 868 πρὶς
1446 833 1608 869 ὼμότηταοί
1623 836 1671 870 τῆς
1686 835 1834 871 θρησκείας

1044 879 1214 910 συντεθέντες
1229 879 1322 914 νόμοι·
1340 876 1378 906 ὧν
1394 880 1501 906 πάντων
1518 880 1532 905 ὁ
1550 880 1648 916 Δανιὴλ
1661 883 1834 918 καταφρονή-

1044 934 1093 957 σας
1109 925 1164 960 (9.5)
1179 925 1222 952 διὰ
1238 925 1287 961 τὴν
1299 925 1432 960 ἄχραντον
1446 926 1514 961 πρὸς
1527 926 1572 952 τὸν
1584 926 1666 958 δντως
1675 927 1740 954 θεὸν
1755 928 1834 954 εὗσέ-

1043 971 1130 1001 ϐειαν.
1151 972 1200 1007 τὴν
1217 972 1329 1007 ἄκαιρον
1351 972 1396 998 τοῦ
1414 973 1544 1008 τυράννου
1563 973 1688 1008 σπουδὴν,
1715 975 1833 1008 μεγάλου

1042 1018 1113 1050 τινὸς
1139 1018 1224 1044 κακοῦ
1241 1018 1373 1054 ἐσομένην
1397 1019 1485 1045 αἰτίαν
1509 1020 1687 1055 ἐμαντεύετο·
1710 1021 1766 1047 ἀλλ’
1783 1022 1834 1048 οὐκ

1042 1063 1133 1089 ἔπειθε
1147 1063 1192 1090 τὸν
1208 1064 1354 1099 τύραννον·
1373 1066 1387 1091 ὁ
1409 1064 1463 1101 γὰρ
1481 1064 1596 1099 ἄφθονος
1614 1065 1728 1098 πλοῦτος
1745 1067 1833 1101 ἐμπό-

1041 1107 1096 1134 διον
1122 1108 1190 1144 πρὸς
1211 1109 1241 1135 τὸ
1253 1109 1342 1141 καλῶς
1357 1106 1464 1145 φρονεῖν
1478 1109 1604 1146 ὑπάρχει.
1624 1111 1705 1143 Τέλος
1721 1111 1786 1146 γοῦν
1803 1111 1833 1138 τὸ

1041 1154 1135 1190 ἄγριον
1153 1156 1202 1190 τῆς
1217 1155 1312 1182 ἑαυτοῦ
1325 1155 1442 1188 διανοίας
1455 1156 1469 1181 ὁ
1480 1155 1613 1191 δυνάστης
1628 1156 1751 1192 ἐξέφηνε,
1767 1156 1834 1194 θηρ-

1043 1201 1084 1227 σὶν
1098 1200 1203 1236 ἀγρίοις
1216 1201 1428 1237 διαλυμανθῆναι
1441 1201 1485 1228 τὸν
1498 1201 1599 1229 δίκαιον
1610 1203 1749 1234 κελεύσας.
1767 1203 1832 1230 Γεν-

1041 1245 1102 1272 ναία
1114 1253 1145 1279 γε
1162 1246 1215 1281 μὴν
1230 1246 1277 1273 καὶ
1289 1246 1369 1282 ἡτῶν
1381 1246 1502 1281 ἀδελφῶν
1516 1247 1544 1274 ἐν
1554 1246 1592 1282 τῷ
1609 1249 1755 1283 μαρτυρεῖν
1767 1248 1834 1283 ὀμο-

1041 1290 1127 1323 δοξία’
1146 1291 1193 1323 οὓς
1213 1293 1237 1318 οἱ
1261 1291 1329 1327 μετὰ
1348 1291 1434 1319 ταῦτα
1455 1292 1636 1328 ζηλώσαντες,
1655 1294 1831 1330 ὑπερμεγέθη

1041 1337 1120 1370 δόξαν
1138 1339 1186 1374 τῆς
1210 1339 1278 1374 πρδς
1300 1338 1345 1365 τὸν
1361 1339 1474 1374 Σωτῆρα
1488 1339 1605 1372 πίστεως
1624 1340 1741 1376 ῇραντο·
1764 1341 1833 1376 πυρὶ

1041 1385 1086 1411 καὶ
1100 1385 1207 1420 καμίνῳ
1217 1385 1263 1411 καὶ
1276 1387 1330 1416 τοῖς
1342 1387 1381 1417 εἰς
1393 1385 1423 1411 τὸ
1439 1386 1534 1419 φαγεῖν
1549 1386 1646 1417 αὐτοὺς
1657 1386 1833 1422 τεταγμένοις

1040 1431 1136 1462 δεινοῖς
1151 1431 1265 1466 ἀδῄωτοι
1283 1431 1421 1464 φανέντες.
1433 1431 1502 1466 ἁγνῇ
1518 1439 1547 1457 τε
1566 1432 1698 1466 σωμάτων
1716 1433 1833 1467 προσδο-

1041 1476 1074 1511 λῇ
1091 1476 1121 1502 τὸ
1138 1476 1370 1512 ὲμπεριεχόμενον
1384 1478 1416 1512 τῇ
1437 1477 1545 1512 καμίνῳ
1562 1477 1618 1513 πῦρ
1631 1477 1831 1513 ἀπωθούμενα.

1041 1522 1139 1558 Δανιὴλ
1154 1522 1181 1548 δὲ
1199 1522 1270 1548 κατὰ
1290 1522 1339 1557 τὴν
1353 1522 1502 1549 κατάλυσιν
1517 1525 1566 1558 τῆς
1590 1523 1737 1559 Ἀσσυρίων
1754 1524 1831 1560 βασι-

1041 1567 1124 1599 λείας,
1138 1568 1326 1603 ἀναιρεθείσης
1337 1569 1476 1604 κεραυνῶν
1489 1569 1652 1604 βολαῖς(27),
1664 1570 1710 1596 ἐπὶ
1721 1570 1833 1606 Καμόύ.

1041 1621 1089 1648 σην
1101 1613 1147 1639 τὸν
1160 1613 1270 1649 Περσῶν
1284 1613 1394 1648 βασιλέα
1408 1615 1538 1650 μετῆλθεν
1554 1616 1585 1641 ὲκ
1602 1615 1677 1647 θείας
1687 1617 1830 1651 προνοίας·

1040 1661 1135 1695 φθόνος
1151 1661 1178 1687 δὲ
1192 1661 1408 1694 κὰνταῠΟα,->;αὶ
1423 1662 1490 1697 πρός
1505 1671 1536 1697 γε
1550 1662 1590 1697 τῷ
1602 1662 1701 1698 φθόνῳ,
1713 1663 1831 1698 ὀλέθριοι

1038 1707 1142 1741 Μάγων
1160 1707 1309 1738 ἐπιϐουλαὶ,
1330 1708 1451 1742 διαδοχαὶ
1471 1716 1500 1734 τε
1515 1708 1644 1735 κινδύνων
1662 1709 1784 1744 μεγάλων
1800 1718 1829 1736 τε

1039 1754 1086 1780 καὶ
1101 1753 1203 1780 πολλῶν
1216 1762 1222 1769 '
1244 1753 1274 1786 ὲξ
1295 1751 1332 1780 ὧν
1349 1754 1467 1786 πάντων,
1485 1754 1682 1789 συναιρομένης
1696 1757 1746 1790 τῆς
1763 1756 1831 1792 Χρι-

1039 1799 1100 1826 στοῦ
1115 1800 1242 1834 προνοίας
1254 1800 1349 1832 σωθεὶς
1362 1800 1482 1836 εὐχερῶς
1493 1801 1622 1832 παντοίας
1636 1801 1736 1836 ἀρετῆς
1747 1803 1829 1838 πείρα

1037 1845 1190 1881 διέπρεψεν.
1206 1846 1236 1872 Οἱ
1252 1845 1348 1882 γάρτοι
1360 1846 1460 1880 Μείιγοι1
1478 1847 1538 1882 τρὶς
1559 1847 1608 1882 τῆς
1624 1847 1729 1882 ἡμέρας
1749 1849 1827 1883 εὐχο-

1039 1892 1119 1927 μένου
1134 1891 1181 1917 τοῦ
1194 1891 1300 1926 ἀνδρὸς,
1317 1891 1437 1926 μεγάλας
1459 1900 1489 1917 τε
1511 1892 1557 1918 καὶ
1575 1891 1709 1924 ἐξαισίους
1727 1893 1828 1927 ἀρετὰς

1038 1937 1094 1972 (28)
1121 1936 1374 1972 ὰξιομνημονεύτων
1399 1937 1485 1973 ἔργων
1509 1938 1714 1974 κατορθοῦντος,
1742 1939 1828 1973 αὐτὴν

1035 1984 1085 2019 τὴν
1100 1983 1154 2010 τῶν
1172 1983 1258 2018 εὐχῶν
1282 1983 1416 2017 ὲπίτευξιν
1443 1983 1532 2019 φθόνῳ
1550 1983 1703 2011 διέϐαλλον-
1720 1984 1827 2010 ἐπικίν-

1036 2029 1112 2055 δυνον
1130 2029 1158 2055 δὲ
1177 2029 1279 2064 σφόδρα
1293 2028 1400 2064 (29-50)
1411 2029 1460 2064 τὴν
1474 2029 1606 2064 τοσαύτην
1618 2029 1701 2056 αὐτοῦ
1712 2029 1827 2065 δύναμιν

1036 2075 1221 2107 διαϐάλλοντες
1254 2075 1323 2111 πρὸς
1349 2075 1394 2102 τὸν
1419 2075 1566 2111 δυνάστην,
1593 2075 1705 2102 ἔπεισαν
1733 2076 1825 2109 αὑτὸν,

1035 2121 1081 2147 τὸν
1097 2121 1228 2147 τοσούτων
1242 2121 1349 2155 ἀγαθῶν
1361 2121 1476 2157 δημοσίᾳ
1488 2121 1630 2158 παραίτιον
1639 2122 1694 2153 τοῖς
1707 2121 1826 2157 Πέρσαις

1037 2167 1190 2202 γενόμενον,
1202 2163 1317 2194 ’λεόντων
1331 2167 1433 2203 ἀγρίων
1455 2167 1529 2203 θοίνῃ
1548 2167 1755 2203 κατακριθῆναι.
1769 2168 1827 2195 Kc-

1036 2259 1106 2295 unde
1121 2258 1281 2295 lueehaiisit
1305 2258 1512 2295 Constantinus,
1533 2259 1577 2292 qui
1607 2266 1717 2294 regnum
1743 2260 1826 2295 Assy-

1035 2294 1136 2320 riorum
1152 2293 1292 2320 fulminum
1316 2293 1390 2327 jactu
1420 2293 1587 2320 destructum
1617 2301 1679 2320 esse
1704 2293 1823 2328 scribit;

1034 2329 1106 2363 quod
1125 2329 1233 2362 quidem
1249 2328 1312 2355 alibi
1333 2329 1422 2363 legere
1449 2336 1500 2355 non
1525 2328 1646 2355 memini.
1664 2328 1717 2355 Sed
1736 2337 1824 2363 neque

1035 2363 1061 2390 id
1087 2365 1153 2390 satis
1178 2363 1311 2397 intelligo.
1338 2364 1466 2390 llomines
1491 2364 1604 2390 enimet
1619 2371 1695 2390 arces
1711 2369 1738 2390 et
1755 2365 1825 2391 civi-

1035 2403 1103 2425 tates
1119 2398 1240 2424 fulminis
1252 2399 1325 2432 jactu
1341 2399 1446 2426 destrui
1464 2404 1586 2432 possunt,
1603 2403 1632 2424 ut
1646 2399 1679 2425 de
1692 2398 1823 2433 Phlegyis

1033 2439 1117 2468 poetae
1135 2433 1246 2460 fabulati
1264 2438 1347 2465 sunt;
1367 2441 1478 2468 regnum
1503 2441 1567 2460 vero
1580 2433 1714 2468 quomodo
1730 2434 1823 2461 fulmi-

1033 2469 1113 2495 nibus
1130 2468 1230 2495 aboleri
1247 2469 1341 2501 possit,
1356 2469 1480 2502 equidem
1499 2476 1551 2494 non
1570 2468 1658 2494 video.
1682 2469 1708 2494 In
1725 2477 1824 2495 manu-

1032 2503 1142 2537 scriptis
1164 2504 1305 2530 codicibus
1331 2503 1399 2530 Fuk.
1429 2508 1455 2529 et
1481 2503 1613 2534 Turnebi,
1629 2509 1656 2530 et
1671 2505 1697 2530 iu
1713 2504 1824 2532 schedis

1033 2538 1123 2571 Regiis
1136 2539 1267 2574 scribitur
1280 2538 1419 2574 κεραυνῶν
1433 2538 1535 2574 βολαῖς.

1069 2573 1125 2606 (28)
1158 2572 1326 2606 Ἑξαισὶουζ-
1352 2573 1468 2607 ἀρετάς.
1498 2572 1693 2599 Constantinus
1723 2572 1823 2600 Latine

1028 2608 1140 2636 virtutes
1161 2609 1268 2635 dixerat
1281 2617 1288 2638 ε
1303 2616 1384 2642 quam
1396 2616 1490 2634 vocem
1506 2609 1530 2634 in
1543 2609 1628 2634 sat-ris
1644 2608 1734 2634 Lihris
1748 2610 1821 2635 sumi

1031 2645 1120 2669 solere
1141 2650 1189 2677 pro
1217 2644 1352 2671 miraculis
1374 2651 1452 2669 nemo
1476 2644 1572 2669 nescit.
1591 2642 1660 2668 Male
1682 2643 1820 2676 interpres

1031 2677 1112 2709 hujus
1125 2679 1255 2704 orationis
1272 2678 1371 2712 ἀρετὰς
1386 2678 1477 2709 vertit,
1495 2685 1554 2704 cum
1573 2677 1703 2712 δυνάμεις
1727 2680 1819 2712 pelius

1030 2718 1137 2738 vertere
1153 2713 1297 2738 debuisset.

1066 2747 1171 2779 (ΞΩ-50)
1194 2747 1270 2781 Vulg.
1299 2747 1494 2774 ἐπικίνδυνον
1513 2747 1640 2782 σφόδρα.
1670 2747 1696 2773 In
1723 2747 1820 2774 codice

1029 2781 1096 2808 Fuk.
1112 2783 1154 2808 hic
1170 2782 1244 2808 locus
1268 2783 1302 2807 ita
1332 2782 1517 2814 distinguitur,
1546 2782 1683 2808 διέϐαλλον
1710 2783 1820 2809 ἐπικίνο

1028 2817 1114 2852 δυνον·
1130 2817 1231 2851 σφόδρα
1250 2817 1278 2842 δὲ
1295 2816 1342 2852 τὴν
1357 2818 1500 2852 τοσαύτην,
1517 2823 1567 2844 etc.
1588 2818 1647 2844 Mox
1662 2817 1753 2844 scribo
1768 2817 1821 2844 καὶ

1029 2851 1141 2879 ἔπεισαν
1150 2852 1240 2885 αὐτὸν,
1250 2858 1276 2878 ιιι
1287 2852 1312 2879 in
1322 2853 1388 2880 libro
1399 2852 1485 2880 MOle
1493 2853 1526 2879 ad
1536 2853 1682 2887 marginem
1691 2853 1822 2879 emenda.
