2001 3168
262 159 330 188 1295

615 159 748 188 EUSEBII
766 161 1005 190 CESARIE‘NSIS
1024 160 1099 188 OPP.
1120 159 1210 187 PARS
1229 159 1248 187 Ι.
1268 174 1303 179 ——
1322 158 1514 187 lllSTORlCA.

1802 158 1878 185 1296

259 224 393 245 venenum
410 215 543 250 serpentis
559 215 694 242 sublatum
708 222 749 244 est
765 227 772 242 :
789 216 846 250 eius
861 217 965 244 scilicet
979 225 1023 244 ser

1088 216 1244 249 ἀπόλλνται,
1267 217 1313 243 καὶ
1338 217 1352 242 ὀ
1381 215 1418 247 ἰὸς
1447 214 1493 241 τοῦ
1517 215 1604 248 ὄφεως
1621 214 1737 246 ἐκείνου,
1760 213 1789 245 ὃς
1805 216 1878 246 τοὺς

259 263 349 298 pontis
367 262 412 296 qui
428 262 530 296 primos
546 262 669 289 homines
684 263 710 288 in
729 263 851 288 fraudem
872 262 974 296 primus
995 262 1037 288 in-

259 307 428 343 duxit,595
439 315 584 341 eorumque
593 307 696 334 animos
707 307 740 334 ab
755 308 845 334 innata
861 309 1036 342 temperantia

258 355 292 383 ad
312 354 479 388 voluptatum
495 353 614 380 traduxit
629 353 771 380 illecebras
785 362 791 379 :
806 357 834 380 ut
849 353 949 380 malum
965 353 1036 387 quod

258 401 376 434 ipsorum
388 399 520 434 capitibus
532 399 714 430 incumbebat,
724 399 832 426 minime
845 399 1034 434 intelligerent.

257 446 362 473 Etenim
382 450 446 472 ante
463 445 617 472 Servatoris
634 445 718 472 nostri
735 445 760 471 in
778 449 865 472 terras
879 445 1034 476 adventum,

258 498 369 525 serpens
384 490 428 517 ille
443 495 547 518 mentes
563 490 700 517 hominum
716 489 883 524 ignoratione
897 489 1035 516 immorta-

256 538 289 565 lis
302 537 436 572 iustorum
453 537 516 563 vita:
530 540 688 567 occaecatus,
703 543 734 562 ac
749 535 821 562 nulla
839 534 970 562 bonorum
987 543 1035 569 spe

256 582 338 610 fultas
364 582 543 609 subverterat.
571 581 635 608 Post
661 580 813 616 passionem
834 587 898 607 vero
928 580 1033 607 Domini

256 627 352 660 nostri,
366 634 427 654 eum
441 633 540 661 corpus
555 627 618 654 illud
633 626 704 662 quod
719 630 870 660 acceperat,
888 633 902 651 a
918 626 1034 652 sanctis-

254 673 329 700 sima:
351 673 448 700 animae
469 673 596 699 societate
611 673 882 706 aliquanto'tempore
897 672 1032 699 divulsum

254 718 360 749 fuisset,
369 717 504 753 patefacta
515 723 556 744 est
567 718 722 745 hominibus
733 717 939 745 resurrectionis
951 718 1030 746 ﬁdes:

252 770 279 791 et
293 765 316 791 si
335 760 394 799 qua:
412 763 486 791 labes
505 763 680 790 humanorum
705 763 835 790 scelerum
853 767 1030 793 remanserat,

253 814 427 837 sacrosancto
456 808 564 835 lavacro
591 808 696 842 penitus
732 808 854 834 abstersa
879 813 931 834 est.
958 807 1033 834 Tunc

251 855 357 882 demum
375 854 498 881 subditos
512 862 577 880 suos
589 853 659 880 bono
676 853 766 880 animo
780 853 903 880 Christus
919 860 979 880 esse
989 853 1032 886 ju-

251 901 307 933 bet,
323 907 349 928 et
369 909 400 928 ex
416 901 568 927 veneranda
584 905 611 927 et
629 900 726 927 illustri
749 907 795 926 sua
820 899 1028 931 resurrectione,

252 948 351 974 similia
369 955 489 982 sperare.
513 946 579 973 Jure
605 954 670 980 ergo
691 946 791 973 dictum
817 950 874 977 est,
898 944 1029 971 occidisse

250 994 371 1020 omnium
399 997 593 1020 vrnenatorum
613 999 706 1026 genus.
727 991 834 1018 Occidit
856 990 937 1017 etiam
958 998 1030 1016 mors

249 1040 307 1073 ipsa
327 1045 354 1066 et
375 1038 542 1065 resurrectio
557 1038 715 1066 conﬁrmata
729 1042 781 1065 est.
802 1036 908 1065 Occidit
923 1043 1030 1070 quoque

249 1084 420 1118 Assyriorum
439 1091 534 1117 genus,
554 1083 598 1118 qui
619 1084 679 1110 ﬁdei
696 1084 722 1109 in
740 1082 821 1109 Dcum
837 1081 973 1116 principes
987 1086 1029 1108 at-

248 1138 300 1165 que
313 1134 437 1157 auctores
454 1129 626 1156 exstiterant.
639 1129 781 1155 Amomum
794 1134 857 1154 vero
874 1127 972 1161 ubique
983 1135 1030 1153 na-

248 1176 378 1203 sciturum
400 1182 460 1202 cum
490 1174 566 1207 dicit,
590 1173 790 1200 multitudinem
806 1171 1028 1205 ,Cbristianorum

248 1218 289 1250 sic
306 1221 431 1257 appellat.
450 1221 514 1255 Quae
529 1229 583 1248 non
601 1227 678 1248 secus
692 1227 722 1247 ac
738 1217 948 1246 innutuerabiles
961 1216 1028 1243 rami

248 1267 441 1294 ammnissimis
464 1267 575 1294 ﬁoribus
596 1266 696 1298 ornati,
712 1270 740 1292 et
761 1264 868 1291 modico
891 1270 952 1290 rore
967 1262 1029 1288 irri-

247 1312 312 1348 gati,
331 1320 364 1340 ex
378 1319 431 1339 una
446 1312 537 1339 radice
557 1311 680 1344 pullulat.
703 1310 787 1338 Docte
803 1310 886 1344 igitur
899 1307 956 1335 haec
970 1315 985 1334 a
1003 1311 1030 1334 te

247 1359 321 1386 dicta
336 1362 411 1391 sunt,
424 1365 440 1385 ο
461 1357 536 1385 Maro
555 1361 696 1393 poetarum
711 1355 921 1391 sapientissime.
936 1354 988 1381 Sed
1002 1357 1030 1380 et

248 1404 349 1439 reliqua
362 1412 423 1432 cum
438 1404 481 1431 his
496 1404 667 1431 consentiunt
682 1411 690 1429 :

247 1450 281 1486 dt
294 1450 373 1477 simul
386 1451 493 1477 heroum
517 1449 617 1486 laudes,
631 1454 654 1475 et
670 1448 741 1486 [acta
756 1448 870 1481 parentis
899 1482 904 1486 Ι

247 1485 309 1516 lam
325 1486 418 1519 legere,
429 1489 453 1511 et
468 1492 526 1519 qiue
538 1485 583 1516 sit,
597 1484 695 1518 poteris
709 1491 864 1517 cognoscere
880 1484 974 1508 uirtus.

247 1530 299 1558 Per
316 1530 407 1558 laudes
428 1529 540 1557 heroum
566 1529 692 1564 intelligit
705 1536 787 1564 opera
802 1529 936 1563 iustorum
953 1527 1027 1554 viro-

1088 262 1312 298 πρωτοπλάστονς
1327 261 1432 296 πρῶτος
1445 260 1574 295 ἐξηπάτα,
1597 260 1729 295 παράγων
1751 259 1802 291 τὰς
1816 261 1879 287 δια.

1087 308 1160 338 νοίας
1175 307 1263 333 αὐτῶν
1279 307 1332 333 ἀπὸ
1346 307 1394 342 τῆς
1411 305 1531 341 ἐμφύτου
1556 305 1730 341 σωφροσύνης
1752 305 1799 332 ἐπὶ
1819 306 1876 342 τὴν

1085 353 1139 378 τῶν
1152 353 1251 388 ἡδονῶν
1261 353 1417 383 ἀπόλαυσιν,
1426 353 1500 383 ὅπως
1510 351 1546 387 μὴ
1559 353 1646 386 γνοῖεν
1661 351 1717 386 (62)
1730 351 1776 378 τὸν
1784 353 1878 388 ἐτνηρ-

1085 407 1116 433 τη
1122 398 1200 433 μένον
1211 399 1300 430 αὐτοῖς
1312 399 1428 434 ὄλεθρον.
1439 397 1495 433 Πρὸ
1510 398 1604 432 γάρτοι
1617 397 1666 432 τῆς
1684 397 1877 429 κατελεύσεως

1084 442 1132 469 τοῦ
1148 443 1282 478 Σωτῆρος,
1299 443 1349 477 τῆς
1359 443 1506 474 ἀθανασίας
1515 442 1569 468 τῶν
1582 442 1691 469 δικαίων
1702 443 1808 478 ἀγνοίᾳ,
1819 442 1876 472 τὰς

1084 488 1170 524 ψυχὰς
1192 488 1244 515 τῶν
1268 487 1417 524 ἀνθρώπων
1445 488 1491 514 ἐπὶ
1516 488 1633 523 μηδεμιᾷ
1655 489 1759 523 χρηστῇ
1781 488 1875 515 ἐλπίδι

1084 535 1266 570 ἐρειδομένας,
1280 534 1393 570 ἔθραυε·
1412 533 1543 565 παθόντος
1571 534 1598 560 δὲ
1615 534 1706 567 αὑτοῦ,
1730 535 1777 561 καὶ
1798 535 1874 570 πρὺς

1084 580 1178 616 καιρὸν
1204 580 1251 606 τοῦ
1275 580 1462 616 περιτεθέντος
1491 580 1615 615 σώματος
1635 581 1813 616 χωρισθέντος
1838 582 1873 607 ὲκ

1082 627 1131 661 τῆς
1143 627 1283 658 κοινωνίας
1294 627 1340 653 τοῖ’
1350 627 1425 660 ἁγίου
1438 627 1594 662 Πνεύμίτθς
1607 626 1671 660 (65”
1686 627 1872 662 ἀπεκ²λύφθη

1082 675 1138 705 τοῖς
1153 673 1306 707 ἀνθρώποις
1321 673 1350 699 τὸ
1365 672 1472 699 δυνατὸν
1483 672 1532 707 τῆς
1546 672 1717 703 ἀναστάσεως
1735 672 1801 707 (64),
1819 674 1872 700 καὶ

1082 718 1109 744 εἴ
1133 727 1175 749 τις
1203 718 1258 748 ἰλὺς
1287 717 1461 752 ἀνθρωπίνων
1485 717 1658 752 ἀδικημάτων
1679 717 1870 748 κατελείπετο,

1082 763 1149 798 αὕτη
1157 764 1229 790 ’πᾶσα
1236 763 1356 798 λουτροῖς
1371 762 1457 796 ἁγίοις
1472 763 1616 797 ἐσμήχετο,
1626 763 1693 789 Τότε
1701 763 1732 798 δὴ
1745 772 1871 799 παρακε-

1081 809 1185 835 λεύεται
1193 810 1246 840 τοῖς
1255 809 1384 843 ὑπηκόοις
1393 808 1512 844 οσρρεῖνν
1521 809 1567 834 καὶ
1575 809 1606 835 ἐκ
1615 808 1663 843 τῆς
1671 809 1752 835 αὑτοῦ
1763 809 1871 844 σεμνῆς

1081 857 1212 891 διασήμου
1220 864 1249 881 τε
1257 855 1438 886 ἀναστάσεως,
1447 855 1481 881 τὰ
1490 856 1568 889 ὅμοια
1579 855 1696 887 ἐλπίζειν
1708 855 1866 882 ἐκέλευσεν.

1048 895 1066 923 Β
1081 903 1183 931 Οὔκοῦν
1192 902 1301 932 δικαίως
1310 901 1433 927 ἐτελεύτα
1440 901 1491 927 τῶν
1502 901 1608 933 ἰοῦὒων
1617 902 1633 935 ἡ
1640 901 1729 935 φύσις,
1739 901 1870 929 ἐτελεύτα

1081 948 1109 974 δὲ
1117 948 1162 974 καὶ
1169 947 1288 978 Θάνατος,
1298 947 1498 982 ὲπεσερραγίσθη
1507 947 1573 981 καὶὴ
1581 947 1735 978 ἀνάστασις,
1741 946 1869 973 ἀπώλετο

1081 994 1108 1019 δὲ
1118 994 1163 1020 καὶ
1171 993 1200 1019 τὸ
1212 993 1264 1019 τῶν
1273 993 1419 1028 Ἀσσυρίων
1426 993 1502 1026 γένος
1510 992 1575 1027 (65),
1586 993 1599 1018 ὅ
1608 993 1747 1027 παραίτιον
1756 993 1869 1026 ἐγένετο

1082 1039 1129 1074 τῆς
1144 1039 1261 1070 πίστεως
1272 1039 1317 1065 τοῦ
1330 1038 1396 1064 Θεοῦ
1406 1047 1412 1053 ·
1436 1038 1548 1072 φύεσθαὶ
1564 1047 1593 1064 τε
1605 1039 1739 1073 πανταχοῦ
1753 1039 1868 1072 φάσκων

1081 1085 1112 1111 τὺ
1141 1087 1263 1120 ἄμωμον,
1301 1083 1401 1119 πλῆοος
1435 1084 1488 1110 τῶν
1515 1084 1717 1120 θρησκευόντων
1746 1093 1867 1120 προαγο-

1083 1132 1156 1167 ρεύει
1172 1131 1243 1166 (66)'
1264 1128 1318 1157 οἷον
1338 1131 1391 1167 γὰρ
1412 1131 1443 1156 ὲκ
1461 1131 1524 1166 μιᾶς
1540 1130 1617 1165 ῥίζης
1639 1130 1740 1165 πλῆθος
1759 1131 1871 1158 κλάδων

1083 1176 1191 1203 εὐώδεσι
1213 1176 1306 1203 θάλλον
1321 1176 1436 1207 ἄνθεσιν,
1463 1176 1608 1211 ἀρδόμενον
1630 1176 1784 1212 συμμετρίᾳ
1808 1177 1866 1210 δρό-

1084 1230 1140 1251 σου,
1174 1222 1324 1256 βλαστάνει.
1356 1221 1580 1256 Πεπαιδευμένως
1604 1221 1642 1253 δὲ,
1676 1219 1698 1248 ὦ
1725 1222 1866 1256 σοφώτατε

1082 1266 1182 1302 ποιητὰ
1200 1267 1311 1302 Μάρων,
1333 1267 1380 1294 καὶ
1401 1267 1434 1294 τὰ
1450 1268 1512 1303 ἑξῆς
1525 1267 1631 1295 ἅπαντα
1650 1268 1695 1295 καὶ
1711 1268 1866 1300 ἀκολούθως

1081 1312 1137 1347 ἔχει
1149 1321 1156 1327 ·

1080 1445 1193 1472 Αὐτίκα
1209 1443 1234 1470 δ’
1249 1443 1350 1477 ἡρώων
1363 1444 1478 1477 ἀρετὰς,
1496 1444 1605 1477 πατρός
1622 1453 1653 1470 τε
1664 1445 1809 1479 μεγίστου

1083 1481 1161 1514 Ἔργ“
1175 1479 1387 1513 ὑπερηνορίῃσι
1403 1479 1571 1513 κεκασμένα
1590 1479 1696 1511 πάντα,
1707 1480 1844 1514 μαθήσῃ.

1081 1527 1149 1557 Τοὺς
1165 1526 1213 1560 μὲν
1229 1524 1282 1551 τῶν
1298 1524 1393 1560 ἡρώων
1415 1525 1555 1556 ἐπαίνους,
1571 1525 1603 1551 τὲι
1618 1525 1670 1551 τῶν
1687 1525 1799 1552 δικαίων
1814 1526 1863 1551 ἁν-

249 1583 307 1602 rum
323 1582 332 1602 :
352 1583 400 1610 per
415 1576 535 1610 parentis
547 1575 672 1608 virtutes,
685 1574 908 1602 constitutionem
922 1574 1026 1615 mundi,

1079 1572 1147 1609 δρῶν
1161 1571 1227 1607 ἔργα
1242 1571 1391 1606 σημαίνων,
1403 1571 1452 1603 τὰς
1466 1571 1494 1598 δὲ
1510 1572 1608 1606 ἀρετὰς
1619 1571 1666 1598 τοῦ
1682 1571 1800 1607 Πατρδς,
1812 1571 1864 1607 τὴν

248 1632 310 1664 Ipsa
323 1632 391 1657 enim
406 1630 455 1657 Dei
472 1630 602 1657 cunabula
616 1629 731 1665 Spiritus
755 1631 839 1658 sancti
851 1631 944 1666 virtute
977 1632 1030 1666 fla-

248 1670 353 1700 grantes
378 1666 455 1698 ﬂores
484 1674 556 1693 nova:
580 1665 662 1692 soboli
692 1666 852 1693 extulerunt.
893 1665 1030 1693 Muscnlus

248 1702 329 1735 igitur
358 1700 424 1734 legit
452 1701 543 1733 αὐτοῖς
573 1701 738 1736 σπαργάνοις
768 1700 891 1727 νεολαίαν
920 1701 1026 1734 γένναν.

247 1736 510 1770 Cbristophorsonus
533 1743 597 1762 vero
619 1735 733 1771 δυνάμει
760 1741 862 1762 tantum
890 1736 952 1770 legit
980 1744 1028 1770 pro

246 1770 375 1805 δύναμις,
391 1771 460 1804 quod
492 1772 577 1805 magis
595 1772 688 1805 probo.
716 1771 767 1798 Per
786 1770 907 1798 νεολαίαν
932 1771 1028 1804 γένναν

248 1806 382 1832 novellntn
394 1806 520 1841 populum
536 1806 751 1832 Christianorum
769 1806 892 1841 intelligit
908 1814 914 1833 :
930 1809 963 1833 de
975 1814 1028 1841 quo

247 1841 388 1875 Virgilium
401 1840 472 1874 loqui
483 1842 607 1875 superius
622 1841 688 1867 dixit
703 1848 735 1867 eo
747 1847 824 1868 versu
844 1849 850 1867 :

302 1884 343 1902 mn
353 1883 423 1910 nova
433 1877 566 1910 progenies
583 1876 645 1901 cmto
656 1875 812 1910 demittitur
823 1876 886 1903 alto.

282 1910 337 1945 (6‘2)
353 1909 432 1945 Vulg.
443 1909 522 1942 ὅπως
533 1909 640 1945 γνοῖεν.
652 1909 700 1937 ilic
708 1911 864 1944 particulam
877 1910 1026 1945 negativam

246 1945 346 1977 addidi,
355 1945 428 1976 ὅπως
440 1945 476 1980 μὴ
489 1947 576 1978 γνοῖεν
589 1953 669 1979 quam
681 1946 896 1972 emendationem
912 1953 1024 1979 sequen-

249 1980 285 2007 tia
302 1980 443 2007 manifeste
466 1982 636 2006 conﬁrmant.
655 1980 683 2007 Si
696 1980 756 2013 quis
777 1985 862 2007 tamen
891 1980 1024 2014 vulgatam

246 2015 406 2050 scripturam
427 2015 494 2041 tueri
510 2016 584 2047 velit,
596 2015 719 2049 equidem
737 2023 789 2042 non
805 2015 882 2042 valde
895 2022 1025 2050 repugna-

247 2052 295 2081 bo,
310 2058 370 2076 cnm
387 2055 531 2084 utrumque
548 2050 653 2077 defendi
670 2051 764 2084 possit.

282 2084 338 2119 (63)
354 2085 402 2110 Ἐκ
419 2083 475 2118 τῆς
497 2084 651 2117 κοινωνίας
666 2083 718 2111 τοῦ
733 2085 818 2118 ἁγίου
845 2084 1024 2118 Πνεύματος.

246 2119 439 2146 Constantinus
455 2120 574 2153 spiritum
595 2120 701 2146 dixerat
714 2127 761 2153 pro
778 2119 878 2153 anima,
892 2120 1026 2152 interpres

248 2162 313 2182 vero
334 2154 366 2181 de
383 2158 478 2181 sancto
508 2155 610 2189 Spiritu
641 2154 777 2189 accepisse
806 2155 923 2186 videtur,
948 2155 1024 2188 quasi

247 2189 372 2216 Christus
387 2189 554 2216 divinitatem
569 2189 692 2215 habuerit
706 2189 763 2215 l0co
777 2189 882 2220 animae,
898 2197 956 2223 qua:
974 2189 1025 2215 fuit

245 2223 357 2259 haeresis
366 2223 538 2258 Apollinaris.
547 2224 575 2250 In
584 2224 675 2250 codice
681 2223 739 2250 Fuk
758 2229 817 2257 post
826 2224 934 2250 verbum
944 2232 1025 2259 χωρι-

248 2258 368 2291 σθέντος,
385 2259 489 2293 virgula
515 2259 669 2293 apponitur.
694 2258 783 2290 Quare
807 2258 948 2284 videndum
972 2264 1023 2292 est,

246 2298 336 2320 utrum
350 2292 499 2326 verba’illa,
513 2292 606 2328 tua;
616 2292 662 2319 τοῦ
677 2293 754 2327 ἁγίου
765 2292 921 2328 Πνεύματος
932 2302 1027 2320 κοινω-

242 2329 314 2361 νίας,
339 2328 523 2363 conjungcnda
550 2329 604 2354 sint
626 2336 686 2354 cum
716 2329 749 2354 iis
771 2336 830 2362 qua:
855 2334 1024 2362 sequuntur:

242 2363 423 2398 ἀπεκαλύφθη
448 2364 504 2394 τοῖς
517 2363 679 2398 ἀνθρώποις,
699 2368 765 2394 etc.,
781 2368 810 2390 ut
821 2370 915 2390 sensus
929 2365 963 2390 sit
980 2371 1026 2398 per

243 2397 519 2425 eonnnnnicatiouent
547 2397 664 2431 spiritus
684 2398 779 2430 sancti,
802 2405 881 2432 quem
902 2397 1025 2425 Christus

242 2439 302 2468 post
320 2434 473 2471 passionem
488 2432 643 2472 horninibus
660 2432 773 2465 infudit,
788 2433 950 2467 patefactam
964 2441 1025 2461 esse

226 2490 229 2494 .
242 2475 296 2494 νιιιι
315 2472 532 2495 ιτυδιιιτοοιιυιιις.

277 2503 332 2537 (64)
356 2503 390 2530 Τὸ
413 2501 543 2529 δυνατὸν
559 2500 612 2535 τῆς
633 2501 834 2535 ἀναστάσεως.
859 2501 917 2530 Non
941 2503 1024 2537 probo

241 2538 394 2565 versionem
425 2537 675 2571 Christophorsoni,
694 2538 739 2571 qui
768 2538 839 2564 hunc
871 2538 957 2565 locum
987 2539 1021 2564 ita

243 2573 438 2607 interpretatus
453 2577 504 2602 est,
519 2572 715 2607 resurrectionis
732 2572 768 2598 vis
785 2572 931 2599 hominibus
951 2577 1024 2606 pate-

242 2605 378 2642 factaﬁest.
394 2605 687 2642 Necraliterdoanoes
709 2607 859 2634 Portcsius.
877 2607 933 2642 Ego
951 2605 1023 2634 'vero

241 2649 294 2668 non
307 2641 399 2669 dubito
421 2641 485 2675 quin
501 2640 532 2666 τὸ
554 2640 666 2667 δυνατὸν
687 2642 712 2668 id
735 2642 883 2676 signiﬁcet,
902 2640 975 2676 quod
996 2643 1020 2668 in

241 2676 366 2704 versione
396 2683 455 2703 mea
478 2677 608 2709 expressi.
633 2676 678 2702 Ait
702 2677 781 2710 igitur
807 2676 1020 2709 Constantinus,

241 2715 303 2742 post
321 2715 436 2738 mortem
462 2710 561 2737 Christi
582 2710 745 2744 patefactum
766 2718 825 2738 esse
844 2711 999 2738 hominibus
1013 2732 1020 2745 ,

242 2745 300 2780 ﬁeri
330 2752 408 2778 posse
428 2748 459 2771 ut
488 2752 603 2779 corpora
627 2752 808 2780 resurgerem.
836 2747 924 2773 Antea
949 2747 1020 2773 enim

241 2779 356 2806 obscura
367 2785 427 2807 erat
447 2780 653 2807 resurrectionis
676 2779 761 2812 lid’es,
777 2781 857 2808 etiam
882 2780 950 2815 apud
975 2781 1021 2809 Ju-

241 2814 430 2874 giclt’is.lAtque
458 2815 560 2842 idcirco
587 2819 700 2843 mortem
733 2820 872 2850 tantopere
897 2814 1020 2843 retornii-

258 2856 274 2874 Ἃ
294 2856 325 2872 ἂΙΙΙ
342 2867 349 2874 ο

258 2853 349 2874 about.

273 2882 331 2914 (651
347 2883 491 2910 Ἀπώλετο
504 2883 537 2910 δὲ
553 2883 602 2911 καὶ
615 2883 648 2910 τὸ
662 2883 720 2911 τῶν
737 2884 903 2920 Ἀσσιφίων
921 2885 1015 2920 γένος.

1043 2206 1063 2233 D

1085 1630 1160 1657 !lnuc
1175 1628 1261 1655 locum
1277 1627 1448 1660 interpolavit
1462 1628 1720 1663 Ciu-istopborsonns
1733 1649 1741 1662 ,
1756 1637 1862 1663 expun-

1083 1665 1134 1691 ctis
1151 1664 1254 1691 duobus
1276 1663 1413 1690 vocabulis
1438 1664 1582 1697 prioribus.
1609 1665 1725 1691 Savilius
1753 1672 1863 1698 quoque

1082 1700 1109 1726 in
1124 1699 1192 1725 libro
1206 1705 1254 1725 suo
1267 1699 1316 1725 has
1332 1699 1552 1733 νοςθςνάπώλετο
1564 1699 1592 1725 δέ
1610 1700 1738 1733 expnnxit
1749 1701 1862 1732 perinde

1081 1742 1113 1761 ac
1129 1733 1395 1766 Christophorsouus.
1412 1732 1465 1759 Sed
1483 1740 1595 1767 uterque
1613 1732 1691 1768 longe
1709 1734 1792 1761 falsus
1806 1740 1860 1761 est.

1081 1769 1147 1796 Nam
1160 1768 1364 1803 Constantinus,
1381 1773 1474 1802 utpote
1487 1769 1553 1794 artis
1572 1769 1753 1803 grammatica:
1774 1770 1861 1803 impe-

1081 1805 1161 1834 ritus',
1178 1802 1281 1838 Virgilii
1296 1810 1402 1829 versum
1417 1804 1452 1829 ita
1470 1809 1654 1830 construxerat
1670 1811 1678 1829 :

1135 1838 1239 1866 Occidet
1259 1838 1412 1871 Assyrium,
1431 1838 1506 1872 vulgo
1528 1844 1648 1864 nascetur
1664 1846 1805 1864 amantum.

1080 1873 1162 1908 quue
1178 1873 1349 1908 convincitur
1364 1877 1418 1899 tum
1433 1880 1465 1898 cx
1482 1874 1531 1899 hoc
1542 1873 1611 1903 loro,
1626 1877 1724 1908 tumes
1736 1874 1861 1900 rersione

1080 1907 1234 1940 interpretis
1258 1907 1354 1939 Graeci,
1376 1908 1420 1942 qui
1448 1915 1552 1934 versum
1582 1908 1654 1933 illum
1685 1907 1786 1942 Virgilii
1821 1909 1858 1935 ita

1079 1944 1168 1975 vertit,
1190 1941 1328 1977 Ἀσσύριόν
1350 1941 1376 1977 τέ
1396 1942 1506 1977 οἴχεται·
1522 1942 1611 1969 θάλλει
1630 1942 1658 1968 δὲ
1678 1941 1748 1969 κατὰ
1761 1943 1860 1977 τέμπε’

1078 1968 1202 2012 ἄμωμον.
1220 1968 1348 2012 δὶίῑόιιίιῐι
1369 1968 1466 2011 ῐεείῗυι·
1481 1978 1505 2003 in
1519 1968 1620 2012 optimo
1642 1978 1734 2004 codice
1754 1968 1859 2005 [Putet

1079 2011 1152 2039 recte
1178 2012 1286 2046 quidem
1313 2011 1389 2045 juxta
1420 2011 1542 2038 meulem’
1559 2012 1740 2039 Constantini.
1769 2011 1858 2040 Porro

1080 2048 1151 2080 quod
1165 2052 1269 2080 spectat
1282 2047 1314 2072 ad
1329 2051 1412 2073 totum
1434 2047 1484 2072 hoc
1512 2047 1614 2081 Virgilii
1636 2054 1756 2079 carmen,
1775 2046 1856 2074 Chri-

1079 2081 1159 2109 stiani
1174 2082 1236 2108 illud
1250 2088 1282 2108 ex
1303 2081 1442 2115 Sibyllinis
1456 2082 1579 2108 versibus
1604 2082 1762 2108 translatum
1784 2090 1855 2114 esse,

1079 2118 1150 2143 etde
1163 2117 1262 2143 Christi
1278 2120 1338 2142 ortu
1352 2115 1461 2150 intelligi
1478 2116 1586 2148 debere,
1609 2121 1764 2143 constanter
1783 2117 1854 2144 aﬂir-

1078 2156 1196 2178 niarunt.
1213 2150 1305 2185 Neque
1321 2152 1392 2178 enim
1409 2151 1440 2178 de
1459 2151 1512 2177 alio
1534 2159 1614 2186 quarti
1634 2153 1666 2178 de
1677 2150 1786 2178 Christo
1799 2153 1855 2179 dici

1088 2194 1155 2212 »υεεο
1170 2195 1176 2213 Ζ

1088 2194 1155 2212 tossc
1170 2195 1176 2213 ε

1079 2193 1085 2220 ι
1114 2220 1170 2247 Hoc
1185 2220 1258 2252 duce,
1271 2220 1353 2254 siqua
1368 2225 1470 2246 manent
1482 2220 1585 2247 sceleris
1599 2220 1708 2254 uestigia
1724 2222 1819 2254 nostri,

1113 2255 1193 2282 Irrita
1209 2259 1331 2288 perpetua
1350 2256 1446 2281 solvent
1459 2255 1598 2289 formidine
1612 2261 1705 2282 terras.

1077 2290 1114 2316 Ita
1127 2294 1226 2323 prmter
1244 2290 1449 2316 Constantinum
1465 2291 1628 2324 Augustinus
1650 2291 1676 2316 in
1694 2290 1804 2324 cpistola
1820 2292 1854 2318 ad

1078 2325 1262 2356 Volusianum,
1276 2330 1302 2351 et
1317 2325 1342 2350 in
1354 2324 1468 2358 epistola
1484 2325 1546 2352 155.
1565 2325 1592 2351 In
1613 2324 1727 2358 cpistola
1745 2326 1853 2359 quidem

1076 2361 1109 2387 ad
1131 2359 1318 2391 Volusianum,
1345 2359 1484 2393 Assyriqu
1499 2367 1638 2386 amomum
1658 2360 1855 2394 interpretatur

1075 2396 1173 2429 dogma
1186 2393 1347 2429 Pherecydis
1362 2394 1476 2428 Assyrii,
1490 2395 1534 2427 qui
1547 2395 1647 2428 primus
1659 2393 1778 2421 auimtnu
1794 2402 1855 2422 esse

1076 2428 1256 2456 itninortalein
1283 2428 1477 2462 pronuntiavit.
1503 2428 1602 2455 Verum
1617 2429 1685 2463 rltzec
1707 2430 1851 2463 Augustini

1075 2463 1268 2497 interpretatio
1283 2464 1346 2490 ferri
1360 2471 1410 2489 non
1429 2469 1526 2497 potest,
1540 2471 1600 2490 cum
1615 2462 1783 2498 Pherecydes
1800 2472 1853 2492 non

1074 2499 1201 2533 Assyrius
1216 2499 1317 2530 fuerit,
1335 2499 1380 2525 sed
1396 2499 1500 2533 Syrius,
1518 2499 1543 2525 id
1559 2503 1609 2529 est,
1625 2505 1658 2525 ex
1671 2499 1754 2525 insula
1771 2498 1852 2533 Syro.

1073 2532 1205 2566 Quocirca
1222 2533 1389 2567 praeferenda
1405 2532 1446 2559 est
1462 2532 1631 2560 Constantini
1653 2532 1851 2568 interpretatio.

1074 2569 1118 2600 qui
1136 2569 1244 2594 nomine
1258 2569 1366 2602 quidem
1384 2569 1482 2594 amomi
1495 2568 1534 2594 ait
1545 2569 1678 2602 designari
1698 2569 1790 2595 fideles
1804 2576 1852 2595 seu

1072 2602 1252 2634 Christianos,
1263 2610 1296 2629 eo
1310 2602 1380 2636 quod
1396 2603 1449 2629 sint
1462 2603 1614 2638 ἄμωμοι,ἱ‹1
1628 2603 1738 2629 estsine
1760 2611 1854 2638 repre-

1074 2638 1214 2673 hensione.
1234 2639 1374 2673 Assyrium
1394 2644 1459 2664 vero
1476 2641 1534 2664 ideo
1557 2638 1761 2673 cognominari,
1780 2638 1852 2670 quod

1073 2671 1106 2697 ab
1121 2673 1238 2707 Assyriis
1255 2671 1344 2699 crium
1361 2673 1396 2698 sit
1419 2673 1578 2706 principium
1595 2671 1679 2699 ’ﬁdei.
1709 2672 1850 2700 Abraham

1072 2708 1143 2734 enim
1157 2708 1295 2742 Assyrius,
1307 2707 1410 2741 primus
1425 2708 1538 2733 credidit
1559 2708 1631 2738 Deo;
1656 2708 1726 2735 unde
1750 2712 1777 2734 et
1793 2714 1853 2734 cre-

1072 2742 1189 2769 dentium
1211 2748 1288 2776 pater
1299 2742 1502 2776 cognominatus
1519 2747 1569 2769 est.

1107 2776 1161 2812 (66)
1183 2777 1261 2810 Vulg.
1284 2777 1505 2810 προσαγορεύει.
1536 2779 1690 2811 Aiupteuor
1709 2776 1851 2810 conjectu-

1074 2819 1130 2838 ram
1149 2811 1256 2839 Henriei
1274 2813 1378 2844 Savilii,
1390 2813 1436 2846 qui
1448 2813 1481 2838 ad
1499 2819 1572 2838 oram
1590 2812 1692 2839 codicis
1708 2812 1750 2839 sui
1766 2812 1853 2839 adno-

1072 2849 1137 2874 tavit
1150 2857 1156 2875 :
1170 2847 1248 2876 Forte
1260 2848 1428 2877 scribendum
1440 2853 1481 2875 est
1490 2846 1674 2882 προαγορεύει.
