4200 6180
443 193 510 254 15
1657 197 1864 255 LIBER
1897 197 2176 258 CONTRA
2215 201 2536 264 ARIANOS.
3471 237 3474 239 -
3680 211 3751 268 ιι

487 313 778 368 ‘tlzetcrum
820 313 1068 383 opusculi
1125 313 1407 386 exemplar
1452 313 1596 387 typis
1642 316 2038 386 expressimus,
2071 323 2123 379 Α
2151 319 2296 375 inter
2323 319 2567 375 eruditos
2593 321 2852 376 convenit
2883 322 2958 394 (α)
2988 321 3145 378 istam
3177 323 3480 382 orationem
3511 326 3604 393 50,
3629 343 3752 396 qua:

437 408 585 479 quod
612 407 679 464 ad
708 422 838 463 mss.
865 407 1086 464 codices
1115 419 1443 479 veteresque
1474 409 1743 466 editiones
1772 411 2044 466 recensuit

436 499 723 573 Nourryus
748 501 1098 556 doctissimus
1130 504 1427 559 monachus
1451 505 1835 561 Benedictiuus
1864 506 1914 560 in
1945 521 2040 560 sua

441 593 702 664 pricclara
739 609 967 663 operum
1001 595 1484 651 Ambrosianornm
1515 598 1783 663 editione,
1828 598 1882 653 in
1931 602 2041 669 Ap-

441 685 671 756 pendice
698 686 765 741 ad
799 695 1006 742 tomum
1037 687 1104 753 Il,
1131 703 1252 759 pag.
1277 690 1538 748 5i5-558.

514 781 776 848 Superest
803 790 864 835 ut
891 783 1120 850 paucula
1166 783 1413 838 dicamus
1453 785 1523 839 de
1571 785 1745 841 libello
1786 786 1930 855 ﬁdei,
1959 789 2051 858 qui

444 872 666 927 tertium
719 872 864 928 inter
912 873 1285 930 thbadiana
1333 877 1512 932 locum
1562 879 1614 932 in
1671 890 1858 934 nostro
1902 879 2049 935 edito

439 973 592 1018 tenet
622 981 636 1017 :
665 973 753 1020 est
797 967 942 1020 enim
991 965 1351 1036 praecedentis
1383 969 1447 1023 de
1477 971 1582 1039 ﬁde
1610 971 1898 1026 orthodoxa
1940 983 2050 1026 tra-

435 1065 619 1110 ctatus
659 1057 826 1112 veluti
877 1058 1300 1128 compendium;
1350 1076 1526 1132 neque
1576 1065 1754 1119 solum
1807 1065 2047 1120 lllt'tlmitl!

435 1149 728 1216 afﬁnitate,
763 1152 857 1206 sed
881 1160 937 1206 et
964 1152 1252 1222 scriptoris
1282 1156 1452 1225 ipsius
1477 1158 1709 1211 consil-io
1732 1159 1891 1212 alteri
1921 1174 2050 1211 con-

431 1243 772 1313 jungendns.
803 1244 1004 1300 Exstat
1034 1255 1214 1302 autem
1261 1247 1475 1303 libellus
1505 1248 1596 1304 ille
1625 1250 1767 1305 inter
1795 1250 2044 1322 Gregorii

436 1335 766 1394 Nazianzeni
810 1339 1576 1412 ortiones,-nutneraturque
1621 1343 1710 1399 50.
1754 1343 1872 1398 lam
1918 1360 2048 1399 vero

512 1494 1347 1572 (a)__Qnesn._dissert._t4,_ad
1381 1514 1517 1572 opp.
1564 1499 1623 1553 ς.
1670 1501 1941 1572 ιθῡηηί
1993 1501 2044 1566 7,

440 1565 570 1621 tum.
599 1565 959 1644 l_l_,_pag._5§0
989 1568 1331 1644 c_d._l_.ugd.;
1378 1565 1576 1626 Bal‘ler.
1622 1585 1750 1644 opp.
1780 1565 2046 1629 S.LEon.

442 1644 580 1692 tom.
612 1637 709 1706 ili,
740 1637 794 1709 p.
825 1637 934 1696 945
961 1639 1047 1695 ed.
1083 1637 1241 1696 Ποῦ.

459 1798 836 1810 —I—

849 1801 1308 1809 ’.ι-*α--ε--ι-ο-
1321 1801 1782 1809 Ὴ-συς--οκνι
1801 1801 1886 1808 ,νς-..ο

2078 1616 2127 1677 Β

2151 411 2474 467 Nazianzeni
2525 427 2648 468 esse
2697 422 2943 483 putatur,
3001 415 3072 470 ita
3133 418 3429 474 concinuere
3489 435 3610 474 cum
3659 419 3751 486 49,

2151 518 2272 573 quae
2325 505 2493 572 ipsius
2545 505 2749 576 pariter
2778 507 3146 573 existimatur,
3183 519 3236 563 ut
3272 525 3435 564 unum
3466 511 3751 567 eumdem-

2150 614 2256 669 que
2297 598 2500 654 referat
2546 609 2850 654 auctorem.
2897 599 3070 656 Porro
3117 617 3238 657 cum
3272 619 3339 658 ex
3387 604 3638 674 superius
3670 605 3754 661 di-

2151 693 2254 746 ctis
2298 693 2429 748 satis
2471 703 2707 762 conSIet,
2742 694 3003 751 orationis
3029 695 3101 753 A9
3137 706 3412 754 auctorem
3446 714 3566 754 esse
3595 699 3757 756 Phoe-

2152 785 2404 851 badium;
2455 795 2742 856 propterea
2797 803 2916 858 quae
2971 798 3054 844 est
3101 789 3171 845 50
3215 789 3318 860 ipsi
3373 807 3590 862 quoque
3632 792 3755 863 jure

2154 877 2470 935 asserenda.
2504 877 2692 948 Neque
2739 879 2840 936 hac
2883 881 2953 937 de
3000 897 3061 938 re
3104 883 3254 952 plura
3301 895 3598 940 contexere
3639 885 3757 940 ani-

2127 987 2274 1054 lmus
2303 980 2391 1027 est
2421 989 2431 1024 :
2474 972 2565 1044 qui
2605 971 2850 1042 pleniora
2882 972 3182 1041 desiderat,
3209 975 3357 1030 viros
3397 975 3590 1031 doctos
3633 991 3766 1031 con-

2153 1069 2326 1133 sulat,
2384 1081 2523 1136 quos
2576 1067 2828 1121 asscctati
2888 1082 3075 1122 sumus
3108 1065 3210 1142 (b).
3264 1066 3518 1124 Nostram
3577 1079 3756 1123 autem

2151 1158 2316 1213 libelli
2347 1158 2509 1227 hujus
2533 1156 2832 1215 editionem
2859 1158 2926 1216 ad
2951 1160 3304 1216 novissmtam
3335 1160 3756 1216 Ballerinianam

2150 1253 2451 1325 exegimus.

2233 1501 2307 1571 (ὁ)
2339 1500 2571 1557 Histoire
2609 1502 2768 1559 liuér.
2807 1503 2870 1559 de
2899 1505 2951 1560 ta
2984 1502 3226 1572 France,
3255 1501 3390 1558 tom.
3427 1500 3475 1567 Ι,
3510 1511 3648 1573 part.
3684 1519 3719 1558 ll
3743 1545 3758 1572 ,

2158 1586 2213 1642 p.
2241 1573 2372 1641 279,
2402 1590 2552 1630 num.
2581 1576 2636 1631 ‘5.

1949 1802 1956 1807 .
1975 1801 2060 1808 ...η-..ς
2075 1802 2148 1806 ﬂ”
2171 1801 2602 1810 _—_——.——._..—...__——~
2613 1803 2972 1811 -‘mﬁ-.-
2983 1803 3152 1812 ἣ...-
3166 1804 3376 1811 -σ-ηοι-αι-
3385 1801 3736 1812 -c—run—n—o-o

1233 2013 1918 2134 SANCTI
1995 2022 2975 2141 PHEBADII

1677 2255 2152 2319 AGINNENSIS
2191 2257 2550 2324 EPISCOPI

361 2599 372 2603 _
455 2433 1526 2584 ()PUSCULA
1642 2437 2694 2590 ADVERSUS
2800 2441 3753 2598 ARIANOS.

1347 2929 1691 3014 LIBER
1769 2928 2253 3015 CONTRA
2316 2882 2870 3020 ARIA'NOS.

1872 3127 2343 3152 *ι--ν-,μ-

1101 3320 1328 3377 CAPUT
1378 3321 1417 3376 l.

673 3464 1058 3536 Disputationis
1090 3464 1292 3518 occasio
1319 3473 1367 3516 et
1394 3471 1776 3534 argumentum.

534 3601 647 3658 Nisi
679 3601 826 3656 illam
857 3601 1114 3656 zabnlicm
1152 3599 1474 3656 subtilitatis
1505 3599 1745 3655 fraudem
1795 3599 2061 3663 viderem,

466 3708 587 3764 qtae
643 3694 887 3755 omnium
940 3692 1055 3748 fere
1085 3692 1340 3748 sensibus
1379 3691 1682 3761 occupatis,
1725 3697 1780 3744 et
1809 3689 2060 3744 hmresitn

459 3788 751 3857 persuadet
777 3797 831 3843 ut
856 3786 1028 3843 fidem
1057 3795 1284 3847 rectam.
1311 3794 1366 3841 et
1394 3785 1556 3841 fidem
1603 3793 1809 3840 rectam
1839 3785 2066 3839 damnat

460 3891 519 3935 ut
550 3883 836 3947 haeresim;
867 3881 1077 3936 nullunt
1107 3881 1333 3935 omnino
1357 3894 1522 3948 super
1545 3878 1631 3933 his
1652 3895 1773 3949 quae
1800 3893 1972 3948 nuper
1996 3877 2064 3932 ad

464 3987 564 4028 nos
607 3974 810 4044 scripta
858 3982 1160 4038 venerunt,
1192 3987 1506 4028 sermonem
1561 3971 1839 4038 haberem,
1867 3971 2066 4026 fratres

459 4067 796 4122 cltarlssimi.
824 4066 1141 4123 Sufficiebat
1174 4069 1319 4122 enim
1364 4067 1716 4122 conscientia:
1756 4081 1936 4138 parvae
1983 4076 2064 4120 te-

463 4175 593 4217 nere
621 4161 767 4232 quod
797 4162 974 4217 credit
1003 4180 1017 4217 :
1060 4162 1351 4216 aestimanti
1380 4161 1498 4218 fore
1522 4163 1728 4218 rectius
1771 4162 1911 4217 tueri
1939 4173 2066 4232 pro-

463 4255 603 4324 pria,
638 4269 798 4326 quam
841 4263 1103 4310 extranea
1133 4265 1184 4311 et
1213 4257 1388 4310 aliena
1441 4254 1735 4311 discutere.
1777 4254 1882 4308 Sed
1915 4255 2062 4324 quia,

465 4356 522 4402 ut
552 4349 808 4416 diximus,
847 4358 942 4403 aut
976 4349 1198 4404 haeresis
1233 4348 1577 4418 Sttseipienda
1611 4358 1696 4403 est
1730 4358 1789 4402 ut
1813 4347 2065 4403 catholici

451 4443 861 4510 dicamut-mut
885 4459 1016 4500 vere
1052 4444 1310 4500 catholici
1344 4460 1450 4500 non
1500 4443 1688 4508 futuri,
1733 4445 1776 4498 si
1809 4442 2066 4499 hmresim

449 4548 571 4590 non
595 4533 943 4606 repudiamus
970 4555 983 4589 :
1013 4536 1080 4592 ad
1110 4538 1252 4592 hanc
1275 4544 1542 4592 tractatos
1572 4534 1942 4591 conditionem
1976 4550 2070 4589 ne-

464 4628 721 4682 cessitate
772 4627 1177 4691 descendimus,
1207 4641 1367 4698 quam
1407 4627 1710 4683 zabolicnm
1768 4627 1924 4681 virus
1969 4626 2070 4682 sub

2091 3323 2136 3388 C
2171 3325 2336 3391 babo;
2371 3327 2660 3397 probatum
2692 3326 2912 3398 quidem
2943 3337 3000 3382 ut
3021 3342 3183 3398 spero
3214 3328 3324 3384 Deo
3350 3328 3580 3400 primum
3602 3372 3616 3397 ,
3643 3330 3768 3388 dein

2165 3419 2519 3474 conscientiae
2543 3434 2712 3475 mere:
2746 3420 2841 3475 sed
2873 3430 2928 3475 et
2973 3421 3057 3475 his
3090 3422 3464 3491 probandum,
3499 3441 3636 3496 quos
3676 3435 3771 3481 aut

2167 3520 2345 3566 metus
2374 3520 2467 3566 aut
2497 3512 2683 3567 smculi
2715 3513 2943 3567 ambitio
2973 3527 3079 3568 non
3103 3513 3311 3570 vicerit.

2797 3651 3028 3709 CAPUT
3072 3652 3133 3707 ll.

2661 3766 2968 3820 Arianorum
3009 3766 3258 3835 fallacia.

2239 3878 2564 3948 lneipientes
2613 3878 2776 3948 igitur
2814 3880 2891 3935 ab
2941 3879 3058 3948 ipso
3105 3879 3282 3948 capite
3325 3879 3609 3952 perlidize,
3654 3899 3760 3940 non

2168 3970 2323 4035 fidei,
2355 3985 2417 4026 ac
2461 3971 2718 4040 deinceps
2770 3987 2862 4041 per
2917 3983 3084 4025 totum
3131 3985 3330 4041 corpus
3377 3971 3761 4044 decurrentes,

2169 4063 2521 4132 probabimus
2547 4063 2713 4118 multa
2745 4080 2840 4134 per
2868 4064 3112 4119 fraudem
3145 4065 3450 4122 communis
3477 4067 3770 4137 professio-

2155 4155 2284 4221 nis,
2317 4168 2438 4225 qum
2469 4155 2684 4210 scillcet
2728 4170 2828 4210 nec
2859 4158 3106 4225 recipere
3149 4171 3464 4228 possumus:
3511 4161 3765 4215 nonnulla

2169 4261 2303 4301 vero
2333 4248 2451 4301 sine
2497 4246 2600 4301 ulla
2650 4246 2874 4317 pudoris
2913 4247 3272 4302 similitudine
3320 4264 3440 4303 esse
3484 4260 3766 4320 congesta.

2171 4335 2302 4392 Nam
2329 4347 2380 4390 et
2413 4351 2549 4390 unus
2579 4337 2722 4393 Deus
2749 4353 2855 4392 non
2884 4337 3003 4394 sine
3046 4337 3236 4393 fraude
3279 4339 3632 4408 proponitur,
3666 4357 3768 4398 nec

2171 4428 2277 4484 duo
2308 4429 2631 4500 simpliciter
2659 4439 2947 4499 negantur:
2977 4447 3171 4484 nomen
3196 4445 3323 4485 vero
3349 4432 3666 4489 substantiae
3689 4433 3764 4488 id-

2173 4521 2319 4576 circo
2353 4522 2569 4591 penitus
2610 4521 2852 4590 juratur,
2884 4531 2942 4575 ut.
2981 4521 3257 4577 seindatur
3286 4538 3313 4576 a
3363 4523 3522 4578 Patre
3561 4523 3766 4580 Filius:

2173 4613 2406 4684 denique
2453 4613 2706 4669 nativitas
2735 4614 2852 4684 ejus
2900 4613 3170 4670 referatur
3196 4614 3411 4684 ignota,
3445 4630 3566 4685 qua:
3595 4614 3677 4682 si,
3711 4627 3772 4670 ut

455 4719 732 4776 modestia
756 4721 1024 4791 religiosae
1049 4721 1420 4777 venerationis
1442 4721 1743 4785 occultum,
1759 4721 1808 4774 in
1829 4719 2066 4776 medium

2175 4718 2257 4762 est
2283 4723 2348 4763 ex
2377 4706 2566 4772 Patre,
2597 4711 2664 4761 ita
2701 4707 2950 4763 credatur
2972 4751 2985 4774 ,
3018 4709 3132 4777 ipsa
3161 4708 3244 4763 sui
3275 4707 3614 4764 confessione
3635 4709 3770 4762 satis

457 4812 714 4880 proferre
737 4827 836 4868 nos
869 4812 1170 4868 convenit:
1204 4823 1262 4867 ut
1289 4823 1343 4867 el
1365 4814 1563 4866 malum
1611 4812 1755 4882 quod
1803 4812 1906 4869 sub
1947 4812 2070 4882 Opi-

471 4904 633 4959 nione
653 4905 945 4962 verborum
976 4907 1303 4976 simplicium
1335 4907 1486 4969 latet,
1521 4905 1986 4976 deprehendatur,
2015 4914 2072 4964 et

471 5000 766 5056 mendacio
812 5001 1029 5056 detecto
1066 5001 1271 5056 veritas
1310 5000 1609 5054 interclusa
1669 4999 1924 5069 respiret.
1967 4999 2074 5053 De-

466 5091 884 5148 strucnda-sunt
906 5093 1054 5148 enim
1077 5094 1280 5159 aliena,
1307 5099 1366 5146 ut
1396 5092 1598 5147 nostris
1626 5091 1880 5146 credatur
1907 5109 1918 5145 :
1946 5105 2072 5144 nos-

455 5185 568 5242 tris
595 5195 778 5242 autem
800 5186 947 5250 ,=nisi
973 5202 1035 5240 ea
1071 5186 1272 5241 fuerint
1319 5185 1634 5250 destructa,
1668 5173 1725 5240 ut
1761 5185 1891 5240 solis
1921 5180 2070 5240 credi

2177 4810 2302 4854 nota
2345 4807 2448 4855 est.
2497 4799 2664 4871 Major
2705 4799 2864 4854 Pater
2895 4798 3032 4854 Filio
3079 4799 3306 4865 dicitur,
3343 4816 3448 4854 non
3483 4808 3662 4856 tamen
3705 4815 3769 4855 ea

2173 4892 2479 4946 differentia
2513 4907 2612 4961 qua
2647 4890 2784 4945 Filio
2811 4892 2988 4959 ,l‘ater
3019 4891 3192 4962 major
3222 4899 3336 4957 est,
3377 4889 3470 4948 sed
3515 4891 3768 4947 omnibus

2175 4981 2370 5038 divina)
2402 4981 2586 5053 gloria:
2617 4982 2775 5038 bonis
2802 4983 3004 5054 major:
3035 4983 3229 5054 quibus
3274 4985 3318 5037 si
3366 4985 3544 5038 minor
3569 4993 3654 5040 est
3681 4984 3772 5041 Fi-

2176 5078 2310 5142 lius,
2346 5094 2444 5132 nec
2492 5077 2606 5149 ipse
2653 5093 2776 5133 esse
2816 5077 2868 5132 in
2903 5077 3062 5133 Patre
3101 5076 3344 5142 dabitur,
3380 5080 3504 5148 quia
3551 5077 3685 5133 nihil
3718 5080 3770 5134 in

2176 5172 2521 5242 semctipsam
2546 5172 2771 5241 recipiet
2807 5183 3008 5226 aeterna
3033 5171 3150 5240 ejus
3182 5171 3490 5238 beatitudo,
3519 5171 3620 5226 nisi
3649 5186 3773 5242 pro-

2179 5269 2374 5338 prium.
2408 5265 2524 5321 Non
2556 5279 2732 5322 autem
2768 5267 3042 5336 prOprium
3072 5265 3202 5332 Dei,
3238 5267 3340 5320 nisi
3366 5265 3584 5337 plenum
3610 5271 3773 5334 atque

2183 5361 2507 5431 perfectum;
2541 5376 2640 5416 nec
2668 5376 2879 5414 rursum
2909 5359 2962 5414 itt
2995 5373 3060 5414 eo
3090 5358 3248 5413 Pater
3277 5375 3397 5414 esse
3427 5357 3735 5427 dignabitur
3755 5397 3770 5423 ,

2184 5458 2235 5512 in
2267 5474 2374 5530 quo
2408 5465 2552 5511 totus
2580 5472 2702 5512 esse
2737 5471 2844 5510 non
2886 5453 3075 5523 possit.
3101 5453 3322 5510 Habere
3371 5453 3581 5510 initium
3615 5450 3774 5505 Pater

2186 5560 2444 5620 negatur,
2471 5547 2577 5604 hoc
2606 5547 2760 5616 ideo,
2790 5557 2848 5603 ut
2879 5545 3046 5603 Filius
3091 5565 3196 5604 non
3244 5545 3310 5600 ad
3343 5557 3652 5609 auctorem,
3685 5544 3780 5600 sed

469 5278 700 5345 debeat,
732 5295 837 5334 non
864 5278 968 5334 nlst
997 5280 1326 5334 credendum
1351 5278 1528 5333 video.
1557 5277 1723 5349 Igitur
1755 5287 1781 5314 ει
1810 5287 1935 5331 ante
1964 5276 2073 5330 lite-

473 5371 638 5425 resim
667 5372 909 5428 zabolica
939 5371 1128 5427 fraude
1157 5382 1411 5426 ca-catam
1439 5369 1684 5441 proferre
1711 5370 1762 5424 in
1795 5369 2077 5425 conscien-

471 5465 603 5521 tiam
633 5467 907 5536 publicam
935 5467 1158 5534 possim;
1185 5473 1364 5521 tamen
1395 5465 1522 5519 dum
1552 5465 1620 5520 de
1653 5464 1766 5533 ipsa
1799 5463 1931 5518 mihi
1962 5475 2078 5518 ser-

476 5571 565 5611 mo
590 5565 706 5623 est,
729 5556 866 5611 dans
899 5555 1024 5611 fidei
1053 5571 1188 5612 mea:
1216 5555 1410 5626 pignus
1433 5596 1446 5618 ,
1476 5554 1803 5608 catholicum
1834 5567 1922 5609 me
1952 5568 2076 5623 pro—

559 5740 585 5770 ⁸
625 5737 753 5792 Ante
783 5737 1040 5794 heresim.
1075 5733 1523 5793 Przemittendum
1556 5731 1770 5789 videtur
1814 5731 2044 5802 quamvis
2062 5765 2078 5796 ,
2120 5725 2205 5784 vel
2235 5724 2362 5798 quid
2389 5723 2587 5780 simile.
