4200 6180
476 199 547 256 15
1084 202 1094 223 '
1531 207 1590 263 S.
1631 206 1993 267 PHCEBADH
2033 210 2246 271 EPISC.
2288 214 2698 277 AGINNENSIS
3719 222 3788 279 16

484 314 553 369 ad
588 323 801 385 tempus
843 314 1046 371 habere
1093 318 1372 373 credatur.
1413 318 1549 374 Puto
1603 330 1816 388 autem,
1848 326 1934 383 cui
1987 327 2087 380 ini-
2115 336 2163 389 Α

487 406 618 460 tium
647 406 727 462 sic
756 408 1048 463 ascribitur
1067 452 1081 472 ,
1118 410 1208 464 fini
1237 411 1504 468 obnoxius
1533 428 1640 468 non
1674 429 1922 486 negetur.
1950 418 2087 473 Sub-

478 502 661 569 jectus
709 502 909 557 deinde
956 504 1103 558 Patri
1152 504 1325 560 Filius
1374 506 1609 574 dicitur;
1645 526 1751 563 non
1802 520 1982 565 tamen
2033 522 2089 567 ut

483 593 657 649 Filius
701 595 880 662 Patri,
914 597 1007 650 sed
1041 607 1098 651 ut
1155 613 1343 653 servus
1378 600 1635 667 Domino,
1665 618 1789 657 cum
1841 604 2088 674 legamus

484 703 701 742 servum
735 687 1008 744 haeredem
1035 705 1157 746 esse
1186 707 1291 746 non
1327 708 1506 761 posse.
1530 695 1767 765 Denique
1796 711 1919 751 cum
1944 697 2089 751 omni

485 790 735 835 creatura
764 780 1046 850 subjectus
1076 783 1186 839 Deo
1213 783 1449 840 refertur
1469 828 1483 851 ,
1514 786 1835 853 invisibilis,
1869 788 2091 844 immor-

485 870 609 925 talis
640 870 801 926 Pater
824 874 1138 940 nuntiatur,
1170 885 1226 929 ut
1257 875 1468 930 scilicet
1499 877 1551 931 in
1583 879 1871 933 contrariis
1900 895 2087 935 eorum

486 962 657 1020 Filius
676 965 875 1035 jaceat.
911 974 937 1002 ι
968 967 1025 1022 Si
1068 967 1185 1023 haec
1234 969 1400 1039 igitur
1449 972 1657 1040 singula
1703 989 1808 1027 non
1857 972 2090 1030 humana

484 1058 1035 1129 prmsumptiotie,scd
1058 1064 1382 1118 auctoritate
1408 1061 1588 1118 divina
1614 1066 2085 1136 loquirefellimus:

488 1167 830 1223 consequens
860 1154 966 1209 erit
996 1154 1051 1208 in
1084 1170 1145 1210 ea
1182 1167 1333 1224 parte
1360 1160 1683 1214 catholicam
1730 1160 1887 1216 fidem
1920 1170 2087 1229 stare,

489 1258 611 1313 qua:
668 1244 831 1299 talem
884 1245 1079 1316 recipit
1128 1247 1342 1317 Deum,
1390 1250 1564 1320 qualis
1616 1251 1778 1308 debet
1825 1268 1948 1309 esse
2000 1252 2091 1323 qui

492 1335 636 1392 Deus
666 1347 769 1392 est.

1112 1430 1339 1489 CAPUT
1379 1434 1468 1488 ΙΙΙ.

948 1542 1213 1599 Venenum
1244 1548 1395 1602 melle
1420 1548 1588 1602 litum.

565 1658 740 1715 Unum
765 1700 779 1723 ,
814 1658 1021 1730 inquit,
1052 1670 1266 1715 constat
1296 1662 1464 1718 Deum
1492 1656 1634 1719 esse.
1666 1664 1848 1721 Videri
1868 1666 2088 1737 quidem

2195 328 2377 395 (Joau.
2411 349 2511 399 xx,
2548 333 2659 405 l7):
2690 348 2799 405 qua
2840 334 3155 395 definitione
3181 337 3345 395 malm.
3385 338 3787 411 interpretatio-

2194 425 2277 478 nis
2308 425 2356 478 in
2388 435 2591 482 tantum
2622 444 2651 482 a
2674 429 2834 487 Patre
2876 431 3047 487 Filius
3078 441 3394 503 separatur,
3426 443 3482 488 et
3508 432 3643 488 infra
3671 449 3786 487 om-

2195 519 2525 588 nipotentem
2577 524 2750 579 Deum
2795 527 3047 596 ponitur:
3080 537 3139 582 ut
3194 528 3348 583 nobis
3396 536 3452 582 et
3490 527 3785 582 nativitatis

2193 611 2433 668 conditio
2453 656 2468 681 ,
2495 623 2551 669 et
2577 617 2925 674 humanitatis
2953 618 3239 674 inﬁrmitas
3262 619 3515 675 societur.
3550 617 3787 690 Denique

2193 706 2526 779 subjnngunt
2565 710 2733 766 Deum
2765 712 3005 767 omnium
3028 755 3042 780 ,
3078 713 3226 770 Unus
3251 724 3333 769 est
3364 714 3541 779 Deus,
3573 729 3683 784 quo
3703 714 3786 770 di-

2192 806 2281 852 cto
2311 798 2569 855 Dominus
2599 818 2705 857 non
2740 804 2881 859 Deus
2908 805 3154 861 absolute
3199 805 3536 877 denegatur;
3569 807 3678 861 Deo
3708 816 3789 864 et-

2193 892 2339 950 enim
2361 896 2500 952 Patri
2525 914 2631 953 non
2656 899 2779 955 Filii
2809 902 3046 968 nomine,
3070 901 3164 957 sed
3188 910 3451 958 creatura:
3474 902 3788 962 conditione

2192 986 2497 1056 subjicitur.
2534 989 2599 1044 Et
2626 990 2790 1047 credo
2811 1035 2825 1057 ,
2862 992 2963 1048 hoc
2993 994 3113 1049 loco
3154 995 3449 1049 auctoritas
3479 996 3785 1066 Apostolica

2192 1080 2555 1137 vindicabitur
2576 1126 2590 1147 ,
2620 1096 2677 1138 ut
2713 1085 2854 1141 Deus
2881 1085 3127 1143 Christus
3151 1087 3361 1143 dicatur
3404 1090 3584 1159 potius
3625 1105 3785 1161 quam

2195 1172 2296 1225 sit:
2338 1173 2461 1243 quia
2509 1174 2738 1231 dixerit:
2780 1175 2848 1229 Et
2891 1179 3101 1233 donavit
3138 1180 3217 1234 illi
3250 1180 3388 1235 Deus
3430 1198 3615 1235 nomen
3653 1185 3789 1253 quod

2193 1279 2347 1330 super
2376 1280 2524 1319 omne
2560 1283 2743 1321 nomen
2772 1279 2846 1322 est
2868 1267 3154 1341 (Philipp.,
3186 1285 3258 1338 ιι,
3282 1271 3364 1343 9)‘.
3392 1271 3499 1329 Sed
3540 1283 3596 1328 et
3622 1274 3789 1343 ipsius

2198 1355 2408 1410 Domini
2440 1361 2685 1427 negantis
2712 1374 2834 1415 esse
2880 1377 2941 1417 se
2987 1362 3158 1417 Deum
3201 1379 3421 1429 verum,
3449 1380 3572 1420 eum
3619 1366 3784 1421 dicit:

2197 1444 2325 1500 ch
2349 1458 2421 1501 est
2444 1450 2544 1502 vita
2569 1462 2791 1519 (eterna,
2822 1464 2877 1506 ut
2907 1464 3213 1526 cognoscant
3246 1466 3293 1511 te
3312 1457 3482 1511 solum
3532 1469 3581 1513 et
3615 1473 3789 1515 verum

2195 1536 2367 1592 Deum
2411 1540 2592 1611 (Joan.
2633 1559 2779 1611 xvn,
2813 1545 2905 1613 5);
2956 1556 3054 1602 et:
3091 1548 3231 1615 Quid
3271 1566 3382 1616 me,
3415 1549 3627 1621 inquit,
3661 1552 3790 1608 dicis

2198 1631 2429 1687 bonum."
2456 1652 2602 1691 nemo
2631 1638 2792 1692 bonus
2827 1641 2926 1694 nisi
2956 1657 3087 1695 unus
3119 1642 3257 1697 Deus
3297 1643 3451 1717 (Luc.
3494 1662 3643 1715 xvut,
3675 1646 3786 1719 l9).

1102 1755 1336 1795 ίηηηιηη
1380 1718 2091 1795 ρηηέμίςῆένεςξιξξηζξᾼξξξξ
2120 1718 2166 1778 Β
2194 1722 2386 1779 Adhuc
2424 1728 2645 1784 audies:
2690 1728 2798 1785 Cur
2842 1732 3100 1789 honorem
3147 1736 3216 1791 ab
3269 1752 3375 1792 uno
3419 1747 3473 1793 et
3513 1740 3632 1794 solo
3675 1739 3790 1795 Deo

486 1768 594 1807 non
630 1763 853 1822 possunt
880 1755 1336 1810 calumniantibus
1380 1758 1711 1828 conjecturis
1744 1771 2091 1831 argumenta-

487 1846 567 1912 ri,
601 1856 654 1901 et
686 1848 1026 1902 sanetitatem
1062 1848 1183 1903 fidei
1215 1849 1478 1918 simplicis
1507 1853 1738 1921 maligna
1764 1854 2089 1923 interpreta-

488 1937 639 1992 tione
686 1946 963 2009 torquere.
1007 1940 1115 1994 Sed
1162 1942 1568 2010 respiciendum
1610 1945 1675 1997 ad
1724 1944 2008 2000 Ursacium
2039 1958 2093 2002 et

484 2025 769 2083 Valentem
817 2038 872 2083 et
913 2028 1254 2096 Potamium,
1302 2032 1426 2099 quia
1478 2048 1856 2103 saepenumero
1903 2037 2091 2092 iisdem

488 2120 680 2174 verbis
723 2120 940 2174 unicum
970 2121 1138 2175 Deum
1186 2123 1409 2178 subdola
1444 2124 1631 2179 fraude
1678 2128 1909 2183 confessi
1944 2139 2089 2183 sunt.

485 2213 629 2269 Nihil
661 2213 891 2283 simplex
916 2214 968 2269 in
1003 2214 1105 2269 hac
1135 2214 1262 2269 fidei
1311 2215 1648 2285 professione
1696 2220 1943 2289 suscepi,
1972 2238 2093 2291 qua:

484 2307 661 2378 prima
707 2306 890 2363 fronte
937 2308 1002 2361 ad
1049 2308 1400 2376 decipiendos
1449 2310 1771 2381 imperitos,
1802 2315 2089 2382 credulos,

487 2403 769 2466 incautos,
800 2401 1058 2456 hzcretiea
1101 2402 1399 2458 subtilitate
1440 2404 1743 2462 blanditur:
1776 2409 1888 2475 pari
1931 2409 2094 2464 modo

489 2508 599 2564 quo
626 2494 820 2549 veneni
852 2494 1104 2563 poculum
1138 2494 1298 2549 mella
1327 2498 1731 2553 commendant.
1762 2497 1936 2554 Unum
1958 2543 1970 2567 ,
2008 2501 2091 2554 in-

487 2586 643 2656 quit,
685 2595 899 2640 constat
953 2586 1119 2641 Deum
1166 2588 1593 2658 omnipotentem
1638 2591 1871 2647 Patrem.
1920 2592 2093 2648 Nemo

486 2689 739 2735 nostrum
764 2680 1030 2748 abnegat,
1056 2680 1178 2748 quia
1208 2696 1367 2736 nemo
1391 2682 1627 2753 ignorat:
1660 2685 1751 2739 sed
1778 2687 1859 2758 (ut
1880 2686 2091 2755 probari

483 2773 732 2841 ipsorum
762 2774 1081 2829 tractatibus
1106 2775 1306 2846 potest)
1329 2776 1555 2832 dicimus
1580 2779 1697 2833 illos
1719 2779 1822 2834 hoc
1843 2780 1961 2836 loco
1983 2798 2089 2836 non

487 2876 598 2920 tam
627 2882 792 2922 unum
822 2868 992 2922 Detnn
1023 2872 1325 2937 professos,
1359 2887 1518 2941 quam
1552 2890 1718 2927 unttm
1748 2875 1959 2931 Patrem
1983 2892 2091 2933 om-

484 2956 849 3024 nipmentem.
902 2959 1148 3030 Namque
1194 2972 1249 3016 et
1296 2963 1486 3018 eadem
1544 2967 1851 3021 conSIantia
1893 2967 2088 3024 Filium

487 3048 725 3115 nolunt,
771 3058 827 3105 et
872 3051 1037 3105 Deum
1088 3061 1268 3108 tamen
1321 3052 1515 3108 Filium
1564 3059 1911 3113 Confitentur.
1953 3060 2089 3116 Puto

483 3141 796 3211 suscepisse
846 3143 1078 3197 alterum
1114 3158 1221 3198 non
1274 3147 1590 3215 negabunt;
1625 3160 1679 3202 et
1711 3149 1912 3205 idcirco
1956 3152 2090 3209 inte-

484 3248 645 3303 grum
676 3234 793 3288 illis
812 3243 898 3288 est
934 3234 987 3289 in
1023 3236 1122 3290 hac
1165 3252 1257 3291 sua
1294 3238 1517 3305 perfidia
1542 3282 1557 3306 ,
1602 3257 1707 3296 non
1750 3243 1890 3309 fide,
1925 3262 2090 3303 unum

484 3324 656 3379 Deum
682 3324 921 3390 Patrem,
941 3341 1101 3397 quam
1126 3343 1287 3382 unum
1317 3328 1482 3384 Deum
1531 3332 1730 3388 dicant.
1756 3336 2089 3408 Quamquam

486 3418 542 3472 in
596 3419 742 3472 omni
791 3419 1147 3488 professionis
1191 3438 1305 3477 sure
1346 3438 1576 3493 corpore
1630 3427 1708 3482 sic
1766 3429 1941 3498 ipsum
1985 3432 2090 3488 Do-

490 3512 703 3566 minum
746 3522 989 3568 nostrum
1025 3530 1129 3569 non
1180 3525 1416 3584 negant,
1450 3528 1506 3573 ιιι
1556 3520 1721 3575 Deum
1770 3523 2088 3594 destruant,

482 3604 591 3661 hoc
616 3613 733 3668 est,
766 3615 825 3661 ut
852 3614 1061 3662 tantum
1094 3612 1313 3664 nomine
1347 3612 1563 3668 Domini
1594 3614 1813 3683 dicant,
1843 3636 1951 3689 quo
1994 3638 2091 3675 no-

484 3687 633 3751 mine
661 3698 824 3750 etiam
860 3714 957 3752 nos
983 3701 1245 3770 appellari
1276 3703 1419 3757 soliti
1462 3720 1672 3762 sumus.
1712 3687 2084 3786 Ego,_inquit,

478 3789 623 3844 dixi:
662 3789 759 3845 Vos
789 3791 863 3845 dii
911 3794 1031 3847 estis
1061 3792 1239 3864 (Psal.
1277 3813 1471 3861 Lxxxt,
1501 3797 1580 3871 6).
1612 3800 1731 3868 Quo
1778 3808 1997 3862 nomine
2034 3816 2089 3861 et

477 3880 696 3955 Moyses
742 3895 869 3938 ante
911 3886 1144 3942 donatus
1184 3902 1262 3943 εει
1293 3908 1306 3942 :
1356 3889 1574 3966 Faciam
1607 3904 1673 3957 te,
1706 3895 1901 3966 inquit,
1932 3898 2087 3953 deum

485 3971 763 4027 Pharaoni
793 3973 1098 4047 (Exod.vtt.
1118 3980 1192 4046 i).
1220 3979 1299 4033 Ne
1321 3964 1444 4049 quis
1467 4000 1597 4052 ergo
1624 3964 1881 4055 putct'his
1909 3993 2087 4047 verbis

479 4066 667 4136 perlici
687 4065 1009 4121 catholicam
1041 4067 1455 4138 professionem,
1472 4076 1514 4127 si
1532 4085 1584 4129 et
1606 4092 1766 4131 unum
1794 4080 1959 4136 Deum
1980 4083 2084 4137 Pa-

478 4167 621 4213 trem
652 4158 975 4215 confitemur
996 4203 1010 4227 ,
1035 4171 1092 4217 et
1122 4163 1286 4217 Deum
1311 4164 1504 4221 Filium
1534 4184 1639 4223 non
1676 4187 1953 4241 negamus.
1983 4176 2087 4232 Po-

480 4257 591 4305 test
620 4253 766 4305 enim
808 4263 859 4306 et
904 4253 1045 4308 Deus
1076 4254 1234 4310 Pater
1271 4257 1351 4311 sic
1380 4275 1517 4314 unus
1562 4260 1704 4317 Deus
1741 4264 1845 4321 diei
1868 4309 1881 4331 ,
1916 4276 1972 4323 ut
2014 4272 2084 4325 sit

478 4356 623 4399 unus
653 4342 813 4399 Pater
834 4384 847 4406 ,
872 4359 978 4399 non
1007 4346 1146 4401 Deus
1173 4364 1330 4405 unus.
1356 4351 1539 4408 Potest
1564 4363 1619 4409 et
1644 4358 1723 4413 sic
1751 4357 1915 4417 Filius
1939 4362 2081 4420 Deus

480 4433 587 4489 dici
609 4475 625 4501 ,
656 4443 714 4490 ut
742 4436 885 4492 Deus
915 4452 1021 4493 non
1052 4438 1141 4494 sit.

1105 4551 1336 4609 CAPUT
1372 4554 1466 4611 IV.

725 4662 868 4719 Deus
893 4682 1025 4721 unus
1044 4707 1060 4733 ,
1087 4677 1177 4723 aut
1208 4670 1405 4725 nullus.
1436 4670 1571 4728 ϐαξεὶ
1598 4675 1844 4732 Ιιωνειίεὶ.

549 4779 727 4842 Duos.
758 4780 963 4850 inquit,
992 4780 1123 4837 deos
1154 4798 1252 4839 nec
1300 4799 1459 4854 posse
1481 4826 1495 4850 ,
1530 4803 1629 4844 nec
1658 4792 1936 4861 prmdicari
1981 4796 2075 4854 de-

467 4868 607 4926 bere
636 4870 858 4925 scimus.
895 4870 1007 4926 Hoc
1040 4889 1138 4928 nec
1181 4890 1434 4946 umquam
1460 4893 1527 4933 ex
1567 4896 1663 4936 ore
1709 4894 1897 4940 nostro
1939 4888 2073 4946 duos

473 4960 608 5017 deos
634 4962 983 5034 proferimus.
1020 4965 1164 5021 Deus
1195 4969 1337 5023 enim
1387 4971 1430 5024 si
1479 4988 1584 5028 nou
1632 4992 1768 5030 unus
1811 4990 1866 5034 et
1912 4997 2070 5039 verus

472 5064 590 5122 est,
627 5056 764 5113 Deus
796 5073 900 5112 nou
933 5072 1035 5114 est.
1070 5059 1177 5116 Sed
1229 5062 1618 5123 advertendum
1670 5082 1754 5126 est
1778 5091 1880 5144 qua
1927 5078 2069 5134 istud

471 5150 789 5206 definitione
819 5163 1048 5221 ponatur
1069 5196 1083 5220 ,
1109 5155 1192 5209 cui
1228 5158 1467 5225 perfidiae
1501 5172 1719 5229 paretur
1744 5166 1845 5222 hoc
1876 5178 2067 5242 totum,

466 5242 523 5296 in
556 5243 702 5313 quod
748 5246 1017 5315 piaculum
1067 5252 1374 5303 communia
1416 5252 1694 5310 nobiscum
1732 5262 1894 5315 verba
1944 5280 2065 5335 pro-

464 5348 740 5406 rumpmt.
769 5336 959 5393 Statim
1000 5341 1143 5395 enim
1172 5357 1268 5396 cur
1293 5344 1430 5397 duos
1455 5345 1588 5400 deos
1620 5357 1938 5420 negaverint
1962 5376 2062 5427 po-

463 5442 631 5484 nunt:
664 5430 795 5498 Quia
832 5430 946 5499 ipse
983 5433 1121 5486 Deus
1149 5434 1217 5485 ait
1246 5453 1257 5489 :
1302 5434 1446 5490 Vado
1476 5440 1545 5493 ad
1571 5439 1779 5497 Patrem
1808 5463 1976 5504 meum
2014 5464 2062 5508 et

462 5518 675 5577 Patrem
706 5531 956 5590 vestrum,
986 5524 1055 5578 ad
1082 5523 1250 5580 Deum
1282 5544 1449 5584 meum
1476 5541 1521 5585 et
1545 5533 1613 5587 ad
1646 5534 1813 5593 Deum
1838 5552 2058 5601 vestrum

528 5730 554 5762 ι
596 5721 677 5777 Si.
711 5720 790 5778 ita
819 5723 1191 5782 rescribimus.
1222 5724 1312 5781 Al.
1346 5730 1442 5784 sic.

2195 1832 2300 1871 non
2343 1820 2617 1888 quaeritis?
2661 1823 2740 1877 De
2785 1825 2867 1879 die
2909 1837 3077 1882 autem
3115 1838 3164 1883 et
3206 1829 3335 1885 hora
3373 1849 3522 1887 nemo
3571 1835 3665 1888 scit
3692 1834 3791 1889 nisi

2195 1907 2355 1965 Pater
2380 1911 2520 1966 solus
2554 1913 2765 1981 (Matth.
2805 1933 2935 1972 xxiv
2955 1960 2968 1983 ,
3001 1919 3114 1990 56).
3146 1920 3190 1975 Ο
3218 1921 3384 1977 duces
3430 1926 3593 1979 caici!
3628 1939 3662 1978 o
3690 1940 3792 1981 scc-

2194 2000 2299 2055 culi
2327 2003 2623 2059 ambitione
2644 2006 2887 2077 decepti!
2920 2025 3029 2064 non
3075 2010 3469 2082 distinguentes
3498 2017 3790 2072 Dominiczu

2196 2096 2454 2163 potentia:
2502 2098 2773 2170 duplicem
2835 2112 3075 2170 statum,
3122 2106 3173 2160 in
3202 2123 3298 2162 sua
3350 2125 3790 2184 unumquemque

2196 2192 2525 2260 proprietate
2568 2194 2892 2262 distantem;
2922 2207 2975 2253 et
3006 2198 3265 2270 quidquid
3291 2200 3360 2256 de
3411 2202 3627 2259 homine
3672 2206 3790 2275 ejus

2195 2279 2398 2337 dictum
2448 2292 2565 2350 est,
2614 2286 2725 2343 Deo
2772 2290 3089 2359 applicatis,
3142 2302 3199 2348 ut
3238 2294 3352 2365 ipse
3401 2295 3541 2353 Deus
3583 2296 3787 2355 homini

2197 2373 2571 2433 imbecillitate
2598 2380 2851 2437 societur.

2818 2517 3046 2576 CAPUT
3088 2521 3151 2576 V.

2372 2632 2680 2688 Arianorum
2713 2635 3063 2707 blasphemiaz.
3096 2641 3340 2712 Epistula
3370 2642 3618 2702 Potamii.

2269 2769 2334 2824 Et
2383 2771 2590 2827 ideirco
2635 2775 2907 2844 duplicem
2955 2778 3098 2835 hunc
3143 2791 3374 2849 statum,
3410 2801 3515 2842 non
3559 2788 3787 2859 conjuno

2194 2870 2366 2923 ctum,
2414 2864 2508 2918 sed
2554 2866 2841 2923 confusum
2888 2871 3051 2926 vultis
3101 2872 3306 2942 videri,
3335 2887 3391 2931 ut
3438 2880 3601 2934 etiam
3650 2896 3786 2937 unus

2194 2963 2468 3016 vestrum,
2500 2955 2553 3010 id
2586 2969 2700 3021 est,
2748 2960 2991 3030 Epistola
3040 2964 3271 3022 Potamii
3318 2985 3438 3039 quae
3469 2972 3537 3027 ab
3564 2972 3786 3029 Oriente

2195 3056 2249 3099 et
2277 3047 2574 3104 Occidente
2624 3052 2940 3109 transmissa
2989 3064 3107 3122 est,
3136 3074 3239 3128 qua
3273 3062 3509 3129 asserit;
3541 3079 3704 3120 carne
3733 3075 3787 3123 et

2195 3139 2391 3206 Spiritu
2433 3140 2636 3198 Christi
2685 3147 2992 3218 coagulatis
3039 3167 3136 3221 per
3161 3155 3482 3225 sanguinem
3514 3157 3693 3214 Maria:
3732 3169 3789 3215 et

2194 3229 2249 3283 in
2284 3247 2451 3287 unum
2481 3249 2682 3304 corpus
2710 3239 2945 3295 redactis
2967 3283 2980 3308 ,
3016 3245 3330 3311 passibilem
3366 3249 3532 3304 Deum
3561 3250 3781 3308 factum.

2192 3322 2307 3379 Hoc
2353 3326 2476 3381 ideo
2507 3344 2574 3383 ne
2628 3330 2749 3399 quis
2783 3333 2936 3388 illum
2980 3350 3049 3390 ex
3080 3351 3147 3391 eo
3174 3339 3452 3408 crederet,
3484 3359 3643 3414 quem
3686 3346 3784 3401 im-

2192 3418 2505 3485 passihilem
2555 3422 2689 3476 satis
2720 3436 2953 3481 constet.
3008 3428 3242 3486 Fecistis
3271 3434 3436 3504 igitur
3479 3436 3547 3492 de
3580 3438 3783 3509 Spiritu

2194 3508 2288 3565 Dei
2322 3521 2375 3566 et
2399 3528 2566 3570 earne
2594 3515 2831 3574 hominis
2864 3524 3049 3577 nescio
3079 3524 3205 3594 quid
3240 3528 3456 3583 tertium
3490 3548 3503 3583 :
3532 3531 3655 3600 quia
3684 3548 3785 3588 nec

2190 3616 2318 3658 vere
2345 3604 2509 3660 etiam
2544 3608 2684 3663 Deus
2714 3620 2831 3675 est,
2860 3613 2905 3666 si
2954 3614 3194 3671 Verbum
3225 3633 3346 3674 esse
3385 3620 3588 3678 desinit
3616 3624 3785 3696 (caro

2190 3697 2335 3751 enim
2365 3698 2536 3754 factus
2563 3702 2684 3774 est)
2710 3719 2725 3767 ;
2760 3721 2938 3775 neque
2971 3724 3095 3764 vere
3124 3710 3308 3778 homo,
3342 3715 3467 3784 quia
3492 3730 3597 3770 non
3652 3732 3783 3787 pro-

2190 3789 2310 3858 prie
2356 3806 2489 3845 caro
2510 3834 2525 3859 ,
2559 3795 2657 3847 fuit
2684 3798 2830 3851 enim
2864 3798 3125 3865 Verbum,
3158 3818 3222 3858 ac
3247 3805 3291 3860 si
3318 3820 3385 3861 ex
3415 3815 3642 3877 utroque
3666 3809 3781 3878 jam

2190 3892 2446 3939 neutrum
2477 3895 2560 3940 est
2583 3928 2597 3950 ,
2654 3887 2769 3954 ille,
2799 3890 3045 3960 inquam,
3074 3894 3164 3951 ille
3192 3898 3282 3967 qui
3311 3908 3501 3955 contra
3535 3901 3636 3957 hoc
3684 3918 3781 3959 ve-

2190 3990 2389 4030 nenoin
2415 3989 2696 4050 utramque
2725 3982 3085 4042 substantiam
3111 4004 3265 4045 suam
3288 3990 3515 4049 aﬂecws
3541 3997 3783 4067 proprie-

2191 4075 2299 4123 tate
2329 4070 2601 4127 distinxit.
2636 4073 2767 4129 Nam
2799 4088 2857 4132 et
2904 4078 3137 4149 Spiritus
3189 4083 3243 4139 in
3277 4085 3370 4141 illo
3417 4103 3505 4144 res
3534 4105 3660 4146 suas
3699 4106 3784 4147 re-

2186 4160 2287 4229 git,
2322 4160 2371 4216 id
2403 4174 2508 4229 est,
2538 4165 2768 4223 virtutes
2796 4181 2849 4225 et
2877 4186 3045 4242 opera
3088 4187 3143 4231 et
3171 4176 3325 4249 signa
3355 4197 3369 4234 :
3397 4190 3452 4237 et
3479 4197 3606 4240 caro
3658 4199 3782 4257 pas-

2189 4252 2439 4310 sionibus
2475 4258 2588 4313 suis
2633 4260 2818 4317 functa
2860 4274 2963 4321 est.
3008 4267 3197 4325 Cibum
3246 4270 3615 4344 desideravit,
3657 4252 3778 4335 eum

2190 4352 2494 4404 tentaretur
2520 4366 2551 4405 a
2592 4354 2787 4410 sabulo
2821 4373 2835 4409 :
2869 4357 3043 4414 sitivit
3089 4361 3154 4416 ad
3211 4372 3430 4432 puteum
3483 4368 3773 4439 Samaria,

2105 4484 2161 4544 Β
2186 4452 2307 4494 cum
2363 4447 2639 4514 pmpheta:
2692 4464 2798 4504 vox
2830 4450 2900 4504 sit
2934 4468 2948 4506 :
2980 4452 3124 4509 Deus
3152 4464 3394 4513 aeternus
3425 4476 3607 4531 neque
3633 4464 3780 4522 sitiet

2188 4549 2363 4604 neque
2393 4539 2618 4593 csuriet.
2651 4539 2790 4609 Quid
2822 4543 2998 4599 adhuc
3029 4546 3097 4601 de
3127 4546 3366 4606 hominis
3406 4552 3601 4611 alicula
3632 4557 3780 4613 flevit

2184 4624 2446 4683 Lazarum
2494 4643 2549 4685 et
2597 4632 2947 4691 Jerusalem?
2994 4650 3275 4709 postremo
3326 4646 3519 4701 anxius
3567 4647 3665 4703 fuit
3708 4650 3775 4704 ad

2182 4728 2441 4777 mortem.
2477 4724 2584 4779 Sed
2630 4728 2771 4796 quod
2822 4734 3095 4801 expressit
3123 4734 3345 4803 affectu,
3380 4740 3635 4808 numquid
3669 4757 3775 4798 non

2181 4820 2417 4867 testatus
2468 4826 2551 4871 est
2576 4819 2796 4875 verbis?
2824 4821 2914 4878 Ait
2958 4824 3104 4880 enim
3142 4826 3438 4885 Nicodemo
3468 4847 3481 4884 :
3515 4829 3668 4897 Quod
3709 4835 3774 4891 de

2179 4920 2334 4958 carne
2363 4916 2537 4961 natum
2569 4920 2659 4976 est,
2696 4928 2817 4968 caro
2874 4925 2985 4984 est,
3014 4921 3229 4989 etquod
3278 4921 3343 4974 de
3378 4924 3588 4994 spiritu,
3617 4931 3773 4999 spiri-

2182 5005 2263 5050 tus
2291 4995 2470 5069 (Joan.
2502 5016 2579 5069 nl,
2614 5003 2700 5076 6);
2736 5017 2790 5061 et
2832 5024 2984 5076 caro,
3020 5010 3213 5081 inquit,
3269 5014 3501 5085 inﬁrma,
3556 4995 3771 5091 spiritus

2179 5100 2446 5163 promptus
2478 5104 2551 5148 est
2580 5096 2792 5169 (Matt/1.
2827 5116 2920 5155 xxt
2942 5143 2955 5167 ,
2987 5101 3099 5174 46).
3132 5103 3249 5160 Non
3291 5122 3427 5179 ergo
3455 5110 3516 5167 ﬁt
3544 5114 3770 5183 spiritus

2177 5196 2325 5247 caro.
2376 5202 2475 5242 nec
2523 5206 2652 5245 caro
2704 5193 2972 5263 Spiritus:
3004 5199 3149 5268 quod
3198 5202 3285 5256 isti
3332 5205 3518 5261 \‘olnnt
3562 5209 3769 5280 egregii

2175 5273 2429 5334 doctores
2452 5322 2468 5347 ,
2499 5290 2558 5337 ut
2586 5281 2760 5339 factus
2785 5287 2856 5340 sit
2882 5289 3094 5346 scilicet
3122 5292 3387 5352 Dominus
3416 5307 3469 5352 et
3502 5273 3642 5352 Deus
3671 5273 3768 5356 no-

2171 5378 2287 5423 stcr
2312 5386 2377 5424 ex
2423 5372 2522 5428 hac
2568 5375 2997 5437 substantiarum
3059 5388 3418 5453 permixﬁouc
3467 5389 3761 5457 passibilis.

2169 5459 2293 5515 Ideo
2326 5473 2504 5521 autem
2539 5469 2851 5539 passibiletn
2879 5476 3068 5533 volunt
3094 5479 3229 5545 dici,
3267 5493 3336 5535 ne
3361 5489 3416 5535 et
3446 5481 3761 5553 itnpassibi-

2165 5552 2233 5608 lis
2261 5558 2539 5617 credatur.
