4200 6180
393 386 459 445 17
1597 390 1800 450 LIBER
1840 391 2117 451 CONTRA
2158 393 2479 453 ARIANOS.
3622 404 3690 460 18

1022 509 1252 568 CAPUT
1294 511 1377 567 Vl.

647 644 864 701 Nicama
894 647 1141 719 synodus.
1183 647 1389 705 Veritas
1415 649 1740 721 incorrupta.

469 830 575 888 Sed
608 831 739 901 quid
772 848 999 890 necesse
1023 842 1107 889 est
1136 833 1327 888 altiora
1358 835 1623 899 serutari,
1650 843 1707 889 et
1732 832 1880 889 virus
1908 834 1992 889 in-

398 933 610 979 ternum
642 940 739 993 per
768 936 1088 994 argumenta
1130 926 1390 995 prodiens
1418 928 1691 981 communi
1720 940 1995 995 exponere

396 1026 449 1071 et
480 1017 765 1088 publicare
804 1016 1035 1088 judicio,
1067 1033 1191 1073 cum
1240 1018 1473 1089 lucifuga
1505 1033 1731 1087 serpens
1774 1033 1873 1088 per
1900 1034 1996 1071 an-

396 1110 600 1167 fractus
647 1112 911 1167 evolvens
960 1114 1161 1167 seriem
1216 1128 1369 1166 suam
1414 1122 1767 1180 tortuoseque
1807 1126 1998 1179 proce-

398 1205 565 1272 dens,
599 1206 774 1276 qualis
804 1216 1145 1274 quantusque
1196 1206 1265 1260 sit
1313 1204 1606 1276 aliquando
1656 1203 1997 1275 prodiderit,

398 1307 455 1354 et
482 1313 752 1354 venenum
784 1297 934 1368 prius
962 1299 1127 1353 solito
1164 1297 1355 1351 solitus
1392 1312 1684 1367 aspergere
1716 1295 1995 1363 libertate,

400 1394 645 1449 victoriis
675 1402 851 1449 totum
880 1393 1089 1463 pariter
1126 1391 1415 1447 etl‘uderit‘!
1444 1391 1527 1445 Ab
1558 1390 1839 1460 Episcopis
1877 1405 2001 1459 prn-

401 1486 547 1543 cedit
574 1476 811 1543 edictum
843 1504 859 1542 :
888 1485 1059 1541 Nemo
1088 1502 1250 1542 unam
1283 1487 1645 1541 Snbstantiam
1678 1486 1859 1540 dicat:
1893 1484 1998 1539 hoc

402 1591 484 1636 εει
518 1598 530 1634 :
563 1579 733 1636 Nemo
762 1581 814 1635 in
847 1580 1089 1636 Ecclesia
1110 1579 1373 1651 prtedicet
1394 1579 1569 1635 Patris
1596 1588 1651 1633 et
1679 1577 1804 1633 Filii
1836 1592 1999 1632 unam

401 1688 526 1731 esse
549 1674 831 1730 virtutem.
860 1673 1001 1741 Quid
1028 1673 1213 1745 egistis
1232 1716 1247 1740 ,
1283 1688 1317 1728 o
1348 1674 1520 1729 heatze
1550 1674 1831 1728 memoria:
1863 1670 1997 1735 viri,

402 1768 494 1839 qui
525 1782 593 1823 ex
624 1767 878 1824 omnibus
903 1767 1055 1822 orbis
1087 1766 1334 1838 partibus
1374 1765 1606 1820 Nicmam
1652 1762 1999 1834 congregati,

402 1870 457 1915 et
481 1858 657 1915 sacris
683 1857 1049 1914 voluminibus
1078 1858 1385 1929 pertractis,
1418 1856 1716 1929 perfectam
1751 1854 1876 1909 ﬁdei
1908 1870 1998 1909 ca-

402 1951 621 2008 tholica:
652 1952 896 2023 regulam
946 1952 1411 2021 circuminSpecto
1465 1964 1719 2005 sermone
1760 1948 1995 2016 fecistis,

400 2046 594 2101 dantes
646 2044 785 2100 bene
813 2044 1164 2100 credentibus
1194 2044 1503 2099 communis
1548 2042 1670 2097 lidei
1700 2041 1955 2096 dexteras
1982 2084 1996 2106 ,

402 2135 714 2192 errantibus
740 2150 871 2190 vero
898 2138 1127 2190 formam
1160 2134 1457 2189 credendi?
1488 2133 1566 2189 En
1600 2133 1750 2188 labor
1791 2143 1995 2197 vester,

402 2246 471 2287 en
502 2230 663 2285 anxia
712 2229 1025 2284 sollicitudo
1069 2244 1177 2300 quo
1208 2228 1421 2294 recidit,
1453 2243 1555 2298 qua
1602 2228 1829 2282 orientis
1870 2226 1999 2281 mali

401 2323 635 2388 semina,
667 2332 925 2393 quantum
961 2323 1014 2376 in
1042 2322 1195 2376 vobis
1222 2332 1350 2375 tunc
1381 2320 1501 2383 fuit,
1538 2321 1880 2391 profeSSione
1909 2334 2003 2375 ca-

398 2415 601 2471 tholica
650 2416 983 2470 necavisds?
1031 2414 1256 2470 Vetatur
1288 2415 1339 2469 in
1383 2415 1627 2470 Ecclesia
1679 2414 1997 2484 prmdieari,

395 2505 539 2577 quod
571 2505 749 2561 solum
778 2505 1046 2560 sanxistis
1075 2506 1146 2558 ob
1183 2507 1416 2559 haereses
1438 2505 1768 2576 detegendas
1795 2504 2001 2560 debere

398 2597 452 2652 in
487 2597 734 2653 Ecclesia
784 2598 1095 2668 praedicari.
1127 2596 1364 2652 Tollitur
1414 2600 1556 2666 quod
1609 2597 1879 2665 probastis
1902 2640 1917 2663 ,
1946 2608 2003 2651 et

397 2692 543 2763 quod
574 2691 878 2746 damnastis
908 2690 1182 2746 inducitur
1213 2709 1225 2743 :
1258 2693 1381 2760 quia
1413 2690 1756 2746 mendacium
1796 2689 1997 2755 astrui,

324 2816 329 2821 -
401 2786 502 2840 nisi
530 2784 802 2840 destrueta
830 2785 1059 2839 veritate
1087 2800 1192 2838 non
1219 2794 1455 2853 poterat.
1493 2782 1854 2838 Destructioni
1880 2784 2003 2851 qui-

398 2876 520 2932 dem
557 2877 647 2931 illa
681 2892 787 2931 non
832 2876 1109 2948 subjacet,
1139 2888 1191 2932 et
1221 2887 1277 2932 ut
1326 2886 1409 2931 est
1436 2892 1655 2945 semper
1686 2877 1999 2944 incorrupta

399 2966 647 3033 durabit;
677 2969 773 3024 sed
813 2984 1008 3023 manus
1039 2969 1142 3025 sibi
1170 2969 1470 3039 sacrilegas
1504 2968 1799 3023 inferentes
1820 3011 1835 3034 ,
1872 2974 2003 3019 tam-

399 3080 558 3136 quam
593 3064 849 3121 violatam
880 3065 1112 3136 punivit.

994 3267 1225 3325 CAPUT
1275 3267 1387 3323 Vll.

784 3404 1101 3459 Snbstantia:
1125 3419 1221 3458 vox
1250 3404 1557 3473 explicatur.

472 3582 646 3637 Nemo
693 3596 855 3636 unam
886 3582 1251 3638 substantiam
1299 3582 1466 3637 dicat.
1500 3582 1653 3649 Quod
1687 3582 1956 3652 piaculum
1978 3626 1994 3647 ,

404 3674 548 3747 quod
576 3674 787 3731 facinus
817 3675 869 3731 in
899 3675 1005 3731 hoc
1032 3676 1218 3741 verbo,
1254 3692 1357 3746 qua
1391 3692 1454 3731 ex
1490 3688 1642 3747 parte
1668 3677 1998 3735 catholicam

405 3768 566 3823 ﬁdem
612 3768 837 3840 pulsat?
888 3767 1153 3824 Utrumne
1196 3784 1335 3823 sono
1386 3769 1641 3833 vocabili,
1697 3784 1767 3823 an
1828 3769 2001 3824 inter-

402 3861 707 3933 pretatione
751 3861 829 3915 rei
884 3862 1105 3931 ipsius?
1170 3861 1315 3915 Niltil
1379 3860 1584 3916 fallor:
1618 3862 2003 3931 interpretatio

401 3965 551 4010 caret
578 3956 757 4023 culpa.
790 3953 1102 4010 Snbstantia
1134 3956 1276 4009 enim
1306 3954 1509 4010 dicitur
1531 3954 1581 4008 id
1613 3954 1754 4023 quod
1786 3969 2005 4023 semper

406 4060 476 4101 ex
502 4061 625 4101 sese
655 4054 742 4101 est
774 4062 789 4099 :
824 4045 929 4101 hoc
960 4055 1065 4113 est,
1099 4046 1242 4118 quod
1276 4046 1489 4115 propria
1526 4046 1665 4100 intra
1695 4062 1755 4099 se
1804 4046 2004 4100 virtute

405 4140 683 4205 subsistit;
714 4155 833 4210 qua:
859 4141 943 4195 vis
988 4142 1079 4194 ttni
1129 4150 1182 4193 et
1214 4141 1317 4195 soli
1372 4140 1480 4194 Deo
1508 4140 1789 4209 competit.
1820 4138 2003 4195 Usita-

408 4241 518 4287 tum
568 4248 697 4288 vero
726 4242 781 4287 el
827 4232 1102 4288 familiare
1129 4234 1329 4288 divinis
1360 4235 1733 4289 voluminibus
1762 4234 1862 4287 hoc
1907 4248 2006 4285 uo-

410 4340 534 4380 men
564 4341 663 4380 nec
692 4326 840 4393 ipsos
864 4308 995 4396 puto
1018 4327 1270 4396 ignorare
1290 4328 1379 4397 qui
1410 4337 1628 4396 negant.
1665 4326 1828 4380 David
1861 4325 2004 4380 enim

411 4434 478 4475 ex
508 4434 740 4490 persona
773 4418 972 4473 Christi
1025 4437 1037 4471 :
1082 4417 1288 4489 Inﬁxus
1320 4420 1513 4472 suntin
1554 4420 1675 4473 limo
1720 4418 2004 4489 profundi,

410 4522 457 4564 et
488 4528 589 4565 non
618 4520 691 4565 est
719 4510 1006 4565 substantia
1054 4510 1227 4582 (Psal.
1280 4526 1488 4577 xxvttt,
1520 4511 1599 4580 5).
1632 4512 1696 4565 Et
1740 4526 1957 4565 rursum
1993 4528 2005 4563 :

414 4604 717 4659 Snbstantia
745 4620 855 4657 mea
885 4605 939 4657 in
969 4603 1298 4673 inferioribus
1347 4616 1497 4657 terra:
1521 4601 1703 4675 (Psal.
1733 4616 1970 4656 cxxvvm
1990 4642 2006 4663 ,

2030 1907 2077 1967 B

2012 508 2069 570 Α
2092 525 2154 564 ea:
2182 510 2466 567 substantia
2514 531 2625 569 mea
2651 514 2805 586 (Luc.
2840 532 2961 582 xu,
2996 516 3074 587 8).
3104 517 3235 573 Ideo
3260 517 3378 573 haec
3425 518 3479 574 in
3525 534 3693 573 unum

2096 607 2340 669 exempla
2366 610 2763 678 nongeSsimus,
2795 624 2862 664 ne
2890 626 3074 666 sermo
3101 612 3196 667 ille
3244 622 3466 684 caperet
3513 611 3701 669 indoe-

2096 704 2200 759 tos,
2236 700 2380 768 quod
2408 704 2585 756 testati
2614 711 2772 769 sunt;
2807 702 3012 758 idcirco
3036 706 3401 759 Snbstantiam
3433 720 3701 775 nonprte-

2096 789 2348 856 dicatam,
2379 794 2501 861 quia
2553 792 2605 847 in
2652 794 2851 849 divinis
2898 796 3192 864 Seripturis
3248 811 3509 867 nusquam
3546 798 3697 852 iuve-

2098 882 2327 938 niretnr.
2364 884 2510 955 Ergo
2536 891 2580 940 si
2616 903 2794 957 neque
2822 888 2997 958 ipsum
3030 890 3352 944 vocabulum
3374 890 3698 945 substantia:

2099 977 2272 1029 sacris
2301 976 2500 1031 litteris
2548 994 2745 1032 novum
2780 990 2894 1043 est,
2927 997 3102 1053 neque
3156 984 3536 1054 interpretatio
3583 986 3704 1052 ejus

2102 1069 2267 1124 habet
2297 1072 2537 1137 crimen;
2572 1082 2823 1143 superest
2851 1083 2907 1129 ut
2933 1076 3287 1148 dispiciamus
3314 1092 3422 1148 qua
3447 1094 3511 1132 ex
3536 1093 3702 1133 causa

2103 1163 2423 1230 repudietur
2479 1166 2582 1220 hoc
2639 1181 2863 1222 nomen.
2934 1168 3305 1239 Dispicientes
3352 1182 3557 1234 autem,
3616 1172 3703 1227 itt-

2102 1258 2354 1312 venimus
2402 1259 2524 1314 illos
2575 1275 2680 1315 non
2712 1278 2944 1329 nomen,
2975 1265 3070 1319 sed
3123 1266 3361 1320 nominis
3409 1266 3704 1336 repudiare

2102 1348 2383 1405 virtutem.
2417 1351 2573 1417 Quod
2603 1353 2647 1408 si
2679 1356 2977 1418 relucebit,
3008 1357 3114 1411 erit
3158 1357 3301 1424 apud
3333 1372 3434 1413 nos
3476 1358 3706 1415 intuitus

2104 1442 2339 1496 noiniuis
2370 1452 2544 1499 Status
2574 1463 2588 1500 :
2617 1447 2727 1500 erit
2755 1460 2805 1501 et
2838 1447 3058 1502 illorum
3098 1464 3298 1505 sensus
3334 1453 3385 1505 in
3416 1450 3584 1517 vitio,
3611 1450 3708 1521 qui

2105 1533 2233 1588 dum
2266 1538 2509 1591 novellas
2538 1538 2781 1605 profante
2810 1540 3193 1612 intelligentia:
3226 1544 3343 1598 vias
3371 1552 3647 1615 quaerunt,
3679 1560 3706 1595 a

2104 1637 2255 1684 recto
2287 1630 2707 1701 Evangeliorum
2737 1634 2907 1689 limite
2933 1646 3308 1692 recesserunt.

2696 1811 2924 1869 CAPUT
2964 1812 3105 1870 Vill.

2396 1946 2769 2003 [hereticorum
2798 1950 3107 2020 objectiones
3138 1951 3432 2007 solvuntur.

2177 2106 2334 2160 Prius
2359 2114 2541 2160 tamen
2570 2122 2732 2178 quam
2766 2118 2955 2163 astruo
2986 2108 3130 2178 quod
3179 2106 3470 2177 spopondi,
3521 2121 3714 2162 occur-

2105 2197 2335 2254 rendum
2365 2208 2449 2253 est
2490 2198 2600 2253 illis
2637 2215 2756 2269 qua:
2818 2201 2870 2254 in
2922 2200 3256 2255 contrarium
3305 2210 3712 2270 proponuntur.

2102 2288 2271 2344 Aiunt
2300 2292 2443 2345 enim
2476 2291 2704 2345 inveniri
2734 2291 2955 2360 quidem
3006 2292 3060 2346 in
3094 2291 3298 2347 divinis
3336 2291 3712 2347 voluminibus

2104 2397 2300 2436 nomen
2329 2383 2670 2443 substantiae.
2698 2383 2795 2438 sed
2828 2400 2933 2437 non
2959 2385 3141 2437 statim
3169 2383 3449 2453 pertinens
3478 2384 3544 2438 ad
3567 2399 3716 2438 cant-

2103 2472 2228 2528 dem
2281 2474 2519 2542 Speciem
2550 2489 2671 2543 qua:
2722 2474 3012 2529 inducatur
3039 2492 3069 2530 a
3103 2475 3283 2530 nobis.
3316 2475 3394 2531 lbi
3438 2477 3586 2531 enim
3620 2490 3716 2545 per

2103 2567 2425 2622 substantia:
2477 2569 2840 2635 vocabulum,
2874 2580 2969 2624 aut
3009 2570 3271 2624 virtutem
3324 2578 3414 2624 aut
3462 2570 3718 2623 divinita-

2106 2668 2210 2713 tem
2257 2658 2575 2729 signiﬁcari.
2629 2662 2698 2715 Et
2746 2676 2846 2716 nos
2893 2678 3026 2731 ergo
3078 2679 3241 2718 unam
3292 2663 3471 2718 Patris
3500 2673 3555 2718 et
3584 2662 3712 2718 Filii

2103 2750 2463 2805 siib~tantiam
2494 2752 2853 2818 vindicantes,
2886 2755 3013 2825 quid
3045 2755 3191 2809 aliud
3242 2770 3402 2821 quam
3448 2755 3503 2808 in
3554 2762 3710 2809 utro-

2104 2856 2211 2912 que
2241 2858 2400 2911 pares
2430 2842 2671 2909 divitias,
2705 2846 2868 2899 unius
2895 2847 3109 2901 scilicet
3156 2845 3465 2901 divinitatis
3512 2844 3712 2915 praedi-

2104 2937 2327 2990 camus?
2363 2940 2433 2990 lle
2482 2938 2680 3007 quibus
2730 2938 2935 2992 divitiis
2980 2940 3056 2991 ait
3106 2939 3399 3007 Apostolus
3446 2955 3457 2990 :
3498 2937 3708 3000 Notas,

2105 3030 2300 3100 inquit,
2331 3032 2449 3098 [erit
2480 3030 2613 3085 Deus
2659 3033 2863 3086 divitias
2894 3033 3076 3105 gloria:
3105 3049 3214 3087 sua:
3244 3031 3468 3105 (Coloss.
3504 3048 3543 3099 ι,
3568 3030 3661 3102 27)
3696 3048 3710 3084 :

2104 3124 2248 3194 quod
2282 3138 2365 3180 est
2396 3126 2663 3181 Christus.
2702 3128 2769 3181 Et
2797 3143 2964 3181 unam
2993 3130 3281 3198 utriusque
3331 3127 3566 3182 dicimus
3593 3142 3717 3182 esse

2104 3217 2391 3284 virtutem,
2422 3218 2490 3273 de
2518 3235 2621 3289 qua
2655 3219 2796 3274 idem
2830 3220 3131 3290 Apostolus
3160 3221 3237 3274 ait
3272 3238 3283 3273 :
3313 3217 3582 3287 Christus,
3612 3221 3717 3274 vir-

2027 3288 2073 3350 C
2108 3318 2188 3362 tus
2217 3308 2310 3363 Dei
2335 3322 2407 3363 est
2438 3311 2482 3385 (Ι
2512 3288 2629 3365 Cor.
2666 3328 2703 3377 ι,
2732 3312 2847 3381 ει).
2882 3288 3015 3379 Quae
3064 3313 3282 3381 quidem
3330 3314 3539 3378 virtus,
3587 3313 3715 3383 quia

2102 3401 2308 3456 nullius
2336 3411 2615 3457 extranea:
2641 3403 2762 3475 opis
2794 3404 3030 3473 indiget;
3064 3404 3207 3459 dicta
3251 3404 3553 3460 substantia
3594 3414 3678 3459 est
3701 3446 3715 3470 ,

2106 3504 2163 3549 ut
2213 3510 2381 3562 supra
2431 3496 2700 3561 diximus,
2732 3497 2997 3568 quidquid
3038 3497 3171 3551 illttd
3224 3508 3308 3553 est
3338 3498 3445 3551 sibi
3487 3497 3717 3553 debetis.

2103 3586 2245 3641 Nihil
2277 3604 2407 3657 ergo
2438 3590 2487 3642 in
2520 3591 2621 3644 hoc
2650 3590 2921 3644 vocabulo
2961 3606 3183 3657 novum,
3214 3590 3349 3645 nihil
3383 3601 3710 3645 extraneum

2107 3679 2363 3743 dicimus,
2387 3680 2523 3734 nihil
2554 3681 2916 3751 incangruum
2941 3681 3237 3745 divinitati,
3256 3684 3420 3737 etiam
3449 3682 3502 3736 in
3533 3697 3721 3751 qnam-

2109 3774 2196 3827 vis
2228 3782 2436 3840 partem
2484 3773 2863 3843 significintite
2916 3774 3299 3828 transferatur.
3347 3774 3453 3829 Sed
3488 3778 3577 3843 (ut
3610 3788 3724 3830 cm-

2110 3880 2297 3936 peram
2327 3864 2556 3935 dicere)
2590 3865 2765 3919 omnis
2798 3868 2897 3919 ista
2930 3864 3162 3935 qttmstio
3193 3864 3430 3919 nominis
3452 3906 3466 3927 ,
3496 3865 3723 3921 alterius

2112 3970 2195 4013 est
2223 3957 2430 4011 (iOIOI'lS
2464 3974 2476 4010 :
2513 3972 2612 4011 nec
2652 3957 2975 4013 vocabulum
3000 3999 3015 4025 ,
3048 3958 3142 4012 sed
3190 3957 3273 4012 vis
3323 3957 3571 4013 vocabuli
3603 3957 3723 4012 dis-

2113 4052 2301 4122 plicet.
2334 4051 2544 4119 Quibus
2574 4050 2721 4104 enim
2754 4052 3009 4121 accipere
3036 4051 3263 4106 auribus
3299 4050 3512 4120 possint
3558 4066 3721 4105 unam

2112 4145 2293 4200 Patris
2320 4156 2373 4198 et
2402 4143 2522 4197 Filii
2553 4144 2915 4197 substantiam
2946 4143 3251 4212 praedicari,
3288 4143 3391 4197 hoc
3418 4152 3526 4206 est,
3555 4142 3782 4213 Ιιυιιο-η-

2115 4252 2252 4299 rem,
2284 4235 2601 4306 dignitatem
2626 4276 2639 4297 ,
2668 4236 3006 4299 claritatem,
3040 4238 3301 4291 virtutem
3330 4276 3345 4300 ,
3379 4234 3781 4305 majestatemm

2119 4332 2234 4399 pari
2268 4330 2321 4383 in
2356 4340 2587 4400 utroque
2639 4329 2873 4383 veritate
2924 4329 3425 4397 communem;qui
3476 4341 3504 4379 a
3560 4326 3723 4380 Patre

2117 4422 2313 4478 Filiunt
2345 4432 2597 4492 separant
2618 4464 2633 4488 ,
2667 4432 2720 4477 et
2750 4423 2940 4476 divisis
2969 4420 3287 4476 substantiis
3316 4421 3366 4474 in
3398 4435 3496 4475 sua
3526 4435 3723 4475 unum-

2116 4530 2384 4585 quemque
2420 4516 2755 4583 prolirietate
2784 4514 3097 4583 degentem,
3127 4512 3408 4582 repudiata
3460 4512 3720 4567 divinita-

2120 4608 2188 4663 tis
2217 4610 2599 4663 cnmmnnione
2648 4608 2994 4678 proponunt?
3045 4607 3141 4662 Hic
3181 4622 3311 4677 ergo
3341 4606 3722 4675 blasphemia,

422 4697 527 4765 l5).
563 4698 629 4752 Et
659 4716 670 4751 :
708 4700 1011 4753 Snbstantia
1064 4714 1176 4751 mea
1223 4708 1341 4751 ante
1380 4706 1427 4750 te
1468 4706 1543 4751 est
1591 4712 1787 4768 semper
1833 4695 2008 4768 (Psal.
2039 4683 2095 4745 Ι)
2122 4700 2208 4755 hic
2233 4701 2407 4755 dictus
2436 4700 2731 4770 sacrilegus
2760 4700 2939 4767 dolor,
2969 4716 3078 4769 quo
3107 4701 3158 4753 in
3192 4700 3350 4754 Patre
3380 4709 3433 4754 et
3473 4699 3609 4753 Filio
3639 4714 3726 4754 re-

418 4806 656 4855 sxxvut,
690 4790 780 4860 tt).
815 4790 885 4845 Et
918 4808 929 4844 :
976 4791 1280 4847 Snbstantia
1320 4806 1433 4844 mea
1482 4800 1742 4858 tamquam
1789 4790 2013 4843 nihilum

418 4894 536 4937 ante
563 4893 609 4938 te
636 4883 911 4955 (lbid.,6).
948 4884 1220 4939 Scrutetur
1247 4888 1505 4953 fenerator
1534 4882 1875 4937 substantiam
1900 4884 2015 4955 ejus

418 4973 593 5045 (Psai.
630 4992 772 5041 cvm,
809 4978 918 5045 11).
952 4976 1058 5032 Sed
1088 4985 1145 5029 et
1181 4976 1491 5032 Salomonis
1522 4977 1790 5030 sententia
1820 4994 1832 5029 :
1878 4976 2015 5031 Sub-

419 5069 683 5133 stantiam,
717 5069 911 5139 inquit,
944 5078 1080 5123 tuam
1111 5079 1159 5122 et
1178 5068 1501 5122 dulcedinem
1528 5080 1668 5123 tuam
1703 5069 1871 5142 (Sap.
1902 5085 2012 5136 xvt,

417 5162 497 5232 2).
531 5164 597 5219 Et
625 5165 892 5221 Jeremias
922 5184 935 5220 :
970 5167 1031 5223 Si
1075 5168 1332 5223 stetissent
1360 5169 1412 5221 in
1441 5167 1728 5223 substantia
1755 5184 1867 5222 mea
1900 5166 2016 5238 (Je-

420 5274 547 5314 rem.
580 5274 747 5325 ιιιιι,
777 5260 884 5325 ‘22,
916 5278 1018 5315 sec.
1052 5259 1244 5330 LXX).
1280 5261 1349 5316 Et
1380 5263 1430 5315 in
1480 5261 1798 5317 Proverbiis
1831 5278 1845 5316 :
1883 5262 2021 5317 Sub-

419 5354 614 5407 stantia
660 5356 833 5409 diuitis
858 5398 873 5422 ,
906 5357 1086 5409 civitas
1133 5356 1330 5409 munita
1381 5354 1580 5427 (Prov.
1616 5371 1668 5420 ιι,
1705 5353 1813 5419 l5).
1850 5355 1917 5409 Et
1966 5356 2019 5410 in

420 5450 614 5506 eodem
650 5468 664 5504 :
698 5448 924 5505 Domum
968 5462 1016 5503 et
1046 5449 1385 5503 substantiam
1417 5450 1649 5502 dividunt
1679 5457 1850 5520 patres
1899 5449 2022 5518 filiis

426 5540 611 5615 (Prov.
640 5558 766 5608 xm,
795 5542 917 5611 εξ).
946 5542 1052 5598 Sed
1104 5552 1157 5596 et
1200 5541 1397 5595 Tobias
1430 5560 1443 5595 :
1477 5541 1536 5595 Si
1591 5541 1782 5609 fuerit,
1814 5541 2019 5610 inquit,

424 5638 517 5691 tibi
560 5641 769 5705 capiam
816 5636 1101 5691 substantia
1122 5634 1272 5705 (Tob.
1304 5650 1392 5697 tv,
1424 5633 1503 5703 9).
1556 5633 1624 5687 Et
1671 5634 1809 5688 idem
1842 5652 1855 5688 :
1894 5632 2023 5699 Fili,

426 5734 491 5788 ea:
519 5733 807 5787 substantia
836 5741 923 5787 tua
968 5732 1051 5801 [ac
1078 5732 1450 5800 eleemosynam
1479 5726 1671 5802 (lbid.,
1703 5729 1779 5797 '7).
1830 5728 1937 5785 Sed
1971 5737 2027 5783 et

425 5825 711 5883 Joannes:
750 5810 851 5894 Qui
905 5824 1135 5879 habuerit
1178 5824 1512 5877 substantiam
1568 5820 1744 5874 mundi
1794 5820 2023 5889 (lJoan.

432 5896 511 5989 ill,
544 5906 655 5985 Π).
694 5920 761 5977 Et
792 5923 843 5977 in
870 5920 1162 5992 Evangelia
1200 5936 1213 5975 :
1250 5917 1398 5981 Ecce.
1430 5918 1931 5986 inquitddimidinm
1962 5920 2027 5973 ita

2119 4796 2319 4863 cipitur
2367 4796 2509 4850 Deus
2558 4810 2718 4849 unus.
2754 4794 2980 4849 Mortuis
3011 4794 3157 4849 enim
3190 4793 3506 4847 auctoribus
3558 4791 3721 4862 hujus

2122 4888 2358 4952 veneni,
2389 4888 2597 4942 scelera
2646 4899 2828 4940 tamen
2861 4901 3053 4940 eorum
3084 4895 3140 4940 et
3163 4885 3412 4939 doctrina
3462 4900 3570 4938 non
3603 4899 3725 4939 mo-

2122 4984 2279 5037 ritur.
2333 4981 2464 5047 Illis,
2518 4986 2770 5048 inqu-tm,
2804 4981 3120 5034 auctoribus
3171 4980 3224 5033 in
3260 4988 3469 5033 tantum
3500 4994 3527 5031 a
3561 4977 3725 5033 Patre

2124 5076 2503 5147 separantibus
2534 5074 2768 5140 Filium,
2797 5082 2859 5129 ut
2901 5090 2999 5129 ore
3043 5074 3312 5143 sacrilego
3360 5073 3723 5142 protulerint,

2124 5171 2321 5227 Filium
2364 5170 2457 5225 Dei
2486 5176 2613 5224 ante
2655 5168 2853 5222 smcula
2895 5165 3115 5235 quidem
3147 5174 3390 5220 creatum
3434 5176 3490 5220 et
3529 5163 3725 5219 funda-

2127 5273 2261 5328 tum,
2292 5261 2389 5317 sed
2422 5261 2603 5315 vivere
2632 5268 2686 5314 et
2716 5272 2839 5314 esse
2868 5274 2896 5312 a
2927 5258 3090 5312 Patre
3113 5258 3422 5326 suscepisse
3454 5274 3467 5309 ε
3502 5265 3558 5311 et
3592 5256 3725 5311 fuis-

2125 5374 2185 5414 se
2210 5367 2500 5427 antequam
2533 5364 2883 5419 nasceretur;
2909 5364 2964 5409 et
2991 5353 3162 5408 Deum
3193 5352 3413 5422 quidem
3444 5366 3592 5412 esse.
3626 5348 3724 5404 sed

2130 5468 2236 5507 non
2266 5465 2390 5506 esse
2434 5465 2622 5505 verum
2656 5448 2848 5502 Deum.
2879 5446 3308 5501 Successoribns
3360 5445 3521 5515 igitur
3564 5442 3730 5509 hujus

2131 5544 2399 5617 perfidiae,
2435 5557 2540 5597 non
2576 5540 2723 5605 fidei,
2758 5556 2853 5608 per
2888 5553 3027 5608 quos
3056 5540 3321 5593 malorum
3352 5537 3520 5605 serpit
3548 5536 3713 5589 luere-

2129 5639 2295 5703 ditas,
2326 5637 2522 5691 merito
2575 5650 2675 5689 una
2722 5633 3020 5689 substantia
3075 5633 3369 5701 displicet,
3398 5644 3559 5699 quam
3609 5627 3731 5683 tolli

2132 5733 2281 5788 velut
2326 5729 2645 5785 scandalum
2696 5737 2751 5783 et
2801 5730 3028 5783 unitatis
3075 5726 3368 5780 divortium
3418 5723 3730 5794 postulant,

2134 5829 2445 5899 ignorantes
2494 5822 2618 5877 illos
2654 5832 2861 5877 tantum
2907 5818 3381 5889 calliolietis,{esse
3429 5808 3733 5882 dicendos,

2134 5918 2223 5986 qui
2255 5919 2306 5970 in
2338 5916 2495 5985 huius
2523 5911 2883 5979 professionis
2909 5907 3295 5963 communione
3326 5908 3681 5962 concordant.
