4200 6180
318 4310 465 4443 _/

186 4494 271 4555 ,ει-ον

66 4560 189 4621 ,ί

497 346 565 403 19
1554 350 1615 405 S.
1657 348 2024 409 PHCEBADII
2065 349 2279 408 EPISC.
2321 349 2734 411 AGINNENSIS
3526 353 3535 361 ’
3725 350 3798 412 20

1103 465 1332 523 CAPUT
1378 465 1470 523 ιιι.

491 601 684 673 Ignota
728 602 923 660 Christi
970 606 1226 660 nativitas.
1282 606 1520 662 Christus
1550 624 1616 663 ea:
1659 607 1807 675 Deo,
1854 612 1909 663 in
1940 608 2090 677 Deo,

1141 714 1259 752 cum
1286 696 1418 754 Deo.

562 854 696 910 Illud
737 864 921 911 autem
969 856 1091 925 quis
1139 856 1287 913 ferre
1337 858 1723 927 aequanimiter
1775 860 1981 928 possit,
2037 870 2097 915 ut

493 962 653 1015 quem
687 946 898 1002 initium
934 948 1137 1005 habere
1163 964 1261 1019 pro
1287 958 1443 1005 certo
1471 960 1756 1019 asserunt,
1792 952 1955 1021 hujus
2002 967 2097 1006 na-

486 1041 752 1095 tivitatem
801 1042 1036 1097 habeam
1084 1044 1140 1097 in
1185 1042 1495 1098 incertum?
1542 1043 1651 1099 Aut
1694 1056 1990 1115 utrumque
2041 1047 2095 1100 in

486 1136 702 1191 occulto
732 1139 1037 1195 habendum
1072 1149 1186 1204 est,
1217 1140 1342 1210 quia
1372 1145 1779 1211 contemporale
1823 1154 1909 1199 est
1947 1162 1958 1198 :
2004 1153 2097 1199 aut

492 1240 783 1300 utrumque
809 1248 932 1287 esse
961 1235 1237 1303 cognitum
1271 1234 1451 1290 debet.
1473 1236 1721 1291 Alterum
1744 1238 1889 1292 enim
1920 1254 2097 1308 neque

493 1322 668 1387 nosci,
704 1340 882 1392 neque
913 1324 1153 1394 ignorari
1183 1329 1302 1381 sine
1324 1327 1498 1382 altero
1548 1337 1744 1397 potest.
1774 1330 1944 1385 liabet
1992 1334 2098 1396 (in—

491 1416 631 1485 quit)
661 1418 874 1473 initium
908 1418 1107 1483 Filius,
1143 1422 1238 1476 sed
1268 1431 1354 1477 est
1383 1422 1629 1492 ejusdem
1653 1425 1867 1479 occulta
1900 1426 2094 1480 nativi-

493 1515 598 1560 tas.
627 1506 746 1563 Non
769 1521 852 1565 est
878 1509 1147 1580 iniquum,
1164 1511 1287 1583 quis
1316 1514 1558 1584 prodidit
1574 1514 1642 1569 de
1660 1515 1980 1571 nativitate?
2000 1532 2099 1572 cur

495 1602 700 1655 tacuit?
731 1601 901 1657 Immo
930 1606 1045 1673 ipsa
1076 1606 1331 1661 nativitas
1378 1607 1520 1661 unde
1546 1619 1696 1674 nota,
1731 1625 1851 1680 quae
1899 1612 2099 1664 asseri-

494 1703 581 1747 tur
609 1694 825 1764 ignota?
854 1696 958 1751 Sed
1006 1696 1109 1752 hoc
1156 1697 1277 1751 loco
1316 1698 1567 1755 homines
1615 1702 1762 1755 οιιιιιί
1804 1717 1901 1771 spe
1952 1702 2096 1756 bona

495 1785 651 1839 vacui
701 1787 1061 1856 praescribunt
1102 1789 1382 1859 prophetae
1431 1793 1746 1845 auctoritati
1806 1793 2039 1847 dicentis
2084 1811 2095 1844 :

2123 468 2375 533 Atilium
2410 468 2597 524 fraude
2624 471 2911 525 verborum
2944 488 2956 523 :
2982 470 3181 527 Gennit
3210 470 3434 541 quidem
3465 470 3665 525 Filium
3695 470 3797 524 Pa-

2201 572 2300 628 ter,
2330 563 2425 616 sed
2458 577 2615 616 nemo
2646 565 2748 617 scit
2778 563 2939 618 unde.
2976 564 3105 617 Nam
3131 570 3185 617 ct
3215 563 3470 618 similiter
3497 562 3671 617 Judaei
3718 561 3799 616 di-

2200 666 2431 711 xerunt:
2476 655 2587 709 Nos
2614 658 2803 711 scimus
2858 658 2994 726 quod
3029 657 3201 728 Moysi
3248 658 3449 711 locutus
3498 668 3570 711 est
3614 654 3799 710 Deus:

2198 751 2338 804 hunc
2359 760 2526 804 autent
2552 752 2802 805 nescimus
2825 750 2959 804 unde
2985 752 3050 805 sit
3078 748 3277 821 (Joan.
3309 766 3361 804 lx
3382 792 3395 815 ,
3420 748 3489 805 29
3513 747 3553 819 ).
3572 746 3798 816 'Quam-

2197 843 2281 896 vis
2313 842 2457 896 enim
2506 842 2798 913 aliquando
2846 843 3128 897 nobiscum
3181 840 3379 896 faciant
3419 841 3802 898 communione

2201 936 2523 997 verborum,
2572 943 2625 989 et
2670 936 2928 990 nonnulla
2978 936 3265 989 videantur
3296 936 3441 990 dicta
3473 934 3803 1004 simpliciter
3878 928 3881 929 ν

2200 1025 2418 1081 infamia
2461 1028 2733 1081 lucreticrc
2778 1027 3065 1098 pravitatis
3107 1043 3439 1099 aspergere;
3469 1038 3648 1083 tamen
3678 1028 3804 1099 quia

2199 1120 2351 1176 ferea
2384 1137 2575 1175 eorum
2603 1122 2829 1176 veniunt
2858 1121 3122 1176 adversus
3152 1120 3312 1175 ﬁdem
3338 1137 3543 1187 veram,
3579 1136 3804 1177 necesse

2200 1226 2282 1269 est
2327 1215 2622 1268 secundum
2673 1217 2823 1283 plura
2872 1213 3102 1284 intelligi
3157 1214 3445 1283 pauciora;
3494 1213 3801 1283 prmsertim

2200 1319 2321 1359 cum
2364 1306 2408 1359 si
2437 1306 2564 1374 quid
2597 1314 2879 1376 receptum
2908 1304 3072 1359 fuerit
3099 1313 3288 1360 contra
3333 1304 3490 1358 ﬁdem
3535 1305 3758 1358 veniens
3786 1346 3801 1370 ,

2204 1398 2367 1451 totius
2393 1397 2515 1451 lidci
2538 1397 2795 1451 damnum
2830 1399 2921 1455 sit.
2950 1396 3116 1451 Nemo
3147 1399 3273 1464 scit,
3310 1397 3519 1466 inquit,
3550 1397 3805 1465 quomodo

2202 1492 2404 1563 genitus
2448 1492 2509 1544 sit
2559 1490 2768 1557 Filius,
2823 1491 2941 1543 nisi'
2973 1489 3132 1544 Pater
3157 1491 3301 1545 solus
3360 1488 3553 1563 (Joan.
3580 1507 3627 1554 ι.
3664 1490 3729 1545 18

2202 1583 2342 1651 Quid
2373 1599 2503 1653 ergo
2534 1585 2636 1638 sibi
2667 1584 2778 1638 vult
2808 1583 2897 1638 illa
2947 1586 3215 1638 sententia
3246 1626 3259 1648 ,
3311 1584 3432 1654 quia
3491 1583 3593 1638 hoc
3624 1578 3808 1637 Dentis

2206 1692 2307 1729 nus
2339 1676 2591 1747 ignorare
2644 1693 2741 1731 nos
2784 1679 3014 1731 nolens:
3086 1674 3235 1746 Ego,
3288 1676 3493 1746 inquit,
3544 1678 3608 1729 de
3657 1675 3811 1731 Patre

2205 1769 2337 1822 exivi
2358 1809 2372 1833 ,
2401 1777 2449 1821 et
2488 1768 2549 1822 de
2580 1768 2697 1822 sinu
2729 1767 2905 1823 Patris
2950 1769 2967 1839 (
2994 1765 3155 1823 Joan.
3184 1784 3270 1821 xw
3290 1809 3305 1834 ,
3334 1766 3427 1834 27,
3458 1767 3529 1823 28
3552 1767 3570 1840 )
3597 1768 3621 1821 ‘i
3668 1767 3809 1822 Proh

494 1876 833 1932 Nalm-(atem
884 1883 996 1952 ejus
1044 1883 1159 1951 qm
1206 1884 1463 1936 enarravi,
1505 1882 1650 1953 (ιω.
1685 1900 1829 1949 um,
1854 1883 1946 1955 8)?
1990 1899 2094 1939 ηοη
2130 1865 2179 1926 Β
2204 1863 2397 1917 dolor!
2431 1860 2539 1916 Cur
2570 1874 2842 1917 sectantes
2884 1861 3208 1932 ignorantiae
3248 1862 3504 1915 tenebras
3550 1862 3810 1955 ignorare

497 1970 859 2040 intelligentes
900 1971 1009 2040 jam
1060 1983 1186 2026 time
1233 1988 1328 2027 eos
1372 1975 1677 2044 prephetali
1736 1974 1927 2045 spiritu
1972 1992 2097 2031 esse

494 2062 792 2131 praevisos,
820 2066 909 2134 qui
944 2064 1122 2117 daturi
1152 2075 1306 2118 erant
1353 2066 1563 2121 initium
1599 2066 1697 2122 Dei
1744 2066 1958 2133 Verbo,
1993 2066 2098 2122 hoc

493 2164 606 2220 est,
640 2154 730 2209 Dei
762 2154 920 2209 Filio.
960 2155 1316 2222 Nativitatem,
1348 2158 1541 2229 inquit,
1581 2163 1696 2232 ejus
1722 2161 1835 2230 quis
1885 2176 2100 2214 enarra-

497 2248 609 2301 vit?
636 2249 741 2303 hoc
777 2260 860 2303 est
906 2249 1092 2306 dicere
1121 2268 1135 2304 :
1167 2251 1334 2306 Nemo
1364 2252 1643 2309 hominum
1676 2255 1896 2323 poterit.
1927 2253 2099 2311 Nemo

495 2343 640 2395 enim
672 2343 846 2412 potuit
872 2350 1069 2412 praeter
1111 2344 1309 2412 ipsum,
1341 2345 1433 2415 qui
1464 2346 1644 2399 sinum
1676 2346 1852 2401 Patris
1892 2346 2102 2401 edisse-

498 2450 647 2500 rcns,
668 2433 1046 2504 principaliter
1072 2437 1458 2493 nobissecrela
1482 2438 1781 2494 nativitatis
1807 2454 1922 2494 sua:
1947 2455 2099 2496 reve-

497 2524 652 2579 lavit.
686 2525 843 2589 Nam,
874 2539 927 2582 et
963 2527 1198 2598 legimus
1227 2529 1293 2584 ad
1326 2530 1578 2586 eamdem
1610 2532 1854 2601 speciem
1889 2532 2095 2587 dictum

493 2634 621 2675 esse
649 2636 661 2671 :
691 2618 819 2685 Quis
851 2622 1112 2690 cognoscit
1159 2639 1367 2677 sensum
1413 2622 1620 2677 Domini
1671 2624 1851 2694 (Rom.
1882 2640 1956 2690 ιι,
1987 2621 2055 2678 54
2083 2640 2098 2689 ;

498 2707 666 2765 lCor.
698 2711 892 2782 1,16)?
924 2712 1032 2768 Sed
1082 2730 1297 2769 rursom
1348 2716 1606 2771 docemur
1652 2735 1667 2771 ;
1712 2715 1834 2771 Nisi
1885 2716 2103 2786 spiritus

498 2806 589 2867 qui
613 2802 668 2856 in
700 2804 811 2874 ipso
839 2812 934 2857 est.
968 2802 1304 2859 Nativitatern
1336 2809 1448 2873 eius
1479 2808 1593 2876 quis
1622 2809 1883 2861 enarravit
1910 2806 1953 2877 (l
1978 2806 2100 2860 Cor.

498 2911 537 2959 ι,
571 2894 697 2967 il)?
732 2896 834 2952 hoc
863 2908 946 2951 est
984 2897 1201 2953 dicere:
1235 2897 1407 2954 Nemo
1434 2900 1632 2955 audeat
1659 2914 1916 2955 enarrare
1960 2899 2104 2969 quod

501 3004 610 3043 non
641 2999 838 3058 potest.
889 2990 997 3045 Cur
1040 3001 1221 3046 autem
1274 3008 1440 3046 nemo
1481 2991 1715 3062 poterit?
1740 2994 1864 3062 quia
1895 2992 2105 3047 scilicet

502 3099 608 3136 non
646 3084 824 3137 solum
873 3100 939 3140 ex
968 3100 1033 3139 eo
1076 3096 1129 3138 et
1164 3102 1288 3140 cum
1323 3101 1390 3139 eo
1414 3124 1430 3150 ,
1479 3085 1575 3138 sed
1610 3096 1663 3138 et
1696 3087 1749 3139 in
1778 3098 1845 3139 eo
1887 3094 1972 3140 est
2011 3085 2101 3154 qui

496 3181 649 3228 caret
676 3175 978 3231 nativitate.
1013 3176 1247 3233 Genttus
1287 3178 1435 3232 enim
1476 3180 1544 3233 ab
1573 3177 1848 3248 ingenito,
1896 3178 1979 3232 his
2019 3178 2101 3231 di-

498 3269 637 3319 vinzc
667 3268 855 3337 gloria:
889 3269 1044 3323 bonis
1089 3278 1248 3324 natus
1294 3281 1377 3325 cst
1425 3287 1546 3339 quae
1595 3286 1765 3339 penes
1802 3272 2098 3340 ingenitum
2134 3244 2178 3305 Ο

498 3370 691 3424 erant;
729 3370 781 3414 et
832 3375 999 3430 penes
1046 3365 1297 3417 eumdem
1345 3365 1642 3433 ingenitum
1700 3364 1902 3418 desivit
1939 3364 2103 3420 Pater

501 3452 701 3506 habere
731 3452 873 3521 quod
922 3456 1126 3521 gentiit,
1159 3454 1410 3509 eumdem
1443 3458 1495 3509 in
1528 3456 1826 3523 semetipsis
1860 3457 2109 3513 habendo

500 3560 661 3614 quem
710 3548 925 3613 genuit?
966 3548 1130 3618 llujus
1184 3550 1344 3618 igitur
1385 3551 1639 3605 nativitas
1669 3551 1790 3605 ideo
1827 3551 2108 3608 inenarra-

499 3634 624 3688 bilis
654 3639 955 3694 nnntiatur.
991 3644 1111 3706 quia
1147 3656 1244 3710 per
1269 3643 1438 3709 ipsam
1490 3644 1852 3710 inconceths
1881 3655 1989 3708 est,
2013 3645 2108 3699 sed

503 3728 779 3796 perfectus
809 3746 877 3786 ex
912 3732 1019 3787 Deo
1052 3733 1209 3788 Patre
1244 3734 1411 3790 Filius
1445 3736 1589 3789 Deus
1620 3745 1735 3801 est,
1769 3738 1892 3805 quia
1921 3751 2110 3792 secun-

501 3822 631 3878 dum
664 3824 973 3892 Scripturas
1005 3826 1073 3881 de
1106 3826 1242 3883 Filio
1267 3827 1531 3893 diximus,
1561 3845 1627 3884 ex
1651 3846 1743 3893 eo,
1773 3839 1819 3883 et
1848 3846 1965 3884 cum
2014 3848 2105 3898 eo,

502 3923 552 3967 et
585 3916 635 3967 in
664 3930 725 3968 eo
756 3914 935 3983 (Rom.
968 3933 1043 3981 ιι,
1078 3918 1190 3988 56).

1146 4092 1377 4151 CAPUT
1416 4094 1485 4149 X.

465 4208 755 4289 ﬁDoctrina
800 4233 1103 4307 hujusmodi
1144 4234 1443 4306 exponitur.
1497 4234 1708 4303 Verbis,
1757 4252 1860 4291 non
1906 4253 2060 4291 sensu
2086 4280 2102 4305 ,

1000 4326 1225 4381 hwretici
1257 4327 1401 4381 nobis
1437 4329 1766 4383 conveniunt.

569 4481 648 4538 Ne
677 4482 798 4553 quis
848 4484 1305 4552 signiﬁcationum
1354 4485 1616 4539 varietate
1658 4485 1935 4553 turbetur,
1970 4488 2102 4542 red-

501 4577 675 4633 denda
718 4588 801 4633 est
839 4578 978 4633 ratio
1006 4578 1273 4634 dictorum
1307 4596 1321 4633 :
1352 4587 1408 4634 et
1442 4595 1508 4635 ne
1555 4583 1833 4651 proposita
1861 4583 2101 4638 confun-

2204 1970 2303 2008 nos
2330 1953 2548 2009 noluit?
2573 1964 2626 2009 et
2656 1954 2848 2024 utique
2879 1954 3051 2008 nolnit
3071 1996 3085 2020 ,
3112 1964 3168 2007 nl
3194 1964 3417 2008 auctore
3433 1953 3592 2008 nobis
3619 1952 3813 2023 cogni-

2205 2055 2287 2109 to,
2320 2054 2494 2099 status
2517 2048 2599 2099 sui
2633 2044 2868 2115 qumstio
2896 2046 3196 2100 tolleretur.
3225 2045 3503 2101 Noncnim
3520 2054 3639 2100 erat
3665 2061 3814 2116 quae.

2202 2139 2433 2193 rendum
2458 2181 2471 2203 ,
2502 2141 2643 2209 quis,
2670 2140 2947 2209 quomodo
2976 2139 3060 2194 vel
3091 2140 3269 2209 qualis
3299 2149 3483 2203 esset,
3515 2153 3637 2192 eum
3669 2137 3811 2192 unde

2202 2242 2346 2286 esset
2372 2246 2744 2286 nosceremus.
2778 2232 2884 2286 Sed
2912 2233 2954 2284 si
2984 2232 3084 2285 hoc
3112 2232 3231 2285 loco
3254 2230 3423 2300 ipsius
3442 2229 3659 2282 Domini
3689 2243 3813 2283 sen-

2205 2325 2370 2377 tentia
2396 2324 2447 2377 id
2477 2328 2854 2378 conlirmatum
2880 2339 3003 2379 esse
3032 2325 3382 2394 proponitur,
3406 2322 3638 2375 dicentis
3666 2322 3815 2376 scili-

2204 2426 2318 2469 cet:
2340 2412 2508 2469 Nemo
2526 2416 2663 2469 novit
2679 2414 2887 2469 Patrem
2904 2416 3003 2469 nisi
3024 2414 3212 2481 Filius,
3232 2430 3321 2468 nec
3334 2412 3531 2468 Filium
3544 2414 3656 2483 quis
3676 2415 3813 2467 novit

2205 2508 2304 2560 nisi
2330 2504 2489 2562 Pater
2510 2506 2802 2579 (Matt/1.x:
2825 2551 2839 2575 ,
2870 2508 2974 2577 27)
3000 2527 3013 2573 ;
3041 2509 3315 2563 audienta
3349 2508 3536 2573 nobis,
3568 2523 3635 2562 ne
3668 2506 3816 2561 frau-

2205 2600 2327 2653 dem
2359 2600 2563 2655 faciant
2589 2602 2789 2655 divina:
2807 2601 3137 2657 delinitioni.
3165 2602 3575 2670 Sequitnrenini
3602 2619 3612 2653 :
3641 2599 3709 2654 Et
3732 2601 3813 2654 cui

2204 2693 2421 2747 voluerit
2450 2693 2616 2748 Filius
2640 2696 2886 2749 revelare.
2914 2694 3030 2749 Non
3063 2705 3147 2749 est
3191 2694 3337 2749 enim
3374 2696 3590 2762 penitus
3623 2698 3810 2749 occul-

2204 2794 2317 2838 tum
2346 2787 2488 2855 quod
2533 2803 2637 2840 non
2672 2797 2853 2855 potest
2884 2788 3142 2841 revelari.
3189 2787 3485 2841 Rcvelatnr
3538 2788 3682 2842 enim
3708 2830 3721 2853 ,
3766 2789 3810 2844 si

2206 2877 2401 2945 dignus
2434 2879 2768 2933 revelatione
2792 2881 2912 2950 quis
2936 2880 3118 2933 fuerit.

2827 3059 3057 3115 CAPUT
3101 3062 3188 3115 ΧΙ.

2436 3198 2536 3253 Per
2566 3199 2822 3267 Spiritum
2854 3197 2948 3252 Dei
2974 3207 3166 3252 secreta
3197 3198 3576 3267 cognoscimus.

2281 3361 2401 3415 .Iam
2433 3374 2563 3428 ergo
2595 3358 2711 3411 lucc
2746 3358 2939 3411 notitia
2980 3357 3179 3412 secreti
3224 3372 3385 3413 causa
3431 3373 3536 3411 non
3585 3359 3803 3428 tegitur,

2210 3470 2330 3523 qua:
2370 3454 2648 3506 revelatnr
2682 3467 2745 3504 cx
2794 3464 2997 3503 causa:
3046 3459 3100 3503 et
3142 3464 3481 3519 Consequens
3511 3460 3596 3504 est
3622 3460 3676 3503 nt
3706 3466 3805 3505 nos

2214 3545 2416 3615 indigni
2451 3544 2800 3614 cognitione,
2834 3558 2940 3596 non
2973 3543 3190 3612 iniquus
3235 3542 3521 3597 habendus
3565 3543 3635 3597 sit
3668 3543 3807 3597 Deus

2210 3640 2298 3709 qui
2330 3640 2687 3708 ignorantiam
2714 3636 2897 3704 punit;
2933 3653 3039 3689 non
3062 3647 3245 3689 autem
3286 3635 3531 3705 puniret,
3557 3638 3601 3690 si
3636 3637 3809 3692 scien-

2213 3732 2340 3785 tiam
2370 3745 2478 3784 non
2507 3730 2769 3784 dedis~et.
2808 3727 3116 3783 Deditenim
3139 3744 3235 3797 per
3256 3724 3516 3797 Spiritum
3537 3741 3804 3782 sanctum.

2212 3822 2487 3891 Denique,
2533 3820 2796 3888 Spiritus,
2830 3821 3040 3889 inquit,
3078 3820 3305 3874 veritatis
3354 3820 3616 3873 enarrabit
3667 3821 3807 3875 vobis

2213 3932 2410 3969 omnem
2435 3914 2695 3968 veritatem
2723 3910 2904 3982 (Joan.
2935 3928 3058 3977 xvi,
3092 3912 3219 3981 15).
3270 3913 3404 3967 Cum
3429 3912 3561 3967 dicit
3601 3930 3804 3968 onmem

2210 4007 2504 4069 veritatem,
2535 4017 2686 4060 certe
2718 4005 2849 4059 nihil
2878 4006 3101 4075 excipit.
3137 4005 3235 4060 llic
3286 4016 3370 4060 est
3408 4008 3642 4075 Spiritus
3670 4008 3808 4063 noti-

2214 4101 2301 4153 tiae
2331 4110 2385 4154 et
2412 4098 2691 4165 veritatis,
2746 4113 2842 4168 per
2891 4114 3051 4168 quem
3085 4098 3344 4153 Salomon
3392 4099 3461 4155 de
3518 4099 3804 4157 Dominiea

2213 4193 2490 4248 nativitate
2516 4211 2527 4245 :
2556 4190 2694 4258 Quid
2721 4192 2820 4258 sit,
2852 4191 3059 4261 inquit,
3093 4201 3140 4244 et
3170 4192 3456 4261 sapientia,
3489 4203 3537 4246 et
3562 4194 3809 4263 quemad-

2212 4286 2421 4341 modum
2455 4292 2593 4355 [acta
2620 4286 2721 4349 sit,
2750 4286 3008 4354 referant,
3057 4293 3103 4338 et
3132 4286 3195 4339 ab
3235 4285 3384 4339 initio
3415 4287 3699 4341 nativitatis
3725 4289 3806 4341 in—

2211 4379 2466 4448 vestigabo
2495 4393 2605 4431 eam
2636 4375 2792 4448 (Sap.
2826 4392 2874 4430 v1
2900 4417 2915 4441 ,
2938 4375 3009 4429 24
3032 4376 3071 4445 ).
3104 4376 3249 4446 Ergo
3283 4394 3380 4447 per
3410 4379 3660 4433 eumdem
3685 4383 3809 4449 Spi-

2209 4473 2374 4526 ritum
2404 4485 2690 4539 possumus
2740 4470 2986 4524 invcnire
3032 4470 3177 4540 quod
3225 4472 3540 4540 quaerimus.
3587 4472 3722 4526 Nam
3752 4482 3809 4526 et

2209 4563 2503 4633 Apostolus
2532 4578 2543 4614 :
2577 4560 2811 4615 reuelauit
2836 4560 2999 4626 nobis,
3025 4561 3223 4630 inquit,
3256 4561 3396 4617 Deus
3422 4579 3512 4632 per
3538 4562 3800 4629 Spiritum

497 4674 719 4740 dantur,
746 4673 1024 4729 reddenda
1055 4673 1400 4743 compendio.
1428 4673 1513 4729 Ex
1533 4629 1592 4729 εξ,
1619 4629 1902 4731 nactum",
1934 4698 1946 4733 ε
1972 4676 2101 4732 Cum
2131 4629 2184 4690 Β
2208 4674 2397 4722 suum;
2427 4658 2657 4727 Spiritus
2688 4658 2823 4710 enim
2866 4659 3040 4709 omnia
3062 4668 3343 4723 scrutatur,
3372 4660 3524 4711 etiam
3567 4660 3676 4712 alta
3707 4659 3803 4715 Dei

501 4782 581 4832 eo,
610 4767 678 4822 ad
721 4767 1061 4837 unigenitum
1096 4783 1110 4820 :
1140 4764 1207 4821 In
1232 4783 1315 4835 eo,
1343 4767 1410 4822 ad
1446 4768 1784 4825 nativitatem
1841 4771 2100 4826 substan—

499 4859 591 4912 tia:
617 4857 858 4926 respicit.
895 4858 1007 4914 Hoc
1050 4858 1268 4914 auditur
1302 4861 1353 4914 in
1388 4861 1663 4916 omnibus.
1696 4862 1845 4917 Tene
1895 4861 2098 4917 divinas

500 4948 876 5018 dispositionis
930 4952 1208 5021 mysteria.
1241 4952 1386 5007 Satis
1414 4954 1577 5009 nosti.
1612 4953 1974 5021 Nativitatem,
2008 4956 2095 5010 in-

498 5045 616 5115 quit
642 5087 655 5110 ,
684 5048 798 5118 ejus
828 5047 943 5116 quis
970 5048 1405 5120 enarravit?quis
1426 5051 1571 5106 enim
1590 5052 1764 5121 possit
1794 5052 2093 5107 secundum

500 5146 751 5194 naturam
806 5154 1063 5196 enarrare
1097 5141 1437 5197 nativitatem
1469 5159 1592 5214 quae
1619 5153 1814 5199 contra
1844 5153 2096 5199 naturam

497 5231 622 5286 est?
656 5231 751 5287 llic
778 5234 924 5286 enim
948 5232 1099 5288 solus
1128 5241 1215 5289 est
1240 5244 1399 5288 natus
1418 5274 1435 5299 ,
1471 5235 1767 5289 nativitatis
1799 5251 1913 5290 suae
1960 5250 2095 5290 con-

498 5324 665 5381 scius.
695 5323 793 5379 Hic
819 5323 965 5380 enim
986 5326 1081 5398 qui
1105 5328 1193 5381 cui
1217 5327 1355 5382 bona
1390 5337 1729 5397 pararentur,
1782 5329 2098 5398 intelligens

498 5432 595 5487 per
626 5426 874 5473 naturam
900 5417 1194 5488 originem,
1226 5417 1373 5475 Patri
1404 5422 1579 5474 inerat
1606 5461 1620 5486 ,
1669 5420 1784 5489 ipsa
1815 5420 1907 5474 illa
1954 5434 2094 5476 con-

499 5509 705 5566 ditione
731 5524 838 5580 qua
868 5518 1027 5564 natus
1055 5518 1160 5564 est.
1207 5509 1543 5565 Nativitatem
1565 5552 1581 5578 ,
1601 5512 1810 5581 inquit,
1837 5511 1949 5582 ejus
1977 5514 2096 5583 quis

497 5602 791 5657 enarravit?
832 5600 897 5655 Et
922 5599 1257 5670 subiungunt
1280 5603 1415 5657 nulli
1450 5603 1591 5659 hanc
1632 5603 1930 5673 proditam,
1966 5606 2091 5674 quia

493 5693 595 5747 soli
618 5692 827 5747 scilicet
848 5700 903 5746 et
925 5691 1071 5747 Patri
1093 5701 1219 5747 nota
1246 5694 1336 5749 sit.
1358 5693 1470 5752 Hoc
1500 5703 1588 5751 est
1609 5694 1795 5753 dicere
1823 5697 1941 5753 sine
1967 5696 2097 5753 sub-

2212 4749 2263 4821 (l
2286 4748 2407 4804 Cor.
2436 4763 2474 4803 ιι
2493 4787 2507 4813 ,
2541 4747 2652 4816 10).
2682 4747 2851 4803 Nemo
2873 4749 2976 4801 scit
3002 4764 3124 4817 qua:
3150 4757 3279 4802 sunt
3301 4750 3355 4803 in
3380 4748 3516 4816 Deo,
3550 4750 3653 4804 nisi
3682 4752 3806 4823 Spi-

2207 4842 2346 4897 ritus
2378 4840 2510 4899 Dei:
2542 4855 2703 4910 quem
2735 4839 3025 4909 Spiritum,
3054 4840 3098 4894 si
3127 4842 3179 4895 in
3209 4842 3373 4897 nobis
3402 4841 3803 4902 habitareidem

2206 4934 2504 5005 Apostolus
2534 4934 2729 5003 probat
2753 4949 2769 4998 ;
2805 4947 3095 5003 possumus
3115 4948 3248 5003 ergo
3273 4950 3369 5003 per
3397 4936 3651 4992 eumdem
3679 4938 3804 5010 Spi-

2207 5031 2399 5094 ritum,
2425 5027 2519 5083 Dei
2549 5040 2650 5081 nos
2673 5026 2920 5082 inserere
2951 5027 3200 5083 secretis.
3233 5026 3300 5082 Et
3316 5043 3487 5085 sane:
3541 5032 3799 5101 Quwrite,

2207 5121 2412 5190 inquit,
2435 5131 2481 5175 et
2504 5120 2766 5176 invenietis
2799 5136 2816 5174 :
2837 5122 2991 5188 petite
3008 5161 3025 5187 ,
3054 5130 3103 5176 et
3121 5120 3333 5177 dabitur
3360 5125 3502 5180 vobis
3525 5142 3544 5180 :
3566 5126 3795 5195 pulsate,

2202 5224 2250 5270 et
2271 5214 2531 5283 aperietur
2554 5214 2695 5269 vobis
2724 5213 2949 5287 (Matth.
2981 5231 3073 5283 vn,
3098 5218 3152 5283 7;
3184 5217 3312 5273 Luc.
3339 5236 3421 5283 χι,
3448 5218 3565 5289 24).
3596 5220 3657 5274 Ει
3680 5226 3798 5277 rur~

2202 5322 2321 5363 sum
2359 5324 2373 5362 :
2406 5306 2585 5371 Pater,
2616 5323 2731 5376 quas
2756 5307 3073 5364 abscondisti
3101 5328 3132 5364 a
3154 5313 3473 5385 sapientibus
3497 5355 3511 5377 ,
3564 5314 3800 5369 revelasti

2203 5415 2263 5454 ea
2291 5400 2518 5469 parvulis
2564 5398 2784 5470 (Matth,
2813 5415 2890 5467 ιιι,
2920 5402 3012 5471 25)
3042 5419 3055 5456 :
3086 5405 3247 5460 nobis
3297 5405 3509 5474 utique,
3560 5406 3626 5460 ad
3658 5422 3799 5477 quos

2204 5494 2464 5549 Dominus
2506 5512 2519 5549 :
2562 5492 2738 5561 Vobis,
2771 5494 2967 5566 inquit,
3003 5496 3181 5550 datum
3219 5505 3294 5551 est
3321 5512 3470 5551 nosse
3495 5500 3799 5567 mysterium

2204 5584 2299 5640 Dei
2323 5585 2537 5655 (Matth.
2581 5602 2695 5654 xm,
2718 5586 2839 5658 il);
2868 5587 3002 5642 illud
3024 5587 3209 5656 utique
3239 5588 3658 5661 mysteriomﬁe
3688 5607 3797 5663 quo

2202 5682 2500 5751 Apostolus
2529 5699 2543 5737 :
2577 5681 2727 5747 Quod
2767 5690 2910 5747 ante,
2936 5681 3135 5751 inquit,
3166 5698 3270 5737 non
3297 5685 3397 5753 fuit
3442 5694 3622 5740 notum
3668 5686 3794 5754 [iliis

570 5886 596 5915 ἰ
614 5850 675 5934 Τ
674 5893 760 5931 ere
784 5892 979 5935 eorum.
1010 5880 1364 5941 lnserendum
1389 5883 1604 5944 videtur
1623 5883 1775 5945 verba
1803 5884 1891 5941 vel
1918 5884 2079 5951 dicta,
2120 5888 2212 5940 aut
2240 5878 2442 5952 aliquid
2462 5874 2751 5949 ejusmodi,
2790 5882 2851 5932 ut
2872 5872 3034 5951 paulo
3059 5880 3206 5931 ante.
