4200 6180
438 326 501 380 2|
1644 321 1846 378 LIBER
1882 321 2162 379 CONTRA
2201 326 2529 382 ARIANOS.
3675 330 3749 384 22

438 442 733 504 hominum,
764 456 897 494 nunc
919 441 1205 494 revelatum
1235 451 1308 494 est
1339 443 1527 495 sanctis
1550 446 1659 516 ejus
1693 440 1922 513 (Ephes.
1968 458 2044 507 ιιι,
2075 449 2123 505 Α
2155 462 2351 499 mecum
2374 456 2446 500 est
2477 445 2692 518 (Joann.
2725 461 2797 512 vn,
2826 445 2917 517 9.9)
2945 464 2956 511 ;

441 536 521 605 5).
561 533 884 589 Revelatum
919 533 1104 603 plane.
1139 532 1391 587 Ostendit
1422 534 1565 587 enim
1614 535 1924 589 eminentes
1966 534 2047 587 di-

446 626 609 681 vitias
639 624 826 696 gloria:
854 641 989 690 sum,
1046 626 1100 678 in
1153 625 1400 680 bonitate
1430 640 1595 695 super
1623 640 1720 680 nos
1744 635 1769 661 ιι
1801 624 2045 691 Christo,

444 722 538 792 qui
571 721 688 790 ipse
712 731 793 773 est
818 718 845 756 ι’
875 720 1045 790 gloria
1081 719 1172 773 Dei
1200 719 1394 774 Patris.
1428 718 1548 789 Ipse
1579 736 1706 774 vera
1761 720 2049 790 progenies

443 813 695 885 Ingeniti.
734 813 847 867 Iloc
876 823 960 867 est
996 830 1008 866 :
1040 811 1212 867 Nemo
1243 813 1347 866 scit
1395 815 1671 883 quomodo
1712 816 1930 885 genitus
1980 816 2051 868 sit

446 907 639 963 Filius.
691 905 868 961 Nemo
922 906 1133 976 utique,
1166 905 1260 960 sed
1300 920 1364 960 ex
1399 906 1483 959 bis
1517 910 1568 961 in
1622 908 1852 978 quibus,
1888 917 1945 961 ut
1975 908 2051 961 ait

446 1001 732 1064 Dominus,
764 1001 968 1055 verbum
1001 1003 1114 1073 ejus
1145 1018 1245 1053 non
1269 1001 1405 1069 capit
1424 999 1605 1072 (Joan.
1633 1017 1747 1066 vm,
1773 1000 1886 1070 57);
1912 1001 2053 1055 sicut

444 1109 545 1148 nec
574 1092 801 1155 Iudaeis,
836 1090 903 1145 ad
952 1107 1090 1160 quos
1135 1089 1275 1146 idem
1329 1092 1593 1147 Dominus
1648 1093 1723 1145 ait
1757 1112 1767 1144 :
1807 1092 1930 1151 I'os.
1964 1091 2049 1145 iu-

443 1185 579 1255 quit,
611 1184 866 1254 ignoratis
895 1183 1030 1238 unde
1057 1183 1280 1247 veniam,
1313 1192 1359 1236 et
1385 1199 1482 1251 quo
1511 1199 1656 1248 eam;
1699 1183 1825 1253 quia
1873 1200 2052 1236 secun—

446 1276 571 1329 dum
599 1293 805 1331 carnem
828 1277 1088 1349 judicatis
1113 1277 1304 1349 (lbid.,
1338 1277 1426 1343 H,
1458 1278 1566 1350 I5).
1598 1278 1884 1345 Quomodo
1906 1281 2050 1333 enim

448 1386 643 1437 nemo,
678 1371 723 1424 si
760 1371 919 1425 Pater
967 1371 1139 1425 dicit:
1185 1370 1451 1424 Eructavit
1498 1388 1585 1424 cor
1640 1388 1805 1425 meum
1847 1370 2053 1425 verbum

447 1463 635 1517 bonum
681 1462 856 1533 (Psal.
910 1479 1056 1526 xuv,
1084 1463 1181 1531 ‘2)?
1211 1464 1499 1529 Quomodo
1554 1479 1753 1529 nemo,
1803 1465 1844 1517 si
1882 1464 2053 1518 Filius

446 1562 522 1615 ait
555 1579 566 1613 :
596 1559 709 1633 Ego
732 1577 795 1615 ex
824 1577 910 1614 ore
939 1561 1191 1615 Altissimi
1220 1561 1419 1630 prodit‘i
1442 1559 1615 1627 (Eccl.
1649 1575 1799 1623 xxrv,
1829 1558 1910 1628 5)?
1932 1558 2052 1612 Noli

448 1667 696 1722 qurerere
726 1651 982 1720 amplius,
1014 1661 1069 1705 et
1094 1666 1199 1704 non
1234 1652 1402 1705 habes
1432 1652 1575 1721 quod
1599 1650 1877 1720 requiras;
1914 1650 2053 1704 nosti

450 1747 596 1800 enim
627 1753 797 1799 totum
832 1764 843 1797 :
876 1745 997 1815 quia
1034 1745 1173 1815 quod
1209 1744 1427 1808 dicitur,
1463 1753 1634 1798 totum
1689 1750 1792 1797 est.
1827 1742 1909 1795 Ea:
1951 1760 2048 1796 ore

452 1839 648 1908 inquit,
680 1837 929 1891 Altissinti
958 1837 1180 1905 prodivi.
1216 1836 1341 1890 Haec
1364 1844 1449 1890 est
1477 1836 1622 1890 enim
1650 1834 1900 1887 nativitas
1927 1850 2047 1903 per-
2078 1838 2125 1898 B
2157 1842 2275 1907 Dei,
2317 1855 2422 1894 non
2481 1851 2660 1909 potest
2718 1854 2825 1893 non
2885 1852 3008 1893 esse
3064 1839 3301 1908 perfecta

453 1931 593 1986 lecta
628 1930 931 1995 Sermonis,
961 1928 1065 1983 hoc
1113 1939 1198 1983 est
1248 1928 1573 1999 principium
1609 1927 1726 1982 sine
1759 1927 2046 1997 principio.

453 2024 549 2080 Hic
575 2034 661 2079 est
692 2031 849 2077 ortus
877 2022 1086 2077 habens
1130 2022 1344 2076 initium
1376 2021 1428 2075 in
1459 2021 1773 2086 nativitate,
1808 2021 1858 2073 in
1908 2028 2051 2073 statu

454 2131 559 2170 non
590 2116 816 2169 habens.
854 2114 933 2169 Ex
968 2114 1079 2168 Deo
1107 2115 1250 2168 enim
1283 2112 1595 2167 innascibili
1628 2112 1771 2166 Deus
1819 2112 2053 2167 nascibi-

456 2210 523 2264 lis
554 2209 744 2273 exivit,
780 2223 918 2262 unus
945 2208 1013 2261 ab
1042 2223 1172 2271 uno,
1202 2223 1365 2262 verus
1418 2223 1445 2260 a
1479 2220 1633 2271 vero,
1663 2206 1855 2276 plenus
1886 2222 1912 2258 a
1941 2206 2054 2276 ple-

457 2314 526 2355 no
552 2318 566 2365 ;
597 2315 663 2356 ac
693 2301 771 2354 sic
810 2299 1086 2354 nascendo
1117 2300 1172 2353 in
1206 2298 1289 2353 his
1320 2314 1442 2369 qua!
1473 2312 1631 2353 erant
1660 2313 1913 2367 semper,
1947 2314 2051 2351 non

454 2393 619 2462 cmpit
666 2406 790 2447 esse
832 2390 977 2461 quod
1009 2402 1195 2446 natum
1230 2400 1317 2445 est
1344 2390 1413 2445 de
1445 2405 1553 2444 non
1597 2391 1879 2459 conceptis
1905 2430 1920 2454 ,
1956 2404 2055 2444 nec

456 2485 615 2540 habet
654 2493 867 2553 tempus
909 2485 1049 2554 quod
1080 2494 1161 2539 est
1213 2483 1558 2553 intemporali
1612 2483 1754 2538 Patri
1799 2482 2056 2552 congeni-

459 2586 567 2632 tum
601 2593 705 2645 per
736 2586 1005 2631 naturam.
1044 2576 1321 2645 Scriptum
1351 2585 1434 2630 est
1460 2576 1603 2630 enim
1637 2592 1649 2625 :
1680 2573 1819 2627 Deus
1846 2574 2060 2643 spiritus

460 2680 535 2725 est
566 2668 745 2742 (Joan.
771 2685 845 2736 tv,
878 2668 970 2740 4):
1006 2678 1061 2724 et
1098 2684 1161 2723 ex
1214 2668 1323 2723 Deo
1373 2679 1528 2721 natus
1556 2676 1638 2722 est
1688 2675 1944 2720 :cteruus.
1992 2666 2061 2721 Ut

460 2780 589 2836 ergo
617 2764 736 2835 ejus
765 2771 974 2818 natura:
998 2805 1013 2830 ,
1047 2779 1148 2833 qua
1176 2764 1388 2819 constat
1420 2763 1717 2816 :eternitas.
1746 2760 1859 2813 Non
1895 2758 2059 2829 igitur

459 2856 815 2927 imperfectus
850 2856 1037 2918 Filius,
1071 2856 1200 2911 licet
1229 2866 1405 2920 ratus,
1431 2855 1554 2924 quia
1584 2862 1741 2907 natus
1767 2864 1846 2907 est
1878 2869 1903 2905 a
1935 2868 2059 2922 per-

462 2947 648 3004 lecto:
680 2964 779 3004 nec
821 2947 1143 3003 imminutus
1174 2948 1264 3002 ille
1318 2948 1407 3017 qui
1448 2948 1666 3017 genuit,
1713 2945 1835 3016 quia
1875 2946 2061 3015 genuit

459 3044 528 3097 de
558 3044 871 3114 semetipso.
898 3044 1069 3098 Totus
1103 3044 1247 3097 enim
1275 3042 1423 3097 dedit
1450 3051 1649 3108 totum,
1678 3048 1736 3095 ut
1762 3039 2057 3095 secundum

460 3137 691 3207 Spiritus
718 3139 971 3193 virtutem
1006 3146 1150 3190 totus
1173 3144 1321 3191 esset
1349 3135 1401 3190 in
1429 3143 1561 3189 toto.

1062 3295 1290 3352 CAPUT
1331 3294 1443 3350 XII.

583 3414 712 3468 Mali
745 3414 976 3467 doctores
996 3413 1119 3484 quid
1150 3414 1393 3477 sentiant,
1416 3412 1670 3482 quomodo
1698 3422 1947 3485 pugnent.

536 3550 640 3606 Sed
666 3552 773 3619 jam
802 3565 860 3603 se
900 3550 1026 3604 mali
1054 3550 1312 3605 doctores
1360 3551 1500 3607 intra
1542 3551 1678 3605 artis
1704 3566 1817 3606 sum
1848 3558 2059 3605 secreta

469 3658 574 3698 non
605 3643 913 3707 continent,
941 3652 994 3697 et
1022 3642 1285 3697 adversus
1316 3642 1624 3705 veritatem,
1656 3652 1709 3696 et
1762 3644 1879 3713 ipsa
1912 3642 2062 3695 veri-

466 3744 573 3789 tate
602 3735 931 3799 consistunt,
969 3734 1229 3788 habentes
1254 3750 1453 3788 cornua
1490 3745 1547 3789 ut
1574 3735 1718 3805 agni,
1748 3746 1795 3787 et
1836 3736 2060 3801 loquen-

467 3839 548 3883 tes
571 3838 848 3898 tamquam
878 3826 1171 3899 dracones.
1201 3827 1462 3883 Volentes
1512 3828 1678 3897 igitur
1720 3845 1748 3883 a
1783 3829 1949 3882 Patre
1976 3828 2064 3882 Fi-

465 3921 596 3974 lium
640 3920 887 3974 scindere
914 3933 966 3973 et
995 3919 1135 3973 infra
1169 3921 1335 3973 Deum
1368 3934 1593 3989 ponere,
1636 3920 1707 3973 de
1757 3919 2060 3988 Evangelio

470 4015 866 4085 prtescribunt:
906 4012 1084 4080 Pater,
1144 4014 1356 4083 inquit,
1408 4017 1574 4079 major
1613 4030 1691 4066 me
1714 4022 1787 4066 est
1840 4011 2056 4085 (Joaun.

470 4124 577 4173 le,
612 4106 723 4177 I8).
755 4107 819 4161 Et
850 4106 1125 4177 quomodo
1160 4106 1367 4175 major?
1398 4107 1580 4159 statim
1633 4107 1887 4159 Itzcrelica
1919 4122 2058 4174 prm-

468 4200 781 4269 sumptione
832 4199 1101 4254 deliniant
1141 4216 1154 4253 :
1200 4199 1436 4261 Ilonore,
1466 4198 1741 4262 claritate,
1774 4198 2059 4267 dignitate,

469 4293 772 4361 majestate.
805 4291 955 4358 Quod
982 4293 1024 4344 si
1054 4291 1124 4343 ita
1153 4299 1254 4352 est,
1285 4306 1383 4344 cur
1407 4290 1636 4359 jubetur
1662 4298 1720 4343 ut
1747 4304 1940 4344 omnes
1969 4290 2061 4343 ho-

468 4384 753 4438 uoriﬁcent
788 4382 1156 4447 Filium,sicut
1193 4382 1552 4437 honoriﬁcam
1582 4381 1991 4448 P.ttrem?Quod
2019 4383 2062 4436 si

470 4478 803 4547 itaest,ergo
834 4476 1075 4549 quotidie
1100 4476 1543 4546 blaspltematnus
1566 4475 1616 4527 in
1645 4474 1940 4544 gratiarum
1974 4489 2060 4528 ac-

470 4568 705 4621 tionibus
744 4578 795 4620 et
847 4566 1217 4622 oblationibus
1269 4565 1698 4627 sacriﬁciorum,
1750 4565 2062 4620 communia

2945 464 2958 511 ;
3000 457 3072 513 et,
3126 448 3284 502 Pater
3314 450 3468 505 inme
3513 465 3749 515 manens,

2153 538 2277 607 facit
2304 554 2459 609 opera
2487 554 2582 589 sua
2613 536 2828 605 (Joann.
2854 554 2964 601 xw,
3012 538 3129 610 ID);
3163 552 3216 594 et
3246 559 3256 592 :
3296 539 3457 595 Verba
3500 556 3614 609 qua:
3666 541 3748 593 lo.

2102 652 2107 657 -
2152 645 2301 696 quor,
2330 646 2431 683 non
2450 640 2567 682 sunt
2598 647 2728 693 mea,
2762 629 2852 682 sed
2878 629 3052 684 Patris
3079 630 3244 700 (Ibid.
3272 642 3319 686 et
3357 649 3450 698 vn,
3475 632 3553 703 6).
3579 632 3754 699 Quid-

2155 720 2282 790 quid
2325 736 2454 791 ergo
2501 722 2817 777 detrahitur
2872 722 3032 789 Filio,
3087 723 3444 794 derogabitur
3484 734 3539 780 et
3582 724 3755 781 Patri.

2153 818 2288 872 Nam
2346 816 2480 871 nihil
2527 816 2669 871 alter
2699 816 2815 871 sine
2863 818 3037 871 :dteto
3072 818 3201 872 facit
3236 837 3247 871 :
3283 820 3405 889 quia
3449 835 3573 873 esse
3617 819 3756 873 alter

2154 910 2273 963 sine
2300 910 2475 964 altero
2502 923 2611 962 non
2663 917 2864 977 poteSt.
2898 908 3008 963 Nec
3064 910 3232 964 Filius
3279 921 3359 965 est
3410 910 3605 976 Filius,
3650 911 3756 965 nisi

2159 1006 2372 1059 Patrem
2406 1004 2572 1057 habet
2606 1022 2617 1056 :
2648 1018 2745 1057 nec
2779 1003 2943 1058 Pater
2997 1003 3191 1067 Pater,
3249 1005 3349 1058 nisi
3408 1004 3617 1058 habens
3670 1004 3757 1058 Fi-

2156 1096 2311 1150 lium.
2349 1094 2531 1161 Pater,
2585 1096 2784 1165 inquit,
2832 1098 3001 1168 major
3047 1112 3126 1148 me
3167 1104 3257 1149 est.
3310 1096 3415 1152 Sed
3470 1097 3757 1167 plenitudo

2156 1188 2400 1257 ejusdem
2429 1187 2741 1242 divinitatis
2775 1189 2825 1241 in
2854 1187 2991 1241 Filio
3017 1198 3124 1241 est.
3158 1188 3405 1259 Denique
3433 1188 3753 1258 Apostolus:

2159 1284 2440 1352 Quotquot,
2476 1283 2669 1352 inquit,
2698 1283 3060 1352 promissiones
3091 1282 3186 1335 Dei
3209 1292 3327 1336 sunt
3358 1299 3376 1335 .·
3402 1285 3452 1336 in
3495 1284 3585 1337 illo
3614 1281 3755 1338 EST

2156 1376 2221 1445 (ll
2260 1374 2379 1428 Car.
2418 1391 2455 1440 t,
2489 1374 2609 1443 20).
2642 1374 2912 1443 Numquid
2946 1389 3082 1443 ergo
3113 1375 3376 1443 obsequia
3411 1374 3529 1428 Filii
3560 1374 3759 1429 divini-

2160 1469 2282 1523 tatis
2359 1477 2557 1523 statum
2612 1468 2877 1523 solvunt?
2927 1466 3171 1522 Solvitur
3232 1467 3376 1521 enim
3435 1468 3487 1522 in
3542 1466 3765 1523 Christo

2157 1576 2320 1616 omne
2351 1561 2494 1630 quod
2522 1562 2661 1615 Deus
2683 1569 2785 1624 est,
2816 1560 2859 1613 si
2880 1559 3180 1628 majestatis
3202 1558 3434 1613 alterius
3455 1558 3749 1629 accipitur:

2157 1654 2379 1709 alterius
2411 1663 2589 1708 autem
2635 1654 2762 1718 erit,
2799 1654 2843 1707 si
2896 1655 3183 1721 majestate
3237 1652 3400 1707 Pater
3434 1651 3609 1722 major
3648 1662 3755 1706 est.

2157 1748 2287 1815 Qtne
2318 1748 2542 1817 quidem
2594 1746 2873 1817 majestas,
2902 1748 3027 1817 quia
3061 1761 3166 1801 una
3219 1758 3324 1814 eSt,
3358 1748 3519 1800 unius
3551 1745 3765 1807 scilicet

3351 1856 3363 1891 :
3412 1838 3762 1909 imperfecta,

2158 1934 2445 2005 inaequalis
2486 1942 2569 1988 est
2604 1950 2616 1986 :
2647 1932 2936 2003 inmqualis
2989 1942 3199 1998 autem,
3261 1933 3307 1987 si
3358 1933 3532 1989 altero
3583 1935 3767 1990 minor

2158 2038 2263 2081 est.

2755 2138 2988 2195 CAPUT
3030 2138 3169 2196 XIII.

2159 2276 2415 2341 Christus,
2444 2274 2709 2345 speculum
2732 2272 2829 2327 Dei
2851 2274 3163 2346 majestatis,
3190 2274 3397 2344 plenam
3431 2271 3608 2327 Patris
3630 2274 3762 2326 ima-

2453 2369 2625 2440 ginem
2646 2367 2835 2421 reddit.
2867 2365 3087 2421 Sabellii
3109 2367 3340 2421 haeresis.

2233 2505 2340 2561 Sed
2372 2505 2423 2559 in
2471 2504 2573 2559 ltoc
2621 2503 2741 2558 Ioco
2773 2502 2910 2557 illud
2944 2501 3100 2557 vobis
3128 2501 3423 2575 applaudet
3453 2502 3596 2574 quod
3628 2504 3762 2558 Mat-

2165 2600 2338 2654 thmus
2367 2599 2557 2666 refert,
2592 2598 2788 2653 Filium
2824 2598 3081 2666 hominis,
3120 2598 3274 2669 quasi
3303 2599 3572 2668 privatum
3618 2599 3763 2654 scili-

2160 2704 2245 2749 cet
2271 2704 2324 2748 et
2354 2693 2645 2757 minorem,
2680 2693 2846 2763 legite
2878 2693 2931 2745 in
2982 2691 3177 2747 eodem
3235 2692 3493 2751 Mattbaao
3544 2691 3760 2765 (Matth:

2165 2803 2291 2854 xxv,
2322 2786 2436 2856 5i),
2490 2785 2689 2841 Filium
2730 2799 2853 2841 esse
2887 2796 3175 2841 venturum
3230 2785 3309 2839 in.
3338 2785 3624 2857 majestate
3669 2786 3767 2839 Pa—

2166 2884 2285 2947 tris,
2311 2882 2377 2936 de
2403 2897 2512 2951 quo
2534 2881 2769 2937 adventu
2801 2890 2855 2935 et
2882 2878 3057 2935 Lucas
3086 2897 3097 2933 :
3132 2877 3261 2934 Cum
3301 2880 3513 2944 venerit,
3564 2880 3764 2950 inquit,

2168 2972 2339 3028 Filius
2364 2974 2585 3029 hominis
2617 2989 2733 3027 cum
2771 2973 2937 3045 gloria
2984 2987 3077 3025 sua
3118 2981 3164 3025 et
3212 2970 3385 3025 Patris
3436 2970 3591 3043 (Luc.
3648 2988 3761 3039 XXI,

2165 3066 2279 3137 27).
2313 3065 2432 3122 Non
2480 3076 2587 3123 tam
2645 3080 2778 3136 ergo
2813 3081 2841 3118 a
2885 3064 3039 3119 vobis
3065 3064 3245 3120 minor
3272 3064 3560 3134 majestate
3591 3063 3765 3121 Filios

2171 3159 2391 3228 dicitur,
2415 3174 2537 3215 cum
2571 3160 2673 3214 hoc
2729 3158 2953 3224 dicitur,
2983 3174 3142 3231 quam
3185 3158 3333 3215 Deus
3359 3168 3607 3229 negatur.
3644 3159 3761 3226 Ille,

2087 3232 2131 3294 (ἶ
2166 3253 2406 3322 inquam,
2438 3252 2533 3308 ille
2564 3252 2631 3308 de
2661 3268 2772 3325 quo
2801 3252 3064 3308 Salomon
3094 3253 3172 3307 ait
3206 3270 3217 3305 :
3245 3251 3505 3325 Splendor
3528 3261 3601 3307 est
3633 3251 3759 3309 lucis

2161 3356 2389 3409 wternte,
2420 3354 2463 3398 et
2493 3345 2883 3419 speculumsine
2904 3344 3104 3399 macula
3142 3344 3238 3399 Dei
3265 3344 3549 3417 majestatis
3600 3342 3759 3414 (Sap.

2163 3453 2256 3503 vlt,
2306 3436 2418 3505 εδ).
2482 3437 2648 3491 Planc
2707 3436 2988 3507 speettlttm
3044 3437 3162 3493 sine
3228 3435 3462 3491 macula.
3510 3434 3769 3493 CUStodit

2162 3532 2307 3585 enim
2352 3531 2443 3585 Dei
2497 3532 2709 3595 vultus;
2752 3540 2806 3586 et
2839 3530 3067 3600 figuram
3127 3529 3366 3585 ﬁdeliter
3419 3530 3766 3600 exprimens,

2162 3624 2379 3693 plenam
2409 3624 2586 3677 Patris
2615 3622 2911 3692 imaginem
2958 3622 3216 3678 reddidit.
3253 3621 3323 3677 Et
3351 3621 3483 3690 quid
3525 3622 3762 3692 amplius

2164 3719 2231 3773 de
2263 3727 2407 3771 statu
2438 3716 2583 3786 ejus,
2613 3717 2666 3769 in
2696 3731 2803 3786 quo
2828 3730 2886 3769 se
2928 3715 3195 3770 Dominus
3223 3714 3476 3769 Christus
3509 3716 3767 3784 agnovit?

2165 3810 2726 3884 Ρτιειει·,ἰυψιίι,ηιη]οτ
2738 3818 2809 3863 est
2828 3809 3128 3863 meJIerito
3143 3807 3478 3878 major,quia
3502 3808 3655 3863 solus
3669 3806 3757 3861 hic

2164 3914 2357 3961 auctor
2389 3902 2507 3957 sine
2536 3910 2760 3956 auctore
2806 3908 2911 3957 est.
2942 3898 3189 3970 Denique
3242 3898 3537 3969 Apostolus
3566 3898 3635 3955 de
3674 3898 3763 3957 Fi-

2168 3997 2241 4050 lio
2271 4013 2283 4049 :
2315 3992 2379 4050 In
2409 3994 2545 4066 ipso,
2588 3993 2781 4064 inquit,
2832 3991 3029 4046 habitat
3072 3991 3235 4046 omnis
3263 3989 3535 4064 plenitudo
3576 3991 3764 4047 divini-

2166 4089 2283 4143 tatis
2306 4088 2645 4157 corporaliter
2674 4084 2897 4158 (Coloss.
2930 4100 2987 4151 tt,
3015 4082 3095 4155 9).
3123 4084 3268 4156 Ergo
3300 4096 3352 4139 ut
3382 4083 3552 4140 Filius
3588 4085 3638 4140 itt
3663 4084 3763 4141 Pa-

2168 4188 2273 4245 tre,
2323 4179 2391 4233 ita
2427 4189 2481 4233 et
2505 4179 2665 4232 Pater
2698 4177 2970 4245 perlectus
3003 4176 3053 4229 in
3078 4174 3217 4230 Filio
3243 4184 3350 4230 est.
3410 4176 3655 4246 Denique
3682 4176 3765 4235 di-

2168 4288 2303 4329 cens
2343 4273 2605 4326 Dominus
2658 4278 2847 4324 noster
2897 4267 3164 4339 proﬁcisci
3218 4283 3247 4322 a
3295 4268 3455 4324 Patre
3500 4267 3762 4339 Spiritum

2170 4376 2442 4431 sanctum,
2479 4363 2718 4419 subdidit
2752 4382 2763 4416 :
2794 4363 2872 4417 De
2893 4380 3003 4417 meo
3027 4363 3241 4434 accipiet
3270 4361 3485 4435 (Joann.
3512 4380 3623 4430 XXI,
3650 4364 3766 4435 14).

2172 4460 2326 4515 Sicut
2362 4457 2603 4512 Joannes
2652 4471 2774 4511 cum
2800 4455 3029 4510 dixisset
3061 4471 3075 4507 :
3101 4456 3481 4508 Annuntiamus
3529 4456 3666 4509 vobis
3698 4457 3773 4509 vi-

2173 4563 2275 4606 tam
2298 4562 2540 4605 (eternam
2568 4565 2684 4621 qua:
2708 4558 2818 4603 erat
2861 4547 3004 4618 apud
3057 4546 3267 4601 Patrem
3316 4548 3362 4621 (l
3388 4548 3580 4604 Joann.
3613 4566 3648 4615 t,
3682 4550 3767 4621 2),

471 4661 587 4715 Inuc
616 4659 759 4713 Patri
795 4668 851 4713 et
881 4659 1018 4713 Filio
1046 4660 1411 4722 conﬁtentes;
1440 4659 1562 4730 quia
1592 4657 1801 4712 scilicet
1832 4673 1938 4713 non
1964 4673 2059 4727 po-

2170 4647 2379 4702 ηιιιιίιιίι
2410 4663 2422 4699 ε
2455 4619 2588 4699 ama
2610 4646 2711 4698 vita
2733 4645 2785 4699 in
2814 4644 2927 4712 ﬁlio
2956 4644 3068 4714 ejus
3107 4652 3181 4697 ω
3206 4619 3399 4709 (tua,
3430 4642 3547 4713 tt).
3601 4642 3684 4701 Ae
3721 4619 3775 4699 ta

472 4764 576 4810 test
604 4754 781 4810 Filius
813 4771 920 4808 non
953 4764 1122 4809 totum
1158 4755 1359 4808 habere
1399 4752 1541 4822 quod
1576 4752 1754 4806 Patris
1800 4765 1907 4817 est,
1940 4768 2066 4807 cum

477 4850 589 4919 ipse
622 4858 767 4903 totus
795 4850 848 4901 in
876 4849 1039 4903 Patre
1071 4850 1160 4901 sit.
1198 4848 1442 4915 Denique
1488 4846 1730 4901 Joannes
1757 4846 1830 4899 ait
1864 4843 2070 4899 :Deum

478 4956 624 4994 nemo
654 4941 777 4994 vidit
802 4958 1066 5011 umquam,
1101 4941 1197 4993 nisi
1224 4939 1515 5009 unigenitus
1572 4937 1743 4993 Filius
1777 4938 1865 5008 qui
1906 4947 1977 4990 est
2018 4939 2071 4990 in

473 5034 589 5086 sinu
614 5031 787 5086 Patris
806 5032 1021 5104 (Joann.
1058 5048 1099 5097 ι,
1138 5032 1244 5101 I8).
1277 5033 1338 5086 Et
1362 5031 1487 5085 ideo
1519 5031 1689 5098 inquit
1717 5046 1730 5082 :
1770 5027 1952 5081 Omnia
1985 5039 2071 5081 tua

475 5141 586 5177 mea
612 5134 751 5189 sunt,
778 5134 824 5175 et
848 5140 959 5177 mea
987 5132 1074 5177 tua
1107 5121 1322 5193 (Joann.
1362 5138 1490 5187 XVII,
1530 5122 1635 5192 I0);
1672 5130 1765 5175 et:
1804 5119 1954 5174 Nihil
1980 5136 2074 5191 po-

476 5224 568 5267 test
592 5213 763 5269 Filius
786 5218 955 5284 facere
985 5232 1017 5267 a
1043 5216 1315 5287 semetipso
1347 5212 1562 5287 (Joann.
1590 5228 1644 5279 v,
1680 5210 1793 5282 19),
1824 5220 1878 5266 et
1905 5228 1918 5264 :
1954 5210 2074 5264 Non

478 5307 587 5359 veni
627 5308 939 5363 voluntatem
987 5322 1151 5359 meam
1202 5310 1394 5377 facere,
1444 5304 1534 5356 sed
1564 5306 1674 5375 ejus
1704 5304 1791 5370 qui
1836 5319 1914 5355 me
1943 5302 2081 5353 misit

477 5400 694 5469 (Joanu.
730 5419 801 5470 Vl,
834 5402 947 5472 38).
982 5402 1137 5467 Quod
1168 5404 1354 5471 utique
1408 5418 1512 5454 non
1565 5399 1899 5453 inﬁrmitatis
1948 5412 2081 5453 con-

476 5494 647 5552 fessio
694 5508 801 5564 est,
852 5497 951 5553 sed
1006 5497 1233 5552 unitatis
1284 5496 1537 5552 assertio.
1586 5496 1806 5549 Dixerat
1857 5493 2002 5549 enim
2027 5502 2085 5548 et

480 5600 670 5647 contra
703 5591 1082 5649 inﬁrmitatem
1115 5600 1172 5645 et
1226 5604 1325 5659 pro
1382 5590 1595 5643 unitate
1626 5604 1638 5639 :
1676 5586 1776 5653 Qui
1806 5604 1885 5640 me
1916 5587 2077 5655 misit,

556 5778 578 5804 α
597 5767 831 5898 ξὴτίειο.
859 5768 1108 5843 Legerim
1129 5770 1183 5823 in
1211 5768 1419 5823 Christo
1437 5784 1557 5823 cum
1587 5766 1846 5838 Apostolo
1875 5763 2077 5837 Ephes.

480 5857 563 5911 ιιι,
597 5857 651 5898 o.

2169 4757 2291 4795 cum
2339 4740 2500 4794 ambo
2533 4748 2587 4793 et
2628 4739 2894 4793 alteruter
2925 4738 3153 4807 pert‘ecti
3197 4737 3332 4800 sint,
3385 4751 3527 4790 unus
3586 4745 3766 4790 tamen

2174 4832 2447 4903 perlectus
2473 4832 2614 4885 Deus
2641 4841 2727 4885 est
2776 4832 2825 4883 iu
2868 4829 3099 4885 duobus.
3138 4828 3316 4897 Pater,
3356 4828 3553 4899 inquit,
3603 4832 3773 4902 major

2175 4941 2254 4980 me
2284 4934 2355 4978 est
2386 4922 2602 4997 (loann.
2661 4939 2770 4988 xtv,
2827 4920 2944 4995 28).
2989 4922 3182 4977 Merito
3236 4922 3432 4991 major,
3485 4924 3613 4992 quia
3662 4938 3771 4977 non

2174 5020 2289 5087 ipse
2330 5016 2617 5071 descendit
2662 5016 2713 5069 in
2766 5013 3084 5086 Virginem;
3145 5016 3287 5085 quod
3339 5016 3611 5071 Sabellius
3673 5032 3772 5071 no-

2178 5111 2298 5177 luit,
2363 5109 2503 5180 apud
2537 5124 2697 5180 quem
2745 5107 2907 5164 Pater
2957 5120 3009 5162 et
3061 5107 3228 5163 Filius
3286 5108 3447 5163 ambo
3487 5124 3591 5162 non
3625 5118 3774 5175 sunt,

2180 5204 2282 5259 hoc
2308 5212 2413 5270 est,
2439 5202 2603 5258 duum
2640 5202 2918 5256 nominum
2955 5218 3060 5256 una
3113 5218 3379 5271 persona;
3425 5218 3549 5257 cum
3596 5202 3778 5257 Patris

2180 5314 2371 5354 Vocem
2404 5298 2638 5352 audierit
2667 5313 2766 5367 per
2816 5295 3009 5351 Isaiam
3040 5315 3051 5349 :
3085 5295 3218 5350 Ecce
3267 5295 3435 5350 Filius
3465 5313 3602 5350 meus
3628 5312 3777 5364 quem

2182 5409 2275 5461 ego
2328 5390 2488 5462 elegi,
2538 5406 2726 5463 ponam
2771 5388 3027 5461 Spiritum
3076 5404 3244 5442 meum
3284 5404 3438 5458 super
3487 5404 3599 5441 eum
3641 5383 3781 5458 (Isa.

2186 5502 2317 5552 xm,
2352 5486 2426 5556 I);
2462 5499 2523 5538 ac
2570 5484 2829 5557 deinceps
2887 5499 2979 5552 per
3028 5483 3279 5539 eumdem
3324 5482 3645 5554 prophetam
3697 5481 3779 5534 Io-

2190 5592 2441 5653 quentem
2502 5577 2693 5633 Filium
2742 5588 3140 5648 recognoscat:
3172 5577 3397 5651 Spiritus
3446 5574 3655 5629 Domini
3700 5592 3787 5630 suc

2262 5761 2286 5798 ι’
2319 5760 2515 5817 Gloria.
2544 5760 2658 5827 AL,
2690 5764 2742 5815 in
2770 5762 2957 5833 gloria.
