4194 6192
400 274 469 332 25
1472 278 1532 333 S.
1575 276 1936 335 PHCEBADII
1978 278 2015 334 E

2119 279 2197 335 BC.
2242 279 2662 338 AGINNENSIS
3624 286 3692 342 24

393 410 484 464 per
508 410 588 447 me
617 405 825 467 propter
872 393 1009 467 quod
1064 396 1213 449 unxit
1240 410 1319 449 me
1347 392 1481 465 (Isa.
1534 409 1642 457 LXI,
1696 392 1771 462 1).
1822 396 1993 460 Quam
2022 396 2159 456 Aut
2185 404 2370 449 sancta
2420 404 2475 449 et
2514 392 2784 449 catholica
2815 393 2948 449 dicit
2993 394 3268 462 Ecclesia,
3300 395 3399 452 sed
3429 397 3509 465 (ut
3536 408 3698 466 supra

397 490 652 544 hmresim
705 490 972 546 Dominus
999 489 1308 560 praevidens
1334 505 1346 541 :
1377 486 1499 541 Non
1525 486 1757 554 creditis,
1792 488 1992 557 inquit,

395 585 519 655 quia
546 600 640 655 ego
670 584 724 637 in
752 583 909 637 Patre
932 592 977 637 et
1014 581 1168 636 Pater
1188 583 1242 635 in
1273 598 1351 635 me
1380 580 1598 650 (Joann.
1625 597 1736 648 xw,
1771 580 1859 648 10,
1887 578 2003 654 il)?

398 675 562 730 Certe
604 690 709 730 non
741 675 925 730 dixit:
969 674 1084 745 Ego
1109 690 1229 728 sum
1275 673 1477 742 Pater,
1528 685 1582 728 et
1612 690 1712 745 ego
1776 674 1827 727 in
1874 690 1998 728 me:

397 769 520 835 sed,
553 769 667 841 Ego
714 771 768 823 in
809 768 970 824 Patre
999 779 1045 822 et
1076 767 1235 823 Pater
1267 770 1319 822 in
1355 785 1433 822 me
1462 785 1480 822 :
1513 784 1619 838 quo
1670 767 1819 822 dicto
1870 762 2027 822 duas

400 861 643 915 lIazreses
701 860 883 927 elisit,
946 860 1311 915 Sabellianam
1358 860 1571 915 scilicet
1622 869 1677 914 et
1722 859 2000 914 Arianam.

401 955 619 1009 Patrem
662 962 718 1008 et
758 953 952 1008 Filium
985 969 1092 1008 non
1122 968 1243 1009 esse
1270 968 1431 1007 unam
1467 967 1784 1023 personam,
1828 961 1883 1004 ut
1909 951 2007 1005 Sa-

404 1046 602 1100 hellius
636 1065 646 1099 :
681 1057 773 1100 aut
821 1046 956 1100 duas
999 1045 1366 1110 substantias,
1412 1056 1471 1099 ut
1526 1045 1711 1111 Arius,
1762 1044 1856 1100 sed
1898 1044 2008 1114 (ut

402 1138 537 1194 ﬁdes
566 1140 837 1195 catholica
877 1140 1190 1210 confitetur)
1217 1154 1378 1194 unam
1410 1139 1773 1194 substantiam
1798 1149 1848 1193 et
1869 1137 2005 1191 duas

403 1234 587 1289 docuit
614 1250 737 1290 esse
768 1250 1049 1305 personas.

998 1370 1228 1426 CAPUT
1270 1368 1409 1424 XIV.

630 1494 789 1546 sacris
819 1491 1003 1545 litteris
1025 1489 1262 1543 doctrina
1283 1489 1537 1544 catholica
1568 1489 1894 1556 conﬁrmata.

480 1609 586 1665 Sed
614 1608 744 1679 quid
773 1607 1110 1676 argumentis
1143 1621 1277 1673 Opus
1307 1605 1425 1659 est?
1447 1619 1567 1658 cum
1600 1604 1718 1671 ipse
1744 1602 2009 1656 Dominus

415 1699 858 1773 pronuntiaverit
915 1697 1189 1753 deﬁnitiva
1271 1696 1585 1751 sententia?
1662 1695 2010 1763 Quazrumque

2104 484 2365 558 diximus)
2410 496 2675 542 creaturae
2705 486 3019 543 conditione
3071 487 3424 558 proﬁtemini.
3453 488 3704 545 Dicentes

2103 582 2246 636 enim
2280 581 2449 637 :Cum
2479 582 2732 638 omnibus
2764 581 2849 637 his
2876 597 2995 652 qua:
3024 582 3100 637 illi
3131 582 3294 638 Pater
3322 583 3575 653 subjecit,
3606 583 3705 639 Pa-

2104 675 2171 727 tri
2202 672 2397 729 Filium
2434 690 2557 730 esse
2585 676 2890 743 subjectum
2918 692 2932 741 ;
2966 690 3147 732 nonne
3191 677 3367 745 ipsum
3401 677 3454 732 in
3484 686 3705 733 creatu-

2104 779 2289 819 rarum
2318 766 2511 821 ordine
2541 782 2661 835 qure
2692 782 2757 820 ex
2791 775 3037 835 tempore
3059 777 3187 822 sunt
3215 768 3483 834 instituta,
3513 784 3707 826 nume-

2106 858 2286 912 ratis?
2316 858 2461 913 Nihil
2486 859 2631 914 enim
2676 859 2974 914 secundum
3002 875 3099 915 vos
3130 862 3276 915 omni
3311 872 3559 917 creatura
3586 879 3707 917 am-

2107 951 2250 1020 plius
2308 954 2472 1007 habet
2514 952 2657 1007 Dcus
2709 963 2765 1007 et
2824 951 3089 1007 Dominus
3148 962 3357 1017 noster,
3402 955 3506 1009 nisi
3560 955 3704 1025 quod

2106 1048 2314 1117 primus
2366 1047 2418 1100 in
2470 1062 2701 1123 numero
2732 1057 2834 1113 εει,
2871 1046 2974 1101 nisi
3019 1047 3165 1118 quod
3194 1048 3245 1102 ei
3270 1048 3433 1103 etiam
3469 1048 3556 1103 illa
3590 1063 3708 1103 ser-

2109 1139 2263 1193 viunt
2288 1153 2409 1194 cum
2439 1140 2641 1209 quibus
2657 1139 2847 1194 servit.
2872 1138 3076 1194 Servus
3100 1140 3243 1195 enim
3274 1150 3329 1195 et
3351 1141 3489 1211 ipse,
3517 1142 3562 1197 si
3592 1156 3709 1197 ser-

2107 1231 2214 1292 vit;
2262 1238 2316 1284 et
2359 1231 2487 1285 licet
2534 1231 2923 1287 nonnullorum
2969 1233 3251 1299 Dominus,
3301 1233 3399 1288 sed
3444 1233 3711 1289 Dominus

2108 1321 2408 1385 voluntate,
2462 1323 2504 1375 si
2556 1322 2832 1378 voluntate
2878 1322 3089 1377 Domini
3136 1324 3396 1381 Dominus
3455 1326 3709 1392 elTectus,

2110 1413 2216 1467 hoc
2247 1414 2365 1482 ipso
2388 1414 2657 1479 serviens,
2678 1416 2822 1484 quod
2842 1415 3029 1485 jussus
3058 1425 3143 1472 est
3167 1416 3462 1487 imperare.
3496 1417 3608 1473 Hoc
3628 1430 3712 1475 est

2112 1507 2243 1562 illud
2272 1508 2415 1577 quod
2443 1522 2539 1562 vos
2565 1509 2798 1577 occulte,
2827 1520 2881 1564 et
2915 1520 3098 1580 patres
3127 1511 3295 1565 vestri
3315 1526 3437 1566 cum
3461 1512 3712 1568 libertate

2110 1601 2367 1656 dixerunt
2391 1618 2404 1656 :
2433 1601 2630 1656 Filium
2659 1603 2752 1657 Dei
2800 1602 2919 1658 sine
2958 1612 3203 1675 tempore
3243 1605 3448 1662 editum
3473 1621 3502 1659 a
3524 1606 3709 1673 Patre,

2112 1702 2168 1749 et
2193 1693 2474 1748 fundatum
2506 1711 2612 1749 non
2649 1696 2798 1765 prius
2845 1712 3005 1767 quam
3044 1708 3382 1753 nasceretur.
3431 1700 3564 1766 Quae
3611 1700 3714 1755 ista

413 1795 571 1848 Pater
600 1794 749 1862 facit,
779 1792 956 1845 eadem
980 1802 1028 1844 et
1050 1789 1221 1843 Filius
1251 1788 1466 1862 (Joann.
1494 1804 1545 1855 v,
1591 1788 1680 1858 l9)
1714 1806 1726 1842 :
1770 1802 2001 1858 quomo-
2034 1782 2082 1840 B
2109 1796 2214 1849 est,
2244 1802 2399 1857 rogo,
2424 1786 2604 1842 cordis
2637 1787 2949 1844 hcbetndo?
2975 1806 3097 1860 qua:
3129 1791 3331 1846 oblivio
3353 1793 3515 1862 spei?
3544 1791 3718 1848 Immo

412 1886 483 1941 do
514 1885 728 1951 ezulem,
781 1884 827 1938 si
872 1883 1117 1952 aspirare
1151 1882 1217 1935 ad
1266 1896 1538 1935 summam
1571 1890 1812 1950 paterna:
1864 1880 2011 1934 illius

407 1982 601 2051 gloriae
630 1996 733 2033 non
770 1977 983 2047 potest?
1006 1978 1177 2031 Immo
1199 1977 1321 2046 quia
1342 1983 1546 2044 potest,
1573 1974 2008 2030 recthoannes:

414 2074 540 2130 Sine
563 2074 693 2140 ipso,
728 2072 922 2139 inquit,
949 2070 1144 2139 factum
1192 2081 1262 2123 est
1292 2068 1423 2122 nihil
1460 2068 1675 2140 (Joann.
1710 2065 1775 2139 ι).
1805 2068 1868 2122 Ει
1896 2069 2013 2139 ipse

411 2167 683 2221 Dominus
710 2183 723 2220 :
751 2162 885 2234 Ego,
912 2162 1107 2232 inquit,
1133 2172 1180 2215 et
1214 2160 1372 2215 Pater
1400 2179 1556 2215 unum
1583 2177 1763 2215 sumus
1792 2160 2009 2232 (Joann.

416 2278 475 2331 Χ,
507 2261 618 2329 230).
653 2258 826 2314 Unum
862 2258 1047 2326 utique
1081 2273 1176 2324 per
1217 2245 1467 2311 naturam
1502 2256 1669 2323 :quia
1711 2255 1853 2325 quod
1896 2267 2018 2309 erat

416 2355 471 2408 in
496 2350 909 2416 Filiohominis,
936 2350 1067 2403 etin
1091 2348 1267 2403 Patris
1289 2348 1410 2402 sinu
1442 2346 1715 2402 manebat.
1738 2347 2012 2417 Denique:

420 2443 489 2498 Et
519 2462 619 2510 me,
663 2443 859 2513 inquit,
904 2443 1085 2503 nostis,
1126 2449 1175 2494 et
1206 2441 1362 2494 nostis
1389 2440 1525 2494 unde
1553 2442 1649 2493 sim
1684 2457 1703 2493 :
1735 2448 1903 2493 etnon
1934 2455 2019 2493 ve-

423 2537 477 2591 ni
516 2554 546 2589 a
575 2552 673 2602 nze,
698 2535 786 2589 sed
814 2545 885 2587 est
908 2550 1053 2588 verus
1084 2534 1167 2603 qui
1201 2551 1279 2589 me
1310 2534 1468 2599 misit,
1502 2549 1652 2603 quem
1681 2549 1766 2585 vos
1789 2534 2015 2586 nescitis.

420 2628 537 2703 Ego
569 2629 684 2682 novi
732 2645 867 2691 eum,
892 2629 1012 2697 quia
1040 2626 1180 2699 apud
1208 2627 1358 2680 illum
1383 2644 1517 2693 sum,
1550 2638 1598 2681 et
1629 2628 1718 2681 ille
1762 2644 1842 2680 me
1885 2628 2021 2680 misit

424 2721 642 2794 (Joann.
677 2736 770 2788 vII,
802 2721 895 2782 ‘28,
922 2719 1037 2790 ‘29);
1068 2728 1160 2774 et:
1194 2718 1372 2784 Solus,
1404 2721 1598 2789 inquit,
1634 2736 1735 2772 non
1763 2736 1906 2782 sum,
1930 2720 2022 2774 sed

416 2831 513 2887 ego
536 2824 586 2867 et
604 2815 692 2885 qui
719 2831 798 2866 me
819 2812 977 2878 misit,
1011 2810 1161 2865 Pater
1185 2809 1401 2880 (Jounn.
1437 2826 1556 2876 VIII,
1583 2811 1703 2880 16);
1744 2822 1798 2865 et
1825 2828 1837 2864 :
1873 2810 2023 2866 Sicut

422 2926 503 2962 me
528 2908 664 2962 novit
697 2905 876 2971 Pater,
908 2914 954 2959 et
981 2921 1072 2974 ego
1119 2905 1235 2957 novi
1283 2902 1494 2959 Patrem
1546 2903 1761 2974 (Joann.
1792 2920 1848 2968 Χ,
1906 2902 2019 2973 15).

425 3000 621 3055 Nescio
647 3008 827 3054 autem
859 3013 927 3051 an
983 3011 1145 3051 nosse
1195 2996 1440 3065 potuerit
1484 2996 1700 3050 Patrem
1735 2994 1931 3061 Filius,
1980 2997 2025 3050 si

422 3094 639 3149 initium
669 3092 897 3146 sortitus
934 3100 1016 3144 est
1046 3088 1238 3143 Filius.
1267 3087 1496 3143 Genitus
1547 3089 1694 3143 enim
1731 3103 1889 3144 nosse
1918 3104 2023 3144 non

2114 1898 2236 1952 qua:
2270 1892 2375 1936 tam
2409 1898 2600 1936 amens
2630 1893 2682 1936 ct
2708 1882 3025 1952 blaSphema
3051 1883 3325 1940 confessio
3348 1886 3514 1941 Dcnm
3533 1885 3720 1941 dicen-

2117 1976 2205 2042 lis,
2229 1993 2391 2046 quem
2412 1976 2666 2031 omnibus
2688 1976 2774 2032 his
2796 1993 2915 2046 qua:
2942 1994 3009 2033 ex
3034 1978 3206 2033 nihilo
3238 1979 3374 2033 facta
3400 1991 3548 2045 sunt,
3572 1996 3721 2035 com-

2117 2069 2395 2138 parastis?
2424 2068 2539 2123 Hoc
2562 2078 2646 2123 est
2673 2078 2729 2123 et
2756 2069 2955 2124 Filium
2995 2068 3132 2125 falso
3162 2072 3383 2127 nomine
3412 2070 3721 2128 divinitatis

2117 2160 2366 2223 illudere,
2394 2162 2437 2213 si
2472 2175 2596 2216 esse
2624 2160 2789 2215 verbo
2820 2160 3041 2227 dicitur,
3076 2161 3218 2231 quod
3249 2161 3422 2217 corde
3451 2171 3719 2231 negatur;

2119 2264 2171 2310 et
2205 2254 2372 2308 Deum
2400 2253 2615 2308 Patrem
2664 2253 2982 2309 mendacem
3028 2263 3240 2321 notare,
3271 2255 3544 2312 dicentem
3571 2257 3723 2312 scili-

2122 2355 2248 2401 cet:
2280 2345 2393 2417 Ego
2427 2363 2541 2400 sum
2565 2348 2655 2417 qui
2671 2364 2786 2401 sum
2814 2345 3017 2415 (Exod.
3039 2362 3120 2413 III,
3166 2346 3299 2418 14);
3334 2357 3425 2403 et:
3464 2347 3579 2421 Ego
3606 2366 3722 2402 sum

2124 2442 2376 2496 Dominus
2406 2442 2547 2496 solus
2575 2441 2711 2513 (lsa.
2738 2458 2890 2504 LXIII,
2921 2442 3009 2513 Η)
3036 2459 3050 2508 ;
3102 2452 3155 2497 et
3191 2461 3204 2496 :
3232 2441 3536 2498 Claritatem
3560 2459 3725 2496 meum

2123 2536 2273 2588 alteri
2305 2550 2404 2588 non
2437 2533 2569 2587 dabo
2601 2532 2736 2605 (lsa.
2773 2550 2908 2599 XLII,
2954 2533 2987 2588 8
3016 2551 3029 2599 ;
3061 2549 3246 2597 xI.v1II,
3282 2534 3373 2605 il)
3402 2551 3416 2599 ;
3460 2543 3515 2588 et
3545 2549 3559 2587 :
3584 2533 3724 2588 Audi

2124 2626 2328 2692 Israel,
2384 2626 2634 2679 Dominus
2680 2625 2821 2680 Deus
2879 2637 2995 2680 tuus
3030 2670 3044 2696 ,
3106 2627 3246 2682 Deus
3285 2645 3419 2682 unus
3453 2638 3528 2681 est
3575 2643 3595 2691 ;
3633 2636 3722 2682 et:

2128 2719 2333 2773 Nomen
2375 2734 2549 2772 meum
2604 2736 2706 2773 non
2756 2736 2995 2785 qua'ras,
3049 2718 3188 2773 Deus
3243 2736 3427 2774 nomen
3478 2730 3549 2774 est
3600 2719 3728 2772 mihi

2130 2809 2313 2883 (Deut.
2345 2826 2416 2874 vI,
2453 2809 2532 2879 4).
2564 2809 2620 2865 Si
2651 2826 2782 2881 ergo
2811 2828 2954 2865 unus
2987 2812 3146 2876 Deus,
3197 2812 3284 2866 uni
3320 2812 3423 2867 hoc
3465 2812 3728 2883 competit

2129 2921 2350 2960 nomen.
2385 2906 2533 2961 Unus
2562 2915 2743 2961 autem
2772 2906 2883 2976 jam
2913 2923 3020 2962 non
3055 2908 3180 2975 erit,
3214 2909 3315 2962 nisi
3353 2909 3404 2963 in
3426 2907 3587 2963 Patre
3618 2910 3728 2965 Deo

2130 2998 2299 3054 Filius
2325 3000 2469 3055 Deus
2492 3000 2598 3056 sit?
2618 3002 2683 3055 Et
2709 3002 2900 3056 merito
2929 3002 3353 3073 Doniinusjuxta
3382 3002 3726 3073 prophetam,

2129 3091 2218 3161 qui
2252 3090 2464 3145 dixerat
2491 3109 2502 3145 :
2533 3090 2841 3147 Benedictus
2872 3093 2959 3163 qui
2986 3094 3121 3148 venit
3162 3094 3216 3147 in
3267 3094 3471 3148 nomine
3516 3092 3727 3148 Domini

421 3187 602 3256 potuit
650 3184 975 3253 ingenitum,
1007 3192 1298 3248 antequam
1354 3183 1574 3251 genitus
1604 3192 1707 3236 est.
1739 3182 1857 3238 JaIn
1890 3199 2021 3255 ergo
2050 3174 2094 3235 C
2128 3183 2245 3256 (Ps.
2280 3200 2446 3249 cvaI,
2494 3185 2589 3254 26)
2619 3203 2630 3238 ;
2677 3184 2815 3257 Ego,
2851 3185 3047 3254 inquit,
3081 3187 3196 3240 veni
3236 3187 3290 3240 in
3318 3187 3525 3240 nomine
3552 3185 3726 3241 Patris

418 3294 529 3335 non
561 3278 643 3332 sic
683 3276 902 3330 Patrem
946 3274 1119 3340 novit,
1151 3283 1208 3328 ut
1241 3285 1404 3329 n0tus
1435 3290 1461 3327 a
1496 3274 1656 3329 Patre
1686 3285 1772 3330 est
1799 3294 1811 3329 :
1847 3285 1901 3332 et
1931 3277 2028 3331 ad-

358 3354 399 3467 )
425 3368 780 3428 scribendum
804 3367 855 3422 ei
896 3368 1237 3423 mendacium
1280 3365 1449 3437 (quod
1478 3367 1531 3421 in
1561 3367 1791 3424 Domino
1826 3370 2027 3425 cadere

350 3460 375 3499 ν’
423 3480 533 3518 non
552 3463 798 3535 debet)et
818 3463 1016 3518 merito
1036 3460 1535 3525 adscribendum,si
1557 3462 1789 3515 assertio
1803 3462 1919 3531 ejus
1936 3479 2027 3517 ra-

234 3536 335 3621 ]
428 3549 578 3604 tione
612 3564 721 3603 non
768 3552 1005 3604 steterit.
1059 3546 1174 3600 Non
1207 3546 1371 3601 stabit
1401 3556 1583 3601 autem
1627 3547 1730 3600 nisi
1774 3548 1865 3602 ille
1920 3557 2024 3617 est,

428 3654 486 3699 et
510 3644 601 3715 qui
631 3661 738 3699 non
769 3643 945 3697 solum
974 3640 1145 3696 exivit
1174 3655 1205 3694 a
1234 3641 1416 3704 Patre,
1449 3640 1544 3695 sed
1575 3641 1627 3695 in
1655 3640 1816 3697 Patre
1839 3651 1892 3697 et
1921 3651 2024 3709 est,

427 3745 484 3791 et
509 3736 609 3791 fuit
632 3750 870 3805 semper.
899 3734 1107 3798 Omnia,
1138 3733 1337 3803 inquit,
1363 3733 1577 3788 tradidit
1610 3732 1767 3789 Pater
1791 3736 1843 3789 in
1872 3752 2026 3790 manu

426 3830 540 3897 ejus
572 3828 791 3901 (Joann.
826 3845 905 3895 III,
936 3829 1051 3901 55).
1076 3827 1365 3895 Quomodo
1393 3829 1598 3894 omnia,
1632 3829 1735 3882 nisi
1763 3841 1816 3883 et
1847 3828 2027 3883 omnis

420 3921 723 3993 temporis?
752 3921 1038 3988 Quomodo
1066 3933 1246 3976 autem
1263 3920 1440 3975 omnis
1471 3922 1758 3991 temporis,
1800 3922 1845 3977 si
1873 3922 2026 3977 initio

423 4033 534 4073 non
557 4015 748 4070 caret?
780 4014 1095 4081 Quamlibet
1121 4013 1263 4068 enim
1288 4020 1413 4067 ante
1435 4022 2026 4082 omuetcinpusnatum

427 4108 649 4173 dicatis,
684 4119 869 4161 tamen
914 4107 1043 4177 quia
1090 4105 1253 4160 vultis
1281 4121 1407 4160 eum
1457 4107 1755 4176 aliquando
1792 4109 2027 4175 coepisse

424 4204 519 4275 qui
552 4212 708 4257 natus
739 4212 845 4268 est,
891 4216 992 4257 nec
1044 4200 1211 4255 fuisse
1257 4199 1398 4270 quod
1441 4200 1643 4255 factum
1676 4214 1758 4255 εει
1791 4219 1805 4254 :
1841 4200 2027 4256 nescio

423 4296 700 4369 quomodo
728 4293 1036 4350 defendatis
1063 4297 1247 4349 omnia
1281 4293 1434 4349 illum
1481 4309 1511 4348 a
1564 4294 1726 4350 Patre
1749 4303 1805 4349 et
1843 4295 2025 4351 omnis

425 4391 690 4461 temporis
722 4399 1103 4445 consecutum.
1224 4388 1229 4389 “

1035 4527 1264 4586 CAPUT
1302 4522 1420 4583 Χνξ

425 4647 674 4717 Ambigua
702 4648 980 4717 loquuntur
1010 4644 1257 4700 hteretici.
1294 4642 1440 4698 Unus
1459 4641 1617 4698 Deus.
1648 4640 1712 4696 In
1734 4640 1890 4696 Patre
1916 4641 2020 4696 Deo

1035 4738 1205 4793 Filius
1235 4737 1393 4792 Deus.

464 4868 804 4951 (Subjectus,
836 4880 1035 4949 inquit,
1083 4878 1233 4933 Patri
1264 4876 1436 4931 Filius
1462 4892 1585 4931 cum
1628 4876 1883 4932 omnibus
1912 4876 2018 4939 his,

419 4987 544 5046 qua:
570 4974 621 5028 ei
652 4973 768 5040 ipse
799 4972 960 5026 Pater
991 4970 1248 5039 subjecit.
1288 4967 1446 5036 Quod
1500 4977 1834 5023 venenatum
1866 4968 2021 5023 virus

416 5066 822 5138 exquisitorum
863 5064 1155 5119 verborum
1205 5061 1473 5117 velamine
1526 5060 1729 5132 legitis.
1765 5060 1873 5115 Nos
1894 5076 2016 5131 quae

415 5159 727 5216 audivimus
763 5172 794 5211 a
837 5157 1081 5227 patribus
1112 5157 1339 5225 nostris,
1388 5163 1704 5211 constanter
1754 5153 2019 5224 praedica-

415 5267 540 5307 mus
572 5269 586 5305 :
616 5260 669 5305 et
712 5265 808 5304 vos
839 5266 969 5320 ergo
999 5249 1300 5304 doctrinam
1342 5256 1556 5317 patrum
1582 5256 1888 5302 vestrorum
1922 5246 2018 5301 de-

410 5359 603 5401 serere
630 5344 820 5400 nolite.
844 5343 953 5409 Illi,
981 5344 1222 5412 inquam,
1253 5341 1424 5396 libere
1449 5342 1615 5395 Deum
1639 5340 1829 5411 gloriae
1848 5340 2013 5395 coele-

408 5438 513 5494 stis
544 5454 651 5493 non
679 5438 849 5492 Deum
897 5451 1089 5491 verum
1119 5450 1260 5501 esse,
1295 5433 1389 5489 sed
1419 5442 1727 5489 creaturam
1760 5433 1850 5488 Dei
1884 5448 2009 5503 per-

409 5531 606 5587 fectam
637 5544 761 5587 esse
808 5528 1085 5584 dixerunt.
1137 5527 1247 5584 Vos
1293 5536 1473 5582 tamen
1527 5526 1669 5581 idem
1706 5526 2008 5582 sentientes

409 5623 639 5693 abrupta
674 5622 1038 5694 blasphemia,
1064 5622 1230 5677 verba
1261 5622 1517 5686 vitantes,
1546 5608 1796 5691 ambigua
1832 5628 2007 5675 secta-

406 5714 540 5771 mini
585 5716 650 5770 ad
709 5714 1065 5786 decipiendos
1095 5714 1370 5784 simplices
1401 5720 1457 5769 et
1483 5712 1749 5785 incautos.
1811 5712 2008 5783 Subje-

402 5818 550 5867 etum
575 5810 719 5865 enim
738 5808 884 5864 Patri
910 5809 1132 5873 Filium,
1165 5824 1269 5864 non
1296 5792 1473 5863 Patris
1496 5808 1579 5865 vel
1610 5790 1736 5861 Filii
1757 5808 2001 5874 nomine,

2050 4561 2103 4621 D

2127 3278 2227 3331 mei
2254 3277 2429 3348 (Joan.
2469 3295 2523 3346 v,
2554 3277 2668 3347 45).
2696 3277 2850 3344 Quod
2896 3293 3100 3334 nomen
3132 3279 3330 3344 Patris,
3356 3279 3461 3334 nisi
3493 3279 3589 3334 Dei
3624 3294 3724 3333 no-

2129 3387 2252 3427 men
2303 3383 2355 3426 cI
2406 3370 2668 3426 Domini?
2710 3371 2853 3441 quod
2885 3370 3125 3428 Joannes
3176 3373 3230 3427 in
3286 3371 3428 3427 Filio
3458 3385 3727 3441 recogno-

2126 3480 2286 3521 scens
2317 3482 2332 3520 :
2369 3463 2583 3530 Quicst,
2606 3463 2808 3535 inquit,
2835 3476 2880 3519 et
2908 3467 2995 3536 qui
3026 3475 3221 3533 erat,et
3251 3465 3337 3536 qui
3360 3474 3603 3520 venturus
3629 3474 3753 3533 est”

2128 3563 2451 3629 omnipotens
2482 3557 2669 3630 (Apoc.
2707 3575 2745 3623 ι,
2780 3558 2860 3629 8).

2718 3695 2947 3753 CAPUT
2984 3694 3124 3751 XVI.

2129 3810 2322 3879 Filius,
2356 3812 2529 3883 imago
2572 3812 2783 3882 ingeniti
2822 3809 2941 3875 Dei,
2985 3826 3085 3862 non
3130 3818 3291 3877 potest
3340 3808 3553 3879 cepisse
3596 3817 3709 3879 post

2456 3900 2639 3957 Deum.
2686 3900 2843 3955 Pater
2864 3916 2965 3954 non
2988 3908 3059 3954 est
3084 3900 3193 3954 sine
3218 3898 3380 3953 Filio.

2200 4039 2438 4102 Patrem,
2470 4038 2667 4108 inquit,
2711 4038 2925 4091 initium
2967 4051 3072 4091 non
3106 4036 3326 4093 habere.
3363 4036 3477 4092 Hoc
3512 4045 3597 4091 est
3637 4035 3722 4090 di-

2128 4146 2275 4197 cere,
2308 4130 2501 4185 Filium
2530 4130 2751 4186 habere.
2785 4129 2919 4184 Nam
2945 4144 3066 4200 quae
3086 4131 3385 4185 necessitas
3407 4129 3457 4184 id
3480 4129 3550 4185 de
3566 4128 3725 4184 Patre

2128 4240 2452 4281 asseverare
2488 4222 2633 4296 quod
2675 4232 2862 4278 notum
2900 4233 3008 4291 est,
3044 4222 3152 4278 nisi
3186 4222 3565 4293 prtrjudicium
3604 4222 3723 4292 ejus

2130 4317 2408 4388 opinionis
2438 4332 2557 4387 quae
2592 4315 2661 4371 de
2690 4314 2830 4371 Filio
2865 4316 3012 4384 paria
3052 4315 3332 4384 suscepit?
3362 4314 3602 4382 Patrem,
3635 4315 3721 4369 in-

2129 4411 2268 4481 quit,
2302 4408 2516 4464 initium
2544 4424 2653 4464 non
2685 4406 2911 4462 habere.
2939 4405 3070 4473 Quis
3111 4408 3309 4477 negat?
3342 4405 3450 4462 Sed
3480 4413 3632 4477 puto,
3668 4414 3721 4461 et

2131 4504 2310 4574 imago
2341 4502 2632 4557 invisibilis
2662 4510 2721 4556 et
2754 4499 2980 4570 ingeniti
3010 4499 3107 4555 Dei
3139 4514 3245 4554 non
3275 4508 3458 4570 potest
3486 4499 3725 4569 coepisse

2131 4606 2251 4665 post
2291 4595 2480 4649 Deum.
2520 4592 2765 4664 Denique
2811 4592 3167 4662 interroganti
3197 4592 3370 4662 Moysi
3401 4592 3521 4663 quis
3550 4601 3720 4657 esset,

2132 4686 2415 4757 respondit
2444 4704 2458 4740 :
2492 4684 2603 4757 Ego
2631 4702 2741 4739 sum
2764 4686 2854 4755 qui
2880 4703 2993 4740 sum
3023 4703 3223 4757 semper
3249 4684 3448 4758 (Exod.
3483 4701 3564 4751 III,
3599 4684 3713 4756 H).

2131 4780 2259 4834 Erat
2300 4778 2444 4834 enim
2477 4794 2719 4848 semper,
2756 4779 2847 4849 qui
2876 4789 2960 4834 est
2990 4788 3045 4834 et
3090 4779 3195 4834 erit
3226 4794 3464 4849 semper.
3497 4778 3574 4833 De
3614 4795 3723 4850 quo

2129 4872 2368 4928 Joannes
2397 4889 2412 4929 :
2450 4871 2605 4939 Quod
2634 4881 2743 4926 erat
2772 4872 2837 4925 ab
2864 4873 3036 4941 initio,
3072 4873 3236 4926 oculis
3275 4873 3464 4927 nostris
3498 4873 3724 4927 vidimus

2133 4965 2175 5037 (l
2200 4964 2358 5019 Joan.
2392 4981 2430 5032 I,
2460 4964 2537 5035 l).
2576 4965 2639 5018 Et
2672 4980 2886 5020 rursum
2921 4982 2935 5018 :
2968 4965 3354 5019 Annuntiamus
3389 4964 3529 5019 vobis
3567 4967 3722 5019 vitam

2125 5068 2374 5113 teternam
2401 5072 2515 5127 qua:
2540 5067 2650 5111 erat
2678 5056 2820 5128 apud
2851 5056 3063 5111 Patrem
3093 5054 3142 5127 (1
3153 5056 3239 5110 bid
3250 5100 3287 5123 .,
3314 5055 3375 5127 2)
3402 5074 3415 5110 :
3448 5057 3632 5127 utique
3670 5067 3723 5111 ct

2125 5153 2179 5206 in
2207 5151 2367 5205 Patre
2395 5168 2409 5203 :
2439 5165 2563 5205 nam
2594 5148 2743 5220 quod
2779 5164 2845 5205 ex
2886 5150 3006 5220 ipso
3032 5160 3173 5216 erat,
3203 5157 3356 5207 extra
3398 5152 3569 5221 ipsum
3599 5164 3721 5203 esse

2126 5259 2233 5298 non
2265 5251 2494 5314 poterat.
2523 5242 2594 5297 Et
2623 5256 2752 5296 sane
2778 5258 2902 5296 cum
2930 5241 3131 5297 dicitur
3159 5260 3172 5297 :
3205 5243 3335 5298 Erat
3358 5244 3410 5297 in
3442 5244 3560 5315 ipso
3587 5252 3722 5297 tcm-

2124 5354 2249 5409 pus,
2283 5353 2391 5392 non
2425 5338 2543 5406 ipse
2571 5335 2741 5391 fuisse
2780 5336 2831 5389 in
2870 5345 3118 5407 tempore
3150 5336 3447 5392 nuntiatur.
3479 5332 3722 5390 Alterum

2123 5434 2269 5488 enim
2294 5432 2615 5486 substantiae
2640 5432 2721 5485 vis
2753 5446 2862 5487 non
2890 5430 3033 5486 facta
3055 5442 3138 5487 est
3158 5448 3187 5485 a
3213 5432 3346 5497 Deo,
3376 5430 3473 5485 sed
3500 5444 3720 5501 egressa

2113 5542 2141 5580 a
2179 5527 2314 5591 Deo,
2339 5525 2486 5591 ideo,
2516 5524 2585 5579 Et
2614 5543 2730 5600 ego,
2763 5527 2960 5597 inquit,
2985 5544 3017 5579 η
3040 5524 3202 5580 Patre
3230 5526 3361 5579 exivi
3392 5523 3576 5598 (Joan.
3604 5540 3717 5590 xw,

2110 5617 2239 5691 28):
2274 5629 2345 5684 et,
2385 5619 2496 5690 Ego
2526 5630 2571 5673 et
2603 5618 2761 5673 Pater
2788 5636 2948 5673 unum
2972 5636 3150 5672 sumus
3175 5616 3359 5691 (Joan.
3392 5634 3446 5685 x,
3468 5616 3600 5690 '50);
3630 5627 3713 5673 et:

2116 5713 2219 5783 Qui
2258 5729 2340 5781 me
2385 5713 2542 5779 videt,
2578 5714 2710 5767 videt
2755 5723 2801 5766 et
2840 5711 3048 5767 Patrem
3075 5710 3256 5778 (Joan.
3307 5728 3422 5780 Itv,
3476 5710 3566 5785 9);
3617 5721 3712 5767 et:

2115 5786 2225 5876 Ego
2262 5796 2317 5859 in
2358 5787 2536 5869 Pdtre,
2582 5788 2629 5857 et
2674 5795 2829 5858 Pater
2874 5790 2925 5857 in
2974 5818 3053 5859 nte
3112 5793 3457 5875 (Ibid.,10);
3492 5814 3576 5861 et:
3613 5802 3717 5872 Qui
