4200 6180
388 331 460 389 25'
1596 332 1803 389 LIBER
1839 331 2115 390 CONTRA
2156 332 2481 391 ARIANOS.
3616 332 3686 390 26

389 462 472 501 me
499 445 660 511 misit,
692 460 890 500 mecum
918 455 997 500 est
1029 444 1217 516 (Joan.
1252 443 1507 518 vtn,29).
1534 444 1662 503 Ideo
1686 456 1741 502 et
1768 445 1939 502 David
1967 464 1982 503 :
2012 453 2067 517 Α
2090 447 2137 502 si
2184 448 2277 503 uni
2335 463 2526 504 eorum
2576 448 2755 505 affinis
2816 439 3246 519 deprehenditur
3270 490 3286 517 ,
3334 464 3553 521 aequum
3602 458 3689 505 est

386 544 585 600 Tecum
617 545 931 617 principium
980 546 1035 599 in
1080 546 1164 599 die
1199 545 1403 600 virtutis
1449 556 1550 600 tuae
1590 545 1825 617 (Psalm.
1871 562 1983 612 cut,

390 638 473 709 3).
518 638 613 693 Dei
663 638 807 695 enim
861 636 1126 705 Verbum,
1170 636 1274 694 hoc
1321 646 1427 703 est,
1475 638 1569 693 Dei
1620 638 1811 705 Filius,
1862 646 1989 693 ante

386 746 551 787 omne
610 732 935 803 principium
988 748 1111 787 cum
1159 748 1225 787 eo
1279 732 1369 803 qui
1428 747 1495 787 ex
1558 747 1666 799 eo,
1719 740 1776 786 et
1826 732 1877 787 in
1923 747 1989 787 eo

388 826 475 881 cui
544 825 751 880 nullum
824 836 1006 895 potest
1075 840 1198 879 esse
1269 824 1616 895 principium.
1679 809 1989 880 Invenimus

390 916 610 989 quidem
669 916 881 973 dixisse
934 916 1283 973 Salomonem
1346 933 1411 972 ex
1461 931 1693 987 persona
1748 917 1992 988 Sapien—

390 1009 478 1064 tia:
541 1009 726 1081 (quam
758 1008 1035 1064 Christum
1093 1024 1221 1065 esse
1270 1008 1685 1080 defendimus):
1736 1008 1990 1063 Dominus

390 1101 620 1157 condidit
666 1118 777 1169 me,
820 1110 868 1156 et
893 1111 1009 1155 ante
1057 1102 1303 1156 steculum
1350 1102 1584 1173 fundavit
1617 1118 1726 1169 me,
1759 1111 1804 1155 et
1851 1102 1991 1173 prior

389 1194 573 1264 abysso
612 1193 781 1266 genita
811 1211 925 1248 sum
961 1193 1143 1266 (Prov.
1177 1210 1301 1260 vut,
1330 1194 1548 1265 22-24).
1582 1194 1687 1251 Sed
1726 1210 1833 1250 non
1868 1195 1991 1251 ideo

392 1290 723 1347 credendum
751 1299 856 1357 est,
888 1291 1054 1345 Deum
1079 1290 1300 1346 factum.
1326 1290 1456 1345 Nam
1483 1290 1526 1346 si
1556 1290 1728 1347 factus
1752 1301 1857 1359 est,
1883 1306 1990 1347 non

394 1382 524 1437 fuit:
558 1381 601 1436 si
632 1396 739 1437 non
769 1381 899 1447 fuit,
931 1397 1035 1436 non
1068 1383 1193 1437 erit.
1234 1382 1300 1437 Et
1347 1382 1618 1453 quomodo
1664 1384 1805 1439 Deus
1827 1426 1840 1451 ,
1868 1385 1952 1438 cui
1974 1425 1988 1448 ,

395 1488 465 1529 ne
497 1473 637 1529 Deus
662 1475 767 1539 sit,
797 1486 1022 1545 turaque
1051 1475 1289 1529 conditio
1320 1476 1723 1546 prmscribitur?
1744 1477 1868 1533 Ideo
1899 1493 1991 1532 au-

398 1575 505 1620 tem
534 1564 814 1637 Sapientia
837 1566 929 1620 Dei
954 1575 1075 1621 nata
1098 1576 1151 1623 et
1181 1566 1394 1622 condita
1424 1569 1701 1625 nuntiatur
1721 1611 1736 1635 ,
1767 1584 1836 1625 ne
1860 1570 1988 1641 quid

394 1668 595 1729 prteter
624 1659 800 1730 ipsum
833 1660 1001 1715 Deum
1031 1661 1246 1717 Patrem
1271 1704 1286 1728 ,
1318 1663 1409 1732 qui
1433 1672 1517 1717 est
1545 1664 1707 1717 etiam
1740 1665 1853 1719 suis
1883 1663 1993 1718 ori-

394 1768 464 1825 go
508 1754 834 1820 virtutibus,
864 1756 1179 1811 crederetur
1226 1757 1280 1811 in
1322 1768 1534 1812 natura.
1581 1757 1791 1813 Exinde
1842 1760 1988 1814 enim

2091 542 2252 597 etiam
2284 541 2375 597 illa
2402 558 2524 615 qua:
2548 542 2763 599 fuerant
2785 542 3030 611 defensa,
3058 543 3304 600 dissolvi.
3328 542 3686 612 lnvisibilem,

2091 635 2300 706 inquit,
2325 636 2539 692 Patrem
2570 651 2714 692 esse.
2743 636 2907 705 Quasi
2937 652 3066 694 vero
3094 652 3321 708 usquam
3354 635 3689 692 inveniamus

2090 728 2175 785 vel
2205 728 2400 784 Filium
2424 729 2544 786 sine
2572 731 3047 801 transfiguratione
3075 732 3241 788 fuisse
3272 731 3537 788 visibilem
3557 773 3570 798 ,
3593 747 3690 787 an-

2091 831 2306 893 tequam
2331 822 2477 879 Patri
2500 824 2760 881 obediens
2782 825 2938 881 ﬁeret
2957 841 3023 881 ex
3044 826 3346 883 aeternitate
3366 840 3686 896 corporeus.

2091 915 2346 983 Quamvis
2395 916 2540 972 enim
2589 926 2645 971 et
2694 916 2927 973 Abrahae
2975 919 3120 973 visus
3169 919 3272 985 sit,
3302 927 3357 974 et
3401 917 3606 982 Jacob,
3636 928 3690 973 et

2094 1006 2299 1079 Moysi,
2332 1016 2387 1063 et
2414 1008 2593 1075 Isaiae,
2626 1018 2680 1064 et
2725 1010 3029 1076 Ezecltieli;
3060 1021 3241 1067 tamen
3289 1010 3518 1066 visionis
3548 1010 3691 1065 illius

2093 1099 2325 1169 qualitas
2352 1099 2671 1171 explicatur.
2702 1100 2760 1156 In
2792 1116 2985 1156 somno
3015 1102 3159 1157 enim
3190 1111 3246 1157 et
3283 1101 3339 1157 in
3369 1102 3594 1173 speculo
3637 1110 3694 1156 et

2094 1192 2147 1246 in
2175 1191 2460 1262 mnigmate
2488 1194 2632 1249 visus
2659 1194 2915 1250 refertur.
2947 1194 3192 1265 Denique
3219 1202 3274 1250 et
3302 1195 3471 1267 Moysi
3505 1202 3691 1265 postu-

2093 1284 2223 1339 lanti
2256 1296 2311 1339 ut
2340 1295 2730 1356 cognoscenter
2755 1302 2878 1341 eum
2905 1286 3151 1351 videret,
3187 1286 3355 1342 Nemo
3378 1296 3576 1358 potest,
3609 1287 3693 1342 in-

2094 1375 2245 1445 quit,
2277 1376 2459 1445 [aciem
2488 1394 2651 1431 meam
2679 1378 2885 1432 videre:
2909 1378 3031 1447 quia
3058 1394 3206 1432 nemo
3232 1379 3322 1446 qui
3346 1395 3459 1433 eam
3486 1376 3691 1444 viderit,

2093 1467 2218 1521 vivet
2240 1465 2434 1538 (Exod.
2466 1484 2670 1535 χχχιιι,
2702 1470 2817 1540 20).
2850 1469 2995 1541 Ergo
3027 1470 3132 1525 ltoc
3176 1470 3295 1525 loco
3321 1478 3419 1524 aut
3470 1469 3691 1525 Patrem

2095 1559 2331 1615 locutum
2363 1560 2529 1617 fuisse
2575 1562 2935 1629 contendant,
2969 1564 3058 1633 qui
3108 1561 3444 1617 invisibilem
3477 1576 3602 1618 esse
3634 1576 3695 1617 se

2094 1651 2253 1707 dicit:
2277 1662 2370 1708 aut
2396 1652 2441 1707 si
2464 1653 2658 1709 Filium
2688 1670 2791 1709 non
2821 1663 3040 1726 negant,
3066 1654 3209 1711 Imnc
3232 1655 3471 1712 locutum
3494 1654 3692 1721 sciant,

2096 1757 2149 1802 et
2178 1746 2328 1801 illum
2376 1762 2475 1802 suo
2506 1749 2726 1803 nomine
2772 1747 3097 1805 invisibilem
3128 1749 3331 1817 fuisse,
3378 1756 3436 1804 ut
3475 1747 3694 1803 Sermo-

397 1856 546 1902 reete
575 1846 875 1902 diceretur:
904 1847 980 1902 Ex
1010 1849 1147 1918 ipso,
1178 1858 1235 1904 et
1265 1850 1317 1904 in
1343 1850 1461 1921 ipso
1483 1861 1664 1906 creata
1690 1850 1987 1921 Sapientia,

2100 1855 2240 1907 nem,
2265 1848 2323 1894 ut
2347 1840 2624 1910 Spiritum.
2656 1839 2952 1897 Invisibilis
2982 1843 3126 1899 Deus
3152 1841 3393 1913 denique
3422 1840 3695 1910 quomodo

397 1954 462 1993 ex
503 1954 609 2009 quo
633 1938 830 1995 effulsit
874 1939 943 1993 ab
971 1955 1038 1995 eo
1086 1941 1363 2011 unigenita
1407 1954 1462 1998 et
1512 1942 1669 1997 beata
1717 1944 1990 1999 nativitas.

396 2027 495 2097 Qui
521 2045 648 2101 ergo
681 2030 993 2100 probaverit
1015 2032 1133 2087 sine
1158 2032 1341 2088 Verbo
1360 2075 1375 2098 ,
1407 2034 1525 2089 sine
1556 2035 1818 2105 sapientia
1838 2076 1852 2100 ,
1877 2036 1995 2090 sine

399 2122 637 2189 ratione,
667 2123 785 2177 sine
811 2126 1040 2191 virtute,
1075 2126 1195 2179 sine
1224 2124 1426 2195 Spiritu
1456 2126 1750 2196 aliquando
1775 2127 1992 2182 Patrem

399 2214 603 2279 fuisse;
637 2214 683 2268 is
727 2214 975 2284 probavit
1018 2230 1143 2269 cum
1186 2216 1347 2271 Patre
1388 2226 1442 2271 et
1488 2218 1540 2271 in
1584 2217 1745 2273 Patre
1795 2217 1993 2272 Filium

402 2318 528 2361 ante
555 2322 715 2361 omne
746 2308 1070 2378 principium
1101 2324 1208 2363 non
1258 2308 1443 2366 fuisse.
1478 2308 1681 2363 Tamen
1734 2309 1920 2365 nescio
1950 2310 1993 2363 si

400 2399 485 2455 Itis
512 2399 798 2455 virtutibus
820 2415 1010 2456 carens
1040 2401 1199 2456 Pater
1227 2403 1394 2472 possit
1426 2402 1565 2456 Dens
1586 2402 1713 2457 dici.
1742 2401 1858 2457 Non
1882 2418 1997 2457 mo-

400 2490 471 2545 do
501 2492 645 2546 enim
681 2493 819 2547 Deus
861 2495 951 2563 qui
987 2494 1040 2547 in
1090 2508 1185 2547 sua
1218 2494 1525 2549 :eternitate
1560 2494 1831 2564 perfectus
1877 2504 1990 2559 est,

400 2586 495 2641 sed
531 2601 630 2642 nec
656 2597 905 2642 creatura
936 2589 1155 2657 quidem
1190 2588 1297 2643 ulla
1321 2589 1616 2643 secundum
1642 2606 1797 2645 suum
1826 2604 1999 2661 genus

405 2694 511 2735 non
557 2693 926 2735 consummata
970 2682 1260 2737 constabit.
1306 2681 1421 2736 Non
1467 2692 1642 2751 potest
1690 2681 1833 2737 enim
1867 2682 1997 2750 quid

404 2785 527 2826 esse
549 2812 565 2836 ,
599 2771 742 2840 quod
776 2786 883 2826 non
916 2773 1014 2833 sit;
1041 2787 1150 2826 non
1182 2772 1288 2826 erit
1316 2783 1529 2837 amem,
1553 2771 1595 2825 si
1630 2772 1681 2825 id
1713 2772 1789 2827 illi
1813 2772 1999 2828 defue-

403 2863 507 2927 rit,
539 2864 681 2929 quod
711 2879 837 2919 esse
868 2863 1107 2919 debebit.
1137 2864 1330 2919 Totum
1364 2864 1526 2933 igitur
1558 2864 1727 2919 defuit
1751 2865 1928 2931 Patri,
1953 2866 1996 2919 si

404 2956 606 3026 aliquid
633 2956 800 3011 defuit
828 2957 896 3012 de
927 2968 1059 3011 toto.
1097 2958 1273 3012 Defuit
1300 2966 1511 3022 autem,
1543 2956 1589 3010 si
1626 2957 1789 3011 Filius
1829 2972 1959 3012 suns
1980 2999 1994 3023 ,

406 3048 507 3105 hoc
528 3060 613 3106 est
643 3052 903 3106 virtutum
927 3067 1146 3106 suarum
1175 3052 1482 3121 plenitudo,
1512 3052 1665 3106 initio
1694 3067 1800 3105 non
1826 3062 1994 3106 caret:

403 3154 458 3197 et
486 3158 711 3199 necesse
738 3155 821 3198 est
869 3144 1011 3199 hanc
1041 3144 1353 3211 opinionem
1394 3145 1712 3199 alterutram
1742 3142 1996 3213 bIaSplte-

402 3234 523 3291 mia:
552 3247 757 3307 partem
791 3237 1017 3306 profana
1048 3248 1103 3293 et
1146 3238 1407 3307 sacrilega
1443 3237 1685 3292 finitione
1736 3237 1990 3291 transire.
2024 3238 2067 3300 ι]
2100 3250 2217 3307 est,
2251 3242 2295 3294 si
2324 3241 2553 3295 visibilis
2579 3241 2836 3307 docetur,
2875 3259 2981 3297 non
3010 3258 3074 3299 ex
3104 3258 3171 3298 eo
3200 3243 3351 3298 illum
3392 3257 3514 3299 esse
3538 3258 3699 3314 quem
3786 3296 3801 3311 ,

405 3330 513 3385 Aut
538 3332 681 3386 enim
712 3331 871 3386 Pater
899 3331 1204 3387 credendus
1226 3342 1312 3385 est
1338 3348 1459 3387 cum
1492 3331 1629 3386 Filio
1655 3347 1754 3386 suo
1786 3332 1996 3386 initium

404 3422 571 3479 fuisse
601 3425 826 3477 sortitus
846 3466 859 3490 ,
889 3425 1011 3495 quia
1055 3426 1174 3479 sine
1212 3423 1351 3478 Filio
1372 3465 1388 3491 ,
1419 3424 1523 3479 Itoc
1552 3436 1635 3477 est
1676 3424 1793 3479 sine
1821 3424 1998 3479 virtu-

407 3516 552 3572 tibus
580 3518 720 3581 suis,
748 3534 871 3573 esse
899 3534 1001 3573 non
1036 3519 1242 3587 potuit;
1276 3527 1331 3572 et
1360 3518 1467 3573 erit
1494 3525 1683 3572 auctor
1712 3516 1837 3572 huic
1880 3517 2001 3572 illo-

303 3636 309 3641 ·
406 3629 525 3669 rum
558 3614 711 3669 initio
738 3615 922 3669 nescio
948 3614 1066 3684 quis
1096 3613 1289 3669 tertius
1316 3613 1489 3667 Deus:
1516 3622 1606 3667 aut
1636 3612 1679 3666 si
1712 3612 1861 3666 solus
1884 3612 2000 3681 ipse

406 3706 527 3761 sine
557 3706 711 3761 initio
739 3706 941 3761 dicitur
981 3721 1150 3777 usque
1176 3705 1242 3760 ad
1269 3704 1389 3760 Filii
1413 3702 1825 3775 generationem
1846 3745 1859 3769 ,
1892 3702 1996 3757 im-

404 3800 675 3871 perfectus
701 3800 873 3856 fuisse
903 3798 1165 3855 dicendus
1195 3810 1301 3854 est.
1337 3796 1688 3867 Imperfectus
1733 3797 1878 3851 enim
1902 3836 1918 3861 ,
1950 3796 1996 3850 si

408 3894 576 3965 coepit
602 3893 807 3948 habere
836 3892 977 3963 quod
1004 3902 1130 3947 ante
1158 3907 1264 3945 non
1298 3890 1499 3946 habere
1521 3889 1712 3943 voluit.
1743 3890 1789 3943 Is
1818 3887 2000 3942 omnia

406 3998 588 4042 autem
641 3986 840 4042 habere
884 3986 1069 4043 debuit
1116 4000 1336 4057 semper
1362 4028 1375 4050 ,
1417 3986 1505 4055 qui
1552 3998 1772 4055 semper
1815 3982 2004 4038 debuit

407 4093 531 4135 esse
557 4078 857 4149 perfectus:
886 4079 1011 4152 quia
1056 4095 1164 4134 non
1207 4080 1399 4150 recipit
1445 4088 1795 4150 augmentum
1843 4077 2003 4149 quid-

406 4168 531 4239 quid
562 4171 912 4240 occupaverit
952 4177 1141 4224 totum.

987 4305 1214 4363 CAPUT
1255 4304 1419 4361 XVII.

412 4414 653 4471 IIwretici
672 4417 929 4489 quidquid
940 4418 1002 4471 de
1023 4416 1183 4473 Patre
1208 4418 1486 4489 negant,de
1504 4417 1648 4473 Filio
1670 4418 1997 4489 conﬁtentur.

740 4510 1008 4579 Quomodo
1029 4512 1242 4566 visibilis
1274 4511 1413 4567 Dens
1441 4509 1635 4567 Filius.

476 4644 730 4713 Patrem,
766 4647 1047 4717 inquiunt,
1082 4647 1290 4702 initium
1336 4663 1443 4703 non
1492 4650 1726 4717 habere,
1761 4648 2004 4704 invisibi-
2029 4634 2081 4693 D

407 4736 509 4792 lem
540 4753 685 4803 esse,
718 4738 1080 4793 immortalem
1112 4755 1257 4805 esse,
1287 4740 1685 4811 impassibilem
1707 4756 1850 4797 esse.
1879 4741 2003 4798 Ilaec

406 4832 531 4890 ideo
572 4846 923 4906 proponunt,
970 4846 1027 4891 ιιι
1071 4837 1348 4891 contraria
1399 4837 1483 4892 Itis
1514 4836 1653 4892 Filio
1701 4839 1999 4892 ascribunt.

404 4927 675 4997 Quidquid
699 4930 844 4985 enim
872 4929 941 4984 de
963 4929 1123 4985 Patre
1151 4940 1371 5000 negant,
1397 4930 1463 4985 de
1486 4930 1624 4985 FlllO
1648 4931 2000 4996 confitentur;

403 5020 494 5091 qui
544 5022 586 5075 si
632 5022 833 5077 habere
866 5021 1078 5077 initium
1130 5024 1423 5092 probatur,
1475 5026 1671 5079 merito
1715 5025 1994 5088 mortalis,

406 5115 600 5170 merito
629 5116 926 5186 passibilis.
961 5116 1376 5185 Praejudicatum
1423 5118 1639 5189 quidem
1687 5134 1809 5175 esse
1836 5120 1999 5175 debe-

403 5218 517 5271 ret,
543 5218 600 5264 et
624 5219 819 5264 caetera
852 5212 1165 5279 passionum
1194 5226 1397 5281 genera
1428 5214 1481 5266 in
1506 5210 1703 5267 Filium
1733 5227 1841 5267 non
1871 5227 1998 5267 con-

398 5304 617 5367 venire,
648 5303 819 5373 prima
869 5305 1254 5373 pronositionis
1303 5306 1483 5376 specie
1522 5305 1833 5370 desmtcta,
1878 5322 1997 5377 quae

400 5397 612 5453 initium
642 5398 803 5453 dabat
836 5397 931 5453 Dei
963 5397 1166 5453 Verbo.
1195 5398 1272 5454 Ne
1300 5399 1427 5470 quid
1477 5409 1651 5455 tamen
1696 5399 1995 5455 difﬁdentia

404 5505 518 5560 pra:
550 5491 767 5545 caneris
794 5504 918 5560 qua:
956 5501 1083 5546 sunt
1123 5490 1348 5563 profane
1394 5494 1704 5563 proposita,
1737 5503 1996 5549 retracte—

403 5598 542 5637 mus.
580 5581 713 5637 Nam
761 5591 820 5637 ut
863 5582 1073 5638 initium
1115 5599 1225 5640 non
1269 5583 1529 5651 babenti,
1562 5586 1757 5640 ascribi
1807 5596 2003 5642 ca-tera

400 5690 522 5745 qua:
550 5685 676 5731 sunt
702 5674 827 5731 huic
852 5673 1151 5732 definitioni
1194 5677 1437 5749 subjecta
1458 5720 1471 5744 ,
1501 5692 1610 5735 non
1643 5687 1896 5748 possunt:
1932 5677 2002 5731 ita

479 5870 501 5897 ι
538 5824 884 5921 Pestulasset.
914 5835 1026 5934 AL,
1057 5817 1361 5936 postttiassb.

2096 1932 2244 1986 visus
2271 1934 2369 1997 sit,
2400 1932 2589 1988 eadem
2619 1934 2891 2004 scriptura
2926 1943 3171 1989 testatur.
3203 1932 3391 1989 Refert
3432 1933 3578 1989 enim
3609 1932 3691 1988 Io-

2097 2036 2277 2081 cutunt
2311 2042 2432 2081 cum
2478 2042 2546 2082 eo
2588 2028 2756 2082 Deum
2778 2069 2793 2095 ,
2828 2037 3105 2098 tamquam
3150 2028 3218 2082 ad
3249 2028 3482 2083 amicum
3505 2068 3519 2092 ,
3560 2026 3695 2083 facie

2097 2119 2163 2174 ad
2196 2119 2409 2174 faciem.
2445 2122 2521 2173 Ac
2549 2118 2811 2190 deinceps
2857 2119 3135 2190 subiungit
3186 2118 3493 2190 postulasse
3541 2117 3694 2189 Moy-

2098 2228 2240 2279 sem,
2273 2224 2330 2267 ut
2360 2213 2549 2269 faciem
2578 2213 2695 2283 ejus
2722 2214 2958 2269 videret:
2990 2229 3149 2284 quam
3183 2213 3366 2283 utique
3390 2215 3435 2269 si
3463 2213 3695 2279 viderat,

2098 2323 2206 2362 non
2240 2312 2421 2361 statim
2454 2317 2478 2345 ιι
2508 2308 2835 2378 postulasset
2870 2308 3180 2363 videndam.
3215 2310 3303 2363 Ait
3348 2310 3569 2381 quidem
3599 2308 3695 2365 Ja-

2098 2404 2229 2459 cob:
2271 2402 2393 2457 I’idi
2442 2403 2722 2457 Dominum
2767 2404 2900 2473 facie
2941 2404 3007 2457 ad
3039 2406 3259 2476 faciem,
3290 2414 3335 2459 et
3374 2405 3516 2459 salva
3558 2406 3697 2474 [acta

2100 2507 2171 2551 est
2200 2497 2371 2550 anima
2398 2514 2508 2552 mea
2536 2496 2692 2566 (Gen.
2733 2513 2877 2552 χχχιι
2899 2538 2913 2561 ,
2945 2498 3074 2569 ’50);
3115 2498 3211 2553 sed
3260 2498 3533 2569 quomodo
3575 2514 3696 2555 eam

2101 2592 2290 2646 faciem
2324 2591 2559 2646 videndo
2586 2593 2822 2647 salvatus
2849 2602 2966 2653 est,
3003 2608 3155 2662 quas,
3181 2595 3224 2647 si
3252 2594 3526 2658 videatur,
3558 2594 3701 2649 occi-

2101 2682 2211 2738 dit?
2241 2683 2524 2750 Quomodo
2550 2694 2605 2738 et
2636 2685 2897 2739 Dominus
2928 2686 3241 2740 ostenderat
3272 2686 3463 2742 faciem
3507 2701 3660 2742 suam
3684 2730 3699 2754 ,

2101 2791 2262 2846 quam
2303 2775 2474 2830 videri
2521 2792 2628 2831 non
2686 2792 2847 2847 posse
2894 2778 3234 2847 postmodum
3265 2780 3429 2845 dixit,
3474 2781 3576 2835 nisi
3608 2781 3699 2837 illa

2101 2867 2412 2923 conditione
2437 2884 2538 2939 qua
2572 2884 2731 2938 supra
2761 2868 3035 2936 diximus,
3072 2870 3124 2924 in
3163 2872 3385 2942 Speculo
3414 2872 3618 2927 scilicet
3644 2881 3700 2927 ct

2104 2960 2157 3015 in
2185 2961 2503 3030 aenigmate,
2537 2960 2589 3015 in
2642 2962 2856 3015 somnio
2898 2972 2949 3017 et
2994 2961 3239 3018 visione?
3269 2964 3379 3018 IIoc
3421 2973 3505 3019 est
3533 2979 3696 3033 ergo,

2102 3052 2250 3108 illam
2278 3052 2545 3108 visibilem
2579 3053 2860 3108 materiam
2891 3054 3254 3122 assumpsisse
3284 3069 3406 3109 eum
3456 3056 3696 3125 placuit,

2102 3150 2281 3203 statim
2329 3163 2459 3203 vero
2506 3147 2829 3202 invisibilem
2876 3164 3257 3219 perseverare:
3304 3150 3427 3215 quia
3478 3164 3701 3205 necesse

2102 3332 2428 3389 invisibilem
2461 3334 2810 3389 confitemur.

2678 3462 2907 3519 CAPUT
2945 3463 3133 3519 XVIII.

2103 3573 2275 3631 Filius
2298 3576 2396 3633 Dei
2416 3580 2623 3633 unitatis
2644 3578 2908 3632 vinculum
2934 3595 3143 3634 servans
3165 3595 3281 3634 cum
3301 3577 3486 3645 Patre,
3516 3581 3568 3633 in
3596 3590 3699 3635 ter-

2282 3672 2354 3724 ris
2385 3671 2641 3726 hominem
2670 3672 2922 3743 gestabat,
2947 3690 3108 3743 neque
3138 3690 3167 3724 a
3186 3673 3325 3727 caelis
3355 3673 3552 3728 aberat.

2176 3808 2284 3865 Sed
2335 3810 2474 3865 hanc
2527 3810 2885 3864 assertionem
2915 3851 2927 3873 ,
2979 3818 3040 3863 ut
3085 3808 3473 3879 qumstionibus
3516 3808 3707 3863 Testa-

2105 3904 2274 3959 menti
2317 3905 2518 3959 veteris
2567 3903 2880 3974 expediant,
2924 3905 2991 3958 de
3032 3918 3173 3957 novo
3203 3902 3562 3957 Testamento
3613 3916 3705 3957 su-

2106 4006 2259 4051 munt
2300 3995 2797 4051 confirmationem.
2840 3996 2928 4051 Ait
2968 3994 3113 4050 enim
3164 3994 3426 4049 Dominus
3465 4004 3521 4048 et
3563 3994 3706 4052 Deus

2104 4105 2227 4147 cum
2258 4091 2326 4146 de
2382 4091 2541 4145 Patre
2591 4091 2908 4160 loqueretur
2961 4086 3146 4156 (Joan.
3177 4103 3216 4154 ι,
3261 4086 3376 4152 18),
3420 4086 3557 4142 nulli
3604 4086 3708 4143 Pa-

2109 4188 2207 4241 tris
2259 4186 2547 4256 imaginem
2594 4186 2801 4238 visam:
2834 4186 2978 4254 quod
3033 4183 3077 4237 si
3110 4182 3289 4251 imago
3354 4180 3534 4236 Patris
3586 4182 3704 4250 ipse

2106 4290 2190 4335 est
2220 4278 2413 4343 Filius,
2458 4287 2516 4332 ut
2550 4276 2845 4347 Apostolus
2895 4274 3087 4345 probat
3126 4274 3286 4347 (ch.
3331 4289 3370 4340 ι,
3411 4275 3493 4344 5),
3546 4282 3707 4343 negat

2106 4373 2375 4428 visibilem
2430 4373 2618 4439 fuisse,
2682 4370 2934 4439 dicendo,
2992 4371 3125 4426 nulli
3178 4369 3355 4425 Patris
3412 4369 3704 4439 imaginem

2107 4467 2299 4521 visam.
2349 4465 2415 4520 Et
2460 4466 2623 4533 ideo,
2677 4463 2790 4519 Nec
2842 4482 2951 4532 me,
3020 4464 3230 4535 inquit,
3283 4465 3485 4528 nostis,
3545 4479 3708 4531 neque

2109 4558 2325 4614 Patrem
2377 4575 2549 4612 meum
2588 4558 2770 4630 (Joan.
2821 4556 3085 4627 “11.19).
3140 4556 3209 4611 Et
3248 4556 3335 4611 hic
3380 4568 3528 4611 certe
3569 4556 3707 4611 duos

2106 4651 2398 4709 confirmat
2445 4651 2699 4721 ignotos,
2742 4660 2849 4705 tam
2896 4658 3076 4705 autem
3139 4648 3275 4704 duos
3332 4664 3495 4720 quam
3557 4649 3705 4703 inse-

2106 4752 2348 4816 paratos.
2401 4742 2536 4798 Nam
2569 4744 2615 4799 si
2665 4744 2840 4814 ipsum
2894 4752 3156 4807 nossent,
3203 4752 3254 4796 ct
3304 4742 3522 4797 Patrem
3582 4755 3711 4796 nos-

2106 4846 2228 4892 sent
2282 4854 2295 4891 :
2341 4837 2464 4908 quia
2502 4852 2600 4907 per
2650 4836 3086 4891 individuitatem
3138 4850 3317 4907 neque
3360 4836 3486 4891 sciri
3534 4849 3711 4905 neque

2107 4929 2349 4998 ignorari
2399 4930 2539 4985 alter
2574 4931 2691 4984 sine
2736 4930 2909 4984 altero
2939 4936 3174 4999 poterat.
3218 4928 3422 4984 Similis
3451 4927 3616 5000 igitur
3639 4928 3710 4983 de

2110 5025 2322 5079 mortali
2368 5034 2423 5078 et
2470 5024 2711 5095 passibili
2757 5024 2897 5078 ratio
2942 5024 3312 5093 subsequitur.
3356 5020 3490 5077 Nam
3535 5023 3581 5077 si
3614 5038 3712 5079 ne-

2107 5132 2214 5188 que
2267 5116 2476 5171 initium
2532 5115 2696 5170 liabet
2746 5114 2940 5180 Filius,
2998 5124 3190 5186 utpote
3244 5117 3335 5185 qui
3388 5129 3607 5185 semper
3657 5116 3709 5169 in

2106 5224 2173 5265 eo
2201 5218 2255 5263 et
2288 5207 2451 5262 fuerit
2496 5217 2553 5261 et
2580 5210 2671 5270 sit,
2716 5206 2803 5260 cui
2856 5206 3073 5261 initium
3128 5222 3232 5261 non
3278 5205 3484 5271 datur;
3536 5222 3712 5276 neque

2108 5303 2364 5370 visibilis,
2418 5302 2508 5373 qui
2562 5304 2611 5356 in
2660 5300 2781 5355 sinu
2842 5301 3131 5355 invisibilis
3189 5310 3555 5370 perseverat:
3600 5299 3709 5369 jam

2109 5412 2211 5454 nec
2244 5397 2491 5451 mortalis
2542 5411 2641 5450 nec
2667 5394 2943 5465 passibilis
2972 5394 3253 5449 habendus
3284 5402 3386 5459 est,
3422 5408 3486 5448 ex
3538 5408 3600 5447 ea
3631 5398 3710 5445 ta-

2106 5505 2232 5546 men
2264 5488 2578 5544 substantiae
2610 5497 2762 5557 parte
2792 5501 2901 5559 qua
2923 5486 3089 5541 Deus.
3137 5484 3359 5542 Scimus
3397 5482 3542 5539 enim
3574 5482 3711 5536 nihil

2108 5582 2357 5655 Spiritum
2401 5581 2495 5636 Dei
2544 5595 2787 5651 passum,
2833 5580 3116 5635 dumtaxat
3145 5594 3245 5634 suo
3287 5576 3509 5633 nomine
3542 5593 3556 5630 :
3586 5575 3711 5645 quia

2109 5677 2461 5749 impassibilis
2492 5675 2657 5745 Deus,
2701 5674 2828 5747 quia
2860 5673 2996 5730 Deus
3023 5673 3240 5741 spiritus
3269 5669 3449 5742 (Joan.
3482 5682 3557 5739 tv,
3595 5667 3711 5740 24).
