4194 6192
441 352 509 406 9.7
1502 343 1558 398 S.
1604 337 1969 396 ΡιιιΕΒΑιιιι
2011 333 2227 393 EPISC.
2275 334 2678 393 AGINNI‘ZNSIS
3056 320 3059 323 ’
3670 322 3742 379 98

441 468 482 522 S
503 468 657 518 ~iznus
686 462 831 533 quod
854 461 1030 515 omnis
1060 461 1153 514 illa
1182 447 1364 528 pa~si'o
1392 456 1609 527 proprie
1647 454 1827 509 carnis
1849 462 1902 507 et
1922 451 2039 506 ani-
2067 453 2120 513 A
2144 462 2218 506 est
2243 467 2261 505 :
2294 451 2343 505 id
2376 460 2479 515 est,
2512 460 2706 503 unctus
2733 467 2745 505 :
2780 424 3069 503 boerenim
3109 458 3307 500 nomen
3336 440 3400 496 ad
3430 440 3747 495 unctionem

445 576 573 627 mre,
606 559 655 613 id
690 567 773 613 est
802 557 1070 611 hominis:
1106 556 1159 608 iu
1180 568 1289 623 quo
1313 550 1533 620 quidem
1566 549 1779 603 homine
1806 561 1927 600 cum
1954 561 2045 613 pa-

445 662 652 710 teretur
675 662 792 707 erat
822 657 879 704 et
907 649 1074 703 Filius
1104 647 1197 701 Dei
1240 647 1524 699 cohmrens
1555 643 1631 697 illi
1657 656 1754 710 per
1794 651 2044 694 naturam

449 748 502 820 (a
556 760 665 817 quo
693 744 944 811 venerat)
995 741 1176 804 Patri;
1221 748 1277 793 et
1324 738 1546 792 unitatis
1602 735 1876 789 vinculum
1926 748 2045 787 ser~

446 856 605 905 vans,
652 840 703 892 in
762 836 921 891 terris
965 834 1241 888 hominem
1287 829 1561 902 gestabat,
1622 843 1726 883 nec
1777 830 1969 882 aberat
2018 841 2048 880 a

449 933 621 990 etelis.
662 931 754 987 Sic
796 929 1062 983 mediator
1091 927 1291 991 dictus,
1326 927 1405 979 sic
1444 933 1728 994 sequester
1768 922 2052 989 utriusque

452 1023 795 1082 substambe.
848 1021 962 1076 Non
1003 1036 1134 1091 ergo
1183 1018 1457 1089 passibilis
1488 1017 1583 1071 Dei
1632 1013 1882 1085 Spiritus,
1928 1014 2055 1067 licet

452 1118 506 1173 in
549 1119 770 1171 homine
812 1129 910 1170 suo
952 1128 1142 1184 passus
1176 1130 1189 1166 :
1233 1127 1393 1182 quem
1426 1109 1550 1164 ideo
1574 1124 1673 1163 nec
1712 1109 1769 1163 in
1800 1107 2056 1176 passione

458 1213 723 1276 deseruit,
772 1221 830 1263 ut
872 1210 920 1263 ei
965 1206 1074 1276 pati
1106 1221 1264 1276 posse
1298 1214 1617 1275 pratstaret:
1647 1201 1791 1272 quod
1832 1201 1936 1254 nisi
1986 1201 2054 1254 ita

462 1308 746 1375 recipitur,
790 1302 917 1357 fidei
956 1311 1157 1356 nostra:
1202 1299 1337 1353 ratio
1368 1313 1474 1352 non
1505 1296 1687 1361 stabit,
1735 1293 1911 1348 dantis
1952 1292 2058 1348 sei-

458 1400 581 1455 lieet
622 1399 669 1451 ei
713 1396 947 1450 hominis
980 1393 1349 1448 inﬁrmitatem
1371 1405 1530 1461 quem
1575 1386 1745 1442 Deum
1804 1401 1909 1441 non
1967 1400 2061 1439 ne-

467 1503 617 1563 gant.
668 1489 801 1544 Nam
845 1490 889 1543 si
938 1498 994 1543 et
1033 1487 1243 1542 initium
1304 1484 1509 1539 habens
1550 1482 1777 1545 dicitur,
1829 1488 1885 1534 et
1937 1479 2062 1531 visi-

462 1586 583 1640 bilis
629 1584 874 1646 docetur,
924 1592 979 1637 et
1029 1581 1272 1635 mortalis
1314 1578 1624 1642 inducitur;
1656 1592 1762 1630 non
1793 1574 1953 1628 video
1994 1573 2061 1627 ab

466 1676 685 1731 homine
726 1675 851 1744 quid
897 1674 1096 1738 distet,
1150 1674 1200 1726 in
1263 1685 1421 1740 quem
1466 1676 1694 1739 regnant
1745 1665 2051 1735 bujusmodi

468 1769 771 1837 passiones.

1052 1856 1279 1913 CAPUT
1321 1854 1465 1910 XIX.

629 1999 964 2054 Ariomanitw
986 1997 1131 2051 aliud
1154 2012 1240 2050 ore
1257 2039 1270 2061 ,
1305 1995 1451 2051 aliud
1483 1994 1636 2048 corde
1662 1994 1908 2051 sentiunt.

545 2162 901 2228 Contitcmur,
928 2159 1200 2229 inquiunt,
1232 2157 1426 2212 Filium
1458 2156 1573 2221 Dei,
1623 2157 1790 2211 Deum
1821 2171 1886 2210 ex
1940 2155 2070 2220 Deo,

473 2258 656 2312 lumen
732 2253 799 2309 de
827 2253 1050 2308 lumine.
1106 2251 1285 2306 Videri
1334 2250 1552 2321 quidem
1584 2249 1905 2317 sacrilegum
1966 2262 2071 2300 non

478 2358 687 2421 potest,
743 2347 1037 2419 perfectam
1106 2344 1227 2400 ﬁdei
1286 2344 1572 2399 catholica:
1641 2341 2071 2411 professionem,

478 2442 710 2512 maligna
779 2440 1144 2509 disputatione
1203 2453 1443 2501 vexare;
1516 2435 1610 2489 sed
1666 2432 2073 2487 cnneedendum

480 2553 586 2593 non
625 2546 708 2592 est
736 2545 793 2591 ut
841 2534 1066 2589 tollatur
1117 2534 1275 2587 nobis
1321 2529 1448 2585 illud
1473 2528 1616 2600 quod
1661 2526 1943 2581 nobiscum
1971 2539 2078 2579 non

485 2640 714 2696 tenent,
766 2644 863 2699 per
926 2628 1029 2681 hoc
1083 2625 1227 2696 quod
1294 2622 1571 2678 nobiscum
1632 2628 1837 2674 tenent.
1893 2618 2077 2699 Agno-

479 2723 683 2777 scimus
724 2720 890 2790 igitur
930 2729 983 2775 et
1032 2733 1154 2773 cum
1192 2715 1543 2771 veneratione
1578 2697 2081 2781 suseipimus'com-

486 2816 663 2871 munis
716 2814 839 2869 ﬁdei
891 2812 1096 2876 verba,
1148 2808 1245 2865 sed
1303 2808 1430 2879 quid
1485 2806 1791 2861 faciemus?
1839 2803 1931 2858 Sic
1987 2815 2082 2856 ve-

485 2924 615 2965 sana
662 2906 1121 2962 Ariomanitarum
1164 2903 1410 2958 doctrina
1442 2899 1623 2954 tradit.
1667 2898 1733 2952 Et
1762 2897 1874 2966 ipsa
1913 2895 2082 2960 enim,

487 3002 678 3057 dicens
728 3000 893 3055 Deum
950 3015 1015 3052 ex
1064 2996 1197 3060 Deo,
1248 2994 1425 3049 lumen
1481 3007 1545 3046 ex
1594 2990 1814 3051 lumine,
1847 2987 1975 3042 facit
2013 3001 2083 3042 ex

491 3098 602 3150 Deo
653 3096 884 3149 alterum
943 3093 1145 3156 Deum,
1197 3106 1260 3144 ex
1308 3088 1512 3143 lumine
1566 3085 1792 3139 alterum
1854 3083 2086 3136 lumen:

494 3197 545 3241 ut
578 3187 649 3241 sit
701 3184 871 3238 Filius
899 3199 963 3238 ex
1017 3183 1177 3237 Patre
1198 3188 1253 3236 et
1306 3195 1415 3233 non
1462 3179 1514 3232 in
1567 3177 1759 3243 Patre,
1817 3175 1922 3230 hoc
1969 3182 2159 3283 est,C

493 3292 547 3336 ut
593 3280 769 3334 factus
812 3277 956 3333 Deus
1002 3292 1028 3329 a
1065 3276 1196 3342 Deo,
1237 3290 1339 3329 non
1388 3273 1460 3327 sit
1510 3270 1817 3341 unigenitus
1864 3267 1915 3322 in
1952 3267 2082 3321 Deo.

496 3373 602 3429 Sed
651 3372 781 3442 quid
832 3370 921 3437 hic
969 3369 1237 3439 amplius,
1306 3383 1426 3420 cum
1483 3363 1865 3417 nonnullorum
1906 3376 1970 3417 ex
2026 3361 2091 3415 iis

495 3469 588 3536 qui
640 3480 812 3534 nuper
851 3464 919 3517 ad
969 3478 1068 3517 nos
1100 3463 1237 3516 hanc
1282 3459 1439 3513 fidem
1485 3456 1758 3527 egregiam
1807 3456 2089 3520 miserunt,

496 3561 694 3629 scripta
755 3567 1064 3620 teneantur,
1125 3553 1319 3625 quibus
1358 3551 1603 3606 dicentes
1649 3549 1817 3603 Deum
1848 3562 1912 3602 ex
1955 3545 2091 3615 Deo,

500 3654 679 3707 lumen
709 3667 773 3706 ex
806 3652 1042 3706 lumine:
1078 3659 1254 3703 tamen
1300 3653 1609 3715 separatum
1650 3658 1679 3698 a
1706 3644 1864 3697 Patre
1901 3651 1956 3695 et
1999 3655 2095 3710 pe-

502 3748 645 3801 nitus
707 3747 949 3801 excisunt
1021 3743 1275 3797 ltxt‘elicu
1344 3740 1714 3809 dis‘putatione
1756 3732 2095 3791 docuerunt?

500 3842 678 3911 Ipsum
740 3840 984 3910 inquiunt
1042 3837 1238 3892 Filium
1298 3835 1392 3889 Dei
1472 3833 1745 3886 hominem
1803 3830 1871 3883 de
1932 3827 2097 3881 Maria

502 3936 811 4003 suscepisse
842 3948 941 4001 per
966 3947 1126 4001 quem
1160 3942 1478 3997 compassus
1504 3935 1609 3982 est.
1636 3924 1890 3992 Congruo
1940 3921 2100 3991 igitur

503 4031 683 4086 omnia
729 4030 835 4082 line
880 4026 1218 4089 claudentes,
1263 4024 1404 4092 quod
1454 4030 1635 4076 mente
1688 4027 2095 4087 conceperant,

504 4124 773 4191 scriptura
804 4117 1046 4175 confessi
1080 4124 1223 4177 sunt,
1267 4114 1626 4183 respondente
1655 4127 1714 4162 ea
1751 4109 1929 4163 sensui
1978 4123 2097 4174 suo,

508 4224 563 4269 et
598 4213 806 4269 occulta
837 4227 1027 4266 eorum
1079 4225 1287 4265 venena
1330 4215 1647 4262 reserante:
1681 4204 1927 4259 dicentes
1956 4201 2105 4256 scili-

508 4317 595 4364 cet
624 4306 820 4363 Filium
865 4304 956 4360 Dei
1001 4301 1275 4357 hominem
1318 4301 1386 4355 de
1430 4300 1594 4355 Maria
1652 4296 1963 4367 suscepisse
2011 4309 2106 4363 per

508 4414 667 4468 quem
697 4412 1011 4467 eompassus
1039 4401 1141 4450 est.
1176 4394 1440 4459 Primum,
1489 4408 1599 4447 non
1637 4391 1800 4466 video
1846 4405 1943 4444 cur
1990 4403 2101 4442 ma-

511 4492 711 4546 luerint
745 4488 1181 4557 compassibilem
1217 4486 1425 4551 dicere,
1467 4500 1628 4556 quam
1676 4485 1846 4540 libere
1876 4482 2106 4553 passibi-

2094 1841 2139 1899 B
2169 1820 2393 1876 Domino
2440 1826 2772 1889 suggerente
2825 1834 2837 1870 :

2150 543 2460 599 deducitur.
2494 542 2550 598 Si
2586 550 2858 613 ergo'non
2904 539 3049 594 aliud
3082 554 3242 609 quam
3285 551 3414 590 caro
3443 543 3602 588 uncta
3626 542 3746 597 est;

2149 652 2278 693 caro
2331 638 2496 706 igitur
2544 632 2926 688 tantummodo
2979 640 3189 685 mortua
3245 628 3483 694 dicitur,
3537 626 3754 695 quoties

2151 728 2402 785 Christus
2429 737 2677 783 mortuus
2707 730 3009 781 nuntiatur.

2756 841 2987 899 CAPUT
3028 840 3148 896 XX.

2156 961 2303 1016 Alius
2332 978 2362 1014 a
2396 959 2553 1014 Patre
2585 957 2773 1025 Filius,
2805 957 3157 1019 distinctione,
3203 972 3303 1010 non
3348 955 3598 1010 divisione
3629 971 3747 1025 per-

2228 1070 2493 1107 sonarum.
2531 1052 2714 1107 Sermo
2749 1050 2866 1116 Dei,
2897 1069 2997 1104 non
3034 1067 3189 1103 sonus
3223 1050 3381 1115 vocis,
3412 1050 3499 1102 sed
3530 1064 3609 1103 res
3634 1048 3758 1103 sub.

2838 1146 3078 1199 stantiva.

2230 1262 2334 1332 Sed
2372 1262 2415 1317 si
2457 1260 2577 1332 quis
2624 1269 2954 1331 extorquere
2994 1274 3025 1313 e
3064 1256 3279 1312 duobus
3328 1255 3559 1311 alterum
3608 1254 3764 1321 velit,

2162 1364 2337 1409 utaut
2386 1370 2554 1408 unum
2595 1353 2764 1408 Deum
2811 1351 3164 1422 singulariter
3212 1349 3668 1414 determinenms,
3720 1350 3765 1403 si

2163 1466 2329 1505 unum
2375 1452 2650 1515 fatemur;
2704 1456 2799 1503 aut
2846 1446 2983 1501 duos
3015 1446 3189 1501 libere
3229 1442 3597 1514 proferamus,
3630 1441 3675 1496 si
3715 1450 3771 1497 et

2162 1543 2377 1598 Patrem
2415 1543 2580 1597 Deum
2613 1551 2667 1595 et
2702 1538 2899 1593 Filium
2933 1539 3100 1594 Deum
3131 1536 3366 1591 dicimus
3398 1552 3410 1590 :
3461 1532 3595 1590 illud
3639 1542 3771 1587 ante

2163 1635 2347 1689 omnia
2374 1635 2601 1699 sciatur,
2653 1647 2753 1687 nec
2787 1646 2951 1686 unum
3006 1644 3105 1687 nos
3135 1643 3259 1683 cum
3291 1623 3632 1697 prmjttdicio,
3668 1637 3771 1679 nec

2165 1728 2301 1782 duos
2350 1727 2575 1791 dicere;
2615 1726 2739 1795 quia
2788 1738 2957 1778 unum
3007 1720 3241 1776 dicimus
3289 1720 3342 1773 in
3393 1717 3605 1773 duobus
3654 1715 3774 1785 ipso

2893 1814 3008 1887 Ego
3059 1822 3105 1866 et
3166 1812 3326 1865 Pater
3380 1826 3540 1865 unum
3595 1824 3776 1863 sumus

2178 1913 2356 1986 (Joan.
2409 1928 2463 1979 ι,
2499 1912 2616 1981 50),
2664 1919 2723 1964 ut
2766 1909 2873 1963 duo
2920 1906 3274 1964 crederentur
3310 1905 3365 1959 in
3412 1919 3516 1959 una
3549 1904 3777 1957 virtute.

2176 2004 2291 2060 Non
2334 2004 2476 2059 enim
2511 2001 2647 2057 dixit
2675 2012 2945 2073 tamquam
2987 2016 3053 2056 ex
3085 2014 3187 2054 una
3218 2012 3477 2069 persona,
3512 1996 3687 2051 Patris
3720 2002 3780 2051 et

2177 2097 2320 2164 Filii,
2342 2096 2496 2168 quasi
2528 2094 2700 2151 Filius
2722 2094 2941 2150 Patrem
2968 2106 3028 2148 se
3050 2090 3381 2147 contirmans
3408 2107 3422 2143 :
3444 2086 3619 2142 Filius
3636 2102 3777 2140 meus

2174 2210 2318 2259 sum;
2370 2201 2463 2247 et:
2494 2189 2607 2262 Ego
2658 2190 2811 2243 hodie
2849 2188 3004 2259 genui
3046 2202 3159 2253 me;
3202 2195 3256 2240 et
3290 2202 3303 2239 :
3338 2187 3468 2238 Ante
3500 2182 3779 2251 luciferum

2176 2283 2330 2357 genui
2362 2298 2471 2345 me;
2511 2290 2585 2344 et,
2642 2278 2896 2332 Dominus
2945 2275 3180 2331 condidit
3221 2290 3300 2327 me
3328 2272 3534 2327 initiutn
3580 2271 3777 2325 viarum

2178 2390 2439 2439 mearum;
2472 2384 2566 2427 et:
2614 2373 2746 2425 Ante
2789 2370 2986 2425 saecula
3017 2366 3260 2441 fundavit
3301 2382 3415 2431 me;
3463 2374 3552 2420 et:
3588 2362 3697 2434 Ego
3729 2371 3778 2417 et

2179 2467 2337 2523 Pater
2382 2482 2539 2523 unum
2580 2483 2691 2518 sum
2736 2482 2753 2518 :
2804 2464 2900 2519 sed
2971 2462 3205 2518 reddens
3281 2459 3532 2515 notitiam
3591 2470 3777 2512 sacra-

2182 2562 2349 2618 menti
2409 2560 2807 2622 distinctione,
2865 2572 2973 2612 non
3028 2554 3297 2610 divisione
3377 2564 3778 2623 personarum:

2184 2654 2316 2729 Ego,
2344 2654 2539 2725 inquit,
2566 2654 2618 2706 in
2655 2651 2832 2715 Patre,
2885 2661 2935 2703 et
2972 2649 3130 2702 Pater
3170 2648 3221 2701 in
3248 2662 3361 2700 me:
3394 2642 3502 2716 Ego
3538 2654 3585 2699 et
3625 2642 3781 2697 Pater

2184 2766 2345 2805 unum
2386 2765 2562 2802 sumus
2590 2763 2605 2801 :
2637 2759 2686 2799 et
2722 2765 2734 2799 :
2777 2745 2879 2812 Qui
2930 2758 3009 2797 me
3052 2742 3208 2807 videt,
3253 2742 3388 2795 videt
3423 2749 3470 2794 et
3512 2737 3724 2792 Patrem
3764 2752 3784 2801 ς

2185 2844 2354 2898 videri
2410 2846 2554 2898 enim
2601 2843 2775 2896 Patris
2824 2840 3023 2905 Filius,
3084 2839 3262 2908 imago
3318 2852 3441 2891 vera
3493 2844 3548 2890 et
3614 2836 3783 2905 tigura

2188 2948 2448 3005 expressa
2491 2934 2812 2990 substantia:
2849 2932 2993 3001 ejus,
3042 2931 3148 2986 hoc
3192 2939 3277 2984 est
3302 2928 3398 2983 Dei
3422 2926 3641 2993 Sermo,
3676 2941 3785 2983 non

2190 3041 2355 3083 sonus
2410 3027 2581 3094 vocis,
2633 3024 2727 3079 sed
2769 3039 2860 3080 res
2916 3022 3255 3079 substantiva
3282 3037 3344 3077 ac
3391 3036 3485 3091 per
3531 3021 3785 3075 substan-

2192 3119 2317 3175 tiam
2350 3116 2741 3189 corpulentiva.
2800 3117 2918 3171 Non
2966 3115 3108 3171 enim
3152 3117 3270 3171 sine
3313 3113 3612 3169 substantia
3654 3128 3787 3168 con-

2192 3211 2355 3278 stitit,
2383 3211 2527 3281 quod
2560 3209 2627 3265 de
2676 3218 2823 3265 tanta
2846 3211 3152 3264 substantia
3184 3209 3329 3263 fecit.
3370 3206 3512 3262 Nihil
3540 3220 3669 3275 ergo
3697 3219 3788 3261 va-

2195 3320 2355 3361 cuum
2404 3304 2473 3359 de
2529 3304 2711 3372 pleno,
2768 3303 2899 3357 nihil
2946 3304 3104 3358 inane
3160 3301 3225 3357 de
3270 3299 3478 3357 solido:
3522 3303 3643 3368 quia
3693 3297 3791 3354 Dei

2198 3396 2412 3461 Sermo,
2454 3395 2679 3464 spiritus
2728 3395 2845 3460 Dei,
2894 3393 3168 3457 Christus,
3218 3393 3515 3449 instructus
3542 3398 3667 3454 est;
3710 3397 3788 3455 et,

2200 3500 2257 3546 ut
2305 3491 2609 3547 evidentius
2647 3489 2845 3556 dicam,
2896 3488 3179 3545 Sermonis
3209 3504 3407 3558 corpus
3436 3496 3522 3542 est
3550 3503 3563 3539 :
3595 3499 3792 3555 corpus

2197 3583 2341 3639 enim
2384 3583 2626 3654 spiritus,
2675 3581 2771 3638 sed
2820 3597 3021 3652 corpus
3053 3582 3134 3636 sui
3168 3580 3406 3650 generis.
3458 3578 3593 3634 Nam
3621 3586 3675 3632 et
3704 3577 3793 3635 in~

2202 3676 2428 3731 visibilis
2455 3687 2509 3732 et
2534 3674 3104 3746 incomprehensibilis
3134 3674 3381 3743 Spiritus.
3414 3670 3682 3740 Numquid
3718 3680 3796 3723 ta-

2204 3784 2326 3825 men
2346 3770 2506 3823 inane
2524 3778 2577 3823 et
2600 3783 2767 3823 vacua
2800 3783 2885 3822 res
2911 3766 3089 3820 Deus?
3111 3766 3255 3819 Deus
3276 3762 3419 3816 enim
3449 3762 3672 3829 Spiritus
3688 3768 3794 3816 est.

2208 3860 2485 3930 Denique:
2545 3858 2713 3912 Nemo
2759 3859 2872 3923 scit,
2910 3858 3102 3925 inquit,
3139 3869 3254 3923 qua:
3278 3864 3396 3908 sunt
3438 3855 3489 3908 in
3529 3852 3659 3919 Deo,
3698 3853 3798 3909 nisi

2204 3953 2415 4025 spiritus
2432 3952 2517 4023 qui
2538 3953 2591 4005 in
2608 3952 2720 4020 ipso
2739 3960 2808 4004 est
2834 3948 2879 4017 (l
2906 3946 3025 4002 Cor.
3053 3964 3111 4011 tt,
3136 3946 3246 4018 Μ).
3275 3945 3526 4018 Legimus
3546 3945 3797 4017 quidem:

2208 4048 2337 4115 Quis
2358 4047 2591 4115 cognovit
2615 4060 2819 4099 sensum
2838 4042 3066 4113 Domini,
3091 4051 3179 4094 aut
3202 4041 3314 4110 quis
3339 4040 3661 4095 consiliarius
3690 4040 3802 4111 ejus

2207 4139 2307 4208 fuit
2357 4136 2533 4206 (llam.
2589 4150 2663 4201 XI,
2715 4133 2850 4205 '54)?
2880 4133 3048 4187 Nemo
3103 4135 3315 4203 utique,
3348 4132 3443 4188 sed
3493 4141 3647 4187 extra
3693 4132 3803 4201 5pi~

2208 4233 2373 4286 ritum
2396 4245 2555 4284 suum
2591 4244 2749 4283 nemo
2776 4246 2787 4281 :
2819 4243 2982 4300 quem
3016 4228 3268 4297 Spiritum
3296 4226 3559 4297 propheta
3592 4227 3810 4296 sapien-

2211 4336 2342 4392 tem,
2388 4325 2750 4379 architectum
2782 4331 2837 4376 et
2884 4320 3192 4375 mirabilem
3224 4319 3594 4374 consiliarium
3637 4319 3805 4373 dicit;

2212 4435 2312 4475 nec
2343 4416 2637 4472 immerito.
2670 4415 2805 4473 Nam
2840 4414 2983 4470 idem
3011 4413 3234 4482 spiritus
3275 4412 3471 4467 Sermo
3511 4422 3566 4467 et
3594 4412 3811 4481 sapien-

2213 4519 2282 4572 tia
2314 4514 2411 4568 Dei
2453 4522 2535 4566 est
2570 4528 2582 4564 :
2615 4525 2680 4566 ex
2716 4509 2871 4599 cujps
2912 4524 3145 4578 persona
3189 4506 3484 4563 Salomon:
3544 4504 3667 4558 Cum
3718 4522 3811 4572 pa-

510 4586 616 4638 mm
662 4581 934 4636 conﬁteri'
975 4581 1140 4647 Quasi
1167 4595 1318 4676 ,νέω
1363 4577 1638 4676 διῇξᾳηθίι,
1660 4577 1899 4676 compa?
1944 4589 2103 4643 quam
2131 4615 2187 4676 1)
2210 4618 2368 4671 raret,
2399 4606 2593 4675 inquit,
2622 4577 2824 4667 calum;
2858 4618 2949 4673 ego
2976 4602 3188 4655 aderam
3207 4602 3285 4657 illi
3307 4599 3490 4671 (Prov.
3527 4614 3646 4660 vm.
3677 4598 3807 4667 27);

512 4676 642 4747 pati.
678 4676 848 4731 Porro
895 4684 1075 4729 autem
1134 4674 1178 4727 si
1228 4671 1577 4742 impassibilis
1622 4672 1785 4738 Deus,
1819 4670 2004 4739 utique
2055 4679 2109 4723 et

513 4768 986 4840 tueompassibilis.
1020 4766 1151 4821 Tam
1179 4779 1643 4835 ergoeompassus
1676 4779 1782 4819 non
1815 4772 1920 4823 est.
1944 4776 2107 4831 quam

516 4880 614 4920 nec
645 4879 835 4934 passus
878 4871 982 4929 est,
1026 4876 1091 4917 ex
1137 4876 1199 4916 ea
1234 4870 1411 4914 tamen
1454 4858 1765 4913 conditione
1793 4873 1893 4927 qua
1942 4858 2105 4912 Deus.

519 4960 763 5031 Denique
791 4957 1085 5027 Apostolus
1113 4973 1125 5010 :
1158 4955 1357 5010 Passus
1387 4965 1479 5020 est,
1527 4954 1701 5025 inquit
1736 4953 1804 5026 (ll
1835 4952 1957 5009 Car.
1994 4934 2110 5020 stu,

517 5051 596 5123 4),
646 5067 711 5105 ea:
753 5051 1072 5121 infirmitate,
1119 5046 1304 5118 utique
1334 5047 1516 5102 carnis
1557 5047 1704 5118 (caro
1735 5045 2115 5117 enim(Ma:th.

521 5159 671 5210 sum,
725 5144 815 5212 Η)
854 5141 1099 5211 infirma;
1145 5140 1355 5211 spiritus
1387 5137 1711 5210 promptus);
1747 5137 1837 5191 sed
1880 5139 1999 5191 vivit
2049 5153 2113 5193 ea:

522 5238 705 5292 virtute
725 5236 855 5291 Dei:
881 5236 1069 5304 utique
1095 5250 1158 5288 ex
1184 5234 1500 5301 semetipso.
1534 5230 1654 5302 Ipse
1684 5234 1851 5295 enim,
1882 5230 1978 5285 Dei
2006 5230 2115 5285 vir-

519 5343 628 5401 tus,
658 5331 861 5386 habens
891 5329 1057 5384 vitam
1086 5330 1137 5381 in
1167 5326 1501 5396 semetipso:
1528 5323 1671 5394 quod
1709 5323 1985 5379 credimus
2013 5324 2119 5377 Do-

526 5429 728 5483 minum
772 5434 1017 5479 nostrum
1060 5436 1125 5476 ex
1169 5420 1384 5476 duabus
1412 5417 1736 5474 substantiis
1780 5418 2117 5481 constitisse,

528 5523 762 5575 humana
793 5517 1004 5573 scilicet
1044 5524 1206 5585 atque
1234 5511 1415 5568 divina
1441 5528 1456 5578 ;
1487 5521 1541 5566 et
1566 5511 1640 5566 ita
1669 5510 1820 5565 illum
1848 5509 2122 5563 immorta-

526 5615 635 5669 lem
682 5612 852 5667 fuisse
881 5609 1084 5676 divina,
1127 5616 1184 5661 ut
1225 5606 1508 5661 mortalem
1559 5618 1625 5661 ea
1666 5620 1786 5674 qure
1824 5602 1987 5658 fuerit
2024 5601 2125 5657 hu-

530 5722 736 5763 mana:
783 5723 847 5763 ex
895 5720 999 5762 una
1049 5704 1195 5761 enim
1235 5711 1417 5771 natus,
1464 5718 1529 5757 ex
1564 5702 1668 5756 alia
1716 5698 2014 5771 probatus:
2058 5712 2127 5753 ex

536 5816 643 5855 una
697 5801 1041 5867 immortalis,
1093 5816 1159 5855 ex
1210 5798 1312 5852 alia
1372 5797 1637 5852 mortalis.
1689 5796 1933 5866 Denique
1986 5795 2126 5850 idem

533 5895 845 5971 Apostolus,
896 5892 1153 5963 Christus,
1201 5893 1372 5967 inquit
1401 5893 1443 5968 ιι
1474 5892 1593 5949 Cor.
1628 5908 1722 5962 xv,
1767 5890 1849 5964 5),
1895 5900 2129 5948 mortuus

2215 4709 2307 4755 et:
2340 4699 2473 4769 Ego,
2526 4697 2721 4767 inquit,
2764 4711 2906 4748 erant
2945 4710 3060 4748 cum
3100 4694 3214 4760 illo,
3256 4704 3300 4748 et
3332 4694 3457 4746 mihi
3489 4690 3813 4762 adgaudebat

2214 4789 2379 4865 (Ibid.
2426 4791 2538 4861 50).
2588 4789 2701 4843 Non
2737 4803 2867 4856 ergo
2901 4786 3248 4842 consiliarius
3296 4800 3496 4851 nemo,
3542 4785 3665 4856 quia
3717 4798 3815 4855 per

2218 4885 2392 4957 ipsum
2427 4883 2565 4938 facta
2594 4891 2720 4937 sunt
2750 4880 3005 4934 universa
3051 4895 3171 4947 qua:
3212 4878 3346 4932 facta
3374 4886 3520 4932 sunt.
3571 4876 3818 4947 Denique

2221 4994 2341 5033 cum
2374 4977 2560 5031 eadem
2595 4974 2859 5045 sapientia
2884 4987 2935 5028 et
2962 4972 3197 5027 Verbum
3240 4971 3358 5037 Dei,
3392 4981 3442 5026 et
3468 4970 3691 5041 spiritus
3719 4968 3813 5025 Dei

2222 5074 2313 5137 sit,
2359 5070 2697 5141 singulorum
2736 5076 2915 5121 tamen
2948 5064 3227 5119 nominum
3269 5064 3447 5118 officia
3481 5066 3811 5117 nuntiantur.

2220 5165 2495 5238 Sapientia
2547 5162 2803 5218 condenti
2863 5165 3041 5216 omnia
3084 5158 3230 5214 Patri
3274 5158 3465 5213 aderat
3508 5174 3520 5209 ε
3569 5156 3816 5211 Sermone

2220 5261 2331 5331 ejus
2366 5259 2477 5313 caeli
2521 5256 2733 5311 solidati
2770 5263 2909 5319 sunt,
2944 5265 2989 5309 et
3029 5254 3217 5323 spiritu
3250 5253 3353 5307 oris
3376 5253 3487 5320 eius
3522 5251 3686 5303 omnis
3717 5249 3819 5302 vir-

2223 5362 2304 5406 tus
2356 5366 2531 5405 eorum
2590 5348 2759 5417 (Psal.
2814 5363 2981 5413 xxxu,
3031 5346 3111 5414 6).
3170 5347 3407 5419 Apparet
3478 5358 3608 5413 ergo
3656 5356 3818 5395 unum

2223 5444 2584 5515 eumdemque
2616 5443 2828 5498 venisse
2872 5457 3016 5499 nunc
3048 5443 3098 5497 in
3144 5444 3364 5496 nomine
3387 5438 3632 5509 spiritus,
3682 5448 3823 5489 nunc

2226 5540 2279 5594 in
2312 5537 2679 5611 appellatione
2710 5534 3017 5609 sapientiae.

2819 5648 3049 5706 CAPUT
3092 5647 3236 5703 XXI.

2592 5766 2759 5820 Locus
2792 5764 2942 5819 Rom.
2977 5778 3053 5829 ιιι,
3094 5760 3164 5817 '56
3185 5760 3468 5831 expositus.
3516 5734 3521 5735 ί

2311 5888 2453 5961 Ergo
2476 5886 2563 5943 hic
2594 5886 2808 5953 Sermo,
2849 5898 2964 5940 cum
2994 5882 3046 5937 in
3085 5879 3257 5952 [arma
3281 5874 3380 5935 Dei
3405 5883 3534 5934 esset
3565 5872 3833 5951 (Philipp.
