4194 6192
442 340 512 394 ξι)
1262 398 1265 401 γ
1660 338 1869 395 [ΑΒμῆ
1905 337 2187 395 CONTRA
2227 338 2549 396 ABIANOS.
3673 335 3744 391 30

445 475 503 519 ιι,
539 460 677 526 6-3),
733 456 999 525 sapientia
1048 465 1102 510 et
1146 457 1355 512 ratione
1386 467 1441 510 et
1492 458 1715 526 spiritus
1747 457 1959 511 ratione
1987 459 2119 520 etA
2154 453 2347 521 Deum,
2408 469 2713 523 novamque
2745 464 2996 509 asserunt
3049 470 3111 510 ex
3168 455 3336 509 nihilo
3388 454 3744 509 substantiam

447 552 668 621 Spiritus
696 550 890 604 virtute
919 560 1280 615 cnustruclus,
1326 549 1430 604 hoc
1458 560 1566 613 est,
1602 559 1768 604 totam
1802 549 1908 603 vim
1946 550 2040 603 Dei

450 643 747 714 possidens,
806 658 913 695 ttou
966 658 1025 696 se
1074 642 1183 696 Deo
1234 642 1381 696 Patri
1432 641 1754 712 adaequavit,
1787 641 1881 695 sed
1926 644 2038 710 for-

448 754 586 791 mam
640 737 769 789 servi
819 736 1078 805 accipiens
1118 736 1409 790 humiliavit
1464 752 1517 789 se
1574 751 1734 806 usque
1780 736 1848 787 ad
1900 752 2042 788 mor-

446 841 569 884 tem.
626 828 878 883 lnduerat
927 829 1071 883 enim
1110 826 1253 897 quod
1296 828 1527 893 servire,
1556 826 1699 899 quod
1733 826 1871 881 mori
1919 840 2043 895 pos-

445 930 556 976 set:
605 921 877 974 hominem
921 919 1129 974 scilicet
1160 934 1317 986 quem
1347 921 1640 974 excitatum
1682 919 1931 973 exhibuit
1971 917 2040 974 ad

445 1014 669 1079 uelum,
718 1020 773 1067 et
817 1012 1085 1067 secundus
1134 1013 1300 1066 Adam
1334 1028 1433 1082 per
1478 1012 1849 1068 obedientiam
1887 1015 2045 1069 resti-

447 1115 622 1159 tueret
648 1104 789 1175 quod
816 1105 1019 1175 primus
1044 1104 1475 1175 transgressione
1499 1102 1829 1174 perdiderat.
1870 1104 1923 1159 Si
1949 1105 2041 1175 qui

449 1200 613 1268 igitur
666 1197 844 1252 adhuc
901 1207 955 1251 et
1002 1198 1071 1252 de
1110 1197 1373 1266 Apostolo
1430 1198 1660 1266 requirit
1708 1197 2041 1252 dominicum

447 1303 645 1347 statum
677 1335 690 1358 ,
743 1291 793 1347 id
838 1302 941 1355 est,
992 1291 1277 1362 singularis
1318 1292 1632 1345 substantiae
1679 1292 2040 1360 qualitatem,

444 1406 567 1460 qua;
616 1404 713 1459 per
752 1397 1000 1443 naturam
1038 1386 1245 1442 auctori
1305 1400 1402 1441 suo
1428 1386 1702 1456 jungatur,
1744 1386 1928 1441 audiat
1973 1386 2041 1443 ad

447 1483 828 1553 compendium
854 1482 978 1552 quid
1016 1482 1155 1536 idem
1186 1482 1476 1550 Apostolus
1508 1481 1766 1546 senserit,
1790 1496 1915 1535 cum
1948 1480 2043 1535 Dei

448 1576 621 1631 Patris
650 1575 1055 1644 investigabiles
1097 1575 1215 1627 vias
1246 1583 1299 1629 et
1347 1574 1625 1629 recondita
1667 1583 1815 1630 retro
1861 1589 2041 1633 sacra-

449 1680 625 1725 menta
656 1669 991 1739 loqueretur.
1036 1665 1121 1721 Ea:
1150 1669 1282 1737 ipso,
1327 1667 1521 1737 inquit,
1544 1676 1589 1721 et
1621 1684 1709 1737 per
1754 1669 1947 1739 ipsum,
1990 1680 2039 1722 et

446 1764 498 1815 in
525 1764 635 1832 ipso
662 1763 833 1814 omnia
864 1760 1040 1829 (Rom.
1073 1774 1148 1824 ιι,
1175 1760 1291 1828 56).
1324 1759 1457 1813 Cum
1488 1759 1693 1813 dicitur
1716 1776 1805 1829 per
1833 1761 2035 1827 ipsum,

2147 547 2479 603 constitisse.
2532 547 2791 602 Tenenda
2840 559 2926 603 est
2950 550 3134 618 igitur,
3189 549 3530 612 utdiximus,
3590 563 3749 619 regu-

2148 639 2198 695 Ia
2237 656 2357 709 quae
2386 640 2587 694 Filium
2630 641 2680 694 in
2730 641 2911 705 Patre,
2957 641 3173 695 Patrem
3205 640 3258 695 in
3291 639 3427 695 Filio
3456 639 3748 695 confitetur

2148 731 2327 805 (Joan.
2361 747 2469 799 xw,
2517 734 2651 803 20);
2682 748 2802 802 quae
2830 749 2991 787 unam
3022 734 3073 787 in
3103 734 3316 789 duabus
3346 734 3597 804 personis
3619 733 3747 789 sub-

2145 825 2395 880 stantiam
2428 839 2677 890 servans,
2705 825 3122 893 diSpositionem
3149 824 3454 880 divinitatis
3477 826 3748 895 agnoscit.

2145 916 2314 989 Igitur
2344 918 2504 973 Pater
2538 919 2700 984 Deus,
2732 930 2784 974 et
2810 918 2979 973 Filius
3002 919 3179 973 Deus:
3209 921 3332 989 quia
3369 922 3418 974 in
3452 920 3610 975 Patre
3638 920 3750 976 Deo

2147 1011 2318 1068 Filius
2370 1013 2529 1068 Deus.
2592 1012 2703 1066 Iloc
2756 1011 2799 1065 si
2848 1012 2933 1066 cui
2985 1011 3303 1066 scandalum
3357 1011 3507 1077 facit,
3559 1013 3743 1068 audiat

2146 1122 2175 1158 a
2209 1104 2361 1159 nobis
2412 1104 2675 1175 Spiritum
2750 1120 2870 1160 esse
2908 1105 2975 1160 de
3018 1106 3167 1170 Deo;
3221 1107 3349 1176 quia
3396 1107 3472 1161 illi
3519 1108 3603 1161 cui
3661 1113 3744 1162 est

2146 1196 2201 1251 in
2256 1197 2394 1252 Filio
2444 1197 2680 1251 secunda
2722 1213 2986 1267 persona,
3025 1209 3107 1252 est
3151 1208 3206 1252 et
3257 1199 3412 1252 tertia
3442 1200 3495 1252 in
3540 1199 3749 1267 Spiritu

2146 1300 2354 1344 Sancto.
2376 1290 2621 1357 Denique
2641 1291 2935 1345 Dominus:
2966 1288 3165 1357 Petam,
3182 1291 3379 1360 inquit,
3398 1309 3429 1345 a
3450 1290 3611 1346 Patre
3630 1309 3745 1347 meo

2145 1395 2191 1438 et
2213 1384 2373 1437 alium
2400 1382 2710 1437 advocatum
2740 1383 2879 1437 dabit
2910 1384 3051 1439 vobis
3093 1382 3286 1452 (Ibid,
3326 1383 3437 1454 I6).
3487 1384 3580 1439 Sic
3610 1384 3749 1440 alius

2145 1490 2174 1528 a
2205 1474 2340 1529 Filio
2366 1474 2621 1544 Spiritus,
2672 1476 2811 1529 sicut
2849 1492 2877 1529 a
2912 1476 3073 1531 Patre
3114 1476 3307 1530 Filius.
3358 1476 3447 1533 Sic
3490 1479 3649 1532 tertia
3694 1479 3747 1533 in

2143 1568 2372 1638 Spiritu,
2425 1579 2483 1623 ut
2536 1570 2586 1622 in
2621 1568 2760 1623 Filio
2810 1569 3046 1623 secunda
3080 1585 3311 1639 persona
3346 1588 3358 1623 :
3401 1585 3538 1625 unus
3569 1582 3749 1626 tamen

2151 1661 2289 1715 Deus
2334 1662 2550 1737 omnia,
2599 1672 2706 1715 tres
2744 1677 2906 1716 unum
2950 1671 3093 1716 sunt.
3142 1663 3252 1716 lloe
3291 1663 3584 1727 credimus,
3641 1664 3744 1719 hoc

2149 1761 2429 1816 tenemus,
2487 1753 2611 1822 quia
2664 1753 2769 1807 hoc
2814 1754 3124 1822 accepimus
3178 1768 3207 1807 a
3262 1754 3573 1824 prophetis:
3638 1754 3739 1810 hoc

446 1868 679 1924 agnosco
733 1853 929 1907 Filium
986 1852 1277 1922 significari
1312 1870 1324 1906 :
1379 1852 1481 1921 legi
1516 1853 1685 1918 enim,
1728 1852 1831 1905 Per
1874 1854 2045 1923 ipsum
2075 1856 2121 1914 B
2152 1848 2305 1900 nobis
2334 1846 2625 1915 Evangelia
2679 1846 2857 1901 locuta
2891 1858 3013 1901 sunt
3046 1865 3056 1899 :
3088 1846 3192 1900 hoc
3223 1848 3457 1917 apostoli
3494 1847 3745 1902 tradide-

444 1950 619 2002 omm'a
647 1946 830 2017 (Joan.
867 1962 904 2011 ι,
932 1945 1011 2014 5).
1040 1944 1176 2000 Cum
1204 1946 1259 1999 in
1286 1946 1401 2015 ipso
1432 1945 1731 2011 nuntiatur,
1758 1944 1890 2000 nihil
1916 1946 2041 2001 novi

444 2054 562 2107 est;
592 2043 645 2095 in
690 2044 808 2110 ipso
830 2039 973 2094 enim
1001 2039 1246 2093 omnium
1276 2040 1547 2092 seminum
1593 2039 1747 2092 initia
1774 2037 2043 2094 emistite-

446 2144 595 2189 runt.
618 2131 726 2187 Sed
750 2146 870 2185 cum
896 2129 1149 2194 refertur,
1182 2145 1248 2183 ra:
1274 2130 1410 2198 ipso.
1444 2138 1598 2184 certe
1627 2130 1694 2184 ad
1726 2128 1944 2185 Patrem
1984 2140 2044 2185 ut

450 2227 517 2281 ad
552 2240 731 2281 rerum
760 2224 997 2278 omnium
1025 2222 1316 2291 respicitur
1339 2230 1639 2276 auctorem.
1686 2221 1754 2276 Et
1773 2222 1819 2276 si
1842 2222 1913 2275 ita
1934 2229 2042 2287 est,

446 2328 507 2374 ut
527 2327 630 2383 est,
652 2318 923 2389 quomodo
947 2316 1031 2371 his
1053 2316 1192 2371 ratio
1207 2315 1479 2370 constabit
1494 2315 1751 2370 distincta
1765 2315 2013 2386 iungenti
2028 2346 2042 2358 -

446 2415 567 2476 lius,
593 2413 695 2466 hoc
717 2421 799 2465 est
820 2408 1179 2464 referentibus
1204 2409 1269 2462 ad
1300 2424 1467 2462 unum
1496 2409 1677 2464 omnia
1702 2425 1716 2473 ;
1745 2423 1868 2463 cum
1896 2408 2040 2464 alius

443 2510 535 2569 sit,
566 2520 631 2558 ex
655 2520 760 2574 quo
793 2503 969 2557 omnia
997 2517 1011 2565 ;
1043 2500 1278 2563 etalius,
1316 2514 1413 2569 per
1440 2514 1602 2570 quem
1636 2500 1864 2556 omnia?
1914 2500 2040 2571 quia

441 2600 581 2654 alius
612 2597 903 2669 ingenitus,
946 2596 1084 2650 alius
1131 2596 1466 2664 unigenitus,
1507 2595 1613 2651 nisi
1640 2597 1743 2651 alia
1769 2597 2041 2653 conditio-

449 2708 517 2746 ne
541 2706 641 2763 qua
688 2698 838 2745 recte
886 2689 1117 2744 dicitur:
1170 2697 1228 2742 et
1272 2702 1337 2742 ex
1390 2687 1531 2741 Filio
1558 2689 1765 2754 omnia,
1816 2689 1941 2743 dum
1985 2690 2039 2745 in

444 2786 563 2853 ejus
607 2782 775 2838 corde
825 2792 912 2837 est
945 2796 1040 2851 per
1077 2790 1346 2845 naturam,
1386 2797 1453 2835 ex
1480 2797 1590 2852 quo
1616 2785 1831 2848 omnia;
1860 2792 1910 2838 et
1946 2799 2041 2853 per

444 2877 661 2932 Patrem
707 2875 915 2939 omnia,
961 2872 1089 2928 dum
1130 2874 1183 2927 in
1214 2889 1280 2927 eo
1328 2888 1541 2944 semper
1581 2885 1685 2933 est.
1740 2890 1837 2943 per
1877 2892 2038 2946 quem

443 2969 643 3021 omnia.
702 2966 861 3021 Pater
907 2966 1054 3021 enim
1101 2982 1267 3020 sensu
1313 2967 1458 3036 agit:
1501 2966 1671 3022 Filius
1691 2983 1822 3022 vero
1864 2970 2039 3038 quiin

448 3065 605 3120 I'atre
651 3078 847 3119 sensus
900 3076 1004 3127 est,
1050 3064 1238 3122 videns
1275 3065 1505 3133 perficit.
1558 3065 1673 3119 Non
1721 3082 1852 3136 ergo
1897 3067 2041 3135 Apo-

442 3157 642 3211 stolum
686 3166 892 3212 temere
926 3157 1306 3226 pronuntiasse
1333 3157 1666 3212 credendum
1697 3169 1807 3213 est:
1848 3161 1941 3214 sed
1977 3161 2041 3214 il-

442 3251 531 3303 lud
574 3252 906 3305 credendum
948 3268 1058 3305 non
1093 3254 1163 3306 ita
1204 3260 1293 3306 est
1339 3252 1659 3319 credidisse,
1692 3253 1885 3307 Filium
1927 3256 2036 3308 sci-

442 3342 570 3395 licet
622 3342 714 3395 Dei
751 3343 1049 3398 secundum
1097 3358 1317 3398 carnem
1359 3343 1559 3398 factum
1604 3359 1726 3400 eSSe
1755 3346 1897 3416 quod
1932 3362 2037 3401 non

440 3443 579 3500 erat,
608 3438 906 3492 secundum
934 3440 1188 3507 spiritum
1210 3454 1342 3493 vero
1367 3454 1493 3495 esse
1517 3442 1660 3507 quod
1686 3440 1880 3508 fuerit;
1911 3444 2036 3513 quia

445 3530 583 3599 quod
611 3530 708 3585 fuit
729 3547 964 3600 seraper,
1002 3549 1107 3587 uon
1139 3544 1315 3604 petest
1343 3550 1449 3587 non
1470 3536 1656 3590 fuisse.

1010 3669 1237 3726 CAPUT
1280 3670 1448 3725 XXII.

446 3788 583 3853 Quid
614 3785 1187 3858 Patropassiani?quid
1227 3790 1445 3845 Ariani?
1478 3790 1629 3846 Fidei
1658 3792 1837 3863 regula
1878 3795 2034 3863 qua?

517 3924 773 3979 Tenenda
817 3936 896 3981 est
930 3926 1093 3998 igitur
1135 3929 1270 3983 ratio
1314 3944 1435 3997 quae
1468 3945 1563 3999 per
1590 3930 1817 3984 arduum
1849 3942 1902 3985 et
1942 3948 2037 3987 an-

445 4030 657 4086 gustum
714 4018 979 4076 tramitem
1032 4021 1193 4091 repit,
1243 4022 1754 4093 circumjacentibus
1806 4025 1932 4080 hinc
1982 4035 2037 4081 et

444 4114 568 4167 inde
624 4114 909 4190 praeruptis
958 4130 1076 4187 qure
1134 4116 1373 4171 zaholica
1428 4116 1615 4171 fraude
1665 4128 1861 4172 esecata
1919 4120 2033 4187 pla-

442 4220 508 4257 na
564 4213 618 4257 et
683 4203 861 4260 facilia
930 4206 1271 4271 submittunt,
1318 4215 1375 4261 ut
1422 4208 1472 4261 in
1525 4209 1733 4262 ruinam
1790 4220 2037 4279 mergant

441 4313 714 4353 ('XCCSIIS.
748 4297 881 4353 Nam
912 4299 956 4353 si
991 4315 1152 4354 unum
1203 4300 1370 4355 Deum
1400 4301 1755 4371 singulariter
1793 4304 2035 4357 nomina-

441 4406 580 4457 mus,
608 4388 957 4447 excludentes
981 4392 1307 4448 Vocabulum
1356 4397 1613 4451 secunda:
1644 4412 1912 4465 personat,
1949 4396 2033 4452 fu-

438 4500 619 4538 rorem
642 4484 760 4555 ejns
791 4486 1016 4541 lueresis
1046 4487 1433 4557 approbamus,
1467 4504 1585 4559 quae
1621 4489 1795 4559 ipsum
1838 4492 2035 4546 asserit

2146 1948 2304 1993 runt:
2341 1939 2441 1993 hoc
2472 1952 2736 2010 martyres
2780 1942 3032 2011 passione
3072 1939 3314 1995 confessi
3346 1950 3471 1995 sunt
3501 1960 3513 1993 :
3558 1942 3610 1995 in
3644 1940 3747 1997 hoc

2145 2032 2415 2087 mentibus
2449 2032 2573 2087 fidei
2618 2034 2783 2087 etiam
2830 2034 3121 2097 haeremus,
3153 2043 3338 2088 contra
3369 2033 3510 2103 quod
3542 2034 3749 2088 etiamsi

2143 2128 2354 2198 angelus
2372 2127 2434 2179 de
2451 2127 2579 2181 caelo
2605 2128 3008 2196 anntmtiaverit,
3040 2131 3315 2181 anathema
3339 2128 3402 2182 sit
3425 2125 3568 2197 (Gal.
3590 2143 3629 2194 ι,
3660 2126 3739 2199 8).

2701 2288 2931 2345 CAPUT
2970 2288 3161 2345 XXIII.

2218 2405 2293 2462 De
2320 2405 2487 2461 Hosio
2516 2410 2755 2479 episcopo
2777 2406 3097 2463 Cordubensi
3120 2410 3381 2479 judicium
3400 2412 3648 2464 auctoris.

2211 2542 2317 2598 Sed
2367 2558 2470 2598 non
2516 2558 2634 2598 sum
2676 2548 2911 2608 nescius,
2960 2544 3041 2599 his
3081 2543 3333 2599 omnibus
3376 2544 3641 2599 discussis
3682 2553 3742 2600 et

2144 2635 2193 2688 in
2248 2635 2423 2691 lucem
2488 2636 2867 2706 intelligentite
2936 2637 3161 2705 publico
3214 2638 3552 2708 propositis,
3606 2638 3749 2694 anti-

2141 2728 2385 2797 quissimi
2431 2729 2730 2783 sacerdotis
2775 2738 2831 2784 et
2862 2741 3129 2801 promptae
3169 2746 3386 2800 semper
3423 2729 3547 2785 ﬁdei
3595 2730 3747 2787 Hosii

2144 2836 2337 2875 nomen
2387 2820 2537 2889 quasi
2591 2820 2881 2890 quemdam
2932 2823 2983 2876 in
3026 2837 3123 2878 nos
3154 2822 3379 2878 arietem
3428 2824 3748 2891 temperari,

2142 2929 2248 2983 quo
2270 2913 2721 2968 contradictionis
2761 2915 3039 2970 temeritas
3071 2915 3438 2984 propulsetur.
3470 2916 3748 2983 Sedlltanc

2142 3019 2328 3063 contra
2377 3022 2473 3062 nos
2521 3008 2857 3076 erigentibus
2898 3009 3203 3063 machinam
3249 3009 3396 3063 brevi
3444 3009 3735 3065 admodum

2143 3117 2395 3156 sermone
2420 3100 2753 3171 respondeo.
2781 3102 2897 3157 Non
2919 3112 3101 3173 potest
3122 3102 3242 3172 ejus
3261 3104 3588 3157 auctoritate
3616 3118 3751 3173 prae-

2095 3196 2330 3264 ;scribi,
2395 3194 2518 3265 quia
2577 3204 2669 3248 aut
2711 3212 2853 3250 nunc
2893 3205 3065 3260 errat,
3119 3205 3207 3250 aut
3256 3210 3475 3265 semper
3523 3196 3745 3251 erravit.

2146 3287 2304 3341 Novit
2354 3288 2495 3341 enim
2546 3287 2775 3343 mundus
2818 3303 2938 3359 quae
2982 3289 3034 3341 in
3078 3290 3216 3342 hanc
3246 3288 3485 3343 tenuerit
3507 3299 3751 3355 attatetn,

2143 3398 2244 3451 qua
2275 3381 2579 3435 constantia
2610 3385 2750 3451 apud
2787 3381 3066 3436 Sardicani
3117 3390 3170 3435 et
3203 3382 3254 3435 in
3286 3380 3506 3435 Nicmno
3551 3392 3750 3436 traeia-

2144 3481 2197 3526 tn
2249 3489 2504 3528 assensus
2533 3474 2601 3527 sit
2643 3482 2698 3528 et
2727 3474 3067 3528 damnaverit
3093 3474 3346 3528 Arianos.
3404 3473 3543 3542 Quid
3578 3474 3620 3526 si
3669 3473 3751 3526 di-

2144 3582 2296 3619 versa
2329 3582 2469 3620 nunc
2495 3565 2677 3633 sentit,
2707 3576 2760 3621 et
2786 3582 3138 3636 quacumque
3163 3567 3230 3621 ab
3258 3582 3323 3620 eo
3359 3576 3506 3621 retro
3530 3567 3752 3620 damna-

2148 3666 2196 3710 ta
2247 3657 2479 3722 fuerant,
2536 3658 2901 3711 defenduntur
2946 3677 2959 3711 :
3012 3674 3131 3727 quze
3175 3660 3434 3724 defensa,
3487 3659 3752 3713 damnau-

2143 3753 2267 3805 ιιιτῖ
2314 3750 2547 3805 Rursum
2583 3752 2729 3815 dico,
2777 3766 2884 3805 nun
2916 3753 3044 3805 mihi
3087 3752 3204 3819 ejus
3239 3752 3563 3805 ancteritate
3610 3766 3755 3819 piae-

2141 3846 2415 3900 Strribitnr.
2466 3844 2596 3898 Nam
2629 3844 2672 3898 si
2707 3844 3005 3912 nonaginta
3037 3842 3151 3897 fere
3200 3843 3356 3897 annis
3388 3843 3527 3897 male
3566 3842 3750 3897 credi-

2140 3939 2246 4004 dit;
2301 3947 2424 4010 post
2470 3937 2761 4007 nonaginta
2808 3937 2955 3991 illum
3014 3948 3166 3991 reete
3219 3937 3425 3991 sentire
3476 3951 3583 3989 non
3628 3951 3751 3989 cre-

2139 4034 2282 4087 dam.
2327 4033 2433 4087 Aut
2474 4032 2519 4086 si
2566 4046 2706 4086 nunc
2756 4040 2927 4097 recte,
2987 4030 3112 4101 quid
3169 4029 3236 4083 de
3283 4030 3368 4083 his
3410 4026 3745 4098 opinandum

2139 4135 2242 4186 est,
2287 4123 2376 4193 qui
2421 4124 2610 4178 eadem
2668 4124 2870 4194 signati
2928 4122 3033 4176 fide
3067 4124 3117 4175 in
3177 4137 3279 4191 qua
3329 4121 3447 4190 ipse
3496 4131 3632 4183 erat,
3681 4120 3749 4175 de

2138 4216 2337 4270 saecqu
2372 4216 2744 4270 transierunt?
2774 4216 2902 4286 qttid
2937 4225 2991 4270 et
3019 4214 3087 4268 de
3118 4216 3236 4284 ipso
3268 4214 3745 4283 pronuntiaretur,

2138 4312 2181 4364 si
2204 4321 2329 4363 ante
2355 4308 2495 4365 hanc
2520 4310 2789 4383 synodum
2821 4308 3183 4365 dortniisset?
3217 4307 3358 4377 Ergo
3384 4318 3440 4360 ut
3469 4321 3631 4375 supra
3661 4306 3745 4359 di-

2136 4401 2336 4468 ximus,
2379 4400 2750 4471 pra-judicata:
2790 4400 3064 4470 Opinionis
3098 4400 3393 4453 auctoritas
3436 4398 3569 4452 nihil
3600 4397 3747 4452 vale-

2138 4495 2235 4559 bit,
2276 4496 2400 4564 quia
2442 4505 2631 4549 contra
2663 4494 3012 4564 semetipsam
3058 4492 3173 4562 ipsa
3227 4491 3497 4546 consistit.
3549 4489 3619 4544 Et
3662 4504 3746 4543 sa-

438 4575 653 4631 Patrem
689 4592 926 4648 passum.
978 4579 1033 4633 Si
1071 4580 1409 4635 admittimus
1454 4597 1737 4638 numerum
1783 4600 1906 4640 cum
1948 4584 2111 4661 di-D
2139 4602 2204 4641 ne
2251 4587 2508 4655 legimus:
2551 4584 2769 4641 Iustitia
2804 4586 2937 4659 juin
2983 4602 3085 4640 non
3113 4585 3331 4639 satvabit
3371 4600 3486 4637 eum
3526 4584 3579 4635 in
3616 4599 3746 4653 qua-

440 4668 666 4735 visione,
707 4671 984 4742 jungimur
1021 4687 1145 4728 cum
1187 4673 1427 4741 Arianis,
1481 4674 1570 4746 qui
1616 4676 1813 4733 factum
1842 4693 1871 4733 a
1911 4678 2020 4734 Deo

2131 4696 2344 4750 cumque
2368 4679 2453 4735 die
2476 4680 2787 4735 exerraverit
2815 4678 3027 4753 (Ezecli.
3064 4693 3256 4743 χχχιιι,
3285 4676 3397 4743 ιε).
3435 4680 3637 4731 Amen.
3705 4717 3708 4720 .
