4194 6192
439 332 500 388 3i
886 350 889 353 -
1326 314 1331 317 ‘
1372 284 1375 285 ί
1477 329 1535 385 s.
1576 326 1934 385 maneant]
1971 326 2043 383 Et

2133 325 2192 384 C.
2237 314 2653 386 AGINNENSIS
3667 330 3738 387 52

1996 594 2110 699 Il

921 815 1189 957 DE
1283 806 1753 956 FIDE
1850 808 2127 958 OB

2894 479 2977 485 ...κη
2994 478 3213 487 ..——.———v—~
3232 478 3259 482 —-
3274 478 3455 487 Hru—u-
3474 482 3533 493 ,Ἀρ
3556 484 3683 495 ,Ἠ,-

2146 811 3167 961 THODOXA
3209 921 3249 983 .,

1656 1034 2028 1097 CONTRA
2072 1034 2517 1113 ARIANOS,

1987 1181 2173 1234 ALIAS

599 1352 757 1434 DE
831 1350 1089 1434 FILII
1165 1348 1850 1434 DIVINITATE
1925 1348 2075 1431 ET
2150 1347 3565 1455 CONSUBSTANTIALITATE,

1742 1552 2424 1627 TRACTATUS.

1924 1758 2268 1772 ῃ

1037 1930 1425 1990 PROLOGUS.

1008 2072 1279 2143 Confessio
1323 2071 1463 2141 ﬁdei.

513 2184 803 2243 Credimus
838 2186 892 2242 in
927 2187 1121 2251 Deum,
1152 2186 1368 2241 Patrem
1413 2187 1872 2257 omnipotentem,
1923 2199 2040 2239 om-

439 2281 589 2337 nium
637 2280 933 2336 visibilium
966 2290 1021 2336 et
1061 2280 1422 2336 invisibilium
1452 2282 1741 2345 factorem,
1772 2289 1826 2334 et
1872 2294 2037 2335 unum

443 2374 735 2430 Dominum
786 2384 1030 2429 nostrum
1078 2372 1267 2429 Jesum
1316 2371 1616 2440 Christum,
1664 2372 1865 2428 Filium
1921 2373 2038 2441 Dei,

439 2476 623 2520 natum
651 2467 719 2521 de
751 2466 913 2521 Patre
958 2466 1202 2530 unicum,
1230 2467 1332 2520 hoc
1364 2473 1467 2530 est,
1510 2463 1580 2519 de
1601 2464 1906 2519 substantia
1939 2464 2039 2519 Pa-

439 2559 537 2615 tris
562 2578 575 2613 :
610 2558 780 2615 Deum
807 2560 876 2615 de
904 2559 1037 2626 Deo,
1066 2559 1249 2614 lumen
1278 2558 1345 2613 de
1378 2558 1604 2622 lumine,
1642 2558 1815 2612 Deum
1848 2573 2037 2613 verum

438 2652 506 2707 de
536 2652 650 2708 Deo
674 2668 839 2720 vero;
871 2663 1081 2718 natum,
1112 2667 1221 2707 non
1255 2651 1458 2707 factum
1486 2669 1498 2704 :
1532 2652 1692 2707 unius
1715 2651 2039 2707 substantize

438 2763 563 2803 cum
591 2747 775 2813 Patre,
806 2747 950 2819 quod
983 2748 1159 2803 Graeci
1190 2747 1374 2801 dicunt
1402 2746 1707 2820 ὁμοούσιονς
1755 2762 1851 2816 per
1873 2761 2036 2817 quem

435 2842 617 2897 utnuia
666 2839 810 2896 facta
859 2850 1009 2906 sunt,
1056 2845 1171 2895 sive
1207 2856 1329 2911 quae
1370 2841 1424 2894 in
1476 2840 1641 2906 coelo,
1676 2839 1789 2893 sive
1829 2854 1951 2909 quae
1984 2840 2037 2893 in

437 2945 602 2991 terra.
636 2933 737 3002 Qui
773 2944 994 3005 propter
1022 2949 1123 2988 nos
1154 2932 1406 2988 homines
1441 2943 1496 2988 et
1531 2943 1755 3003 propter
1785 2943 2052 2987 nostram.

436 3027 668 3083 salutem
692 3026 1000 3091 descendit,
1024 3037 1073 3082 et
1111 3030 1422 3081 incarnatus
1450 3034 1554 3091 est,
1588 3036 1642 3079 et
1672 3026 1838 3079 homo
1858 3024 2037 3080 factus

438 3131 542 3183 est,
592 3133 787 3188 passus
829 3128 933 3182 est,
982 3119 1285 3174 resurrexit
1314 3119 1473 3173 tertia
1518 3117 1629 3183 die,
1692 3117 1942 3173 ascendit
1968 3118 2036 3172 ad

437 3212 631 3273 caelos,
668 3210 793 3266 inde
817 3219 1080 3266 venturus
1103 3221 1186 3265 est
1210 3210 1459 3279 judicare
1495 3210 1650 3264 vivos
1682 3219 1738 3265 et
1765 3220 2034 3264 mortuos.

438 3306 501 3362 Et
525 3305 791 3376 Spiritum
834 3316 1111 3362 sanctum.
1156 3304 1264 3359 Eos
1302 3316 1485 3359 autem
1531 3305 1621 3376 qui
1651 3305 1872 3359 dicunt:
1904 3303 2036 3359 Erat

434 3397 654 3469 quando
703 3413 811 3453 non
861 3407 1002 3465 erat,
1041 3407 1098 3452 et
1140 3399 1456 3470 priusquam
1508 3406 1852 3462 nasceretur,
1921 3412 2031 3452 non

433 3501 578 3557 erat,
627 3499 684 3546 et
726 3492 1042 3547 mutabilem
1094 3492 1180 3548 vel
1220 3491 1631 3547 convertibilem
1676 3506 1800 3547 esse
1830 3491 2032 3546 Filium

439 3581 570 3649 Dei;
605 3585 704 3637 bos
735 3583 1159 3639 anatliematizat
1203 3583 1476 3639 catholica
1508 3594 1563 3640 et
1591 3583 1899 3655 apostolica
1936 3584 2039 3638 lic-

437 3675 628 3743 clesia,
662 3690 845 3731 auten.

1077 3768 1416 3825 Prooemium.

512 3885 719 3939 Amore
762 3884 1048 3940 catholica:
1100 3885 1253 3939 Fidei
1285 3885 1502 3952 ductus,
1526 3884 1637 3955 jam
1692 3883 1900 3954 pridem
1934 3882 2033 3937 ad-

435 3991 629 4031 versus
654 3976 889 4029 Arianos
915 3976 1154 4030 libellum
1185 3976 1491 4039 edideram,
1514 3990 1675 4045 quem
1701 3990 1824 4029 cum
1858 3976 2037 4030 amico

440 4067 732 4137 legendum
760 4065 1062 4132 dedissem,
1084 4066 1209 4135 quia
1236 4066 1458 4133 placuit,
1482 4065 1715 4119 credidit
1747 4066 2034 4120 transscri‘

441 4161 703 4216 bendum.
738 4160 784 4215 Α
813 4176 921 4231 quo
970 4160 1073 4215 hoc
1121 4175 1221 4231 ego
1269 4175 1605 4231 magnopere
1655 4160 1949 4231 postulavi,
1982 4170 2037 4214 ut

438 4253 662 4309 interim
699 4252 1047 4308 dissimulato
1074 4262 1322 4318 auctore,
1354 4251 1530 4307 doctis
1558 4252 1692 4307 viris
1722 4262 1775 4307 et
1798 4251 2040 4323 pruden-

441 4349 587 4403 tibus
616 4348 854 4417 legeret;
888 4358 947 4401 ut
978 4346 1027 4401 si
1078 4362 1236 4417 quem
1270 4346 1540 4411 novisset,
1583 4346 1727 4417 quod
1774 4346 1886 4400 illic
1913 4345 2038 4417 plus

440 4454 535 4497 aut
582 4443 763 4498 minus
811 4443 1047 4513 positum
1097 4441 1393 4508 videretur,
1444 4452 1628 4512 posset
1677 4441 2036 4513 plurimorum

437 4536 671 4591 consilio
701 4534 1002 4591 emendari.
1044 4534 1214 4591 Nemo
1248 4545 1333 4591 est
1379 4537 1525 4591 enim
1553 4535 1646 4607 qui
1673 4536 1773 4592 sibi
1809 4544 1917 4590 tam
1951 4552 2041 4592 ar-

437 4641 692 4701 roganter
730 4645 996 4685 summam
1043 4629 1309 4686 doctrina:
1366 4629 1609 4687 caelestis
1664 4642 1934 4697 assumat,
1982 4640 2038 4684 ut

2066 1937 2113 1996 Α
2142 1932 2421 1989 charitatis
2441 1934 2645 2001 ol'ticio,
2671 1950 2734 1991 ea
2762 1950 2882 2006 qua:
2910 1949 2938 1988 a
2970 1935 3125 1991 nobis
3147 1934 3295 1992 dicta
3330 1946 3480 2003 sunt,
3511 1951 3743 2008 scrupu-

2144 2026 2316 2082 losius
2344 2036 2705 2092 retractaret;
2736 2038 2792 2082 et
2821 2027 3068 2097 qumdam
3102 2027 3194 2083 ille
3216 2026 3301 2083 vel
3332 2028 3628 2099 superﬂua.
3654 2029 3741 2085 vel

2141 2120 2391 2190 ambigua
2441 2120 2676 2185 diceret,
2705 2135 2829 2191 qua:
2871 2120 3031 2175 aliter
3078 2120 3290 2190 possint
3319 2135 3348 2174 a
3386 2122 3737 2192 quibusdam,

2141 2227 2301 2282 quam
2348 2227 2379 2266 a
2428 2228 2515 2267 me
2545 2212 2683 2268 dicta
2720 2221 2865 2277 sunt,
2897 2212 3091 2283 accipi.
3147 2213 3387 2269 Proinde
3436 2230 3627 2270 rursus
3674 2231 3737 2272 ea

2140 2306 2255 2376 ipsa
2289 2306 2520 2375 planiori
2552 2321 2809 2361 sermone
2842 2310 2895 2360 in
2930 2306 3033 2361 hoc
3079 2306 3262 2362 libello
3308 2305 3534 2377 digessi,
3589 2316 3647 2361 ut
3677 2316 3732 2362 et

2142 2398 2554 2466 simplicitatem
2584 2414 2783 2455 sensus
2804 2401 2910 2456 mei
2937 2399 3308 2468 ostenderem,
3340 2410 3393 2455 et
3416 2402 3738 2472 scrupulum

2140 2490 2442 2561 legentibus
2469 2500 2844 2562 amputarem.

2211 2583 2343 2638 Nam
2374 2585 2476 2639 hoc
2502 2595 2586 2640 est
2612 2586 2756 2656 quod
2797 2586 2953 2641 aiunt
2992 2600 3153 2655 posse
3184 2586 3539 2655 reprehendi,
3585 2589 3733 2659 quod

2141 2675 2231 2730 ubi
2282 2676 2515 2731 Verbum
2565 2677 2660 2732 Dei
2705 2694 2774 2733 ex
2826 2693 3058 2747 persona
3108 2678 3232 2733 Filii
3267 2681 3577 2750 posuimus.
3635 2684 3742 2738 Iale

2142 2768 2243 2823 hoc
2275 2768 2508 2824 Verbum
2544 2770 2850 2840 intelligere
2878 2783 3154 2841 putemus,
3188 2772 3346 2840 quale
3389 2774 3732 2843 grammatici

2142 2862 2362 2914 tradunt
2388 2861 2579 2931 spiritu
2611 2864 2722 2917 oris
2759 2879 2941 2918 aerem
2984 2863 3279 2930 offensum,
3333 2865 3735 2937 intelligibilem

2139 2954 2347 3008 auditu.
2373 2955 2479 3010 Sed
2513 2970 2611 3010 nos
2661 2957 2984 3025 sapientiam
3036 2972 3143 3012 non
3176 2957 3337 3028 hujus
3368 2960 3556 3015 mundi
3612 2976 3735 3031 qua:

2140 3047 2460 3114 destruitur,
2511 3049 2607 3104 sed
2659 3050 2806 3104 illam
2860 3066 2981 3120 quae
3028 3067 3097 3106 ex
3143 3051 3255 3107 Deo
3302 3062 3413 3119 est,
3463 3054 3734 3118 novimus,

2139 3156 2261 3212 quae
2310 3140 2545 3197 Verbum
2598 3142 2692 3197 Dei
2739 3142 2908 3197 Deum
2960 3144 3224 3208 insinuat,
3272 3159 3396 3199 cum
3444 3145 3628 3201 dicit:
3671 3145 3739 3200 In

2141 3235 2400 3304 principio
2430 3245 2540 3289 erat
2581 3233 2825 3301 Verbum,
2882 3246 2930 3289 et
2982 3235 3206 3289 Verbum
3233 3246 3343 3291 erat
3373 3237 3514 3309 apud
3543 3235 3734 3306 Deum,

2065 3340 2111 3401 Β
2138 3336 2184 3381 et
2214 3324 2352 3381 Dem
2377 3336 2485 3380 erat
2528 3324 2765 3380 Verbum.
2802 3325 2991 3380 Omnia
3021 3343 3113 3394 per
3140 3328 3310 3399 ipsum
3340 3330 3488 3400 facta
3512 3337 3653 3392 sunt,
3684 3339 3731 3383 et

2137 3420 2248 3473 sine
2272 3421 2385 3489 ipso
2411 3419 2606 3488 factum
2632 3429 2709 3474 est
2738 3420 2869 3474 nihil
2891 3417 3084 3492 (Joan.
3112 3435 3153 3486 t,
3179 3419 3331 3493 1-5).
3368 3420 3523 3477 Unde
3548 3422 3732 3477 mirari

2138 3528 2225 3568 me
2254 3512 2425 3568 fateor
2461 3513 2562 3567 hoc
2594 3514 2667 3567 ita
2707 3513 2898 3569 sentiri
2941 3496 3204 3584 potuisse,
3235 3515 3388 3584 quasi
3416 3530 3515 3570 nos
3543 3529 3725 3585 perso-

2138 3622 2264 3661 nam
2315 3605 2586 3676 propriam
2633 3603 2823 3674 Verbi,
2857 3606 2999 3677 quod
3033 3616 3116 3661 est
3162 3606 3355 3673 Filius,
3389 3622 3734 3677 negaremus.

2136 3699 2309 3755 Nemo
2334 3700 2503 3754 verbo
2532 3709 2689 3754 tenus
2718 3700 2983 3764 nominat,
3008 3714 3167 3767 quem
3200 3713 3333 3753 vere
3368 3712 3493 3752 esse
3523 3696 3575 3750 in
3610 3712 3735 3767 per-

2138 3808 2273 3846 sona
2298 3806 2394 3845 sua
2418 3792 2616 3860 saapius
2640 3791 2928 3859 proﬁtetur
2948 3806 2963 3843 :
2986 3805 3110 3843 nam
3132 3789 3409 3857 quomodo
3431 3800 3523 3843 aut
3547 3805 3734 3844 verum

2139 3882 2353 3947 Filium,
2409 3891 2500 3936 aut
2530 3897 2718 3936 verum
2771 3881 2989 3935 Patrem
3020 3880 3261 3937 confessi
3305 3897 3519 3948 sumus,
3551 3882 3596 3937 si
3629 3899 3735 3939 non

2138 3991 2266 4031 vere
2290 3977 2673 4045 proprietatem
2700 3989 3058 4045 personarum
3088 3985 3194 4030 tam
3217 3976 3395 4032 Patris
3424 3992 3584 4048 quam
3616 3977 3735 4034 Filii

2137 4068 2515 4125 serVavimus?

2211 4161 2318 4219 Sed
2350 4163 2473 4231 quia
2509 4162 2666 4217 unius
2701 4162 2794 4216 Dei
2828 4162 3154 4217 vocabulum
3182 4162 3446 4230 diximus,
3478 4179 3737 4235 personas

2141 4270 2369 4326 negasse
2399 4264 2671 4325 putamur.
2703 4255 2767 4309 Et
2796 4254 2923 4310 hinc
2948 4255 3244 4313 verisimile
3266 4257 3444 4313 visum
3474 4268 3563 4315 est
3585 4261 3731 4330 quod

2140 4349 2438 4419 posuimus.
2468 4346 2579 4402 Nos
2611 4346 2827 4402 Patrem
2862 4357 2918 4402 et
2945 4346 3141 4402 Filium
3176 4351 3247 4403 ita
3276 4350 3643 4416 nominamus,
3676 4362 3737 4407 ut

2141 4456 2306 4495 unum
2357 4440 2523 4495 Deum
2560 4440 2614 4495 in
2645 4442 2728 4493 his
2778 4442 3031 4511 personis
3062 4452 3119 4498 et
3149 4443 3463 4499 nominibus
3492 4445 3734 4515 assigne-

2142 4548 2281 4588 ntus.
2315 4533 2485 4588 Porro
2518 4534 2715 4590 iterum
2741 4533 2904 4589 Pater
2927 4543 2983 4589 et
3014 4535 3205 4601 Filius,
3244 4537 3349 4591 etsi
3378 4538 3485 4592 duo
3518 4538 3732 4592 nomina

2141 4626 2509 4695 appellantur;
2535 4626 2744 4681 ratione
2773 4635 2952 4681 tamen
2978 4636 3034 4682 et
3053 4627 3357 4683 substantia
3382 4644 3550 4683 unum
3576 4638 3732 4685 sunt:

443 4734 598 4796 putet
628 4738 688 4779 se
714 4724 895 4778 omnia
929 4724 1184 4795 mysteria
1228 4723 1433 4793 liquido
1474 4724 1877 4794 comprehensa
1901 4726 2033 4779 reti-
2065 4729 2110 4792 ρ
2140 4727 2194 4774 et
2238 4734 2360 4773 cum
2408 4718 2622 4774 Patrem
2663 4732 2715 4775 et
2767 4719 2967 4775 Filium
3037 4730 3238 4787 statuo,
3304 4723 3569 4777 unitatem
3642 4738 3728 4777 as-

446 4833 595 4874 nere.
630 4833 756 4873 cum
784 4817 987 4872 Paulus
1010 4816 1292 4885 apostolus
1317 4816 1494 4871 dicat:
1523 4817 1627 4884 Qui
1650 4834 1770 4889 ergo
1798 4829 1949 4889 putat
1981 4835 2035 4872 re

442 4911 643 4979 aliquid
687 4910 840 4975 scire,
892 4926 981 4963 nec
1023 4908 1151 4964 dum
1180 4910 1275 4963 scit
1316 4910 1749 4981 quemadmodum
1799 4920 2036 4982 oporteat

440 5002 573 5057 scire
595 5001 637 5073 (Ι
665 5000 785 5056 Cor.
817 5017 932 5062 vnt.
954 5002 1047 5072 2);
1075 5016 1124 5057 et
1152 5020 1165 5057 :
1190 5001 1352 5056 Modo
1379 5018 1471 5072 per
1501 5004 1769 5071 sperulttm
1795 5004 1846 5056 in
1876 5004 2035 5074 wnig-

442 5104 579 5150 ntate
605 5094 869 5161 uidemus;
899 5104 1022 5150 tunc
1053 5098 1187 5168 [acie
1210 5097 1281 5151 ad
1312 5098 1496 5167 faciem
1520 5097 1539 5163 (
1560 5096 1575 5151 1
1602 5096 1722 5151 Cor.
1751 5112 1869 5164 xm,
1906 5096 2028 5169 12).

441 5190 537 5245 Sin
566 5205 695 5244 vero
722 5190 937 5245 cunctis
957 5192 1139 5245 omnia
1168 5208 1288 5261 qua!
1310 5191 1422 5246 illic
1452 5194 1655 5262 scripta
1682 5203 1857 5255 erant,
1878 5192 2034 5262 juxta

440 5283 603 5340 ﬁdem
634 5298 817 5339 veram
837 5295 1092 5341 constare
1118 5286 1454 5347 viderentur,
1489 5296 1599 5341 tum
1622 5296 1678 5349 et
1701 5287 1814 5358 ipse
1834 5296 2051 5355 paena
2074 5318 2119 5336 .-

440 5378 587 5434 tibus
619 5393 724 5433 non
749 5378 1170 5450 negaret.Qu0d
1201 5394 1323 5434 eum
1350 5382 1421 5432 ita
1455 5374 2052 5439 fecissemauiiestum;

439 5482 545 5528 est.
590 5472 654 5528 Et
697 5472 821 5541 quia
869 5486 959 5527 res
992 5471 1153 5543 digna
1205 5482 1311 5525 tam
1343 5470 1630 5527 catholica:
1674 5468 2032 5537 confessioni,

438 5581 601 5639 quam
660 5564 931 5622 heretica:
977 5566 1340 5635 reaponsioni,
1388 5563 1775 5633 universorum

436 5661 702 5743 gstimata
729 5670 837 5728 est,
883 5659 1037 5716 multi
1077 5673 1201 5715 eum
1232 5658 1318 5715 vel
1363 5646 1547 5743 legere
1567 5656 1667 5739 ire}
1693 5646 2129 5735 “deseram-reﬂ.

2110 5752 2304 5809 .modo
2333 5767 2491 5831 unam
2518 5767 2807 5822 personam
2836 5751 3051 5806 duobus
3074 5750 3397 5809 nominibus
3419 5752 3724 5823 appellare;

438 5738 758 5821 valuerunt.
908 5814 911 5817 η
1153 5796 1157 5807 ,
1294 5804 1297 5809 ,
2019 5798 2022 5819 ξ

506 5845 614 5903 Sed
656 5862 767 5904 non
794 5846 965 5904 defuit
994 5846 1085 5919 qui
1131 5836 1227 5917 pro
1259 5843 1440 5903 studio
1472 5832 1761 5913 doctrinm,
1816 5843 1899 5902 vel
1930 5824 2028 5914 pro

2140 4810 2296 4881 signo
2323 4811 2560 4880 generis.

2216 4903 2338 4959 Haec
2383 4905 2563 4959 omnia
2595 4905 2823 4977 intelligi
2856 4921 3015 4976 posse
3062 4906 3333 4963 mstimata
3376 4918 3525 4974 sunt,
3571 4913 3729 4981 quasi

2140 4996 2239 5051 ista
2272 4996 2530 5052 vocabula
2558 4998 2700 5054 inter
2729 4999 2944 5054 Patrem
2974 5010 3030 5054 et
3056 5000 3255 5055 Filium
3291 5003 3362 5056 ita
3395 5003 3572 5073 posita
3593 5007 3725 5068 sint,

2140 5097 2200 5145 ut
2238 5100 2322 5145 est
2353 5106 2549 5145 nomen
2574 5103 2626 5146 et
2658 5107 2981 5162 cognomen,
3016 5095 3176 5148 unius
3217 5104 3396 5151 tamen
3443 5112 3727 5167 personae;

2138 5197 2260 5238 cum
2289 5198 2355 5237 ex
2388 5185 2761 5254 superioribus
2784 5194 2875 5239 aut
2904 5185 3255 5242 inferioribus
3287 5188 3446 5244 dictis
3488 5190 3729 5260 potuerit

2140 5284 2514 5363 haecbsuspicip
2545 5301 2657 5347 non
2686 5286 2922 5363 admitti.
2970 5286 3069 5353 Qui
3103 5288 3248 5342 enim
3282 5287 3448 5341 ﬁlium
3497 5287 3592 5341 Dei
3622 5303 3730 5342 non

2108 5378 2586 5459 adunco-natam
2627 5378 2893 5445 dixeram.
2948 5394 3109 5449 quam
3169 5380 3387 5449 proprie
3417 5379 3485 5433 de
3546 5378 3728 5447 Patre,

2139 5481 2311 5527 totum
2335 5473 2404 5527 de
2426 5482 2564 5535 t0to,
2617 5474 2888 5545 integrum
2933 5474 3001 5530 de
3047 5476 3276 5545 integro,
3322 5474 3618 5544 perfectum
3667 5475 3735 5529 de

2110 5563 2405 5646 fperfecte,
2428 5570 2966 5646 (Oll‘Su'nlniéWbl’IQtle
2984 5568 3235 5620 virtutem
3257 5582 3271 5631 ;
3291 5565 3562 5637 quomodo
3586 5562 3734 5637 potui

2140 5654 2315 5731 ipsn'rh
2362 5644 2617 5737 Paitie’tn,
2649 5646 2980 5729 ipsutn’sibi
3033 5657 3230 5713 Filium
3263 5673 3490 5728 ponere,
3547 5667 3603 5714 et
3632 5661 3734 5713 hoc

2137 5849 2335 5918 quippe
2364 5856 2485 5901 cum
2513 5852 2569 5901 et
2613 5846 2753 5900 hanc
2782 5853 3008 5913 sectam,
3036 5840 3088 5900 id
3121 5852 3224 5911 est,
3260 5842 3623 5901 Sabellianam
3667 5844 3721 5899 in
