4194 6192
370 288 442 343 55
648 216 652 220 i
916 278 1005 336 os
1042 274 1204 335 1?th
1244 270 1643 332 DIVINITATF.
1684 267 1774 326 ET
1812 252 2646 324 consuasranmmue
2686 253 3124 317 TRACTATUS.
3602 255 3669 315 at

370 408 562 465 eodem
584 404 772 460 libello
792 400 1189 465 damnaverim,
1208 405 1265 454 et
1284 408 1639 469 personarum
1662 388 1971 446 distinetio-
2002 388 2049 446 Α

373 518 501 558 nem
574 497 881 554 secundum
928 492 1254 549 vocabulum
1322 487 1678 558 scripserim?
1730 484 1866 539 Nam
1920 490 1975 535 ct

378 611 545 653 nemo
571 609 665 665 pro
691 608 796 647 una
821 604 1055 661 persona
1082 596 1282 658 potest,
1302 600 1464 639 unum
1490 592 1630 649 sunt,
1657 580 1861 646 dicere,
1887 577 1976 634 vel

382 691 645 747 unitatem
676 684 916 756 generis,
948 682 1053 737 nisi
1079 678 1331 750 personis
1361 676 1661 747 assignare.

458 781 591 852 Quis
638 792 819 833 autem
876 775 1272 831 catholicorum
1328 771 1538 841 ignorat
1589 768 1803 822 Patrem
1849 780 1977 822 vere

384 893 507 935 esse
536 876 775 937 Patrem,
808 869 1005 926 Filium
1036 882 1163 922 vere
1194 865 1415 927 Filium,
1447 874 1503 919 et.
1546 861 1807 931 Spiritum
1852 874 1977 913 san-

386 982 532 1029 ctum
563 983 695 1025 vere
722 981 841 1023 esso
866 964 1126 1034 Spiritum
1155 958 1439 1015 sanctum?
1477 957 1619 1011 sicut
1647 958 1762 1024 ipse
1789 952 1975 1007 Domi-

388 1080 491 1119 nus
520 1061 590 1118 ad
620 1060 905 1131 apostolos
932 1072 1061 1110 suos
1090 1053 1256 1108 dicit:
1284 1050 1483 1105 Euntes
1514 1047 1769 1121 boptizate
1805 1059 1980 1098 omnes

386 1166 561 1227 gentes
599 1153 655 1207 in
704 1150 912 1204 nomine
957 1146 1152 1211 Patris,
1178 1152 1228 1198 et
1272 1141 1425 1207 Filii,
1471 1151 1517 1195 et
1547 1140 1779 1209 Spiritus
1813 1136 1981 1191 sancti

388 1244 619 1318 (Matth.
652 1257 846 1302 xxvtn.
880 1239 1011 1306 i9).
1052 1238 1178 1293 limo
1220 1245 1305 1292 est
1354 1233 1595 1306 perfecta
1631 1231 1873 1287 Trinitas
1926 1229 1979 1283 in

390 1338 596 1394 unitate
624 1335 956 1398 consistens,
1002 1346 1163 1401 quam
1201 1328 1411 1383 scilicet
1444 1326 1606 1380 unius
1652 1321 1979 1379 substantias

389 1432 726 1505 profitemur.
754 1427 873 1483 Non
902 1426 1047 1482 enim
1082 1438 1181 1477 nos
1209 1420 1507 1477 secundum
1536 1431 1826 1489 corporum
1848 1430 1981 1471 eon-

391 1524 651 1580 ditionem
676 1521 1004 1577 divisionem
1037 1518 1090 1571 in
1124 1517 1237 1571 Deo
1260 1514 1493 1570 facimus
1514 1530 1528 1565 :
1550 1511 1644 1566 Sed
1674 1508 1979 1565 secundum

394 1617 587 1673 divina:
617 1624 825 1669 natura:
854 1608 1180 1683 potentiam,
1211 1622 1331 1677 qua:
1364 1607 1417 1661 in
1450 1604 1678 1660 materia
1711 1617 1819 1656 non
1868 1609 1979 1665 est,

391 1720 445 1767 et
487 1709 765 1766 nominum
800 1719 1065 1776 personas
1092 1717 1223 1757 vere
1272 1707 1527 1754 constare
1579 1694 1875 1759 credimus,
1926 1701 1982 1747 et

394 1807 657 1861 unitatem
689 1799 992 1857 divinitatis
1018 1812 1141 1853 esse
1173 1802 1459 1852 testamur.

465 1900 577 1955 Nec
604 1897 980 1954 extensionem
1008 1893 1177 1964 partis
1206 1890 1436 1961 alicujus
1462 1904 1527 1943 ex
1556 1887 1717 1942 Patre
1742 1884 1834 1957 (ut
1862 1881 1983 1952 qui—

395 1996 516 2051 dem
558 1990 923 2063 putaverunt)
970 1989 1063 2043 Dei
1096 1985 1292 2041 Filium
1339 1984 1593 2047 dicimus,
1628 1995 1727 2035 nec
1756 1977 1981 2033 verbum

394 2090 624 2154 sinere,
659 2097 717 2141 ut
759 2085 909 2141 velut
937 2098 1133 2137 sonum
1180 2080 1332 2135 vocis
1377 2074 1706 2147 accipimus:
1735 2071 1829 2127 sed
1880 2069 1984 2124 tria

397 2185 640 2247 nomina,
673 2191 728 2237 et
755 2190 866 2236 tres
894 2193 1156 2251 personas
1183 2175 1343 2232 unius
1372 2188 1493 2229 esse
1520 2170 1797 2236 essentiae,
1826 2167 1985 2221 unius

397 2274 707 2346 majestatis
733 2285 893 2344 atque
926 2272 1181 2342 potentiae
1228 2268 1526 2325 credimus.
1565 2264 1627 2319 Et
1668 2263 1789 2318 ideo
1820 2275 1985 2316 unum

397 2369 569 2425 Deum
623 2366 972 2433 conﬁtemur,
1026 2366 1150 2435 quia
1184 2366 1365 2418 unitas
1411 2358 1709 2431 maiestatis
1750 2356 1985 2427 plurium

395 2461 664 2519 vocabulo
693 2461 825 2514 deos
848 2458 1109 2531 prohibet
1138 2455 1418 2527 appellari.

468 2554 711 2624 Denique
742 2552 960 2608 Patrem
991 2561 1043 2605 et
1070 2551 1267 2605 Filium
1299 2546 1568 2603 catholice
1607 2544 1986 2607 nominamus;

394 2648 531 2705 duos
569 2658 751 2703 autem
800 2646 937 2702 deos
982 2645 1167 2700 dicere
1186 2649 1299 2699 'nec
1328 2657 1643 2715 possumus,
1680 2654 1785 2695 nec
1822 2638 1990 2693 debe-

400 2758 523 2797 mus
546 2760 561 2809 ;
584 2756 691 2796 non
720 2739 865 2810 quod
896 2739 1067 2794 Filius
1098 2738 1191 2793 Dei
1220 2738 1359 2792 Dens
1383 2753 1487 2791 tton
1519 2735 1609 2802 sit,
1639 2735 1806 2788 immo
1829 2746 1991 2787 verus

403 2834 547 2890 Deus
579 2834 646 2888 de
678 2833 791 2889 Deo
822 2848 991 2888 vero:
1022 2830 1119 2886 sed
1146 2830 1270 2901 quia
1308 2846 1412 2884 non
1446 2825 1689 2891 aliunde,
1733 2840 1893 2896 quam
1924 2824 1993 2878 de

402 2926 522 2996 ipso
554 2940 665 2981 uno
706 2926 868 2980 Patre
896 2924 993 2979 Dei
1023 2923 1218 2979 Filium
1268 2922 1538 2987 novimus,
1574 2919 1801 2990 perinde
1830 2933 1992 2971 unum

404 3020 571 3077 Deum
626 3020 880 3075 dicimus.
914 3018 1030 3074 Hoc
1076 3019 1221 3073 enim
1278 3014 1582 3086 propheta),
1614 3014 1718 3067 hoc
1763 3010 1994 3081 apostoli

403 3114 766 3179 tradiderunt,
810 3114 913 3167 hoc
967 3112 1084 3180 ipse
1118 3110 1382 3165 Dominus
1409 3108 1615 3173 docuit,
1667 3122 1790 3161 cum
1822 3104 1988 3158 dicit:

404 3207 521 3280 Ego
548 3218 593 3263 et
626 3206 787 3262 Pater
838 3221 1001 3259 unum
1034 3221 1212 3259 sumus
1242 3202 1437 3276 (Joan.
1474 3218 1528 3267 Χ,
1560 3202 1687 3272 50).
1726 3198 1897 3255 Unum
1929 3196 1996 3251 ad

404 3301 673 3356 unitatem
724 3297 1049 3362 divinitatis,
1084 3306 1143 3350 nt
1186 3295 1321 3362 dixi,
1370 3295 1535 3351 refert
1563 3309 1775 3349 :sumus
1820 3300 2000 3345 autem

408 3393 663 3465 personis
708 3392 971 3462 assignat.
1024 3389 1132 3447 Sed
1163 3400 1221 3444 et
1250 3388 1532 3459 apostolus
1574 3387 1683 3441 ait:
1712 3385 1859 3440 Unus
1904 3394 1998 3451 est,

410 3492 611 3564 inquit,
645 3488 786 3544 Deus
816 3488 1000 3555 Pater,
1059 3503 1124 3543 ex
1153 3503 1256 3557 quo
1288 3487 1498 3551 omnia;
1550 3494 1599 3539 et
1630 3500 1725 3538 nos
1754 3484 1808 3537 in
1852 3485 2005 3555 ipso:

413 3600 462 3644 et
487 3606 621 3644 unus
651 3586 908 3643 Dominus
936 3585 1092 3641 Jesus
1123 3584 1380 3652 Christus,
1412 3601 1502 3655 per
1530 3601 1678 3652 quem
1707 3585 1913 3649 omnia;
1957 3592 2005 3637 et

412 3698 509 3736 nos
554 3699 645 3754 per
703 3682 901 3752 ipsum.
954 3679 1061 3735 Sed
1110 3696 1211 3733 non
1260 3679 1312 3732 in
1375 3678 1609 3732 omnibus
1676 3686 1749 3731 est
1793 3675 2010 3731 scientia

409 3776 467 3848 (Ι
492 3775 614 3834 Cor.
642 3792 755 3841 vnn,
788 3776 877 3847 6).

483 3870 599 3937 Qua
628 3868 697 3925 de
728 3883 787 3925 re
816 3867 1121 3938 explanatis
1152 3868 1234 3921 his
1282 3864 1466 3922 verbis
1508 3880 1630 3935 qua:
1662 3863 2003 3933 scrupulum,

409 3978 523 4021 non
548 3961 682 4017 mihi
708 3961 799 4031 qui
826 3962 938 4017 scio
958 3960 1100 4031 quod
1124 3960 1382 4024 dixerim,
1407 3958 1502 4013 sed
1521 3957 1646 4011 aliis
1674 3954 2008 4022 inferebant,

408 4067 552 4129 puto
578 4054 916 4110 occasionem
949 4053 1107 4107 mala:
1145 4049 1620 4121 interpretationis
1672 4048 1842 4104 fuisse
1874 4048 2007 4103 sub-

410 4148 604 4203 latam.
636 4144 769 4202 Nam
796 4155 851 4201 et
878 4145 1147 4213 professio
1178 4144 1309 4200 ﬁdei
1342 4144 1625 4198 manifesta
1658 4152 1768 4208 est,
1800 4152 1848 4197 et
1882 4158 2007 4212 per-

412 4257 547 4297 sona
580 4255 703 4294 cum
732 4237 1017 4295 vocabulis
1045 4245 1285 4305 constat,
1329 4246 1383 4293 et
1413 4252 1519 4292 una
1551 4235 1810 4291 divinitas
1837 4240 2013 4307 assig-

416 4342 542 4389 nata
572 4343 675 4390 est.

489 4426 588 4482 Vel
616 4427 664 4482 si
694 4427 873 4482 adhuc
925 4426 1128 4498 aliquid
1159 4424 1303 4497 quod
1346 4424 1653 4497 legentibus
1700 4424 2010 4495 ambiguum

2011 1775 2059 1835 B

2153 378 2447 448 evangelica
2482 384 2528 430 et
2567 376 2851 449 apostolica
2889 376 2991 445 [ide
3039 383 3346 447 patrumque
3390 374 3671 428 traditione

2153 474 2362 541 auferre
2388 471 2587 533 uolunt,
2614 467 2864 522 subtiliter
2891 468 3085 521 Ariana
3116 466 3324 522 Itwresis
3355 467 3660 521 intromitti-

2154 576 2256 619 tur.
2289 564 2405 629 Qua
2426 562 2779 617 rationeistud
2811 577 2995 616 nomen
3017 562 3195 617 tollere
3224 560 3527 616 laborarint.

2155 699 2352 755 Multas
2381 697 2601 769 quidem
2631 704 2685 752 et
2713 711 2905 767 graves
2935 696 3171 753 haereses
3216 696 3468 752 novimus
3498 711 3525 750 a
3554 696 3678 767 plu-

2080 792 2234 849 rimis
2268 790 2522 855 ehullire,
2550 798 2607 845 et
2652 792 2845 845 veneni
2879 790 3017 856 vice,
3071 790 3138 845 ad
3192 790 3443 845 intimum
3491 797 3684 859 pectus

2081 884 2329 941 canceris
2359 883 2443 937 sui
2477 883 2634 937 virus
2659 881 2943 937 infundere
2973 882 3101 937 :scd
3131 883 3271 939 vinci
3301 882 3378 938 illi
3406 883 3493 939 vel
3521 882 3681 938 facile

2083 990 2328 1051 possunt,
2380 977 2466 1033 vel
2506 976 2667 1033 facile
2719 976 2903 1043 vitari,
2954 991 3183 1046 quorum
3217 977 3392 1047 prima
3436 976 3686 1047 proposi-

2083 1073 2232 1128 tione
2262 1086 2427 1126 omne
2456 1069 2749 1124 consilium
2779 1069 3017 1141 pectoris
3046 1068 3316 1139 proditur.
3351 1074 3419 1123 At
3449 1083 3582 1124 vero
3613 1068 3681 1122 iis

2082 1164 2286 1235 quibus
2321 1164 2489 1218 multa
2524 1162 2805 1217 nobiscum
2850 1161 2995 1231 paria
3038 1169 3189 1225 sunt,
3235 1160 3397 1216 facile
3449 1169 3684 1231 possunt

2083 1257 2335 1313 innoxias
2381 1265 2593 1310 mentes
2641 1264 2697 1310 et
2742 1255 2844 1311 soli
2901 1254 3016 1309 Deo
3071 1253 3282 1309 deditas
3333 1253 3679 1310 fraudulenta

2082 1350 2341 1407 societate
2400 1358 2711 1419 percutere,
2761 1348 2889 1403 dum
2941 1348 3209 1403 malorum
3258 1363 3481 1404 suorum
3522 1348 3676 1404 virus

2084 1460 2177 1513 per
2202 1444 2341 1498 bona
2375 1454 2563 1499 nostra
2595 1441 2916 1497 defendunt.
2949 1441 3096 1497 Nihil
3130 1443 3273 1497 enim
3307 1442 3680 1513 periculosius

2084 1545 2167 1599 his
2196 1544 2470 1600 haereticis
2504 1558 2629 1598 esse
2660 1550 2863 1612 potest,
2904 1540 3144 1611 quicum
3184 1540 3395 1609 integre
3437 1553 3533 1607 per
3559 1552 3683 1593 om-

2085 1638 2171 1691 nia
2200 1638 2520 1701 decurrant;
2556 1650 2666 1689 uno
2697 1644 2877 1690 tamen
2904 1633 3094 1698 verbo,
3126 1647 3190 1688 ac
3211 1632 3259 1687 si
3282 1631 3477 1687 veneni
3504 1640 3681 1703 gutta,

2086 1747 2289 1786 meram
2329 1731 2477 1784 illam
2506 1745 2570 1785 ac
2599 1729 2907 1793 simplicem
2946 1728 3106 1782 ﬁdem
3151 1727 3478 1796 Dominicte,
3516 1736 3689 1783 etes-

2088 1823 2216 1879 inde
2242 1822 2561 1893 apostolica:
2603 1820 2915 1876 traditionis
2949 1820 3220 1875 inﬁciunt.

2159 1915 2313 1972 Unde
2349 1916 2709 1970 vehementer
2749 1913 2907 1968 nobis
2938 1912 3239 1968 cavendum
3269 1922 3375 1978 est,
3417 1928 3484 1969 ne
3521 1928 3580 1969 se
3602 1912 3694 1969 vel

2088 2009 2341 2065 sensibus
2364 2008 2449 2063 vel
2483 2008 2706 2062 auribus
2731 2008 2935 2062 nostris
2957 2006 3269 2078 hujusmodi
3289 2007 3494 2077 aliquid
3518 2007 3691 2062 laten-

2091 2111 2174 2156 ter
2196 2099 2469 2165 insinuet;
2516 2100 2640 2169 quia
2676 2099 2807 2154 nihil
2841 2107 2948 2153 tam
2977 2100 3121 2169 cogit
3160 2100 3213 2153 in
3244 2108 3498 2164 mortem,
3528 2114 3691 2170 quam

2089 2194 2189 2249 sub
2233 2194 2459 2248 obtentu
2502 2193 2625 2248 ﬁdei
2678 2192 2838 2247 ﬁdem
2894 2193 3123 2248 violare.
3167 2192 3237 2248 Ut
3268 2194 3413 2247 enim
3456 2208 3692 2265 gypsum

2089 2302 2229 2358 aqua
2275 2286 2608 2356 permixtum
2655 2285 2739 2341 lac
2784 2286 2970 2341 colore
3018 2286 3315 2354 mentitur,
3354 2288 3425 2341 ita
3467 2286 3556 2342 hic
3598 2301 3696 2355 per

2094 2380 2450 2435 verisimilem
2488 2378 2893 2434 confessionem
2942 2377 3164 2435 traditio
3202 2378 3427 2434 inimica
3454 2378 3699 2449 suggeri-

2093 2481 2199 2527 tur.
2228 2471 2341 2540 Qna
2372 2471 2440 2526 de
2467 2486 2526 2526 re
2560 2486 2666 2526 non
2696 2470 3002 2526 similitudo
3035 2470 3425 2539 confessionis,
3455 2470 3552 2526 sed
3576 2485 3703 2527 scn-

2093 2577 2189 2619 sus
2239 2564 2441 2618 mentis
2484 2570 2571 2618 est
2627 2561 3035 2631 ponderandus,
3096 2578 3206 2634 quo
3258 2562 3534 2619 confessio
3579 2564 3695 2635 ipsa

2094 2655 2361 2711 ﬁrmatur.

2169 2749 2415 2819 Denique
2466 2750 2512 2805 si
2559 2749 2874 2821 diligentius
2921 2760 2975 2807 et
3018 2754 3327 2808 accuratius
3371 2752 3697 2819 attendatis;

2098 2860 2195 2899 cur
2239 2844 2513 2899 voluerint
2541 2844 2609 2899 de
2636 2845 2958 2916 evangeliea
3004 2855 3059 2901 et
3081 2846 3382 2915 apostolica
3413 2845 3519 2901 ﬁde
3545 2856 3599 2902 et
3630 2845 3701 2901 de

2100 2946 2313 3007 patrum
2351 2936 2643 2993 traditione
2679 2938 2985 2992 substantia:
3013 2952 3211 2992 nomen
3244 2938 3473 3005 auferri,
3506 2936 3701 3007 procul

2099 3028 2264 3084 dtthio
2298 3028 2543 3100 probatis
2572 3028 2824 3085 bccresim
2854 3030 3112 3084 Arianam
3143 3029 3328 3084 subtili
3372 3027 3704 3099 compendio

2104 3122 2423 3186 hreviatam,
2450 3121 2663 3177 sublato
2686 3122 2788 3177 hoc
2812 3123 3032 3178 nomine
3056 3124 3447 3178 intromissam.
3472 3121 3582 3178 Nec
3600 3121 3705 3179 hoc

2102 3215 2322 3286 quidem
2370 3224 2396 3252 ιι
2447 3229 2548 3285 ego
2596 3216 2908 3285 suspicione
2952 3224 3045 3270 aut
3103 3217 3362 3286 opinione
3409 3216 3703 3272 collectum

2106 3308 2344 3374 afﬁrmo,
2370 3324 2470 3363 nec
2502 3309 2582 3363 uti
2625 3308 2727 3378 ipsi
2758 3317 2971 3379 putant,
3003 3309 3353 3365 academicos
3394 3309 3708 3380 disputator

2104 3399 2325 3465 assiste,
2370 3409 2428 3454 ut
2479 3398 2761 3469 simplices
2824 3414 3017 3455 sensus
3060 3400 3353 3456 verborum
3403 3400 3708 3458 subtilitate

2106 3501 2499 3563 contorqueam
2527 3510 2540 3544 :
2564 3491 2660 3547 sed
2684 3500 2744 3546 ut
2769 3500 3053 3548 contortos
3070 3503 3127 3549 et
3148 3508 3346 3565 pravos
3371 3494 3519 3549 tenui
3547 3509 3710 3563 argu-

2109 3596 2293 3641 mento
2339 3587 2679 3656 compositos
2714 3588 2765 3641 in
2816 3588 2989 3643 lucem
3038 3588 3370 3660 cognitionis
3412 3604 3706 3659 exponam,

2110 3694 2218 3749 quo
2247 3679 2460 3734 facilius
2501 3680 2673 3749 possit
2698 3683 2912 3751 cognita
2938 3691 2994 3737 et
3013 3692 3295 3752 comperta
3332 3682 3591 3753 iniquitas
3639 3680 3710 3737 ab

2111 3774 2427 3829 hominibus
2453 3772 2667 3828 evitari.

2184 3868 2316 3937 Quae
2347 3867 2552 3922 etenim
2584 3880 2753 3921 causa
2774 3864 2802 3904 ι’
2825 3880 3019 3937 qumve
3048 3866 3190 3923 ratio
3220 3866 3452 3933 exstitit,
3481 3876 3539 3923 ut
3564 3866 3708 3938 quod

2113 3962 2441 4027 docendum,
2494 3971 2551 4017 et
2599 3960 2744 4033 quod
2791 3961 3127 4017 credendum
3198 3963 3413 4019 cunctis
3467 3961 3717 4019 ecclesiis

2114 4057 2291 4111 fuerat
2329 4056 2608 4121 traditum,
2657 4055 2909 4126 quodque
2958 4064 3147 4127 patres
3193 4057 3371 4113 nostri
3420 4055 3713 4125 apostolici

2115 4148 2218 4204 viri
2240 4157 2429 4204 contra
2461 4148 2747 4203 universas
2772 4147 3032 4213 haereses,
3065 4158 3120 4204 et
3151 4148 3396 4205 maxime
3426 4149 3714 4217 Arianant,

2114 4239 2268 4311 quasi
2302 4238 2588 4309 quemdam
2621 4238 2838 4294 obicem
2870 4239 3135 4305 veritatis,
3176 4256 3283 4311 quo
3314 4256 3505 4297 omnes
3530 4241 3712 4297 aditus

2117 4330 2396 4403 pestiferze
2458 4331 2721 4386 doctrinae
2787 4330 3159 4399 obStruerent,
3206 4343 3445 4389 csancto
3509 4333 3716 4405 Spiritu

2119 4426 2387 4494 mundati,
2457 4424 2726 4481 catholica
2780 4425 2993 4482 ratione
3061 4437 3384 4497 posuerunt,
3435 4442 3543 4483 non
3599 4430 3721 4485 sine

414 4520 666 4577 videatur
708 4520 761 4575 in
794 4519 1002 4585 verbis,
1036 4518 1103 4573 ad
1126 4533 1322 4574 sensus
1344 4517 1545 4573 debent
1564 4515 1727 4572 verba
1752 4516 2010 4581 conferri;
2039 4556 2093 4617 Β
2121 4536 2317 4591 magno
2356 4519 2477 4574 nisu
2505 4519 2574 4575 ab
2600 4518 2685 4575 his
2710 4518 2802 4590 qui
2823 4518 2849 4554 ά
2876 4519 3056 4590 elogio
3086 4520 3303 4576 Arianae
3345 4520 3482 4576 labis
3509 4520 3713 4576 addicti

419 4616 542 4685 quia
574 4629 682 4670 non
710 4612 1038 4682 simplicitas
1067 4614 1382 4677 verborum,
1411 4611 1510 4667 sed
1544 4610 1672 4665 tnali
1704 4611 2016 4667 intellectus

422 4710 722 4765 obstinatio
754 4709 969 4780 culpam
999 4707 1133 4763 olet.
1191 4707 1262 4763 At
1291 4722 1414 4763 cum
1448 4721 1643 4761 sensus
1676 4713 1864 4761 noster
1892 4722 2015 4761 eum

426 4804 655 4861 veritate
704 4804 1026 4869 concordet,
1077 4812 1133 4857 et
1186 4801 1350 4857 verba
1405 4800 1606 4857 debent
1655 4815 1777 4855 eum
1807 4801 2020 4856 ratione

426 4896 817 4951 sincerissima.
852 4894 1011 4951 Unde
1042 4910 1068 4947 a
1104 4894 1458 4965 simplicitate
1486 4893 1798 4949 Christiana
1825 4893 2019 4951 acade-

424 4988 602 5045 micus
628 4987 935 5060 disputator
964 4987 1240 5045 abscedat.

1065 5120 1290 5178 CAPUT
1328 5121 1369 5176 Ι.

430 5238 586 5294 Nihil
624 5239 961 5309 periculosius
1001 5238 1065 5292 iis
1113 5237 1388 5301 Itwreticis,
1435 5235 1617 5306 quibus
1655 5236 1820 5289 multa
1853 5234 2025 5290 nobis-

505 5348 623 5386 cum
652 5333 801 5404 paria
828 5341 965 5386 sunt.
995 5330 1069 5385 Ili
1093 5347 1210 5385 cum
1234 5331 1430 5401 integre
1447 5346 1536 5399 per
1562 5329 1737 5382 omnia
1758 5330 2028 5383 decurrere

504 5426 798 5491 uideantur,
841 5441 945 5479 uno
981 5435 1178 5479 tantum
1208 5423 1357 5477 verbo
1396 5422 1680 5489 simplicem
1718 5421 1875 5489 [idem
1904 5421 2025 5491 inﬁ-

507 5521 669 5576 ciunt.
736 5519 960 5576 Sublato
1008 5519 1212 5574 nomine
1259 5516 1601 5584 substantiae,
1663 5517 1801 5585 quod
1832 5516 1918 5570 isti
1964 5515 2027 5569 de

514 5685 542 5714 ⁸
580 5683 709 5739 Mss.
734 5684 873 5740 Lmt.
905 5694 962 5741 et
987 5683 1156 5748 Tell.,
1187 5700 1283 5758 ego
1308 5684 1557 5758 suscipio.
1594 5698 1686 5737 nec
1715 5692 1806 5738 aut
1832 5684 2033 5754 Opinio-

438 5773 527 5820 ne.
553 5767 684 5815 etc..
713 5758 907 5811 melius
939 5771 1135 5812 omnes
1165 5754 1299 5811 edit.
1336 5764 1394 5809 nt
1416 5754 1468 5809 in
1496 5763 1665 5808 textu.

509 5827 540 5872 ι’
581 5826 722 5885 Tell.
752 5828 876 5884 cod.
910 5840 965 5884 et
984 5826 1237 5893 Amerb.,
1262 5843 1379 5898 qua:
1406 5840 1527 5883 uera
1550 5827 1684 5883 ratio
1705 5826 1921 5883 exsistit.

2121 4621 2268 4677 sunt,
2318 4612 2597 4667 laboretur
2623 4610 2857 4675 auferri;
2904 4611 3008 4667 nisi
3043 4622 3102 4667 ut
3130 4610 3331 4667 Filium
3360 4613 3461 4668 Dei
3485 4614 3720 4668 mutabi-

2121 4707 2227 4763 lem
2274 4716 2328 4761 et
2367 4705 2784 4761 convertibilem
2830 4713 3019 4776 utpote
3048 4722 3154 4761 non
3189 4706 3257 4763 de
3297 4707 3513 4778 propria
3544 4708 3721 4763 Patris

2125 4800 2431 4855 substantia
2456 4800 2772 4855 constitisse
2811 4799 3160 4870 conﬁngant;
3203 4801 3291 4856 cui
3323 4808 3379 4857 et
3408 4801 3621 4856 initium
3653 4818 3721 4858 cx

2126 4902 2398 4963 tempore,
2448 4901 2503 4948 et
2542 4902 2722 4948 ortum
2771 4907 2839 4948 ex
2869 4892 3067 4958 nihilo,
3098 4907 3296 4949 nomen
3337 4908 3403 4950 ex
3434 4894 3633 4963 altero,
3666 4906 3722 4950 ut

2128 5001 2350 5057 semper
2394 4985 2726 5051 docuerunt,
2776 4996 2997 5055 propter
3026 4985 3172 5057 quod
3219 4994 3274 5041 et
3301 5000 3449 5057 sa'pe
3476 4986 3722 5043 damnati

2132 5090 2282 5147 sunt,
2317 5095 2460 5134 nunc
2497 5079 2609 5151 jam
2656 5078 2826 5135 libere
2868 5088 2924 5134 et
2967 5094 3184 5145 secure,
3242 5080 3729 5154 incunctanterqnc

2134 5172 2384 5229 ecclesiis
2416 5170 2631 5229 tradere
2661 5179 2717 5227 et
2748 5170 3029 5227 insinuare
3054 5172 3298 5243 possint?
3590 5152 3601 5163 ’

2757 5306 2987 5363 CAPUT
3024 5306 3092 5362 ll.

2141 5420 2216 5477 De
2256 5420 2570 5475 Arianorum
2600 5420 2855 5475 horrescas
2884 5421 3238 5493 confutatione
3284 5438 3374 5491 per
3399 5422 3729 5493 firmissimas

2208 5516 2459 5583 rationes,
2502 5524 2550 5570 et
2582 5516 2837 5571 euidentia
2882 5531 3043 5570 sacra:
3075 5514 3367 5587 Scriptum
3412 5517 3732 5573 testimonia.

2219 5694 2239 5757 ς
2281 5681 2550 5757 yigiliana
2582 5682 2744 5757 edit.,
2784 5683 2989 5757 Spiritu
3016 5694 3197 5757 sancto
3220 5684 3493 5757 Ainundati.

2212 5752 2237 5789 ιι
2280 5752 2858 5829 Ειοῃὶιιηιλὲιῑίίιυληάἕξ
2889 5756 3031 5811 idem
3059 5754 3354 5829 signiﬁcat,
3400 5771 3467 5814 ac
3507 5754 3745 5821 formula

2078 5864 2085 5871 .
2141 5827 2390 5898 quaedam
2414 5826 2914 5883 condemnationis.
