4194 6192
403 289 480 357 εει
961 287 1051 346 DE
1090 288 1246 345 FlLll
1291 281 1684 344 DIVINITATE
1726 263 1813 338 Ei
1853 254 2684 338 CONSUDSTANTlALl‘l‘ATE
2726 264 3170 335 'rttACTA'rUs.
3641 223 3712 330 ss

404 405 743 464 versalitatis
771 401 1050 458 conditrix
1091 410 1148 458 et
1177 399 1440 464 eﬂ‘ectrix,
1486 397 1538 453 id
1568 406 1674 463 est,
1707 395 1880 450 Filius
1913 395 2005 449 Dei
2035 400 2086 459 Α
2113 406 2223 446 non
2274 393 2478 458 credis,
2519 401 2574 448 et
2622 394 2820 448 merito
2872 391 3162 447 haereticus
3213 387 3513 446 denotaris.
3568 398 3591 424 α
3652 390 3724 444 Ει

407 515 510 572 per
536 511 694 568 quem
725 496 929 560 omnia,
959 503 1016 549 et
1049 494 1106 548 in
1135 503 1242 562 quo
1280 493 1490 555 omnia;
1524 490 1651 559 quia
1691 497 1746 542 ut
1776 487 2006 557 Aposto-

412 595 501 650 lus
529 593 662 648 dixit
690 609 703 644 :
739 588 804 644 In
844 591 956 661 ipso
985 589 1263 642 constituta
1300 597 1418 640 sunt
1447 584 1686 638 universa
1717 583 1769 635 in
1799 581 1940 635 caelis
1962 590 2008 634 et

403 691 462 744 in
485 699 639 749 terra,
672 683 897 740 visibit‘ia
918 694 964 737 et
987 682 1291 742 invisibilia,
1323 682 1428 733 sive
1448 678 1669 741 Throni,
1697 678 1802 731 sive
1831 673 2008 727 Domi-

410 781 662 844 nationes,
695 778 800 831 sive
833 775 1080 840 Virtutes,
1111 775 1214 828 sive
1248 773 1604 842 Principatus,
1635 771 1738 824 sive
1769 767 2010 822 Potesta-

410 881 487 928 εει
511 890 529 928 :
555 872 731 927 omnia
754 886 844 941 per
871 871 1066 938 ipsum,
1092 877 1139 921 et
1170 869 1226 920 in
1258 866 1371 935 ipso
1395 865 1604 920 condita
1630 873 1748 917 sunt
1784 879 1800 915 :
1830 872 1874 916 et
1897 862 2008 928 ipse

407 975 480 1021 est
504 974 626 1019 ante
668 964 860 1024 omnia,
892 972 940 1016 et
966 963 1140 1015 omnia
1183 961 1236 1013 in
1267 961 1380 1026 ipso
1412 966 1649 1012 constant
1693 955 1915 1026 (Coloss.
1949 970 1963 1008 ι
1992 996 2005 1018 ,

402 1056 521 1127 26).
556 1056 695 1110 Ilinc
721 1064 776 1110 et
818 1053 1077 1110 Salomon
1113 1070 1126 1106 :
1157 1051 1287 1106 Cum
1312 1053 1397 1116 sit,
1435 1051 1630 1120 inquit.
1665 1065 1791 1112 una,
1836 1048 2010 1101 omnia

406 1159 573 1221 potest
598 1165 617 1215 ;
643 1157 692 1202 et
714 1162 1020 1217 permanens
1056 1147 1111 1199 in
1139 1162 1214 1211 se,
1262 1145 1434 1198 omnia
1463 1145 1691 1208 innovat,
1723 1149 1770 1194 et
1803 1153 1891 1210 per
1917 1156 2009 1192 na-

407 1244 572 1295 tiones
597 1240 654 1293 in
686 1239 887 1291 animos
915 1245 1121 1292 sanctas
1151 1251 1205 1290 se
1235 1238 1480 1306 trans-fert
1528 1233 1688 1305 (Sap.
1735 1246 1841 1297 vu,
1888 1230 2007 1300 Ξῖ).

406 1333 562 1403 Quod
612 1334 947 1386 conlirmans
991 1328 1290 1400 Apostolus
1319 1329 1394 1381 ait
1433 1325 1656 1397 (Ephes.
1704 1333 1790 1386 ιιι,
1840 1323 1931 1395 l6)
1957 1325 2009 1378 in

408 1427 675 1481 interiore
720 1423 940 1478 homine
984 1421 1231 1477 habitare
1257 1420 1572 1484 Christum;
1618 1427 1677 1472 ut
1708 1425 1805 1488 per
1848 1431 2009 1488 quem

407 1536 439 1574 a
485 1519 758 1588 principio
790 1518 972 1571 omnia
1023 1517 1160 1571 facta
1203 1521 1347 1578 sunt,
1382 1530 1478 1585 per
1509 1517 1686 1584 ipsum
1739 1517 1793 1568 et
1818 1513 1873 1568 in
1904 1513 2013 1566 line

407 1623 599 1668 cuncta
627 1612 928 1668 salventur.
997 1639 1002 1644 -

1029 1701 1262 1758 CAPUT
1301 1701 1390 1757 Ill.

411 1837 698 1895 Solvuntur
747 1847 1053 1909 argumenta
1108 1836 1289 1905 quibus
1347 1837 1528 1890 Ariani
1583 1837 1818 1891 liceresth
1863 1853 2010 1891 suam

481 1941 742 1998 astruunt,
779 1929 1003 1985 dicentes
1045 1929 1372 2001 potissimum
1422 1939 1695 1999 propterea
1736 1928 2013 2001 ὁμοούσιον

477 2025 683 2079 admitti
730 2042 833 2078 non
891 2033 1148 2094 aportere,
1193 2022 1330 2092 quod
1374 2023 1428 2076 in
1479 2022 1768 2092 Scripturis
1819 2023 2012 2077 divinis

482 2138 587 2175 non
617 2120 962 2174 contineatur.

485 2260 590 2316 Sed
621 2260 758 2315 dicis
789 2259 911 2314 mihi
942 2258 1246 2332 ὁμοούσιον,
1299 2258 1350 2314 id
1405 2269 1511 2324 est,
1548 2259 1723 2313 unius"
1754 2258 2012 2314 substano

412 2353 498 2408 tia:
539 2366 738 2407 nomen
765 2350 835 2406 ob
878 2349 982 2406 hoc
1014 2353 1194 2418 potius
1227 2365 1390 2419 quam
1417 2360 1725 2406 creatorem
1760 2350 2015 2415 adorant,

406 2454 693 2502 servantes
721 2444 912 2499 eadem
945 2445 1130 2512 utique
1169 2459 1290 2513 qua:
1322 2443 1614 2513 Apostolus
1647 2444 1783 2498 dixit
1819 2461 1831 2498 :
1868 2442 1938 2499 Ut
1963 2447 2017 2499 in

408 2539 614 2592 nomine
645 2534 775 2590 Iesu
803 2549 978 2590 omnes
1020 2551 1151 2606 genu
1180 2537 1392 2604 ﬂectant
1413 2579 1429 2600 ,
1473 2537 1755 2590 caelestium
1785 2580 1798 2600 ,
1828 2545 2017 2590 terrear

408 2631 568 2684 trium
595 2640 647 2683 et
667 2629 1028 2700 infernarum;
1055 2637 1102 2681 et
1125 2629 1292 2682 omnis
1323 2628 1501 2699 lingua
1531 2628 1842 2696 confiteatur
1863 2627 2022 2698 (Phi-

415 2722 542 2794 iipp.
576 2739 646 2788 ιι,
681 2721 792 2791 10).
837 2723 900 2776 Et
939 2721 1154 2793 Moyses
1186 2739 1198 2774 :
1233 2721 1485 2787 Adorent,
1525 2721 1738 2790 inquit,
1772 2736 1884 2775 eum
1911 2736 2022 2774 om-

412 2830 502 2867 nes
531 2814 702 2885 angeli
728 2812 822 2866 Dei
857 2809 1038 2885 (Deut.
1068 2828 1235 2876 xxx",
1262 2805 1350 2876 i3,
1379 2828 1480 2868 sec.
1503 2811 1692 2884 LXX).
1725 2813 1792 2868 Et
1811 2813 1977 2867 David
2005 2831 2018 2866 :

413 2907 604 2963 Omnes
626 2923 766 2978 reges
792 2907 1085 2961 adorabunt
1112 2923 1228 2960 eum
1280 2906 1456 2979 (Psal.
1507 2923 1668 2972 Lxxt,
1720 2905 1800 2977 1).
1864 2906 2023 2974 Quod

411 3002 631 3070 quidem
660 3001 1028 3072 inScripturis
1051 3017 1157 3056 non
1178 3001 1483 3068 diceretur,
1512 3002 1608 3058 sed
1638 3003 1762 3072 quia
1793 3001 1910 3072 ipse
1940 3011 2026 3056 est

410 3093 608 3149 Sermo
639 3093 814 3149 Filius
836 3095 1081 3148 omnium
1114 3094 1320 3164 opifex.

2113 499 2444 554 quamquam
2470 486 2844 540 immutaveris
2875 485 3102 554 dictum,
3149 497 3256 554 quo
3291 483 3498 552 putaris
3536 481 3724 551 probi-

2112 576 2298 633 buisse
2324 576 2419 633 Dei
2452 577 2646 632 Filiuut
2678 579 2977 648 nuncupari
3005 553 3271 631 facturam
3296 593 3310 641 ;
3335 575 3428 630 sed
3454 589 3574 629 cum
3598 575 3726 630 sub-

2110 669 2329 739 junglt:
2377 670 2546 726 Siculi
2591 669 2797 740 aliquid
2841 672 3033 724 borum
3066 668 3217 736 quod
3264 667 3459 722 laetum
3495 677 3612 732 est;
3658 682 3724 721 cx

2112 773 2304 832 aperto
2327 764 2570 818 ostendis
2595 779 2703 818 non
2729 765 2799 818 ob
2831 762 2935 818 hoc
2958 760 2986 800 ι’
3013 765 3276 816 iacturam
3309 761 3414 816 dici
3444 759 3719 827 noluisse,

2110 858 2262 927 quasi
2292 872 2398 912 n0n
2419 857 2613 913 debeat
2640 859 2812 912 lactus
2844 856 3108 927 intelligi;
3143 855 3237 911 sed
3273 871 3380 910 non
3415 856 3486 909 ita
3518 855 3718 908 factum

2115 949 2214 1012 vis,
2249 950 2391 1003 sicut
2414 949 2617 1018 aliquid
2648 952 2846 1003 borum
2877 947 3021 1016 quod
3052 946 3253 1000 factum
3281 958 3385 1014 cst,
3414 946 3509 1001 sed
3537 957 3713 998 tamen

2117 1039 2340 1096 factum.
2369 1040 2544 1097 Aliter
2572 1042 2718 1097 enim
2761 1041 2900 1096 dicis
2929 1041 3156 1104 factum,
3193 1045 3384 1109 utpote
3431 1038 3726 1108 perfectam

2112 1144 2445 1197 creaturam,
2479 1147 2576 1204 per
2615 1151 2776 1205 quem
2821 1133 2962 1188 facta
3008 1139 3138 1189 sunt
3165 1134 3386 1198 omnia;
3421 1133 3723 1187 dummodo

2114 1235 2169 1282 et
2192 1227 2367 1296 ipsum
2401 1226 2608 1281 factum
2643 1228 2942 1298 intelligas,
2976 1227 3105 1282 licet
3140 1231 3244 1279 non
3278 1225 3347 1280 ita
3379 1235 3430 1279 nt
3466 1235 3685 1279 ea:tera.

2187 1317 2296 1375 Sed
2331 1327 2389 1374 ιιι
2419 1321 2484 1373 ad
2513 1321 2564 1374 id
2596 1329 2868 1387 revertar,
2894 1321 3037 1391 quod
3063 1319 3198 1374 dicis
3233 1322 3284 1374 in
3313 1318 3613 1389 Scriptor-is
3641 1317 3724 1374 die

2114 1411 2257 1467 vinis
2287 1411 2589 1485 ὃμοούσιον,
2623 1413 2673 1466 id
2713 1420 2816 1477 est,
2856 1415 3014 1467 unius
3046 1413 3365 1468 substantia:
3401 1411 3722 1467 vocabulum

2118 1521 2223 1560 non
2252 1506 2520 1572 inveniri;
2548 1507 2692 1576 ﬁnge
2725 1508 2828 1560 hoc
2858 1507 3076 1560 interim
3104 1506 3182 1562 sic
3215 1507 3305 1571 sit,
3336 1521 3400 1561 eo
3429 1505 3573 1576 quod
3610 1505 3730 1558 ubi-

2115 1610 2350 1670 cumque
2389 1601 2693 1654 substantia
2733 1600 2966 1670 legitur,
3003 1616 3089 1654 res
3119 1599 3240 1661 Dei,
3279 1609 3385 1653 non
3418 1600 3561 1654 Deus
3590 1601 3731 1651 acri-

2117 1696 2328 1764 piatur;
2364 1701 2688 1762 quamquam
2717 1701 2774 1748 et
2817 1693 2966 1747 aliud
3000 1692 3144 1762 qttod
3180 1692 3442 1760 scriptum
3474 1707 3580 1745 non
3619 1697 3726 1753 est,

2044 1795 2092 1858 Β
2122 1788 2323 1855 pariter
2357 1786 2690 1856 proﬁtearis,
2723 1785 2777 1839 id
2809 1795 2911 1846 est,
2948 1784 3118 1839 Deum
3164 1799 3227 1838 ex
3260 1785 3395 1850 Deo,
3445 1783 3627 1838 lumen
3663 1800 3729 1836 ex

2120 1881 2327 1937 lumine
2361 1897 2373 1933 :
2407 1881 2536 1950 quid
2566 1878 2635 1935 ad
2668 1879 2786 1934 hrcc
2817 1879 2999 1934 dicis?
3025 1881 3131 1934 Aut
3151 1887 3323 1932 totum
3344 1891 3557 1933 mecum
3581 1884 3732 1934 tono.

2120 1982 2216 2029 aut
2253 1981 2425 2028 totum
2469 1973 2679 2027 omitte.
2714 1971 2771 2027 Si
2815 1973 2957 2026 enim
3013 1973 3173 2026 unius
3215 1970 3536 2026 substantiae
3577 1971 3735 2022 rora-

2122 2063 2310 2120 bulum
2345 2064 2470 2120 inde
2525 2066 2685 2119 times
2717 2064 2943 2139 _dicere,
2999 2065 3126 2134 quia
3171 2063 3432 2132 scriptum
3465 2069 3573 2117 non
3622 2069 3734 2124 est;

2122 2161 2319 2215 timere
2337 2158 2636 2214 identidem
2664 2157 2833 2213 debes
2867 2157 3035 2212 Deum
3066 2171 3137 2213 ex
3167 2157 3314 2224 Deo,
3361 2164 3416 2211 et
3446 2156 3627 2210 lumen
3661 2172 3732 2210 ex

2127 2253 2334 2306 lumine
2363 2251 2626 2321 proﬁteri.
2661 2300 2666 2302 _

2200 2343 2306 2400 Sed
2337 2359 2439 2414 ego
2483 2341 2658 2413 probo
2706 2341 2879 2396 Deum
2927 2341 2995 2397 de
3023 2341 3159 2408 Deo,
3195 2342 3379 2396 lumen
3409 2340 3477 2395 de
3505 2341 3736 2405 lumine,

2127 2447 2183 2494 ct
2204 2439 2364 2492 unius
2393 2437 2712 2491 substantiae
2737 2436 3064 2491 Vocabulum
3093 2447 3115 2475 ο
3136 2433 3189 2488 in
3214 2434 3414 2490 divinis
3440 2435 3741 2504 Scriptor-is

2128 2532 2426 2588 Contineri.
2461 2531 2617 2586 Cum.
2641 2531 2784 2585 enim
2819 2533 2934 2598 ipse
2981 2529 3075 2584 Dei
3111 2528 3299 2594 Filius,
3333 2529 3423 2597 qui
3471 2528 3614 2582 Deus
3659 2539 3740 2581 cst

2130 2623 2183 2677 in
2229 2621 2524 2687 Evangelio
2555 2639 2654 2676 suo
2693 2622 2865 2676 dicat:
2920 2620 3030 2692 Ego
3063 2623 3125 2674 de
3164 2620 3319 2674 Patre
3351 2620 3482 2673 exivi
3531 2617 3736 2688 (Joun.

2131 2733 2242 2780 xvi,
2275 2715 2393 2787 ‘27),
2418 2717 2541 2786 jure
2570 2728 2624 2771 et
2655 2717 2852 2771 merito
2886 2705 3054 2770 Deum
3110 2714 3178 2768 de
3231 2713 3345 2768 Deo
3392 2714 3740 2783 proﬁtemur,

2132 2812 2256 2879 quia
2290 2811 2357 2866 de
2416 2809 2528 2866 Deo
2552 2810 2714 2867 Patre
2753 2809 2951 2864 Filium
2987 2811 3080 2864 llci
3115 2795 3282 2862 Deum
3309 2824 3496 2863 verum
3527 2808 3592 2861 de
3626 2805 3742 2862 Deo

2134 2921 2268 2962 vero
2297 2917 2496 2961 natum.
2534 2919 2655 2959 esse
2705 2905 3113 2975 cognoscimus.
3155 2901 3260 2958 Sed
3293 2918 3397 2957 non
3423 2917 3488 2956 eo
3515 2918 3735 2972 genere,

2137 3009 2200 3054 ιιι
2253 3013 2352 3054 nos
2409 2999 2482 3052 dii
2531 3012 2719 3052 sumus
2760 2995 3016 3066 appellati
3048 2993 3166 3065 (Ps.
3219 3009 3406 3058 Lxxxt,
3459 2993 3535 3059 6),
3569 2991 3652 3047 rel
3686 3005 3742 3046 ιιι

2139 3091 2354 3162 Moyses
2382 3088 2681 3143 Pharaonis
2704 3087 2839 3142 deus
2857 3093 2942 3141 est
2971 3085 3155 3142 dictus
3175 3073 3371 3157 (Exod.
3398 3099 3492 3150 vn,
3516 3085 3568 3154 l)
3605 3103 3618 3136 τ
3651 3085 3744 3139 sed

483 3186 594 3243 Sed
662 3186 805 3242 dicis
873 3187 1152 3259 ὁμοούσιον
1231 3187 1501 3242 nominari
1552 3201 1661 3242 non
1719 3193 1977 3254 eportere
2003 3230 2023 3254 ,
2053 3179 2100 3239 C
2136 3182 2263 3252 quia
2299 3197 2462 3237 verus
2497 3190 2583 3237 est
2627 3181 2819 3247 Filius,
2849 3177 2876 3218 ἀ
2924 3181 2992 3236 de
3039 3193 3173 3236 vero
3204 3180 3367 3234 Patre
3420 3191 3584 3234 natus
3616 3192 3693 3232 cst
3730 3197 3744 3244 ;

409 3281 536 3350 quia
565 3282 620 3335 in
649 3279 955 3349 Scripturis
985 3278 1187 3333 divinis
1213 3287 1320 3333 non
1349 3277 1718 3334 contineatur.
1745 3278 1945 3347 Quaero
1967 3289 2021 3334 et

408 3387 537 3443 ego,
555 3372 740 3439 homo,
760 3373 852 3439 qui
868 3371 970 3426 hoc
987 3372 1245 3441 prohibes
1265 3387 1279 3438 ;
1297 3372 1338 3426 si
1361 3372 1484 3428 ideo
1509 3373 1774 3427 nominari
1802 3387 1908 3425 non
1926 3372 2021 3426 de-

410 3467 526 3532 bet,
552 3467 677 3536 quia
702 3466 966 3536 scriptum
998 3479 1105 3519 non
1138 3473 1243 3528 est,
1279 3479 1346 3517 an
1374 3466 1498 3535 quia
1531 3465 1604 3520 ita
1636 3465 1786 3520 credi
1820 3479 1926 3519 non
1955 3466 2022 3519 li-

417 3558 572 3613 ceat?

489 3649 638 3716 Quod
668 3651 713 3704 si
749 3652 822 3704 ita
853 3647 1187 3704 credendum
1220 3659 1323 3716 est,
1370 3663 1468 3704 cur
1499 3665 1605 3704 non
1653 3650 1724 3704 ita
1756 3652 2023 3719 profiten-

415 3745 584 3799 dum?
615 3743 782 3799 Corde
805 3745 970 3808 enim,
1003 3743 1178 3812 inquit
1209 3744 1525 3813 Apostolus,
1555 3745 1783 3798 creditur
1808 3746 1876 3798 ad
1903 3749 2024 3818 jus-

417 3838 627 3892 titiam:
675 3853 766 3892 ore
809 3845 984 3891 autem
1015 3837 1271 3906 confessio
1319 3838 1379 3906 [it
1405 3838 1473 3891 ad
1499 3837 1716 3892 salutem
1759 3838 1937 3909 (Rom.
1968 3855 2022 3903 ς.

416 3928 540 3998 te).

497 4020 607 4072 Aut
634 4018 679 4072 si
728 4018 845 4076 ideo
879 4021 1281 4077 nominandum
1327 4030 1572 4087 nonest,
1622 4022 1745 4091 quia
1799 4037 1897 4077 nec
1953 4024 2031 4076 ita

416 4110 787 4176 credendum;
839 4113 1079 4169 obtinuit
1125 4114 1346 4169 Arianm
1402 4114 1539 4169 labis
1595 4115 1851 4180 assertio,
1902 4128 2029 4184 qua}

413 4201 540 4258 ideo
571 4203 785 4257 Patrem
819 4212 876 4260 et
905 4205 1104 4260 Filium
1139 4206 1298 4261 unius
1328 4207 1648 4260 substantia:
1693 4205 2029 4276 denegavit,

418 4298 542 4368 quia
572 4296 772 4352 Filium
802 4298 894 4353 Dei
923 4301 1086 4354 modo
1107 4315 1174 4354 ex
1209 4299 1405 4364 nihilo,
1437 4299 1599 4354 modo
1624 4314 1690 4353 ex
1716 4299 1896 4363 Patre,
1928 4295 2028 4353 sed

415 4391 488 4447 ab
516 4392 618 4447 alia
652 4393 955 4448 substantia
976 4435 992 4459 ,
1025 4394 1244 4465 quando
1275 4394 1480 4458 voluit,
1527 4404 1581 4449 et
1611 4393 1884 4464 quomodo
1927 4407 2030 4448 vo-

417 4484 538 4549 luit,
561 4494 616 4539 et
645 4483 792 4542 unde
815 4486 985 4541 voluit
1007 4485 1210 4542 factum
1245 4486 1489 4551 inducit;
1520 4486 1817 4541 dummodo
1843 4486 2026 4540 aliunu

2130 3292 2268 3333 vere
2295 3286 2348 3333 et
2374 3275 2716 3332 confidenter
2738 3276 2884 3332 Deus
2915 3276 2984 3331 de
3013 3277 3124 3331 Deo
3153 3275 3446 3344 dicendus,
3481 3284 3538 3332 et
3567 3277 3645 3332 sic
3669 3277 3748 3331 lu-

2132 3385 2259 3426 men
2291 3386 2358 3426 ex
2387 3371 2612 3426 lumine.

2207 3464 2362 3532 Quod
2387 3464 2654 3534 scriptum
2689 3478 2794 3520 non
2822 3472 2926 3530 est,
2969 3479 3183 3519 mecum
3214 3465 3432 3535 quidem
3467 3464 3624 3530 dicis,
3649 3464 3745 3521 sed

2134 3571 2353 3612 mecum
2387 3557 2610 3611 omnino
2645 3565 2668 3594 ε
2697 3558 3045 3615 non.sentis.
3074 3556 3142 3610 Et
3190 3556 3318 3626 quia
3373 3557 3634 3628 scriptum
3665 3567 3750 3611 est

2133 3648 2205 3702 de
2233 3649 2396 3703 Patre
2428 3667 2440 3701 :
2479 3649 2617 3704 Deus
2649 3649 2742 3704 lux
2772 3659 2845 3703 est
2869 3649 2908 3717 (1
2938 3648 3132 3703 Joann.
3162 3665 3200 3714 ι,
3233 3648 3290 3717 5)
3322 3667 3340 3715 ;
3384 3661 3437 3702 et
3465 3651 3530 3704 de
3563 3647 3701 3705 Filio
3736 3669 3746 3702 :

2136 3738 2270 3791 Erat
2307 3740 2398 3792 tua:
2424 3756 2560 3802 vera,
2589 3755 2703 3807 quae
2736 3741 2998 3792 illuminat
3021 3755 3223 3792 omnem
3254 3739 3514 3792 hominem
3539 3741 3749 3794 venien-

2137 3844 2240 3888 tem
2261 3833 2468 3888 inhnne
2496 3837 2748 3888 mundam
2777 3833 2958 3904 (Joan.
2985 3850 3023 3899 ι,
3055 3832 3112 3904 9)
3139 3849 3152 3898 ;
3185 3843 3274 3888 et:
3302 3831 3421 3886 Lua:
3441 3834 3578 3887 lucet
3605 3836 3655 3885 in
3679 3837 3753 3887 te-

2139 3926 2681 3999 nebris(lbid.,5);id
2716 3925 3088 3994 est,Cbrisms
3113 3927 3166 3980 in
3199 3929 3430 3992 Sicculo;
3459 3935 3510 3979 'et
3534 3921 3754 3981 tenebrte

2138 4037 2252 4075 eam
2303 4036 2405 4074 non
2449 4031 2566 4074 sunt
2607 4031 2894 4086 assertum;
2927 4019 2965 4074 ii
3008 4019 3219 4074 scilicet
3246 4018 3495 4073 homines
3523 4033 3749 4090 quorum

2137 4129 2241 4169 cor
2272 4113 2593 4185 ignorantia:
2652 4114 2895 4168 tenebris
2943 4115 3280 4167 obcaecatum
3330 4122 3436 4180 est,
3469 4112 3748 4166 Christum

2141 4219 2335 4261 verum
2371 4207 2562 4269 Deum,
2593 4215 2648 4260 et
2673 4221 2861 4259 verum
2896 4205 2986 4260 Dei
3019 4205 3213 4260 Filium
3251 4221 3356 4259 non
3389 4215 3747 4275 agnoverunt.

2141 4301 2251 4356 Sed
2311 4301 2426 4370 ipse
2468 4302 2730 4353 Dominus
2761 4318 2775 4354 :
2813 4298 2922 4371 Ego
2960 4309 3106 4365 'sum,
3142 4301 3346 4370 inquit,
3383 4302 3475 4353 tux
3521 4300 3702 4352 mundi
3734 4315 3752 4352 .'

2138 4396 2234 4464 qui
2261 4411 2344 4449 me
2385 4404 2588 4450 secutus
2611 4396 2790 4464 fuerit,
2816 4411 2919 4449 non
2967 4395 3058 4450 ibit
3091 4395 3142 4447 in
3166 4394 3404 4458 tenebris,
3438 4393 3527 4448 sed
3550 4393 3753 4447 habebit

2140 4488 2322 4542 lumen
2370 4489 2488 4543 itin
2518 4487 2736 4558 (Joann.
2794 4504 2909 4551 vm,
2945 4486 3060 4560 12).
3095 4487 3239 4558 Ergo
3271 4489 3396 4558 quia
3432 4489 3615 4542 lumen
3650 4487 3752 4541 Pa-

417 4575 489 4632 de
517 4592 664 4644 eum,
690 4587 746 4634 et
770 4594 877 4632 non
906 4577 976 4632 de
1002 4592 1069 4634 eo
1088 4579 1230 4647 quod
1259 4579 1417 4632 Pater
1444 4590 1550 4642 est,
1580 4579 1863 4634 exstitisse
1891 4595 2028 4634 con-
2059 4565 2115 4626 D
2143 4591 2256 4646 ter,
2283 4591 2338 4635 et
2366 4582 2453 4635 lux
2484 4580 2676 4646 Filius,
2712 4589 2860 4634 recte
2887 4581 3068 4634 lumen
3104 4580 3168 4635 de
3199 4581 3425 4634 lumine.

422 4667 610 4740 ﬁngat.
643 4671 815 4739 Quem
845 4670 950 4726 etsi
979 4681 1164 4726 natum
1197 4671 1364 4737 dicit,
1399 4671 1494 4727 sed
1528 4672 1631 4726 lmc
1660 4672 1804 4726 dicto
1831 4683 2028 4738 tenus;

420 4763 543 4833 quia
591 4779 808 4820 rursum
838 4777 1004 4821 omne
1032 4765 1176 4835 quod
1207 4774 1390 4819 natum
1439 4776 1546 4834 est,
1592 4765 1790 4822 factum
1823 4767 2030 4823 intelli-

424 4859 536 4925 git;
568 4871 635 4913 eo
669 4856 816 4928 quod
840 4864 898 4912 et
929 4872 1027 4911 nos
1052 4873 1080 4911 a
1115 4857 1230 4914 Deo
1277 4858 1447 4928 geniti
1495 4859 1853 4929 appellentur,
1887 4875 2030 4931 quos

424 4960 642 5005 constat
663 4966 790 5006 esse
823 4952 1110 5007 iacturam.
1387 4952 1398 4956 ”

499 5041 599 5096 Vel
643 5043 688 5096 si
735 5043 969 5097 Arianus
996 5060 1102 5098 non
1131 5059 1209 5109 es,
1243 5055 1296 5098 et
1325 5059 1516 5099 verum
1551 5045 1744 5100 Filium
1787 5048 1856 5102 de
1899 5062 2034 5102 vero

424 5131 590 5188 Patre
619 5144 829 5199 natum,
863 5147 968 5189 non
1011 5134 1210 5191 factum
1262 5139 1551 5207 agnoscis;
1597 5153 1694 5192 cur
1743 5154 1848 5195 non
1904 5155 2031 5194 eum

424 5240 551 5282 cum
590 5227 756 5284 Patre
801 5245 964 5284 unam
999 5231 1365 5286 substantiam
1407 5231 1568 5287 dicis.
1601 5233 1828 5288 Frustra
1851 5236 2037 5298 times,

427 5317 616 5386 homo,
651 5321 894 5391 proﬁteri
938 5323 1080 5393 quod
1109 5323 1323 5391 credis;
1357 5333 1413 5380 et
1438 5324 1636 5380 frustra
1670 5327 1851 5381 credis
1879 5327 1925 5382 si
1962 5329 2040 5381 ita

504 5469 530 5496 ι
562 5460 702 5536 Tell.
731 5462 852 5516 cod.
876 5472 932 5536 et
968 5462 1129 5536 Vigil.
1161 5462 1318 5527 edit.,
1343 5480 1654 5536 quamquam
1686 5479 1788 5518 non
1838 5464 2038 5518 immu-

428 5532 616 5586 taveris
638 5533 850 5586 dictum.
893 5535 1044 5588 llaud
1077 5544 1228 5589 recto
1271 5532 1459 5589 sensu.

428 5601 528 5744 vel)
551 5603 680 5658 Gill.
713 5619 765 5659 et
800 5605 958 5661 Rotn.
986 5606 1150 5672 edit.,
1197 5608 1454 5676 [acturam
1483 5607 1586 5660 dici
1624 5606 1866 5660 noluisse.
1901 5607 2044 5663 Per-

503 5690 640 5736 ram.

567 5692 640 5736 111.

509 5757 530 5817 (ξ
560 5745 784 5817 Tenen,
821 5749 871 5801 in
894 5749 1168 5817 scripturis
1201 5749 1497 5806 dominicis.

507 5812 532 5853 ἀ
561 5815 724 5887 Vigil.
755 5812 909 5886 edit.,
941 5812 1010 5874 de
1037 5835 1154 5875 vero
1181 5819 1340 5878 Patre
1360 5831 1533 5891 natus,
1587 5837 1689 5878 non
1731 5825 1898 5894 factus
1939 5834 2043 5878 est.

2221 4676 2331 4733 Sed
2363 4676 2546 4730 lumen
2592 4691 2656 4730 ex
2708 4675 2914 4730 lumine
2963 4676 3032 4727 ita
3064 4674 3286 4740 asseris,
3341 4676 3492 4744 quasi
3527 4687 3555 4728 a
3585 4673 3748 4729 Patre

2142 4770 2241 4837 qui
2271 4783 2459 4822 verum
2492 4767 2675 4822 lumen
2701 4773 2807 4832 est,
2841 4765 2992 4820 aliud
3024 4766 3204 4820 lumen
3236 4766 3305 4820 sit
3336 4765 3559 4831 factum,
3601 4763 3749 4836 quod

2145 4862 2222 4918 de
2247 4862 2365 4932 ipsa
2404 4861 2583 4916 Patris
2631 4860 2936 4914 substantia
2993 4874 3100 4915 non
3145 4861 3216 4914 sit
3246 4878 3258 4914 :
3294 4862 3388 4913 sed
3418 4859 3578 4914 sicuti
3611 4861 3755 4915 aliud

2143 4953 2437 5024 quodlibet
2465 4953 2673 5017 lumen,
2708 4965 3034 5022 quamquam
3066 4967 3092 5005 a
3117 4951 3229 5008 Deo
3249 4953 3322 5008 sit
3346 4953 3571 5019 factum,
3598 4954 3759 5023 longe

2148 5058 2334 5104 tamen
2369 5047 2514 5102 aliud
2545 5047 2614 5101 sit
2641 5046 2710 5100 ab
2750 5047 2937 5116 eo'qui
2970 5047 3205 5112 fecerit;
3247 5054 3303 5100 et
3333 5048 3456 5102 ideo
3479 5045 3661 5102 lumen
3695 5055 3762 5101 ex

2153 5143 2390 5208 lumine,
2435 5157 2542 5196 non
2575 5141 2643 5195 de
2673 5140 2879 5194 lumine
2909 5139 3067 5194 dicis.
3109 5139 3246 5194 Cum
3287 5153 3421 5211 ergo
3455 5141 3569 5195 bzec
3622 5149 3764 5210 pra:-

2154 5236 2378 5291 Elocutus
2404 5249 2547 5299 sum,
2574 5233 2702 5289 licet
2728 5248 2940 5287 mecum
2972 5248 3079 5286 non
3111 5233 3408 5303 intelligas,
3431 5245 3612 5288 tamen
3631 5248 3767 5303 quo-

2155 5326 2561 5398 modocumque
2589 5326 2705 5396 ipsa
2740 5325 3082 5396 pronuntias,
3112 5341 3237 5381 cum
3271 5327 3474 5398 scripta
3507 5328 3766 5382 nousint.

2239 5472 2262 5500 ι·
2287 5462 2494 5518 Omnes
2524 5461 2730 5517 exarati
2759 5471 2921 5529 atque
2949 5462 3078 5516 editi
3110 5463 3230 5518 cod.
3262 5465 3530 5519 Ambrosii
3563 5479 3762 5518 nomen

2158 5535 2546 5605 pra-ferentes,
2581 5551 2681 5588 non
2716 5538 2892 5595 sentis,
2925 5544 2978 5588 ut
3027 5536 3145 5604 quia
3173 5539 3419 5606 scriptum
3458 5547 3532 5589 est
3561 5536 3624 5588 de
3658 5534 3767 5589 Pu—

2159 5617 2241 5661 tre
2269 5623 2288 5660 :
2322 5606 2462 5661 Deus
2489 5607 2580 5661 tua:
2597 5617 2671 5659 est
2695 5621 2809 5672 quia
2825 5607 3082 5660 illuminat
3111 5621 3310 5660 onmem
3335 5609 3682 5662 hominem“;
3709 5609 3767 5662 id

2160 5688 2260 5737 est.
2289 5677 2525 5731 Christus
2557 5679 2608 5730 in
2631 5679 2757 5732 cwlo
2782 5696 2800 5743 ;
2826 5688 2875 5733 et
2903 5679 3241 5733 tenebrte.....
3269 5677 3345 5731 lli
3365 5678 3560 5732 scilicet
3587 5676 3766 5734 'bmni—

2162 5764 2329 5803 nes...
2351 5765 2452 5804 non
2468 5759 2787 5820 agnoverunt
2817 5765 2836 5804 :
2863 5749 2954 5804 sed
2977 5750 3109 5820 ipse,
3141 5760 3246 5804 etc.
3277 5748 3388 5805 Nos
3411 5753 3543 5806 Vero
3585 5753 3770 5807 locum
3816 5810 3818 5812 ,

2161 5834 2237 5889 ex
2290 5821 2420 5875 edit.
2477 5821 2640 5891 Vigil.
2673 5821 3033 5876 restituimus.
