4200 6180
567 226 639 299 39
1624 247 1682 306 S.
1727 240 2090 308 PHmBADﬂ
2130 245 2350 307 EPISC.
2391 248 2800 310 AGINNENSIS
3796 262 3868 319 40

570 361 794 417 Annon
826 368 882 419 ει
934 359 1098 421 iunius
1149 364 1469 422 substantiae
1521 365 1870 431 vocabulum,
1902 368 2048 437 quod
2114 368 2166 421 in
2198 369 2243 428 A
2348 367 2616 426 Prohibes
2650 372 2835 443 itaque
2877 371 2934 426 in
2990 370 3102 427 Deo
3160 371 3525 430 substantiam
3573 376 3873 445 nominari,

568 452 865 524 Scripturis
907 473 1015 512 non
1045 465 1199 528 putas
1233 459 1524 524 contineri,
1559 474 1770 515 mecum
1804 461 2011 530 pariter
2038 475 2166 529 pro-

569 548 741 605 titeris
774 567 786 603 :
823 550 926 606 nisi
980 553 1107 623 quia
1148 553 1262 608 illic
1295 552 1530 608 habuisti
1582 554 1858 624 quomodo
1899 555 2166 624 malignos

569 654 764 698 sensus
795 652 916 699 tuos
945 646 1157 699 occulta
1186 643 1375 699 fraude
1417 645 1471 699 in
1511 655 1749 716 utroque
1790 655 2114 717 contegeres
2147 661 2161 711 ;

567 744 625 791 ut
684 752 897 793 mecum
960 737 1067 794 hoc
1138 740 1321 808 ipsum
1377 752 1515 795 sono
1576 739 1725 795 vocis
1782 726 2161 810 ’exprimeres,

564 831 663 887 sed
696 843 873 887 tamen
906 833 1068 903 longe
1095 832 1228 888 dicti
1253 833 1677 904 intelligentiam
1702 833 2021 904 separares?

640 922 814 980 Sicuti
856 933 910 980 et
943 924 1023 980 illi
1052 924 1295 981 haeretici
1327 926 1418 997 qui
1472 928 1933 982 resurrectionem
1986 927 2164 982 carnis

565 1028 763 1090 negant
794 1018 858 1073 ad
882 1019 1237 1091 decipiendos
1277 1030 1300 1057 ⁸
1325 1020 1537 1076 animas
1588 1021 1945 1091 simplicium,
1968 1037 2051 1077 vae
2076 1022 2163 1077 di-

562 1120 693 1168 cunt
725 1112 810 1167 his
839 1112 930 1184 qui
955 1113 1007 1167 in
1029 1128 1195 1170 carne
1223 1128 1331 1170 non
1360 1124 1678 1185 resurgunt.
1701 1115 1810 1171 Sed
1839 1116 1883 1171 si
1907 1116 2165 1171 discutias

564 1221 660 1262 eos
686 1223 782 1262 cur
810 1206 916 1264 boc
953 1207 1217 1273 dixerint,
1271 1224 1392 1264 cum
1450 1210 1596 1265 scias
1624 1210 1748 1265 illos
1778 1211 1958 1265 carnis
1981 1225 2165 1266 resur-

564 1298 864 1354 rectionem
904 1300 1133 1355 omnino
1185 1303 1413 1372 negare,
1460 1302 1645 1358 dicent
1674 1302 1769 1358 tibi
1803 1320 1818 1357 :
1857 1303 1952 1358 Va:
1977 1303 2165 1375 utique

565 1389 641 1445 illi
674 1390 801 1459 erit,
821 1393 913 1463 qui
946 1393 999 1448 in
1025 1408 1191 1450 carne
1222 1394 1536 1465 baptizatus
1567 1411 1676 1451 non
1706 1395 1963 1465 fuerit,ut
1983 1398 2162 1452 anima

563 1483 735 1555 ipsius
762 1483 889 1540 dum
945 1486 996 1540 in
1050 1496 1440 1558 corpore_est,
1495 1488 1564 1544 de
1608 1498 1784 1544 morte
1830 1488 2159 1545 delictorum

564 1592 817 1648 suorum,
849 1589 907 1635 ιιι
931 1579 1001 1637 de
1040 1583 1296 1652 sepulcro
1322 1583 1613 1639 criminum
1646 1598 1745 1653 per
1789 1583 2083 1655 baptisma,
2110 1585 2163 1640 in

564 1672 756 1729 eadem
785 1684 1055 1746 resurgat.
1090 1676 1274 1732 Solius
1321 1677 1469 1731 enim
1502 1677 1700 1731 anima:
1729 1691 1825 1746 per
1849 1675 2050 1733 lavacri
2081 1677 2165 1733 vi-

2271 464 2426 533 quasi
2446 479 2610 520 omne
2627 466 2773 537 quod
2800 466 3105 524 substantia
3154 466 3376 534 dicitur,
3410 484 3499 525 res
3552 470 3669 541 ipsa
3702 473 3871 528 unius

2268 558 2487 626 generis
2526 557 2809 615 habeatur.
2834 562 2916 615 An
2956 560 3171 632 ignoras
3202 561 3359 617 aliter
3410 562 3682 629 ccelestia,
3706 565 3871 623 aliter

2270 659 2491 707 terrena
2533 663 2820 724 constare;
2856 654 2954 710 sed
2999 664 3054 710 et
3084 655 3135 710 in
3163 656 3297 725 ipsis
3342 657 3663 715 ctelestibus
3702 660 3871 717 rebus

2270 750 2434 812 atque
2482 743 2771 800 mundanis
2820 760 3068 817 magnam
3122 745 3484 803 differentiam
3557 751 3873 809 interesse?

2269 833 2445 891 Aliter
2490 838 2635 892 enim
2666 839 2869 909 angeli,
2898 840 3057 896 aliter
3076 842 3307 913 singulm
3336 842 3574 900 Virtutes
3600 847 3874 904 constitu-

2271 930 2480 984 tionum
2513 945 2736 985 suarum
2766 932 3103 988 substantias
3152 945 3503 1005 acceperunt,
3534 938 3691 995 sicuti
3720 944 3872 1011 Apo-

2267 1022 2445 1077 stolus
2471 1023 2545 1077 ait
2576 1041 2589 1078 :
2621 1025 2739 1079 Alia
2783 1026 2992 1081 claritas
3018 1028 3163 1093 solis,
3195 1030 3301 1084 alia
3325 1032 3535 1087 claritas
3565 1034 3726 1099 fume,
3754 1035 3866 1089 alia

2269 1116 2482 1170 claritas
2536 1117 2800 1193 stellarum
2855 1118 2897 1191 (Ι
2926 1118 3047 1174 Cor.
3098 1137 3167 1177 xv
3198 1162 3211 1187 ,
3257 1121 3373 1194 4t).
3420 1122 3514 1180 Sic
3554 1133 3608 1180 et
3658 1125 3713 1180 in
3761 1126 3872 1183 hoc

2268 1205 2497 1275 mundo,
2532 1218 2587 1263 ut
2616 1207 2831 1264 diversa
2864 1224 3064 1279 genera
3095 1226 3303 1281 rerum,
3329 1213 3402 1267 ita
3425 1224 3479 1269 et
3508 1215 3721 1271 diversa
3745 1232 3874 1272 cor-

2270 1314 2402 1368 pora
2425 1300 2781 1356 animantium
2808 1319 2822 1367 ;
2856 1312 2911 1359 et
2939 1304 3195 1360 omnibus
3240 1306 3323 1360 sui
3356 1312 3620 1380 cujusque
3649 1311 3871 1381 generis

2270 1394 2600 1462 substantia,
2633 1396 2773 1451 sicut
2821 1397 3115 1468 Apostolus
3160 1398 3291 1455 dicit
3320 1417 3333 1453 :
3368 1399 3489 1456 Non
3517 1403 3687 1457 omnis
3746 1420 3873 1459 caro

2266 1489 2447 1544 eadem
2463 1505 2587 1544 caro
2644 1488 2697 1561 (Ι
2711 1488 2799 1545 bid
2807 1530 2849 1557 .,
2878 1490 2997 1562 59).

2340 1581 2398 1637 Si
2430 1596 2562 1653 ergo
2589 1597 2653 1637 ea
2682 1596 2804 1653 quae
2834 1598 2861 1637 a
2892 1583 3004 1639 Deo
3051 1584 3187 1639 facta
3215 1594 3368 1650 sunt,
3401 1586 3651 1644 diversas
3696 1591 3872 1660 quali-

2270 1680 2408 1729 tates
2452 1673 2887 1729 substautiarum
2944 1689 3164 1731 suarum
3212 1676 3462 1747 habent;
3496 1689 3551 1735 tu
3598 1691 3755 1752 putas
3813 1684 3870 1739 in

566 1766 689 1822 talis
718 1768 953 1838 gratiam
1007 1768 1470 1825 resurrectionem
1510 1770 1566 1824 in
1605 1782 1773 1824 carne
1816 1766 2161 1833 defendunt;
2194 1769 2244 1830 B
2272 1764 2383 1820 Dco
2408 1766 2569 1821 talem
2626 1780 2749 1821 esse
2786 1766 3168 1834 substantiam,
3202 1769 3419 1840 qualem
3474 1771 3642 1828 habet
3665 1772 3872 1845 aliquid

564 1874 689 1916 nam
721 1870 777 1917 et
803 1861 974 1933 ipsius
1003 1862 1184 1918 carnis
1228 1862 1463 1919 salutem
1515 1862 1835 1919 excludunt.
1863 1861 1928 1916 Et
1959 1861 2012 1916 hi
2064 1876 2161 1932 per

563 1955 923 2012 verisimilem
955 1956 1359 2013 confessionem
1413 1956 1783 2013 innocentium
1815 1965 2024 2011 mentes
2068 1970 2163 2011 oc-

561 2050 709 2105 culta
743 2049 930 2105 fraude
961 2050 1249 2117 seducunt.
1283 2050 1351 2105 Et
1394 2060 1456 2105 ut
1498 2050 1641 2106 solet
1670 2049 1874 2105 letbale
1907 2048 2186 2119 poculum.

563 2143 741 2199 mellis
756 2143 1049 2199 dulcedine
1072 2152 1460 2214 temperatura,
1482 2144 1753 2199 suavitate
1773 2143 2010 2207 fallente,
2036 2159 2161 2213 per-

567 2237 777 2304 imere;
812 2238 893 2292 sic
934 2248 989 2293 et
1045 2237 1150 2294 hoc
1189 2239 1393 2293 malum
1438 2255 1534 2309 per
1579 2238 2011 2295 blandimentum
2056 2253 2156 2293 au-

563 2333 725 2401 rium,
762 2334 1101 2390 audientium
1131 2350 1328 2389 sensus
1354 2333 1587 2405 quadam
1605 2333 1728 2390 labe
1756 2333 2153 2403 contaminans,

559 2426 883 2498 contagione
904 2425 1019 2481 vitii
1049 2426 1383 2483 adhaerentis
1408 2426 1597 2482 inlicit.

1170 2560 1402 2619 CAPUT
1442 2561 1532 2618 IV.

563 2676 678 2743 Quo
725 2687 1036 2746 argumento
1084 2656 1267 2730 Ariani
1316 2674 1485 2730 Deum
1522 2692 1627 2731 non
1667 2692 1778 2731 esse
1814 2677 2156 2732 substantiam

598 2768 819 2839 probare
846 2768 1177 2823 contendant.
1223 2767 1475 2843 Ejusdem
1506 2770 1801 2840 argumenti
1823 2770 2114 2825 dissolutio.

630 2881 874 2950 Denique
905 2893 958 2938 et
990 2897 1132 2939 nunc
1154 2892 1378 2954 possent
1402 2882 1665 2955 ὁμοούσισν
1687 2882 1845 2939 sicuti
1875 2893 1931 2938 et
1957 2892 2153 2939 czetera

557 2975 723 3031 verbo
751 2983 911 3031 tenus
933 2976 1305 3041 nominare,si
1330 2976 1598 3030 haberent
1620 2974 1895 3046 quomodo
1927 2974 2061 3030 illud
2085 2974 2153 3030 ad

554 3069 716 3125 aliam
742 3070 1157 3141 intelligentiam
1190 3085 1369 3126 scaevo
1399 3086 1563 3125 sensu
1612 3078 1988 3139 perverterent
2018 3087 2030 3122 :
2057 3067 2150 3124 sed

2267 1856 2466 1913 horum
2493 1858 2637 1929 quod
2667 1857 2865 1913 factum
2887 1868 2989 1925 est,
3020 1871 3077 1915 ut
3102 1861 3567 1930 possitcontraria
3598 1865 3874 1936 recipere?

2265 1950 2443 2007 Absit.
2480 1950 2613 2019 Quae
2653 1962 2737 2007 est
2792 1954 2937 2008 enim
2979 1952 3280 2009 substantia
3338 1954 3481 2011 Dei?
3511 1955 3688 2027 Ipsum
3720 1959 3869 2029 quod

2266 2043 2410 2097 Deus
2437 2052 2523 2098 est
2549 2044 2801 2113 simplex,
2847 2045 3147 2116 singulare,
3180 2062 3399 2117 purum,
3440 2049 3585 2104 nulla
3638 2066 3875 2107 concrc-

2267 2134 2417 2189 tione
2434 2136 2793 2205 permixtum,
2821 2136 3126 2207 limpidum,
3151 2138 3873 2210 bonum,perfectnm,bea-

2268 2237 2400 2296 tum,
2451 2229 2751 2301 integrum,
2784 2240 3034 2285 sanctum
3067 2240 3258 2287 totum.
3285 2235 3365 2287 An
3412 2243 3468 2289 tu
3500 2246 3656 2304 putas
3706 2236 3872 2294 inane

2263 2324 2472 2395 aliquid
2512 2339 2637 2380 esse
2681 2333 2739 2380 et
2766 2340 3020 2393 vacuum,
3052 2326 3197 2397 quod
3227 2336 3312 2382 est
3357 2328 3547 2384 Deus?
3570 2329 3686 2385 Hoc
3713 2332 3864 2385 enim

2263 2417 2369 2472 dici
2412 2416 2749 2489 blasphemia
2801 2427 2913 2483 est,
2966 2427 3024 2472 ut
3071 2419 3235 2474 inane
3268 2428 3503 2488 putetur,
3563 2434 3661 2490 per
3702 2436 3867 2490 quem

2259 2518 2454 2565 cuncta
2480 2510 2865 2576 constiterunt,
2893 2511 2982 2581 qui
3014 2512 3195 2566 omnia
3232 2511 3407 2567 Verbo
3423 2510 3618 2578 edidit,
3648 2515 3862 2570 ratione

2261 2603 2594 2673 composuit,
2627 2603 2830 2659 virtute
2877 2602 3123 2674 perfecit,
3155 2603 3310 2675 cujus
3349 2612 3483 2660 nutu
3527 2616 3582 2660 et
3627 2606 3856 2678 imperio

2262 2695 2522 2750 universa
2555 2703 2841 2766 reguntur,
2869 2706 3060 2752 cuncta
3090 2697 3428 2752 deserviunt.

2347 2788 2416 2841 Et
2448 2786 2591 2843 bene
2621 2787 2690 2842 de
2718 2788 2828 2842 Deo
2861 2786 2995 2857 legis
3014 2788 3274 2859 scriptum
3308 2807 3321 2842 :
3348 2789 3460 2861 Ego
3489 2806 3622 2855 sum,
3646 2791 3730 2862 qui
3754 2806 3869 2846 sum

2261 2878 2459 2950 (Exod.
2491 2879 2709 2951 111,”);
2739 2888 2831 2935 et:
2867 2880 2970 2945 Qui
2997 2889 3092 2946 est,
3126 2882 3263 2935 misit
3294 2898 3373 2936 me
3399 2882 3618 2955 (lbid.).
3658 2885 3723 2938 fit
3749 2884 3866 2955 ipse

2260 2971 2515 3027 Salvator
2546 2971 2810 3027 Dominus
2845 2989 2857 3024 :
2910 2970 3037 3026 Ha'e
3068 2984 3165 3037 est,
3200 2974 3395 3044 inquit,
3420 2976 3522 3028 vita
3564 2985 3778 3040 wterna,
3810 2986 3865 3030 ut

2260 3072 2575 3134 cognoscant
2613 3074 2660 3117 te
2684 3063 2850 3117 solum
2883 3078 3059 3117 verum
3088 3062 3271 3131 Deum,
3303 3075 3348 3119 et
3374 3082 3523 3136 quem
3548 3067 3734 3120 misisti
3765 3064 3863 3120 Je-

555 3177 675 3217 cum
702 3162 951 3217 viderent
976 3177 1037 3218 se
1069 3164 1120 3216 in
1151 3161 1258 3218 hoc
1286 3162 1453 3216 verbo
1500 3160 1778 3225 concludi,
1805 3161 2009 3215 nullam
2040 3176 2158 3214 om-
2183 3158 2227 3221 C
2262 3172 2372 3210 sum
2398 3156 2661 3209 Christum
2684 3153 2867 3227 (Joan.
2900 3171 3033 3220 xvn,
3066 3155 3143 3225 '5).
3177 3156 3270 3210 Est
3300 3173 3431 3227 ergo
3463 3168 3484 3196 ο
3516 3156 3569 3212 in
3601 3156 3861 3212 substan-

556 3256 689 3311 nino
718 3257 1050 3311 mentionem
1083 3256 1245 3327 hujus
1296 3256 1412 3311 fieri
1454 3256 1784 3321 voluerunt;
1818 3270 1884 3309 ne
1912 3264 2007 3309 aut
2031 3270 2147 3323 pro-

556 3347 768 3404 ﬁtendo
793 3346 899 3404 hoc
939 3348 1249 3413 crederent,
1280 3356 1372 3402 aut
1415 3346 1706 3403 credentes
1738 3345 1972 3417 professi
2002 3346 2151 3402 vide-

552 3452 744 3498 rentur
775 3459 788 3494 :
818 3441 1006 3497 subtili
1033 3442 1247 3514 ingenio
1300 3451 1647 3506 excusantes,
1697 3438 1841 3510 quod
1887 3448 1984 3495 aut
2011 3439 2150 3494 scri-

557 3544 708 3607 ptum
737 3550 844 3591 non
878 3543 1046 3602 esset,
1077 3544 1170 3589 aut
1223 3535 1392 3589 Deum
1438 3534 1490 3588 in
1545 3533 1850 3589 substantia
1882 3533 1987 3589 dici
2039 3548 2146 3599 non

554 3636 832 3699 oportere,
867 3643 936 3684 ne
970 3641 1273 3697 corporeus
1303 3625 1645 3683 crederetur.

626 3721 774 3777 Deus
801 3720 1025 3787 etenim,
1085 3720 1354 3792 inquiunt,
1389 3718 1559 3777 eflicit
1597 3729 1652 3774 ut
1703 3719 1774 3776 sit
1818 3720 2145 3788 substantia,

551 3830 658 3872 non
690 3823 872 3873 tamen
907 3823 965 3871 ut
996 3814 1115 3886 ipse
1146 3815 1287 3872 Deus
1332 3814 1386 3870 in
1453 3815 1762 3872 substantia
1806 3800 2100 3887 deputetur
2129 3832 2142 3881 ;

552 3908 769 3980 quippe,
796 3909 971 3971 aiunt,
1003 3923 1127 3963 cum
1155 3908 1333 3963 omnis
1378 3908 1683 3963 Substantia
1709 3907 1981 3963 contraria
2010 3907 2147 3963 reci-

552 4001 685 4073 piat.
718 4001 856 4056 Deus
883 4015 1016 4056 vero
1033 4001 1124 4070 qui
1156 4001 1289 4054 nihil
1321 3999 1596 4054 diversum
1629 3999 1917 4054 admittere
1943 4006 2142 4069 potest,

550 4092 854 4148 substantia
889 4090 993 4146 dici
1023 4107 1132 4146 nun
1159 4091 1341 4146 debet.

624 4185 969 4258 Ignoscerem
1012 4184 1107 4239 tibi
1135 4183 1182 4238 si
1211 4183 1315 4240 hoc
1358 4182 1682 4253 simpliciter
1707 4181 1943 4248 diceres,
1974 4182 2017 4237 si
2056 4198 2141 4237 ru-

551 4279 638 4336 dis
657 4277 724 4334 ad
742 4277 881 4333 hanc
897 4277 1259 4349 quaestionem
1278 4276 1597 4344 accederes,
1618 4279 1663 4332 si
1688 4291 1797 4332 non
1824 4277 1943 4348 ipse
1970 4291 2141 4345 esses,

552 4371 645 4443 qui
676 4386 895 4442 semper
931 4370 1017 4427 vel
1047 4369 1115 4426 de
1145 4368 1253 4425 alia
1286 4369 1610 4434 substantia,
1647 4370 1733 4425 vel
1759 4368 1827 4425 de
1864 4370 2025 4426 nullis
2053 4385 2146 4424 ex-

550 4463 824 4519 stantibus
856 4462 951 4517 Dei
984 4462 1182 4517 Filium
1223 4461 1508 4518 asserebas
1540 4478 1553 4514 :
1588 4468 1645 4516 at
1676 4475 1798 4515 cum
1854 4462 1994 4517 idem
2029 4461 2145 4533 ipse

2258 3248 2333 3301 tia
2356 3246 2593 3302 essentia
2616 3261 2713 3301 sua
2747 3246 2914 3312 Deus,
2945 3246 3101 3317 cujus
3117 3246 3356 3316 cognitio
3388 3249 3496 3301 vita
3524 3258 3725 3304 aiterna
3751 3257 3857 3315 est,

2255 3341 2346 3410 qui
2380 3349 2435 3396 et
2465 3350 2651 3396 tantus
2675 3350 2783 3409 est,
2806 3351 3046 3412 quantus
3094 3339 3205 3396 dici
3229 3358 3336 3396 non
3362 3352 3562 3412 potest.
3593 3343 3696 3408 Qui
3731 3352 3861 3398 tunc

2254 3434 2416 3505 digne
2443 3435 2778 3500 aestimatur,
2808 3449 2932 3489 cum
2980 3433 3377 3491 inaestimabilis
3417 3435 3642 3505 dicitur,
3672 3438 3863 3508 utique

2253 3528 2390 3584 velis
2415 3542 2479 3583 ac
2502 3528 2664 3583 nolis.

2325 3622 2467 3693 Ergo
2500 3623 2677 3692 ipsum
2707 3621 2858 3693 quod
2883 3631 2991 3689 est,
3021 3621 3127 3679 hoc
3158 3632 3242 3689 est
3271 3622 3576 3677 substantia
3606 3623 3711 3688 rei,
3740 3637 3864 3695 quae

2252 3728 2379 3770 esse
2406 3712 2720 3771 defenditur
2751 3731 2765 3781 ;
2792 3714 2934 3785 quod
2974 3722 3156 3769 tamen
3184 3713 3295 3783 jam
3320 3714 3523 3769 dictum
3550 3723 3656 3782 est,
3682 3729 3856 3784 quan-

2250 3817 2366 3863 tum
2394 3816 2450 3862 et
2479 3808 2642 3879 quale
2664 3809 2756 3875 sit,
2789 3823 2892 3863 nec
2923 3817 3106 3864 mente
3133 3807 3373 3877 concipi,
3398 3822 3503 3862 nec
3528 3822 3695 3863 sensu
3708 3809 3862 3864 testi-

2253 3899 2413 3968 mari,
2445 3914 2544 3955 nec
2576 3899 2759 3954 animo
2789 3898 3005 3954 deﬁniri
3054 3905 3235 3969 potest
3260 3914 3274 3965 ;
3304 3898 3603 3955 dummodo
3633 3909 3859 3959 constet

2247 4008 2372 4049 esse
2400 3994 2545 4064 quod
2566 4009 2687 4049 esse
2710 3994 2991 4061 creditur;
3029 4006 3087 4050 ut
3132 3993 3201 4050 de
3248 4010 3314 4051 eo
3346 3996 3464 4066 ipso
3503 3997 3650 4069 quod
3706 3997 3853 4055 Deus

2249 4099 2356 4155 est,
2388 4088 2513 4145 inde
2556 4090 2629 4144 sit
2672 4088 2868 4157 Filius,
2894 4098 2954 4143 ut
2980 4105 3146 4146 verus
3194 4091 3266 4145 sit
3297 4088 3491 4156 Filius,
3519 4101 3575 4147 et
3601 4107 3765 4147 verus
3788 4092 3861 4149 sit

2250 4184 2411 4240 Pater
2443 4184 2497 4239 in
2529 4182 2689 4252 Filio,
2723 4192 2778 4238 et
2798 4182 2969 4239 Filius
2995 4183 3051 4239 ill
3085 4185 3269 4239 Patre.
3297 4183 3411 4240 Hoc
3434 4185 3538 4240 erit
3561 4185 3856 4257 ὁμοούσιος,

2250 4277 2303 4333 id
2338 4289 2445 4347 est,
2479 4278 2641 4335 unius
2665 4276 2987 4333 substantiae
3012 4292 3133 4333 cum
3158 4277 3341 4342 Patre,
3366 4277 3507 4333 sicut
3526 4280 3641 4349 ipse
3674 4278 3862 4332 Domi-

2250 4387 2353 4428 nus
2380 4373 2457 4429 ait
2489 4390 2503 4427 :
2534 4370 2651 4444 Ego
2669 4373 2724 4427 in
2755 4371 2915 4427 Patre
2935 4382 2982 4428 et
3016 4371 3176 4426 Pater
3197 4372 3251 4427 in
3279 4388 3360 4426 me
3390 4372 3573 4443 (Joan.
3609 4388 3718 4438 χιν,
3746 4370 3855 4444 10);

2254 4475 2309 4521 ει
2344 4482 2357 4518 :
2392 4463 2507 4537 Ego
2550 4474 2602 4519 et
2663 4463 2820 4519 Pater
2864 4480 3025 4518 unum
3055 4480 3231 4519 sumus
3268 4462 3453 4531 (Joan.
3499 4480 3557 4530 χ,
3587 4465 3678 4534 50)
3709 4480 3723 4530 ;
3756 4476 3810 4519 ει
3841 4482 3855 4520 ;

550 4558 651 4626 sis,
683 4556 775 4627 qui
802 4555 931 4612 hinc
952 4571 1101 4627 saepe
1124 4556 1431 4620 convictus,
1477 4569 1623 4624 saepe
1662 4553 1970 4622 confessus,
2006 4569 2152 4626 saepe
2177 4552 2230 4613 D
2262 4556 2376 4631 Ego
2398 4558 2463 4613 de
2489 4557 2799 4613 Patreexivi
2828 4555 3013 4630 (Joan.
3060 4572 3170 4624 xvi,
3202 4556 3297 4629 “28)
3323 4574 3337 4623 ;
3360 4567 3415 4613 et
3449 4575 3461 4611 :
3517 4556 3620 4624 Qui
3650 4573 3729 4611 me
3778 4559 3860 4610 ri-

552 4650 786 4723 negaSti,
818 4650 1023 4721 saepius
1055 4648 1215 4703 aliter
1249 4647 1590 4703 immutando
1620 4646 1909 4703 damnatus
1937 4662 2032 4704 es:
2061 4649 2151 4719 qui

458 4726 463 4733 ί
548 4742 940 4802 etiambnunc
995 4744 1071 4811 vi,
1102 4742 1400 4799 ambitione
1456 4751 1523 4813 et,
1557 4740 1795 4811 potentia
1847 4743 2146 4814 exagitans,

553 4837 741 4894 turbas
790 4838 1024 4903 omnia;
1071 4835 1351 4908 quomodo
1396 4844 1553 4907 putas
1590 4851 1675 4890 me
1727 4834 2011 4907 ignoscere
2054 4835 2152 4891 tibi

552 4946 713 5004 posse
736 4931 1076 5003 frequentius
1092 4931 1284 4988 eadem
1302 4930 1654 4988 retractanti?
1672 4930 1780 4986 Sed
1809 4946 1877 4987 ne
1905 4932 2152 4987 videatur

553 5026 672 5083 haec
701 5026 1038 5099 perversitas
1072 5024 1425 5097 praeiudicata
1452 5024 1625 5095 magis
1647 5040 1805 5096 quam
1834 5024 2147 5081 examinata

550 5119 826 5184 damnari,
856 5118 1097 5175 breviter
1147 5117 1243 5174 tibi
1293 5117 1362 5174 de
1389 5116 1492 5173 hac
1520 5116 1867 5190 oppositione
1924 5132 2142 5189 respon-

549 5214 746 5273 deam.‘

625 5389 651 5416 ι
690 5375 848 5433 Hunc
876 5374 1039 5430 etiam
1074 5374 1255 5431 locum
1286 5373 1447 5431 nobis
1495 5373 1627 5429 edit.
1674 5372 1839 5443 Vigil.
1886 5374 2149 5441 restituit,

548 5465 671 5506 cum
703 5448 1003 5504 haberetur
1031 5447 1087 5502 in
1138 5462 1269 5501 mss.
1296 5456 1352 5500 et
1390 5445 1525 5500 edit.
1550 5445 1926 5501 Ambrosianis
1949 5447 2001 5501 in
2036 5448 2152 5501 haec

549 5522 737 5589 verba,
767 5522 970 5575 animas
989 5518 1319 5588 simplicium,
1336 5517 1514 5589 dicunt
1537 5517 1617 5570 Itis
1632 5518 1754 5585 quia
1778 5519 1831 5570 in
1862 5534 2019 5572 carne
2043 5534 2145 5571 non

549 5601 946 5664 resurgant.....
976 5591 1151 5645 dicent
1172 5588 1261 5644 tibi
1288 5605 1308 5644 :
1334 5588 1520 5656 Utique
1549 5590 1640 5643 ille
1659 5590 1775 5657 erit,
1802 5599 1936 5655 etc.,
1960 5590 2145 5659 inepto

548 5678 735 5721 sensu.

622 5734 653 5773 δ
680 5735 933 5792 Ambros.
963 5733 1097 5790 edit.
1138 5747 1258 5788 cum
1292 5747 1395 5789 ms.
1434 5731 1600 5798 ’l‘ell.,
1627 5732 1846 5785 nuncin
1872 5731 2146 5787 ambitione

552 5805 842 5881 exagitans.
864 5806 1027 5878 Vigil.
1080 5806 1213 5862 edit.
1245 5819 1368 5862 cum
1396 5803 1531 5860 Last.
1560 5802 1711 5870 cod.,
1739 5803 1807 5872 vi,
1833 5804 2141 5871 ambitione;

2255 4652 2362 4719 det,
2394 4651 2531 4707 uidet
2574 4661 2621 4708 et
2656 4650 2867 4706 Patrem
2889 4668 3056 4705 meum
3084 4650 3267 4724 (Joan.
3294 4667 3404 4719 slv,
3435 4650 3517 4724 9).

2327 4745 2445 4802 Non
2477 4746 2776 4813 immerito,
2805 4745 2929 4816 quia
2956 4742 3125 4799 Filius
3151 4744 3248 4799 Dei
3274 4744 3342 4799 de
3366 4743 3477 4799 Deo
3507 4743 3667 4799 Patre
3695 4750 3852 4799 natus

2257 4850 2340 4895 est
2365 4856 2380 4905 ;
2413 4848 2469 4895 et
2499 4838 2621 4896 ideo
2648 4838 2717 4895 de
2746 4839 2951 4893 unitate
2978 4837 3295 4893 substantia:
3316 4879 3332 4903 ,
3363 4847 3417 4893 et
3452 4836 3521 4892 de
3560 4834 3853 4907 majestate

2256 4931 2475 4988 deitatis
2503 4946 2668 4986 unum
2697 4939 2842 4996 sunt,
2874 4930 3034 4985 sicuti
3063 4938 3118 4985 et
3143 4928 3445 4985 Hieremias
3477 4927 3853 4999 prophetavit:

2263 5025 2395 5093 Quis
2423 5023 2577 5079 stabit
2622 5024 2677 5077 in
2724 5021 3007 5078 substantia
3042 5020 3286 5086 Domini,
3328 5029 3376 5077 et
3410 5020 3598 5076 videbit
3633 5019 3855 5076 Verbum

2255 5118 2467 5174 Domini
2494 5116 2709 5189 (Jerem.
2734 5132 2887 5183 χχιιι,
2931 5116 3020 5181 18,
3044 5131 3147 5171 sec.
3172 5113 3381 5187 LXX)?
3425 5116 3490 5171 Et
3518 5116 3714 5173 iterum
3741 5133 3754 5169 :
3793 5114 3856 5170 Si

2251 5212 2506 5267 stetissent
2537 5214 2590 5265 in
2614 5209 2898 5265 substantia
2926 5224 3060 5277 mea,
3092 5218 3139 5262 et
3164 5209 3208 5263 si
3231 5208 3491 5264 audissent
3518 5208 3668 5265 verba
3708 5224 3850 5274 mea,

2256 5372 2354 5429 sed
2387 5373 2500 5429 sola
2527 5373 2799 5445 edit.Vig.
2815 5373 2986 5441 addit,
3022 5384 3069 5428 et
3092 5376 3342 5445 potentia.

2334 5458 2353 5483 ε
2385 5445 2461 5500 Ita
2480 5461 2674 5502 omnes
2715 5444 2849 5500 edit.
2878 5454 2934 5501 et
2982 5444 3102 5502 cod.
3136 5446 3296 5511 Lacu;
3321 5456 3376 5500 at
3403 5444 3569 5515 Vigil.
3602 5444 3734 5501 edit.
3765 5462 3851 5501 re-

2256 5519 2453 5583 secuit,
2501 5517 2721 5583 essentia
2742 5533 2860 5584 sua,
2886 5532 2985 5588 pro
3010 5518 3206 5587 quibus
3228 5518 3365 5588 Tell.
3390 5519 3515 5571 cod.
3544 5517 3846 5584 substituit,

2253 5588 2503 5642 sententia
2566 5606 2682 5644 sua.
2711 5587 2909 5644 Verum
2975 5598 3191 5657 recepta
3251 5587 3417 5643 lectio
3463 5602 3572 5642 non
3618 5598 3702 5643 est
3729 5604 3847 5644 ntu-

2253 5659 2415 5714 tauda
2438 5675 2453 5724 ;
2477 5660 2618 5716 idem
2645 5675 2707 5715 ea
2749 5661 3042 5731 significat,
3074 5675 3138 5713 ac
3167 5660 3211 5713 si
3242 5659 3539 5727 scribatur,
3576 5659 3628 5715 in
3658 5660 3850 5718 ordine

2249 5731 2571 5787 substantiae
2601 5745 2701 5801 per
2726 5731 3023 5787 essentiam
3064 5744 3237 5785 suam.

4022 2618 4074 3096 Ξ
