4194 6192
324 252 391 308 «Η
880 253 971 311 DE
1008 253 1169 314 FlLll
1209 255 1610 317 DIVINITATE
1651 256 1741 318 ET
1781 262 2613 331 CONSUBSTANTIALITATE
2654 275 3095 338 TRACTATUS.
3557 290 3628 347 l2

325 367 621 422 avertissent
658 383 744 424 eos
770 369 835 422 ob
862 371 1049 426 studiis
1083 388 1261 428 eorum
1293 376 1527 445 pessimis
1566 378 1585 448 (
1612 376 1775 438 Ibid.
1801 379 1926 451 εἳ).
1956 384 2007 444 Λ
2035 384 2177 452 quod
2203 386 2345 442 Deus
2362 397 2463 457 est,
2481 391 2765 458 aestimari,
2790 395 3181 465 comprehendi
3206 407 3261 454 et
3278 399 3493 455 deﬁniri
3519 418 3627 457 non

326 461 399 517 Et
428 463 569 534 apud
601 462 895 522 Salomon:
950 465 1253 522 Substantia
1283 484 1416 535 mea,
1456 468 1670 524 dulcedo
1711 488 1821 525 mea
1851 482 1927 526 est

325 552 486 624 (Sap.
521 571 629 622 xvi,
662 554 778 626 21).

959 652 1191 711 CAPUT
1231 656 1293 710 V.

324 785 455 843 Cum
486 790 661 844 unitas
700 792 1001 848 substantia:
1032 794 1086 848 in
1118 794 1281 850 Patre
1320 806 1368 851 et
1408 796 1578 866 Filio,
1608 814 1712 854 non
1749 800 1922 853 solum

397 884 722 954 prOpItetica,
750 887 840 940 sed
870 896 917 940 et
948 889 1244 960 evangelica
1272 892 1588 946 auctoritate
1610 894 1913 962 comprobe-

395 986 503 1044 tur,
530 978 636 1032 dici
677 996 780 1034 non
819 990 983 1051 potest
1012 982 1067 1034 in
1095 982 1257 1037 sacris
1296 983 1481 1038 litteris
1508 984 1781 1057 ὁμοούσιον
1818 1003 1922 1041 non

395 1071 637 1128 inveniri.
664 1073 796 1139 Quae
821 1076 888 1129 sit
915 1076 1049 1130 ratio
1069 1077 1312 1131 nominis.
1334 1075 1617 1145 Praeterea,
1652 1080 1697 1133 si
1723 1080 1791 1133 ad
1826 1081 1926 1134 ali-

395 1182 551 1232 quam
573 1166 965 1222 similitudinem
981 1169 1101 1223 velit
1122 1169 1347 1225 Arianus
1367 1171 1420 1225 in
1444 1169 1556 1227 Deo
1578 1174 1923 1243 comparatio-

400 1276 512 1313 nem
558 1260 845 1329 instituere,
878 1278 982 1316 non
1032 1272 1195 1331 potest
1246 1266 1537 1335 expressius
1563 1276 1920 1337 comparatum

399 1355 629 1424 deﬁnire,
662 1356 759 1410 nisi
790 1372 909 1410 cum
936 1357 1097 1424 dicat,
1131 1358 1313 1415 lumen
1346 1375 1413 1415 ex
1444 1359 1673 1417 lumine.

394 1491 527 1547 Cum
553 1507 683 1563 ergo
711 1493 849 1548 hanc
870 1494 1133 1550 unitatem
1161 1495 1554 1551 substantiae'in
1578 1496 1739 1553 Patre
1759 1508 1813 1553 et
1833 1498 1923 1553 Fi-

322 1583 401 1640 lio
428 1600 534 1640 non
566 1586 745 1640 solum
774 1585 1114 1657 prophetica,
1145 1588 1239 1643 sed
1265 1597 1318 1644 et
1346 1591 1658 1659 evangelica
1686 1591 1923 1646 auctori-

321 1684 433 1731 tate
460 1691 794 1747 cognoscas;
830 1677 1104 1747 quomodo
1130 1678 1265 1733 dicis
1310 1680 1361 1733 in
1389 1680 1684 1748 Scripturis
1721 1681 1921 1737 divinis

2029 491 2229 545 posse:
2262 495 2363 535 nec
2392 497 2523 538 vere
2554 484 2758 555 aliquid
2802 502 2865 542 ex
2915 487 2999 543 his
3039 506 3160 560 quae
3195 491 3248 546 in
3291 492 3395 548 hoc
3424 496 3630 551 mundo

2026 582 2175 640 sunt,
2206 576 2478 647 majestati
2509 578 2706 633 divina:
2736 585 3072 652 comparari;
3102 585 3226 655 quia
3255 586 3388 641 nihil
3420 587 3487 643 de
3512 604 3627 643 om-

2027 666 2187 722 nibus
2220 669 2339 725 istis
2369 688 2490 742 qua:
2521 672 2775 729 videntur
2802 687 2895 730 aut
2926 677 3216 745 dicuntur,
3246 682 3543 736 secundum
3572 681 3627 737 id

2025 759 2169 828 quod
2198 760 2341 816 Deus
2368 773 2473 830 est,
2511 765 2777 836 condigna
2822 768 3177 825 similitudine
3218 771 3479 828 aestimari
3526 788 3625 843 po-

2023 860 2153 919 test,
2183 856 2383 926 quippe
2408 871 2530 913 cum
2561 858 2694 929 ipsis
2724 860 3092 918 intellectibus
3128 874 3183 919 et
3220 862 3476 921 sensibus
3507 883 3625 923 ma-

2019 942 2108 1014 jor
2135 946 2224 1001 sit.

2096 1035 2225 1094 Ideo
2269 1044 2599 1110 prmmonuit
2643 1052 2703 1099 ut
2749 1046 3089 1104 divinitatem
3143 1051 3465 1109 substantiae
3513 1070 3633 1111 cre-

2025 1129 2216 1196 deres,
2251 1142 2307 1189 et
2334 1150 2521 1191 verum
2554 1137 2751 1193 Filium
2783 1140 2852 1197 de
2882 1157 3012 1197 vero
3043 1143 3204 1200 Patre
3232 1161 3591 1217 cognosceres
3617 1167 3629 1203 :

2025 1224 2092 1280 de
2122 1227 2382 1296 qualitate
2421 1239 2603 1287 autem
2635 1234 2711 1288 rei
2744 1236 3025 1306 requirere
3059 1254 3169 1292 non
3200 1238 3470 1307 deberes;
3505 1244 3631 1312 quia

2026 1319 2188 1386 quale
2218 1330 2309 1376 aut
2340 1332 2603 1393 quantum
2640 1326 2750 1393 sit,
2802 1328 2944 1384 scire
2974 1345 3081 1385 non
3112 1334 3303 1401 possis.
3342 1334 3453 1390 Hoc
3483 1336 3627 1391 enim

2027 1412 2327 1480 propheta,
2365 1414 2468 1469 hoc
2497 1418 2731 1487 apostoli
2767 1420 3153 1489 prtedicarunt.

2657 1554 2889 1613 CAPUT
2931 1558 3016 1613 VI.

2030 1668 2171 1734 Quid
2213 1672 2278 1723 sit
2319 1670 2486 1726 Deus.
2539 1674 2726 1729 Utrum
2778 1678 2821 1730 ei
2855 1679 3056 1747 aliquid
3098 1683 3262 1750 possit
3307 1688 3623 1753 comparari.

319 1767 598 1840 ὁμοούσιον
619 1784 724 1824 non
750 1770 1003 1837 inveniri,
1028 1771 1182 1840 quasi
1210 1771 1351 1825 aliud
1375 1772 1447 1826 sit
1468 1772 1740 1844 ὁμοούσιον
1762 1789 1911 1845 quam

2100 1761 2257 1817 Ratio
2276 1765 2512 1834 quaedam
2536 1776 2629 1831 est,
2661 1784 2777 1839 qua:
2804 1772 2946 1838 apud
2998 1771 3207 1829 ercos
3247 1776 3415 1849 Λόγος
3463 1778 3628 1831 nomi—

319 1862 465 1932 quod
496 1861 662 1916 dicit:
697 1861 810 1934 Ego
836 1862 899 1917 de
928 1861 1043 1918 Deo
1076 1862 1236 1917 Patre
1262 1864 1397 1919 exivi
1440 1864 1619 1933 (.Ioan.
1647 1882 1766 1933 xvt,
1792 1866 1886 1938 ‘28)
1910 1908 1926 1934 ,

319 1967 411 2012 et:
466 1955 581 2027 Ego
612 1965 657 2011 et
692 1956 851 2011 Pater
902 1974 1063 2011 unum
1102 1974 1281 2012 sumus
1328 1957 1517 2027 (Joau.
1559 1976 1625 2026 x,
1668 1958 1805 2031 30);
1840 1961 1928 2016 vel

319 2048 463 2120 quod
489 2050 767 2119 prophetae
788 2064 856 2104 ex
880 2058 1066 2119 aperto
1088 2050 1449 2106 substantiam
1466 2050 1561 2106 Dei
1580 2050 1930 2108 intimabant?

395 2142 522 2197 Βίης
541 2151 624 2198 est
653 2152 833 2198 autem
867 2142 1106 2197 nominis
1133 2144 1274 2197 ratio
1296 2185 1309 2209 ,
1344 2152 1402 2197 ut
1431 2143 1484 2197 in
1513 2144 1674 2199 Patre
1703 2153 1757 2199 et
1788 2144 1927 2201 Filio

319 2234 583 2290 unitatem
613 2235 935 2290 substantia:
965 2237 1180 2302 credas,
1211 2236 1337 2291 licet
1362 2252 1475 2291 rem
1505 2237 1678 2305 ipsam
1701 2252 1821 2307 qua:
1843 2247 1927 2293 est

318 2328 727 2394 inenarrabilis,
762 2326 992 2383 deﬁnire
1021 2342 1127 2382 non
1158 2328 1367 2397 possis:
1416 2337 1474 2382 ut
1502 2327 1618 2383 sive
1647 2329 1828 2385 lumen
1856 2330 1926 2387 de

316 2423 532 2478 lumine
572 2421 721 2477 dicas
741 2464 757 2489 ,
785 2423 903 2477 sive
928 2422 1152 2477 verbum
1189 2421 1258 2478 de
1287 2422 1457 2478 verbo
1482 2464 1497 2489 ,
1531 2423 1647 2478 sive
1672 2424 1923 2494 spiritum

316 2515 388 2573 de
415 2516 607 2587 Spiritu
630 2557 643 2581 ,
680 2515 795 2571 sive
820 2515 1110 2570 Dominum
1140 2514 1210 2570 de
1240 2515 1502 2582 Domino,
1539 2515 1925 2587 quodcumque

315 2609 385 2664 de
412 2624 479 2663 eo
507 2608 748 2675 dixeris,
780 2608 942 2663 unius
982 2617 1164 2664 tamen
1198 2609 1451 2663 essentize
1482 2609 1699 2665 Patrem
1738 2620 1793 2664 et
1828 2609 1922 2665 Fi-

314 2703 448 2758 lium
478 2704 690 2769 credas,
720 2710 776 2758 et
800 2702 868 2758 de
896 2718 963 2759 eo
994 2703 1113 2771 ipso
1138 2702 1281 2773 quod
1305 2702 1466 2758 Pater
1487 2712 1591 2767 est,
1614 2703 1812 2758 Filium
1838 2705 1921 2759 in-

312 2796 550 2868 telligas.
578 2795 711 2852 Nam
736 2797 781 2851 si
805 2796 1038 2867 aliquam
1064 2797 1528 2867 comparationem
1552 2796 1621 2852 de
1646 2797 1811 2852 rebus
1838 2797 1923 2854 bis

318 2907 442 2964 quae
474 2891 748 2957 videntur,
782 2895 835 2947 ln
864 2907 930 2947 eo
958 2892 1162 2957 facias;
1205 2893 1320 2962 ipsa
1354 2892 1803 2947 dissimilitudine
1835 2909 1922 2950 re-

309 3000 433 3040 rum
467 3001 574 3039 non
606 2984 872 3039 rationem
906 2984 1192 3048 ostendes,
1231 2984 1325 3038 sed
1358 2985 1770 3041 altercationem
1810 2986 1921 3041 dis-

310 3078 660 3150 putationum
691 3076 937 3144 induces,
971 3086 996 3114 ἰ
1023 3085 1082 3131 ut
1106 3078 1261 3147 cujus
1284 3092 1418 3132 voce
1439 3077 1772 3149 descriptum
1798 3089 1879 3135 est
1903 3097 1917 3133 :

2107 1866 2287 1921 natur,
2311 1875 2428 1927 qua:
2448 1861 2582 1914 inter
2609 1861 2819 1915 Patrem
2849 1876 2896 1918 et
2926 1863 3121 1919 Filium
3150 1885 3399 1938 personas
3426 1872 3507 1923 vel
3544 1886 3632 1925 vo-

2106 1950 2291 2005 cabula
2332 1952 2629 2024 distinguit.
2674 1952 2780 2008 Illa
2806 1954 2960 2010 Ratio
2997 1960 3175 2013 multis
3214 1961 3509 2017 nominibus
3539 1980 3633 2034 ap-

2106 2042 2349 2113 pellatur.
2379 2044 2495 2123 Qua
2520 2045 2585 2099 de
2606 2062 2765 2099 causa
2791 2048 3000 2119 singula
3027 2052 3091 2103 de
3114 2048 3260 2105 Filio
3292 2054 3558 2108 dicantur.

2107 2152 2347 2225 Denique
2378 2171 2475 2224 pro
2503 2169 2697 2228 captu,
2743 2174 2841 2229 pro
2889 2161 3100 2217 viribus
3121 2205 3135 2228 ,
3185 2180 3284 2235 pro
3313 2164 3418 2221 ﬁde
3449 2176 3633 2224 nostra

2031 2246 2340 2303 intueamur
2370 2249 2515 2305 Deus
2540 2251 2671 2322 quid
2702 2253 2804 2319 sit,
2845 2262 2902 2310 et
2931 2256 3212 2314 videamus
3237 2275 3305 2314 an
3337 2262 3388 2316 ei
3428 2263 3633 2334 aliquid

2028 2341 2206 2407 possit
2232 2344 2561 2414 comparari.
2588 2344 2751 2400 Certe
2777 2346 2869 2401 hic
2893 2358 3011 2414 est,
3038 2349 3109 2405 de
3132 2367 3240 2422 quo
3268 2362 3321 2409 et
3348 2369 3471 2408 cum
3504 2356 3639 2412 dici-

2030 2438 2134 2500 tur,
2188 2449 2296 2488 non
2348 2446 2529 2504 potest
2574 2436 2719 2492 dici:
2769 2454 2890 2494 cum
2924 2442 3252 2510 aestimatur,
3298 2462 3405 2501 non
3458 2457 3637 2517 potest

2028 2524 2287 2581 aestimari
2315 2545 2328 2581 :
2373 2543 2495 2583 cum
2527 2541 2897 2600 comparatur,
2934 2548 3040 2588 non
3072 2545 3257 2605 potest
3286 2543 3592 2609 comparari
3618 2561 3633 2597 :

2026 2633 2148 2673 cum
2175 2620 2455 2690 deﬁnitur,
2486 2624 2601 2694 ipsa
2634 2639 2730 2680 sua
2758 2626 3075 2684 deﬁnitione
3114 2633 3332 2687 crescit.
3378 2633 3477 2702 Qui
3526 2651 3637 2693 ete-

2027 2711 2139 2765 lum
2168 2728 2328 2769 manu
2357 2730 2455 2769 sua
2486 2717 2684 2785 aperit,
2711 2734 2891 2789 pugno
2914 2736 3131 2776 omnem
3161 2724 3424 2780 ambitum
3449 2729 3637 2785 mundi

2024 2804 2249 2861 claudit.
2305 2809 2476 2876 Quem
2506 2818 2676 2865 totum
2706 2814 2885 2867 omnia
2918 2816 3202 2883 nesciunt,
3254 2828 3311 2874 et
3340 2822 3635 2877 metuendo

2024 2899 2225 2953 sciunt.
2271 2898 2442 2972 Cujus
2473 2903 2681 2958 nomini
2711 2913 2765 2959 et
2792 2905 2979 2960 virtuti
3008 2906 3302 2963 famulatur
3332 2912 3420 2966 hic
3449 2912 3633 2979 orbis,

2022 2999 2078 3046 et
2106 2993 2221 3062 ipsa
2251 2995 2653 3051 elementorum
2700 2998 2802 3053 sihi
2850 3001 3202 3058 suecedentia
3250 3018 3633 3065 momentanea

2025 3086 2345 3144 vicissitudo
2372 3098 2627 3146 testatur.
2665 3092 2797 3147 Vide
2820 3110 2953 3166 ergo
2976 3098 3019 3152 si
3052 3107 3231 3166 potest
3252 3102 3457 3172 aliquid
3482 3119 3625 3171 esse,

310 3170 409 3226 Cui
443 3188 522 3225 me
547 3169 911 3243 comparabitis
960 3169 1128 3243 (Isai.
1162 3186 1310 3237 xnvr,
1358 3169 1503 3244 53)?
1552 3172 1632 3228 Ac
1685 3173 1911 3243 proinde
1940 3167 1987 3231 C
2016 3181 2103 3234 cui
2141 3182 2317 3250 possit
2364 3183 2525 3239 Pater
2573 3190 2878 3256 comparari
2911 3200 2967 3245 et
2995 3189 3199 3259 Filius;
3234 3167 3358 3265 quia
3396 3198 3516 3251 talis
3546 3167 3634 3254 est

308 3263 457 3320 Dens
478 3265 563 3319 cui
595 3264 884 3318 assimilari
917 3262 1053 3318 nihil
1082 3272 1285 3335 potest,
1311 3264 1549 3319 sufﬁciat
1574 3264 1744 3332 credi,
1772 3267 1914 3336 quod

307 3357 429 3428 ipse
454 3358 707 3420 sentitur,
732 3372 893 3426 quem
920 3357 1035 3426 ipse
1061 3357 1208 3412 credi
1234 3370 1294 3412 se
1318 3357 1509 3420 voluit.
1534 3372 1641 3412 non
1663 3358 1910 3414 indicari.

381 3451 627 3521 Denique
644 3450 687 3504 si
703 3450 769 3506 de
785 3450 889 3505 hoc
905 3450 1022 3518 ipso
1042 3451 1185 3520 quod
1204 3465 1414 3506 mecum
1432 3452 1803 3520 proﬁteris,ad
1818 3454 1917 3508 ali-

305 3558 469 3615 quam
501 3542 911 3597 similitudinem
944 3542 1079 3598 velis
1110 3544 1162 3597 in
1200 3545 1309 3598 Deo
1338 3543 1815 3611 conferre,nescio
1843 3562 1910 3600 an

304 3635 451 3706 quod
464 3634 1075 3705 comparaveris,possis
1088 3636 1401 3705 expressius
1414 3635 1642 3689 deﬁnire
1662 3655 1674 3690 :
1694 3646 1748 3690 ut
1760 3646 1908 3706 puta,

305 3742 427 3783 cum
460 3728 598 3783 dicis
628 3727 810 3781 lumen
832 3742 900 3781 ex
929 3728 1154 3793 lumine,
1174 3728 1219 3783 si
1244 3728 1309 3781 ad
1333 3727 1731 3797 explanandum
1757 3729 1909 3783 illum

302 3820 629 3889 scrupulosa
649 3820 959 3874 narratione
976 3819 1208 3890 cogaris,
1224 3836 1409 3890 quIero
1427 3821 1702 3892 quomodo
1723 3820 1908 3877 lumen

300 3927 371 3968 ex
389 3912 594 3965 lumine
619 3911 847 3965 credas?
870 3910 1062 3967 Utrum
1087 3912 1241 3981 quasi
1266 3913 1541 3967 lucernam
1568 3929 1632 3967 ex
1660 3915 1905 3979 lucerna,

298 4004 395 4059 vel
412 4002 566 4072 quasi
585 4003 757 4058 solem
772 4020 838 4059 ex
852 4005 997 4068 sole;
1031 4016 1089 4058 ut
1110 4015 1201 4058 aut
1216 4004 1354 4059 duas
1369 4005 1643 4071 lucernas,
1663 4020 1755 4062 aut
1772 4008 1909 4062 duos

297 4097 473 4164 soles,
489 4098 641 4166 quasi
664 4098 799 4153 duos
826 4098 958 4153 deos
986 4098 1090 4153 sub
1112 4098 1216 4154 hoc
1239 4100 1491 4169 exemplo
1516 4100 1777 4157 inducas?
1798 4104 1907 4157 Aut

297 4188 655 4258 splendorem
688 4188 909 4243 luminis
932 4188 1178 4258 ejusdem
1204 4191 1461 4256 lucernae,
1487 4193 1571 4246 vel
1598 4192 1902 4247 claritatem

298 4279 438 4335 solis
483 4281 552 4335 de
593 4281 789 4336 eodem
838 4282 956 4336 sole
997 4281 1290 4351 fulgentem
1316 4325 1332 4351 ,
1384 4285 1567 4340 lmnen
1601 4286 1667 4340 de
1697 4286 1903 4343 lumine

296 4377 611 4446 consigues,
636 4384 695 4431 ut
723 4378 777 4430 in
807 4377 1090 4431 matricem
1119 4375 1340 4430 luminis
1364 4375 1539 4431 Patris
1562 4376 1792 4446 ﬁguram
1817 4393 1904 4433 as-

297 4467 512 4523 similes
532 4510 546 4534 ,
570 4467 769 4523 Filium
801 4483 935 4523 vero
966 4469 1017 4522 in
1048 4468 1396 4538 Splendorem
1424 4470 1688 4526 claritatis
1717 4484 1904 4528 05ten-

2019 3270 2211 3338 Filius,
2244 3275 2420 3343 qualis
2451 3284 2505 3330 et
2536 3276 2734 3332 Pater:
2764 3296 2869 3335 non
2898 3282 3043 3336 enim
3073 3283 3189 3353 ipse
3218 3302 3278 3340 se
3310 3303 3474 3343 unum
3502 3304 3625 3344 cum

2018 3363 2179 3421 Patre
2206 3366 2434 3435 diceret,
2461 3370 2564 3424 nisi
2598 3371 2759 3427 talem
2792 3389 2875 3440 se,
2908 3376 3083 3444 qualis
3114 3387 3198 3432 est
3227 3378 3409 3448 Pater,
3438 3383 3627 3437 sciret.

2091 3459 2253 3515 Ratio
2284 3461 2533 3531 quaedam
2564 3472 2685 3551 est,
2714 3482 2836 3536 qua:
2873 3468 3019 3539 apud
3050 3468 3272 3527 Graecos
3299 3474 3457 3549 Λόγος
3485 3492 3624 3530 nun-

2015 3566 2265 3625 cupatur,
2290 3559 2575 3627 quaeinter
2597 3561 2813 3617 Patrem
2837 3571 2894 3619 et
2914 3563 3109 3621 Filium
3136 3583 3398 3637 personas
3422 3573 3506 3626 vel
3530 3588 3624 3628 vo-

2014 3648 2208 3703 cabnla
2257 3650 2572 3720 distinguit;
2620 3656 2744 3723 quia
2777 3666 2833 3711 et
2863 3658 2982 3727 ipse
3008 3658 3182 3715 Filius
3210 3661 3370 3716 Ratio
3402 3664 3618 3719 dicitur.

2014 3739 2146 3805 Qua:
2171 3749 2346 3795 tamen
2373 3742 2532 3796 Ratio
2556 3745 2740 3798 multis
2762 3746 3075 3802 nominibus
3097 3751 3431 3818 appellatur:
3458 3755 3621 3809 modo

2016 3827 2253 3884 Verbum
2275 3872 2289 3895 ,
2320 3830 2482 3885 modo
2510 3828 2715 3898 Virtus,
2750 3835 2912 3889 modo
2943 3836 3221 3906 Sapientia
3242 3881 3259 3907 ,
3293 3841 3454 3895 modo
3480 3842 3615 3898 dex-

2014 3930 2151 3989 tera,
2176 3923 2337 3978 modo
2362 3924 2666 3991 brachium,
2687 3928 2852 3983 modo
2877 3933 3189 4001 margarita,
3215 3935 3375 3989 modo
3400 3937 3616 3992 theSau-

2012 4029 2105 4069 rus
2128 4056 2141 4079 ,
2174 4016 2339 4071 modo
2379 4018 2511 4072 retia
2537 4060 2551 4085 ,
2577 4019 2741 4075 modo
2772 4029 3041 4091 aratrum,
3080 4026 3242 4079 modo
3272 4027 3418 4093 fons,
3450 4030 3613 4085 modo

2009 4115 2185 4177 petra,
2216 4108 2379 4164 modo
2407 4110 2545 4181 lapis
2574 4112 2871 4182 angularis,
2906 4114 3071 4169 modo
3099 4132 3288 4188 agnus,
3324 4120 3486 4175 modo
3515 4121 3612 4179 ho-

2010 4218 2119 4268 mo,
2148 4206 2311 4260 modo
2340 4207 2561 4275 vitulus,
2589 4208 2753 4263 modo
2775 4210 2974 4279 aquila,
3002 4212 3164 4266 modo
3186 4213 3291 4277 leo,
3317 4215 3478 4270 modo
3502 4217 3608 4272 via.

2008 4295 2080 4351 Et
2110 4297 2179 4350 ita
2210 4313 2332 4352 cum
2366 4301 2439 4353 sit
2478 4299 2620 4355 Deus
2648 4301 2830 4355 omnia
2862 4303 2914 4356 in
2946 4303 3235 4372 omnibus,
3281 4318 3336 4359 ut
3366 4322 3462 4377 per
3489 4307 3607 4365 haec

2008 4390 2271 4446 vocabula
2303 4390 2607 4445 divinarum
2634 4391 3049 4461 diSpositionnm
3082 4398 3339 4467 mysteria
3377 4414 3610 4469 cognos-

2007 4491 2221 4547 cantur,
2254 4499 2358 4537 non
2390 4493 2447 4538 ut
2475 4484 2589 4554 ipsa
2622 4484 2877 4554 majestas
2923 4485 3043 4541 Filii
3089 4488 3182 4543 Dei
3227 4492 3445 4562 proprie
3472 4493 3604 4549 deﬁ-

297 4560 432 4625 das;
471 4560 615 4630 quod
644 4561 712 4615 de
742 4574 808 4615 eo
839 4560 1101 4628 prOpheta
1141 4560 1370 4614 dixerit:
1416 4560 1571 4631 Apud
1610 4570 1657 4615 te
1686 4571 1757 4617 est
1783 4566 1900 4635 fons
1922 4552 1979 4619 Ῑ)
2007 4578 2113 4631 “ita
2144 4552 2500 4630 monstretur,

297 4654 441 4719 νὶιαῑ,
464 4654 583 4707 etin
614 4654 809 4707 lumine
846 4666 933 4706 tuo
979 4652 1255 4707 videbimus
1301 4654 1471 4708 lumen
1519 4654 1694 4725 (Psal.
1728 4672 1894 4721 xxxv,

297 4748 422 4821 10);
445 4749 531 4804 vel
552 4746 834 4814 Salomon,
854 4765 975 4802 cum
996 4749 1127 4804 dicit
1148 4766 1161 4801 :
1183 4746 1395 4802 Candor
1424 4759 1498 4803 est
1520 4750 1651 4803 lucis
1667 4761 1890 4816 teternaz,

291 4850 348 4894 et
376 4843 636 4910 speculum
665 4842 775 4895 sine
802 4843 1011 4895 macula
1046 4840 1141 4895 Dei
1171 4844 1485 4913 majestatis,
1517 4852 1563 4896 et
1600 4843 1772 4912 imago
1811 4844 1899 4897 bo-

291 4932 478 4986 nitatis
502 4934 642 4986 illius
667 4933 821 5001 (Sap.
856 4948 949 4999 vn,
973 4932 1067 5003 26)
1089 4949 1103 4997 ;
1127 4933 1211 4987 vel
1246 4934 1536 5002 Apostolus
1564 4933 1650 4988 hic
1673 4932 1896 5004 (Coloss.

290 5042 341 5091 ι,
372 5026 459 5097 15)
511 5026 885 5094 prmdicavcrit
936 5026 1275 5082 Salvatorem
1306 5036 1552 5082 nostrum
1600 5028 1894 5098 imaginem

290 5133 420 5174 esse
465 5117 760 5173 invisibilis
806 5120 903 5175 Dei
933 5161 946 5183 ,
993 5135 1059 5175 eo
1089 5121 1232 5189 quod
1262 5122 1439 5191 imago
1464 5120 1492 5159 ι)
1519 5122 1650 5177 solis
1683 5124 1769 5177 lux
1800 5138 1897 5177 sua

289 5214 389 5281 sit,
413 5228 535 5284 qua:
565 5212 634 5267 de
663 5213 856 5268 eodem
887 5215 1004 5270 sole
1032 5217 1299 5286 procedit.

370 5304 479 5360 Sed
517 5313 721 5376 quanta
764 5305 829 5360 ad
862 5305 978 5361 ltmc
1015 5308 1334 5377 reSpOnderi
1370 5321 1596 5380 possunt
1622 5328 1741 5382 quze
1774 5314 1896 5370 lites

287 5408 578 5469 generant,
609 5398 753 5469 quod
784 5398 1080 5469 Apostolus
1110 5402 1363 5471 prohibet
1394 5404 1412 5476 (
1438 5405 1478 5458 Il
1505 5404 1641 5459 Tim.
1672 5422 1731 5471 Il,
1757 5407 1891 5480 24),

289 5495 516 5564 longum
544 5503 627 5549 cst
654 5492 870 5549 dioere:
908 5495 1110 5565 quippe
1136 5512 1259 5551 eum
1288 5508 1503 5554 constet
1536 5500 1717 5556 lumen
1760 5503 1891 5559 illud

370 5641 395 5712 β
420 5632 582 5712 Vigil.
610 5633 743 5712 edit.
770 5635 922 5712 sola:
948 5636 1017 5712 Et
1035 5637 1157 5712 quia
1176 5655 1242 5694 ea:
1264 5655 1380 5693 voce
1405 5638 1499 5695 Dei
1522 5640 1770 5712 scriptum
1795 5654 1891 5699 est.

364 5702 394 5741 δ
412 5702 549 5780 _Vox
570 5706 695 5780 solis
724 5706 777 5760 in
807 5708 939 5762 edit.
968 5702 1331 5776 desideratur,
1358 5728 1519 5780 quam
1547 5728 1576 5765 c
1601 5702 1728 5771 c'od.
1751 5715 1893 5773 Tell.

288 5775 635 5834 restituimus
663 5779 958 5849 integritati
990 5795 1183 5837 sensus
1214 5775 1323 5837 non
1354 5775 1621 5839 inutilem.

740 5871 1021 5934 Pnaon.
1066 5873 1218 5936 XX.

2075 4668 2211 4735 Quid
2246 4678 2326 4723 est
2370 4669 2513 4723 enim
2554 4667 2722 4723 Filius
2752 4669 2821 4726 de
2848 4685 2914 4725 eo
2940 4672 3082 4742 quod
3117 4673 3279 4730 Pater
3304 4678 3420 4730 est?
3445 4676 3600 4733 Alius

2001 4759 2168 4814 idem.
2193 4759 2326 4814 Nam
2359 4772 2379 4798 ε
2406 4769 2462 4815 et
2488 4762 2558 4815 ob
2588 4760 2690 4816 hoc
2722 4762 2959 4817 Verbum
2993 4776 3352 4835 nuncupatur,
3380 4770 3505 4838 quia
3534 4786 3599 4825 ex

2004 4855 2223 4924 prOprio
2261 4854 2445 4909 divino
2475 4870 2571 4911 ore
2600 4857 2892 4925 processit,
2943 4866 2998 4911 et
3038 4857 3171 4911 nihil
3202 4859 3359 4914 Pater
3386 4862 3502 4917 sine
3532 4878 3599 4918 eo

2003 4959 2093 5002 aut
2119 4948 2281 5017 jussit
2312 4956 2403 5002 aut
2432 4946 2581 5003 fecit.
2619 4948 2801 5003 Virtus
2823 4948 3047 5016 dicitur,
3089 4950 3214 5020 quia
3245 4967 3370 5007 vere
3399 4954 3466 5009 de
3493 4955 3602 5010 Deo

2002 5051 2056 5096 et
2084 5056 2301 5111 semper
2338 5056 2460 5094 cum
2496 5041 2605 5095 Deo
2637 5049 2741 5105 est,
2773 5052 2827 5096 et
2859 5041 3039 5097 omnis
3064 5052 3306 5113 potestas
3336 5044 3511 5102 Patris
3546 5048 3601 5102 in

1997 5132 2120 5200 ipso
2167 5134 2435 5188 consistit.
2485 5132 2764 5203 Sapientia
2798 5134 3100 5203 appellatur
3122 5178 3135 5200 ,
3187 5140 3311 5205 quia
3341 5140 3408 5193 de
3435 5143 3601 5197 corde

2000 5223 2178 5279 Patris
2207 5226 2505 5280 adveniens
2529 5267 2544 5292 ,
2579 5240 2774 5280 arcana
2806 5227 3048 5282 cmieSIia
3078 5228 3422 5285 credentibus
3452 5249 3601 5290 rese-

1998 5322 2158 5373 ravit.
2179 5319 2405 5373 Dextera
2429 5329 2795 5388 nuncupatur,
2814 5321 2936 5390 quia
2963 5336 3059 5390 per
3079 5337 3205 5377 eum
3230 5326 3408 5380 onmia
3432 5342 3598 5396 opera

2000 5412 2184 5467 divina
2212 5412 2450 5481 perfecta
2480 5421 2623 5467 sunt.
2660 5413 2949 5468 Brachium
2974 5413 3193 5479 dicitur,
3227 5419 3351 5487 quia
3384 5420 3451 5472 ab
3480 5420 3597 5487 ipso

1999 5506 2180 5561 omnia
2206 5507 2578 5561 continentur.
2602 5506 2895 5577 Margarita
2912 5508 3237 5577 appellatur,
3264 5516 3323 5563 ut
3344 5508 3476 5562 nihil
3501 5509 3591 5563 illa

2073 5658 2100 5720 «ἶ
2141 5647 2329 5720 Amhr.
2354 5646 2507 5720 edit,
2534 5646 2674 5720 Nam
2693 5656 2739 5720 et
2762 5648 2859 5720 hoc
2886 5646 3127 5711 Verbum;
3149 5648 3340 5703 melius
3362 5649 3520 5720 Vigil.
3544 5662 3602 5708 et

2001 5718 2175 5775 codex
2198 5719 2365 5785 Tell.,
2394 5716 2529 5772 Nam
2555 5728 2601 5772 et
2624 5718 2684 5772 ob
2708 5719 2824 5785 hoc,
2849 5718 2902 5773 id
2925 5732 3023 5784 est,
3051 5720 3122 5773 ob
3147 5720 3285 5773 hanc
3317 5716 3456 5788 rem,
3486 5735 3595 5780 etc.

3122 5875 3163 5936 ﬂ
