4200 6180
451 257 526 314 ιδ
958 229 966 236 ’
1498 251 1557 312 s.
1597 252 1958 314 Ριιαιιιιῡιι
1999 251 2063 312 El

2167 251 2221 311 ὓ.
2269 250 2684 312 ΔςιΝΝεΝειε
3695 252 3767 310 Η

451 370 746 444 pretiosius
774 369 1059 428 habeatur.
1113 369 1429 426 Thesaurus
1476 368 1698 434 dicitur,
1743 381 1800 428 ut
1841 372 1892 424 in
1937 371 2056 440 ipso
2083 373 2136 433 Α
2164 378 2266 433 tas,
2295 384 2458 441 quam
2487 368 2718 439 imperia
2747 366 2916 422 divisa
2940 368 2962 422 ?
2991 367 3162 424 Porro
3185 364 3350 424 Pater
3376 379 3439 423 ac
3465 367 3638 423 Filius
3662 369 3764 424 etsi

451 479 642 522 omnes
671 479 804 532 opes
831 473 888 518 et
917 463 1115 518 divitiae
1157 477 1450 532 regnorum
1479 462 1788 518 caelestium
1826 463 2060 519 conditae

451 555 1009 626 agnoscantur.Retia
1043 555 1261 620 dicitur,
1279 556 1405 624 quia
1437 571 1533 625 per
1561 558 1830 626 ipsum,et
1859 557 1912 611 in
1940 557 2060 626 ipso

451 649 520 710 de
547 648 684 704 mari
714 650 896 706 saeculi
929 649 1144 710 diversa
1171 651 1413 719 gentium
1448 650 1742 712 multitudo
1778 651 1920 710 sicut
1949 651 2059 721 pis-

451 743 595 799 ciutn
623 759 722 813 per
745 758 937 812 aquam
965 742 1308 811 baptismatis
1334 743 1390 798 iu
1414 743 1647 798 ecclesia
1667 755 2055 815 congregatur,

451 835 544 890 ubi
559 837 830 898 bonorum
856 835 1234 904 malorumque
1249 834 1544 892 discrimen
1568 837 1901 906 agnoscitur.
1923 835 2056 893 Ara-

451 937 590 983 trum
624 935 989 998 nuncupatur,
1036 929 1163 997 quia
1213 929 1370 997 signo
1410 929 1591 984 crucis
1621 945 1732 984 suae
1765 929 1908 989 dura.
1931 944 2056 995 pec—

447 1029 568 1077 tora
597 1020 978 1086 subjiciuntur,
1011 1029 1036 1058 ι
1063 1029 1120 1076 ιιι
1150 1022 1463 1077 neceSSario
1484 1022 1678 1077 semini
1706 1024 1822 1092 ipsa
1848 1038 2058 1093 ιιι-ωρι-

445 1124 656 1171 rentur.
683 1113 827 1169 Fons
851 1130 1006 1181 aqum
1029 1115 1166 1169 vivre
1193 1117 1517 1185 appellatur,
1542 1119 1665 1187 quia
1689 1133 1752 1174 ex
1780 1133 1848 1173 eo
1866 1119 2056 1173 silicum

451 1208 524 1262 tia
555 1207 722 1266 corda
754 1207 998 1264 caelestis
1035 1223 1192 1277 aqua:
1221 1210 1395 1278 gratia
1428 1209 1740 1279 irrigantur.
1779 1210 1938 1267 Petra
1966 1210 2053 1268 di-

449 1301 614 1368 citur,
643 1302 766 1373 quia
795 1301 1144 1360 credentibus
1167 1301 1560 1366 fortitudinem,
1591 1304 1886 1362 incredulis
1906 1305 2056 1361 duri-

448 1397 578 1452 tiam
612 1404 851 1463 przrstat.
885 1395 1048 1465 Lapis
1075 1397 1350 1466 angularia
1377 1397 1601 1465 dicitur,
1632 1398 1757 1467 quia
1791 1407 2054 1466 utros-lue

447 1490 683 1559 parietes
714 1488 840 1542 novi
866 1498 920 1544 et
949 1489 1152 1543 veteris
1179 1489 1513 1545 Testamenti
1539 1505 1679 1544 unus
1708 1499 1763 1545 et
1788 1491 2056 1546 mediator

445 1581 499 1635 in
533 1580 828 1648 semetipso
871 1580 1156 1634 continens
1185 1579 1478 1648 copulavit.
1524 1584 1708 1650 Agnus
1737 1580 1958 1647 dicitur,
1994 1591 2055 1636 ut

440 1662 750 1730 innocentia
781 1673 981 1728 Christi
1013 1683 1068 1728 et
1099 1674 1280 1742 passio
1311 1673 1739 1728 demonstretur.
1769 1675 1944 1729 Homo
1971 1675 2054 1729 di-

445 1769 609 1831 citur,
657 1767 787 1838 quia
812 1767 1112 1824 secundum
1157 1781 1378 1822 carnem
1421 1777 1646 1837 propter
1677 1784 1773 1822 nos
1803 1768 2052 1824 homines

448 1861 598 1916 nasci
627 1860 881 1930 dignatus
910 1869 1014 1915 est.
1050 1857 1265 1912 Vitulus
1295 1858 1515 1922 dicitur,
1547 1859 1673 1930 quia
1705 1870 1926 1930 propter
1956 1876 2054 1916 no-

446 1966 618 2010 stram
666 1954 897 2008 salutem
951 1953 1062 2020 pati
1108 1950 1386 2005 sustinuit.
1437 1951 1630 2021 Aquila
1676 1952 1898 2018 dicitur,
1931 1953 2054 2020 quia

447 2056 574 2118 post
603 2045 966 2100 venerabilem
997 2045 1475 2110 resurrectionem,
1504 2043 1532 2082 ἱ»
1559 2055 1615 2098 ut
1648 2060 1741 2100 rex
1772 2045 1960 2100 alitum
1988 2044 2054 2101 ad

449 2137 632 2198 Patris
661 2141 910 2212 pervolat
933 2139 1139 2196 sedem.
1185 2137 1298 2194 Leo
1321 2137 1498 2198 dictus
1527 2148 1630 2202 est,
1662 2141 1784 2210 quia
1819 2140 1938 2212 ipse
1974 2149 2060 2195 est

449 2247 545 2292 rex
574 2248 784 2303 regum,
812 2232 904 2302 qui
936 2243 1166 2288 mortem
1198 2247 1260 2288 ac
1283 2233 1534 2288 zabulum
1559 2232 1776 2290 virtutis
1815 2246 1928 2287 suae
1959 2246 2055 2299 po-

450 2333 645 2380 testate
674 2324 1017 2380 comminuit.
1055 2323 1152 2378 Via
1177 2333 1280 2389 est,
1314 2327 1440 2394 quia
1470 2339 1564 2392 per
1595 2323 1770 2392 ipsum
1799 2337 2060 2384 ascensus

449 2428 552 2474 est.
591 2416 822 2480 Veritas.
859 2417 988 2485 quia
1015 2415 1362 2472 mendacium
1400 2416 1592 2473 nescit.
1625 2416 1748 2472 Vita
1779 2427 1884 2481 est,
1931 2415 2060 2486 quia

450 2508 569 2581 ipse
605 2509 856 2570 universa
887 2508 1147 2564 viviﬁcat.

522 2602 687 2660 Vides
711 2618 842 2672 ergo
867 2618 963 2672 per
991 2601 1107 2658 hanc
1128 2602 1396 2660 vocabula
1419 2599 1844 2672 signiﬁcationes
1869 2610 1922 2656 et
1949 2601 2059 2656 dis-

450 2697 786 2767 positionum
813 2707 868 2752 et
893 2713 1120 2767 operum
1151 2697 1468 2756 divinorum
1507 2706 1901 2764 praetistensas;
1953 2713 2062 2749 non

453 2796 634 2853 tamen
662 2790 838 2859 ipsum
871 2790 1038 2844 Deum
1073 2791 1294 2860 proprie
1319 2788 1638 2844 deﬁnitum?
1663 2787 1760 2848 Est
1791 2804 1922 2856 ergo
1963 2787 2063 2842 Pa-

450 2889 534 2935 ter
561 2880 708 2936 Deus
756 2880 1056 2936 immensus
1079 2922 1094 2945 ,
1143 2890 1379 2934 auertitis
1400 2923 1414 2945 ,
1449 2879 2060 2948 metimprehensibilis,

453 2974 874 3031 iurestimabilis.
925 2975 1022 3032 Est
1071 2985 1126 3033 et
1169 2975 1343 3030 Filius
1389 2977 1507 3044 ejus
1543 2975 1683 3030 Dens
1716 2984 1772 3030 et
1799 2975 2064 3030 Dominus

458 3078 665 3132 noster,
694 3077 896 3134 tantus,
920 3076 1155 3138 quantus
1178 3077 1264 3121 est
1282 3074 1338 3120 et
1359 3065 1518 3121 Pater
1540 3085 1550 3120 :
1576 3064 1672 3124 sed
1705 3081 1812 3122 non
1847 3063 2064 3119 aliunde

2159 460 2280 516 duae
2311 477 2560 531 personae
2587 460 2908 522 creduntur,
2941 459 3154 515 ratione
3185 469 3368 516 tamen
3386 469 3442 516 et
3463 462 3766 517 substantia

2158 568 2296 608 unus
2327 565 2470 608 sunt.
2504 553 2636 607 Nam
2661 553 3006 623 intequalium
3035 553 3268 608 societas
3293 553 3536 610 melioris
3557 553 3768 610 olfensa

2157 654 2276 710 est;
2309 655 2363 700 et
2396 647 2447 700 in
2481 645 2732 715 injuriam
2761 644 2879 715 ejus
2906 645 2994 712 qui
3024 659 3184 700 verus
3212 645 3356 700 Deus
3383 655 3486 708 est,
3524 662 3632 701 non
3664 661 3762 702 ve-

2156 754 2250 792 rus
2277 737 2415 792 alius
2440 748 2807 808 comparatur.
2841 737 2984 798 Cum
3007 748 3186 792 autem
3218 752 3319 806 ego
3351 737 3565 792 Patrem
3594 746 3648 793 et
3677 737 3758 794 Fi-

2156 831 2288 886 lium
2315 841 2514 899 statuo,
2546 833 2812 887 unitatem
2840 831 3054 902 generis
3077 832 3325 902 assigno:
3355 842 3410 887 et
3441 833 3494 894 si.
3520 833 3666 888 illam
3705 833 3759 888 in

2158 925 2405 990 personis
2436 923 2648 989 divido;
2675 923 3035 979 disrretiones
3059 931 3235 978 tamen
3264 937 3620 992 personarum
3643 941 3764 980 rur-

2157 1029 2248 1069 sus
2279 1015 2466 1070 eadcm
2502 1015 2718 1070 nomina
2753 1016 2804 1070 in
2835 1015 3097 1071 unitatem
3126 1016 3208 1070 sui
3243 1015 3475 1071 naturali
3509 1017 3640 1088 legis
3667 1015 3760 1072 ιω-

2157 1105 2286 1161 dere
2311 1107 2656 1177 etinsignant.

2229 1197 2383 1254 Unde
2405 1208 2460 1254 et
2486 1207 2667 1253 tantus
2698 1209 2782 1254 est
2811 1198 3003 1266 Filius,
3033 1207 3269 1270 quantus
3293 1197 3561 1254 videbitur
3579 1197 3758 1266 Pater,

2157 1297 2298 1344 totus
2330 1289 2396 1346 de
2431 1299 2564 1356 toto,
2601 1291 2808 1361 integer
2837 1291 2905 1347 de
2935 1291 3148 1363 integro
3173 1334 3188 1358 ,
3240 1290 3514 1362 perfectus
3548 1291 3614 1346 de
3645 1307 3765 1361 per-

2157 1381 2296 1437 fecta
2327 1393 2816 1453 consnmtnataqne
2845 1383 3068 1448 virtute,
3105 1383 3249 1438 sicut
3278 1383 3566 1453 Apostolus
3599 1384 3760 1440 dicit:
3846 1407 3849 1410 ι

2159 1473 2225 1528 1η
2255 1491 2354 1543 quo
2383 1477 2548 1534 omnis
2581 1477 2850 1544 plenitudo
2880 1477 3168 1532 divinitatis
3197 1478 3539 1546 corporaliter
3567 1477 3762 1533 habitat

2160 1566 2178 1636 (
2198 1564 2398 1626 Coloss.
2433 1585 2468 1622 ιι
2490 1611 2503 1634 ,
2533 1568 2624 1635 9).
2670 1569 2804 1624 Nam
2837 1567 2862 1606 ἀ
2894 1579 2948 1625 et
2998 1569 3303 1630 Hieremias
3356 1570 3766 1640 rect-piissimus

2158 1661 2595 1730 protihetarutn,
2643 1660 2785 1718 hanc
2842 1662 3102 1718 unitatem
3149 1661 3450 1726 divinitatis
3500 1664 3552 1720 in
3606 1663 3766 1722 Patre

2090 1758 2132 1814 il
2157 1761 2215 1808 et
2271 1753 2407 1808 Filio
2451 1755 2631 1810 sciens
2666 1754 2787 1810 ait:
2848 1753 2947 1807 Hic
3001 1764 3074 1809 est
3127 1753 3508 1822 Detts‘noster,
3550 1765 3600 1810 et
3657 1772 3764 1814 non

2160 1845 2488 1914 deputabitur
2547 1847 2680 1902 alius
2744 1847 2930 1918 absque
2973 1847 3108 1902 illo:
3174 1849 3262 1918 qui
3312 1849 3501 1908 invenit
3553 1865 3758 1906 omnem

2158 1940 2292 1994 viam
2315 1941 2622 2009 prudentiw,
2647 1950 2696 1996 et
2711 1941 2854 2000 dedit
2876 1957 2988 1996 eam
3005 1937 3169 1995 Iacob
3196 1957 3353 2010 puero
3371 1957 3489 2006 suo,
3513 1953 3560 1994 et
3585 1939 3758 1994 Israel

2161 2031 2350 2087 dilecto
2376 2049 2491 2087 suo.
2525 2032 2653 2090 Post
2683 2033 2793 2088 lucc
2822 2034 2875 2086 in
2905 2035 3055 2091 terris
3087 2034 3220 2088 risus
3252 2043 3347 2097 est,
3377 2042 3565 2088 etcum
3594 2034 3762 2086 homi-

2162 2124 2313 2178 nibus
2353 2137 2683 2182 conversatus
2717 2137 2790 2180 est
2824 2125 3075 2198 (Baruclt.
3107 2141 3188 2192 ιιι,
3217 2124 3431 2195 oti-58).
3475 2125 3539 2179 Et
3567 2124 3763 2180 Esaias

2163 2214 2269 2272 hoc
2323 2216 2498 2286 ipsum
2547 2217 2812 2287 przcdicat
2862 2219 3052 2274 dicens
3095 2236 3108 2274 :
3165 2217 3292 2272 licet:
3343 2217 3467 2278 dicit
3515 2214 3771 2272 Dominus

2167 2308 2354 2366 Deus:
2398 2309 2644 2380 Fatigato
2684 2309 3088 2384 eazEgyptus,
3133 2321 3180 2366 et
3230 2310 3512 2383 negotiatio
3551 2307 3770 2364 zEtltio—

2164 2416 2321 2469 pum;
2348 2412 2392 2456 et
2427 2401 2640 2456 Sabaim
2670 2402 2765 2456 viri
2793 2402 2981 2456 excelsi
3007 2401 3076 2455 ad
3104 2413 3151 2455 te
3175 2401 3430 2456 transient
3459 2416 3476 2454 :
3509 2401 3582 2454 tui
3615 2409 3767 2456 erth

2163 2495 2312 2555 servi,
2345 2503 2390 2546 et
2425 2503 2537 2561 post
2583 2504 2630 2547 te
2672 2493 3016 2548 ambulabunt
3063 2495 3224 2554 vincti.
3263 2493 3617 2563 compedibus.
3647 2503 3694 2546 et
3727 2502 3774 2552 te

2165 2585 2616 2652 deprecabuntur;
2657 2588 2904 2658 quoniam
2946 2589 3000 2642 in
3043 2598 3089 2642 te
3126 2587 3270 2648 Deus
3308 2598 3404 2656 est,
3451 2597 3498 2642 et
3547 2603 3648 2640 non
3695 2594 3772 2640 est

2163 2679 2299 2736 alios
2329 2679 2477 2738 Deus
2502 2692 2689 2753 printer
2716 2694 2763 2738 te
2788 2699 2806 2737 :
2840 2693 2898 2739 tu
2925 2699 2978 2748 es
3008 2684 3143 2738 enim
3175 2682 3318 2738 Deus
3347 2682 3483 2756 (lsa.
3521 2699 3634 2749 nr,
3658 2681 3770 2752 14).

2237 2775 2392 2842 Quid
2428 2791 2496 2830 ne
2529 2785 2686 2845 putes
2726 2792 2811 2832 me
2851 2792 2918 2834 eo
2963 2777 3265 2846 supercilio
3295 2776 3508 2831 dixisse
3539 2791 3644 2845 quo
3676 2773 3776 2829 Sa—

2169 2866 2368 2922 liell‘ius
2396 2867 2592 2934 fertur,
2627 2870 2717 2939 qui
2746 2869 2922 2939 ipsum
2950 2869 3190 2934 Patrem,
3221 2870 3398 2938 ipsum
3425 2867 3618 2926 Filium
3650 2882 3775 2936 pro-

2172 2962 2381 3027 litetur;
2420 2979 2525 3018 non
2572 2965 2642 3018 ita
2677 2978 2774 3018 nos
2809 2974 2978 3018 totum
3013 2963 3067 3018 in
3116 2977 3277 3018 unam
3318 2962 3645 3022 sententiain
3677 2977 3772 3016 co-

2169 3056 2376 3124 gimus,
2427 3066 2486 3118 ut
2521 3055 2758 3112 aliorum
2804 3055 3190 3112 hmreticornm
3234 3053 3423 3112 fraude
3469 3054 3771 3124 capiamur.

454 3175 620 3230 quam
647 3158 714 3214 de
746 3158 903 3212 Patre
928 3176 940 3212 :
967 3158 1098 3229 quia
1118 3157 1254 3229 Ego,
1285 3157 1482 3228 inquit,
1515 3158 1578 3212 de
1606 3156 1760 3212 Patre
1781 3157 1930 3220 exivi,
1962 3158 2063 3212 hoc
2091 3149 2144 3220 (ζ
2171 3147 2280 3203 Sed
2305 3149 2430 3217 quia
2464 3148 2515 3202 in
2545 3149 2665 3216 ipso
2695 3149 2918 3214 nomine
2959 3163 3316 3217 personatum
3358 3149 3658 3204 auctoritas
3692 3150 3773 3208 in-

459 3261 562 3318 est,
597 3251 782 3307 lutneu
810 3249 878 3307 de
913 3251 1137 3306 lumine.

1063 3361 1294 3418 CAPUT
1341 3360 1454 3415 VII.

461 3480 539 3535 De
564 3481 845 3535 remotione
875 3480 1163 3533 occasionis
1190 3480 1378 3534 erroris
1414 3495 1566 3544 quam
1598 3480 1871 3532 Itwreticus
1904 3477 2056 3531 homo

535 3593 596 3630 ea:
618 3574 714 3629 hoc
746 3590 929 3643 capere
946 3583 1134 3646 posset,
1167 3573 1303 3643 quod
1325 3573 1428 3626 duo
1453 3574 1664 3626 nomina
1696 3572 1773 3626 vel
1801 3573 1921 3626 dum
1944 3588 2057 3640 per-

533 3683 692 3732 sonis,
741 3668 795 3720 id
840 3677 932 3732 est,
961 3665 1134 3720 Patris
1159 3675 1208 3720 et
1231 3663 1382 3732 Filii,
1423 3675 1743 3731 statuantur,
1777 3665 1926 3736 quasi
1963 3665 2065 3716 duo

538 3760 614 3814 dii
645 3761 906 3814 dicantur.

536 3895 644 3953 Sed
677 3910 745 3950 ne
773 3909 837 3950 ex
869 3907 936 3950 eo
973 3893 1316 3950 occasionem
1365 3890 1602 3961 aliquam
1653 3889 1942 3946 haereticus
1981 3903 2069 3959 ca.-

469 3990 600 4060 piat,
624 4003 748 4043 cum
777 3985 885 4041 duo
916 3984 1136 4040 nomina
1164 4024 1178 4044 ,
1226 3984 1312 4038 vel
1343 3982 1474 4036 duas
1520 3997 1781 4051 personas
1801 4023 1817 4047 ,
1864 3983 1915 4036 id
1949 3992 2030 4036 est
2055 4023 2071 4047 ,

469 4083 647 4140 Patris
667 4090 720 4142 et
747 4079 866 4135 Filii
895 4087 1098 4145 statuo,
1133 4078 1286 4148 quasi
1319 4077 1454 4132 duos
1481 4077 1610 4132 deos
1641 4077 1817 4132 dicam
1841 4120 1853 4140 ,
1909 4086 1966 4130 ιιι
1995 4076 2072 4132 illi

470 4175 608 4234 duos
633 4188 698 4242 ex
727 4172 1044 4228 diversitate
1073 4170 1423 4242 contingunt:
1457 4185 1556 4225 nos
1586 4179 1767 4224 autem
1791 4169 2002 4224 Patrem
2023 4178 2078 4224 et

476 4267 670 4322 Filium
704 4266 774 4320 ita
807 4263 1174 4329 nominan‘ius,
1203 4270 1261 4316 ut
1291 4278 1458 4317 unum
1492 4262 1659 4318 Deum
1691 4261 1742 4316 in
1776 4261 1860 4316 his
1891 4275 2080 4330 perso-

477 4361 566 4417 nis
594 4368 649 4416 et
681 4359 998 4420 nominibus
1024 4357 1428 4425 consignemus.
1455 4354 1708 4410 Viderint
1732 4353 2036 4424 philosophi
2061 4397 2076 4420 ,

475 4455 718 4524 viderint
736 4453 981 4512 haeretici
1009 4447 1262 4518 discipuli
1286 4464 1500 4515 eorum,
1527 4447 1617 4518 qui
1646 4457 1976 4516 potesmtum
2001 4447 2081 4500 di-

2166 3242 2402 3298 discreta
2429 3242 2799 3309 cognoscitur.
2836 3250 2892 3297 ct
2913 3241 3092 3302 Filius
3119 3257 3225 3296 non
3255 3257 3481 3311 genere,
3515 3241 3611 3296 sed
3644 3257 3768 3310 per-

2168 3336 2438 3392 sonaliter
2465 3352 2492 3388 a
2523 3335 2685 3392 Patre
2724 3336 3072 3399 nominatur;
3118 3335 3350 3404 proinde
3399 3345 3570 3392 iouini
3620 3335 3766 3390 Patri

2169 3428 2517 3493 ascribimus,
2549 3428 2693 3496 quod
2743 3437 2830 3484 est
2869 3428 3074 3493 Filius;
3105 3438 3162 3483 et
3201 3438 3372 3486 totum
3419 3427 3600 3494 Filio,
3629 3427 3773 3498 quod

2171 3520 2332 3574 Pater
2372 3531 2477 3577 ρει.
2522 3519 2662 3576 Nihil
2708 3536 2814 3578 non
2870 3521 3145 3577 videbitur
3193 3520 3398 3586 Patris,
3442 3520 3586 3589 quod
3621 3519 3776 3588 judi—

2171 3612 2386 3668 cahitur
2436 3611 2558 3666 Filii
2602 3629 2616 3666 :
2663 3628 2764 3668 nec
2819 3611 2968 3679 Filii,
3017 3611 3164 3682 quod
3210 3612 3523 3667 delenditur
3575 3611 3776 3675 Patris;

2170 3705 2295 3774 quia
2327 3704 2506 3759 unitas
2549 3703 2853 3773 maiestatis
2889 3719 2995 3759 non
3025 3706 3158 3760 sinit.
3197 3703 3331 3758 deos
3376 3702 3571 3772 plurali
3604 3717 3774 3757 voca-

2174 3795 2301 3850 bulo
2330 3794 2598 3865 appellari
2631 3811 2645 3848 :
2676 3796 2881 3864 quippe
2918 3811 3042 3849 cuni
3073 3803 3292 3852 constet
3329 3794 3548 3856 Patrem
3591 3801 3646 3849 et
3685 3794 3776 3848 Fi—

2172 3885 2304 3940 lium
2330 3885 2492 3940 unius
2509 3899 2634 3942 esse
2655 3885 2999 3951 substantia},
3026 3885 3173 3942 unde
3201 3895 3434 3956 uterque
3461 3902 3604 3949 unus
3629 3885 3776 3946 Deus

2177 3989 2266 4036 cst
2294 3980 2494 4036 dictus.

2249 4073 2385 4140 lgllud
2413 4083 2540 4130 ante
2575 4083 2769 4129 cuncta
2800 4083 3132 4139 metuentes,
3169 4083 3190 4110 ο
3221 4075 3348 4143 quia
3379 4074 3484 4138 nisi
3522 4074 3684 4130 Pater
3725 4082 3783 4132 et

2179 4168 2352 4224 Filius
2385 4184 2550 4224 unum
2575 4182 2684 4223 non
2714 4169 2849 4234 sint,
2884 4169 2937 4224 in
2971 4169 3232 4226 invidiam
3265 4180 3516 4228 recurrat.
3537 4170 3792 4230 auctoris.

2185 4263 2514 4330 interpolata
2561 4265 2857 4329 nativitas;
2901 4263 3006 4320 hoc
3046 4264 3196 4320 enim
3234 4263 3444 4335 placuit
3485 4263 3782 4327 haereticis,

2183 4364 2238 4408 nt
2271 4355 2411 4410 Dens
2441 4354 2536 4418 ille
2556 4355 2932 4424 omnipOtens,
2955 4353 3270 4421 invisibilis,
3296 4356 3592 4412 immensus
3621 4355 3785 4424 dege—

2185 4454 2405 4500 nerarct
2445 4445 2498 4500 in
2544 4445 2706 4510 Filio,
2744 4449 2756 4482 ί
2796 4461 2900 4502 non
2947 4447 3110 4504 modo
3136 4455 3432 4515 potestate,
3464 4447 3558 4502 sed
3597 4445 3783 4502 condi-

476 4547 741 4603 versitate
764 4544 1071 4599 variantur:
1100 4539 1262 4594 Nobis
1283 4549 1461 4594 tamen
1487 4555 1620 4591 unus
1645 4536 1879 4594 Deusest
1900 4536 2080 4604 Pater,
2113 4537 2339 4603 “tione
2391 4548 2618 4603 mutata,
2654 4539 2809 4608 quasi
2851 4554 2958 4594 non
3013 4538 3252 4608 potuerit
3296 4537 3459 4594 Pater
3487 4537 3553 4591 dt:
3576 4547 3781 4593 seruet-

473 4650 536 4698 ttt
566 4639 856 4709 Apostolus
886 4635 1023 4696 dixit
1063 4633 1110 4704 ll
1140 4632 1258 4690 Cor.
1290 4648 1404 4698 Vlll,
1439 4632 1494 4702 6)
1515 4673 1528 4692 .
1563 4648 1623 4685 cm
1650 4648 1751 4700 quo
1785 4632 1991 4696 omnia;
2036 4641 2083 4684 et

479 4751 572 4798 nos
600 4751 664 4790 ea:
691 4734 845 4802 ipso:
885 4741 933 4784 et
967 4744 1096 4783 unus
1142 4725 1400 4780 Dominus
1438 4723 1590 4779 Jcsus
1629 4724 1864 4780 Christus
1891 4765 1906 4789 ,
1942 4724 2084 4782 Dens

481 4827 575 4882 Dei
609 4823 802 4887 Filius,
837 4838 924 4891 per
950 4835 1100 4890 quem
1130 4818 1344 4883 omnia;
1377 4826 1423 4870 et
1455 4832 1546 4870 nos
1576 4832 1667 4887 per
1697 4816 1882 4884 ipsum.

555 4917 688 4974 Nam
717 4930 810 4984 per
841 4913 947 4967 duo
971 4910 1098 4980 quid
1125 4909 1270 4964 aliud
1299 4909 1644 4978 intelligitur,
1667 4923 1825 4978 quam
1850 4907 2080 4962 duorum

489 5025 584 5080 per
629 5018 807 5076 partes
851 5005 1024 5062 divisa
1073 5003 1404 5068 substantia,
1441 5013 1461 5038 ο
1494 5011 1550 5056 et
1597 5017 1721 5056 cuin
1773 5003 2084 5058 nominibus

487 5101 622 5172 ipsis
637 5097 929 5154 dissociata
963 5105 1158 5152 natura
1182 5093 1376 5165 agendi
1404 5109 1466 5150 ac
1490 5093 1717 5165 jubentli
1747 5103 1852 5150 tam
1884 5097 2078 5156 volun-

559 5296 582 5321 ιι
624 5281 769 5340 Edil.
800 5279 1013 5342 Ambr.,
1053 5288 1106 5332 ut
1137 5278 1482 5332 necessariam
1509 5277 1562 5336 in
1588 5277 1733 5348 ipsa;
1765 5278 1885 5334 cod.
1911 5277 2073 5343 Tell.,

489 5368 542 5412 ut
575 5355 860 5410 necessaria
891 5351 943 5405 in
972 5352 1120 5421 ipsa:
1153 5348 1555 5421 optimeiVigil.
1580 5349 1717 5421 utin
1751 5358 1921 5402 textu.

560 5427 588 5466 ιι
628 5427 702 5481 Ita
732 5424 897 5478 codex
923 5419 1060 5476 Tell.
1095 5431 1147 5474 et
1177 5421 1304 5476 edit.
1343 5420 1496 5489 Vigil.
1531 5419 1718 5474 Atnbr.
1748 5436 1874 5473 vero
1902 5431 1957 5474 ut
1989 5438 2080 5475 rex

486 5502 646 5556 altam
668 5497 734 5550 ad
760 5495 957 5556 Hatria,
986 5503 1091 5547 etc.

567 5582 588 5610 ε
632 5567 818 5625 Auibr.
853 5567 983 5619 edit.
1012 5579 1132 5618 eum
1161 5562 1282 5615 cod.
1312 5561 1446 5616 Tell.
1481 5571 1530 5616 et
1564 5562 1720 5627 Lait.,
1753 5573 1796 5614 et
1822 5577 1936 5616 cum
1971 5578 2079 5614 om-

495 5643 641 5696 nibus
664 5641 762 5709 ipsi
793 5637 1100 5709 dissociata;
1133 5633 1288 5709 Vigil.
1316 5633 1656 5709 colltflltltlllj,
1685 5644 1744 5709 ut
1771 5634 1821 5709 in
1855 5642 2022 5709 testu.

567 5711 594 5749 ά
633 5703 790 5766 Boni.
821 5710 948 5764 edit.
979 5707 1112 5766 sola,
1145 5704 1286 5759 Nam
1311 5715 1356 5758 et
1378 5703 1566 5758 Barac.
1592 5704 1701 5758 Sed
1719 5715 1775 5758 et
1799 5704 1940 5759 hunc
1962 5703 2078 5758 ﬂic-

492 5781 678 5840 remiae
707 5781 923 5836 nomine
959 5777 1122 5835 etiam
1159 5774 1228 5832 ab
1267 5775 1558 5832 Ambmsio
1585 5773 1738 5831 citari
1765 5789 1874 5830 non
1904 5775 2078 5831 semel

2195 4633 2313 4702 ipso
2353 4633 2518 4692 talem
2551 4633 2782 4698 habere,
2820 4633 3000 4702 qualis
3028 4640 3088 4688 et
3123 4634 3238 4701 ipse
3278 4642 3380 4686 est.
3421 4632 3655 4688 Proinde
3685 4647 3786 4692 nos

2191 4741 2377 4784 verum
2405 4725 2600 4786 Filium
2632 4726 2701 4781 de
2725 4739 2858 4781 vero
2889 4725 3071 4789 Patre,
3095 4724 3184 4794 qui
3211 4739 3428 4793 semper
3461 4722 3580 4788 luit,
3609 4733 3666 4781 et
3703 4733 3794 4788 est

2194 4819 2358 4874 unius
2407 4817 2728 4878 substantiae
2763 4831 2887 4871 cum
2931 4816 3116 4876 Patre.
3163 4815 3527 4871 delendimus.
3575 4817 3644 4872 Et
3679 4817 3788 4874 hoc

2190 4921 2294 4976 est,
2327 4910 2470 4980 quod
2493 4909 2951 4981 Grmciéuoobaiou
2981 4909 3280 4978 appellant.
3311 4909 3362 4963 id
3391 4919 3496 4977 est,
3527 4927 3650 4964 tum
3679 4928 3786 4966 uno

2189 5002 2338 5060 aliud
2370 5004 2579 5072 ipsum;
2606 5012 2629 5049 8
2665 5010 2725 5056 ιιι
2745 5015 2996 5071 personae
3021 5000 3307 5059 audientia
3339 5003 3659 5059 nominatim
3691 5003 3788 5062 lie-

2192 5105 2336 5163 rcnt,
2360 5105 2419 5154 et
2441 5111 2550 5152 non
2574 5105 2635 5149 ut
2655 5093 3020 5150 substantiam
3047 5093 3309 5150 vocabula
3343 5107 3687 5168 separarent.

2187 5279 2473 5334 advertere
2503 5277 2647 5333 licet.

2264 5360 2286 5387 ε
2329 5350 2447 5406 Vel.
2480 5348 2812 5420 etlit.,_qitod
2842 5348 2927 5401 ubi
2960 5347 3150 5416 Pater;
3183 5349 3377 5420 Vigil.,
3431 5367 3492 5402 ne
3521 5352 3565 5404 si
3593 5349 3787 5419 Pater;

2189 5437 2347 5486 mss.,
2374 5422 2494 5489 quia
2515 5421 2612 5473 nisi
2650 5418 2831 5473 Pater.
2866 5426 2934 5474 At
2963 5438 3078 5489 seq.
3115 5418 3360 5474 tnernhro
3387 5420 3475 5474 ubi
3509 5432 3616 5475 vet.
3647 5418 3782 5476 edit.

2187 5508 2249 5546 ac
2279 5499 2407 5548 mss.
2441 5491 2636 5546 invidia
2662 5502 2916 5556 recurrat,
2944 5494 3116 5548 multo
3139 5492 3334 5545 melius
3362 5490 3545 5560 Vigil.,
3578 5494 3630 5546 in
3651 5494 3784 5546 iuvi-

2187 5565 2329 5617 diam
2358 5573 2610 5618 recurrat.

2213 5677 2225 5691 .
2262 5637 2276 5672 ¹
2329 5640 2402 5689 Ita
2432 5636 2562 5688 edit.
2591 5634 2748 5703 Vigil.
2781 5648 2904 5687 cum
2935 5633 2988 5686 in
3035 5631 3160 5703 aliis
3204 5647 3267 5686 ac
3314 5647 3443 5686 mss.
3482 5633 3780 5690 habeatur:

2190 5704 2312 5761 Non
2341 5711 2491 5759 modo
2521 5702 2684 5772 potest
2709 5721 2816 5759 esse
2841 5706 2906 5756 de
2931 5702 3257 5767 conditione;
3289 5704 3444 5758 nullo
3472 5721 3657 5763 sensu.
3728 5709 3738 5714 ”

2259 5786 2283 5824 ις
2333 5775 2451 5830 Vet.
2506 5774 2637 5831 edit.
2660 5815 2678 5842 ,
2731 5785 2784 5828 ut
2865 5788 3097 5842 personat
3145 5773 3406 5832 audientis
3461 5777 3780 5833 nominatim.
