4194 6192
383 324 453 379 45
926 327 1016 384 DE
1057 326 1222 386 FiLll
1262 326 1669 387 DlVlNl’l'ATE
1711 328 1799 386 ET
1839 328 2673 389 CONSUBSTANTIALITATE
2715 332 3151 395 TRACTATUS.
3626 340 3695 396 ιο

981 439 1211 499 CAPUT
1256 440 1389 497 Vill.

389 574 663 633 "(pressos
687 576 894 632 Arianae
918 580 1225 650 mysterium
1258 579 1533 652 detegitur.
1566 577 1672 633 Cur
1703 577 1901 633 Filium
1924 580 1987 633 de

458 672 746 727 substantia
778 670 955 726 Patris
983 674 1124 728 credi
1169 674 1354 727 nolint.
1404 672 1613 727 Arionis
1662 673 1981 744 argumentis

458 768 814 836 respondetur.
866 766 1094 822 Multum
1142 769 1353 822 interest
1402 768 1536 822 inter
1582 784 1642 822 ea
1686 783 1799 837 qua:
1841 770 1983 837 facta

456 868 603 925 sunt,
648 868 695 913 et
736 876 850 913 eum
896 861 984 930 qui
1011 861 1183 914 omnia
1229 861 1371 931 fecit.
1430 859 1882 927 Quemadmodum
1930 861 1983 914 in

453 953 629 1007 multis
658 970 719 1006 ac
746 954 900 1007 variis
932 954 1116 1026 ﬁguris
1156 950 1297 1008 Deus
1325 970 1379 1008 se
1421 953 1659 1025 patribus
1677 954 1983 1019 ostenderit,

449 1045 535 1113 qui
565 1055 737 1099 tamen
760 1046 1039 1099 secundum
1063 1046 1303 1100 deitatem
1331 1046 1492 1101 uideri
1517 1062 1618 1100 non
1648 1046 1834 1117 potuit.
1862 1044 1981 1099 Dis-

450 1138 738 1207 putatiom‘s
768 1138 1055 1192 conclusio.

451 1272 571 1328 Sed
609 1283 673 1328 ut
708 1288 873 1329 omne
921 1276 1239 1346 mysterium
1282 1275 1509 1332 haeresis
1541 1277 1758 1331 Arianae
1806 1278 1987 1331 tradu-

378 1384 536 1435 cum;
560 1384 658 1425 cur
694 1368 865 1423 nolim
904 1370 1103 1424 Filium
1134 1370 1202 1426 de
1242 1371 1423 1426 Patris
1458 1371 1765 1427 substantia
1809 1370 1984 1436 credi,

378 1462 623 1518 breviter
651 1462 935 1517 intimabo.
971 1463 1141 1517 Aiunt
1162 1464 1307 1517 enim
1337 1481 1350 1518 :
1380 1464 1513 1518 Cum
1541 1464 1615 1517 sit
1645 1463 1787 1517 Deus
1820 1463 1986 1517 Pater

380 1555 751 1624 omnipotens,
793 1554 1125 1621 invisibilis,
1167 1554 1627 1622 inconvertibilis,
1669 1555 1984 1609 immutabi—

381 1645 469 1709 lis,
502 1645 803 1714 perfectus.
849 1662 1072 1716 semper
1120 1647 1284 1713 idem,
1332 1659 1571 1702 mternus
1605 1664 1617 1699 :
1655 1646 1823 1703 Filius
1852 1662 1983 1703 vero

378 1730 637 1804 visibilis,
668 1741 797 1811 quia
828 1755 974 1811 stupe
1008 1742 1253 1811 patribus
1281 1742 1429 1796 visus
1466 1752 1583 1806 est;
1617 1749 1672 1796 et
1708 1744 1984 1797 converti-

2017 450 2072 510 Α
2096 440 2327 508 fuerant;
2368 452 2426 498 ut
2463 442 2628 500 limus
2658 460 2779 501 cum
2811 446 2864 501 in
2909 448 3185 506 hominem
3219 450 3505 522 ﬁguratur,
3536 452 3699 509 limus

2085 547 2210 589 esse
2232 535 2346 603 jam
2392 534 2635 591 desinit:
2663 546 2756 592 aut
2786 540 2988 609 pisces,
3023 550 3116 596 aut
3144 557 3273 598 aves
3295 558 3417 599 cum
3450 543 3519 599 de
3558 560 3695 616 aqua

2088 627 2412 696 procedunt,
2445 645 2510 684 ex
2542 633 2739 701 eojam
2773 648 2880 687 non
2900 636 3203 707 aqua,qui:i
3230 637 3414 692 aliud:
3442 647 3499 694 ut
3523 641 3695 695 lutum

2086 721 2255 791 ﬁguli,
2283 736 2405 777 cum
2429 725 2694 779 solidatur
2720 726 2771 779 in
2804 734 3000 783 testam
3036 747 3047 782 :
3075 740 3130 785 ut
3154 730 3315 801 lapis,
3343 746 3467 787 cum
3498 733 3699 789 dissol-

2089 812 2236 867 vitur
2262 812 2521 870 decoctus
2549 816 2604 870 in
2636 817 2841 873 calcem
2871 836 2882 872 :
2916 829 2975 875 ut
3000 836 3189 889 arena,
3216 836 3339 879 cutn
3371 835 3613 881 mutatur
3638 826 3693 881 in

2088 907 2309 973 vitrum,
2356 917 2411 963 et
2449 919 2647 966 caetera
2693 927 2813 983 quae
2862 913 3080 985 longum
3114 928 3198 972 est
3227 933 3540 977 recensere.
3587 920 3694 978 Sed

2086 998 2319 1053 multum
2367 1000 2635 1069 interest,
2700 1004 2871 1060 stulte
2923 1006 3208 1076 haeretica,
3259 1010 3402 1067 inter
3460 1026 3522 1068 ea
3574 1029 3694 1084 qua:

2088 1089 2228 1146 facta
2263 1103 2409 1160 sunt,
2437 1104 2493 1149 et
2518 1109 2640 1150 eum
2669 1096 2759 1167 qui
2777 1099 2984 1167 omnia,
3011 1101 3474 1172 quemadmodum
3501 1107 3692 1171 voluit,

2088 1183 2237 1239 fecit.
2259 1185 2392 1252 Quae
2413 1185 2549 1242 facta
2572 1196 2720 1255 sunt,
2744 1191 2997 1263 ascripta:
3021 1193 3320 1252 conditioni
3344 1198 3657 1255 deserviunt
3682 1219 3694 1254 :

2087 1275 2179 1345 qui
2213 1292 2341 1331 vero
2370 1279 2516 1344 ibeil,
2563 1294 2679 1335 suae
2709 1284 3017 1352 voluntatis
3058 1297 3112 1341 et
3152 1291 3361 1361 proprii
3405 1292 3548 1361 juris
3594 1306 3702 1349 est.

2085 1367 2272 1439 Neque
2295 1380 2475 1441 potest
2500 1374 2552 1427 in
2582 1372 2752 1441 aliud,
2773 1391 2934 1446 quam
2956 1378 3105 1448 quod
3121 1392 3222 1449 est,
3243 1382 3425 1454 aliquo
3447 1397 3697 1457 cogente,

2068 1461 2286 1515 mutari
2316 1462 2451 1519 :sed
2482 1475 2641 1533 prout
2670 1468 2813 1534 vult,
2850 1476 2907 1524 et
2936 1473 3023 1526 cui
3066 1473 3201 1541 vult,
3235 1489 3294 1531 se
3332 1476 3700 1535 demonstrat.

2088 1554 2219 1609 Nam
2250 1555 2299 1611 si
2330 1558 2517 1628 angeli
2554 1564 2606 1614 in
2643 1560 2819 1631 ﬁgura
2853 1564 3136 1621 hominum
3164 1583 3313 1640 smpe
3343 1580 3475 1627 sunt
3500 1574 3623 1641 visi,
3650 1582 3705 1630 et

2088 1658 2268 1707 tamen
2305 1652 2452 1707 aliud
2501 1668 2611 1709 non
2646 1664 2793 1723 sunt,
2820 1672 2981 1728 quam
3014 1662 3159 1731 quod
3189 1678 3252 1719 se
3305 1679 3426 1721 esse
3471 1680 3696 1737 norunt,

2087 1756 2267 1812 neque
2300 1743 2663 1801 substantiam
2714 1757 2949 1816 mutant,
3002 1766 3127 1808 cum
3178 1753 3430 1821 formam,
3472 1758 3696 1817 humani

378 1832 507 1888 bilis
533 1844 697 1902 atque
722 1834 1020 1899 mutabilis,
1045 1834 1171 1905 quia
1196 1834 1249 1888 in
1272 1837 1435 1889 variis
1465 1834 1651 1906 figuris
1675 1836 1982 1906 quibusque
2015 1836 2071 1899 BI
2088 1838 2341 1906 corporis
2363 1851 2620 1906 sumunt;
2648 1850 2853 1911 quanto
2876 1847 3047 1916 magis
3069 1849 3187 1915 ipse
3209 1849 3471 1906 Dominus
3488 1863 3699 1919 noster.

377 1940 501 1981 sese
559 1928 892 1981 monstravit
922 1944 934 1979 :
962 1926 1052 1995 qui
1099 1926 1147 1981 si
1175 1928 1242 1980 de
1274 1926 1481 1994 Patris,
1527 1927 1798 1997 inquiunt,
1838 1936 1985 1982 esset

378 2018 706 2084 substantia,
735 2034 1041 2087 numquam
1066 2020 1180 2073 ﬁeri
1209 2028 1412 2088 posset,
1442 2028 1502 2073 ut
1530 2028 1657 2073 ante
1682 2020 1865 2073 carnis
1896 2034 1984 2073 as-

378 2112 747 2179 sumptione»:
780 2120 872 2164 aut
903 2111 1139 2166 visibilis
1188 2121 1283 2165 aut
1324 2111 1598 2167 mutabilis
1627 2121 1980 2176 cerneretur;

378 2202 513 2270 quin
558 2202 737 2270 potius
778 2201 829 2255 in
878 2204 1190 2273 aequalitate
1232 2216 1337 2272 qua
1386 2202 1545 2258 Pater
1592 2214 1695 2267 est,
1736 2218 1983 2272 perman-

377 2296 565 2360 sisset,
596 2310 681 2376 ex’
690 2294 846 2365 cujus
879 2295 1186 2352 substantia
1215 2306 1366 2361 erat;
1401 2299 1527 2364 quia
1553 2297 1693 2367 quod
1726 2298 1793 2351 de
1822 2296 1982 2351 Patre

378 2398 486 2454 est,
509 2402 612 2444 nec
645 2388 852 2455 videri,
881 2403 982 2445 nec
1015 2388 1237 2456 mutari,
1274 2403 1372 2444 nec
1399 2390 1649 2445 converti
1682 2404 1843 2459 posse
1866 2403 1985 2443 cre-

378 2481 621 2537 deudum
656 2494 760 2537 est.
1094 2530 1097 2532 .

454 2573 683 2630 Accedit.
705 2573 779 2629 ad
806 2588 1051 2638 causam,
1086 2576 1211 2643 quia
1245 2590 1367 2627 etnu
1410 2574 1638 2643 illapsus
1668 2584 1752 2628 est
1782 2575 1832 2628 in
1875 2574 1987 2627 Ma-

380 2670 545 2737 riam,
575 2686 703 2725 eum
749 2669 988 2739 Virginis
1034 2678 1246 2723 uterum
1292 2670 1563 2738 opplevit;
1607 2667 1752 2721 aliud
1797 2668 1988 2735 utique

380 2776 447 2817 cs
481 2763 590 2826 illa,
624 2778 785 2833 quam
817 2761 963 2832 quod
994 2770 1240 2827 venerat,
1286 2771 1473 2816 natum
1515 2770 1619 2815 est.
1655 2759 1811 2815 Unde
1847 2760 1982 2830 jam,

379 2853 656 2924 inquiunt,
682 2868 943 2924 corrupta
975 2853 1280 2909 substantia
1309 2863 1333 2889 ιι
1364 2861 1565 2907 statum
1600 2853 1801 2917 vertit,
1832 2851 1984 2906 ordi-

385 2962 513 3002 nem
543 2946 745 3018 perdit,
785 2946 1052 3003 continuo
1097 2946 1476 3002 immutatione
1506 2948 1620 3017 ipsa
1668 2944 1987 3001 formandus

381 3040 451 3097 de
478 3042 589 3097 Deo
616 3042 671 3096 in
703 3040 1007 3109 hominem,
1035 3041 1103 3096 de
1124 3042 1317 3112 spiritu
1352 3042 1678 3096 iucurnem.
1707 3042 1772 3096 Et
1801 3041 1984 3111 utique

385 3134 671 3189 translatio
696 3136 875 3190 omnis
903 3134 1256 3204 interemptio
1283 3145 1368 3189 est
1390 3134 1628 3204 pristini.
1662 3137 1740 3189 Ac
1763 3150 1862 3204 per
1881 3134 1986 3189 hoc

380 3227 570 3284 aiunt:
606 3227 666 3284 Si
696 3227 871 3283 Filius
912 3227 983 3283 de
1023 3227 1202 3282 Patris
1244 3227 1549 3283 substantia
1591 3236 1759 3293 esset,
1785 3226 1897 3297 jam
1930 3236 1985 3281 et
2013 3238 2061 3300 ρ

384 3322 603 3378 Patrem
643 3325 914 3378 minorem
957 3321 1132 3377 videri
1173 3322 1495 3377 substantiae
1532 3337 1643 3377 sua:
1684 3321 1769 3376 vel
1820 3321 1986 3376 tradi-

386 3415 559 3479 tione,
592 3415 677 3467 vel
708 3412 817 3469 ﬁne
845 3430 859 3468 :
890 3422 946 3468 et
976 3412 1206 3484 proinde
1236 3412 1433 3467 Filium
1480 3428 1548 3467 ex
1581 3412 1686 3467 alia
1727 3412 1984 3467 substan-

395 3510 473 3563 tia
490 3507 724 3563 credere
752 3509 1078 3573 maluerunt,
1120 3508 1264 3575 quod
1291 3507 1559 3571 converti,
1590 3515 1650 3561 et
1676 3505 1898 3571 mutari,
1931 3514 1986 3559 et

386 3601 564 3656 videri
596 3600 801 3670 possit;
842 3600 965 3671 quia
995 3601 1100 3656 hoc
1136 3600 1205 3655 de
1255 3599 1435 3654 Patris
1479 3599 1786 3655 substantia
1830 3597 1985 3653 credi

387 3709 495 3751 non
524 3694 710 3749 liceat.

457 3788 586 3845 Haec
604 3798 883 3845 estcausa
909 3788 1140 3855 erroris,
1171 3788 1289 3844 lucc
1312 3788 1469 3859 origo
1493 3783 1718 3841 lmresis
1737 3784 1983 3839 Arianae:

386 3884 515 3940 dum
537 3899 651 3940 non
675 3884 983 3955 intelligunt
1004 3885 1259 3939 virtutem
1289 3884 1409 3950 Dei,
1436 3898 1615 3953 neque
1646 3883 1781 3937 tanti
1807 3895 1991 3937 sacra-

388 3978 561 4033 menti
601 3978 1018 4048 dispositionem
1052 3988 1379 4047 agnoscunt,
1424 3986 1487 4032 ut.
1520 3977 1689 4032 Deum
1736 3975 1997 4029 humanis

385 4071 789 4128 conditionibus
827 4082 1168 4141 comparent.
1214 4070 1241 4109 ι’
1281 4070 1489 4138 Quibus
1536 4066 1987 4139 primoPrespou—

386 4162 629 4221 diendum
658 4164 716 4218 in
746 4163 872 4219 loco
902 4162 1100 4218 Filium
1150 4162 1243 4217 Dei
1272 4177 1383 4216 non
1410 4162 1482 4215 ita
1524 4162 1721 4226 visum,
1753 4168 1811 4213 ut
1848 4159 1995 4213 Deus

386 4266 525 4323 erat,
572 4256 668 4311 sed
700 4265 759 4311 ut
787 4256 953 4311 homo
994 4271 1193 4326 capere
1225 4264 1439 4325 poterat
1485 4256 1552 4310 de
1602 4255 1750 4317 Deo;
1792 4253 1992 4309 deinde

388 4350 559 4404 variis
579 4349 766 4420 ﬁguris
795 4364 905 4404 non
938 4349 1265 4403 mutabilem
1280 4358 1339 4403 et
1368 4347 1787 4403 convertibilem
1815 4347 1989 4417 ipsum

389 4456 534 4506 esse,
564 4442 659 4498 sed
690 4443 795 4497 hoc
820 4456 945 4496 esse
974 4442 1233 4510 potentiae
1269 4441 1386 4506 Dei,
1416 4449 1471 4494 ut
1498 4456 1620 4495 eum
1653 4454 1715 4494 se
1744 4438 1989 4509 singulis,

393 4543 563 4604 prout.
589 4532 725 4599 vult,
757 4534 1009 4589 revelare
1036 4532 1316 4604 dignatur,
1348 4532 1595 4586 habitum
1644 4539 1839 4597 mutet,
1885 4546 1992 4584 non

2089 1934 2179 2000 qui
2224 1932 2406 1987 omnia
2439 1934 2590 1998 fecit,
2625 1935 2716 2005 qui
2756 1936 2891 2006 ipsis
2934 1941 3167 2011 angelis,
3202 1948 3263 1997 ut
3315 1943 3419 2000 lioc
3451 1958 3696 2017 possent,

2088 2038 2183 2077 sua
2215 2023 2565 2081 institutione
2595 2029 2908 2083 concessit?

2165 2119 2278 2173 ilue
2307 2119 2521 2175 accedit
2553 2121 2696 2191 quod
2731 2123 2810 2177 sic
2863 2122 3057 2179 Filium
3094 2126 3210 2193 Dei,
3248 2140 3305 2183 ut
3334 2130 3447 2199 jam
3496 2133 3699 2190 dictum

2087 2218 2191 2274 est,
2230 2212 2403 2266 visum
2436 2227 2463 2265 a
2500 2213 2747 2282 patribus
2774 2218 3164 2287 approliaiuus,
3203 2230 3265 2274 ut
3294 2232 3405 2277 non
3431 2232 3603 2280 totum
3642 2228 3693 2281 in

2094 2302 2209 2368 illo,
2266 2305 2409 2374 quod
2462 2305 2607 2361 Deus
2654 2317 2759 2372 est,
2795 2308 3105 2366 videretur:
3160 2315 3255 2369 sed
3308 2315 3704 2386 dispositiones

2092 2410 2276 2449 rerum
2320 2398 2656 2465 futurarum,
2697 2416 2818 2469 quae
2857 2403 2975 2457 suis
3002 2406 3311 2476 quibusque
3368 2415 3704 2482 temporibus

2090 2490 2431 2559 complenda?
2453 2503 2633 2557 erant,
2666 2493 2723 2549 in
2756 2495 2849 2550 illo
2866 2509 2967 2566 per
2992 2498 3289 2570 imaginem
3310 2518 3693 2564 cernerentur.

2090 2583 2227 2638 Nam
2259 2585 2385 2655 quis
2413 2585 2615 2642 Filium
2652 2589 2749 2644 Dei
2780 2590 2968 2646 videre
3013 2596 3209 2662 potuit,
3240 2608 3535 2670 antequam
3565 2618 3665 2657 con
3687 2637 3699 2647 -

2092 2677 2410 2745 spicahilem
2437 2681 2744 2747 materiam,
2767 2684 2910 2738 sicut
2936 2685 2983 2738 ei
3007 2686 3233 2754 placuit,
3262 2696 3581 2762 assumpsit,
3614 2698 3697 2751 vel

2090 2768 2269 2837 ipsum
2298 2768 2575 2825 hominem
2601 2772 2830 2828 induere
2858 2773 3115 2846 dignatus
3138 2789 3217 2833 est
3235 2781 3263 2833 ἲν

2164 2863 2264 2929 Qui
2298 2864 2401 2918 etsi
2432 2866 2663 2919 Abrahae
2706 2865 2855 2921 visus
2882 2879 2965 2922 est
3019 2868 3189 2939 (Gen.
3256 2889 3413 2941 xuu,
3444 2876 3497 2946 l)
3525 2920 3538 2943 ,
3595 2880 3690 2935 sed

2092 2954 2144 3008 in
2198 2954 2369 3009 forma
2430 2956 2657 3012 humani
2711 2960 2964 3028 corporis
3017 2962 3169 3018 visus
3192 2974 3298 3032 est,
3342 2984 3451 3036 quo
3490 2970 3703 3029 scilicet

2091 3048 2390 3115 postremis
2445 3050 2785 3120 temporibus
2840 3052 2893 3105 in
2962 3051 3191 3111 homine
3257 3066 3525 3115 venturus
3578 3076 3699 3120 esse

2090 3140 2505 3197 ostenderetur.

2164 3233 2335 3289 Jacob
2362 3236 2531 3290 etiam
2556 3236 2688 3292 alibi
2720 3238 2773 3291 iu
2798 3240 3012 3323 angelo,
3052 3242 3182 3298 alibi
3206 3259 3362 3316 aeque
3394 3247 3612 3305 videtur
3646 3252 3699 3306 in

2091 3328 2351 3401 homine(
2380 3329 2512 3385 Gen.
2564 3347 2756 3397 xxvm,
2792 3332 2859 3389 l3
2892 3335 2932 3403 ).
2964 3335 3064 3403 Qui
3121 3338 3246 3395 ideo
3290 3355 3349 3396 se
3396 3342 3451 3397 in
3502 3347 3698 3414 angelo

2089 3423 2509 3488 demonstravit,
2540 3429 2859 3482 utuuntium
2884 3434 3143 3501 semngni
3160 3436 3374 3492 consilii
3396 3439 3695 3496 indicaret:

2104 3517 2157 3569 in
2192 3516 2416 3574 homine
2446 3532 2600 3588 vero,
2622 3533 2744 3575 cum
2758 3536 2867 3591 quo
2880 3524 3281 3583 etcoll‘uctatus
3308 3529 3471 3587 fuisse
3490 3532 3699 3591 descri-

2105 3607 2283 3673 bitur;
2321 3621 2377 3663 ut
2400 3610 2693 3680 imaginem
2725 3612 2924 3669 futura:
2947 3618 3359 3676 colluctationis
3387 3638 3547 3693 quam
3573 3642 3693 3683 cum

2090 3701 2263 3756 Israel
2296 3702 2583 3759 habiturus
2624 3717 2760 3771 erat,
2804 3722 2928 3762 cum
2960 3715 3261 3768 secundum
3292 3716 3570 3775 hominem
3602 3724 3699 3777 ad-

2091 3793 2352 3859 venisset,
2392 3795 2667 3863 praecipue
2700 3796 2987 3854 iudicaret.
3023 3801 3137 3857 Sed
3164 3814 3219 3857 ut
3253 3806 3543 3864 Dominum
3582 3827 3699 3868 cre-

2092 3888 2268 3953 deret,
2295 3902 2418 3943 cum
2449 3903 2559 3959 quo
2585 3900 2737 3943 tanto
2779 3895 3081 3949 certamine
3111 3897 3211 3951 sub
3242 3898 3411 3968 ﬁgura
3458 3901 3697 3961 hominis

2093 3982 2422 4047 luctabatur,
2455 3983 2617 4039 lsrael
2651 3986 2669 4055 (
2702 3984 2831 4039 lien.
2887 4003 3061 4055 xxxn,
3096 3990 3173 4063 ει
3195 3994 3237 4061 ),
3295 3993 3347 4048 id
3379 4006 3484 4064 est,
3530 3999 3692 4057 homo

2094 4073 2284 4129 videns
2328 4076 2522 4140 Deum,
2573 4090 2771 4133 nomen
2819 4081 3050 4150 accepit.
3121 4082 3263 4152 Vidi,
3298 4086 3492 4159 inquit,
3528 4091 3695 4149 Deum

2094 4167 2229 4258 [acie
2255 4166 2324 4219 ad
2346 4169 2547 4238 faciem,
2599 4179 2647 4222 et
2673 4172 2819 4225 salva
2848 4178 2991 4243 facta
3012 4187 3087 4229 est
3117 4180 3294 4233 animo
3336 4196 3451 4237 mea
3478 4185 3538 4258 (Ι
3546 4185 3654 4244 bid.
3679 4232 3693 4253 ,

2095 4257 2167 4312 50
2193 4257 2237 4329 ).
2274 4259 2338 4313 Et
2367 4259 2555 4329 utique
2578 4260 2807 4331 ligurum
2841 4265 3080 4322 hominis
3102 4270 3338 4341 viderat,
3364 4257 3522 4345 quam
3556 4280 3699 4338 Deus

2098 4351 2191 4405 Dei
2221 4351 2393 4407 Filius
2422 4353 2698 4409 induerat.

2168 4444 2337 4514 Moysi
2382 4444 2433 4497 in
2483 4446 2625 4499 rubo
2658 4447 2709 4499 in
2754 4446 2971 4504 ﬂamma
3010 4451 3155 4522 ignis
3184 4459 3440 4527 apparuit
3481 4461 3692 4535 (Exod.

2100 4549 2182 4600 ιιι,
2206 4536 2283 4606 Ξ),
2327 4547 2385 4589 ut
2428 4538 2619 4592 lumen
2662 4538 3051 4617 credentibus,
3094 4546 3399 4605 incredulis
3432 4554 3699 4623 judicium

394 4628 757 4683 substantiam
811 4636 1029 4682 vertat:
1098 4641 1200 4683 nec
1259 4628 1654 4697 proprietatem
1713 4625 2521 4697 qualitatis'l)demonstraret;
2547 4631 2672 4699 quia
2713 4631 2969 4687 Christus
3004 4636 3365 4696 credentibus
3401 4647 3546 4703 salus
3583 4662 3691 4718 est,

395 4719 633 4784 amittat.
662 4719 761 4775 sal
784 4720 945 4790 juxta
963 4720 1219 4776 meritum
1242 4719 1491 4774 videntis
1507 4729 2001 4789 temperamentum

398 4815 703 4884 maiestatis
751 4814 1029 4870 adhibeat:
1072 4815 1189 4885 ipse
1234 4824 1418 4870 tamen
1464 4814 1629 4879 idem,
1681 4824 1737 4868 ut
1781 4828 2001 4883 semper

397 4914 505 4973 est,
536 4907 588 4962 in
614 4906 935 4962 substantia)
965 4922 1077 4963 suae
1105 4908 1445 4977 proprietate
1472 4917 1813 4977 permaneat,
1858 4906 2001 4962 sicut

400 5000 664 5069 scriptum
690 5012 806 5056 est:
834 5000 1065 5055 Mutabis
1094 5018 1183 5056 eos
1201 5011 1250 5056 et
1304 5002 1677 5056 mutabuntur:
1732 5012 1783 5056 tu
1830 5011 2002 5055 autem

404 5093 543 5147 idem
584 5092 696 5162 ipse
720 5109 797 5159 es,
827 5100 881 5146 et
900 5094 1027 5148 anni
1057 5095 1133 5148 tui
1156 5110 1259 5147 non
1301 5095 1543 5163 deﬁcient
1575 5092 1751 5157 (Psal.
1781 5109 1855 5161 Cl,
1880 5092 1996 5163 28).

474 5184 610 5239 Nm
639 5185 741 5239 etsi
790 5185 955 5239 multa
989 5195 1213 5241 suntex
1255 5186 1347 5241 his
1381 5202 1502 5257 qua:
1554 5186 1607 5240 in
1654 5186 1758 5240 hoc
1797 5186 2004 5240 mundo

409 5277 688 5343 videntur,
716 5293 843 5348 qua
869 5294 933 5334 ex
959 5279 1067 5333 alio
1112 5288 1509 5337 convertantun
1543 5282 1596 5336 in
1626 5280 1795 5348 aliud,
1822 5289 1882 5335 ut
1912 5280 2005 5336 dc-

407 5370 589 5427 sinant
615 5370 738 5425 esse
765 5370 911 5439 quod
938 5381 1122 5437 erant,
1146 5381 1199 5427 et
1245 5374 1351 5429 hoc
1373 5374 1493 5429 sint
1519 5375 1669 5445 quod
1695 5382 1844 5429 retro
1899 5388 2005 5427 non

2103 4736 2213 4775 non
2237 4721 2599 4777 credentibus
2622 4739 2801 4793 pmua,
2838 4733 2894 4779 ut
2927 4730 3222 4796 Apostolus
3252 4736 3330 4787 ait
3364 4753 3377 4789 :
3413 4738 3546 4794 Aliis
3577 4744 3707 4798 odor

2102 4815 2221 4868 vita
2266 4815 2321 4868 in
2358 4816 2535 4880 vitam,
2564 4817 2689 4871 aliis
2734 4816 2864 4872 odor
2903 4823 3085 4876 mortis
3126 4830 3183 4878 in
3228 4838 3444 4884 mortem
3476 4831 3550 4902 (ll
3575 4832 3698 4893 Cor.

2101 4920 2162 4970 ιι,
2200 4903 2309 4974 16).

2178 4998 2442 5068 Populum
2494 4999 2663 5056 Israel
2714 5003 2766 5056 in
2816 5004 3073 5061 columna
3104 5010 3263 5066 nubis
3315 5028 3413 5084 per
3451 5018 3704 5090 diem,et

2109 5108 2206 5164 per
2229 5103 2443 5149 noctem
2472 5094 2523 5146 in
2546 5095 2802 5150 columna
2831 5098 2975 5168 ignis
3001 5104 3161 5171 quasi
3189 5106 3295 5159 dux
3327 5109 3539 5168 itineris
3566 5132 3704 5184 pran-

2110 5186 2562 5257 cedebat(Exod.
2598 5205 2716 5255 xm,
2749 5192 2863 5262 2i);
2892 5204 2947 5246 ut
2966 5194 3471 5271 baptismigratiam
3491 5223 3704 5278 pernu-

2114 5279 2259 5343 bem,
2285 5290 2340 5334 et
2370 5281 2573 5335 donum
2607 5283 2787 5337 sancti
2834 5284 3072 5354 Spiritus
3110 5306 3206 5359 per
3234 5293 3417 5364 ignem
3451 5304 3709 5359 ostende-

2116 5381 2232 5437 ret;
2256 5374 2380 5441 quia
2403 5374 2691 5442 apostolus
2708 5375 2912 5432 Paulus
2935 5379 2988 5434 in
3030 5383 3179 5437 nube
3202 5398 3389 5454 patres
3406 5391 3710 5461 baptizatos

411 5484 574 5554 Vigii.
610 5492 665 5536 et
691 5497 849 5555 mss,
881 5494 936 5537 nt
968 5500 1201 5551 persona:
1228 5486 1494 5540 audientia
1533 5488 1796 5539 nominum
1827 5484 2011 5555 (mss.,

416 5553 769 5625 tmtnt'natt'm).
832 5555 989 5622 Quod
1041 5568 1221 5611 autem
1273 5558 1338 5609 ad
1394 5558 1688 5611 dictionem
1751 5553 2016 5626 ὁμόούσιον

418 5629 867 5699 auctorexpticat
896 5642 1013 5699 cum
1035 5645 1137 5681 uno
1159 5628 1306 5680 aliud
1327 5628 1496 5699 ἱρεαρι
1525 5642 1541 5681 :
1568 5627 1669 5682 hoc
1695 5627 2027 5683 Ambrosius

420 5698 583 5766 paulo
614 5696 789 5750 iusius
819 5698 1041 5752 exhibet
1085 5700 1179 5753 liii.
1218 5714 1276 5753 ιιι
1314 5695 1376 5753 de
1424 5695 1561 5751 Fide
1586 5713 1707 5768 cap.
1749 5699 2022 5762 i5,‘num.

422 5768 547 5894 ξιξ,
576 5783 737 5838 quem
774 5769 951 5823 locum
984 5770 1255 5825 aBasiiio
1276 5770 1625 5839 desumptum
1655 5768 1830 5825 videri
1853 5782 2028 5823 anno-

482 5853 687 5894 vunus.

482 5853 687 5895 Vinius.

2199 5491 2224 5519 λ
2247 5482 2615 5559 __Ambr._edit.
2638 5491 2691 5538 et
2713 5485 2835 5539 cod.
2865 5487 3023 5553 L:l‘l.,
3059 5496 3229 5548 statim
3260 5501 3409 5551 vertit
3446 5504 3676 5559 ordinent

2128 5554 2311 5637 perdit.
2329 5556 2570 5637 continuo
2599 5548 3029 5637 immutationem,
3070 5564 3183 5632 ipsa
3214 5548 3488 5635 formando

2130 5622 2678 5720 mutationemﬂipsmn
2701 5630 2998 5720 Jﬁqrn‘t’ando
3018 5622 3035 5697 ν,
3062 5622 3322 5720 secunda
3373 5622 3577 5709 munit,—

2134 5699 2392 5769 formandi
2416 5714 2433 5750 :
2458 5701 2632 5767 aptius
2663 5697 2796 5769 edit.
2825 5699 2985 5769 Vigii.
3023 5713 3079 5758 ut
3108 5705 3163 5759 in
3193 5718 3466 5763 cotttextu.

2140 5767 2567 5908 “:33:
2588 5781 2661 5893 ac;
2683 5768 3071 5909 ,θὲἐὲἰῖ
3095 5778 3280 5844 quibus
3334 5794 3490 5851 primi
3526 5788 3579 5844 in
3611 5792 3729 5849 loco
