4200 6180
453 312 522 369 47
1545 310 1603 368 S.
1646 305 2008 367 PHOEBADII
2044 308 2262 368 EPISC.
2307 308 2719 370 AGINNENSIS
3691 313 3763 370 48

451 431 643 487 scribit
670 431 710 503 (Ι
742 429 864 486 Cor.
898 446 955 497 x,
986 430 1063 502 ‘2),
1096 438 1151 487 et
1198 430 1462 499 Spiritum
1510 430 1654 486 sicut
1702 430 1884 502 ignem
1931 444 2054 487 esse
2082 432 2132 493 Α
2234 432 2478 503 Denique
2505 448 2629 488 cum
2664 433 2717 487 in
2753 437 2942 489 monte
2971 446 3030 489 se
3058 433 3341 503 paululum
3369 441 3532 489 extra
3580 432 3755 503 ipsum

452 524 839 589 Apostolorum
866 522 1005 591 ⁸Αριίι
1038 523 1316 577 declarant
1344 522 1483 593 (Act.
1513 539 1550 590 ι,
1607 522 1683 595 5).

530 617 692 673 Vides
720 634 850 688 ergo
883 633 980 688 per
1008 617 1214 683 omnia,
1245 616 1524 683 hmretice,
1554 618 1903 673 characteres
1924 617 2054 672 divi-

451 726 646 766 narum
681 710 1086 780 Scripturarum
1120 710 1174 763 in
1221 710 1487 764 honorem
1512 709 1609 764 Dei
1639 709 1886 780 patribus
1916 724 2053 779 prac-

452 818 739 870 ostensos;
774 821 879 859 non
934 814 1113 859 tamen
1143 804 1319 875 ipsum
1363 804 1557 871 Deum,
1592 815 1652 857 ut
1697 812 1783 859 est
1833 804 2053 873 proprie

452 901 779 957 revelatum.
815 899 1058 970 Denique
1104 914 1230 953 cum
1282 898 1497 968 Moyses
1529 907 1715 952 oraret
1760 906 1819 951 ut
1862 898 2053 952 faciem

454 993 552 1048 Dei
584 1008 717 1063 pure
744 992 978 1058 videret,
1009 990 1139 1063 quid
1168 991 1235 1047 ad
1260 991 1407 1046 illum
1431 992 1696 1046 continuo
1725 990 1899 1045 Deus?
1930 988 2054 1043 Non

452 1088 667 1157 poteris,
686 1087 879 1156 inquit,
909 1085 1080 1140 videre
1117 1086 1301 1156 faciem
1346 1101 1551 1151 meam;
1576 1100 1681 1138 non
1707 1084 1842 1137 enim
1865 1082 2054 1137 videbit

451 1178 607 1235 homo
646 1180 835 1251 faciem
884 1195 1074 1244 meam,
1105 1188 1151 1233 et
1184 1179 1313 1233 vivet
1336 1178 1533 1251 (Exod.
1569 1193 1760 1243 χχχιιι,
1785 1176 1905 1248 20).
1936 1176 2054 1233 Hoc

450 1273 572 1343 ipso
594 1271 740 1343 quod
769 1280 995 1343 negatur
1020 1280 1295 1342 aspectus,
1318 1272 1541 1327 claritas
1575 1270 1904 1341 assignatur,
1931 1285 2055 1340 qua:

450 1366 663 1423 scilicet
711 1375 857 1421 tanta
891 1375 998 1432 est,
1025 1376 1228 1438 quanta
1268 1365 1544 1421 credenda
1580 1375 1685 1431 est,
1714 1380 1834 1433 quae
1865 1363 2056 1419 invisi-

449 1462 576 1518 bilis
608 1462 897 1517 indicatur.
933 1460 1069 1516 Cum
1096 1475 1226 1531 ergo
1267 1459 1481 1532 Moyses
1509 1459 1600 1532 qui
1624 1468 1679 1515 et
1706 1459 1870 1513 situm
1902 1458 2052 1526 cteli,

450 1556 755 1613 etordines
790 1556 1005 1622 mundi,
1033 1564 1087 1612 et
1124 1555 1524 1611 elementorum
1566 1554 1735 1620 vices,
1767 1555 1933 1608 totius
1961 1552 2057 1608 de-

447 1656 615 1726 nique
641 1652 790 1709 orbis
815 1659 1138 1708 ornamenta
1178 1649 1494 1721 digesserit,
1520 1647 1796 1712 indicarit,
1829 1661 2057 1717 expres-

452 1745 730 1812 serit;cui
774 1745 889 1815 ipse
940 1743 1202 1798 Dominus
1241 1739 1613 1796 testimonium
1660 1736 1933 1807 perhibuit
1971 1736 2056 1791 di-

2158 524 2433 581 hominem
2482 525 2778 581 extulisset
2810 525 3026 597 (Matt/1.
3055 543 3190 594 χιιι,
3222 526 3301 599 6),
3339 526 3552 597 fulgore
3601 528 3762 581 lumi-

2157 618 2241 673 nis
2273 618 2392 688 ejus
2444 632 2585 687 pene
2633 618 2896 673 obczecati
2937 620 3172 688 apostoli
3216 619 3268 673 in
3322 628 3520 673 terram
3559 619 3762 689 quippe

2157 710 2408 766 homines
2428 710 2765 774 ceciderunt,
2790 710 3084 780 periclitati
3112 711 3306 777 vitam,
3326 712 3431 765 nisi
3462 710 3544 766 eis
3578 711 3763 766 Domi-

2157 818 2259 859 nus
2311 817 2631 874 compresso
2688 819 2903 857 rursum
2962 804 3266 873 majestatis
3306 819 3418 859 sua;
3463 804 3674 861 honore
3704 814 3765 861 ut

2157 896 2470 952 misericors
2500 896 2869 961 subvenisset,
2896 896 3192 951 secundum
3219 897 3367 952 illam
3398 899 3758 954 sententiam:

2157 990 2327 1045 Nemo
2345 992 2468 1044 vidit
2498 989 2691 1056 Deum,
2719 999 2767 1043 et
2788 990 2916 1044 vixit
2939 989 3139 1060 (Exod.
3157 1007 3356 1056 xxxm,
3383 991 3502 1061 20).
3534 991 3604 1048 Ut
3628 1008 3761 1063 ergo

2156 1085 2380 1140 claritas
2409 1084 2565 1149 solis,
2596 1081 2622 1122 ἀ
2655 1100 2780 1140 cum
2828 1100 2936 1141 non
2985 1101 3157 1157 usque
3190 1086 3257 1142 ad
3300 1098 3519 1142 nostros
3564 1088 3762 1144 emicat

2156 1177 2329 1244 visus,
2362 1177 2463 1232 sibi
2498 1177 2647 1232 salva
2678 1186 2791 1243 est;
2826 1179 2953 1246 quia
2995 1177 3139 1250 quod
3182 1177 3293 1234 n’on
3344 1179 3584 1247 videtur,
3610 1180 3762 1236 infir-

2157 1272 2361 1326 mitatis
2390 1281 2474 1326 est
2506 1280 2706 1327 nostra:
2728 1288 2961 1343 quorum
2985 1274 3174 1330 oculos
3212 1274 3437 1331 nubium
3488 1277 3630 1331 texit
3657 1278 3760 1334 ob-

2158 1364 2391 1419 scuritas
2424 1381 2437 1418 :
2467 1374 2489 1400 ο
2514 1365 2590 1419 ita
2614 1365 2813 1435 probat
2836 1381 2895 1422 se
2926 1383 3033 1422 non
3062 1383 3161 1423 suo
3189 1368 3523 1426 detrimento
3549 1372 3759 1442 proprii

2158 1456 2385 1513 latuisse
2414 1458 2669 1529 fulgoris;
2700 1459 2794 1514 sed
2826 1460 3029 1529 carnis,
3062 1471 3119 1517 ut
3167 1462 3302 1529 dixi,
3344 1463 3631 1533 beneficio,
3661 1481 3759 1521 eu-

2154 1551 2245 1621 jus
2271 1566 2434 1607 causa
2466 1551 2637 1607 Filius
2677 1553 2770 1608 Dei
2800 1554 2941 1609 filius
2972 1556 3206 1612 hominis
3229 1572 3351 1613 esse
3374 1559 3653 1615 sustinuit.

2231 1644 2436 1715 Nempe
2480 1647 2625 1701 enim
2673 1646 2743 1703 de
2791 1647 2999 1718 Spiritu
3032 1649 3131 1705 Dei
3188 1650 3354 1722 Virgo
3405 1653 3680 1724 concepit,
3706 1663 3761 1710 et

2160 1737 2304 1806 quod
2357 1739 2626 1808 concepit,
2657 1741 2759 1793 hoc
2812 1740 3051 1809 peperit,
3081 1741 3133 1795 id
3186 1750 3291 1807 est,
3322 1743 3495 1799 Deum
3549 1746 3759 1801 homini

448 1855 579 1897 cens
616 1857 628 1893 :
664 1838 833 1892 Nemo
862 1839 957 1893 erit
978 1853 1043 1891 ex
1066 1834 1334 1906 prophetis
1360 1843 1415 1887 ut
1444 1848 1618 1888 servus
1644 1848 1786 1885 meus
1822 1830 2052 1902 Moyses,
2085 1834 2135 1895 B
2162 1844 2285 1895 suo,
2312 1840 2367 1884 ut
2404 1831 2515 1899 jam
2549 1830 2683 1898 dixi,
2712 1833 3002 1898 sociatum,
3033 1834 3176 1889 sicut
3225 1836 3340 1907 ipse
3390 1836 3530 1893 dixit
3562 1856 3575 1893 :
3610 1839 3761 1905 Quod

452 1933 534 1987 cui
558 1932 693 2002 {acie
723 1931 791 1985 ad
821 1932 1028 2001 faciem,
1059 1944 1146 1981 ore
1176 1926 1245 1980 ad
1272 1942 1327 1978 os
1360 1925 1561 1980 locutus
1586 1941 1700 1978 sum
1729 1921 1921 1994 (Num.
1957 1938 2055 1985 xu,

449 2028 502 2094 7,
525 2028 604 2098 b);
634 2028 801 2080 Deum
827 2034 1006 2079 tamen
1033 2038 1164 2092 pure
1184 2021 1371 2075 videre
1392 2035 1498 2073 non
1519 2019 1712 2087 potuit.
1731 2018 1925 2071 Merito
1942 2017 2057 2085 qui-

449 2121 576 2176 dem
616 2119 909 2191 prophetia
938 2118 1083 2172 omni
1111 2116 1329 2186 dignus,
1364 2114 1457 2169 sed
1490 2128 1600 2167 non
1632 2126 1803 2181 usque
1833 2111 1969 2165 adeo
2000 2118 2062 2163 ut

442 2216 644 2271 intueri
677 2215 846 2268 Deum
894 2213 1125 2274 valeret,
1148 2226 1252 2278 qua
1278 2208 1443 2262 homo
1475 2204 1851 2261 tantummodo
1884 2212 2054 2258 esset.

523 2310 590 2364 Et
641 2309 829 2377 utique
876 2306 994 2361 hinc
1048 2303 1230 2359 omnia
1278 2301 1405 2356 Filii
1461 2300 1625 2354 verba
1686 2296 2057 2360 defendimus,

450 2418 614 2474 quem
650 2401 703 2456 in
746 2406 929 2453 monte
972 2397 1102 2453 Sina
1142 2410 1263 2451 cum
1294 2395 1479 2465 Moyse
1531 2392 1768 2447 locutum
1803 2405 1926 2445 esse
1955 2388 2061 2443 sci-

453 2511 576 2550 mus
626 2491 826 2564 (Exod.
866 2507 1016 2553 χχχι.
1055 2488 1170 2555 18),
1204 2489 1297 2560 qui
1336 2486 1563 2559 agendis
1603 2484 2061 2555 explicandisque

452 2589 619 2644 rebus
673 2603 700 2641 a
757 2586 917 2641 Patre
953 2584 1289 2648 advenerat;
1335 2581 1461 2652 quia
1509 2580 1689 2633 omnia
1718 2594 1746 2632 a
1787 2576 2059 2649 principio

450 2698 549 2754 per
590 2684 766 2751 ipsum
796 2689 849 2735 et
875 2678 1142 2741 ordinari,
1177 2686 1232 2732 et
1270 2673 1550 2743 explicari,
1583 2683 1637 2728 et
1670 2688 1894 2727 manere
1919 2687 2055 2726 con-

449 2784 699 2838 venerat,
750 2782 811 2827 ut
854 2768 1090 2825 habendi
1133 2767 1255 2823 Filii
1297 2767 1411 2821 lizec
1444 2766 1717 2835 prmcipua
1749 2762 1889 2818 ratio
1920 2777 2055 2817 con-

450 2878 647 2924 staret.
672 2868 737 2921 Et
767 2877 950 2922 tamen
977 2866 1057 2921 sic
1087 2864 1234 2918 visus
1260 2862 1551 2931 accipitur,
1574 2871 1631 2914 ut
1662 2860 1895 2929 alicujus
1925 2874 2058 2913 con-

449 2963 753 3036 spicabilis,
786 2970 840 3015 ut
870 2959 1005 3025 dixi,
1058 2958 1306 3013 materia:
1363 2956 1731 3026 dispositione
1779 2963 2056 3023 assumpta

446 3059 750 3120 videretur,
784 3056 934 3110 salva
973 3053 1191 3109 scilicet
1235 3051 1615 3106 invisibilitate
1650 3050 1793 3119 ejus,
1826 3063 1988 3119 quam
2028 3062 2058 3101 a

447 3160 747 3221 conspectu
780 3149 1024 3203 omnium
1058 3145 1320 3216 majestas
1351 3145 1614 3199 interfusa
1648 3142 1913 3213 seposuit.
1936 3140 2056 3195 Non

2161 1924 2389 1977 nascitur
2427 1926 2491 1978 de
2540 1942 2712 1986 carne.
2744 1943 2867 1979 caro
2910 1936 3017 1991 est;
3043 1937 3090 1981 et
3120 1930 3257 1999 quod
3296 1932 3530 1985 nascitur
3559 1933 3624 1987 de
3648 1934 3761 2004 spi-

2160 2018 2265 2070 ritu
2286 2058 2300 2083 ,
2332 2018 2551 2087 spiritus
2602 2028 2675 2072 est
2707 2019 2887 2090 (Joan.
2918 2037 3011 2085 ιιι,
3043 2020 3098 2093 6)
3126 2038 3139 2075 :
3168 2023 3293 2091 quia
3338 2024 3480 2079 Deus
3527 2026 3756 2095 spiritus

2161 2119 2265 2175 est,
2297 2120 2351 2166 et
2394 2112 2463 2167 de
2518 2112 2630 2167 Deo
2660 2124 2819 2168 natus
2868 2124 2974 2169 est.
3009 2114 3162 2170 Sicut
3186 2126 3235 2171 et
3277 2119 3517 2186 Angelus
3548 2119 3613 2174 ad
3647 2120 3763 2175 Ma-

2162 2204 2298 2257 riam
2350 2202 2625 2273 Virginem
2681 2204 2864 2259 dixit:
2897 2206 3129 2275 Spiritus
3170 2206 3269 2262 Dei
3308 2211 3474 2264 veniet
3520 2212 3574 2264 in
3621 2222 3688 2278 te,
3714 2222 3761 2268 et

2160 2296 2324 2350 virtus
2350 2295 2605 2350 Altissimi
2631 2296 2953 2351 obnmbrabit
2981 2308 3030 2352 te
3063 2318 3081 2353 :
3112 2310 3387 2371 propterea
3408 2304 3548 2373 quod
3583 2321 3764 2360 nascc-

2162 2400 2247 2443 tur
2272 2407 2336 2445 ea:
2358 2400 2405 2443 te
2430 2400 2686 2455 sanctum,
2709 2393 2974 2445 vocabitur
2998 2390 3169 2447 Filius
3196 2395 3289 2449 Dei
3316 2393 3469 2465 (Luc.
3501 2412 3540 2463 ι,
3572 2396 3689 2469 55).

2235 2483 2400 2539 Vides
2431 2499 2561 2553 ergo
2594 2484 2768 2553 ipsum
2794 2485 3067 2555 Spiritum,
3105 2485 3156 2541 id
3192 2499 3275 2543 est
3302 2487 3499 2543 Filium
3532 2490 3626 2546 Dei
3670 2507 3763 2547 ve-

2161 2575 2311 2631 nisse
2355 2576 2423 2630 ad
2477 2576 2778 2647 virginem;
2805 2586 2863 2633 et
2901 2577 3026 2633 inde
3055 2579 3150 2634 Dei
3196 2588 3252 2636 et
3294 2580 3528 2637 hominis
3565 2584 3763 2641 Filium

2161 2669 2500 2739 processisse
2533 2687 2667 2726 :nec
2712 2680 2893 2726 tamen
2936 2674 3055 2743 ipso
3088 2674 3409 2731 indumento
3458 2678 3640 2733 carnis
3670 2678 3765 2734 Dei

2161 2761 2359 2816 Filium
2418 2778 2541 2819 esse
2578 2774 2884 2834 mutatum;
2916 2766 3013 2822 sed
3055 2768 3306 2824 eumdem
3338 2771 3513 2841 ipsum
3544 2788 3667 2831 esse
3697 2774 3751 2830 in

2160 2855 2405 2921 homine,
2437 2856 2531 2926 qui
2571 2855 2747 2912 fuerat
2800 2868 2927 2914 ante
2968 2859 3227 2915 mundum
3275 2877 3399 2916 cum
3433 2862 3623 2930 Patre;
3658 2881 3757 2935 per

2159 2962 2320 3016 quem
2350 2944 2488 3000 facta
2518 2956 2644 3000 sunt
2675 2949 2947 3015 omnia,et
2970 2951 3091 3005 sine
3119 2967 3225 3021 quo
3258 2950 3456 3007 factum
3485 2961 3572 3009 est
3600 2956 3758 3024 nihil,

2160 3038 2301 3095 sicut
2333 3040 2677 3109 Evangelista
2713 3041 2826 3095 ait:
2861 3042 3091 3097 Mundus
3130 3063 3221 3116 per
3251 3047 3420 3118 ipsum
3451 3048 3621 3117 [actus
3662 3061 3759 3119 est,

2162 3147 2209 3189 et
2232 3136 2457 3189 mundus
2484 3151 2602 3189 eum
2628 3153 2727 3189 non
2753 3139 2988 3208 cognovit
3012 3137 3191 3211 (Joan.
3218 3157 3258 3206 ι,
3295 3141 3407 3214 10).

447 3244 593 3298 enim
634 3242 714 3297 sic
766 3240 1019 3295 humanis
1063 3237 1378 3307 aspectibus
1406 3238 1679 3292 revelatus
1720 3244 1822 3303 est,
1854 3245 1913 3289 ut
1938 3243 2051 3290 tota
2076 3223 2121 3286 C
2223 3226 2492 3283 Cmterum
2540 3231 2773 3285 amentis
2828 3240 2912 3285 est
2941 3231 3169 3288 credere
3206 3236 3275 3289 ab
3318 3250 3386 3289 eo
3421 3251 3582 3306 posse
3612 3238 3747 3296 libe-

448 3335 502 3389 in
536 3335 631 3390 illo
666 3333 844 3388 deitas
873 3340 1167 3401 appareret
1195 3346 1207 3382 :
1234 3329 1330 3384 sed
1362 3328 1429 3382 ad
1468 3330 1643 3383 vicem
1684 3328 1893 3397 Speculi
1925 3342 2047 3382 cum

447 3436 748 3496 conceptos
775 3424 917 3479 intra
944 3423 1122 3477 lucem
1152 3436 1305 3477 suam
1342 3421 1528 3476 vultus
1555 3422 1708 3491 quasi
1740 3420 1804 3473 ad
1836 3420 2049 3489 plenam

449 3518 686 3589 effigiem
721 3516 959 3570 hominis
986 3515 1246 3576 includit;
1281 3523 1307 3551 ⁸
1338 3515 1408 3568 ita
1439 3514 1741 3584 majestatis
1769 3513 1884 3583 ejus
1916 3529 2051 3582 pra:-

448 3618 616 3666 eunte
656 3609 889 3679 fulgore,
925 3610 1068 3662 intra
1105 3607 1160 3662 id
1210 3597 1388 3661 visum
1432 3616 1538 3671 est,
1578 3605 1724 3677 quod
1759 3605 2048 3676 imaginem

445 3702 712 3770 veritatis,
745 3718 852 3756 non
885 3701 1062 3770 ipsum
1105 3698 1273 3754 Deum
1307 3698 1525 3768 proprie
1551 3698 1977 3753 demonstraret.

516 3797 608 3853 Sic
658 3807 712 3852 et
754 3811 876 3851 cum
919 3794 1192 3850 hominem
1225 3793 1457 3848 induere
1505 3793 1760 3861 dignatus
1789 3802 1908 3858 est,
1941 3804 2047 3844 non

445 3891 627 3947 labem
656 3890 954 3946 aeternitati
989 3890 1201 3955 intulit;
1231 3897 1289 3943 ut
1318 3888 1570 3958 spiritum
1606 3889 1655 3940 in
1678 3902 1898 3941 carnem
1930 3900 2051 3938 mu--

446 3992 613 4051 taret,
639 3984 737 4039 sed
773 3993 829 4037 ut
856 3993 1114 4053 suscepto
1146 3983 1369 4036 homine
1397 3982 1861 4035 immortalitatem
1886 3991 2050 4050 atque

445 4075 808 4132 aeternitatem
841 4073 1081 4129 caelestis
1113 4073 1239 4127 vitae
1274 4081 1581 4142 praestaret.
1616 4072 1748 4126 Nam
1772 4074 1874 4127 etsi
1901 4073 2049 4141 Ανα-

444 4168 623 4223 stolus
660 4174 840 4223 semet
868 4166 1045 4235 ipsum
1069 4165 1383 4221 exinanisse
1420 4164 1551 4221 dicit
1581 4164 1847 4238 (Philipp.
1873 4182 1934 4233 ιι,
1964 4165 2043 4235 7),

446 4261 682 4317 formam
721 4261 870 4316 servi
899 4260 1291 4331 suscipiendo;
1323 4276 1430 4317 non
1476 4262 1666 4331 utique
1697 4262 1775 4317 sic
1800 4263 2047 4318 exinani-

446 4362 563 4410 tum
609 4354 925 4424 accipimus,
960 4364 1014 4406 ut
1043 4354 1213 4419 aliud,
1245 4370 1404 4425 quam
1442 4354 1586 4424 quod
1624 4353 1823 4417 fuerat,
1848 4354 1875 4392 ι)
1903 4353 2045 4410 idem

443 4447 686 4517 Spiritus
716 4445 911 4501 fieret:
943 4445 1037 4500 sed
1094 4453 1150 4500 ut
1197 4445 1440 4516 seposito
1482 4444 1703 4499 interim
1745 4446 2046 4515 majestatis

438 4556 555 4597 sua:
586 4541 817 4605 honore,
848 4538 1146 4593 humanum
1170 4553 1369 4607 corpus
1396 4538 1667 4604 indueret,
1690 4553 1799 4607 quo
1825 4553 2046 4608 suscep-

2155 3323 2287 3388 rari,
2317 3322 2409 3393 qui
2456 3330 2513 3376 ιιι
2564 3323 2846 3389 liberaret,
2875 3326 3113 3381 amissus
3161 3335 3275 3394 est;
3311 3342 3366 3383 ut
3410 3342 3755 3399 nasceretur,

2155 3430 2453 3485 oppressus
2484 3424 2567 3469 est
2602 3433 2614 3468 :
2654 3428 2708 3470 ut
2741 3416 3206 3474 immortalitatem
3241 3422 3545 3491 reciperet,
3579 3436 3759 3482 trans-

2155 3508 2257 3563 ivit
2285 3510 2350 3563 ad
2385 3520 2635 3564 mortem.
2668 3510 2777 3565 Sed
2806 3510 2967 3578 absit,
3003 3511 3260 3571 lucretice
3281 3557 3294 3581 ,
3332 3528 3389 3571 ut
3421 3533 3617 3576 sensus
3648 3533 3758 3576 tute

2156 3603 2458 3675 iniquitatis
2504 3621 2533 3660 a
2566 3605 2852 3661 catholicis
2878 3607 3196 3664 admittatur
3230 3630 3241 3664 :
3269 3628 3369 3667 nos
3398 3616 3542 3669 enim
3572 3618 3761 3673 credi-

2155 3712 2276 3751 mus
2325 3696 2715 3753 immutabilem
2764 3708 2821 3754 et
2880 3699 3378 3767 ineonvertihilem,
3407 3704 3643 3759 Verbum
3702 3715 3760 3762 et

2154 3790 2438 3860 Spiritum,
2476 3791 2526 3845 id
2554 3799 2660 3857 est,
2693 3792 2893 3847 Filium
2930 3793 3061 3860 Dei;
3094 3797 3182 3864 qui
3215 3812 3338 3851 cum
3366 3796 3641 3852 hominem
3672 3800 3758 3855 in-

2155 3882 2293 3950 duit,
2328 3899 2435 3937 non
2468 3892 2669 3938 statum
2723 3886 2907 3952 vertit,
2935 3904 3041 3942 non
3072 3888 3320 3943 ordinem
3354 3890 3610 3959 perdidit,
3642 3910 3751 3949 non

2152 3973 2507 4028 substantiam
2536 3974 2845 4030 immutavit
2870 3995 2882 4031 :
2910 3978 3006 4033 sed
3042 3979 3254 4035 illuvias
3283 3980 3528 4049 ejusdem
3561 3998 3755 4057 corpo-

2154 4066 2231 4120 ris
2261 4077 2467 4120 aiterno
2519 4066 2785 4122 claritatis
2834 4085 2948 4125 suae
2999 4072 3204 4127 lumine
3235 4073 3559 4140 illustravit;
3595 4086 3655 4131 ut
3684 4078 3752 4134 ad

2152 4177 2253 4218 nos
2304 4179 2399 4232 per
2432 4164 2704 4218 tramitem
2734 4167 2983 4235 corporis
3011 4167 3129 4237 ejus
3157 4168 3250 4223 lux
3282 4170 3457 4226 sancti
3487 4170 3747 4243 Spiritus,

2151 4263 2208 4310 et
2232 4265 2451 4310 celerare
2478 4257 2604 4310 vitae
2634 4258 2809 4326 gratia
2840 4259 3194 4315 redundaret.

2220 4348 2390 4414 Quem
2417 4349 2517 4403 etsi
2544 4364 2761 4419 passum
2790 4351 3067 4407 credimus
3093 4363 3148 4407 et
3178 4355 3450 4426 sepultum
3474 4373 3488 4422 ;
3522 4359 3616 4413 sed
3642 4360 3747 4414 ho-

2148 4454 2238 4494 mo
2262 4440 2354 4494 ille
2381 4454 2573 4509 passus
2606 4452 2711 4507 est,
2742 4457 2902 4510 quem
2952 4443 3127 4499 Filius
3172 4446 3263 4501 Dei
3296 4450 3557 4519 suscepit,
3586 4467 3747 4520 quem

2148 4534 2341 4599 induit,
2360 4550 2520 4605 quem
2547 4537 2803 4605 portavit.
2826 4538 2931 4593 Sed
2952 4541 3076 4606 quia
3096 4550 3265 4596 totum
3286 4542 3352 4596 ad
3370 4556 3646 4601 auctorem
3663 4563 3749 4603 re-

440 4643 520 4700 to,
544 4632 694 4688 salus
714 4631 959 4703 gentium
991 4634 1168 4687 fieret.
1193 4630 1425 4686 Utenim
1456 4631 1536 4685 sol
1568 4646 1692 4685 cum
1725 4633 1868 4687 nube
1903 4634 2042 4702 tegi-
2072 4618 2118 4676 Ι)
2146 4625 2447 4694 ferebatur,
2475 4626 2733 4699 quidquid
2761 4628 2925 4685 homo
2955 4631 3045 4686 ille
3075 4633 3420 4703 patiebatur:
3448 4636 3571 4693 ideo
3600 4655 3745 4696 mors

442 4740 557 4795 tur,
592 4727 816 4784 claritas
848 4727 965 4797 ejus
992 4725 1397 4795 comprimitur,
1426 4740 1531 4779 non
1570 4734 1842 4790 czccatur;
1873 4736 1925 4779 et
1953 4726 2039 4779 lu-

441 4839 568 4880 men
618 4821 751 4877 illud
790 4820 933 4892 quod
967 4828 1081 4874 toto
1112 4819 1245 4874 orbe
1272 4816 1529 4872 diffusum
1568 4819 1718 4874 claro
1748 4819 2043 4889 Splendore

440 4925 637 4973 cuncta
683 4915 978 4985 perfundit,
1016 4929 1183 4983 parvo
1221 4914 1513 4969 admodum
1561 4914 1847 4969 obstaculo
1880 4914 2038 4968 nubis

440 5008 756 5070 includitur,
787 5021 894 5062 non
938 5004 1219 5060 aufertur:
1245 5005 1326 5058 sic
1348 5014 1403 5058 et
1437 5004 1601 5060 homo
1629 5005 1717 5059 ille
1739 5021 1900 5075 quem
1933 5005 2040 5060 Do-

439 5103 623 5157 minus
649 5099 810 5156 Jesus
834 5099 1205 5169 Salvatorque
1233 5108 1445 5173 noster,
1466 5099 1519 5153 id
1542 5110 1649 5164 est,
1675 5100 1819 5154 Deus
1835 5100 2039 5169 Deique

442 5193 616 5248 Filius
643 5192 848 5257 induit;
880 5203 900 5231 ε
934 5194 1105 5249 Deum
1144 5201 1327 5248 tamen
1356 5193 1410 5247 in
1445 5192 1539 5247 illo
1577 5205 1683 5246 n0n
1716 5191 2032 5262 intercepit,
2076 5232 2081 5239 .

440 5286 536 5344 sed
564 5286 874 5343 abscondit.

508 5415 535 5443 ἰ
560 5404 681 5459 Vet.
710 5402 846 5457 edit.
881 5410 935 5457 et
959 5417 1063 5456 ms.
1088 5402 1255 5457 Tell.:
1285 5402 1359 5454 ita
1374 5405 1631 5473 majestas
1661 5402 1773 5470 ejus
1895 5401 2035 5454 intra

432 5479 492 5533 id
520 5478 683 5532 visum
709 5485 837 5531 esset
856 5475 1051 5543 :magis
1078 5475 1349 5526 euncinne
1372 5471 1703 5543 Vig'il.edit.
1739 5488 1862 5525 Clllll
1896 5473 2031 5527 ιω.

433 5566 597 5612 tnss.,
626 5551 702 5601 ita
750 5542 1044 5619 majestatis
1091 5546 1473 5619 ej_us....‘.i—ntru
1499 5542 1552 5595 id
1586 5544 1750 5619 visum
1802 5553 1902 5609 est,
1933 5544 2033 5598 hoc

434 5630 537 5682 est.
574 5622 675 5673 sub
709 5620 793 5671 his
820 5614 1233 5672 cOttdtIiontbns
1264 5614 1403 5668 visio
1431 5617 1772 5667 concedirur.

507 5692 533 5729 ι)
562 5692 687 5745 Gill.
718 5698 773 5744 et
798 5689 952 5744 Rom.
993 5688 1151 5752 edit.,
1180 5686 1317 5739 idem
1345 5682 1585 5740 Christus
1609 5686 1755 5752 ﬁeret
1777 5702 1795 5749 ;
1818 5685 1939 5740 alim
1969 5700 2034 5741 ac

436 5778 595 5820 mss..
626 5761 762 5815 idem
791 5761 1006 5828 spiritus
1038 5760 1202 5827 ﬁeret.
1237 5756 1457 5812 Minime
1492 5758 1654 5824 male,
1685 5773 1848 5823 supra
1883 5760 2031 5813 enim

434 5833 695 5904 scriptum
729 5832 988 5903 legimus,
1013 5839 1072 5885 ut
1102 5830 1345 5905 spiritum
1368 5829 1424 5884 in
1448 5846 1653 5885 carnem
1680 5839 1923 5885 mutaret.

2148 4730 2203 4776 et
2230 4723 2409 4791 passio
2438 4723 2651 4777 Domini
2672 4722 2946 4779 indicatur
2971 4742 2985 4791 ;
3032 4739 3156 4781 nam
3183 4740 3402 4783 constat
3433 4729 3747 4789 immortale

2147 4831 2301 4881 esse,
2334 4818 2478 4887 quod
2528 4818 2623 4873 Dei
2674 4829 2757 4873 est
2802 4838 2814 4872 :
2852 4821 3126 4886 hominis,
3181 4824 3325 4892 quod
3384 4826 3670 4883 caducum.

2216 4913 2396 4969 Tertia
2437 4929 2651 4984 quoque
2679 4915 2769 4971 die
2806 4919 3132 4985 resurrexit,
3162 4935 3273 4973 non
3306 4920 3447 4976 Deus
3477 4920 3530 4977 in
3565 4924 3743 4979 homi-

2146 5020 2291 5071 nem,
2322 5005 2417 5059 sed
2450 5006 2613 5061 homo
2642 5009 2817 5073 potius
2848 5010 2903 5063 in
2938 5009 3130 5064 Deum.

2214 5098 2473 5154 Ascendit
2507 5102 2557 5153 in
2590 5100 2782 5168 caelos,
2819 5102 3013 5157 ohtulit
3045 5104 3194 5159 Patri
3234 5119 3336 5161 suo
3370 5108 3645 5163 hominem
3678 5109 3745 5164 il-

2143 5191 2254 5245 lum
2284 5192 2653 5262 gratissimum
2682 5210 2902 5261 munus,
2933 5198 3183 5254 consedit
3220 5199 3285 5254 ad
3330 5201 3608 5258 dexteram
3644 5204 3746 5257 Pa-

2136 5286 2257 5351 tris,
2288 5285 2587 5341 secuudum
2635 5286 2780 5356 quod
2830 5288 3091 5357 scriptum
3133 5299 3216 5346 est
3253 5290 3438 5347 :Dixit
3483 5292 3743 5348 Dominus

2215 5410 2237 5471 ξ
2263 5400 2424 5471 Vigil.
2460 5400 2621 5463 edit.,
2646 5400 2969 5457 divinitatea:
2996 5405 3048 5457 in
3078 5406 3193 5467 illo.
3217 5417 3325 5462 etc.

2211 5468 2457 5547 d_Aiiilir.
2507 5472 2621 5526 edit
2660 5488 2749 5547 jac
2802 5490 2960 5539 mss.,
3012 5494 3129 5529 cum
3176 5495 3340 5547 usque
3393 5478 3462 5532 ad
3498 5488 3743 5545 nostros;

2137 5541 2297 5612 Vigil.
2325 5542 2459 5625 edit.
2495 5544 2838 5628 negitioiient
2888 5548 3096 5616 adjicit,
3130 5541 3294 5618 quam
3344 5551 3565 5619 quidem
3624 5541 3741 5607 illic

2137 5629 2453 5687 necessario
2477 5631 2667 5670 sensus
2698 5629 2886 5687 exrgtl.

2215 5685 2428 5762 0_\'igil.
2455 5686 2614 5762 edit.,
2649 5690 2721 5741 ita
2767 5685 2812 5741 et
2858 5689 3106 5762 maiestas
3148 5691 3244 5743 illa
3290 5692 3487 5759 divina,
3514 5709 3652 5762 quw,
3678 5705 3738 5750 ut

2139 5757 2271 5819 dixi.
2297 5774 2487 5829 corpus
2512 5758 2774 5826 induerat,
2804 5759 2989 5827 probat
3020 5776 3075 5814 se
3104 5777 3206 5815 non
3237 5780 3351 5831 suo,
3377 5757 3484 5821 etc.
