4194 6192
399 290 473 346 49
1770 280 2113 342 LIBELLUS
2151 284 2355 341 FlDEl.
3644 280 3717 341 30

400 409 638 464 Domino
662 425 772 463 meo
800 424 815 463 :
840 407 976 463 Sede
1002 408 1069 462 ad
1094 408 1359 462 dexteram
1388 422 1557 462 meam
1589 404 1764 479 (Psal.
1789 420 1901 471 crs,
1935 403 2009 476 1).
2041 402 2091 463 Α
2121 403 2300 473 habet,
2334 418 2435 460 nec
2464 406 2754 462 terminum
2782 424 2795 461 :
2820 406 2905 461 cui
2937 415 3022 461 est
3049 404 3226 460 honor
3253 412 3307 460 et
3332 402 3501 475 gloria
3533 402 3585 457 in
3613 406 3717 458 sae-

478 502 629 557 Misit
673 501 829 556 nobis
874 500 1136 570 Spiritum
1187 509 1436 556 sanctum
1458 501 1525 555 de
1555 500 1773 571 pr0pria
1805 514 1928 565 sua,
1954 508 2009 554 et

406 594 529 665 ipsa
575 610 675 647 una
725 594 1029 648 substantia
1073 608 1192 657 sua,
1229 604 1613 661 protecmrem,
1645 591 2009 646 sanetiﬁcato-

406 702 524 741 rem
557 695 610 741 et
638 685 990 741 deductorem
1032 686 1085 739 in
1132 685 1296 738 vitam
1341 693 1626 750 aeternam,
1662 686 1799 738 sicut
1835 684 2008 755 scrip-

405 788 519 834 tum
552 790 633 833 est
665 793 732 833 ex
762 793 897 833 voce
928 779 1021 833 Dei
1048 796 1060 831 :
1094 777 1382 845 E/fundam
1423 778 1487 833 de
1534 779 1743 846 Spiritu
1771 794 1883 832 meo
1910 794 2002 832 su-

405 888 497 944 per
536 887 708 924 servos
754 886 927 935 meos,
964 880 1010 924 et
1061 872 1281 925 ancillas
1334 888 1472 924 meas
1500 870 1664 937 (Joel.
1699 871 1912 937 11,29).
1942 873 2007 927 Et

399 964 637 1018 iterum:
672 960 907 1026 Spiritus
960 977 1025 1015 ex
1063 978 1143 1016 me
1203 963 1429 1031 prodibit
1462 961 1620 1035 (Isai.
1648 979 1779 1029 Lvu,
1814 964 1903 1034 6).
1942 964 2010 1019 Et

401 1059 522 1126 ipse
547 1056 816 1111 Dominus
867 1056 1227 1127 Salvatorque
1267 1066 1460 1112 noster
1491 1077 1503 1112 :
1541 1057 1617 1112 De
1644 1075 1779 1125 meo,
1806 1057 2005 1129 inquit,

399 1152 621 1218 accipiet
646 1150 1091 1221 (Joan.xvt,15);
1127 1167 1190 1205 ex
1222 1167 1288 1206 eo
1318 1152 1504 1222 utique
1525 1154 1670 1223 quod
1703 1163 1785 1209 est
1810 1153 2003 1221 Filius,

352 1276 361 1281 -
398 1244 524 1314 quia
558 1255 612 1299 et
635 1243 811 1299 Filius
840 1244 909 1299 de
936 1260 1004 1299 eo
1026 1244 1169 1314 quod
1200 1246 1364 1300 Pater
1393 1256 1498 1301 est.

473 1338 685 1393 Exinde
736 1339 1005 1405 prmﬁnito
1058 1348 1304 1410 tetnpore
1341 1350 1625 1410 venturus,
1659 1341 1811 1397 vivos
1848 1356 1999 1397 mor-

401 1440 634 1500 tuosque
659 1430 1039 1499 judicaturus;
1068 1442 1123 1486 ut
1156 1432 1349 1487 reddat
1378 1432 1729 1489 credentibus
1758 1434 2005 1505 prremia,

402 1539 510 1578 non
538 1522 893 1579 credentibus
916 1540 1048 1580 vero
1074 1525 1364 1595 supplicia.
1760 1503 1772 1505 θ
1880 1503 1890 1513 ’

473 1615 641 1687 Cujus
684 1632 915 1688 regnum
955 1630 1247 1686 aeternum,
1277 1618 1614 1689 immortale;
1650 1639 1751 1680 nec
1789 1625 2002 1681 initium

416 1749 3393 1781 ,___________________________________

2116 503 2237 556 cula
2263 502 2605 556 saeculorum.

2190 595 2316 649 llaec
2344 599 2434 665 qui
2459 596 2615 665 legis,
2651 609 2747 661 per
2792 592 2959 647 Deum
2994 592 3251 655 obsecro,
3287 604 3354 644 ne
3382 586 3714 657 simplicilao

2116 697 2222 743 tem
2279 703 2476 743 sensus
2522 689 2572 740 in
2622 686 2929 756 amhiguum
2963 692 3363 754 torqueas,aut
3388 681 3524 735 alias
3554 694 3716 751 quam

2115 778 2257 833 dicta
2284 789 2433 845 sunt,
2468 778 2687 843 trahas;
2718 777 2841 847 quia
2873 790 2971 830 nos
3015 776 3230 831 Patrem
3272 789 3460 830 verum
3495 773 3711 827 Patrem

2114 872 2461 937 conlitcmur,
2489 883 2543 925 et
2572 870 2765 924 Filium
2797 870 2889 924 Dei
2922 884 3112 923 verum
3142 866 3338 921 Filium
3364 867 3481 933 Dei,
3506 878 3560 921 et
3589 865 3713 935 Spi-

2116 964 2279 1018 ritum
2336 976 2584 1018 saucmm
2630 977 2761 1016 vere
2800 960 3067 1030 Spiritum
3115 970 3360 1015 Sanctum
3390 956 3712 1012 credimus:

2119 1071 2228 1114 tres
2262 1073 2525 1129 personas
2555 1057 2714 1110 unius
2750 1055 3091 1120 substantiae,
3126 1062 3180 1107 et
3210 1053 3370 1107 unius
3408 1050 3715 1105 divinitatis

2114 1152 2460 1208 conﬁtentes.
2487 1149 2707 1207 Sultellii
2737 1164 2918 1204 autem
2949 1156 3003 1202 et
3033 1146 3276 1212 Photiui,
3311 1159 3413 1200 nec
3456 1158 3566 1199 non
3594 1141 3712 1197 Arii

2115 1256 2341 1310 sectam,
2388 1254 2443 1301 et
2481 1246 2528 1300 si
2583 1259 2686 1314 qua
2737 1242 2842 1297 alio
2899 1251 3029 1296 sunt
3082 1256 3203 1311 qua:
3241 1249 3431 1293 contra
3470 1238 3712 1308 regulam

2110 1342 2353 1395 veritatis
2411 1340 2673 1403 veniunt,
2721 1335 3174 1390 condemnamus.
3230 1330 3469 1386 Nicatnte
3525 1341 3709 1384 autem

2109 1433 2303 1507 synodi
2335 1441 2625 1487 tractatum
2648 1429 2795 1483 omni
2828 1427 2993 1482 animi
3024 1426 3147 1483 nisu
3180 1439 3250 1481 ex
3293 1433 3403 1479 tota
3454 1422 3563 1477 ﬁde
3593 1436 3710 1476 ser-

2109 1539 2335 1595 vantes,
2364 1526 2751 1597 amplectimur
2784 1542 2797 1577 :
2839 1525 2981 1578 hunc
3012 1523 3157 1578 enim
3183 1528 3476 1574 tractatum
3503 1517 3707 1573 scimus

2108 1633 2299 1678 contra
2330 1634 2520 1675 omnes
2544 1619 2780 1674 haereses
2809 1618 3009 1672 invicta
3038 1615 3268 1670 veritate
3295 1610 3630 1682 oppositum.

3397 1746 3683 1763 -ννυ

1962 1870 2195 1975 ΙΙΙ.

1566 2056 2122 2141 LIBELLUS
2198 2057 2545 2139 FIDEI.

473 2238 755 2295 Credimus
777 2247 801 2275 ⁸
834 2253 1003 2294 unum
1034 2238 1205 2293 Deum
1230 2282 1244 2307 ,
1274 2238 1493 2295 Patrem
1523 2242 1956 2313 omnipotentem
1978 2287 1992 2311 ,
2024 2248 2070 2308 B
2100 2260 2397 2316 numquam
2427 2243 2654 2299 desierit
2696 2258 2818 2298 esse
2864 2244 2916 2298 in
2966 2241 3109 2298 casio
3140 2258 3153 2294 :
3184 2249 3344 2297 natus
3384 2239 3454 2296 de
3499 2238 3709 2309 Spit-itu

398 2341 455 2387 et
488 2346 650 2385 unum
684 2332 1020 2400 unigenitum
1052 2330 1247 2387 Filium
1277 2333 1395 2401 ejus
1425 2334 1591 2388 Deum
1624 2345 1679 2389 et
1709 2337 1995 2392 Dominum

395 2421 738 2478 Salvatorem
783 2432 1065 2489 nostrum,
1101 2432 1158 2478 et
1199 2424 1461 2493 Spiritum
1505 2438 1751 2482 sanctum
1784 2429 1997 2484 Deum:

396 2530 505 2570 non
532 2525 643 2569 tres
668 2515 808 2569 Deos
830 2515 1044 2570 Patrem
1067 2526 1119 2570 et
1144 2514 1340 2570 Filium
1364 2527 1418 2571 et
1442 2517 1702 2589 Spiritum
1726 2532 1995 2589 sanctum,

392 2609 491 2665 sed
539 2624 705 2662 unum
740 2607 914 2663 Deum
960 2623 1085 2663 esse
1134 2609 1480 2665 conﬁtemur.
1533 2610 1651 2666 Non
1705 2614 1785 2667 sic
1835 2630 1997 2668 unum

395 2705 599 2771 Deum,
634 2706 787 2773 quasi
827 2704 1174 2769 solitarium,
1219 2719 1321 2759 nec
1360 2706 1612 2761 eumdem
1636 2750 1651 2775 ,
1694 2708 1791 2777 qui
1816 2707 1844 2745 ι)
1878 2709 1998 2779 ipse

393 2796 495 2851 sibi
529 2796 697 2851 Pater
726 2799 834 2863 sit,
875 2797 989 2867 ipse
1021 2807 1075 2852 et
1107 2796 1316 2864 Filius;
1364 2800 1459 2853 sed
1500 2799 1719 2856 Patrem
1766 2816 1956 2857 verum
1978 2844 1993 2870 ,

392 2891 483 2961 qui
514 2892 701 2960 genuit
732 2888 933 2944 Filium
968 2906 1193 2950 verum.
1225 2901 1245 2927 ε
1274 2902 1330 2945 ut
1361 2901 1446 2965 est
1477 2892 1620 2947 Deus
1651 2892 1717 2949 de
1748 2894 1889 2960 Deo,
1917 2895 1999 2949 lu-

393 2998 520 3039 men
542 2983 611 3039 de
641 2984 866 3049 lumine,
900 2983 1009 3036 vita
1041 2999 1107 3038 ex
1138 2984 1276 3049 vita,
1313 2984 1613 3053 perfectum
1638 2985 1706 3041 de
1729 2986 1993 3055 perfecto,

394 3087 568 3133 totum
613 3093 641 3131 a
684 3086 832 3142 toto,
869 3077 1089 3147 plenum
1123 3092 1152 3131 a
1196 3077 1386 3147 pleno;
1432 3094 1538 3132 non
1576 3090 1855 3145 creatum,
1900 3080 1993 3134 sed

401 3171 676 3243 genitum;
711 3185 818 3224 non
854 3184 918 3223 ex
938 3168 1108 3223 nihilo
1140 3211 1155 3235 ,
1185 3169 1278 3223 sed
1311 3186 1375 3223 ex
1409 3169 1601 3235 Patre,
1625 3168 1651 3205 ά
1682 3170 1839 3224 unius
1870 3171 1997 3225 sub-

391 3264 606 3319 stantiae
633 3278 755 3317 cum
787 3262 949 3317 Patre
973 3270 1026 3315 τε
1059 3260 1327 3331 Spiritum
1358 3276 1487 3316 vero
1513 3272 1766 3317 sanctum
1803 3263 1993 3328 Deum,

392 3370 500 3411 non
542 3354 877 3425 ingenitum,
916 3368 1091 3423 neque
1133 3354 1406 3421 genitum;
1440 3367 1548 3408 non
1580 3366 1820 3408 creatum
1846 3395 1861 3421 ,
1896 3370 1994 3411 nec

393 3451 633 3515 factum;
660 3450 751 3503 sed
778 3448 953 3503 Patris
975 3459 1027 3502 et
1054 3446 1198 3511 Filii,
1224 3463 1448 3517 semper
1467 3446 1518 3501 in
1538 3448 1719 3514 Patre,
1740 3458 1795 3503 et
1818 3448 1990 3503 Filiof

394 3552 757 3599 commntum.
786 3541 1124 3596 Venerantur
1154 3550 1332 3595 tamen
1367 3556 1532 3594 unum
1576 3540 1749 3595 Deum
1776 3558 1789 3595 :
1818 3550 1842 3588 ες
1867 3543 1991 3611 quia

2102 2350 2296 2393 sancto
2340 2352 2405 2391 ex
2452 2336 2665 2406 virgine
2707 2335 2893 2389 Maria.
2924 2333 3167 2389 Verbum
3200 2348 3332 2389 caro
3364 2332 3566 2387 factum
3602 2347 3709 2386 non

2101 2430 2284 2485 amisit
2312 2429 2455 2499 quod
2488 2428 2695 2495 l’uerat,
2752 2428 2847 2482 sed
2880 2427 3043 2496 carpit
3069 2441 3193 2481 esse
3221 2424 3369 2496 quod
3424 2440 3533 2479 non
3565 2434 3703 2480 erat.

2106 2523 2259 2577 iNon
2292 2522 2630 2577 demutatum
2666 2519 2762 2576 sed
2794 2528 3205 2589 permanentem
3238 2519 3401 2574 etiam
3429 2518 3707 2572 hominem

2101 2626 2286 2673 natum
2305 2658 2318 2678 ,
2348 2632 2452 2671 non
2478 2615 2741 2686 putatire.
2767 2614 2860 2670 sed
2887 2630 3045 2682 vere;
3073 2633 3179 2671 non
3212 2615 3442 2678 aerium,
3469 2610 3566 2669 sed
3589 2626 3709 2666 cor-

2100 2727 2359 2783 poreum;
2385 2728 2488 2766 non
2510 2712 2911 2781 phantasticum
2932 2754 2946 2777 ,
2972 2712 3068 2766 sed
3096 2724 3354 2766 carnemu
3374 2726 3389 2775 ;
3413 2721 3561 2772 ossa,
3586 2720 3707 2760 san-

2094 2806 2346 2877 guinem,
2379 2820 2600 2859 sensum
2630 2814 2686 2860 et
2715 2806 2955 2859 animum
2988 2805 3319 2868 habentem;
3345 2806 3371 2839 κ
3405 2802 3477 2856 ita
3512 2815 3699 2854 verum

2101 2899 2272 2954 Deum
2303 2909 2357 2953 et
2389 2914 2575 2953 verum
2624 2897 2897 2952 hominem
2945 2896 3344 2965 intelligimus:
3388 2894 3461 2948 ita
3511 2908 3697 2947 verum

2101 2990 2378 3045 hominem
2403 3005 2589 3045 verum
2611 2990 2780 3045 Deum
2806 2988 2977 3044 fuisse
3002 2988 3153 3042 nullo
3175 2987 3335 3041 modo
3357 2984 3702 3055 amhigimus.

2096 3079 2475 3137 Cautitetidum
2511 3091 2594 3136 est
2625 3083 2768 3137 lmuc
2811 3081 3067 3136 eumdem
3112 3080 3405 3135 Dominum
3450 3088 3700 3133 nostrum

2095 3174 2267 3230 Jssuu
2311 3175 2582 3229 Cumsruu
2643 3174 2971 3244 adimplesse
3026 3174 3201 3244 legem
3251 3181 3306 3228 et
3360 3172 3695 3242 prophetas,

2099 3269 2460 3338 passunvsub
2491 3269 2685 3323 Pontio
2729 3269 2935 3334 Pilato,
2968 3265 2988 3304 1
3028 3266 3350 3323 cruciﬁxum
3398 3264 3699 3321 secundum

2096 3362 2441 3432 Scripturas,
2478 3372 2751 3416 mortuum
2787 3372 2841 3415 et
2874 3360 3149 3431 sepultum
3180 3359 3482 3414 secundum
3514 3357 3703 3427 Scrip-

2098 3465 2283 3523 turas,
2319 3458 2474 3511 tertia
2507 3456 2595 3511 die
2638 3471 2668 3509 a
2716 3456 2944 3511 mortuis
2984 3454 3325 3514 surrexisse.
3360 3463 3701 3524 assumptum

2095 3548 2152 3603 in
2183 3549 2388 3613 caelos,
2430 3548 2621 3603 sedere
2660 3547 2728 3601 ad
2771 3547 3052 3603 dexteram
3084 3547 3296 3613 Patris;
3334 3546 3469 3602 inde
3508 3554 3705 3601 ventu-

393 3651 464 3691 ει
490 3650 598 3689 uno
622 3634 785 3689 Patre
810 3642 978 3687 totum
1004 3632 1145 3703 quod
1186 3632 1362 3687 Patris
1385 3642 1491 3700 est,
1522 3643 1683 3685 natus
1710 3641 1796 3687 est
1825 3632 1991 3688 Filius

2102 3640 2485 3711 rumjudicare
2510 3643 2665 3695 vivos
2683 3652 2736 3695 et
2760 3650 3004 3697 mortuos
3026 3649 3430 3711 exsiiectamus.
3459 3640 3516 3694 In
3542 3641 3702 3710 hujus

394 3730 566 3794 Deus;
600 3739 653 3784 et
685 3731 736 3783 in
771 3728 929 3784 Patre
960 3738 1129 3782 totum
1167 3728 1311 3797 quod
1344 3728 1518 3793 inest,
1550 3726 1575 3763 ¹ι
1605 3736 1777 3782 totum
1800 3730 1989 3800 genuit

393 3820 610 3876 Filium.
638 3822 800 3876 Pater
821 3820 1019 3875 Filium
1043 3834 1314 3891 generous
1342 3836 1448 3873 non
1479 3819 1708 3885 minuit,
1733 3835 1831 3875 nec
1853 3820 1989 3874 ami-

390 3914 459 3969 sit
491 3913 847 3984 plenitudinis
882 3926 1002 3967 sua}
1027 3913 1287 3967 deitatem
1316 3930 1329 3964 :
1370 3920 1539 3965 totum
1572 3922 1754 3966 autem
1794 3911 1809 3948 ί
1845 3912 1987 3982 quod

388 4006 537 4061 Deus
562 4005 722 4061 Pater
748 4016 863 4071 εει,
892 4004 943 4059 id
968 4019 1090 4059 esse
1120 4016 1172 4058 et
1204 4003 1398 4058 Filium
1428 4003 1496 4058 ab
1524 4019 1590 4058 eo
1623 4012 1805 4057 natum
1826 4046 1840 4069 ,
1867 4019 1989 4059 cer-

390 4100 603 4155 tissime
642 4107 914 4154 tenentes.
963 4099 1095 4152 Cum
1130 4097 1335 4165 Spiritu
1380 4106 1576 4151 sancto
1608 4114 1769 4151 unum
1815 4098 1984 4153 Deum

390 4192 634 4261 piissime
674 4189 1004 4245 conﬁtemur
1038 4188 1206 4243 JESUM
1235 4188 1512 4243 Cuntsruu
1542 4188 1830 4243 Dominum
1865 4206 1987 4243 nos-

390 4292 533 4338 trum
553 4326 568 4348 ,
606 4284 697 4336 Dei
732 4281 927 4335 Filium
956 4322 969 4347 ,
1002 4296 1100 4351 per
1120 4296 1278 4350 quem
1306 4281 1485 4334 otnnia
1517 4281 1655 4335 facta
1687 4289 1835 4345 Sunt,
1864 4298 1986 4352 quze

393 4376 445 4430 in
493 4375 648 4431 caelis
696 4384 752 4429 et
782 4390 903 4444 quae
950 4376 1001 4428 in
1051 4382 1233 4439 terra,
1282 4373 1512 4429 \isibilia
1558 4384 1612 4428 et
1649 4374 1983 4429 invisibilia:

391 4481 614 4542 propter
662 4482 904 4526 nostram
958 4472 1186 4526 salutem
1233 4469 1516 4524 descendit
1558 4469 1626 4524 de
1673 4470 1845 4536 caelo;
1892 4470 1986 4540 qui

466 4595 490 4623 ⁸
535 4586 727 4641 Unum.
774 4586 943 4641 Codd.
979 4586 1097 4639 Vat.
1130 4594 1185 4640 et
1206 4583 1428 4648 Vallic.,
1457 4585 1511 4637 in
1534 4600 1713 4637 unum.
1745 4583 1867 4638 Mox
1894 4626 1909 4649 ,
1934 4586 1991 4640 in

394 4675 554 4729 unum
586 4660 909 4729 unigenitum
937 4656 1134 4729 Filium
1164 4660 1275 4729 ejus
1303 4654 1483 4729 Jesunt
1512 4654 1774 4729 C_hristum_
1802 4654 1985 4711 Deum.

395 4727 503 4853 Fili
531 4728 656 4798 Ipse
680 4724 795 4784 sibi.
824 4728 994 4784 Codd.
1012 4724 1272 4793 Lucoris”
1301 4729 1409 4799 ipse
1436 4728 1502 4780 sit
1533 4724 1710 4790 Pater,
1732 4727 1797 4779 sit
1816 4729 1925 4796 ipse
1945 4740 1991 4782 et

449 4819 461 4853 l
488 4817 585 4853 ms.

449 4817 602 4926 limat
631 4881 704 4925 est
736 4871 802 4925 D.
847 4871 1034 4937 Crah.,
1062 4871 1115 4923 id
1141 4880 1214 4924 est
1248 4868 1409 4923 Deum
1439 4868 1503 4921 de
1534 4868 1661 4922 Deo-

466 4941 490 4977 ι¹
536 4942 702 4997 Unius
748 4944 909 4996 subst.
961 4944 1192 5009 Quesn..
1226 4950 1275 4995 et
1314 4941 1467 4993 unius
1506 4939 1666 4993 subst.
1708 4940 1990 5009 Conjunc-

394 5014 600 5068 tiOnem
632 5017 890 5067 tunittuut
922 5017 1092 5068 nostri
1124 5014 1281 5065 ctuld.
1318 5025 1367 5065 et
1400 5009 1561 5065 Crab.
1642 5080 1665 5082 ι
1710 5012 1713 5013 ⁷
1781 5074 1784 5082 λ

468 5096 489 5121 θ
530 5085 789 5149 Spiritum
831 5102 946 5139 vero
978 5094 1212 5138 sanctum
1258 5082 1322 5135 D.
1368 5082 1440 5135 lla
1474 5098 1597 5133 cum
1628 5080 1788 5136 Crah.
1822 5080 1985 5135 Codd.

392 5172 521 5212 mss.
553 5156 713 5225 Apud
739 5157 963 5222 Quesn.,
990 5167 1035 5209 et
1060 5155 1314 5221 Spirilnm
1337 5159 1572 5206 sanctum
1595 5169 1769 5225 verum
1797 5150 1984 5225 Deum.

468 5227 487 5266 ί
531 5223 875 5282 Coeeternum.
925 5226 1081 5281 Crah.
1117 5225 1533 5293 cumplt-riuluc
1581 5224 1785 5277 nosttis
1827 5223 1987 5277 codd.

310 5306 323 5357 “,
391 5300 494 5353 alia
538 5302 980 5368 ititt-rpuuctione
1000 5338 1014 5363 ,
1045 5305 1353 5351 cowternum
1373 5311 1696 5360 veneramur,
1727 5312 1883 5349 unum
1914 5307 1993 5348 ta-

393 5387 509 5424 men
543 5370 729 5425 Deum.

392 5460 395 5473 ί
472 5452 497 5489 s
524 5442 676 5509 Quia.
703 5441 892 5505 Crab.,
917 5440 1163 5513 qui._Mox
1185 5439 1442 5505 Lucens.,
1484 5436 1674 5492 Vallic.
1700 5448 1754 5492 ct
1774 5450 2004 5509 uterque
2053 5495 2063 5507 ,

394 5513 543 5581 V'at.,
577 5514 715 5568 Deus
741 5525 892 5567 natus
918 5511 991 5565 est
1020 5511 1208 5565 Filius.

472 5584 497 5621 ιι
529 5579 727 5639 Τυειιηι
758 5601 878 5652 gen.
911 5584 1030 5638 Vat.
1064 5583 1205 5639 1542
1227 5624 1241 5645 ,
1288 5590 1452 5633 totum
1474 5581 1648 5650 genuit
1693 5581 1745 5633 in
1779 5579 1996 5652 filium.

404 5656 601 5712 Valltc.
636 5668 689 5711 et
718 5650 857 5710 alius
887 5656 1034 5717 Vat.,
1064 5667 1223 5707 totum
1265 5656 1579 5722 ingenitum,
1612 5660 1656 5703 et
1688 5652 1738 5704 in
1776 5650 1996 5706 Filium.

484 5728 498 5764 ί
549 5728 695 5794 Quod
725 5726 865 5782 Deus
895 5726 1053 5780 Pater
1078 5734 1173 5780 eat.
1204 5725 1282 5779 lla
1311 5721 1470 5777 codd.
1504 5721 1664 5775 Vind.
1696 5738 1759 5777 ac
1785 5724 1997 5794 'l'huan.

407 5793 875 5859 consentientibus
923 5800 1134 5853 caneris
1171 5795 1424 5853 omnibus
1460 5794 1686 5849 aliarum
1717 5793 1998 5851 collectio-

2097 3745 2282 3790 morte
2312 3742 2368 3789 et
2401 3735 2665 3804 sanguine
2699 3735 2992 3788 iuuntlatos
3019 3744 3058 3770 ιη
3088 3735 3465 3789 remissionem
3505 3749 3701 3803 pecca-

2098 3840 2274 3884 torum
2315 3837 2671 3892 consecutos;
2722 3826 3129 3881 resuscitandos
3173 3840 3273 3881 nos
3302 3828 3371 3881 ab
3408 3841 3475 3880 eo
3515 3827 3569 3881 in
3614 3826 3698 3881 his

2097 3921 2420 3991 corporibus
2442 3932 2495 3975 et
2522 3922 2573 3974 in
2599 3919 2787 3974 eadem
2819 3934 2985 3974 carne
3005 3933 3108 3989 qua
3142 3932 3286 3973 nunc
3308 3933 3526 3985 sumus;
3557 3920 3699 3974 sicut

2098 4026 2153 4071 et
2194 4017 2310 4086 ipse
2341 4016 2393 4069 in
2433 4016 2623 4070 eadem
2668 4030 2835 4069 carne
2880 4030 2987 4082 qua
3028 4022 3187 4069 natus
3229 4024 3311 4068 est
3338 4023 3395 4069 et
3427 4029 3617 4084 passus
3644 4024 3700 4068 et

2096 4121 2344 4165 mortuus
2362 4151 2374 4171 .
2398 4110 2699 4165 resurrexit
2727 4127 2739 4161 :
2774 4118 2829 4163 et
2859 4108 3068 4163 animas
3093 4123 3215 4163 cum
3248 4107 3347 4161 hac
3373 4122 3536 4162 carne
3558 4106 3587 4134 ⁸³
3611 4108 3699 4162 vel

2092 4217 2324 4273 corpora
2350 4214 2531 4257 nostra
2562 4203 2629 4256 ab
2651 4218 2718 4257 eo
2737 4244 2751 4269 ,
2777 4211 2871 4256 aut
2892 4203 3061 4256 vitam
3086 4212 3346 4256 aeternam
3368 4243 3383 4266 ,
3407 4202 3692 4270 praemium

2093 4294 2219 4351 boni
2248 4296 2464 4361 meriti,
2493 4304 2587 4349 aut
2614 4296 2938 4351 sententiam
2970 4311 3068 4367 pro
3096 4297 3329 4368 peccatis
3352 4297 3539 4352 teterni
3568 4310 3695 4365 sup-

2092 4388 2239 4458 plicii
2266 4398 2603 4461 recepturos.

2100 4606 2251 4663 num.
2288 4591 2438 4648 Unus
2467 4594 2697 4662 Quesn.,
2730 4593 2868 4663 quod
2898 4592 3056 4647 Pater
3095 4601 3167 4647 est
3199 4590 3342 4648 Deus
3363 4635 3378 4659 ,
3410 4595 3544 4649 idem
3583 4613 3694 4652 esse

2098 4671 2145 4714 et
2180 4661 2444 4739 Filium...
2474 4661 2754 4739 certissime
2785 4674 3030 4718 tenemus.

2176 4733 2190 4781 i
2245 4733 2366 4787 Non
2395 4735 2589 4788 demat.
2626 4736 2715 4790 Sic
2757 4751 2945 4789 omnes
2974 4737 3144 4791 nostri
3174 4735 3336 4791 codd.
3380 4747 3435 4791 et
3475 4736 3685 4794 Thuan.

2098 4803 2328 4877 Quesn.,
2362 4822 2465 4858 non
2512 4807 2865 4874 demutatum,
2913 4808 3003 4861 sed
3046 4823 3370 4877 permanens.
3421 4806 3691 4867 Credimus

2096 4874 2353 4929 hominem
2382 4885 2577 4931 natum.
3047 4874 3057 4877 ⁷
3310 4936 3313 4941 λ

2169 4943 2191 4981 ¹ι
2235 4945 2321 5001 Ita
2345 4963 2519 5001 verum
2542 4947 2609 5001 D.
2634 4947 2822 5002 Melior
2842 4948 3052 5005 videtur
3077 4950 3239 5006 lectio
3268 4950 3395 5007 cod.
3421 4950 3688 5017 Lucens..

2094 5017 2165 5069 ita
2206 5033 2378 5092 rerum
2421 5018 2682 5071 hominem
2718 5022 2979 5092 et'tferum
3010 5019 3176 5075 Deum
3223 5023 3596 5092 intelligimus,
3634 5036 3691 5079 ut

2094 5102 2266 5140 rerum
2296 5089 2461 5163 Deum
2487 5106 2660 5163 verum
2690 5091 2944 5144 hominem
2974 5096 3135 5163 fuisse
3168 5092 3315 5148 nullo
3342 5089 3495 5151 modo
3523 5096 3688 5152 ambi-

2095 5174 2277 5230 gamus
2299 5161 2664 5230 conﬁtendum.
2975 5161 2983 5163 ”
3033 5174 3036 5179 ·

2179 5228 2190 5265 ¹
2241 5228 2578 5303 Qrttctﬁxutn,
2607 5232 2834 5300 Quesn.,
2863 5235 3168 5303 cruciﬁxum
3192 5245 3241 5289 et
3264 5248 3543 5296 mortuum.

2174 5310 2211 5337 η’
2254 5300 2536 5379 ρίῳράαιοε
2564 5304 2763 5358 remiss.
2791 5300 3015 5379 Quem.-
3037 5309 3227 5379 inserit
3255 5310 3577 5379 conﬁtemur.

2136 5441 2147 5453 θ
2180 5380 2207 5407 ιι
2258 5371 2349 5453 γει
2388 5390 2606 5453 corpora
2638 5371 2833 5453 nostra.
2880 5376 3008 5453 llaec
3034 5378 3202 5453 verba
3245 5371 3446 5453 delevit
3487 5383 3690 5449 Quesn.

2114 5443 2234 5497 licet
2272 5443 2501 5499 fateatur
2531 5446 2622 5500 illa
2650 5448 2900 5501 exhiberi
2934 5449 2985 5501 in
3018 5448 3230 5504 duobus
3269 5443 3603 5506 Thuanfvuti
3637 5454 3694 5509 in

2106 5514 2597 5588 omnibusnoslris
2631 5519 2869 5588 quiuqoe
2914 5520 3074 5574 codd.
3113 5521 3450 5576 diversarum
3494 5523 3695 5579 collec-

2107 5587 2313 5640 tionum
2368 5586 2661 5665 legunturf
2694 5586 2852 5665 Solus
2894 5590 3159 5665 Alfttcens;
3185 5602 3306 5665 post
3355 5593 3692 5665 vel__corpora

2105 5669 2282 5710 nostra
2310 5658 2860 5728 subjiriLaccepimus.
2894 5661 3082 5717 Melius
3115 5658 3306 5717 Vallic.
3336 5671 3391 5714 et
3421 5658 3571 5727 \’at.,
3602 5682 3689 5720 ac-

2104 5737 2372 5809 cepturos,
2408 5729 2587 5782 deleto
2631 5727 2680 5785 in
2729 5733 2834 5789 ﬁne
2865 5734 3032 5789 verbo
3076 5741 3415 5803 recepturos:
3452 5748 3552 5805 pro
3580 5727 3691 5809 quo

2099 5796 2329 5867 Quesn.,
2354 5809 2666 5870 recepturus.
