4194 6192
522 284 3814 349 ω

1818 464 1980 509 ANNO
2024 466 2255 511 DOMINI
2302 469 2503 513 CCCC].

761 673 934 833 s.
1008 675 2503 851 ANASTASIUS
2636 690 2714 843 ι
2849 689 3544 853 PAPA.

1661 976 2698 1013 ’.Μ

1736 1170 2587 1246 PBOLEGOMENA.

1966 1365 2295 1388 _

813 1506 971 1563 VlTA
1011 1507 1069 1565 S.
1112 1506 1470 1565 ANASTASII
1510 1510 1530 1564 l
1574 1508 1795 1564 PAPA‘I.

1008 1692 1101 1756 (Ex
1132 1693 1257 1743 libro
1281 1694 1588 1758 pontiﬁcali.)

578 1784 931 1849 Aaasrasws,
964 1786 1186 1839 natione
1219 1785 1514 1851 Romanus,
1543 1801 1609 1841 ex
1642 1795 1793 1854 patre
1833 1786 2064 1839 Maximo
2088 1828 2101 1851 ,

502 1872 644 1926 sedit
675 1888 846 1927 annos
879 1884 1019 1939 tres,
1052 1874 1169 1931 dies
1200 1874 1411 1931 decem.
1448 1876 1543 1932 llic
1569 1877 1849 1931 constituit
1877 1886 1935 1930 ut
1964 1892 2099 1947 quo-

506 1965 842 2035 tiescumque
882 1976 1070 2020 sancta
1108 1968 1393 2038 Evangelia
1436 1968 1816 2031 recitarentur,
1848 1968 2100 2025 sacerdo-

506 2064 588 2109 tes
630 2070 735 2110 non
776 2057 1070 2123 sederent,
1112 2058 1204 2113 sed
1237 2060 1384 2112 curvi
1417 2069 1643 2117 starent.
1675 2060 1770 2115 llic
1798 2061 1927 2115 fecit
1966 2075 2103 2116 con-

502 2148 751 2204 stitutum
780 2150 848 2204 de
878 2150 1137 2206 Ecclesia.
1170 2151 1265 2207 Hic
1294 2151 1421 2207 fecit
1450 2153 1882 2224 basilicam,qum
1903 2153 2099 2209 dicitur

501 2238 915 2305 Crescentiana,
950 2242 1004 2296 in
1037 2243 1260 2313 regione
1288 2244 1544 2310 secunda,
1578 2245 1632 2299 in
1663 2246 1745 2299 ria
1775 2246 2093 2303 Mamertina

503 2333 559 2387 in
591 2334 724 2388 urbe
758 2334 949 2389 Roma.
977 2336 1042 2390 Et
1061 2336 1163 2391 hoc
1189 2338 1490 2404 constituit,
1512 2338 1654 2394 nulla
1682 2341 1891 2395 ratione
1917 2350 2092 2395 trans-

505 2426 778 2480 marinum
821 2425 1095 2483 hominem
1138 2430 1189 2483 in
1230 2430 1516 2487 clericatus
1562 2434 1824 2488 honorem
1854 2434 2095 2505 suscipi,

505 2521 609 2575 nisi
649 2522 890 2593 quinque
920 2526 1297 2595 episcoporum
1327 2527 1636 2599 designaret
1662 2529 2052 2601 chirographus
2072 2570 2089 2595 ,

2124 1513 2173 1571 Α
2202 1512 2321 1581 qttia
2369 1522 2422 1567 et
2460 1514 2653 1599 eodem
2704 1526 2946 1586 tempore
2990 1519 3272 1577 Manichmi
3322 1523 3529 1579 inventi
3575 1538 3697 1580 sunt
3751 1527 3807 1582 in

2205 1606 2339 1662 urbe
2389 1608 2581 1663 Roma.
2641 1609 2737 1666 Hie
2786 1611 2911 1667 iecit
2956 1613 3328 1672 ordinationes
3373 1616 3511 1673 duas
3561 1618 3614 1673 in
3666 1618 3809 1674 urbe

2208 1699 2372 1753 Roma
2417 1716 2514 1771 per
2556 1717 2797 1757 mensem
2843 1703 3193 1760 Decembrem
3217 1748 3231 1773 ,
3266 1709 3617 1780 presbyteros
3645 1722 3799 1776 octo,

2206 1791 2465 1847 diacones
2508 1794 2774 1864 quinque,
2824 1796 3112 1866 episcopos
3159 1813 3253 1867 per
3300 1799 3518 1854 diversa
3563 1801 3677 1855 loca
3711 1802 3805 1856 dc-

2202 1896 2343 1937 cem.
2390 1883 2489 1950 Qui
2536 1885 2696 1938 etiam
2739 1886 2983 1955 sepultus
3032 1898 3115 1942 est
3161 1890 3210 1943 in
3256 1893 3572 1946 cmmeterio
3604 1906 3703 1947 suo
3731 1894 3800 1948 ad

2208 1991 2394 2029 ursum
2435 1975 2691 2045 pileatum
2716 2018 2729 2041 ,
2776 1977 2964 2047 quinto
2993 1978 3251 2036 kalendas
3283 1982 3430 2037 Maii.
3478 1982 3540 2036 Et
3573 1984 3803 2039 cessavit

2212 2068 2557 2139 episcopatus
2586 2068 2704 2126 dies
2734 2071 2921 2142 viginti
2954 2090 3140 2129 unum.

2568 2320 2663 2381 (Ex
2688 2318 2848 2373 Const.
2869 2323 3022 2386 Epist.
3043 2323 3185 2375 Rom.
3213 2326 3414 2390 Pontif.)

2274 2433 2633 2506 Hieronymus
2656 2435 2813 2504 epist.
2842 2435 2928 2499 16,
2958 2436 3025 2490 ad
3074 2436 3424 2506 Principiam.
3451 2441 3538 2495 ubi
3572 2440 3789 2497 litteras

2202 2525 2595 2583 ecclesiasticas
2624 2526 2873 2597 Origenis
2896 2529 3195 2585 fautoribus
3221 2544 3251 2584 a
3279 2531 3477 2587 Siricio
3507 2531 3663 2587 datas
3681 2547 3800 2588 me-

1756 2684 1963 2741 NOTIE
2005 2682 2326 2742 SEVERINI
2367 2681 2549 2737 BlNll.

578 2840 902 2913 Anastasius.
934 2840 1063 2895 Post
1094 2841 1298 2913 obitum
1326 2838 1504 2896 Siricii
1534 2849 1588 2895 et
1612 2841 1979 2913 interregnum
2007 2840 2092 2913 vi-_-
2122 2842 2170 2904 B
2198 2835 2554 2913 referaturad
2582 2834 2798 2913 Arcadii
2823 2847 2872 2889 et
2893 2837 3116 2913 Honorii
3140 2840 3483 2913 consulatum
3509 2852 3564 2907 v,
3589 2844 3680 2912 qui
3711 2854 3801 2898 cst

506 2913 641 2981 ginti
692 2911 943 2976 dierum,
995 2912 1173 2979 pridie
1224 2913 1342 2965 idus
1397 2913 1653 2974 Martias.
1704 2911 1845 2967 anno
1880 2911 2089 2967 Domini

507 2984 613 3038 398
638 3026 653 3047 ,
692 2982 785 3050 qui
824 2992 905 3035 est
946 2982 1161 3038 Arcadii
1203 2995 1257 3037 et
1296 2984 1519 3038 Honorii
1559 2994 1819 3053 quartus,
1864 2988 2092 3038 Anasta-

507 3058 651 3118 sius.
685 3064 825 3108 teste
869 3054 1014 3108 llier.
1051 3058 1132 3107 vir
1160 3054 1414 3121 insignis,
1449 3054 1728 3108 ditissima:
1761 3054 2092 3124 paupertatis

509 3136 563 3178 et
594 3125 909 3197 :tptiSlUlIC:l'.
941 3124 1341 3197 sollicitudinis.
1374 3126 1725 3191 apostolicam
1758 3129 1939 3178 sedem
1973 3125 2092 3179 Ori-

506 3196 839 3267 gcnistarum
873 3196 1179 3249 turbinibus
1208 3198 1462 3265 agitatam
1496 3206 1757 3264 occupat,
1788 3197 2085 3267 statimque,

507 3267 677 3336 inquit
726 3265 871 3319 Hier.
903 3269 1116 3321 noxium
1152 3277 1309 3331 caput
1341 3270 1591 3335 pacat“,
1622 3277 1669 3321 et
1696 3265 2093 3336 sibilmiia‘hy-

508 3338 618 3391 «ire
647 3353 737 3390 ora
768 3340 1092 3402 compescuit.
1120 3340 1356 3393 Joannes
1383 3350 1743 3407 cognomento
1770 3339 2093 3409 Cbrysusto-

514 3425 633 3461 unus
660 3409 943 3462 ~Antiochia
973 3409 1253 3472 abductus,
1302 3421 1420 3477 post
1447 3406 1649 3463 ultimm
1674 3406 1929 3471 Nectarii,
1953 3406 2096 3463 Con-

507 3480 1022 3547 smntitmpolitanus
1046 3481 1335 3548 episc0pus
1372 3480 1624 3549 eligitur:
1655 3482 1878 3550 ejusque
1903 3488 2091 3533 auctu-

510 3554 669 3604 ritate
715 3551 980 3604 Africanae
1019 3552 1281 3605 Ecclesia
1318 3566 1423 3620 pax
1462 3562 1518 3604 et
1556 3554 1842 3605 concordia
1884 3550 2090 3606 reddita

511 3622 630 3676 i'uit.
673 3623 858 3676 Gaium
899 3641 996 3686 pro
1036 3622 1251 3677 Arianis
1289 3623 1546 3689 templum
1600 3623 1798 3691 peti-nti
1855 3623 2090 3693 negavit.

508 3696 737 3746 Arianos
778 3695 828 3746 in
872 3706 1036 3746 contu
1065 3693 1256 3747 uetiam
1286 3695 1765 3748 cunsubslatttialis
1794 3698 2091 3747 cantilenas

506 3773 785 3817 cantantes
815 3806 827 3827 ,
868 3766 1152 3818 cantilenis
1190 3763 1471 3819 catholicis
1510 3765 1822 3835 Oppressit;
1880 3779 1943 3819 ac
1999 3764 2091 3818 de-

506 3852 653 3890 mum
712 3838 1141 3899 tumultuantes,
1196 3836 1489 3904 prohibitis
1540 3853 1728 3890 eorum
1770 3836 2090 3897 cantilenis,

502 3908 637 3961 urbe
662 3908 904 3971 expellit.
953 3908 1035 3958 Ub
1084 3908 1437 3973 patrocinium
1480 3908 1869 3963 miserabilium
1909 3907 2093 3961 vidua-

507 3994 625 4029 rum
658 3977 917 4029 adversus
951 3976 1247 4028 Euduxiam
1278 3979 1709 4044 imperatricem,
1752 3980 1978 4031 avaritia
2014 3980 2093 4031 itt-

508 4048 751 4099 satiabili
784 4046 1118 4116 laborantem
1144 4086 1157 4107 ,
1192 4053 1542 4112 susceptum,
1585 4047 1701 4116 ejus
1735 4048 2087 4101 olfensiunem

2196 2908 2395 2981 Christi
2426 2906 2563 2981 402,
2589 2907 2830 2975 ejusdem
2859 2910 2984 2963 anni
3018 2923 3204 2965 mense
3235 2910 3406 2981 Aprili
3446 2906 3795 2969 Anastasiqu

2196 2996 2226 3034 e
2273 2980 2377 3032 vita
2432 2980 2691 3052 migrasse
2720 3018 2758 3052 ,_
2787 2988 2948 3050 atque
2997 2982 3134 3035 adeo
3185 2982 3322 3036 facta
3376 2988 3796 3052 computatione

2195 3065 2462 3123 annorum
2520 3050 2587 3101 ab
2648 3050 2800 3123 initio
2854 3061 2908 3104 et
2966 3053 3111 3106 sedis
3181 3054 3474 3121 ingressu.
3513 3050 3790 3123 tempore

2197 3119 2506 3195 supradicto
2553 3120 2919 3195 pontiﬁcatum
2970 3124 3209 3179 tenuisse
3246 3119 3520 3195 Voportuit.
3580 3119 3780 3181 Barun.

2196 3206 2336 3246 anno
2377 3191 2509 3255 409.,
2544 3207 2694 3244 num.
2727 3192 2815 3246 42.

2265 3263 2537 3337 Constituit
2553 3273 2606 3315 ut
2620 3264 2815 3331 quoties
2837 3264 3113 3337 Evangelia
3128 3268 3482 3331 recitarentur,
3498 3271 3792 3327 sacerdotes

2197 3352 2299 3389 non
2334 3332 2598 3408 sederent,
2628 3337 2714 3408 sed
2742 3338 2882 3390 curvi
2906 3332 3118 3392 starent.
3144 3340 3366 3394 Uccasio
3396 3340 3553 3408 hujus
3579 3340 3787 3399 decreti

2160 3403 2475 3481 -sancieridi
2521 3405 2645 3459 hinc
2685 3404 2905 3481 [luxisse
2949 3409 3183 3481 videtur.
3220 3403 3485 3481 Tempore
3513 3410 3785 3469 Anastasii

2198 3476 2385 3549 Rutilae
2412 3477 2555 3549 inter
2585 3479 2932 3549 presbyteros
2954 3490 3001 3533 et
3028 3479 3281 3533 diaconus
3307 3476 3485 3549 gravis
3510 3485 3788 3538 contentio

2196 3546 2556 3621 nborIa__fuit._
2590 3545 2655 3601 Hi
2692 3550 2844 3621 enim,
2876 3545 3325 3606 adminisu-antes
3360 3568 3449 3607 res
3490 3555 3748 3609 Ecclesiae.
3774 3598 3788 3621 ,

2197 3618 2487 3697 supercilio
2512 3619 2669 3697 elati.
2707 3620 3053 3697 presbyteros
3083 3624 3440 3690 spernebant.
3476 3618 3784 3697 Presbyteri

2198 3698 2388 3762 autem
2421 3691 2471 3742 in
2516 3689 2736 3744 eosdem
2759 3689 3152 3762 insurrcxcre,
3197 3703 3356 3762 atque
3393 3710 3457 3748 ex
3488 3689 3784 3749 consuetu-

2197 3760 2337 3815 dinis
2370 3760 2628 3813 Romana:
2652 3760 2907 3816 Ecclesia:
2931 3765 3239 3831 praescripto
3259 3760 3283 3828 ,“
3300 3763 3433 3832 ipsis
3461 3765 3783 3822 sedentibus

2195 3848 2290 3885 eos
2333 3840 2479 3884 stare
2520 3831 2720 3905 debere
2749 3833 3167 3887 contendebant.
3209 3834 3313 3886 Sed
3355 3848 3620 3905 eousque
3652 3851 3781 3891 con-

2197 3905 2368 3957 tentio
2402 3904 2641 3971 pertinax
2676 3918 2958 3971 progressa
2989 3912 3107 3966 est,
3143 3904 3391 3958 utetiam
3418 3904 3541 3960 cum
3570 3918 3779 3964 stantes

2197 3975 2404 4056 diaconi
2437 3988 2619 4055 coram
2652 3977 2847 4056 p0pulu
2880 3976 3116 4056 legerent
3146 3978 3520 4045 evangelium,
3551 3981 3777 4056 presby-

2198 4045 2295 4098 teri
2326 4051 2505 4097 tamen
2538 4043 2758 4116 minime
2790 4060 2817 4097 a
2851 4043 3093 4099 sessione
3132 4043 3506 4116 exsurgerent.
3552 4043 3783 4105 'Auast'a-

507 4121 747 4185 graviter
778 4117 1026 4188 incurrit.
1060 4115 1175 4170 Hoc
1205 4125 1450 4185 tempore
1482 4112 1804 4186 praeclarum
1839 4118 1970 4171 illud
2021 4119 2090 4172 de
2118 4112 2162 4172 C
2196 4117 2310 4188 sius
2338 4116 2520 4183 itaque
2544 4114 2648 4188 hoc
2675 4115 2871 4170 factum
2902 4118 3094 4172 merito
3115 4112 3436 4184 detestatus,
3467 4120 3778 4188 ltujusmudi

506 4186 833 4242 eucharistia
871 4187 1190 4259 miraculum
1229 4188 1491 4259 contigit:
1532 4204 1640 4259 quo
1672 4189 1912 4244 buccella
1956 4205 2084 4258 pru-

506 4259 668 4323 i'ana,
719 4274 816 4328 pro
867 4274 1018 4313 sacra
1065 4257 1391 4313 eucharistia
1438 4257 1691 4315 dentibus
1734 4257 1987 4326 admota,
2035 4259 2088 4315 in

508 4330 742 4400 lapidem
791 4344 1052 4383 conversa
1100 4329 1219 4383 fuit.
1278 4331 1349 4383 De
1398 4344 1505 4399 quo
1554 4330 1771 4387 Suzom.
1824 4330 1917 4385 lib.
1959 4346 2085 4395 VIII,

506 4416 556 4452 c.
592 4402 657 4461 5.
701 4401 947 4470 Origenis
983 4402 1218 4454 luereses
1254 4400 1363 4467 jam
1406 4412 1531 4455 ante
1573 4402 1806 4457 comitio
1858 4401 2089 4457 AleXau-

509 4472 667 4524 drino
708 4472 1022 4537 damnat-is,
1059 4471 1377 4525 Anastasius
1416 4474 1741 4527 auctoritate
1793 4474 2088 4541 apostolica

505 4543 865 4608 condemnat,
918 4552 971 4595 et
1017 4557 1111 4611 per
1144 4544 1449 4612 encyclicas
1483 4554 1651 4598 totum
1696 4544 1883 4598 orbem
1920 4555 2089 4598 terra-

506 4628 626 4667 rum
659 4613 761 4667 hac
789 4615 855 4666 de
904 4629 961 4666 re
992 4614 1279 4668 certiorem
1312 4612 1507 4668 reddit.
1557 4614 1781 4669 Hieron.
1824 4616 1989 4684 epist.
2020 4614 2089 4669 78

500 4694 556 4737 et
586 4684 745 4747 Apol.
779 4684 872 4739 lib.
907 4700 943 4738 1.

576 4756 784 4824 Quibus
823 4754 1117 4818 damnatis,
1156 4754 1441 4817 Ruﬁnum.
1499 4757 1587 4817 nui
1629 4771 1690 4811 ea
1718 4755 1786 4811 de
1815 4770 1974 4811 causa
2020 4756 2077 4812 S.

507 4827 891 4898 Hieronymum
933 4826 1151 4894 scriptis
1189 4827 1305 4898 suis
1346 4828 1580 4895 graviter
1618 4827 1953 4898 exagitarat,
1987 4842 2082 4897 per

503 4897 950 4951 litteras'Romam
975 4906 1182 4953 evocat.
1205 4897 1336 4969 Cum
1361 4898 1577 4968 scriptis
1598 4897 1859 4969 apOIOgiis
1877 4899 1941 4952 ad
1967 4914 2078 4953 rem

513 4984 696 5038 parum
740 4969 1107 5038 spectantibus
1143 4984 1201 5023 se
1238 4968 1551 5024 defenderet
1575 5012 1587 5031 ,
1632 4976 1687 5024 et
1724 4968 1912 5024 venire
1949 4984 2081 5023 con-

502 5047 806 5111 temneret,
841 5041 894 5092 in
925 5041 1203 5095 absentem
1245 5054 1390 5111 saepe
1433 5051 1679 5095 vocatum
1721 5042 2081 5095 damnationis

497 5110 821 5164 sententiam
848 5113 1135 5181 intorquet.
1166 5110 1386 5166 Ilierou.
1422 5112 1672 5181 apolOgia
1704 5110 1770 5165 ad
1797 5111 2075 5179 Ruﬁnum,

502 5191 557 5236 et
581 5182 741 5254 epist.
768 5181 956 5235 Anast.
980 5182 1045 5235 ad
1074 5182 1335 5254 Jnatinem
1360 5182 1931 5254 Hierosolymitannm.

576 5250 722 5308 Sedit
750 5269 912 5324 annos
943 5261 1060 5306 tres.
1096 5252 1285 5308 Verius
1326 5269 1496 5308 annos
1534 5250 1784 5324 quatuor,
1831 5268 2072 5309 mensem

502 5340 666 5379 unum
707 5332 762 5376 et
802 5323 918 5377 dies
958 5324 1243 5380 tredecim.
1284 5323 1727 5379 Omnium'enim
1768 5338 2072 5391 consensu,

498 5396 635 5450 obiit
666 5394 718 5448 in
752 5392 857 5448 line
889 5398 1089 5449 mensis
1116 5393 1355 5464 Aprilis;
1389 5409 1495 5449 non
1536 5396 1751 5465 quidem
1792 5392 1917 5465 anni
1948 5396 2072 5459 401,

496 5467 593 5521 sed
618 5466 743 5520 402.
775 5464 903 5519 Nam
927 5480 992 5519 ex
1019 5469 1249 5520 concilio
1270 5468 1520 5520 Africano
1542 5464 1598 5523 tu
1628 5466 1801 5520 idibus
1826 5464 2071 5535 Septem-
2116 5500 2125 5507 -

498 5539 609 5591 bris
627 5579 639 5596 .
672 5536 956 5591 Vincentio
976 5546 1026 5591 et
1054 5536 1261 5591 Flavita
1288 5537 1636 5603 consulibus,
1662 5538 1761 5591 sub
1785 5537 2073 5591 Anastasio

489 5609 764 5663 celebrato
793 5616 1009 5664 constat
1032 5622 1155 5662 eum
1189 5618 1314 5662 tunc
1343 5606 1516 5661 adhuc
1550 5609 1599 5661 in
1634 5607 1769 5662 vivis
1808 5607 2071 5675 supersti-

487 5690 597 5735 tem
627 5678 809 5733 fuisse.
841 5680 1019 5746 Quare
1046 5691 1167 5732 cum
1198 5679 1519 5733 auctoritate
1547 5677 1846 5733 Marcellini
1889 5677 2060 5733 comi-

488 5749 579 5817 tiu,
609 5756 664 5803 et
694 5746 942 5819 Prosperi
967 5748 1021 5807 in
1052 5748 1164 5807 suis
1190 5748 1485 5818 chronicis,
1514 5747 1723 5807 initium
1752 5746 2050 5815 lnnocentli

2104 5227 2155 5288 D

2196 4187 2416 4261 decreto
2440 4187 2976 4261 emendandumcsse
3001 4191 3223 4261 putavit.
3248 4190 3371 4244 Haec
3394 4207 3458 4245 ex
3478 4187 3781 4261 Augustino

2195 4265 2250 4312 et
2294 4256 2620 4331 Hieronymo
2638 4258 2931 4331 _Baronius
2952 4276 3092 4313 anno
3122 4259 3260 4325 402,
3294 4278 3444 4317 num.
3490 4256 3589 4318 45:
3624 4264 3777 4331 Quod

2195 4339 2374 4383 autem
2401 4326 2610 4381 diaConi
2637 4327 2892 4383 Romana:
2920 4330 3176 4383 Ecclesia:
3201 4333 3389 4401 majori
3415 4334 3550 4387 iasm
3579 4326 3778 4389 tumes-

2193 4408 2381 4453 cercnt
2404 4440 2417 4463 ,
2450 4401 2758 4474 testimonio
2789 4403 2962 4454 sancti
2995 4401 3277 4470 Augustini
3304 4446 3315 4466 ,
3347 4406 3547 4459 accidit
3578 4408 3771 4474 partim

2197 4480 2414 4545 propter
2440 4471 2897 4539 magniﬁcentiam
2921 4474 3067 4525 urbis
3094 4474 3367 4539 Romanas,
3393 4491 3511 4545 quae
3534 4471 3773 4533 omnium

2194 4543 2478 4617 civitatum
2515 4551 2681 4617 caput
2715 4558 2841 4617 esse
2866 4545 3177 4597 videretur:
3213 4543 3600 4613 partim‘etiam
3632 4550 3772 4617 quod

2195 4612 2510 4683 ordinandis
2543 4612 2875 4683 presbyteris
2904 4623 3172 4677 astareut.
3209 4612 3400 4671 causas
3431 4612 3765 4673 diversorum

2196 4682 2260 4737 ad
2290 4696 2558 4737 summum
2588 4682 2897 4756 pontiﬁcem
2930 4684 3226 4756 referrent,
3257 4700 3584 4756 acceptaque
3610 4690 3677 4742 ab
3707 4704 3773 4744 eo

2195 4767 2455 4823 responsa
2501 4754 2805 4821 petentibus
2849 4756 3161 4811 redderent.
3211 4755 3287 4811 Ex
3335 4754 3594 4811 bonorum
3641 4776 3772 4815 vero

2187 4826 2697 4901 adti‘tinistratione,
2733 4845 2852 4901 non
2901 4828 3087 4901 linum
3136 4838 3374 4890 tantum,
3424 4832 3515 4884 sed
3570 4832 3773 4901 ubique

2188 4898 2392 4972 majore
2424 4898 2683 4966 obsequio
2714 4897 2929 4972 diaconi
2962 4914 3120 4972 quam
3162 4900 3471 4954 sacerdotes
3519 4897 3771 4972 lrequen-

2186 4968 2439 5042 tabantur
2455 4982 2473 5042 _;
2501 4981 2671 5042 eaque
2694 4970 2981 5042 oet-asione
3005 4967 3263 5042 adversus
3287 4967 3632 5042 presbyteros
3656 4990 3771 5028 cer-

2184 5039 2357 5091 vicinn
2390 5038 2687 5109 erigebant.
2722 5041 2876 5109 Apud
2908 5040 2968 5109 ,S.
3003 5038 3321 5109 Gregorium
3356 5038 3498 5096 libro
3529 5045 3770 5099 Sl‘CUlldO

2184 5108 2409 5177 epistola
2448 5107 2541 5173 it,
2580 5108 2643 5165 15
2674 5122 2727 5163 et
2760 5106 2843 5164 i6.
2881 5106 3187 5165 Honoratus
3217 5113 3637 5169 archidiaconus
3670 5117 3769 5172 Sa-

2183 5179 2453 5254 lonitanus
2482 5192 2808 5254 conquestus
2840 5192 2921 5235 est
2952 5183 3237 5254 degradart
3270 5198 3330 5238 se
3365 5188 3570 5251 potim,
3603 5202 3763 5254 quam

2183 5252 2442 5319 provehi,
2476 5224 2699 5305 cum'ab
2726 5267 2791 5305 eo
2824 5255 2875 5305 in
2908 5224 3280 5322 presbyterum
3314 5224 3771 5311 Olfdlllari'itgltla-l'

2181 5331 2348 5395 retur,
2387 5337 2490 5375 non
2522 5321 2681 5395 aliam
2725 5336 2859 5377 sane
2888 5321 2959 5377 οι)
2988 5321 3204 5379 causam
3226 5368 3239 5387 ,
3273 5341 3433 5391 quam
3466 5328 3605 5395 quod
3647 5331 3767 5381 dia-

2179 5394 2301 5446 coni
2332 5408 2534 5460 majore
2562 5392 2766 5448 honore
2794 5405 3012 5464 pr0pter
3037 5396 3307 5451 bonorum
3336 5392 3765 5453 administratio-

2179 5478 2301 5517 nem
2334 5465 2433 5536 sibi
2464 5466 2808 5519 commissam
2839 5481 2867 5520 a
2903 5469 3101 5536 populo
3130 5468 3578 5522 observarentur.
3621 5469 3762 5536 Quid

2179 5550 2308 5591 vero
2346 5535 2410 5588 ad
2454 5536 2757 5605 ltujusutudi
2804 5535 3103 5604 proCaciatn
3144 5539 3535 5593 retundendam
3574 5535 3761 5595 euulra

2166 5622 2291 5737 ius!
2312 5614 2568 5661 statutum
2613 5608 2711 5676 sit,
2758 5608 2875 5663 vide
2920 5623 3043 5663 can.
3080 5609 3141 5662 i8
3170 5611 3388 5665 euncilil
3422 5610 3624 5667 Niemni
3652 5653 3665 5679 ,
3712 5623 3767 5679 et

2215 5694 2271 5734 re
2297 5688 2368 5733 at.
2399 5693 2435 5731 ι.

2215 5688 2368 5734 relat.
2399 5693 2435 5731 ι.
