4200 6180
478 265 551 323 55
1861 256 2400 331 PROL'EﬁOMEN-A.
3713 278 3784 334 ss

481 386 743 453 moram,
798 385 1047 457 adjungit
1077 403 1091 438 :
1129 385 1252 440 Non
1307 387 1530 442 multum
1581 395 1779 458 tempus
1806 388 1858 442 in
1888 388 2077 442 medio.
2107 396 2158 453 Α
2183 391 2258 443 ris
2284 392 2339 443 in
2368 389 2556 458 medio,
2591 390 2785 460 inquit,
2814 392 3042 445 succedit
3080 391 3135 444 in
3175 389 3533 461 pontiﬁcatum
3558 391 3636 444 uir
3657 391 3787 446 insi-

477 479 702 532 succedit
728 479 784 532 in
804 479 1165 549 pontiﬁcatum
1192 480 1273 532 vir
1289 479 1508 550 insignis
1530 479 1854 534 Anastasius.
1875 480 2079 548 Quibus

479 571 666 626 verbis
715 571 927 626 litteras
973 572 1101 626 illas
1151 571 1218 625 iis
1261 573 1456 640 quibus
1506 571 1646 626 data:
1696 571 1910 626 fuerant
1941 572 2078 626 haud

482 663 711 717 multum
742 663 1020 732 profuisse
1041 663 1242 730 innuit,
1260 664 1383 734 quia
1407 663 1556 718 brevi
1581 673 1766 733 postea
1783 663 2079 718 succedens

477 755 674 812 Siricio
733 760 1076 819 Anastasius,
1134 758 1338 810 malum
1380 755 1524 826 quod
1576 755 1766 810 Romae
1817 755 2079 810 intulerat

476 846 729 918 Origenis
755 852 879 924 περὶ
903 847 1106 923 Ἀρχῶν
1131 848 1270 904 liber
1309 863 1504 904 recens
1533 847 1726 904 Latine
1756 862 2072 916 conversus,

471 952 828 1009 compescere
854 945 1088 996 curavit.
1120 941 1393 1011 Insignem
1416 940 1568 995 illum
1599 941 1776 994 virum
1807 954 1951 995 anno
1972 941 2076 996 598

473 1032 792 1089 Decembris
810 1035 846 1090 5
871 1035 979 1099 die,
1011 1051 1133 1106 qua:
1160 1037 1211 1088 iu
1237 1034 1564 1090 dominicam
1593 1036 1839 1099 cadebat,
1873 1037 2074 1088 Anton.

473 1125 672 1196 Pagius
701 1126 1017 1181 ordinatum
1051 1135 1224 1197 putat.
1257 1126 1432 1198 Ipsius
1459 1135 1640 1181 autem
1672 1126 1877 1181 obitum
1911 1126 2077 1179 Baro-

472 1220 684 1273 niuset
703 1221 899 1274 eruditi
927 1221 1042 1286 alii,
1097 1221 1214 1275 fulti
1272 1231 1381 1276 tum
1431 1220 1688 1290 Prosperi
1739 1227 1794 1273 et
1835 1218 2073 1273 Marcelli

469 1311 683 1366 comitis
703 1310 1012 1380 Cltrnnicis,
1047 1314 1097 1366 in
1125 1313 1319 1382 quibus
1343 1313 1689 1368 Innocentius
1716 1325 1860 1366 anno
1891 1311 1998 1367 402
2023 1311 2073 1367 ei

467 1407 798 1461 successisse
823 1408 1064 1476 ponitur,
1093 1417 1202 1461 tum
1235 1409 1484 1477 pluribus
1511 1407 1785 1461 veteribus
1805 1405 1905 1460 Mai
1923 1413 2074 1476 tyro-

470 1500 652 1570 Iogiis,
683 1501 737 1555 in
762 1503 961 1572 quibus
1006 1503 1278 1557 Anastasii
1309 1502 1428 1557 dies
1459 1502 1626 1557 festus
1651 1501 1856 1570 Aprilis
1883 1500 1951 1554 27
1983 1499 2074 1554 die

464 1595 840 1665 consignatur,
864 1596 932 1650 ad
959 1596 1028 1650 27
1061 1597 1204 1651 diem
1227 1595 1652 1664 mensisAprilis
1684 1596 1811 1649 anni
1832 1595 1939 1649 402
1968 1593 2072 1648 dil-

465 1688 668 1743 fcrunt.
707 1688 906 1744 Verum
935 1691 1018 1746 his
1045 1690 1385 1760 refragantur
1413 1702 1522 1744 non
1572 1692 1732 1744 modo
1787 1689 2065 1752 Socrates,

2183 483 2298 551 gnis
2328 482 2668 536 Anastasius:
2699 496 2857 553 quem
2881 483 3008 538 alibi
3031 492 3187 537 Vocat
3211 483 3358 537 idem
3389 483 3588 537 Doctor
3609 483 3785 538 maxi-

2185 589 2305 630 mus
2335 576 2607 647 (b):rirum
2638 577 2907 632 ditissimm
2936 579 3259 647 paupertatis
3285 586 3330 631 et
3357 577 3656 644 apostolica:
3679 576 3786 633 soi-

2183 666 2492 723 licitudinis.
2530 657 2874 733 Enimvero;
2898 678 2958 723 ut
2993 685 3058 723 ex
3091 670 3238 723 illius
3261 683 3588 723 successore
3619 670 3784 724 Inno-

2184 761 2364 814 centio
2403 761 2685 815 erudimur
2717 761 2809 833 (c),
2849 763 2965 830 ejus
2994 765 3178 816 merita
3206 773 3349 816 tanta
3377 765 3520 834 fuere
3547 779 3608 816 ac
3633 764 3780 832 talia,

2180 861 2237 904 ut
2284 854 2404 923 jam
2457 853 2766 907 excederent
2804 852 3049 908 humana:
3102 855 3504 908 conversationis
3565 870 3780 910 consor-

2178 945 2399 998 tium....
2434 961 2541 1014 prce
2565 946 2678 999 vita?
2702 947 2924 1016 puritate
2953 955 3003 999 et
3027 947 3348 1000 abundantia
3377 948 3647 1012 doctrinae,
3671 963 3774 1018 qua

2181 1036 2429 1109 populum
2483 1037 2580 1091 Dei
2645 1047 2749 1092 toto
2813 1040 3173 1093 ecclesiastica:
3221 1040 3547 1094 auctoritatis
3610 1041 3780 1111 rigore

2179 1129 2344 1201 (forte
2388 1131 2585 1201 vigore)
2635 1133 2861 1202 regebat.
2908 1131 2964 1185 In
3018 1131 3069 1185 id
3121 1132 3376 1186 nimirum
3433 1133 3774 1202 potissimum

2181 1224 2326 1276 omni
2359 1224 2540 1278 studio
2585 1224 2827 1279 incubuit
2865 1224 3312 1296 Vigilantissimus
3343 1235 3526 1295 pastor
3556 1225 3636 1298 (ά)
3657 1267 3672 1288 ,
3706 1231 3774 1281 ne

2179 1318 2307 1386 quid
2338 1317 2540 1372 Christi
2585 1319 2680 1374 Dei
2713 1318 3012 1374 Ecclesiam
3043 1321 3378 1386 macularet,
3432 1335 3566 1374 neve
3597 1320 3772 1390 gregis

2179 1425 2290 1465 sua:
2318 1426 2463 1465 cura:
2502 1411 2777 1464 commissi
2821 1411 2982 1466 ﬁdem
3027 1413 3297 1481 integram
3332 1409 3576 1481 profana:
3617 1413 3771 1465 novi—

2178 1503 2303 1558 tatis
2336 1519 2499 1558 ausus
2541 1505 2806 1559 inﬁceret.
2853 1505 3125 1559 Praeclara
3154 1505 3272 1574 ejus
3301 1514 3453 1575 gesta
3487 1519 3552 1559 ex
3586 1504 3772 1559 Eccle-

2179 1597 2273 1650 siae
2307 1595 2463 1650 fastis
2496 1596 2814 1664 repetenda.
2851 1595 3049 1651 Verum
3093 1596 3312 1651 beatum
3359 1596 3504 1650 hunc
3552 1593 3770 1665 pontiﬁ-

2177 1701 2296 1742 cem
2325 1688 2417 1740 diu
2449 1688 2617 1741 Roma
2648 1689 2833 1742 habere
2870 1705 2971 1743 non
3011 1689 3236 1754 meruit,
3278 1689 3454 1757 inquit
3498 1687 3768 1759 Hierony-

465 1782 556 1850 qui
591 1780 686 1834 lib.
714 1797 806 1846 vn,
833 1798 882 1837 c.
913 1782 968 1846 9,
999 1798 1120 1836 eum
1149 1783 1387 1838 triennio
1417 1783 1601 1836 sedem
1626 1781 1925 1835 Romanam
1967 1779 2062 1834 ob-
2094 1767 2142 1848 Β
2171 1797 2290 1837 mus
2321 1781 2416 1853 (e),
2445 1799 2507 1836 ne
2537 1783 2671 1836 orbis
2708 1793 2862 1853 caput
2883 1783 2976 1836 sub
3019 1783 3113 1836 tali
3141 1783 3382 1853 episcopo
3419 1791 3770 1836 truncaretur.

466 1873 698 1928 tinuisse
725 1874 938 1939 scribit,
963 1874 1056 1928 sed
1087 1877 1251 1930 etiam
1281 1883 1496 1930 veteres
1523 1874 1898 1928 Romanorum
1928 1889 2063 1943 pon-

461 1966 673 2021 tificum
705 1966 960 2037 catalogi,
989 1968 1038 2022 in
1068 1983 1301 2038 quorum
1327 1968 1484 2022 nullo
1512 1967 1867 2036 pontiﬁcatus
1914 1967 2061 2021 illius

461 2057 600 2111 ultra
632 2066 741 2112 tres
772 2069 942 2114 annos
965 2073 1026 2112 ac
1052 2060 1171 2116 dies
1200 2061 1261 2114 2|
1292 2070 1382 2115 aut
1409 2061 1479 2114 22
1508 2069 1850 2131 prorogatur,
1872 2059 2062 2129 inplu-

463 2151 618 2204 rimis
643 2160 824 2206 autem
881 2161 1086 2206 tantum
1135 2154 1293 2206 annis
1341 2153 1600 2207 tribusne
1629 2151 1820 2206 diebus
1869 2150 2058 2206 decem

461 2242 794 2297 continetur.
853 2242 956 2299 Ubi
1015 2244 1194 2300 obiter
1243 2257 1441 2299 moneo
1463 2252 1768 2298 accuratam
1801 2255 1908 2298 non
1939 2256 2060 2298 esse

459 2335 561 2390 viri
586 2336 786 2391 eruditi
812 2339 1241 2402 annotationem,
1275 2353 1379 2408 qua
1410 2335 1795 2393 Corbeieusem
1812 2335 2060 2393 codicem

466 2429 648 2484 medio
700 2431 903 2485 saeculo
934 2447 983 2486 vr
1011 2441 1320 2498 exaratum,
1372 2448 1484 2502 pra:
1514 2445 1573 2486 se
1601 2430 1744 2486 ferre
1785 2432 2058 2486 observat.

462 2524 767 2578 Anastasius
793 2525 1126 2580 annistt.....
1159 2527 1213 2580 ά.
1253 2541 1418 2591 xxv.;
1455 2535 1617 2595 atque
1641 2525 1712 2580 ibi
1763 2524 2058 2594 quidquam

459 2617 702 2673 deletum
748 2620 1024 2690 opinatur.
1058 2620 1111 2674 In
1140 2636 1207 2675 eo
1235 2621 1436 2691 quippe
1485 2619 1704 2690 legitur,
1758 2618 2060 2671 Anastasius

461 2711 570 2766 sed.
594 2727 688 2765 ans
725 2726 804 2767 nt.
836 2712 894 2768 d.
929 2725 1040 2767 χχι.
1071 2729 1085 2778 ;
1125 2728 1225 2768 nec
1247 2713 1542 2784 quidquam
1580 2725 1800 2781 prorsus
1841 2709 2060 2765 oblitte-

467 2815 642 2860 ratum
664 2814 770 2862 est.
803 2806 972 2861 Purro
1000 2808 1052 2861 in
1085 2805 1176 2860 illa
1199 2806 1573 2876 'catalogorunt
1618 2805 1847 2858 istorum
1878 2802 2058 2857 varie-

473 2908 581 2952 tate
615 2900 832 2970 Pagius,
880 2899 948 2954 iis
979 2899 1193 2955 haerens
1223 2901 1274 2953 in
1301 2901 1496 2970 quibus
1551 2899 1872 2953 Anastasius
1901 2898 2061 2953 annis

463 2993 634 3047 tribus
665 3007 728 3048 ac
756 2992 952 3048 diebus
974 2992 1163 3048 decem
1191 2993 1399 3048 sedisse
1425 3001 1737 3057 annotatur,
1759 3005 1882 3044 eum
1915 3004 2060 3044 anno

456 3084 558 3138 401
595 3083 911 3139 Decembris
943 3086 976 3139 4
1003 3084 1113 3150 die,
1173 3100 1279 3155 quo
1311 3083 1508 3139 festum
1543 3083 1688 3138 illius
1715 3083 1770 3138 in
1796 3083 2059 3152 Hierony-

2172 1876 2340 1930 Intmo
2376 1877 2565 1930 idcirco
2592 1887 2773 1946 raptus
2802 1884 2954 1947 atque
2979 1876 3256 1930 translatus
3289 1885 3384 1939 est,
3417 1891 3481 1929 ne
3507 1874 3665 1929 semel
3693 1875 3773 1928 la-

2169 1979 2273 2023 tam
2293 1970 2596 2023 sententiam
2625 1969 2858 2036 precibus
2879 1971 2986 2022 suis
3005 1969 3209 2038 ﬂectere
3229 1976 3524 2024 conaretur.
3546 1965 3768 2022 Exactis

2171 2065 2352 2131 itaque
2384 2062 2434 2115 in
2465 2061 2788 2131 pontiﬁcatu
2817 2060 2991 2115 tribus
3019 2061 3179 2114 annis
3203 2068 3257 2115 et
3285 2061 3524 2130 quinque
3549 2059 3768 2114 circiter

2169 2157 2448 2212 mensibus
2476 2164 2791 2225 supremum
2834 2155 2979 2210 diem
3011 2154 3148 2209 obiit
3189 2165 3436 2208 summus
3477 2152 3707 2207 antistes
3733 2155 3766 2206 ν

2171 2251 2281 2306 kal.
2308 2250 2472 2305 Maias
2497 2259 2638 2303 anno
2657 2263 2848 2304 ccccn.
2869 2247 3003 2315 Qua:
3023 2255 3108 2301 est
3133 2245 3352 2300 Baronii
3371 2242 3645 2299 sententia
3669 2243 3762 2315 (ῃ,

2170 2353 2357 2401 contra
2372 2343 2801 2414 Palpebrochium
2813 2385 2825 2407 ,
2841 2341 3086 2411 Pagium,
3102 2339 3481 2394 Constantium
3495 2337 3764 2408 aliosque,

2171 2437 2239 2491 ab
2283 2437 2512 2492 eruditis
2561 2435 2694 2489 viris
2742 2433 3094 2488 Tillemontio
3143 2429 3257 2504 (g),
3303 2430 3610 2485 Fonuinino
3659 2429 3767 2500 (It),

2171 2529 2334 2584 Bern.
2374 2529 2441 2582 de
2472 2528 2674 2582 Ruheis
2704 2526 2794 2598 (ξ),
2841 2525 3152 2580 Balleriniis
3177 2523 3248 2596 Ο)
3293 2533 3348 2579 et
3391 2521 3656 2578 Vallarsio
3687 2520 3764 2594 (lt)

2169 2630 2532 2690 propugnata.

2234 2696 2294 2768 .2.
2339 2705 2508 2768 Porro
2536 2712 2668 2766 tanti
2693 2711 2970 2780 pontiﬁcis
3007 2709 3128 2764 dum
3154 2707 3434 2763 dumtaxat
3473 2714 3766 2776 supersunt

2169 2805 2449 2876 epistolae;
2488 2817 2715 2874 quarmn
2749 2803 2916 2856 altera
2949 2801 3059 2869 jam
3101 2799 3304 2855 dudum
3330 2839 3346 2865 ,
3388 2798 3559 2853 altera
3592 2812 3765 2867 nuper

2168 2900 2220 2953 in
2259 2897 2449 2966 vulgus
2480 2895 2750 2964 prodiere.
2786 2894 2850 2948 Et
2892 2893 3042 2964 prior
3067 2891 3285 2962 quidem
3331 2890 3524 2946 Joanni
3569 2890 3762 2944 Hiero-

2166 2991 2494 3062 solymitano
2523 2987 2782 3057 episeopo
2806 2985 3124 3042 inscribitur
3149 3000 3305 3054 super
3332 2985 3538 3038 nomine
3558 2983 3760 3053 Ruﬁni.

2167 3084 2280 3138 Hac
2317 3097 2448 3138 vero
2481 3081 2708 3152 epistola
2755 3079 3019 3150 Origenes
3063 3078 3353 3132 damnatus
3383 3075 3549 3131 fuisse
3577 3076 3760 3146 perhi-

459 3180 638 3233 miano
652 3180 1039 3253 Martyrologio
1055 3180 1334 3246 recolitur,
1353 3179 1419 3234 ad
1433 3179 1628 3235 cmlum
1651 3179 1911 3249 migrasse
1925 3191 2055 3232 cen-
2086 3189 2136 3254 Π
2168 3177 2323 3232 betur
2351 3194 2362 3228 :
2391 3190 2457 3229 an
2486 3189 2615 3230 vero
2640 3187 2763 3229 eum
2790 3172 3026 3242 Origene
3055 3169 3216 3226 fuerit
3237 3183 3452 3240 quoque
3474 3169 3760 3224 damnatus

455 3281 560 3327 set.
598 3270 776 3337 Hunc,
832 3271 1008 3342 inquit
1063 3271 1425 3343 Hieronymus
1457 3271 1648 3344 (Epist.
1678 3265 1767 3334 16,
1799 3270 1867 3323 ad
1897 3269 2057 3325 Prin-

458 3366 564 3432 cip.
595 3365 640 3433 ),
663 3365 753 3418 diu
783 3365 947 3419 Roma
974 3366 1162 3419 habere
1188 3381 1290 3419 non
1331 3352 1538 3429 nteruit,
1592 3379 1654 3417 ne
1709 3364 1850 3417 orbis
1900 3372 2057 3432 caput

461 3459 556 3511 sub
591 3459 684 3512 tali
709 3460 943 3529 episcopo
987 3469 1336 3513 truncaretur.
1394 3457 1563 3512 Immo
1609 3457 1812 3511 idcirco
1868 3469 2054 3520 raptas

461 3557 612 3619 atque
641 3549 916 3602 translatus
938 3557 1044 3615 est,
1070 3565 1134 3603 ne
1156 3550 1312 3603 semel
1336 3550 1494 3603 (ataui
1541 3548 1848 3602 sententiam
1881 3548 2048 3615 preci-

459 3641 550 3696 bus
575 3642 684 3695 suis
703 3642 907 3711 ﬂectere
936 3653 1224 3696 conaretur.

693 3951 788 4018 (Ex
812 3952 1033 4005 Galland.
1061 3949 1186 4002 Bibl.
1213 3951 1326 4001 Vel.
1353 3951 1481 4002 Patr.
1511 3961 1626 4007 tom.
1654 3950 1812 4017 VIII.)

531 4101 579 4154 1.
624 4101 823 4156 Sancto
849 4099 1307 4156 Siricinliomano
1334 4100 1589 4170 pontifice
1615 4115 1759 4156 anno
1787 4117 2051 4159 cccxcvm

453 4194 739 4249 desinente
786 4192 851 4245 ad
915 4206 1144 4261 Superos
1189 4201 1452 4257 evocato,
1509 4207 1710 4260 paucos
1752 4205 1874 4262 post
1914 4195 2054 4261 dies,

457 4286 510 4340 id
552 4297 635 4340 est
661 4285 886 4339 Ineunte
928 4299 1116 4338 mense
1148 4283 1480 4346 Decembris,
1516 4285 1884 4352 pontificatum
1937 4285 2058 4342 iniit

451 4385 678 4431 sanctus
705 4376 1042 4431 Anastasius.
1070 4375 1146 4429 De
1175 4375 1322 4430 brevi
1347 4376 1774 4444 interpuntiﬁcio
1794 4377 1950 4431 testis
1973 4387 2057 4433 est

455 4471 698 4541 locuples
711 4478 930 4525 sanctus
955 4467 1317 4538 Hieronymus
1340 4468 1416 4536 (ti)
1440 4488 1451 4521 :
1478 4467 1600 4523 Non
1622 4470 1838 4523 multum
1858 4481 2056 4539 tempo—

2169 3268 2426 3334 Ruﬁtlts,
2470 3265 2748 3334 disputant
2791 3261 2898 3318 viri
2931 3263 3194 3318 doctrina:
3239 3261 3397 3316 laude
3445 3260 3757 3316 clarissimi.

2164 3361 2453 3417 Affirmant
2495 3360 2760 3415 Baronius
2792 3357 2881 3430 (ι),
2914 3356 3161 3412 Norisius
3189 3355 3308 3426 (m),
3340 3354 3536 3426 Pagina
3579 3354 3661 3425 (η)
3692 3369 3756 3407 ae

2163 3454 2542 3508 Tillemontius
2578 3451 2693 3524 (o):
2738 3449 2882 3521 quod
2917 3450 3043 3502 item
3084 3457 3240 3502 antea
3272 3447 3552 3501 censuisse
3598 3444 3753 3501 vide-

2167 3556 2254 3600 tur
2279 3545 2502 3600 Huetius
2529 3543 2633 3616 (p).
2663 3542 2864 3598 Verum
2911 3540 2999 3594 alii
3046 3539 3241 3610 potiori
3285 3539 3408 3610 jure
3454 3537 3623 3608 partis
3665 3537 3761 3592 ad-

2168 3653 2340 3692 versa:
2367 3641 2575 3707 patroni
2621 3651 2742 3690 esse
2773 3641 3113 3690 noscuntur:
3156 3649 3292 3703 quos
3324 3637 3465 3688 inter
3491 3633 3760 3688 Constan-

2166 3731 2271 3785 tius
2301 3730 2400 3803 (q),
2431 3727 2704 3783 Ballerinii
2735 3725 2830 3798 (r),
2866 3727 3029 3780 Bern.
3063 3726 3132 3780 de
3159 3725 3366 3780 Rubeis
3393 3726 3489 3795 (ε),
3523 3723 3617 3778 sed
3646 3741 3758 3793 pne

2167 3823 2388 3892 reliquis
2446 3821 2780 3877 Fontaniuus
2835 3817 2922 3890 (t).
2979 3817 3150 3885 Quam
3206 3831 3339 3872 sane
3397 3817 3753 3885 posteriorem

2164 3915 2488 3972 sententiam
2511 3915 2591 3968 vel
2613 3913 2729 3983 ipso
2746 3922 2893 3967 textu
2917 3909 3164 3981 epistolae
3186 3909 3557 3963 Anastasiana:
3585 3909 3753 3976 probe

2167 4017 2390 4079 accepto
2433 4005 2779 4075 comprobari
2835 4005 3175 4071 exploratum
3235 4001 3520 4056 habemus.
3578 3999 3636 4055 In
3695 4016 3758 4054 ea

2165 4103 2310 4160 enim
2342 4101 2567 4171 epistola
2622 4097 2803 4153 Ruﬁni
2833 4112 3050 4152 causam
3084 4112 3112 4148 a
3163 4109 3325 4150 causa
3356 4093 3605 4164 Origenis
3645 4107 3758 4147 ma-

2166 4194 2361 4250 nifeste
2403 4192 2687 4261 distinguit
2731 4200 2952 4244 sanctus
2999 4187 3262 4256 pontifex.
3299 4187 3364 4240 Et
3410 4186 3477 4240 de
3523 4186 3758 4255 Origene

2164 4287 2381 4359 quidem
2413 4285 2492 4357 (υ)
2520 4301 2535 4340 :
2579 4301 2596 4335 t
2628 4283 2741 4338 Hoc
2765 4285 2946 4353 igitUr,
2981 4281 3174 4352 inquit,
3208 4288 3388 4335 mente
3415 4279 3658 4349 concepi,
3697 4279 3758 4332 ﬁ-

2161 4380 2286 4435 dem
2330 4378 2703 4448 apostolorum
2722 4386 2776 4430 et
2804 4375 3069 4444 majorum
3091 4371 3387 4428 traditione
3409 4372 3750 4427 ﬁrmatam...

2163 4473 2313 4528 illum
2343 4472 2584 4527 voluisse
2613 4469 2940 4526 dissolvere.
2956 4486 2974 4520 ι
2995 4467 3072 4524 De
3088 4466 3284 4522 Rufino
3297 4479 3478 4522 autem
3491 4465 3594 4538 (tt):
3617 4465 3756 4536 (Ap-

529 4688 607 4761 (a)
641 4675 863 4763 Iiie_r_on.
894 4703 983 4758 ep.
1015 4679 1142 4753 127,
1175 4693 1325 4742 num.
1357 4687 1443 4752 10,
1475 4703 1602 4759 opp.
1636 4697 1768 4743 tom.
1796 4686 1839 4755 I,
1873 4702 1926 4759 p.
1955 4689 2050 4758 95,
2080 4696 2134 4757 D
2161 4693 2305 4754 Vita.
2338 4708 2388 4748 c.
2423 4693 2512 4758 32,
2541 4692 2568 4763 ᾗ
2594 4691 2648 4763 6,
2678 4691 2729 4763 'p.
2765 4687 2887 4763 199.

455 4760 592 4816 nov.
619 4761 706 4816 ed.
736 4760 941 4816 Veron.

531 4853 606 4926 (ὁ)
643 4853 791 4909 Idem
818 4868 907 4923 ep.
940 4853 1064 4917 150,
1093 4866 1219 4921 opp.
1253 4862 1293 4906 t.
1327 4851 1367 4917 I,
1397 4866 1519 4923 pag.
1553 4850 1680 4908 986.

531 4933 605 4979 lci
631 4925 913 4979 Innocent.
944 4923 986 4979 Ι.
1016 4940 1103 4979 eo.
1143 4926 1190 4978 I.

529 4933 605 4992 lc)
633 4933 913 4979 lnnocent.
944 4933 986 4989 Ι,
1016 4940 1103 4990 ep.
1143 4933 1190 4978 1.

530 4999 609 5068 (d)
637 4997 894 5050 Anastas.
923 5009 1011 5064 ep.
1042 4997 1093 5059 1,
1126 4993 1231 5066 55,
1260 4995 1419 5046 infra.

529 5090 598 5158 (ε)
631 5089 855 5144 Hieron.
885 5103 974 5154 ep.
1007 5087 1130 5148 127.
1156 5087 1378 5158 locacit.

526 5157 598 5230 (θ’)
628 5160 825 5214 Baro".
858 5159 924 5212 ad
950 5173 1076 5213 ann.
1107 5159 1234 5222 402,
1265 5157 1400 5228 5η.

526 5234 607 5305 (g)
637 5231 850 5287 Ttllem.
885 5230 1041 5285 Mem.
1078 5231 1214 5285 cccl.
1253 5239 1388 5286 tom.
1416 5229 1534 5296 XII,
1563 5245 1615 5301 p.
1646 5231 1772 5299 650,
1807 5245 1920 5288 uel.
1953 5234 2046 5300 69,

452 5321 542 5360 sur
568 5303 630 5360 S.
662 5301 888 5358 Jerdme.

527 5399 622 5470 (Il),
651 5397 885 5470 Fontan.
918 5395 1055 5451 Hist.
1105 5395 1272 5450 litter.
1323 5395 1502 5466 Aqui].
1541 5395 1633 5450 lib.
1665 5413 1716 5460 v,
1760 5412 1808 5452 c.
1843 5389 1904 5460 ϐ,
1994 5397 2048 5465 6,

457 5469 889 5608 Ρῃᾳίβιξὲτιῗῗῑέίθ
914 5539 1056 5594 Rub.
1091 5537 1311 5619 dissert.
1335 5534 1404 5590 de
1432 5535 1611 5592 Rufin.
1643 5553 1692 5591 (τ.
1727 5539 1811 5604 I7,
1840 5556 1893 5608 p.
1924 5537 2047 5595 118.

530 5542 599 5675 ii)
632 5609 834 5666 Baller.
872 5609 937 5664 ad
980 5625 1107 5675 opp.
1140 5608 1318 5663 Norts.
1350 5616 1483 5661 tom.
1547 5609 1609 5662 IV
1647 5608 1874 5665 Observ.
1916 5625 1964 5665 c.
2001 5613 2047 5675 5,

632 5609 834 5666 Baller.
872 5609 937 5664 ad
980 5625 1107 5680 opp.
1140 5608 1318 5663 Noris.
1350 5616 1483 5661 tom.
1547 5609 1609 5662 IV
1647 5603 1874 5665 Observ.
1916 5625 1964 5665 c.
2001 5613 2054 5676 5,

470 5703 498 5781 ᾗ
650 5702 883 5838 72:12.”.
916 5773 1018 5836 sub
1045 5773 1165 5836 init.
1200 5781 1334 5836 tom.
1367 5770 1440 5833 XI
1467 5789 1594 5858 opp.
1622 5773 1842 5837 Hieron.
1870 5775 1923 5834 in
1946 5774 2063 5851 ejus

2257 4763 2297 4834 Ι)
2324 4763 2519 4819 Baron.
2542 4760 2763 4834 adiann.
2783 4762 2916 4834 740I,
2944 4760 3046 4834 54.

2195 4832 2536 4978 agragas.
2588 4833 2725 4890 Hist.
2775 4832 2964 4905 Pelag.
2989 4835 3082 4888 lib.
3115 4833 3156 4901 I,
3189 4848 3238 4888 c.
3283 4832 3340 4901 2,
3381 4847 3510 4904 opp.
3544 4843 3677 4890 tom.
3708 4835 3751 4901 I,

2160 4923 2280 4978 pag.
2305 4923 2397 4961 zz).

2233 4999 2310 5070 (η)
2341 4999 2470 5069 Pagi
2493 4998 2558 5054 ad
2589 5014 2717 5053 ann.
2749 4997 2875 5064 401,
2995 4999 3050 5068 9,
3086 4993 3294 5070 15,]6.

2258 5070 2309 5144 ο)
2350 5068 2756 5144 'I'tllem.__.'iIem.
2794 5068 3068 5144 cccl.—tom
3099 5068 3217 5144 XII,
3252 5079 3354 5125 art.
3383 5071 3508 5144 100,
3537 5069 3752 5144 15,2”.

2258 5001 2310 5066 η)
2341 4999 2470 5069 Pagi
2493 4999 2558 5054 ad
2589 5014 2717 5053 ann.
2749 4999 2875 5064 401,
2995 4999 3050 5068 9,
3086 4999 3172 5061 15,
3206 4999 3294 5054 16.

2258 5086 2286 5122 ο
2350 5071 2580 5144 Ttllem.
2602 5070 2756 5125 Mem.
2794 5071 2928 5126 cccl.
2959 5082 3068 5126 tom
3099 5068 3217 5136 XII,
3252 5079 3354 5125 art.
3383 5071 3508 5144 100,
3537 5069 3572 5144 β
3622 5071 3750 5127 282.

2233 4999 2522 5216 ipiUHuet.
2575 5141 2797 5212 Origcn.
2849 5139 2946 5196 lib.
2994 5152 3055 5207 ll,
3087 5156 3138 5196 c.
3194 5139 3247 5206 4,
3289 5150 3424 5197 sect.
3477 5145 3532 5210 1,
3581 5115 3614 5216 ξ
3659 5143 3750 5212 20,

2159 5212 2278 5283 pag.
2312 5212 2438 5268 206.
3511 5297 3514 5298 ν
3569 5293 3572 5298 Ι

2231 5304 2306 5445 (ag
2335 5305 2613 5359 Constant.
2651 5304 2844 5374 Epistt.
2881 5307 3037 5370 Hom.
3073 5307 3230 5362 Poni.
3259 5315 3310 5377 p.
3342 5299 3470 5376 725,

2232 5383 2281 5445 (r
2334 5376 2532 5430 Baller.
2567 5377 2602 5430 I.
2634 5392 2684 5430 c.
2713 5393 2836 5445 cap.
2869 5377 2925 5445 2,
2957 5377 2984 5445 ᾗ
3025 5373 3072 5444 1,
3111 5395 3163 5445 p.
3199 5375 3324 5436 827.

2232 5373 2304 5446 (ὲ)
2334 5376 2532 5430 Bziller.
2567 5377 2602 5430 Ι.
2634 5373 2836 5449 εζείη).
2869 5377 2925 5445 2,
2957 5377 2984 5450 ς
3025 5373 3072 5444 1,
3111 5395 3163 5449 p.
3199 5373 3324 5436 827.

2257 5475 2301 5530 s)
2330 5469 2488 5540 Hero.
2515 5467 2583 5522 de
2609 5467 2750 5522 Rub.
2783 5469 2817 5521 l.
2850 5485 2900 5522 c.
2933 5485 3052 5540 cap.
3084 5472 3167 5537 I7,
3202 5489 3253 5538 p.
3290 5471 3412 5534 109,
3437 5485 3589 5540 seqq.

2257 5475 2301 5530 s)
2330 5470 2488 5522 Bern.
2515 5470 2583 5522 de
2609 5470 2750 5522 Rub.
2783 5470 2817 5521 I.
2850 5485 2900 5522 c.
2933 5485 3052 5536 cap.
3084 5472 3167 5537 I7,
3202 5489 3253 5538 p.
3290 5471 3412 5534 109,
3437 5485 3568 5540 seqq

2232 5470 2296 5611 it)
2327 5538 2556 5594 Fontan.
2590 5540 2625 5592 ι.
2651 5555 2700 5594 c.
2734 5555 2853 5609 cap,
2883 5540 2970 5607 19,
3009 5539 3037 5611 §
3063 5542 3118 5606 2,
3148 5559 3199 5610 p.
3225 5541 3354 5607 240,
3387 5556 3572 5629 scitir,

2233 5635 2318 5700 (τι)
2346 5640 2590 5704 Aviastas.
2619 5631 2779 5704 epist.
2817 5633 2868 5699 1,
2901 5631 2928 5704 §
2964 5634 3015 5699 5,
3047 5632 3204 5687 infra.

2238 5706 2312 5775 (υ)
2346 5705 2488 5758 Idem
2522 5703 2652 5756 ibid.
2687 5702 2714 5774 §
2745 5705 2799 5758 4.
