4194 6192
423 192 493 265 53

1644 206 1703 261 S.
1747 198 2187 262 ANASTASIUS
2226 201 2248 256 ι
2288 202 2490 260 PAPA.

3654 198 3728 257 56

416 330 610 400 probo,
643 329 741 395 ait,
788 328 835 383 si
876 335 1117 392 accusat,
1165 334 1475 392 auctorem,
1516 334 1573 381 et
1616 322 2015 381 exsecrandum
2042 320 2177 384 Ain
2209 322 2342 378 urbe
2389 323 2559 380 Roma
2594 324 2755 395 positi
2782 367 2797 391 ,
2840 337 3004 395 quam
3047 324 3303 395 princeps
3344 322 3726 394 apostolorum

415 425 615 479 factum
655 421 871 493 populis
901 421 1102 492 prodit,
1130 429 1188 475 ut
1209 419 1373 489 justis
1404 418 1622 474 tandem
1664 418 1803 473 odiis
1834 426 2020 473 tenea-

416 525 533 580 tur,
564 528 726 585 quem
769 515 881 584 jam
917 513 1119 569 dttdum
1168 512 1310 567 fama
1342 511 1783 566 conStrinxerat:
1816 510 1862 565 si
1891 526 2019 566 vero

420 608 695 674 interpres
730 615 1008 662 tantorum
1040 606 1306 659 malorum
1335 620 1664 661 consensum
1698 612 2015 675 praaSLat....

418 700 553 754 nihil
583 698 728 753 aliud
758 705 837 753 sul
880 713 1050 769 opera
1087 697 1294 753 laboris
1324 698 1620 763 exstruxit,
1656 699 1760 754 nisi
1792 709 1852 753 ut
1893 715 2021 770 pro-

418 793 553 863 pria:
585 791 754 846 veluti
786 793 985 846 mentis
1015 791 1266 854 arbitrio,
1302 790 1419 847 haec
1446 807 1567 861 qua:
1593 791 1732 859 sola,
1760 807 1881 862 quae
1910 792 2023 863 pri-

424 900 531 949 ma,
568 899 690 953 quae
739 882 883 954 apud
928 883 1237 938 catholicos
1276 882 1615 939 Christianos
1645 900 1774 940 vera
1818 885 2017 942 ﬁde....

421 988 698 1043 tenentur,
750 976 1045 1047 inpinatae
1099 976 1254 1031 titulo
1299 978 1624 1032 assertionis
1665 986 1957 1033 everteret.
1997 998 2016 1031 ι

419 1070 589 1124 Paulo
619 1079 745 1125 ante
774 1080 1038 1139 praeterea
1070 1070 1168 1142 (a).
1210 1071 1504 1141 t;Rufinum
1527 1071 1880 1127 conscientia:
1908 1087 2023 1128 suae

420 1162 659 1216 divinam
711 1162 910 1216 habere
959 1162 1222 1215 arbitram
1281 1163 1622 1231 maiestatem
1679 1182 1696 1214 i
1755 1163 2020 1218 declarat.

421 1256 546 1312 llaec
575 1256 790 1326 aliaque
826 1256 880 1309 in
907 1255 1152 1311 eamdem
1186 1256 1534 1322 sententiam,
1570 1272 1688 1325 quae
1728 1256 1871 1326 apud
1906 1257 2022 1313 lau-

417 1349 573 1402 datos
618 1347 917 1417 scriptores
964 1348 1126 1402 latius
1159 1356 1491 1417 pertractata
1523 1347 1745 1414 videas,
1780 1351 2017 1419 apertis-

421 1442 559 1496 sime
600 1453 834 1511 arguunt
883 1440 1025 1495 hand
1074 1440 1240 1496 fuisse
1286 1442 1353 1495 ab
1382 1441 1674 1496 Anastasio
1701 1442 2022 1498 damnatum

426 1532 703 1587 Ruﬁnum.
734 1534 1005 1587 Caeterum
1038 1548 1159 1603 qua:
1196 1533 1265 1587 ad
1296 1533 1455 1597 huius
1495 1534 1738 1603 epistola:
1765 1534 1792 1605 §
1826 1535 1859 1589 5
1892 1536 2021 1589 illu-

420 1624 707 1679 strandum
739 1640 806 1679 ex
840 1623 1105 1678 Vallarsio
1136 1626 1539 1690 annotavimus,
1570 1633 1730 1680 antea
1762 1626 2018 1695 pervide-

2119 415 2307 469 statnit
2335 425 2393 471 et
2432 415 2535 471 ﬁde
2579 429 2675 470 sua
2704 416 3051 471 conﬁrmavit
3078 416 3354 486 gloriosus
3385 414 3616 482 Petrus,
3653 430 3723 472 ne

2119 509 2241 579 quis
2272 519 2462 564 contra
2492 521 2824 581 praeceptum
2863 511 3007 582 legat
3032 526 3153 581 qua:
3195 510 3433 566 diximus
3457 553 3471 576 ,
3502 510 3731 566 damna—

2122 601 2340 667 vimus,
2389 610 2444 657 et
2488 617 2615 657 cum
2656 606 2866 675 magnis
2913 604 3167 675 precibus
3199 605 3597 674 postulavimus
3623 645 3638 671 ,
3669 611 3730 659 ut

2121 694 2545 765 Evangeliorum
2576 698 2820 752 instituta
2848 714 2969 769 quae
2987 714 3053 753 ex
3080 714 3176 753 ore
3205 713 3303 753 suo
3327 697 3421 753 Dei
3450 696 3726 753 etChristi

2122 788 2307 843 docuit
2336 804 2569 844 censura
2592 789 2643 856 ά,
2669 791 2850 845 abhac
2874 791 3057 846 recedi
3087 793 3311 845 omnino
3356 804 3459 845 non
3485 789 3726 857 debere,

2122 880 2217 935 sed
2239 880 2370 936 illud
2397 882 2449 936 in
2468 884 2788 938 memoriam
2812 882 3032 949 deduci,
3058 883 3202 954 quod
3224 882 3728 939 Paulusvenerabi-

2124 976 2191 1031 lis
2218 977 2499 1046 apostolus
2517 979 2769 1047 prtedixit
2793 990 2958 1050 atque
2981 977 3320 1033 commonuit
3346 994 3359 1032 :
3380 976 3440 1032 Si
3462 977 3573 1046 quis
3586 976 3726 1030 vobis

2124 1069 2547 1139 euangelizaverit
2560 1072 2896 1140 prtelerquort
2909 1071 3315 1141 evangelisatum
3330 1079 3405 1125 est
3419 1070 3578 1135 vobis,
3595 1085 3731 1122 ana-

2126 1160 2295 1215 thema
2310 1163 2397 1216 sit.
2424 1182 2441 1214 ι
2465 1162 2689 1230 Reliqua
2708 1178 2891 1233 porro,
2912 1174 3068 1234 prout
3083 1164 3134 1218 in
3155 1163 3374 1231 vulgato
3404 1162 3728 1232 exemplari.

2197 1256 2249 1309 5.
2285 1252 2381 1309 llis
2409 1255 2618 1310 duabus
2651 1258 2921 1311 Anastasii
2955 1256 3203 1327 epistolis
3250 1255 3570 1327 Apologiam
3602 1256 3733 1311 sub-

2125 1345 2383 1412 didimus,
2420 1362 2584 1415 quam
2607 1347 2673 1401 ad
2703 1348 2959 1404 eumdem
2994 1348 3306 1418 pontificem
3336 1363 3438 1419 pro
3475 1363 3535 1403 se
3574 1349 3730 1404 misit

2128 1438 2355 1493 Rufinus
2384 1440 2782 1509 Aquileiensis;
2811 1441 3194 1496 Constantium
3234 1441 3493 1496 assectati
3516 1482 3530 1507 ,
3571 1440 3731 1511 cujus

2130 1531 2356 1601 proinde
2385 1534 2667 1602 exemplar
2706 1549 2808 1604 pro
2837 1550 2989 1590 more
3021 1534 3109 1590 hic
3135 1534 3510 1603 expressimus
3545 1552 3558 1588 :
3595 1533 3731 1589 illud

2129 1632 2308 1680 tamen
2354 1627 2690 1683 contulimus
2732 1641 2857 1683 cum
2904 1626 3085 1682 Ruﬁni
3134 1642 3362 1695 Operam
3409 1625 3652 1681 editione
3700 1641 3733 1681 a

423 1727 509 1773 rat
535 1727 720 1772 noster
749 1717 1114 1785 Hieronymus
1140 1716 1210 1772 de
1241 1717 1425 1782 Prato,
1457 1731 1618 1787 quem
1644 1717 1872 1787 proinde
1894 1734 2023 1775 con-
2054 1705 2102 1766 Β
2129 1716 2399 1773 Vallarsio
2455 1719 2692 1775 solerter
2737 1719 3007 1775 adornata
3036 1763 3050 1786 ,
3104 1720 3198 1791 qui
3244 1718 3309 1775 ad
3346 1736 3447 1774 ms.
3487 1718 3734 1774 codicem

425 1811 607 1867 sulere
626 1809 833 1880 juverit
864 1808 962 1881 (b).

496 1908 549 1961 ’5.
596 1905 841 1959 Alteram
872 1904 1148 1959 Anastasii
1178 1903 1242 1958 ad
1274 1903 1694 1972 Simplicianum
1723 1905 2024 1961 antistitem

427 1997 890 2053 Mediolanensem
943 1994 1268 2063 epistolam,
1322 1993 1464 2048 haud
1513 1994 1585 2049 ita
1634 1993 1842 2064 pridem
1885 1996 2026 2050 inter

423 2091 852 2161 llieronymiana
883 2092 1089 2159 scripta
1119 2087 1388 2159 evulgavit
1411 2102 1537 2142 cum
1578 2086 1700 2144 aliis
1733 2088 2028 2144 luculentis

426 2185 655 2238 vetustis
684 2183 991 2238 litterarum
1023 2181 1392 2236 monumentis
1416 2194 1479 2235 ex
1498 2180 1878 2252 antiquissimo
1897 2181 2028 2238 Am—

423 2278 696 2333 brosianm
742 2276 1088 2332 bibliothecae
1126 2276 1317 2332 codice
1364 2291 1469 2331 ms.
1520 2277 1769 2331 eruditus
1820 2276 2028 2331 Vallar-

426 2372 543 2427 sius
571 2370 669 2442 (c).
696 2370 753 2425 In
783 2385 846 2424 ea
878 2385 1013 2424 vero
1037 2377 1259 2423 sanctus
1282 2369 1553 2438 pontifex,
1597 2368 1884 2439 Theophili
1912 2368 2026 2439 epi-

426 2465 579 2533 scopi
606 2462 963 2518 Alexandrini
991 2462 1236 2518 stttdium
1267 2477 1330 2517 ac
1374 2463 1712 2532 vigilantiam
1758 2462 2023 2530 laudans,

425 2556 675 2627 Origenis
705 2571 926 2611 errores
953 2571 1077 2611 cum
1116 2571 1216 2612 suo
1242 2567 1469 2613 auctore
1498 2556 1566 2611 ab
1607 2572 1667 2613 se
1690 2559 2028 2627 proscriptos

420 2649 688 2705 declarat.
747 2649 1071 2720 Hnjusmodi
1118 2657 1298 2703 autem
1357 2648 1591 2719 epistola
1650 2650 1753 2704 sub
1810 2649 2028 2704 initium

421 2742 548 2797 anni
576 2756 707 2797 cccc
734 2746 937 2811 scripta
969 2740 1141 2796 fuisse
1172 2739 1423 2806 videtur;
1458 2756 1566 2812 quo
1594 2751 1853 2796 currente
1881 2741 2025 2797 Sim-

426 2834 725 2904 plicianum
756 2850 787 2889 e
819 2835 959 2889 vivis
986 2834 1323 2899 excessisse,
1356 2832 1517 2904 eique
1561 2835 1895 2889 successisse
1925 2832 2028 2889 Ve-

423 2927 674 2993 nerium,
719 2936 1066 2997 compertum
1100 2925 1385 2982 habemus.
1429 2925 1548 2993 Qua
1594 2925 1662 2981 de
1690 2940 1752 2981 re
1799 2935 1919 2995 post
1949 2926 2022 2980 cl.

423 3021 692 3076 editorem
726 3021 803 3092 (ά)
833 3021 1115 3091 complura
1148 3021 1320 3089 probe
1349 3020 1641 3075 observata
1689 3020 1838 3090 legas
1875 3020 2020 3089 apud

2128 1810 2567 1867 Guarnerianum
2612 1812 2862 1869 eamdem
2909 1812 3228 1884 Apologiam
3277 1809 3478 1882 exegit,
3525 1821 3581 1867 et
3627 1812 3731 1867 ali-

2128 1910 2259 1971 quot
2282 1902 2338 1956 in
2366 1902 2498 1958 locis
2527 1902 2763 1959 feliciter
2786 1905 3023 1960 restituit
3055 1903 3157 1975 (g),
3188 1911 3248 1957 ut
3276 1919 3341 1959 ex
3372 1903 3575 1959 notulis
3604 1904 3734 1959 sab—

2122 1993 2287 2062 jectis
2314 2002 2549 2048 constat.
2583 1993 2734 2049 Hanc
2758 2010 2893 2050 vero
2922 1994 3244 2065 Apologiam
3270 2010 3369 2064 pro
3401 1994 3507 2049 ﬁde
3539 2009 3639 2049 sua
3663 1995 3733 2050 ad

2127 2094 2377 2140 sanctum
2405 2085 2719 2156 pontiﬁcem
2749 2085 3217 2151 direxitRuﬁnus,
3246 2101 3353 2157 quo
3377 2101 3489 2141 sua:
3513 2087 3732 2157 prospi-

2128 2186 2278 2230 ceret
2305 2176 2728 2243 existimationi,
2773 2178 3049 2246 simulque
3078 2179 3334 2234 invidiam
3362 2178 3504 2248 apud
3545 2180 3732 2235 sedem

2128 2270 2488 2339 apostolicam
2520 2271 2590 2327 ob
2617 2270 2888 2327 librorum
2928 2272 3183 2343 Origenis
3226 2276 3346 2345 περὶ
3375 2273 3581 2349 Ἀρχῶν
3610 2287 3734 2329 vcr-

2127 2362 2340 2418 sionem
2371 2363 2476 2417 sibi
2500 2365 2792 2418 conflatam
2831 2364 3194 2435 propulsaret.
3229 2365 3348 2431 Quo
3379 2376 3563 2420 autem
3595 2372 3732 2421 tem-

2129 2470 2262 2525 pore
2313 2456 2515 2526 scripta
2548 2458 2635 2512 illa
2677 2456 2875 2525 fuerit,
2919 2473 3041 2535 cum
3074 2474 3138 2513 ex
3178 2459 3296 2528 ipso
3327 2458 3525 2514 Ruﬁno
3551 2500 3565 2525 ,
3618 2469 3730 2515 tum

2128 2566 2195 2606 ex
2258 2551 2595 2624 Hieronymo
2643 2553 2962 2608 edocemur.
3017 2553 3248 2608 Ruﬁnus
3297 2554 3443 2609 enim
3500 2553 3729 2609 Romam

2128 2645 2354 2713 accitus,
2376 2655 2435 2701 ut
2451 2647 2795 2717 suspiciones
2814 2647 2883 2703 de
2902 2647 3012 2703 ﬁde
3030 2664 3127 2701 sua
3160 2648 3230 2704 ibi
3251 2662 3438 2703 coram
3467 2647 3726 2713 dilueret,

2130 2740 2270 2795 hanc
2295 2742 2702 2796 excusationem
2733 2739 3021 2809 praetendit
3044 2738 3127 2812 (It)
3155 2758 3167 2793 :
3202 2738 3482 2805 Quoniam,
3513 2738 3682 2810 inquit
3711 2780 3727 2805 ,

2127 2835 2238 2903 ipse
2280 2849 2409 2889 rosr
2437 2850 2691 2890 TBIGINTA
2738 2850 2877 2889 rens
2924 2849 3093 2889 annos
3146 2833 3446 2905 parentibus
3494 2836 3728 2890 redditus

2127 2944 2271 2995 sum,
2305 2937 2351 2982 et
2380 2927 2569 2983 durum
2599 2930 2726 2983 satis
2771 2939 2927 3000 atque
2962 2930 3304 2983 inhumanum
3345 2938 3492 2998 erat,
3534 2929 3578 2983 si
3623 2940 3726 2983 tam

2128 3022 2228 3075 cito
2254 3022 2540 3076 desererent
2564 3038 2650 3075 eos
2679 3039 2806 3093 quos
2837 3032 2944 3075 tant
2976 3023 3123 3077 tarde
3164 3025 3460 3088 reviseram,
3492 3025 3646 3077 simul
3677 3034 3724 3079 et

426 3112 688 3167 Ballerin.
715 3083 811 3183 (θ’,
842 3083 1006 3181 atque
1026 3083 1293 3183 imprimis
1319 3112 1460 3181 apud
1490 3083 1769 3167 laudatuni
1792 3083 2015 3167 Hier-on.
2052 3083 2100 3148 Ο
2128 3113 2251 3185 quia
2278 3123 2381 3167 tant
2419 3114 2561 3186 longi
2584 3083 2784 3168 itineris
2812 3114 2956 3168 labor
2988 3115 3309 3185 frugiliorem
3337 3132 3418 3169 me
3449 3083 3627 3169 reddit
3657 3117 3725 3170 ad

424 3205 494 3260 de
506 3204 670 3259 Prato
690 3204 785 3276 (f):
806 3206 896 3274 qui
915 3204 1155 3274 etipsam
1176 3206 1586 3259 Anastasianam
1602 3205 1895 3275 epistolan
1913 3206 2025 3262 lec-

428 3309 605 3353 torum
636 3298 810 3352 oculis
847 3298 1074 3360 sistens,
1117 3299 1326 3369 aliquot
1358 3299 1410 3353 in
1440 3299 1575 3353 locis
1608 3314 1673 3353 ex
1705 3299 2022 3369 conjectura

426 3391 855 3448 emendatiorem
889 3390 1158 3447 exhibere
1207 3391 1436 3446 Studuit.
1461 3392 1811 3463 Quapropter
1864 3404 2025 3463 prout

420 3501 541 3540 eam
577 3485 659 3540 vir
698 3484 891 3540 doetus
916 3486 1279 3541 emaculatum
1310 3486 1537 3558 profert,
1570 3503 1753 3559 opera)
1786 3491 2021 3559 pretium

420 3578 585 3634 fuerit
625 3577 716 3633 hic
756 3579 808 3632 in
856 3572 1090 3633 medium
1122 3577 1339 3633 afferre.
1384 3579 1475 3635 Sic
1513 3591 1696 3635 autem
1725 3596 1784 3637 se
1815 3582 2019 3639 habet:

492 3670 547 3724 4.
592 3668 818 3725 Domino
866 3671 1020 3741 fratri
1052 3669 1396 3743 Simpliciano
1435 3675 1756 3729 Anastasius.
1793 3695 1811 3728 t
1847 3674 2021 3732 Gran-

421 3765 546 3820 dem
600 3765 1030 3821 sollicitudinem
1077 3775 1241 3837 atque
1295 3769 1555 3822 excubias
1600 3783 1764 3839 super
1791 3785 2020 3839 gregem

416 3874 575 3915 suum
608 3870 792 3929 pastor
815 3860 1017 3915 habere
1045 3861 1379 3929 approbatur
1404 3878 1417 3914 :
1445 3862 1700 3917 similiter
1730 3874 1782 3918 et
1808 3878 1873 3917 ex
1899 3862 2010 3916 alta

420 3964 571 4007 turre
593 3968 757 4007 causa
788 3952 1024 4007 civitatis
1052 3952 1142 4005 diu
1176 3960 1449 4020 noctuque
1480 3963 1674 4006 cautus
1703 3953 2021 4021 Speculator

420 4046 677 4101 observat
720 4061 735 4099 ι
782 4046 1044 4115 magister
1091 4052 1118 4079 εί
1154 4043 1399 4113 providus
1429 4042 1456 4080 δ
1484 4046 1638 4099 navis
1689 4044 1820 4099 hom
1875 4056 2013 4101 tem-

417 4137 645 4208 pestatis
673 4146 728 4192 et
765 4135 989 4205 periculi
1033 4149 1284 4204 magnam
1316 4136 1521 4203 patitur
1562 4135 1729 4190 animi
1757 4135 2015 4207 jactatio-

414 4244 566 4294 nem,
616 4243 683 4283 ne
726 4226 985 4297 procellis
1025 4235 1191 4295 atque
1220 4226 1545 4293 asperrimis
1580 4226 1835 4283 fluctibus
1867 4229 2021 4285 navis

417 4320 655 4377 elidatur
683 4318 737 4372 iu
766 4333 920 4373 saxa.
950 4318 1071 4371 Pari
1100 4318 1283 4371 aninto
1314 4320 1397 4371 vir
1419 4327 1642 4374 sanctus
1684 4329 1739 4374 ct
1779 4319 2017 4376 honora-

414 4413 542 4469 bilis
568 4410 931 4479 Theophilus,
963 4410 1128 4465 frater
1153 4418 1209 4464 et
1235 4410 1597 4480 coepiscopus
1627 4421 1838 4478 noster,
1862 4415 2010 4469 circa

414 4504 609 4562 salutis
645 4503 929 4559 commoda
961 4518 1068 4557 non
1097 4501 1301 4557 desiuit
1328 4501 1583 4572 vigilare,
1615 4517 1684 4558 ne
1714 4503 1813 4559 Dei
1844 4520 2011 4575 popa-

414 4598 501 4652 lus
528 4612 623 4668 per
648 4596 894 4651 diversas
925 4594 1187 4651 ecclesias
1217 4594 1507 4665 Origenem
1536 4594 1764 4666 legendo
1795 4597 1850 4653 in
1898 4616 2013 4654 ma-

411 4706 548 4762 gnas
578 4693 819 4747 incurrat
860 4686 1247 4758 blasphemias.
1291 4687 1605 4744 Conventus
1648 4690 1845 4747 litteris
1888 4708 2003 4747 me-

408 4786 609 4841 morati
636 4827 650 4852 ,
692 4784 961 4840 convenio
987 4782 1328 4837 sanctitatem
1358 4789 1527 4849 tuam,
1560 4792 1618 4836 ut
1652 4794 1673 4821 ο
1703 4785 1862 4842 sicuti
1899 4802 1998 4844 nos

472 4928 498 4955 ³
532 4923 643 4996 Ms.
663 4922 904 4996 magister
931 4922 1178 4974 hactenus
1221 4922 1385 4975 navis.
1416 4918 1575 4976 Num.
1612 4925 1864 4996 magister
1895 4944 1993 4981 au-

403 5007 504 5051 tem
529 4994 715 5048 navis?

472 5067 498 5105 ι)
540 5064 641 5121 Ms.
684 5066 814 5119 liora
860 5065 1174 5134 tempestatis
1213 5065 1374 5118 ecoris
1415 5075 1461 5117 et
1503 5066 1753 5134 periculo.
1805 5066 1990 5135 Forte,

482 5221 559 5291 (a)
586 5219 731 5275 Idem
761 5218 893 5291 ibid.
925 5217 1032 5291 ξε,

480 5289 555 5364 (b)
594 5291 657 5346 ﬂ.
693 5291 761 5364 de
785 5289 979 5364 Prata.
1007 5290 1239 5364 pisserl.
1282 5289 1332 5355 6,
1370 5291 1436 5344 ad
1467 5301 1596 5345 tom.
1628 5291 1643 5345 Ι
1677 5304 1803 5361 opp.
1832 5290 1985 5363 Sulp.

404 5362 541 5420 Sev.
566 5378 713 5417 num.
732 5362 823 5424 56,
852 5377 970 5431 pug.
1004 5362 1130 5415 511.

500 5434 546 5505 ι)
583 5435 801 5488 Hieron.
833 5448 959 5502 opp.
988 5440 1117 5505 tom.
1143 5432 1181 5494 Ι,
1217 5432 1375 5501 epist.
1402 5432 1495 5505 95,
1533 5448 1655 5505 pag.
1685 5433 1813 5490 552.

500 5436 546 5505 ι)
583 5436 801 5488 Hieron.
833 5448 959 5502 Opp.
988 5440 1117 5486 tom.
1143 5436 1181 5494 l,
1217 5436 1375 5501 epist.
1406 5436 1495 5497 95,
1533 5448 1655 5499 pag.
1685 5436 1813 5490 552.

476 5436 555 5577 id)
582 5506 815 5577 Vallars.
838 5508 968 5557 edit.
994 5503 1212 5558 Hieron.
1239 5514 1365 5577 to:_n_.
1398 5503 1442 5577 Ιἶ
1470 5504 1740 5577 ρειεε552.
1770 5513 1823 5560 et
1844 5505 1981 5561 ibid.

400 5577 452 5629 in
487 5574 703 5632 recens.
734 5576 916 5643 epistt.
947 5578 1012 5630 ad
1056 5591 1259 5643 numm,
1294 5574 1387 5638 95,
1419 5574 1508 5638 94,
1540 5575 1630 5643 95,
1666 5590 1763 5631 nec
1790 5592 1897 5632 non
1930 5579 1982 5633 in

406 5646 513 5701 Vit.
549 5648 769 5717 Hieron.
798 5656 932 5701 tum.
958 5646 1048 5712 XI,
1081 5646 1393 5717 pag._1776.-
1485 5706 1493 5717 ο
1532 5696 1543 5717 γη
1579 5686 1585 5701 .

474 5720 543 5785 fe)
572 5714 769 5773 Ballcr.
807 5718 843 5772 Ι.
872 5733 920 5773 c.
951 5732 1071 5789 cap.
1102 5714 1215 5787 5,’§
1248 5716 1293 5786 l,
1333 5731 1450 5789 pag.
1482 5714 1605 5774 342.

2128 3207 2394 3262 iterandos
2442 3207 2665 3262 labores.
2731 3208 3059 3277 Huiusmodi
3121 3218 3301 3264 autem
3356 3211 3725 3265 excusationis

2128 3316 2320 3355 causas
2350 3315 2577 3369 carpens
2608 3300 2975 3372 Hieronymus
3000 3343 3014 3368 ,
3048 3300 3167 3356 haec
3196 3302 3273 3356 ait
3304 3302 3401 3375 (i):
3437 3300 3725 3357 Prcetendit

2129 3395 2269 3467 longi
2306 3394 2504 3448 itineris
2534 3394 2920 3463 lassitudinem,
2948 3397 3097 3467 quasi
3126 3411 3384 3452 TRIGINTA
3418 3411 3572 3452 sums
3591 3413 3725 3451 sent-
3764 3412 3767 3415 ·

2129 3505 2218 3558 ρει·
2248 3489 2562 3554 cucurrerit,
2595 3498 2684 3542 aut
2708 3504 2921 3543 BIENNIO
2950 3489 3199 3560 Aquileia:
3231 3490 3444 3552 sedens,
3477 3488 3727 3560 pruteriti

2126 3582 2327 3636 itineris
2357 3581 2533 3637 labore
2574 3585 2837 3652 confectus
2881 3584 2967 3635 sit.
2999 3582 3210 3650 Quibus
3241 3597 3309 3637 ex
3361 3582 3495 3635 locis
3543 3581 3725 3650 arguit

2128 3675 2209 3728 vir
2233 3675 2480 3729 eruditus
2519 3674 2618 3745 (j),
2664 3690 2809 3729 anno
2852 3690 2980 3730 cccc
3015 3677 3153 3728 hanc
3197 3690 3227 3728 a
3267 3674 3466 3727 Ruﬁno
3500 3672 3721 3727 missam

2127 3768 2293 3823 fuisse
2340 3766 2680 3836 Apologiam.
2729 3767 3039 3829 Nimirum,
3092 3766 3309 3835 inquit,
3364 3764 3615 3835 Aquileia
3666 3766 3721 3822 in

2124 3859 2399 3913 Orientem
2419 3857 2754 3912 discesserat
2777 3856 3010 3910 Rufinus
3036 3870 3182 3909 anno
3201 3870 3455 3911 cccuxu
3485 3856 3615 3913 illuc
3640 3873 3725 3913 re-

2125 3963 2315 4002 versus
2345 3964 2489 4001 anno
2521 3962 2768 4002 cccxcnt.
2797 3946 2932 4001 Cum
2965 3958 3147 4002 autem
3180 3948 3477 4003 rotundum
3510 3949 3723 4022 triginta

2123 4055 2374 4094 annorum
2422 4054 2705 4093 numerum
2760 4038 3025 4108 particula
3082 4044 3191 4110 fere
3237 4040 3511 4094 diminuat
3557 4040 3720 4110 ipse:

2122 4150 2267 4191 anno
2326 4135 2488 4206 igitur
2544 4150 2671 4190 cccc
2722 4134 2834 4205 jam
2894 4136 3113 4205 incepto
3151 4136 3408 4190 currebat
3464 4135 3722 4189 biennium

2124 4229 2637 4301 Hieronymianum,
2666 4244 2773 4296 quo
2807 4229 3073 4296 Aquileia:
3118 4228 3431 4283 morabatur
3469 4229 3717 4283 Rufinus.

2122 4321 2179 4377 ln
2201 4321 2447 4377 eamdem
2474 4322 2642 4376 ferme
2668 4320 2997 4375 sententiam
3018 4322 3087 4375 cl.
3113 4320 3577 4393 Coustanlius(k).
3598 4320 3721 4376 llaac

2126 4432 2289 4486 porro
2317 4413 2621 4485 presbyteri
2648 4412 3020 4482 Aquileiensis
3050 4413 3321 4483 Apologia
3349 4424 3559 4484 septem
3589 4429 3723 4483 quo-

2123 4507 2416 4564 dammodo
2443 4505 2619 4575 Capita
2658 4506 2946 4575 complecti
2978 4504 3200 4560 videtur
3224 4545 3239 4571 ,
3274 4521 3504 4575 quarunt
3539 4506 3722 4575 priora

2121 4601 2360 4670 quinque
2403 4598 2653 4669 dogmata
2703 4598 3005 4668 respiciunt
3038 4615 3050 4650 :
3086 4597 3340 4653 videlicet
3385 4599 3619 4667 primum
3652 4596 3721 4651 de

2120 4692 2404 4758 Trinitate,
2437 4688 2736 4745 secundum
2769 4687 2839 4743 de
2863 4688 3033 4744 Verbi
3069 4688 3468 4755 incarnatione,
3499 4687 3717 4742 tertium

2116 4788 2185 4844 de
2219 4782 2658 4849 resurrectione,
2709 4790 2962 4851 quartum
3012 4780 3080 4836 de
3119 4779 3326 4851 judicio
3367 4787 3614 4836 extremo
3667 4789 3721 4833 et

2109 4929 2241 4983 hora
2269 4922 2608 4989 tempestatis,
2640 4922 2867 4991 azquoris
2898 4930 2947 4975 et
2969 4919 3221 4990 periculo.

2094 4998 2095 5001 “
2189 5010 2211 5039 ο
2247 4996 2316 5053 Ut
2345 4994 2515 5049 sicuti.
2544 4991 2728 5055 Forte,
2761 5004 2817 5045 ut
2846 4994 2979 5045 scias
3010 4993 3103 5045 uti.

2177 5068 2204 5107 ἀ
2234 5068 2330 5124 Hic
2352 5066 2545 5122 deesse
2574 5063 2829 5119 videntur
2852 5062 3049 5132 aliqua.

2200 5224 2253 5295 f)
2279 5224 2342 5278 Η.
2364 5221 2442 5295 κᾶε
2466 5220 2629 5275 Prato
2657 5220 2696 5295 l_.
2727 5236 2787 5295 (ι.Δ
2825 5235 3031 5295 numm.
3064 5221 3159 5295 j8,
3187 5222 3281 5286 9.1,
3320 5237 3371 5291 p.
3401 5222 3515 5278 295
3548 5238 3702 5294 seqq.

2198 5291 2248 5363 ξι)
2284 5294 2511 5349 Vallars.
2542 5291 2692 5361 praef.
2724 5291 2791 5363 ad
2815 5307 2937 5360 opp.
2968 5291 3146 5345 Ruﬁn.
3176 5309 3294 5362 pag.
3330 5295 3411 5347 l6.

2196 5367 2252 5433 lt)
2279 5366 2455 5420 Ruﬁn.
2483 5364 2709 5432 Apolog.
2742 5362 2768 5433 ᾗ
2798 5365 2842 5427 Ι,
2877 5363 3011 5416 infra
3045 5379 3165 5433 pag.
3197 5364 3304 5420 249
3337 5364 3393 5419 d.

2188 5436 2227 5501 ἱ)
2264 5437 2482 5491 flleron.
2521 5437 2591 5487 lib
2622 5449 2656 5487 ll
2693 5437 2819 5489 adv.
2848 5434 3021 5488 Rufin.
3057 5436 3083 5505 §
3116 5434 3170 5487 Ξ.

2164 5505 2230 5577 (j)
2265 5508 2425 5562 Bern.
2459 5507 2526 5562 de
2560 5505 2696 5560 Rub.
2726 5506 2955 5561 Dissert.
2982 5506 3048 5559 de
3084 5505 3261 5560 Ruﬁn.
3294 5523 3413 5578 cap.
3447 5508 3536 5575 16,
3576 5508 3603 5579 §
3643 5510 3695 5577 1,

2090 5593 2145 5648 p.
2186 5579 2299 5633 HO.

2162 5650 2237 5721 (It)
2261 5650 2539 5707 Constant.
2573 5648 2761 5719 lipistt.
2798 5646 2954 5701 Rom.
2988 5647 3203 5704 Pontiﬁ'.
3236 5663 3355 5719 pag.
3386 5648 3511 5718 715,
3542 5650 3569 5721 §
3596 5645 3649 5707 1f.-
