4200 6180
388 252 459 307 57
1768 221 2279 286 PROLEGOMENA
2293 260 2308 275 .
3622 207 3695 265 58

382 364 592 421 diaboli
633 372 838 418 aeterna
886 356 1235 413 damnatione
1259 396 1272 420 ,
1304 353 1548 422 quintum
1579 349 1648 405 de
1686 348 1987 403 animarum
2016 346 2070 406 Α
2093 336 2449 392 Constantius
2472 333 2525 389 in
2558 332 2733 404 Epist.
2755 330 2957 388 Pontif.
2987 329 3149 384 Ilom.
3180 335 3222 383 t.
3257 327 3299 393 l,
3405 322 3510 422 ⁸119
3529 337 3698 422 usque

384 458 619 528 origine.
652 456 708 511 ln
740 453 952 509 duobus
981 450 1205 519 reliquis
1242 446 1513 517 capitibus
1540 444 1787 515 Origenis
1820 458 1879 497 se
1909 441 1991 495 iu-

386 560 712 620 terpretem,
745 563 852 602 non
889 544 1237 601 defensorem
1266 539 1551 611 proﬁtetur
1580 538 1829 592 Ruﬁnus.
1858 535 1990 602 Qum

382 643 606 715 quidem
638 641 820 694 omnia
850 637 1166 708 singillatim
1212 634 1470 690 enucleat
1492 632 1828 687 Fontauinus
1864 629 1941 700 (a)
1971 645 1984 693 ;

388 750 567 806 neque
596 736 769 804 ipsum
792 732 861 787 de
890 731 973 785 bis
1001 729 1406 785 edissercntem
1434 726 1603 781 lector
1626 724 1836 789 adiens,
1858 737 1991 793 0pc-

386 844 502 884 ram
527 828 820 895 oleumque
848 823 1063 895 perdet.

1113 956 1203 1013 IV.

740 1073 837 1137 (Ex
864 1074 1150 1125 Schmnem.
1174 1070 1411 1121 Biblioth.
1436 1074 1552 1119 tom.
1580 1068 1645 1131 Ι.)

455 1183 508 1237 1.
544 1181 775 1253 Scripta.
803 1211 861 1219 —
903 1180 1032 1234 Dua:
1080 1178 1361 1233 dumtaxat
1389 1183 1684 1245 supersunt
1733 1176 1983 1244 epistolw,

381 1291 614 1346 quarum
645 1277 817 1329 altera
871 1274 938 1327 ad
985 1273 1241 1328 Joannem
1296 1270 1831 1340 Hierosolymitanmn
1874 1270 1983 1337 jam

382 1370 621 1435 dudum;
652 1370 823 1424 altera
852 1370 920 1422 ad
954 1368 1356 1440 Simplicianunt
1405 1365 1699 1434 episcopum
1730 1364 1987 1417 Mediola-

382 1480 587 1517 nensem
620 1478 793 1532 nuper
833 1462 1052 1516 demum
1083 1461 1258 1515 lucem
1279 1460 1436 1514 vidit.
1460 1460 1619 1514 Prior
1642 1473 1692 1511 ιι.
1719 1458 1847 1522 401,
1868 1456 1985 1512 hcce

380 1571 432 1610 a.
458 1555 586 1623 400,
618 1558 818 1625 scripta
841 1570 965 1610 esse
993 1554 1235 1620 videtur,
1263 1570 1371 1624 quo
1400 1564 1657 1609 currente
1676 1552 1984 1622 Simplicia-

381 1663 485 1704 nus
510 1663 539 1703 e
571 1648 707 1703 vivis
729 1648 985 1713 excessit,
1012 1657 1069 1702 et
1101 1647 1154 1701 in
1180 1647 1356 1701 locum
1386 1646 1503 1715 ejus
1534 1646 1796 1701 Venerius
1824 1658 1981 1699 crea-

2095 432 2161 487 ad
2192 432 2317 499 730,
2339 429 2656 499 addiditque
2685 444 2740 500 p.
2768 424 3014 482 729-738
3043 423 3296 479 notitiam
3319 417 3703 491 dedeperditis

2096 533 2152 579 et
2182 524 2317 579 falso
2339 523 2594 593 ascriptis
2627 520 2729 593 (ά).
2782 519 2947 574 Novis
2994 517 3140 572 curis
3177 513 3501 586 perpolitam
3553 509 3704 567 dedit

2095 620 2399 675 Vallarsius
2430 618 2481 672 in
2507 617 2642 672 edit.
2667 630 2795 685 opp.
2832 612 3012 667 Ruﬁni
3042 621 3082 665 t.
3104 610 3147 675 Ι,
3184 625 3237 679 p.
3271 609 3398 664 Ml.

2165 711 2457 781 Epistolam
2485 710 2553 762 ad
2576 707 2981 777 Simpliciannm
3011 704 3352 772 Hieronymo
3384 701 3690 770 ignoratam

2093 814 2149 861 et
2176 805 2376 859 nemini
2404 814 2565 859 antea
2589 800 2889 871 cognitam,
2911 797 3220 854 Vallarsius
3243 796 3465 851 demum
3488 809 3551 847 ex
3571 791 3699 846 Am-

2094 898 2362 953 brosiauae
2388 895 2742 951 Bibliothecae
2772 892 2965 948 codice
2992 905 3095 945 ms.
3128 904 3250 944 cum
3299 888 3421 943 aliis
3464 886 3691 957 quibus-

2090 989 2216 1045 dam
2242 990 2477 1043 aliorum
2507 988 2651 1042 inter
2684 986 2966 1054 Epistolas
2993 982 3453 1054 llieronymianas
3504 977 3698 1034 tomol

2092 1096 2221 1152 opp.
2253 1096 2341 1151 ep.
2371 1081 2441 1137 95
2466 1079 2760 1149 evnlgavit.
2792 1076 3031 1132 Omnino
3060 1076 3272 1129 sincera
3302 1088 3425 1128 esse
3450 1071 3695 1127 videtur.

2090 1176 2228 1231 Hinc
2254 1175 2593 1245 deprompsit
2622 1182 2676 1229 et
2705 1170 3066 1227 conciliorum
3115 1165 3445 1223 Collectioni
3491 1172 3642 1218 tomo
3673 1162 3692 1216 l

2090 1267 2322 1322 inseruit
2346 1266 2431 1320 .lo.
2464 1264 2678 1318 Domin.
2712 1262 2970 1317 Mausius.
3003 1258 3265 1313 Eamdem
3288 1255 3536 1325 pluribus
3557 1253 3692 1309 locis

2090 1375 2154 1414 ex
2178 1359 2491 1427 conjecmra
2523 1355 2866 1412 emendatam
2916 1351 3199 1423 proposuit
3244 1350 3597 1423 Hieronymus
3627 1347 3691 1401 de

2090 1449 2253 1505 Prato
2286 1451 2337 1505 in
2360 1450 2446 1505 ed.
2473 1465 2601 1519 opp.
2625 1446 2855 1515 Sulpicii
2883 1446 3090 1501 Severi.
3122 1441 3468 1514 t.l(Veronae
3501 1435 3687 1507 17H),

2088 1544 2310 1599 dissert.
2370 1544 2422 1605 6,
2454 1558 2599 1596 num.
2658 1542 2749 1607 56,
2782 1555 2905 1610 pag.
2939 1539 3065 1595 511.
3115 1536 3418 1606 Utramque
3471 1531 3690 1588 tandem

2087 1636 2358 1702 Garnerii,
2391 1635 2690 1691 Constantii
2725 1645 2779 1688 et
2826 1629 3300 1687 Vallarsiistudiis
3358 1627 3689 1682 illustratam

383 1748 471 1795 tus
494 1750 597 1797 est.
636 1739 911 1795 Perierunt
939 1740 1184 1810 epistola:
1215 1740 1336 1794 duo:
1361 1739 1426 1793 ad
1453 1740 1757 1801 Paulinum,
1792 1754 1895 1792 una
1918 1736 1982 1791 ad
2015 1746 2063 1804 Β
2089 1731 2380 1799 additaque
2407 1730 2675 1799 Apologia
2701 1728 2883 1782 Rufini
2940 1726 3005 1780 ad
3058 1723 3406 1780 Anastasium
3456 1719 3692 1774 Andreas

380 1832 671 1904 Anysium,
706 1848 810 1902 qua
835 1834 1040 1896 omnia,
1072 1848 1194 1904 quae
1227 1832 1279 1886 in
1310 1831 1512 1904 Illyrici
1553 1832 1795 1902 partibus
1822 1845 1979 1900 gere-

380 1936 593 1993 rentur,
618 1940 815 1981 recens
848 1927 950 1997 ipsi
981 1927 1323 1982 commisisse
1380 1928 1597 1990 ferunt;
1632 1942 1736 1979 una
1777 1926 1845 1979 ad
1882 1925 1980 1980 Ve—

382 2020 617 2086 nerium,
649 2021 713 2074 ad
745 2034 907 2090 quam
960 2020 1016 2075 in
1049 2020 1279 2090 cpistola
1309 2018 1377 2073 ad
1404 2018 1668 2074 Joannem
1702 2017 1974 2073 Hierosol.

382 2111 629 2180 respicit,
658 2129 763 2166 una
787 2113 852 2167 ad
884 2111 1068 2178 Afros,
1096 2113 1203 2167 alia
1234 2112 1468 2182 denique
1495 2127 1661 2180 super
1688 2111 1885 2166 Ruﬁno
1924 2111 1975 2165 iu

381 2202 660 2259 Orientem
710 2206 896 2272 missa,
955 2206 1155 2261 Ruﬁno
1207 2215 1507 2260 asset-tote.
1543 2204 1666 2259 Tria
1690 2209 1981 2275 fragmenta

382 2298 754 2370 Epistolarum
786 2303 849 2355 ad
882 2300 1166 2367 Ursinum,
1200 2301 1265 2355 ad
1300 2300 1646 2355 Anastasinm
1677 2300 1715 2354 ll
1741 2300 1979 2369 pertine-

382 2411 463 2465 re,
494 2396 747 2452 Baluzius
770 2397 1013 2452 ostendit
1038 2398 1139 2469 (ὁ).
1171 2399 1250 2453 De
1281 2398 1400 2451 aliis
1422 2398 1763 2469 supposititiis
1792 2404 1848 2453 et
1875 2396 1976 2450 fal-

382 2504 446 2545 so
473 2490 593 2560 ejus
616 2491 840 2546 decreto
868 2506 933 2546 cx
961 2491 1245 2546 Bloudello
1286 2490 1639 2546 Constantius
1661 2492 1904 2545 disserit.

452 2583 507 2637 9..
543 2582 721 2637 Edita.
748 2614 817 2623 —
850 2584 1091 2653 Epistula
1116 2584 1459 2638 adJoanncm
1481 2583 1693 2637 Hieros.
1721 2582 1974 2653 quoniam

388 2677 455 2732 ad
480 2694 597 2733 cam
629 2678 829 2748 saepius
861 2678 1086 2747 restvicit
1109 2678 1655 2750 llieronymus,inter
1679 2680 1823 2748 ipsas
1850 2677 1977 2733 llie-

387 2770 599 2841 ronymi
630 2770 892 2834 epistolas
916 2785 947 2824 a
976 2771 1256 2826 veteribus
1278 2771 1696 2827 collectionibus
1718 2781 1799 2826 est
1820 2785 1977 2841 repo-

384 2862 510 2927 sita,
559 2864 612 2918 in
643 2863 1003 2919 Benedictina
1054 2865 1232 2920 loeum
1286 2866 1336 2919 in
1395 2876 1542 2919 ιοιιιι)
1569 2865 1633 2929 V,
1663 2865 1753 2935 qui
1800 2866 1976 2920 aliena

384 2956 782 3027 complectitur,
821 2972 872 3027 p.
898 2957 1006 3012 960
1034 2958 1339 3027 occupavit.
1372 2958 1415 3012 E
1448 2959 1680 3029 vulgatis
1709 2958 1978 3028 Hierony-

386 3048 457 3101 mi
508 3048 839 3104 editionibns
896 3048 1015 3104 haec
1068 3050 1297 3120 epistola
1332 3051 1565 3121 primum
1602 3051 1974 3105 inltomanam

2084 1822 2399 1879 Gallandins
2426 1824 2478 1877 in
2505 1823 2641 1877 Bibl.
2675 1822 2778 1876 PP.
2806 1828 2861 1875 ct
2892 1828 2999 1875 vet.
3048 1817 3201 1872 Eccl.
3234 1816 3436 1885 Script.
3470 1821 3511 1867 ι.
3548 1810 3684 1875 VIII,

2080 1932 2135 1986 p.
2168 1915 2652 1979 246-25Lintnlit,
2714 1912 2986 1982 simulque
3032 1908 3472 1965 dissertationem
3523 1918 3688 1975 super

2083 2009 2372 2065 Anastasio
2396 2024 2445 2064 c.
2482 2008 2515 2063 9
2542 2007 2798 2078 Prolegg.
2827 2022 2877 2075 p.
2908 2020 2995 2059 xxI
3027 2019 3145 2074 seq.
3180 2001 3466 2073 praemisit.

2259 2119 2535 2176 NOTlTlA
2576 2117 2801 2175 EPIST.
2844 2116 2982 2174 NON
3017 2112 3495 2180 EXSTANTIUM,

2329 2252 2446 2299 QUAE
2475 2249 2548 2291 AD
2581 2248 2908 2289 ΑΝΑδτΑειυιι
2939 2248 3111 2288 PAPAM
3143 2246 3427 2286 ATTINENT.

2409 2422 2507 2487 (Ex
2527 2422 2777 2473 Constant.
2803 2420 2959 2483 Epist.
2984 2418 3125 2468 Rom.
3153 2417 3296 2467 Pont.
3318 2416 3337 2481 )

2155 2508 2203 2562 1.
2229 2508 2490 2560 Anastasii
2516 2506 2584 2559 ad
2625 2505 2910 2559 Paulinum
2936 2514 2981 2557 et
3010 2502 3224 2555 Paulini
3250 2500 3319 2554 ad
3343 2499 3675 2554 Anastasium

2080 2599 2648 2654 (“term—Paulinus
2673 2598 2849 2653 adhuc
2879 2596 3185 2666 presbyter,
3215 2602 3399 2664 postea
3434 2592 3679 2649 Nolanus

2077 2694 2398 2762 episc0pus,
2428 2692 2591 2761 epist.
2639 2692 2742 2755 ΞΟ,
2779 2690 2846 2744 ad
2882 2688 3208 2758 Delphinum
3235 2728 3249 2753 ,
3293 2703 3347 2741 n.
3383 2686 3418 2740 2
3441 2728 3454 2750 ,
3492 2686 3679 2756 plures

2079 2783 2342 2854 epistolas
2362 2826 2376 2849 ,
2407 2800 2528 2855 qua:
2556 2783 2621 2837 ad
2653 2783 3001 2838 Anastasium
3030 2789 3275 2835 nostrum
3300 2780 3531 2833 attinent
3556 2820 3570 2843 ,
3602 2777 3676 2832 si-

2081 2879 2192 2933 mul
2234 2878 2437 2933 indicat
2466 2878 2516 2932 in
2551 2877 2692 2931 hunc
2727 2875 2948 2930 modum
2978 2892 2989 2927 :
3028 2892 3045 2926 ι
3077 2874 3225 2928 Sciat
3256 2873 3542 2927 veneratio
3584 2880 3674 2925 tua

2079 2984 2325 3028 sanctum
2372 2972 2598 3027 fratrem
2649 2983 2801 3026 tuum
2852 2984 3043 3040 papam
3096 2967 3258 3023 Urbis
3318 2965 3676 3020 Anastasium

2079 3065 2515 3120 amantissimum
2546 3078 2669 3119 esse
2694 3062 3018 3117 humilitatis
3043 3071 3264 3115 nostra).
3289 3057 3420 3113 Nam
3446 3056 3533 3111 ubi
3564 3056 3677 3127 pri-

381 3142 673 3198 editionem
709 3142 1071 3213 Epistolarum
1104 3143 1335 3210 Pontif.,
1368 3145 1492 3199 dein
1518 3164 1544 3195 a
1577 3144 1810 3199 Barouio
1837 3145 1900 3198 ad
1921 3160 1971 3199 a.

2082 3175 2229 3214 mum
2260 3166 2585 3228 potestatem
2618 3156 2904 3213 charitatis
2929 3171 3043 3209 sua:
3068 3152 3225 3207 nobis
3256 3149 3551 3206 offerenda:
3580 3148 3678 3203 ha-

380 3233 504 3299 402,
538 3234 677 3305 §26,
715 3245 934 3305 recepta
959 3248 1063 3299 est,
1120 3237 1321 3293 deinde
1358 3239 1410 3293 in
1443 3237 1793 3294 conciliorqu
1851 3236 1979 3292 Col-

382 3326 642 3382 leCIiones
674 3330 943 3397 migravit.
974 3329 1165 3385 Postea
1200 3347 1267 3385 ex
1294 3332 1572 3386 codicibus
1603 3347 1735 3387 mss.
1764 3331 1979 3386 Vatica-

382 3434 453 3475 no
501 3431 553 3474 et
610 3421 989 3478 Bellovacensi
1020 3439 1049 3477 a
1084 3421 1290 3477 Joanne
1336 3422 1591 3479 Gornerio
1636 3424 1782 3480 inter
1808 3438 1976 3495 opera

380 3509 535 3565 Marii
592 3512 910 3568 Mercatoris
954 3516 1041 3569 ed.
1102 3515 1273 3569 Paris.
1338 3517 1498 3583 1675,
1535 3517 1886 3587 partetApp.
1920 3517 1971 3583 l,

381 3602 523 3659 edita
546 3614 651 3671 est,
684 3604 867 3659 addita
900 3622 968 3660 ex
1008 3608 1249 3677 ejusdem
1278 3609 1554 3663 Codicibus
1578 3607 1849 3678 personati
1868 3607 1977 3662 Ru-

380 3702 470 3756 ﬁni
503 3701 840 3772 professione
869 3703 1013 3770 fidei,
1072 3721 1190 3772 qutc
1228 3721 1303 3759 xu
1332 3703 1800 3758 anatltctnatismis
1846 3717 1976 3757 con-

377 3803 504 3850 stat.
538 3792 674 3849 Cum
697 3795 751 3849 in
780 3796 1157 3865 superioribus
1183 3808 1361 3851 autem
1413 3796 1763 3863 editionibus,
1818 3796 1973 3849 sicuti

378 3887 539 3942 etiam
570 3888 624 3941 in
656 3888 1013 3958 sequentibus
1048 3889 1243 3944 faetum
1302 3874 1421 3953 est,’
1460 3891 1510 3943 in
1562 3890 1833 3945 sectiones
1876 3904 1971 3944 seu

378 3982 742 4055 paragrapbos
770 4000 866 4037 sex
891 3984 1064 4039 divisa
1087 3994 1250 4050 esset,
1283 4001 1310 4037 a
1334 3983 1604 4040 Garnerio
1635 3985 1685 4038 in
1710 3999 1780 4039 xu
1809 3984 1975 4053 parti-

376 4077 526 4132 culas
556 4076 811 4133 distincta
833 4088 935 4144 est,
964 4095 1191 4149 quarum
1222 4090 1474 4134 octavam
1506 4080 1739 4136 laceram
1762 4089 1815 4134 et
1846 4094 1970 4134 cor-

375 4182 585 4242 ruptam
614 4173 943 4239 suspicatus,
982 4175 1144 4241 plane
1188 4174 1254 4228 ad
1283 4174 1569 4228 arbitrium
1629 4174 1973 4243 interpolavit

376 4264 749 4320 damnationis
769 4266 1025 4336 Origenis
1046 4278 1098 4321 et
1124 4266 1307 4321 Ruﬁni
1339 4268 1564 4322 formula
1595 4284 1609 4333 ;
1658 4268 1873 4322 tametsi
1920 4268 1969 4322 id

375 4372 479 4413 non
503 4372 571 4414 eo
595 4360 780 4414 animo
805 4358 954 4426 fecit,
980 4370 1038 4414 ut
1066 4361 1304 4416 lcetores
1344 4360 1580 4427 falleret,
1633 4359 1726 4416 sed
1761 4376 1868 4431 quo
1894 4360 1971 4415 ci-

378 4452 481 4507 tius
513 4452 567 4506 in
598 4454 788 4508 oculos
810 4454 1141 4517 incurreret,
1168 4454 1817 4509 verhainsiticiadivcrso
1837 4452 1967 4507 cha-

374 4555 587 4601 ractere
628 4547 995 4602 exscribenda
1046 4547 1261 4602 curavit
1288 4547 1360 4618 (ε)
1392 4558 1447 4603 et
1496 4548 1549 4602 in
1583 4549 1724 4602 notis
1754 4564 1806 4617 p.
1840 4548 1964 4613 112,
1994 4513 2047 4572 D

374 4651 472 4707 pro
492 4638 610 4693 suis
640 4638 884 4708 agnovit,
912 4650 970 4695 et
1002 4640 1161 4695 ﬁdem
1202 4643 1285 4697 eis
1317 4641 1497 4696 facere
1530 4642 1729 4711 triplici
1762 4642 1973 4697 ratione

373 4742 597 4789 conatus
620 4746 727 4799 est,
750 4750 981 4805 quarum
1014 4735 1184 4799 nulla,
1216 4746 1274 4789 ut
1304 4735 1657 4790 Constantius
1687 4745 1894 4801 censet,
1921 4735 1970 4790 id

372 4828 519 4899 quod
572 4829 707 4893 vult,
758 4828 1073 4883 necessario
1115 4828 1360 4893 conﬁcit,
1386 4843 1448 4883 ac
1498 4830 1798 4897 prmsertim
1850 4828 1972 4884 dua:

371 4929 663 4990 postrema:
696 4921 886 4976 verbis
931 4920 1205 4975 Anastasii
1248 4920 1331 4976 vel
1362 4920 1675 4990 depravatis
1706 4921 1791 4976 vel
1840 4937 1962 4992 per-

371 5030 559 5086 peram
634 5015 927 5069 intellectis
994 5013 1544 5084 nituntnrakejecta
1619 5016 1799 5085 itaque
1866 5015 1967 5071 hac

370 5105 829 5176 interpolatione,
865 5106 1131 5176 integram
1182 5105 1250 5161 ad
1294 5105 1547 5162 Carnerii
1611 5114 1665 5160 et
1717 5118 1964 5163 veterum

368 5200 671 5255 editionum
703 5200 1018 5252 varietatem
1072 5198 1255 5252 denuo
1303 5208 1553 5253 exactam
1582 5206 1637 5253 et
1666 5200 1809 5254 notis
1856 5200 1970 5253 suis

368 5303 425 5350 et
448 5292 866 5364 prmmonitione
893 5292 1219 5346 illustratam
1269 5292 1515 5347 exhibuit
1546 5307 1599 5347 a.
1635 5292 1766 5347 1721
1820 5293 1964 5348 Petr.

441 5436 517 5505 (a)
552 5432 790 5487 Fontan.
816 5432 956 5487 Hist.
982 5433 1149 5487 litter.
1182 5433 1363 5505 Aquili.
1395 5434 1490 5489 lib.
1516 5450 1569 5499 v,
1601 5448 1722 5505 cap.
1749 5432 1803 5491 ι.

441 5505 521 5574 (b)
567 5507 619 5559 In
650 5505 790 5558 Coll.
819 5520 956 5558 nova
1014 5505 1212 5559 concil.
1247 5514 1285 5557 t.
1334 5504 1388 5564 Ι.
1434 5520 1487 5573 p.
1525 5504 1681 5558 1457.

442 5576 517 5641 (e)
561 5575 927 5630 Nihilominus
960 5575 1200 5638 fuerunt,
1237 5586 1292 5628 ut
1331 5575 1680 5629 Constantius
1725 5575 1967 5629 animad-

374 5647 562 5710 vertit,
588 5648 750 5716 quiin
781 5647 863 5700 his
891 5647 1256 5712 offenderent,
1275 5646 1420 5714 quod
1446 5647 1587 5700 notis
1616 5647 1734 5711 eius
1758 5662 1861 5701 non
1887 5658 1963 5701 in-

368 5720 575 5788 spectis
596 5718 823 5788 ideoque
856 5716 1226 5772 characterem
1256 5730 1521 5772 mutatum
1555 5718 1878 5788 arbitrantes
1909 5728 1965 5773 ut

369 5783 641 5847 sententia
692 5783 955 5847 adversus
1001 5788 1291 5859 Origeuem
1339 5801 1395 5846 ct
1444 5790 1697 5845 Ruﬁnum
1754 5783 1961 5857 prolata

2077 3252 2210 3308 bere
2234 3253 2398 3322 coepit
2418 3294 2432 3319 ,
2468 3267 2577 3305 non
2608 3251 2785 3305 solum
2816 3248 3098 3316 suscipere
3140 3260 3262 3300 eam
3288 3262 3315 3297 ιι
3347 3243 3537 3307 nobis,
3572 3242 3671 3297 sed

2078 3346 2329 3416 ingerere
2352 3344 2509 3400 nobis
2539 3344 2786 3415 piissima
2821 3341 3111 3396 affectione
3142 3336 3487 3409 properavit.
3541 3334 3675 3389 Nam

2076 3441 2226 3496 brevi
2260 3448 2382 3511 post
2410 3439 2814 3494 ordinationem
2848 3452 3005 3491 suam
3048 3434 3308 3505 epistolas
3347 3432 3415 3487 de
3458 3430 3677 3486 nomine

2078 3544 2267 3589 nostro
2299 3534 2487 3603 plenas
2517 3534 2742 3603 pietatis
2768 3540 2824 3587 et
2852 3531 3001 3601 pacis
3028 3530 3093 3584 ad
3129 3530 3419 3599 episc0pos
3443 3527 3676 3595 Campa-

2078 3632 2183 3686 niae
2222 3632 2399 3693 misit.
2433 3631 2638 3700 quibus
2678 3639 2732 3685 et
2759 3645 2917 3683 suum
2949 3627 3259 3683 declararet
3300 3624 3587 3689 atii-ctum,
3622 3632 3677 3677 et

2076 3724 2199 3778 aliis
2236 3723 2590 3792 benignitatis
2636 3737 2749 3775 su:e
2802 3720 3072 3789 praeberet
3115 3718 3446 3786 exemplum.
3481 3717 3675 3770 Postea

2076 3832 2292 3886 quoque
2319 3814 2646 3883 interposito
2672 3824 2916 3882 tempore
2940 3810 3098 3865 etiam
3123 3809 3187 3863 ad
3211 3808 3456 3862 Natalem
3479 3822 3635 3861 suum
3656 3848 3672 3873 ,

2076 3908 2218 3978 quod
2265 3905 2749 3961 consacerdotibus
2810 3905 2924 3959 suis
2970 3912 3176 3958 tantum
3225 3901 3443 3957 deferre
3493 3900 3672 3966 solet,

2076 3999 2306 4054 invitare
2345 3998 2597 4068 dignatus
2630 4007 2735 4052 est.
2778 3996 2887 4052 Nec
2923 3994 3169 4051 offensus
3206 4004 3289 4050 est
3327 3993 3679 4049 excusatione

2077 4101 2260 4147 nostra
2289 4090 2415 4145 :sed
2434 4090 2671 4144 ofﬁcium
2701 4088 2970 4143 sermonis
2999 4088 3166 4141 nostri
3194 4129 3205 4149 ,
3241 4085 3384 4155 quod
3420 4086 3471 4139 in
3499 4085 3674 4139 vicem

2077 4182 2381 4251 praesentim
2410 4181 2852 4243 reddideramns,
2876 4190 3168 4249 acceptans
3193 4219 3206 4241 ,
3241 4178 3424 4233 animo
3448 4192 3547 4231 nos
3578 4193 3675 4247 pa-

2077 4286 2233 4330 terno
2271 4284 2327 4329 et
2372 4275 2631 4329 absentes
2675 4273 2902 4342 recepit.
2928 4291 2946 4325 ι
2987 4273 3079 4325 llis
3101 4274 3303 4341 quippe
3331 4270 3519 4325 verbis
3544 4284 3678 4339 qna-

2075 4378 2198 4423 tuor
2228 4367 2314 4422 vel
2355 4368 2594 4437 quinque
2629 4376 2887 4420 notantur
2929 4365 3179 4435 epistola:
3213 4382 3225 4417 :
3256 4364 3426 4433 prima
3463 4361 3677 4417 Paulini

2074 4460 2141 4514 ad
2167 4460 2513 4514 Anastasium
2542 4474 2734 4514 recens
2760 4458 3102 4520 ordinatum,
3130 4471 3291 4525 quam
3323 4456 3414 4510 ille
3435 4454 3675 4524 benigne

2074 4553 2343 4623 suscepit;
2388 4552 2558 4608 altera
2591 4551 2898 4614 Anastasii,
2932 4566 3034 4621 qua
3075 4551 3299 4605 Paulino
3334 4549 3677 4605 benevolen-

2076 4645 2205 4698 tiam
2238 4660 2389 4699 snam
2431 4646 2662 4716 ingerere
2688 4658 2750 4698 ac
2778 4644 3016 4699 vicissim
3063 4643 3372 4713 signiﬁcare
3417 4656 3680 4711 pr0pera-

2076 4740 2181 4802 vit;
2202 4726 2365 4792 ‘tertia
2401 4737 2649 4806 ejusdem
2690 4753 2839 4807 papa:
2868 4735 2934 4790 ad
2962 4737 3251 4806 episcopos
3279 4732 3590 4804 Campaniae
3622 4735 3678 4790 in

2071 4832 2299 4903 gratiam
2330 4831 2540 4886 Paulini
2564 4831 2728 4886 missa
2754 4847 2767 4895 ;
2802 4840 3025 4901 quarta,
3052 4844 3156 4899 qua
3189 4826 3511 4883 Anastasius
3539 4826 3681 4882 Pan-

2074 4925 2243 4978 linnm
2269 4923 2336 4979 ad
2358 4923 2604 4979 Natalem
2636 4938 2825 4987 suum,
2854 4938 2951 4977 seu
2981 4921 3047 4976 ad
3072 4921 3510 4975 anniversarium
3529 4920 3681 4975 ordi-

2076 5015 2313 5071 nationis
2362 5030 2477 5071 suae
2518 5015 2660 5069 diem
2709 5014 3009 5080 invitabat,
3055 5022 3109 5068 et
3141 5012 3191 5066 id
3225 5012 3447 5083 quidem
3483 5022 3683 5082 praeter

2076 5126 2324 5175 morem,
2357 5125 2464 5180 quo
2504 5109 2606 5164 soli
2648 5108 3075 5163 consacerdotes
3096 5149 3111 5174 ,
3140 5106 3288 5177 quod
3336 5107 3634 5161 notandum
3664 5149 3678 5172 ,

2079 5204 2182 5258 hoc
2211 5210 2294 5257 est
2340 5202 2619 5272 episcopi,
2650 5215 2759 5255 non
2792 5200 3070 5269 simplices
3103 5199 3414 5270 presbyteri
3460 5198 3682 5253 invitari

2076 5295 2369 5359 solebant;
2425 5302 2701 5364 postrema
2745 5292 2956 5348 Paulini
2996 5291 3062 5346 ad
3119 5292 3466 5346 Auastasium
3504 5333 3519 5355 ,
3574 5304 3677 5360 qua

2075 5432 2289 5489 facilius
2340 5440 2742 5493 secerneretur.
2799 5429 3044 5485 addititia
3076 5428 3325 5485 Garnerii
3359 5430 3522 5500 verba
3575 5447 3675 5500 pro

2074 5506 2325 5632 genuinis
2341 5503 2610 5559 Anastasii
2637 5502 2975 5584 acciperent.
3005 5501 3057 5554 ld
3087 5501 3230 5570 quod
3262 5502 3389 5555 Ant.
3424 5499 3591 5568 Pagio
3619 5505 3673 5559 in

2122 5586 2209 5631 l’ll.
2244 5577 2308 5631 ad
2333 5592 2385 5632 a.
2428 5575 2553 5632 401.
2580 5592 2633 5628 ιι.
2660 5574 2715 5632 9.
2736 5575 2957 5629 acetdtt.

2122 5580 2209 5631 rit.
2244 5577 2308 5631 ad
2333 5592 2385 5632 a.
2428 5575 2553 5634 101.
2580 5592 2633 5628 ιι.
2660 5574 2957 5637 9,accidit.

2146 5649 2226 5719 (d)
2273 5648 2698 5719 llancnotitiam
2752 5644 3055 5703 Constantii
3095 5644 3223 5700 huic
3250 5642 3678 5702 Schoenemanni

2072 5716 2389 5791 subiicimus
2420 5716 2652 5787 (Eum).
