4194 6192
520 233 590 286 59
1725 234 1786 290 s.
1830 215 2264 292 anasras’ms
2299 227 2321 291 t
2357 223 2564 290 Papa.
3743 237 3813 295 eo

513 349 654 424 quod
700 357 951 422 vocatus,
1004 353 1070 410 ad
1113 351 1318 409 Natalis
1361 352 1535 422 ipsius
1573 345 1944 408 celebritatem
1989 352 2101 407 ii'ou
2131 350 2449 413 luendum
2478 355 2818 423 expiet-atina
2847 353 3078 410 haberet
3116 353 3262 409 idem
3303 354 3543 420 Doctor,
3577 354 3643 410 ad
3687 356 3810 411 eam

509 448 910 511 ‘convenisset,
975 437 1297 502 excusabat.
1359 445 1445 500 Ex
1519 445 1774 500 omnibus
1821 444 1938 500 illis
1995 444 2114 513 epi-

520 542 699 606 stolis,
735 551 846 596 tres
869 541 1062 612 primze
1091 539 1241 594 brevi
1277 537 1683 606 postAnaSIasii
1707 537 2115 593 ordinationem

521 631 743 700 scriptae
777 640 1172 696 memorantur,
1205 630 1450 702 adeoque
1479 631 1544 686 ad
1570 634 1770 684 annum
1803 627 1911 686 599
1945 632 2116 699 perti-

523 735 674 778 nent.
710 724 789 778 Ad
822 723 1066 793 ejusdem
1092 735 1307 794 quoque
1329 723 1458 777 anni
1483 722 2009 794 exitum‘referendm
2040 723 2121 777 vi-

519 818 717 874 dentur
748 819 868 873 dua:
895 815 1016 873 aliae
1038 860 1053 884 ,
1085 827 1272 888 utpote
1296 833 1417 888 qua:
1447 817 1664 888 scripta:
1692 819 1800 872 sint
1830 817 2120 871 occasione

520 911 892 970 solemnitatis
925 915 1346 980 anniversarize,
1387 925 1492 985 qua
1543 914 1868 969 redeuntem
1901 911 2120 968 ordina-

515 1007 685 1063 tionis
712 1023 822 1062 suae
849 1005 994 1062 diem
1027 1005 1345 1062 Anastasius
1368 1005 1694 1063 celebravit.

1286 1097 1351 1154 li.

590 1187 644 1246 2.
664 1190 861 1262 Anysio
888 1191 1022 1245 vices
1049 1206 1170 1245 suas
1198 1192 1251 1245 in
1274 1187 1489 1261 Illyrico
1519 1191 2120 1262 committit.—Scripsit

524 1281 580 1338 et
611 1282 936 1338 Anastasius
959 1283 1023 1338 ad
1059 1285 1318 1355 Anysium
1340 1281 1886 1340 Thessalonicensem
1910 1286 2121 1356 episco-

525 1395 675 1449 pum,
702 1394 811 1450 quo
833 1383 1034 1446 omnia,
1065 1395 1184 1449 quae
1210 1379 1260 1432 iu
1280 1377 1477 1450 Illyrici
1504 1377 1748 1448 partibus
1771 1385 2116 1449 gererentur,

520 1473 569 1526 ei
619 1473 996 1542 cognoscenda
1043 1475 1428 1528 eomntitteret.
1486 1470 1653 1542 Cujus
1696 1473 1774 1529 rei
1819 1475 1975 1529 testis
2028 1463 2119 1530 ln-

524 1569 806 1622 nocentius
857 1569 1017 1637 epist.
1056 1569 1078 1621 i
1116 1567 1256 1623 idem
1298 1567 1474 1623 eidem
1521 1567 1725 1637 Anysio
1765 1575 1966 1622 'tnunus
2017 1569 2120 1624 de-

525 1659 746 1731 legans,
771 1659 876 1716 hoc
901 1663 951 1717 ei
986 1661 1199 1718 deferre
1236 1678 1295 1716 se
1347 1663 1451 1728 ait,
1495 1681 1512 1714 ‹
1540 1661 1680 1731 quod
1721 1663 1854 1716 tanti
1889 1677 1952 1717 ac
1984 1664 2120 1720 tales

523 1751 960 1825 prmdecessoros
983 1755 1088 1809 mei
1120 1753 1362 1823 episcopi
1387 1795 1400 1817 ,
1428 1752 1481 1808 id
1511 1760 1596 1808 est
1621 1764 1820 1808 sauctte
1844 1755 2122 1810 memorim

525 1835 821 1908 Damasus,
862 1845 1090 1902 Siricius
1121 1857 1284 1916 atque
1307 1847 1468 1915 supra
1497 1856 1830 1900 memoratus
1853 1847 1934 1900 vir
1957 1848 2123 1913 (Ana-

521 1937 744 2005 stasius)
794 1937 1127 1992 detulerunt.
1159 1957 1176 1988 ι
1232 1937 1301 1990 Ει
1332 1937 1448 1991 hmc
1488 1935 1706 2006 quidem
1739 1945 1927 1993 notatu
1961 1937 2122 2008 digna

523 2043 651 2087 sunt
703 2031 1003 2086 Innocentii
1055 2033 1243 2087 verba.
1295 2031 1423 2086 lude
1469 2032 1614 2087 enim
1663 2032 1984 2099 coniicitur,
2043 2034 2122 2088 vi-

525 2128 658 2182 carii
715 2125 1033 2196 apostolicae
1076 2123 1225 2182 sedis
1257 2127 1311 2181 iu
1357 2125 1790 2197 Illyricomunus
1819 2127 1981 2183 alicui
2007 2129 2121 2199 epi-

528 2235 693 2289 scopo
722 2220 1194 2276 Thessalonicensi
1227 2221 1396 2277 semel
1424 2221 1722 2287 collatum,
1756 2223 1924 2277 tOties
1968 2223 2124 2278 inno-

523 2313 640 2366 vari
671 2312 956 2380 debuisse,
982 2315 1195 2383 quoties
1223 2330 1394 2368 novus
1437 2313 1698 2369 Romana:
1732 2317 1878 2374 sedis
1919 2317 2124 2387 prmsul

521 2416 822 2459 crearetur.
856 2405 951 2459 liae
982 2405 1464 2460 Anastasiilitterae
1490 2421 1601 2460 non
1625 2409 1787 2477 longe
1815 2415 1938 2477 post
1970 2408 2124 2463 initia

521 2495 870 2564 pontificatus
899 2496 1020 2566 ejus
1050 2496 1301 2551 videntur
1329 2495 1668 2553 differendae.

1288 2589 1376 2644 lli.

594 2679 648 2735 ὅ.
671 2677 892 2734 Joannis
910 2679 1137 2736 Jerosol.
1163 2680 1232 2735 ad
1256 2679 1592 2736 Anastasium
1614 2684 1833 2752 epistola
1857 2683 1922 2739 de
1942 2682 2126 2753 Ruﬁni

521 2772 744 2824 nomine.
771 2802 840 2813 -—
867 2771 1157 2827 Anastasio
1198 2772 1454 2842 pontifice
1497 2775 1758 2844 contigit,
1805 2784 1862 2828 ut
1894 2773 2124 2830 Rufinus

525 2865 694 2921 libros
717 2868 969 2938 Origenis
997 2870 1117 2946 περὶ
1145 2867 1348 2944 ’Λρχῶν
1384 2868 1654 2922 latinitate
1684 2868 1934 2922 donaret.
1969 2867 2125 2924 Unde

521 2958 704 3028 plures
731 2959 994 3015 adversus
1038 2960 1388 3028 interpretem
1419 2958 1701 3026 commoti,
1734 2965 1859 3016 eum
1883 2957 2120 3014 Anasta-

519 3049 584 3103 sii
613 3051 937 3105 auctoritate
969 3050 1378 3118 reprimendum
1401 3059 1758 3105 censuerunt.
1786 3050 1939 3106 Tunc
1959 3050 2124 3106 Joan-

2219 450 2524 519 respiciehs
2557 439 2717 516 epist.
2741 437 2811 505 78
2831 492 2846 517 ,
2877 450 2944 506 a‘d
2970 450 3380 506 Pammachium
3405 460 3458 505 et
3481 441 3815 520 Marcellam,

2216 543 2442 613 scripsit
2475 561 2487 597 :
2523 539 2729 600 tOrate
2752 543 2916 614 igitur
2942 544 3255 610 Dominum,
3287 551 3442 599 ut....
3477 544 3821 613 pra-dictatio-

2223 641 2345 694 nem
2385 655 2600 710 quoque
2632 639 2908 695 cathedra:
2941 639 3109 695 Marci
3147 638 3516 708 Evangelistte
3560 639 3821 694 cathedra

2221 729 2369 788 Petri
2400 733 2631 803 apostoli
2656 747 2750 788 sua
2772 733 3162 801 praedicatione
3189 733 3507 799 confirmet,
3533 747 3554 785 ι
3581 732 3686 787 hoc
3707 742 3817 800 est,

2223 836 2283 881 ut
2313 827 2364 881 in
2396 828 2630 898 Origene
2659 826 3076 882 condemnando
3122 825 3442 880 Anastasius
3487 840 3610 880 cum
3640 825 3824 880 Theo-

2224 919 2373 988 philo
2413 920 2737 974 consentiat.
2787 918 2878 973 His
2920 929 3100 974 tamen
3134 919 3354 986 subjicit
3389 935 3402 971 :
3442 917 3821 987 (Quamquam

2223 1010 2423 1064 celebri
2444 1025 2699 1066 sermone
2723 1011 2998 1080 vulgatum
3021 1010 3121 1075 sit,
3147 1012 3364 1065 beatum
3389 1025 3604 1080 quoque
3625 1025 3823 1079 papam

2223 1100 2567 1157 Anastasium
2595 1102 2787 1158 eodem
2835 1101 3074 1170 fervore,
3109 1103 3232 1171 quia
3261 1100 3454 1157 eodem
3486 1101 3679 1172 Spiritu
3706 1114 3823 1169 est,

2222 1193 2504 1250 latitantes
2540 1195 2593 1248 in
2639 1193 2815 1250 foveis
2862 1195 3150 1251 haereticos
3195 1203 3568 1266 persecutum,
3599 1196 3824 1267 ejusque

2223 1282 2420 1338 litterae
2464 1283 2701 1339 doceant
2746 1285 3063 1340 damnatum
3107 1286 3160 1340 in
3212 1286 3549 1352 Occidente,
3595 1291 3738 1358 quod
3768 1288 3823 1343 in

2223 1373 2443 1433 Oriente
2466 1379 2779 1434 damnatum
2808 1387 2913 1435 est.
2942 1397 2960 1433 ι
2997 1379 3206 1449 Quibus
3239 1381 3420 1436 verbis
3445 1394 3551 1437 non
3585 1383 3823 1439 obscure

2227 1465 2430 1524 indicat
2449 1469 2837 1543 Hieronymus,
2861 1470 3133 1528 Anastasii
3157 1471 3273 1528 sive
3293 1474 3359 1527 ad
3383 1473 3680 1530 Venerium
3706 1471 3817 1530 Me-

2226 1562 2600 1619 diolanensem
2631 1609 2645 1634 ,
2699 1565 2815 1620 sive
2865 1566 2930 1620 ad
2985 1565 3250 1621 Joannem
3297 1566 3820 1639 Jerosolymitanum

2227 1654 2486 1710 adversus
2516 1656 2804 1727 Origenem
2845 1657 3056 1714 litteras
3096 1660 3207 1726 jam
3243 1667 3354 1713 tum
3387 1660 3602 1729 quidem
3646 1659 3818 1717 fuisse

2157 1739 2198 1797 li
2230 1747 2461 1818 scriptas
2483 1790 2496 1815 ,
2530 1749 2626 1804 sed
2657 1765 2846 1806 earum
2883 1751 3131 1805 uetitiam
3156 1750 3387 1806 necdum
3419 1749 3484 1806 ad
3515 1767 3574 1807 se
3605 1753 3708 1806 nisi
3753 1757 3820 1807 ex

2229 1843 2447 1896 rumore
2500 1843 2834 1911 pervenisse.
2896 1841 3050 1898 U'nde
3107 1844 3271 1914 liquet
3339 1843 3478 1899 hanc
3531 1841 3819 1915 Tbe0phili

2227 1933 2513 2003 epistolam
2551 1933 2823 2003 przedictis
2849 1934 2914 1988 ad
2947 1933 3238 1991 Venerium
3261 1944 3355 1990 aut
3383 1934 3645 1991 Joannem
3675 1935 3821 1992 litte-

2229 2025 2302 2079 ris
2322 2025 2679 2081 ‘recemiorem
2714 2042 2818 2082 non
2851 2041 2993 2083 esse.

2984 2118 3071 2175 Vi.

2298 2208 2353 2264 ὃ.
2392 2207 2630 2280 Afrorum
2662 2211 2730 2265 ad
2781 2211 3111 2267 Anastasium
3159 2213 3347 2268 litterae
3394 2227 3455 2267 ac
3509 2213 3720 2284 legatio.
3752 2245 3822 2254 —

2227 2300 2384 2358 Auno
2412 2303 2541 2370 401,
2563 2303 2711 2359 Junii
2736 2305 2801 2361 IS
2833 2307 2920 2361 die
2940 2348 2953 2371 ,
2989 2306 3106 2362 Afri
3133 2306 3463 2379 Carthagine
3486 2307 3820 2379 congregati,

2227 2405 2392 2450 unum
2423 2407 2491 2450 ex
2531 2403 2912 2467 episcOporum
2947 2411 3174 2455 numero
3217 2400 3526 2472 eligendum
3555 2401 3820 2457 decreveo

2229 2500 2383 2557 runt,
2423 2492 2559 2562 tqui
2612 2501 2720 2546 tam
2766 2493 3060 2549 venerabili
3107 2503 3300 2549 sancto
3352 2494 3506 2549 fratri
3538 2493 3823 2550 Anastasio

2227 2582 2372 2636 sedis
2399 2583 2716 2652 apostolicm
2745 2586 3027 2656 episcOpo,
3057 2601 3218 2656 quam
3247 2587 3412 2642 etiam
3451 2596 3640 2642 sancto
3668 2585 3822 2643 fratri

2232 2672 2462 2728 Venerio
2489 2674 2758 2729 sacerdoti
2789 2675 3209 2732 Mediolanensis
3241 2677 3488 2732 ecclesia
3515 2695 3534 2729 ι
3573 2679 3819 2734 necessi-

2229 2772 2392 2817 θεὼ-ιιι
2418 2774 2472 2819 ct
2497 2767 2734 2836 inopiam
2766 2767 3114 2832 clericorum,
3141 2779 3246 2838 qna
3273 2768 3520 2823 ecclesia:
3552 2767 3823 2823 Africana:

2229 2857 2586 2926 laborabant,
2615 2860 2928 2927 intimaret,
2963 2871 3282 2931 peteretque
3312 2870 3370 2917 ut
3403 2861 3694 2932 parvulos,
3729 2861 3823 2933 qui

2229 2951 2366 3020 apud
2397 2953 2681 3007 haereticos
2712 2953 2924 3009 fuerant
2949 2953 3214 3022 baptizati
3235 2996 3249 3018 ,
3281 2970 3609 3026 promovere
3634 2954 3688 3009 in
3714 2953 3824 3009 cic-

2228 3059 2348 3102 rum
2381 3050 2484 3104 sibi
2517 3048 2725 3106 liceret.
2761 3050 2915 3119 Quod
2964 3051 3087 3105 ideo
3134 3051 3236 3106 sibi
3286 3052 3353 3106 ab
3382 3051 3490 3106 illis
3529 3050 3822 3121 petendum

521 3157 620 3196 nes
677 3142 1169 3214 Jcrosolymitanus
1227 3145 1457 3197 antistes
1490 3158 1528 3205 ,v
1565 3157 1660 3196 seu
1713 3141 1882 3197 variis
1931 3159 2118 3197 rumo-
2150 3117 2196 3180 Ε
2231 3142 2432 3198 duxere
2478 3160 2497 3193 ε
2520 3143 2672 3213 quia,
2707 3143 2991 3214 inquiunt,
3024 3158 3089 3200 ex
3122 3143 3204 3199 his
3231 3143 3452 3200 sedibus
3473 3186 3486 3209 ,
3511 3162 3530 3197 ι
3565 3160 3594 3199 a
3626 3144 3824 3200 Siricio

521 3233 673 3288 ribus
697 3233 764 3288 de
788 3234 986 3288 Rufino
1007 3234 1307 3304 dissipatis,
1331 3249 1429 3289 seu
1459 3234 1633 3303 ipsius
1657 3234 1834 3288 lluiini
1866 3235 2124 3305 precibus

520 3327 867 3394 emnpnlsus,
902 3327 1121 3380 beatum
1155 3341 1346 3396 papam
1389 3326 1458 3382 de
1500 3327 1602 3382 hoc
1645 3327 1970 3398 presbytero
1995 3328 2125 3397 quid

521 3428 774 3473 censoret
810 3460 824 3484 ,
871 3420 1170 3475 consuluit.
1209 3419 1266 3474 in
1308 3419 1391 3474 his
1436 3421 1632 3476 litteris
1675 3421 1919 3477 Joannes
1967 3437 2123 3477 sum-

527 3511 632 3564 mis
658 3511 908 3566 laudibus
938 3511 1281 3566 Auastasium
1311 3512 1629 3579 extollebat,
1650 3515 1727 3569 uti
1759 3529 1824 3569 ex
1851 3515 2122 3585 superiori

524 3607 758 3676 epistola
803 3606 875 3671 2,
905 3607 1083 3662 eidem
1133 3609 1358 3663 antistiti
1409 3608 1476 3662 ab
1518 3610 1809 3664 Anastasio
1861 3609 2123 3680 rescripta

521 3698 782 3770 colligere
810 3708 914 3755 est.

1291 3793 1381 3852 iV.

599 3886 654 3941 4.
709 3886 968 3941 Anastasii
1019 3886 1088 3940 ad
1149 3885 1420 3942 Venerium
1476 3887 1694 3944 Mediol.
1745 3888 1990 3959 cpistola.
2058 3917 2126 3928 —

524 3977 721 4032 Joauni
747 3976 1208 4048 Jcrosolymitano
1231 3979 1545 4034 rescribcns
1574 3979 1926 4046 Anastasius,
1960 3979 2126 4036 simul

529 4074 630 4142 ipsi
665 4074 880 4128 mittere
922 4088 982 4128 se
1025 4082 1176 4128 notat
1217 4074 1508 4142 epistolam
1557 4089 1587 4128 a
1625 4089 1688 4130 se
1726 4073 1794 4129 ad
1835 4075 2126 4132 Venerium

528 4164 988 4220 Mediolanensem
1022 4165 1340 4237 episcopum
1369 4165 1663 4237 scriptam,
1707 4166 1762 4223 in
1803 4183 1906 4237 qua
1937 4169 2128 4241 Orige-

533 4259 617 4314 nis
643 4258 812 4314 libros
837 4273 1064 4314 recenSa
1080 4258 1278 4313 Rufino
1303 4258 1492 4315 Latine
1513 4274 1808 4316 conversos
1828 4277 1990 4332 quam
2014 4263 2130 4318 esi-

531 4352 699 4406 tiosos
718 4360 998 4419 censeret,
1024 4351 1342 4425 diligentiori
1368 4367 1494 4408 cura
1517 4353 1826 4424 explicabat
1847 4351 2041 4426 (Epist.
2067 4355 2124 4420 2,

529 4463 585 4500 n.
617 4445 699 4516 ὅ).
729 4443 884 4500 Unde
931 4446 1194 4516 suspicari
1227 4455 1332 4512 est,
1368 4449 1530 4502 etiam
1561 4463 1592 4502 a
1622 4445 1862 4504 Venerio
1891 4446 2124 4503 Anasta-

526 4537 667 4592 sium
697 4537 766 4592 de
798 4537 990 4594 iisdem
1023 4538 1174 4594 libris
1201 4539 1367 4595 fuisse
1397 4539 1727 4596 consultum.
1776 4539 1941 4595 Forte
1980 4541 2127 4596 circa

530 4627 672 4684 idem
707 4639 919 4699 tempus
946 4628 1271 4687 Anastasius
1293 4648 1320 4686 a
1349 4631 1558 4688 Joanne
1578 4641 1742 4704 atque
1768 4632 2003 4689 Venerio
2031 4648 2126 4690 ea-

527 4719 650 4775 dem
680 4720 750 4776 de
788 4735 949 4777 causa
967 4724 1249 4778 consultus
1266 4725 1428 4779 simul
1448 4727 1611 4780 etiam
1636 4724 1701 4780 ad
1730 4734 2019 4796 utrumque
2043 4742 2127 4782 re"-

526 4828 726 4882 sponsa
757 4813 937 4881 dedit,
972 4824 1026 4870 et
1057 4815 1202 4885 quod
1237 4819 1326 4871 uni
1355 4817 1744 4888 respondebat,
1777 4817 2025 4888 epistola:
2046 4819 2126 4874 al-

530 4907 626 4961 teri
655 4907 932 4977 rescriptae
959 4910 1384 4966 subnectendum
1415 4913 1642 4967 curavit.

598 5088 650 5142 5.
686 5088 963 5159 TheOphili
1001 5094 1346 5150 Alexandrini
1372 5096 1440 5151 ad
1470 5099 1798 5153 Anastasium
1829 5099 2035 5156 litterae.
2059 5131 2129 5141 —

532 5182 900 5256 Ilieronymus
927 5187 1088 5254 epist.
1132 5188 1223 5252 7i,
1251 5189 1318 5243 ad
1350 5189 1708 5261 Theophilum
1729 5234 1742 5255 ,
1775 5208 1842 5248 ex
1882 5193 1977 5248 Dei
2009 5193 2126 5249 dis-

529 5280 852 5349 pensatione
883 5290 1074 5349 putare
1098 5297 1156 5336 se
1177 5283 1256 5338 ait
1277 5282 1513 5350 factum,
1546 5295 1604 5340 ut
1627 5301 1694 5342 eo
1720 5296 1989 5357 tempore,
2019 5292 2128 5359 duo

527 5371 642 5441 ipse
666 5371 1027 5441 Hieronymus
1054 5373 1316 5442 epistolas
1345 5374 1608 5432 adversus
1633 5377 1922 5448 Origenem
1942 5381 1993 5433 in
2019 5379 2128 5433 0c-

528 5463 807 5520 cidentem
845 5465 1091 5531 miserat,
1116 5478 1308 5520 contra
1335 5467 1582 5522 eumdem
1612 5484 1828 5540 quoque
1855 5463 2135 5539 Theophi-

526 5557 612 5612 lus
643 5558 710 5614 ad
747 5558 1096 5613 Anastasium
1133 5575 1328 5630 papam
1363 5565 1675 5631 scriberet,
1701 5574 1764 5620 ac
1789 5571 1944 5621 suam
1965 5565 2136 5636 ipsius

531 5652 864 5710 sententiam
909 5652 1165 5708 nesciens
1217 5654 1584 5715 confirmaret.
1641 5656 1779 5730 Quid
1834 5661 1966 5713 vero
2022 5655 2138 5716 haec

536 5737 828 5821 Theophili
856 5744 1088 5844 epistola
1125 5747 1280 5826 apud
1303 5749 1649 5845 Atiastasiutn
1679 5749 1950 5830 effecisset
1975 5791 1988 5825 ,
2015 5765 2139 5814 cum

2227 3236 2481 3290 nimirum
2504 3245 2558 3290 ct
2583 3235 2873 3290 Ambrosio
2893 3279 2907 3302 ,
2939 3255 2957 3288 ι
2982 3236 3085 3292 hoc
3112 3235 3290 3292 fuerat
3322 3236 3674 3307 prohibitum.
3699 3255 3718 3286 ι

2971 3330 3080 3385 VII.

2300 3423 2353 3476 7.
2385 3424 2646 3478 Anastasii
2698 3424 2881 3479 littera
2923 3425 2991 3478 ad
3037 3424 3212 3494 Afros.
3257 3454 3328 3466 -—
3357 3422 3652 3494 Aliquanto
3702 3429 3826 3492 post

2229 3511 2341 3579 Afri
2387 3511 2455 3569 ah
2491 3514 2782 3572 Anastasio
2819 3517 3027 3573 litteras
3059 3527 3414 3586 acceperunt,
3449 3518 3643 3586 quibus
3670 3531 3823 3570 suam
3878 3547 3884 3551 -

2227 3614 2354 3679 erga
2386 3621 2481 3664 eos
2515 3609 2948 3665 benevolentiam
2983 3621 3034 3664 et
3068 3623 3346 3678 paternam
3388 3622 3486 3679 pro
3514 3623 3701 3662 eorum
3733 3623 3822 3662 ec-

2227 3701 2392 3755 clesia
2418 3702 2843 3759 sollicitudinem
2877 3701 3218 3757 ostendebat.
3254 3704 3599 3767 Quapropter
3630 3698 3825 3755 eodem

2230 3799 2373 3847 anno
2402 3793 2530 3859 401,
2563 3794 2906 3862 Septembris
2939 3794 3004 3847 15
3034 3793 3156 3858 die,
3190 3798 3404 3845 rursum
3432 3791 3825 3864 Carthaginem

2229 3886 2647 3951 convenientes,
2673 3885 2879 3940 litteras
2903 3885 3026 3939 illas
3047 3883 3152 3939 sibi
3181 3885 3421 3951 recitari,
3449 3893 3506 3940 et
3531 3902 3641 3956 quo
3668 3895 3826 3956 pacto

2231 3972 2355 4027 illas
2385 3975 2732 4044 receperint,
2767 3974 3122 4046 synodalibus
3153 3975 3322 4040 gestis
3356 3977 3406 4030 in
3440 3977 3579 4032 hunc
3605 3977 3825 4034 modum

2233 4067 2474 4122 mandari
2522 4076 2824 4123 curarunt:
2861 4083 2880 4121 α
2910 4068 3173 4124 Recitatis
3226 4069 3476 4140 epistolis
3526 4070 3826 4127 beatissimi

2230 4159 2415 4215 fratris
2465 4170 2520 4215 et
2565 4161 2980 4217 consacerdotis
3035 4162 3206 4215 nostri
3266 4162 3528 4216 Anastasii
3569 4161 3827 4218 Ecclesia:

2230 4255 2490 4312 Romamn
2533 4253 2772 4326 episcopi
2797 4298 2810 4320 ,
2856 4253 3049 4324 quibus
3089 4269 3190 4309 nos
3214 4265 3460 4325 paterna:
3485 4266 3537 4310 et
3572 4254 3827 4309 fraterna-

2230 4354 2516 4410 cliaritatis
2543 4351 2916 4408 sollicitudine
2939 4364 3002 4405 ac
3033 4349 3347 4405 sinceritate
3369 4349 3690 4404 adhortatus
3719 4359 3827 4413 est,

2232 4459 2291 4503 ut
2316 4447 2386 4502 de
2417 4447 2798 4502 haereticorum
2830 4452 2884 4500 et
2912 4442 3381 4499 schismaticorutn
3417 4442 3825 4497 Donatistarum

2232 4540 2443 4597 insidiis
2473 4547 2526 4594 et
2557 4537 3027 4608 improbitatibus,
3062 4534 3257 4606 quibus
3289 4533 3603 4589 Africanam
3639 4535 3828 4588 Eccle-

2231 4633 2366 4689 siam
2389 4631 2712 4686 catholicam
2750 4631 2987 4700 graviter
3019 4637 3254 4695 vexant,
3293 4628 3443 4684 nullo
3470 4627 3634 4682 modo
3664 4626 3829 4681 dissi-

2235 4727 2499 4782 mulemus
2526 4743 2537 4778 :
2569 4725 2772 4795 gratias
2801 4724 3014 4794 agimus
3048 4723 3302 4784 Domino,
3335 4720 3477 4790 quod
3512 4720 3589 4774 illi
3620 4720 3858 4790 optimo-

2232 4835 2295 4876 ac
2331 4828 2520 4875 sancto
2567 4818 2798 4874 antistiti
2829 4829 2930 4874 suo
2963 4827 3073 4872 tam
3123 4819 3264 4886 piam
3298 4827 3486 4871 curam
3530 4828 3630 4885 pro
3657 4824 3828 4870 mem—

2231 4914 2343 4969 bris
2371 4913 2568 4968 Christi
2597 4909 2843 4983 quamvis
2873 4911 2925 4964 in
2953 4909 3270 4965 diversitate
3297 4916 3570 4962 terrarum
3593 4949 3608 4973 ,
3646 4906 3740 4962 sed
3777 4907 3828 4960 in

2233 5022 2336 5062 una
2359 5019 2618 5076 compage
2645 5003 2890 5072 corporis
2914 5002 3247 5066 constitutis,
3275 5000 3548 5070 inspirare
3571 5001 3829 5070 dignatus

2233 5109 2335 5156 est.
2366 5115 2384 5151 ι
2427 5099 2570 5153 Istud
2595 5113 2723 5153 vero
2750 5109 2872 5152 cum
2907 5094 3040 5164 grati
3087 5094 3255 5147 animi
3312 5090 3719 5163 significatione
3749 5099 3834 5144 re-

2232 5192 2509 5256 colentes,
2563 5197 2629 5242 ‘au
2660 5185 2997 5242 concesserit
3027 5183 3382 5248 Anastasius,
3434 5181 3579 5252 quod
3606 5181 3674 5234 ab
3714 5181 3834 5252 ipso

2234 5282 2301 5338 de
2330 5281 2512 5352 pueris
2543 5281 2594 5334 in
2621 5280 2811 5334 Donati
2843 5287 2995 5348 parte
3025 5276 3318 5348 baptizatis
3347 5273 3706 5344 quaerendum
3739 5271 3834 5324 dc-

2236 5383 2549 5440 crcverant,
2577 5373 2759 5427 silent.
2783 5371 2849 5425 At
2876 5370 3016 5440 quod
3047 5371 3301 5440 petebant
3329 5412 3340 5432 ,
3371 5370 3503 5438 ipsis
3530 5381 3558 5420 a
3585 5365 3671 5436 pio
3697 5380 3832 5436 papa

2241 5469 2565 5539 permissum
2611 5467 2763 5532 esse,
2816 5462 3073 5532 colligere
3123 5472 3204 5516 est
3249 5477 3314 5516 ex
3361 5453 3589 5531 epistola
3631 5458 3697 5512 de
3728 5475 3833 5528 qua

2242 5576 2384 5618 nunc
2413 5559 2568 5616 nobis
2593 5567 2678 5616 est
2707 5557 2998 5629 agendum.

2973 5645 3105 5705 νιιι.

2320 5754 2373 5816 8.
2406 5753 2538 5816 Alite
2561 5755 2809 5829 Afrorum
2829 5754 2898 5812 ad
2922 5750 3255 5812 Anastasium
3279 5740 3670 5813 littera—Nisi
3696 5741 3839 5832 obti-
