4200 6180
404 268 465 323 (il
1773 266 2312 325 PROLEGOMENA.
3628 264 3704 322 62

400 384 654 436 tulissent
684 380 797 436 Afri
839 379 983 452 quod
1035 380 1084 434 in
1116 395 1407 450 puerorum
1454 379 1841 451 praedictorum
1880 395 2005 452 gra-
2034 384 2082 445 Α
2110 384 2281 440 simus
2308 397 2471 453 papa,
2505 392 2564 438 ut
2587 398 2753 451 supra
2776 398 2897 455 pag.
2924 382 3051 448 “5:28,
3078 400 3130 437 ιι.
3160 382 3216 448 5,
3251 382 3507 449 vidimus,
3536 381 3711 439 schis-

405 479 538 531 tiam
572 475 859 546 petierant,
895 474 1078 529 nullus
1108 473 1395 529 videbatur
1422 474 1572 528 locus
1619 474 1772 528 novis
1814 488 2003 529 eorum

403 570 474 625 ad
506 568 756 624 eumdem
787 582 977 639 papam
1011 568 1234 633 litteris,
1259 578 1420 639 atque
1450 567 1577 623 huic
1621 569 1779 625 alteri
1804 570 2007 625 consti-

409 664 625 732 tutioni,
652 677 755 731 qua
786 662 981 717 eodem
1008 661 1062 716 in
1100 661 1334 737 concilio
1363 670 1663 716 sanxerunt
1692 680 1707 715 :
1745 680 1763 713 ι
1802 660 2006 716 Placuit

406 764 470 811 ut
490 756 682 810 littera:
706 754 986 809 mittantur
1006 753 1070 807 ad
1093 752 1293 808 fratres
1311 763 1367 808 et
1386 753 1743 824 coepiscopos
1764 762 2003 818 nostros,

407 859 463 903 et
490 849 722 903 maxime
751 847 819 903 ad
861 846 1048 903 sedem
1100 847 1483 919 apostolicam,
1514 847 1567 901 in
1599 861 1704 916 qua
1755 844 2009 916 prazsidet

404 951 744 1000 memoratus
775 942 1109 998 venerabilis
1142 941 1309 997 frater
1329 953 1385 997 et
1412 943 1621 1012 collega
1645 950 1827 996 noster
1858 940 2006 996 ANA-

405 1049 645 1100 susws,
666 1048 777 1104 quo
808 1034 1024 1089 noverit
1045 1033 1250 1089 habere
1271 1033 1511 1089 Africam
1542 1047 1793 1103 magnam
1825 1048 2011 1087 neces-

404 1129 647 1195 sitatem,
680 1137 905 1199 prepter
936 1126 1201 1183 Ecclesiae
1228 1141 1416 1197 pacem
1448 1135 1501 1182 et
1532 1126 1840 1191 utilitatem,
1875 1135 1931 1180 ut
1956 1135 2009 1181 et

406 1222 543 1293 ipsis
575 1219 891 1287 DonatiSIis,
927 1220 1254 1291 quicumque
1280 1219 1466 1274 clerici
1496 1228 1745 1275 correcto
1777 1218 2010 1274 consilio

406 1311 471 1366 ad
496 1311 815 1368 catholicam
848 1312 1116 1367 unitatem
1142 1312 1375 1366 transire
1396 1312 1687 1377 voluerint,
1706 1310 2008 1367 secundum

408 1403 837 1477 uniuscujusque
876 1402 1116 1474 episcopi
1165 1403 1416 1458 catholici
1457 1402 1794 1457 voluntatem
1850 1411 2011 1471 atque

408 1496 725 1562 consilium,
759 1496 852 1565 qui
881 1495 932 1549 in
952 1495 1144 1550 eodem
1168 1494 1291 1550 loco
1319 1495 1589 1566 gubernat
1620 1495 1942 1561 Ecclesiam,
1965 1494 2011 1549 si

411 1588 511 1643 hoc
557 1587 675 1657 paci
704 1586 1034 1642 Christianae
1062 1585 1324 1657 prodesse
1363 1590 1539 1641 visum
1582 1584 1770 1651 fuerit,
1803 1586 1854 1640 in
1900 1586 2012 1641 suis

402 1678 707 1735 honoribus
738 1679 1103 1749 suscipiantur
1151 1679 1317 1751 (sicut
1346 1679 1619 1749 prioribus
1651 1679 1893 1748 ejusdem
1925 1678 2011 1733 di-

2108 478 2268 533 matis
2313 476 2568 533 radicitus
2596 476 2934 547 exstirpandi
2965 476 3139 547 gratia
3166 475 3550 541 constituerat,
3582 476 3712 530 utin

2110 568 2266 636 locis,
2296 568 2349 624 in
2381 569 2577 639 quibus
2601 568 2707 623 duo
2732 581 2897 624 erant
2922 566 3190 637 episcopi,
3222 582 3366 622 unus
3401 566 3714 622 schismati-

2107 675 2228 726 cus,
2256 660 2391 715 alter
2434 660 2766 725 catholicus,
2811 660 2901 715 ille
2929 660 3347 715 conﬁrmaretur
3396 659 3491 729 qui
3520 659 3715 715 fuisset

2108 751 2388 807 ordinatus
2421 753 2591 822 prior,
2615 763 2668 807 et
2688 753 2844 805 alteri
2877 752 3027 818 plebs
3054 751 3160 805 alia
3186 751 3423 822 regenda
3454 751 3718 822 provide-

2109 856 2282 901 retur.
2307 845 2411 900 Sed
2445 846 2535 900 ubi
2560 845 2750 900 aberat
2782 845 3004 899 unitatis
3032 845 3431 915 compensatio,
3462 846 3546 900 lex
3574 845 3718 915 pris-

2111 938 2219 993 tina
2247 938 2315 993 de
2348 952 2453 993 non
2500 935 2785 991 servandis
2828 935 3153 1002 honoribus,
3188 945 3248 989 ut
3296 937 3348 991 in
3399 936 3715 993 Innocentio

2110 1032 2339 1103 aliisque
2358 1030 2704 1102 pontiﬁcibus
2732 1029 2893 1084 visuri
2923 1044 3133 1095 sumus,
3159 1030 3371 1100 integra
3400 1029 3714 1101 illibataque

2114 1124 2433 1197 permansit.

2860 1213 2954 1269 1x.

2188 1310 2273 1365 10.
2308 1308 2569 1363 Anastasii
2601 1308 2833 1375 epistola:
2862 1316 3044 1360 contra
3074 1303 3325 1373 Ruﬁnum
3367 1304 3423 1358 in
3452 1304 3715 1360 Orientem

2113 1404 2301 1456 niissce.
2338 1432 2406 1442 —
2438 1401 2804 1471 Hieronymus
2849 1414 2915 1454 eo
2947 1398 3068 1468 ipso
3103 1413 3268 1462 anno,
3299 1412 3408 1468 quo
3435 1398 3716 1468 Apologite

2114 1512 2224 1551 sua:
2248 1496 2443 1551 llbI'UIII
2477 1512 2530 1548 III
2560 1494 2878 1558 adornabat,
2910 1506 3080 1547 novas
3102 1493 3169 1546 ab
3199 1492 3490 1547 Anastasio
3518 1492 3715 1547 adver-

2115 1604 2209 1644 sus
2246 1589 2502 1643 Ruﬁnum
2535 1587 2795 1657 epistolas
2828 1587 2879 1639 in
2906 1584 3190 1641 Orientem
3234 1587 3427 1653 missas
3457 1599 3579 1639 esse
3607 1600 3714 1640 non

2117 1681 2287 1735 semel
2330 1687 2614 1734 memorat.
2666 1677 2818 1733 Nune
2850 1678 2993 1732 enim
3027 1676 3291 1730 adversus
3322 1674 3598 1739 Ruﬁnum,
3625 1675 3716 1744 qui

413 1772 633 1825 visionis
656 1770 853 1825 factum
878 1784 1000 1826 esse
1030 1770 1380 1825 manifestum
1408 1780 1524 1830 est;
1550 1771 1692 1842 quod
1717 1772 2007 1826 multarum
2040 1782 2088 1842 B
2114 1774 2357 1844 cpistola:
2402 1787 2543 1825 anno
2584 1771 2860 1840 praeterito
2888 1768 2955 1823 ad
2982 1767 3249 1823 Joannem
3287 1766 3463 1821 Jeros.
3501 1767 3718 1837 scripta:

409 1872 462 1916 et
489 1876 631 1933 pene
660 1860 899 1917 omnium
917 1861 1292 1917 Africanarum
1308 1862 1704 1928 Ecclesiarum,
1732 1863 1785 1917 in
1811 1863 2007 1932 quibus

407 1957 534 2012 talis
572 1972 729 2012 error
755 1965 976 2012 exortus
1007 1965 1112 2025 est,
1140 1958 1394 2027 exetnpla
1431 1958 1736 2029 testantur)
1771 1975 1783 2012 ;
1818 1973 1922 2012 non
1954 1967 2013 2012 ut

407 2050 724 2115 concilium,
770 2047 916 2119 quod
948 2049 998 2103 iu
1029 2051 1414 2105 transmarinis
1458 2051 1700 2119 partibus
1725 2050 1793 2107 de
1819 2050 1923 2107 hac
1952 2066 2012 2107 re

408 2138 608 2195 factum
657 2149 766 2206 est,
798 2140 1161 2208 dissolvatur;
1190 2141 1284 2196 sed
1317 2150 1375 2197 ut
1420 2141 1560 2196 illud
1611 2151 1830 2198 maneat
1867 2143 2014 2197 circa

410 2247 529 2297 eos,
561 2234 651 2302 qui
693 2233 775 2287 sic
801 2234 1035 2290 transire
1065 2233 1130 2288 ad
1159 2233 1495 2289 Catholicam
1524 2234 1735 2301 volunt,
1765 2242 1827 2289 ut
1865 2234 2011 2289 nulla

410 2342 510 2396 per
537 2340 633 2381 eos
676 2328 904 2381 unitatis
931 2327 1304 2396 compensatio
1335 2337 1682 2397 procuretur.
1727 2327 1832 2382 Per
1877 2341 2013 2398 quos

409 2430 591 2473 autem
621 2419 703 2474 Vel
756 2421 901 2474 omni
953 2419 1114 2474 modo
1147 2419 1365 2489 perﬁci,
1410 2418 1496 2474 vel
1542 2419 1786 2489 adjuvari
1842 2420 2014 2474 mani-

411 2512 566 2567 festis
610 2506 976 2568 fraternarum
1008 2512 1314 2568 animarum
1373 2514 1539 2568 lucris
1584 2512 1847 2568 catholica
1890 2513 2013 2568 uni-

414 2615 495 2659 tas
538 2607 591 2660 iu
626 2605 783 2672 locis,
816 2605 868 2660 in
916 2605 1109 2677 quibus
1157 2607 1378 2678 degunt,
1404 2610 1517 2661 visa
1565 2605 1755 2673 fuerit,
1786 2622 1891 2661 non
1935 2609 2014 2662 eis

414 2697 559 2753 obsit
609 2698 751 2769 quod
790 2708 982 2754 contra
1037 2701 1272 2754 honores
1303 2715 1535 2773 eorum,
1566 2700 1813 2769 quamvis
1869 2700 2013 2754 salus

415 2789 551 2845 nulli
574 2790 867 2847 interclusa
896 2794 986 2857 sit,
1014 2790 1068 2845 in
1101 2792 1465 2846 transmarino
1494 2791 1726 2847 concilio
1750 2798 2012 2846 statutum

417 2893 500 2937 est
528 2901 541 2936 :
572 2880 621 2938 id
654 2894 736 2937 est
771 2896 825 2937 ut
854 2884 1090 2938 ordinati
1123 2885 1175 2938 in
1210 2894 1360 2953 parte
1393 2884 1620 2949 Donati,
1648 2885 1690 2939 si
1722 2884 1788 2939 ad
1819 2884 2016 2939 Catho-

417 2974 573 3028 licam
605 2978 835 3031 correéli
868 2978 1101 3031 transire
1135 2974 1439 3040 voluerint,
1491 2995 1597 3031 non
1651 2977 2017 3048 suscipiantur

416 3067 468 3119 in
492 3067 788 3123 honoribus
807 3070 919 3122 suis
935 3068 1232 3124 secundum
1254 3071 1676 3125 transmarinum
1701 3072 2010 3136 concilium,

417 3161 510 3215 sed
539 3162 782 3232 exceptis
812 3161 899 3227 iis,
936 3178 1029 3233 per
1055 3178 1190 3234 quos
1240 3164 1523 3217 catholica:
1553 3164 1751 3218 unitati
1780 3165 2018 3219 consuli-

419 3263 503 3309 tur
532 3252 681 3325 (ϐοά.
716 3273 830 3309 can.
863 3253 1070 3310 Eccles.
1102 3257 1265 3326 Afris.
1286 3298 1301 3323 ,
1327 3272 1373 3310 c.
1402 3256 1479 3326 6).
1505 3275 1523 3310 ›
1544 3256 1601 3313 Si
1621 3259 1761 3311 enim
1787 3259 1853 3313 de
1882 3259 2014 3329 legis

416 3348 707 3400 Severitate
748 3346 881 3401 nihil
913 3350 1193 3402 remittere
1220 3348 1479 3403 voluisset
1510 3350 1829 3403 Anastasius
1868 3352 2011 3405 circa

419 3450 640 3506 pueros,
670 3451 869 3507 quanto
894 3438 1072 3493 minus
1097 3438 1148 3493 id
1180 3438 1248 3495 ab
1278 3456 1343 3493 eo
1375 3442 1702 3507 Speraudutn
1729 3453 1841 3496 erat
1869 3444 2013 3498 circa

421 3532 741 3585 clericorum
773 3531 1006 3587 honores
1031 3528 1341 3589 servandos
1365 3536 1387 3587 Υ

494 3625 545 3677 9.
609 3620 761 3678 Hunc
815 3628 993 3680 autem
1060 3640 1328 3682 cauonem
1384 3637 1553 3682 totum
1595 3629 2011 3684 esseribendnm

418 3717 713 3773 duximus:
749 3721 871 3789 quia
926 3719 980 3774 in
1028 3736 1129 3787 eo,
1161 3729 1349 3791 utpote
1398 3721 1449 3775 iu
1500 3737 1607 3792 quo
1652 3736 1839 3789 aperte
1887 3724 2012 3794 quid

419 3812 705 3866 Anastasio
720 3812 1064 3868 scribendum
1084 3823 1202 3868 erat
1223 3815 1612 3883 prtescribitur,
1633 3817 1797 3886 ipsius
1817 3818 2017 3886 episto-

417 3904 485 3959 l;e
517 3906 581 3959 ad
608 3906 750 3961 hunc
791 3921 987 3976 papam
1034 3910 1272 3978 scriptm,
1316 3923 1437 3978 quae
1485 3908 1714 3975 interiit,
1748 3924 2014 3964 summam

420 4002 484 4051 ac
514 3997 952 4066 supplementum
986 4013 1085 4053 nos
1108 3996 1309 4053 habere
1338 4000 1655 4069 gaudemus.
1683 3999 1824 4055 Istud
1855 4016 2017 4071 porro

416 4089 709 4148 concilium
757 4091 912 4162 cujus
935 4091 1002 4147 de
1037 4090 1434 4147 Donatistarum
1475 4093 1689 4148 clericis
1737 4072 2014 4149 decretum

420 4185 489 4239 ita
533 4195 862 4240 venerantur
894 4185 1029 4253 Afri,
1068 4194 1125 4240 ut
1153 4187 1256 4240 sibi
1292 4196 1471 4242 tamen
1502 4187 1632 4242 illud
1667 4190 1883 4243 unitatis
1915 4190 2020 4244 Ec-

418 4278 603 4333 clesizl:
629 4280 797 4346 gratia
829 4278 1243 4350 temperandum
1268 4280 1605 4344 existiment,
1638 4296 1745 4335 non
1770 4281 1913 4336 aliud
1942 4283 2019 4336 vi-

420 4371 579 4426 detur
609 4372 712 4425 nisi
745 4372 1081 4441 tfapuanum,
1116 4372 1270 4442 cujus
1305 4373 1431 4427 item
1460 4372 1607 4428 aliud
1641 4373 1823 4446 (Ibid,
1844 4389 1892 4427 c.
1922 4374 2016 4442 48)

416 4464 559 4518 circa
598 4483 616 4515 ‹
637 4460 1107 4533 reordinationes,
1139 4465 1601 4535 rebaptizatioues
1626 4508 1641 4533 ,
1675 4467 1756 4523 vel
1789 4468 2018 4522 transla-

2114 1868 2544 1938 suppositionem
2574 1863 2841 1933 suspicari
2865 1862 3171 1927 affectabat,
3201 1861 3276 1914 ait
3302 1878 3313 1912 :
3349 1860 3496 1913 Illius
3519 1860 3719 1913 verita-

2115 1970 2222 2014 tcm
2251 1978 2267 2011 ιι
2292 1959 2448 2029 hujus
2476 1973 2691 2028 quoque
2716 1956 2843 2010 anni
2871 1966 3063 2009 contra
3087 1964 3137 2008 te
3156 1954 3400 2022 epistola:
3421 1951 3671 2021 probant.
3694 1970 3713 2004 ι

2114 2046 2179 2108 Et
2206 2053 2481 2123 aliquanto
2507 2062 2631 2106 ante
2664 2068 2675 2103 :
2720 2069 2737 2101 t
2768 2050 2918 2115 Esto,
2941 2046 3199 2119 praeteriti
3233 2046 3358 2100 anni
3383 2061 3484 2115 ego
3516 2045 3720 2114 episto-

2114 2146 2219 2199 lam
2256 2146 2527 2200 ﬁnxerim.
2561 2143 2816 2199 Recentia
2847 2142 2912 2196 ad
2933 2142 3211 2196 Orientem
3238 2139 3438 2209 scripta
3470 2139 3592 2209 quis
3620 2139 3722 2193 nti-

2113 2239 2219 2293 sit?
2234 2240 2285 2293 iu
2309 2240 2503 2309 quibus
2524 2252 2657 2307 papa
2677 2235 3013 2291 ANAS'I'ASIUS
3034 2234 3197 2289 tantis
3218 2242 3269 2286 te
3287 2241 3445 2286 ornat
3468 2230 3718 2299 ﬁoribus,

2117 2343 2174 2389 ut
2200 2348 2322 2389 cum
2358 2348 2419 2387 ea
2452 2331 2670 2401 legeris,
2697 2331 2868 2400 magis
2896 2338 2947 2383 te
2977 2327 3113 2381 velle
3141 2324 3437 2380 defendere
3466 2324 3721 2394 incipias,

2114 2442 2272 2499 quam
2307 2438 2393 2481 me
2436 2437 2719 2479 accusare.
2765 2441 2782 2474 ι
2817 2420 2973 2475 Modo
3004 2435 3034 2474 e
3058 2417 3284 2474 floribus
3323 2417 3429 2472 illis
3458 2412 3720 2486 quosdam

2116 2520 2420 2590 decerpens
2449 2529 2501 2573 et
2535 2517 2604 2572 ob
2630 2515 2818 2571 oculos
2846 2527 3083 2583 ponens,
3110 2512 3180 2565 ita
3211 2508 3462 2564 Ruﬁnum
3494 2506 3725 2576 alloqui-

2116 2626 2205 2671 tur
2236 2632 2249 2668 :
2286 2634 2303 2666 ι
2342 2614 2590 2667 Praesens
2619 2608 2761 2680 apud
2803 2623 2931 2662 cum
2964 2601 3371 2676 (Anastasium)
3408 2600 3718 2672 expostula,

2115 2724 2213 2765 cur
2235 2708 2331 2761 tibi
2370 2716 2426 2761 et
2451 2704 2660 2759 absenti
2688 2713 2740 2757 et
2776 2700 3055 2756 innocenti
3088 2698 3278 2753 fecerit
3306 2694 3717 2759 contumeliam,

2115 2812 2175 2857 ut
2197 2799 2453 2871 epistolas
2479 2808 2667 2851 contra
2701 2804 2753 2849 te
2780 2794 2845 2847 ad
2898 2792 3175 2848 Orientem
3210 2790 3471 2852 mitteret,
3504 2795 3558 2842 et
3588 2800 3721 2840 cau—

2117 2897 2311 2951 terium
2339 2893 2430 2948 tibi
2461 2892 2754 2953 Itmreseos,
2780 2888 2905 2942 dum
2952 2887 3153 2950 nescis,
3185 2886 3451 2943 inureret,
3487 2882 3725 2935 diceret-

2116 3006 2221 3060 que
2269 2988 2439 3041 libros
2470 2984 2718 3055 Urigcnis
2767 2984 2886 3057 περὶ
2910 2978 3113 3056 ’Λρχῶν
3157 2994 3183 3030 a
3220 2988 3271 3030 te
3303 2975 3627 3039 translatos,
3664 2978 3722 3026 ut

2118 3084 2244 3139 ﬁdei
2271 3082 2582 3145 veritatem,
2612 3091 2768 3145 quam
2801 3076 2867 3128 ab
2891 3071 3152 3143 Apostolo
3192 3070 3521 3131 didicerant,
3550 3081 3647 3137 per
3673 3074 3724 3119 te

2043 3170 2087 3231 C
2124 3173 2445 3245 perderent;
2480 3179 2554 3233 et,
2589 3166 2732 3239 quod
2771 3166 2863 3219 tibi
2908 3163 3170 3233 majorem
3204 3161 3404 3216 faceret
3438 3158 3718 3223 invidiam,

2117 3282 2280 3323 ausus
2314 3266 2386 3319 sit
2415 3261 2712 3322 criminari,
2759 3260 2855 3313 ltos
2889 3259 3035 3327 ipsos
3063 3254 3399 3326 praefationis
3436 3263 3542 3307 tua:
3575 3248 3723 3306 testi-

2119 3362 2303 3415 monio
2337 3358 2504 3412 fuisse
2545 3355 2851 3409 roboratos.
2896 3350 3012 3405 Non
3044 3360 3129 3405 est
3163 3350 3280 3404 leve
3306 3346 3450 3416 quod
3486 3345 3578 3399 tibi
3622 3344 3725 3397 im-

2121 3454 2289 3523 pingit
2324 3460 2489 3505 tanta:
2516 3448 2668 3503 urbis
2692 3446 2955 3515 pontifex,
2988 3442 3075 3497 vel
3105 3444 3173 3496 ab
3203 3442 3314 3495 alio
3344 3440 3615 3507 objeetum
3642 3446 3721 3490 te-

2119 3563 2270 3603 mere
2297 3545 2555 3613 suscepit.
2600 3561 2617 3595 ι
2646 3542 2702 3595 Si
2727 3552 2907 3594 tamen
2937 3536 3311 3607 expendamus
3354 3550 3460 3603 qua
3508 3531 3722 3586 ratione

2120 3640 2172 3692 in
2206 3636 2398 3693 eodem
2440 3650 2608 3702 opere
2641 3632 3007 3700 Hieronymus
3042 3643 3104 3683 ea
3148 3641 3269 3696 qua:
3303 3625 3623 3679 Anastasius
3654 3622 3721 3677 ad

2117 3731 2380 3787 Joannem
2406 3728 2475 3783 de
2493 3727 2689 3781 ltutino
2704 3724 3005 3792 scripserat
3029 3718 3294 3782 referens,
3316 3731 3423 3770 non
3446 3727 3551 3769 tam
3577 3715 3719 3784 quod

2118 3828 2212 3883 ille
2242 3839 2374 3895 papa
2404 3822 2558 3887 dicit,
2582 3830 2743 3889 quain
2790 3815 2935 3885 quod
2980 3829 3046 3868 ex
3092 3810 3252 3865 dictis
3285 3809 3425 3862 illius
3456 3806 3719 3875 consequi

2119 3920 2436 3979 arbitratur,
2470 3912 2743 3985 proferat;
2771 3908 2935 3965 etiam
2963 3920 3104 3961 nunc
3131 3903 3322 3959 eodeni
3356 3900 3517 3956 modo
3546 3916 3604 3954 se
3628 3915 3723 3969 ge-

2121 4027 2242 4067 rere
2266 4025 2371 4065 non
2399 4006 2674 4062 immerito
2699 4002 3060 4057 existimetur.
3086 3996 3355 4064 Quocirca
3390 3991 3548 4047 valde.
3573 3993 3719 4045 veri-

2120 4105 2299 4161 simile
2322 4112 2425 4169 est,
2461 4102 2577 4156 btce
2607 4100 2747 4167 ipsa.
2781 4110 2899 4165 qum
2932 4094 3291 4162 llieronynms
3336 4098 3511 4150 notat,
3542 4088 3725 4140 minus

2120 4200 2256 4254 dure
2282 4198 2352 4252 ab
2377 4192 2668 4249 Anastasio
2688 4190 2855 4244 fuisse
2874 4185 3174 4241 enuntiata.
3200 4182 3369 4237 Forte
3392 4188 3571 4233 autem
3608 4177 3727 4233 hac

2125 4290 2395 4349 Anastasii
2425 4290 2631 4357 scripta
2658 4296 2785 4339 tunc
2816 4283 2868 4337 in
2891 4280 3170 4336 Orientem
3198 4276 3362 4331 missa
3393 4282 3539 4335 sunt,
3575 4282 3728 4341 post-

2123 4399 2286 4456 quam
2318 4384 2361 4436 is
2390 4380 2661 4451 pontifex,
2686 4387 2742 4431 et
2770 4389 2893 4431 cum
2924 4387 2990 4427 eo
3018 4372 3271 4426 universa
3296 4364 3724 4422 Occidentalium

2123 4474 2362 4548 synodus
2418 4472 2438 4545 (
2470 4470 2632 4525 Labb.
2688 4478 2810 4523 tom.
2843 4465 2885 4518 ν
2922 4463 3122 4519 Concil.
3156 4479 3201 4517 c.
3236 4460 3342 4516 658
3387 4458 3404 4526 )
3459 4477 3479 4511 ι
3515 4456 3730 4526 accepit.

420 4557 596 4611 tiones
627 4556 1011 4628 episcoporum
1038 4576 1056 4609 ι
1090 4566 1350 4613 statutum
1398 4558 1639 4616 laudant.
1688 4559 1783 4614 His
1836 4568 2016 4615 autem
2048 4558 2095 4620 Ι)
2125 4584 2188 4623 ac
2250 4566 2500 4637 probavit
2546 4558 3043 4617 Alexandrinorum
3080 4553 3340 4609 Ecclesia:
3392 4549 3723 4605 sententiam

419 4646 672 4705 Afrorum
701 4649 902 4705 litteris
948 4666 1077 4706 num
1103 4650 1448 4723 rescripserit
1478 4653 1825 4720 Anastasius,
1861 4652 2014 4709 latet.

420 4738 620 4796 Verum
651 4742 794 4814 quod
830 4738 906 4796 illi
940 4743 1057 4797 sine
1102 4744 1415 4813 apostolica:
1445 4744 1592 4799 sedis
1620 4759 1893 4801 consensu
1923 4761 2014 4800 su-

420 4849 572 4889 mere
609 4834 706 4891 sibi
734 4852 839 4889 non
873 4837 990 4891 ausi
1033 4847 1183 4902 sunt,
1215 4839 1376 4909 paulo
1424 4846 1549 4908 post
1591 4839 1642 4893 in
1682 4839 1863 4895 Africa
1920 4856 2016 4895 usu

420 4936 700 4997 receptum
732 4944 854 4984 esse
875 4938 1113 4985 constat.
1146 4922 1306 4987 Anno
1327 4932 1526 5002 quippe
1548 4933 1669 4998 417,
1690 4932 2019 5004 Augustinus

420 5018 621 5094 (Epist.
658 5020 781 5087 185,
814 5022 881 5077 ad
929 5022 1200 5096 Bonifac.,
1234 5044 1287 5080 η.
1328 5025 1419 5099 44)
1454 5027 1749 5082 Donatistis
1801 5036 1858 5083 nt
1904 5045 2017 5084 rem

421 5114 673 5169 usitatam
698 5114 1116 5185 objicientibus:
1151 5137 1169 5169 ι
1205 5119 1492 5187 Quomodo
1516 5130 1637 5190 post
1659 5122 1817 5177 istam
1851 5124 2023 5192 poeni-

420 5209 645 5263 tentiam
678 5209 818 5280 apud
849 5227 946 5267 vos
991 5212 1177 5269 clerici
1210 5215 1295 5269 vel
1326 5218 1488 5269 etiam
1517 5214 1760 5285 episcopi
1793 5232 2021 5291 perma-

322 5334 331 5339 ι
420 5301 651 5357 nemus?
690 5318 707 5357 ι
762 5306 1079 5377 respondet,
1109 5325 1127 5358 ι
1168 5307 1281 5363 Hoc
1309 5323 1415 5364 non
1446 5310 1620 5373 fieret,
1648 5310 1901 5379 quoniam
1933 5326 2021 5365 re-

419 5413 571 5464 vera,
602 5397 744 5469 quod
779 5397 1056 5456 fatendum
1086 5410 1205 5469 est,
1232 5402 1346 5457 ﬁeri
1390 5419 1493 5457 non
1519 5402 1766 5467 deberet,
1792 5405 1893 5459 nisi
1923 5421 2019 5475 pu-

421 5488 503 5544 eis
534 5490 701 5559 ipsius
741 5493 1189 5561 compensatione
1232 5504 1537 5549 sanaretur.
1569 5514 1587 5546 ι
1622 5494 1804 5564 Neque
1828 5496 2020 5551 mirum

425 5590 511 5635 est
538 5581 587 5636 id
618 5581 685 5636 ab
708 5584 1003 5653 apostolica
1027 5584 1157 5641 sede
1180 5594 1306 5640 tunc
1326 5584 1491 5641 fuisse
1514 5600 1857 5653 Concessum,
1882 5586 2023 5657 quod

428 5666 498 5729 ab
534 5673 686 5729 initio
724 5676 1032 5735 schismatis
1080 5678 1131 5734 in
1174 5674 1379 5747 Africa,
1409 5678 1571 5736 etiam
1600 5696 1665 5739 ex
1712 5676 2025 5738 Melchiadis

437 5770 725 5847 sententia,
756 5771 1104 5837 observatum
1136 5772 1327 5838 fuerat.
1355 5773 1557 5857 Nempe
1589 5778 1688 5840 Iste
1724 5776 2027 5855 prudentis-

2128 4664 2179 4716 iu
2211 4659 2436 4729 impium
2473 4651 2809 4727 (Origenem)
2829 4653 3015 4715 latam,
3052 4668 3069 4702 ι
3106 4657 3161 4703 ιιι
3186 4646 3425 4715 loquitur
3448 4642 3730 4710 Theophi-

2124 4753 2208 4807 lus
2242 4752 2293 4805 in
2326 4750 2592 4806 Sermone
2617 4761 2775 4818 quem
2824 4743 3163 4800 Justinianus
3191 4739 3491 4808 imperator
3518 4732 3723 4789 laudat.

2890 4835 2961 4891 Χ.

2196 4938 2283 4992 Η.
2316 4934 2586 4989 Iudicium
2612 4930 2911 5002 apostolica!
2932 4927 3041 4981 sedi
3072 4925 3388 4991 subreptum.
3416 4949 3490 4960 —
3518 4918 3601 4974 Ab
3630 4918 3732 4972 ali-

2124 5048 2230 5104 quo
2262 5028 2560 5085 Innocentii
2594 5028 2886 5081 decessore
2917 5021 3177 5075 adversus
3210 5018 3502 5072 Pbotinum
3526 5013 3729 5085 Illyrici

2124 5125 2439 5196 episcopum
2489 5120 2697 5191 prolata
2742 5126 2827 5173 est
2873 5113 3177 5175 sententia,
3227 5125 3354 5181 qua,
3406 5106 3729 5162 Innocentio

2126 5227 2263 5274 teste
2296 5216 2491 5288 (Epist.
2523 5215 2610 5277 ις,
2645 5230 2691 5266 c.
2744 5211 2856 5280 14),
2896 5227 2914 5260 ε
2955 5208 3171 5278 gravius
3218 5204 3423 5274 aliquid
3463 5202 3732 5257 consulu—

2128 5323 2236 5370 tum
2277 5332 2293 5364 ι
2316 5312 2435 5365 fuit.
2470 5306 2715 5362 Subinde
2748 5304 3071 5360 Macedones
3097 5300 3368 5369 episcopi,
3398 5296 3621 5365 collegae
3644 5292 3727 5345 sui

2125 5418 2340 5459 causam
2375 5400 2757 5471 suscipientes,
2788 5396 3049 5466 judicium
3081 5392 3212 5448 illud
3252 5411 3269 5443 ι
3310 5406 3406 5461 per
3430 5388 3616 5443 falsum
3639 5401 3729 5439 ru-

2125 5510 2333 5553 morem
2386 5492 2701 5563 apostolicaa
2746 5489 2860 5544 sedi
2894 5488 3212 5555 subreptum
3263 5495 3316 5538 et
3358 5481 3595 5537 elicittun
3628 5492 3725 5544 per

2127 5588 2353 5644 insidias
2391 5606 2411 5640 ι
2446 5585 2907 5640 demonstrarunt.
2937 5576 3091 5648 Quod
3119 5590 3244 5631 cum
3274 5572 3532 5626 andiisset
3560 5565 3722 5622 Iuno-

2130 5682 2361 5747 centius,
2390 5680 2625 5749 primum
2649 5676 2868 5749 quidem
2892 5673 2994 5732 sibi
3020 5670 3241 5729 anxium
3267 5680 3329 5722 ac
3351 5658 3733 5719 difﬁcillimum

2136 5791 2255 5842 esse
2283 5774 2479 5851 fassus,
2516 5792 2534 5833 ι
2568 5771 2835 5851 majorum
2865 5767 3145 5833 revolvere
3193 5780 3211 5821 ι
3249 5767 3409 5840 atque
3438 5763 3736 5823 retractare
