4200 6180
461 246 537 307 63
1723 228 1780 286 S.
1824 223 2188 284 ANASTASII
2229 223 2250 280 1
2290 223 2500 280 ΡΑΡᾸΕ
3704 219 3773 279 6.5

465 382 486 418 ι
539 361 866 425 sententias,
908 378 927 413 ι
985 355 1149 412 simul
1195 360 1377 407 tamen
1431 346 1620 402 durius
1675 342 1882 414 aliquid
1938 356 2063 398 esse
2090 340 2246 409 Acis
2278 341 2656 397 transmarinis
2683 350 2774 398 aut
2803 341 3117 398 Manicltaeis
3141 342 3329 398 Romae
3361 340 3599 398 inventis
3619 340 3779 411 quid-

458 457 796 515 existimavit
844 463 926 509 tot
980 459 1201 519 tamque
1256 442 1412 498 bonis
1484 438 1804 511 praesulibus
1858 449 2061 505 negare

459 562 814 606 consensum.
843 540 1232 611 Quamobrem,
1261 535 1446 605 priore
1473 529 1768 594 sententia,
1798 541 1901 598 qua
1920 525 2064 581 Pho-

463 644 613 701 tinus
630 646 916 700 damnatus
933 638 1130 700 fuerat,
1147 634 1200 689 in
1221 630 1418 686 melius
1440 634 1794 688 commutata,
1811 623 2061 680 eumdem

463 740 780 811 episcopum
806 733 1144 790 constituere
1174 725 1311 798 ipsis
1336 722 1619 795 permittit.
1643 719 1804 774 Prius
1826 732 1960 774 vero
1977 716 2064 788 ju-

465 832 666 888 dicium
714 841 1057 900 nequaquam
1108 827 1160 877 in
1205 821 1374 874 alium
1403 815 1714 888 pontificem
1766 812 2065 868 convenire

464 923 705 989 videtur,
725 921 829 975 nisi
863 919 914 974 itt
950 914 1319 976 Anastasiutn,
1345 919 1398 964 et
1419 908 1636 981 quidem
1660 906 1762 962 sub
1781 903 2068 976 pontifica-

468 1026 553 1073 tus
571 1015 718 1071 illius
742 1013 977 1076 exitum;
1008 1011 1080 1064 ita
1108 1017 1165 1062 ut
1191 1019 1340 1061 mors
1363 1001 1733 1058 interveniens
1763 998 2065 1054 Macedoni-

469 1107 572 1163 bus
599 1107 777 1161 locum
801 1118 866 1159 ac
908 1112 1128 1172 tempus
1157 1096 1453 1168 negaverit.
1483 1109 1590 1162 quo
1616 1091 1721 1162 ipsi
1748 1091 2064 1160 subreptum

468 1216 591 1259 csse
614 1200 1070 1257 demonstrarent.
1099 1192 1252 1263 Quod
1275 1207 1396 1246 cum
1423 1188 1772 1244 Innocentius
1798 1186 2065 1253 correxit,

471 1297 634 1367 plane
661 1294 866 1350 sentire
896 1306 955 1347 se
977 1288 1181 1354 docuit,
1208 1286 1482 1342 neminem
1509 1297 1628 1339 esse
1656 1290 1764 1336 tam
1795 1288 2066 1344 sanctum,

473 1388 691 1445 etiamsi
714 1386 884 1456 prima
920 1385 973 1438 in
1004 1382 1133 1438 sede
1176 1379 1507 1436 constitutus
1535 1376 1625 1440 sit,
1657 1374 1748 1430 cui
1771 1374 1824 1428 in
1850 1371 2070 1442 judiciis

477 1496 586 1538 non
610 1480 784 1553 possit
809 1475 1040 1548 imponi.
1099 1496 1102 1498 τ

1224 1565 1314 1621 XI.

547 1687 634 1742 12.
666 1685 984 1756 Fragmenta
1025 1683 1126 1737 tria
1165 1678 1439 1735 Anastasio
1495 1673 1559 1730 II
1605 1674 1943 1730 restituenda.
1999 1703 2072 1713 —

478 1781 746 1837 Praeterea
771 1777 1038 1834 Baronius
1064 1774 1131 1829 ad
1154 1789 1282 1828 ann.
1312 1770 1420 1828 402
1441 1770 1544 1825 tria
1567 1767 1871 1840 fragmenta
1890 1765 2045 1821 lauda

473 1873 624 1930 velut
653 1870 900 1943 epistolae
921 1862 1384 1924 AnaStasiinostri
1406 1863 1473 1917 ad
1501 1861 1758 1918 Ursinum
1793 1877 1805 1913 :
1835 1858 1929 1914 sed
1954 1857 2073 1913 haec

473 1965 670 2036 Steph.
720 1961 996 2027 Baluzius,
1031 1970 1103 2015 to.
1136 1957 1325 2013 lColl.
1362 1971 1486 2011 nov.
1526 1954 1726 2010 concil.
1757 1967 1880 2023 pag.
1912 1953 2069 2018 1457,

475 2055 767 2114 Anastasio
795 2054 841 2108 ll
864 2053 1125 2119 restituit,
1143 2052 1211 2106 ad
1233 2064 1393 2122 quem
1424 2064 1489 2104 ea
1519 2047 1792 2119 pertinere
1821 2061 1919 2101 suo
1951 2044 2074 2100 loco

478 2148 905 2207 demonstraturi
933 2161 1141 2203 sumus.

1219 2261 1332 2316 XII.

551 2357 640 2414 15.
671 2353 922 2426 Epistula:
966 2354 1087 2410 dua:
1116 2353 1390 2409 Anastasio
1432 2352 1459 2407 Ι
1502 2369 1534 2406 a
1560 2351 1847 2406 Mercatore
1874 2365 2074 2420 suppo-

475 2451 611 2506 sitw.
655 2478 726 2489 —
749 2447 936 2518 Neque
967 2462 1120 2518 papae
1145 2447 1304 2518 hujus
1329 2446 1532 2502 nomini
1563 2444 1810 2516 pepercit
1838 2442 2078 2498 Isidorus

479 2543 771 2607 Mercator,
815 2541 912 2597 sed
962 2540 1100 2598 duas
1151 2542 1201 2595 ei
1251 2539 1514 2610 epistolas
1565 2539 1870 2609 supposuit,
1916 2551 2076 2591 unam

478 2636 732 2692 omnibus
762 2635 1070 2692 Germania:
1101 2646 1156 2691 et
1181 2635 1506 2706 Burgundim
1527 2633 1820 2704 episc0pis,
1851 2633 2076 2687 alteram

478 2726 720 2783 Neriano
773 2727 1112 2796 inscriptam.
1173 2725 1466 2796 Utriusque
1519 2725 1727 2779 falsitas
1771 2739 1800 2778 a
1848 2723 2079 2778 Baronio

477 2819 692 2876 detecta
721 2822 996 2890 certisque
1037 2820 1370 2888 argumentis
1395 2816 1748 2887 comprobata
1795 2825 1900 2868 est.
1933 2813 2078 2868 Istud

480 2928 581 2969 suo
611 2913 732 2969 loco
752 2927 940 2968 sumus
959 2912 1356 2977 confirmaturi,
1389 2911 1480 2965 ubi
1511 2909 1771 2980 epistolas
1809 2907 1930 2962 illas
1958 2922 2078 2962 cum

481 3006 687 3078 reliqua
720 3005 1033 3076 impostoris
1065 3004 1226 3076 hujus
1264 3004 1585 3060 collectione
1613 3002 1864 3058 edemus.

1218 3122 1358 3178 Xlll.

553 3237 645 3294 14.
675 3236 732 3293 In
765 3237 982 3308 vulgato
1024 3236 1162 3291 libro
1192 3236 1491 3306 pontificali
1525 3237 1593 3292 de
1636 3237 1925 3291 Anastasio
1955 3236 1973 3290 1
2007 3236 2080 3292 le-

477 3331 626 3402 gitur
673 3348 685 3383 :
727 3351 745 3384 ‹
795 3331 892 3386 Hic
931 3331 1242 3394 constituit,
1295 3339 1352 3384 ιιι
1395 3332 1847 3400 quotiescumque
1897 3341 2080 3386 sancta

480 3423 775 3494 Evangelia
827 3423 1220 3489 recitarentur,
1267 3422 1584 3478 sacerdotes
1647 3437 1754 3478 non
1805 3422 2080 3490 sederent,

483 3515 582 3571 sed
627 3517 782 3571 curvi
829 3525 1056 3571 starent.
1110 3515 1179 3570 Et
1209 3515 1312 3570 hoc
1355 3515 1658 3581 constituit,
1694 3515 1836 3570 nulla
1871 3520 2083 3572 rati0ue

481 3608 908 3663 transmarinum
948 3607 1223 3662 hominem
1267 3606 1321 3661 in
1349 3606 1639 3662 clericatus
1669 3605 1931 3663 honorem
1959 3624 2079 3662 sus-

481 3700 611 3769 cipi,
638 3700 738 3755 nisi
762 3699 1000 3770 quinque
1029 3700 1410 3772 episcoporum
1454 3699 1768 3771 designaret
1801 3700 2080 3772 chirogra-

480 3791 646 3862 pltos;
674 3791 799 3863 quia
827 3800 884 3846 et
909 3790 1099 3846 eodem
1134 3803 1381 3861 tempore
1409 3791 1691 3848 Manicluei
1721 3794 1926 3849 inventi
1957 3805 2082 3849 sunt

477 3885 532 3940 in
577 3885 711 3940 urbe
761 3885 952 3938 Roma.
1016 3903 1036 3937 ι
1081 3885 1162 3939 Ad
1192 3885 1348 3954 cujus
1385 3885 1510 3939 libri
1552 3902 1796 3940 normam
1846 3887 2080 3943 Isidorus

479 3973 748 4030 Mercator
781 3976 1124 4028 Anastasium
1151 3974 1312 4042 epist.
1341 3991 1381 4040 ι,
1409 3990 1460 4030 c.
1488 3977 1538 4038 l.
1563 3976 1598 4029 2
1622 3986 1678 4032 et
1697 3979 1752 4040 3,
1781 3979 1920 4033 istud
1944 3997 2081 4049 pra:-

475 4069 767 4138 cipientem
796 4066 999 4122 inducit
1028 4082 1041 4120 :
1077 4085 1095 4117 ι
1126 4065 1264 4120 Dum
1297 4077 1486 4121 sancta
1515 4068 1800 4139 Evangelia
1825 4069 1879 4124 in
1902 4071 2081 4126 eccle-

479 4159 563 4213 sia
594 4156 916 4222 recitantur,
948 4155 1264 4213 sacerdotes
1312 4167 1368 4213 et
1395 4158 1580 4214 caueri
1609 4174 1803 4215 omnes
1845 4175 2081 4231 praesen-

480 4260 584 4314 tes,
618 4265 727 4305 non
773 4250 1048 4316 sedentes,
1096 4250 1190 4305 sed
1238 4249 1627 4307 venerabiliter
1652 4254 1796 4306 curvi
1843 4253 1897 4308 in
1945 4268 2079 4309 con-

479 4355 671 4417 spectu
726 4346 901 4400 sancti
959 4345 1237 4416 Evangelii
1286 4354 1518 4407 stantes.
1568 4345 1839 4403 dominica
1915 4350 2080 4404 verba

480 4438 690 4494 intente
739 4436 963 4492 audiant
1012 4447 1067 4493 et
1115 4437 1349 4492 fideliter
1401 4436 1650 4494 adorent.
1705 4439 1970 4496 Similiter
2026 4449 2081 4497 et

2166 447 2328 503 quam
2361 432 2613 488 habetur.
2629 433 2894 501 Quocirca
2919 435 3161 506 suspicio
3186 449 3292 489 non
3315 433 3494 500 deest,
3512 433 3774 488 Isidorum

2168 527 2551 596 Mercatorem,
2581 527 2673 599 qui
2704 529 2902 584 librum
2935 528 3301 600 pontificalem
3335 543 3458 584 cum
3499 527 3777 598 prmdictis

2165 621 2549 678 additamentis
2595 637 2693 678 seu
2739 622 3255 692 interpolationibus
3303 622 3622 678 collec1ioni
3663 637 3776 677 sua:

2169 714 2450 783 pratmisit,
2495 714 2688 769 horum
2739 715 3236 771 additamentorum
3286 730 3410 771 esse
3467 723 3774 770 auctorem.

2166 805 2272 861 Sed
2315 807 2398 860 Itis
2438 807 2744 876 expuuctis,
2778 807 2955 862 minus
2981 807 3092 875 jam
3121 817 3392 877 repugnat
3422 807 3778 861 Anastasium

2169 898 2541 965 constituisse,
2567 913 2635 953 ne
2678 899 3014 965 sacerdotes,
3046 889 3174 952 dum
3221 897 3510 968 Evangelia
3542 897 3781 952 recitan-

2173 998 2280 1056 tur,
2311 989 2586 1045 sederent.
2622 991 2754 1046 Eutn
2785 991 2930 1046 enim
2963 992 3313 1061 praecepisse,
3345 1000 3404 1044 ut
3438 993 3779 1056 sacerdotes,

2169 1099 2397 1153 quorum
2429 1083 2650 1155 plurimi
2681 1085 2836 1139 senio
2882 1093 3037 1138 erant
3081 1083 3338 1148 confecti,
3372 1091 3490 1138 toto
3518 1082 3612 1136 illo
3643 1091 3782 1136 tem-

2171 1191 2324 1246 pore,
2357 1193 2465 1248 quo
2507 1177 2794 1248 Evangelia
2829 1178 3164 1248 legerentur,
3193 1193 3304 1232 non
3337 1177 3515 1231 solum
3543 1184 3779 1241 starent,

2171 1268 2268 1323 sed
2299 1270 2460 1324 etiam
2483 1270 2636 1324 curvi
2668 1279 2897 1338 starent,
2922 1285 2950 1324 a
2985 1269 3270 1340 prudentia
3303 1269 3583 1340 pontificis
3608 1272 3782 1325 nostri

2172 1365 2472 1421 abhorrere
2489 1366 2612 1436 jure
2634 1365 2906 1421 videatur.
2932 1365 3016 1420 Au
3047 1380 3177 1420 vero
3199 1366 3246 1420 ei
3272 1366 3450 1436 reipsa
3494 1374 3781 1435 congruat,

2173 1458 2620 1529 cxpeudendum.

2247 1553 2336 1610 16.
2369 1554 2604 1609 Baronio
2630 1553 2843 1610 decreti
2875 1553 3036 1624 hujus
3060 1551 3279 1608 occasio
3313 1553 3538 1608 ﬂuxisse
3564 1552 3785 1608 videtur

2175 1661 2243 1701 ex
2273 1647 2648 1714 contentione,
2679 1663 2803 1722 quas
2829 1645 3014 1700 Roma:
3049 1645 3193 1700 circa
3229 1644 3322 1699 illa
3355 1655 3598 1715 tempora
3627 1659 3786 1715 pres-

2055 1777 2072 1820 ι
2103 1739 2149 1798 Β
2177 1739 2400 1811 byteros
2428 1738 2571 1793 inter
2596 1747 2652 1794 et
2691 1738 2950 1793 diacones
2989 1737 3182 1792 oborta
3227 1745 3331 1803 est,
3361 1751 3483 1792 cum
3532 1736 3786 1792 nonnulli

2172 1831 2439 1888 diaconos
2480 1831 2814 1902 presbyteris
2852 1844 3140 1901 com-quare
3181 1830 3269 1884 vel
3300 1829 3467 1884 etiam
3509 1826 3786 1883 anteferre

2175 1925 2504 1980 niterentur.
2545 1923 2930 1979 Contentionis
2974 1921 3134 1992 hujus
3165 1931 3333 1977 testes
3364 1919 3572 1992 profert
3598 1930 3787 1976 aucto-

2174 2033 2290 2074 rem
2339 2018 2698 2088 quaestionum
2735 2017 2877 2087 apud
2912 2016 3276 2087 Augustinum
3305 2057 3320 2081 ,
3376 2015 3470 2086 qui
3515 2024 3570 2070 et
3600 2017 3790 2084 Augu—

2176 2115 2324 2169 stino
2380 2113 2656 2183 antiquior
2700 2111 3087 2176 existimatur,
3145 2110 3198 2164 iu
3240 2108 3540 2179 appendice
3585 2115 3657 2161 to.
3715 2105 3786 2161 lll

2177 2207 2471 2272 editarum,
2525 2220 2733 2261 necnon
2785 2204 3182 2275 Hieronymum
3221 2203 3385 2272 epist.
3415 2201 3546 2256 olim
3591 2195 3680 2264 85,
3715 2197 3786 2253 ad

2180 2301 2495 2371 Evagrium,
2529 2315 2627 2354 seu
2656 2297 2835 2369 potius
2860 2295 3222 2366 Evangelum.
3250 2295 3424 2360 Tunc,
3468 2291 3642 2361 inquit
3680 2291 3785 2344 do-

2179 2401 2301 2448 ctus
2329 2391 2658 2458 Cardinalis,
2714 2411 2734 2445 ‹
2769 2389 3079 2462 presbyteri
3108 2390 3162 2444 itt
3211 2387 3434 2444 eosdem
3472 2384 3784 2458 (diaconos)

2179 2486 2534 2540 iusurrexere
2565 2496 2725 2556 atque
2754 2500 2819 2539 ex
2849 2482 3264 2538 consuetudinis
3294 2480 3561 2536 Romanm
3585 2478 3780 2534 Eccle-

2181 2581 2277 2636 site
2310 2582 2633 2652 przescripto
2680 2581 2814 2650 ipsis
2853 2579 3204 2644 sedentibus,
3243 2593 3340 2634 eos
3388 2587 3540 2632 stare
3577 2575 3785 2632 debere

2181 2672 2609 2728 contendebant.
2634 2671 2740 2728 Sed
2771 2687 2839 2728 eo
2871 2687 3040 2741 usque
3068 2671 3352 2726 contentio
3376 2670 3629 2740 pertinax
3656 2684 3780 2739 pro-

2183 2782 2370 2836 gressa
2402 2775 2508 2831 est,
2541 2776 2597 2820 ut
2625 2767 2787 2822 etiam
2818 2781 2939 2820 cum
2965 2774 3177 2821 stantes
3208 2763 3428 2819 diaconi
3461 2777 3649 2818 coram
3679 2779 3778 2832 po-

2186 2860 2314 2930 pulo
2343 2860 2584 2930 legerent
2609 2860 2985 2930 Evangelium,
3012 2859 3323 2930 presbyteri
3347 2866 3530 2916 tamen
3557 2857 3784 2913 minime

2184 2966 2217 3008 e
2255 2955 2503 3008 sessione
2530 2963 2949 3024 consurgerent.
2986 2953 3175 3021 Quod,
3211 2961 3269 3006 ut
3298 2967 3525 3007 enorme
3556 2952 3782 3020 factum,

2185 3043 2506 3101 Anastasius
2539 3061 2675 3117 papa
2705 3045 3108 3102 emendandum
3143 3046 3354 3100 sancito
3381 3044 3651 3115 ejusmodi
3680 3044 3783 3099 de-

2107 3121 2152 3184 C
2185 3149 2339 3193 creto
2395 3141 2624 3208 putavit.
2689 3156 2707 3190 ι
2770 3136 2870 3194 Ubi
2925 3139 3362 3194 controversiam
3415 3137 3562 3192 illam
3619 3136 3672 3191 in
3717 3152 3785 3192 eo

2187 3233 2421 3288 maxime
2449 3249 2655 3304 ponere
2683 3234 2923 3302 videtur,
2955 3233 3105 3305 quod
3145 3235 3482 3304 presbyteris
3520 3235 3573 3289 in
3607 3234 3785 3290 eccle-

2185 3326 2265 3379 sia
2308 3326 2645 3395 sedentibus,
2693 3327 2910 3382 diaconi
2954 3329 3162 3398 pariter
3211 3329 3408 3384 sedere
3456 3329 3680 3383 vellent.
3713 3329 3786 3383 At

2187 3419 2442 3475 Ecclesia:
2473 3421 2736 3477 Romanis
2768 3421 3030 3477 diaconos
3063 3422 3168 3477 hoc
3211 3422 3316 3477 sibi
3352 3438 3650 3491 numquam
3693 3437 3784 3476 ar-

2183 3527 2427 3583 rogasse,
2455 3512 2570 3583 ipse
2599 3523 2788 3568 auctor
2819 3513 2959 3583 apud
2993 3513 3356 3588 Augustinum
3388 3515 3589 3580 editus,
3623 3529 3782 3583 quem

2185 3602 2420 3673 profert,
2473 3603 2679 3658 diserte
2729 3613 2959 3658 testatur
3010 3604 3096 3658 Itis
3136 3605 3319 3659 verbis
3368 3605 3595 3676 (Quaest.
3650 3603 3779 3668 101,

2186 3714 2305 3768 pag.
2339 3695 2410 3751 9'2
2443 3695 2486 3767 Γ)
2523 3715 2535 3750 :
2564 3715 2582 3747 ι
2612 3697 2950 3764 Quamquam
2982 3696 3242 3752 Romana:
3268 3697 3529 3751 Ecclesiae
3561 3696 3779 3751 diaconi

2185 3788 2399 3842 modico
2448 3788 2933 3843 inverecundiores
2981 3789 3293 3855 videantur,
3336 3789 3558 3844 sedendi
3595 3799 3781 3843 tamen

2184 3884 2498 3954 dignitatem
2532 3884 2582 3937 iu
2613 3885 2846 3938 ecclesia
2880 3899 2988 3939 non
3026 3895 3389 3954 praesumunt.
3427 3901 3445 3934 ι
3483 3883 3777 3938 Multorum

2182 3975 2343 4030 etiam
2373 3977 2851 4044 presbyterorum,
2882 3977 2973 4046 qui
3002 3977 3277 4032 Romanas
3309 3976 3572 4045 regebant
3604 3977 3784 4031 eccle-

2183 4068 2312 4133 sias,
2344 4067 2532 4137 glorise
2557 4067 2794 4123 detrahit
2825 4070 3093 4124 Baronius
3133 4069 3188 4122 in
3215 4085 3280 4123 co
3312 4068 3458 4140 quod
3499 4069 3620 4122 illos
3656 4077 3784 4121 tunc

2184 4160 2525 4216 commisisse
2556 4161 2722 4228 ponit.
2747 4159 3018 4216 Constans
3042 4160 3212 4223 enim,
3250 4161 3452 4232 ubique
3493 4159 3785 4215 obtinebat

2186 4252 2299 4318 lex,
2326 4261 2385 4308 ut
2411 4261 2630 4322 propter
2651 4253 2930 4324 Evangelii
2953 4253 3315 4308 reverentiam
3336 4252 3497 4307 lectio
3517 4252 3636 4321 ejus
3664 4266 3770 4304 non

2185 4346 2290 4403 nisi
2321 4349 2626 4403 amantibus
2656 4349 2957 4403 audiretur.
2990 4346 3458 4402 Constitutionum
3517 4343 3784 4415 apostolis

2187 4441 2510 4495 tributarum
2544 4440 2683 4496 libro
2714 4456 2775 4507 ll,
2808 4456 2858 4494 e.
2891 4441 2983 4507 57,
3017 4441 3264 4494 sancitur
3296 4457 3308 4492 :
3345 4458 3364 4490 ‹
3401 4441 3534 4492 Cum
3571 4437 3784 4506 legetur

480 4531 877 4588 transmarinos
925 4530 1200 4598 homines,
1229 4530 1300 4587 de
1325 4530 1524 4601 quibus
1566 4546 1664 4588 nos
1705 4533 2077 4600 consuluistis,
2115 4505 2163 4565 ί)
2190 4532 2569 4605 Evangelium,
2599 4534 2903 4605 presbyteri
2935 4544 2989 4590 et
3013 4533 3235 4588 diaconi
3259 4534 3660 4599 universusque
3685 4543 3786 4598 po-

481 4627 536 4681 iu
566 4625 856 4681 clericatus
891 4624 1097 4680 honore
1146 4624 1316 4680 nolite
1357 4624 1655 4694 suscipere,
1688 4627 1792 4680 nisi
1839 4626 2082 4696 quinque

481 4726 578 4772 aut
606 4732 674 4773 eo
713 4717 956 4788 amplius
995 4717 1376 4788 episcoporum
1405 4716 1780 4788 cltirograpbis
1831 4719 1942 4773 sint
1982 4719 2080 4774 de-

479 4809 776 4880 signati....
807 4810 1134 4871 Manichteos
1163 4823 1319 4875 vero,
1343 4823 1479 4880 quos
1511 4809 1564 4863 in
1591 4808 1724 4865 urbe
1742 4809 1910 4864 Roma
1932 4810 2080 4865 inve-

485 4901 685 4971 nimus,
721 4913 828 4958 etc.
863 4922 882 4955 ι

557 4996 648 5051 15.
684 4995 739 5051 ln
771 5011 840 5052 eo
865 5008 1045 5052 tamen
1089 4997 1210 5053 libri
1241 4997 1572 5068 pontificalis
1601 4998 1790 5053 codice
1819 4997 1948 5053 olim
1979 4996 2078 5052 lle-

482 5090 623 5161 giua:
650 5089 975 5158 Succorum,
1007 5108 1164 5161 quem
1196 5091 1443 5147 Bollandi
1483 5093 1894 5148 continuatores
1920 5092 2080 5147 Justi-

483 5183 632 5239 niani
704 5181 1050 5252 imperatoris
1103 5185 1438 5254 temporibus
1484 5194 1768 5240 exaratum
1832 5193 2085 5251 censent,

483 5291 758 5349 quemque
781 5284 856 5331 to.
895 5279 932 5330 I.
952 5278 1156 5347 Aprilis
1186 5277 1389 5349 Propil.
1413 5295 1533 5347 pag.
1558 5278 1650 5346 40,
1675 5282 1726 5334 itt
1750 5279 1928 5333 lucem
1951 5279 2086 5334 etni-

481 5378 694 5437 serunt,
723 5383 937 5424 necnon
984 5368 1037 5423 in
1085 5371 1387 5439 exemplari
1434 5372 1492 5428 S.
1537 5371 1685 5427 Petri
1718 5371 2082 5439 Fossatensis,

485 5483 631 5525 nunc
669 5468 1018 5526 bibliotheca:
1063 5468 1393 5525 Colbertinte
1426 5470 1594 5531 1868.
1625 5469 1771 5538 quod
1826 5469 1877 5523 in
1931 5468 2085 5522 Pela-

484 5564 576 5637 gio
605 5563 650 5619 11
675 5563 896 5630 desinit,
930 5563 1033 5619 hoc
1063 5571 1272 5618 tantuut
1320 5563 1639 5618 Anastasius
1669 5561 1980 5616 decrevisse
2009 5560 2082 5615 le-

482 5659 668 5729 gitur:
723 5675 743 5711 (
786 5659 886 5715 Hic
935 5658 1243 5724 constituit,
1290 5657 1744 5728 quotiescumque
1794 5654 2080 5725 Evangelia

485 5745 800 5820 recitantur,
836 5753 1148 5811 sacerdbtes
1200 5738 1304 5807 non
1333 5748 1615 5818 sederent,
1655 5767 1672 5798 ι
1707 5761 1806 5804 nec
1832 5743 1899 5803 dc
1922 5745 2083 5802 cleri-

2186 4630 2346 4701 pulus
2391 4645 2513 4685 cum
2559 4629 2709 4685 otnni
2755 4629 2974 4685 silentio
3029 4639 3195 4683 stent.
3245 4647 3263 4681 ι
3313 4627 3381 4682 Et
3438 4625 3784 4694 Nicephorus

2185 4723 2402 4793 quidem
2447 4723 2653 4778 Callisti
2703 4722 2805 4778 hoc
2848 4723 2980 4776 olim
3031 4723 3083 4777 iu
3134 4719 3512 4776 Alexandrina
3547 4715 3782 4773 ecclesia

2183 4816 2488 4872 obtinuisse
2519 4830 2826 4872 memorans
2856 4815 2995 4889 (Lib.
3023 4831 3080 4881 ll,
3110 4833 3157 4868 c.
3177 4814 3291 4884 51),
3322 4832 3341 4865 t
3376 4824 3431 4868 ut
3460 4813 3782 4881 episcopus,

2181 4924 2307 4966 cum
2337 4925 2492 4966 sacra
2515 4910 2805 4980 Evangelia
2834 4909 3169 4980 legerentur,
3203 4923 3309 4962 nou
3343 4913 3723 4975 consurgeret,
3759 4924 3776 4954 ι

2189 5003 2244 5059 id
2281 5021 2300 5055 ι
2338 5005 2390 5058 in
2419 5003 2674 5058 omnibus
2705 5003 2829 5060 aliis
2857 5003 2994 5058 locis
3020 5017 3217 5056 novum
3251 5011 3304 5056 et
3333 4999 3575 5054 insolens
3602 5012 3725 5052 esse
3759 5016 3776 5048 ι

2189 5096 2349 5152 simul
2410 5097 2689 5150 observat.
2750 5095 3150 5164 PhiIOstorgius
3210 5107 3469 5162 quoque,
3528 5090 3784 5160 antiquus

2189 5191 2442 5259 scriptor,
2477 5189 2608 5243 dum
2633 5188 2998 5260 TheOpltilum
3033 5187 3225 5241 ludum
3257 5184 3473 5250 laudat,
3506 5182 3653 5254 quod
3694 5198 3786 5251 pe-

2191 5297 2416 5353 ragrans
2459 5281 2510 5336 in
2541 5281 2628 5335 die
2659 5283 2944 5350 regiones,
2984 5301 3002 5334 ι
3043 5281 3210 5336 multa
3254 5296 3375 5350 qum
3413 5278 3485 5332 ibi
3527 5292 3636 5332 non
3682 5276 3785 5330 rite

2193 5373 2396 5431 fiebant
2436 5374 2771 5439 emendavit,
2836 5394 2855 5428 ›
2911 5375 3206 5443 statimque
3255 5372 3429 5438 addit,
3483 5389 3502 5423 (
3560 5385 3682 5424 nam
3729 5377 3783 5422 et

2189 5469 2453 5525 lectiones
2485 5468 2762 5538 Evangelii
2795 5468 3086 5524 audiebant
3111 5468 3389 5530 sedentes,
3421 5475 3470 5520 et
3498 5465 3602 5518 alia
3630 5477 3783 5533 qua:-

2187 5563 2311 5618 dam
2363 5564 2714 5636 peragebant,
2748 5563 2946 5634 quibus
2993 5562 3173 5616 divina
3223 5560 3311 5614 lca
3360 5557 3725 5628 repugnabat,
3757 5573 3776 5606 ι

2188 5656 2323 5712 satis
2353 5657 2556 5712 indicat
2585 5655 2786 5726 ubique
2815 5663 3098 5723 receptum
3129 5667 3285 5719 esse,
3320 5661 3380 5706 ut
3423 5647 3780 5732 Evangelium

2190 5745 2493 5805 astantibus
2538 5737 2838 5806 audiretur.
2868 5747 2986 5804 iam
3027 5757 3158 5804 vero
3189 5733 3310 5816 quis
3339 5741 3549 5811 credat,
3588 5742 3640 5796 iu
3672 5740 3775 5795 Ec-
