4200 6180
478 278 546 343 07
1732 284 1789 342 S.
1836 281 2077 341 ANAST.

2184 280 2202 338 Ι
2246 280 2265 336 ι
2308 272 2514 341 ΡΑΡΕ
2562 320 2565 321 κ
3706 290 3781 346 es

476 403 957 459 sollicitationibus
997 403 1255 469 cederet;
1294 420 1309 454 ι
1340 418 1408 459 ex
1445 404 1859 473 dispensatione
1888 403 2009 465 Dei,
2048 421 2066 454 ι
2100 404 2152 464 Α
2180 398 2653 475 vellegdclendereg
2673 396 2901 475 incipias
2930 410 3092 472 quam
3125 414 3407 475 accusare,
3440 421 3457 453 ι
3493 404 3779 475 presbyte-

475 475 650 545 inqnit
701 477 817 545 ipse
848 477 1236 547 Hieronymus
1277 475 1439 547 epist.
1468 476 1559 539 Ἠ,
1593 475 1659 528 ad
1706 474 2072 544 Theophilum

471 550 743 610 scribens,
780 565 798 598 ι
837 546 1035 600 factum
1072 546 1223 615 puto,
1253 555 1311 598 ut
1338 562 1403 598 eo
1431 546 1481 599 iu
1509 557 1750 615 tempore
1780 558 1832 599 ιιι
1859 561 2075 615 quoque

474 617 541 671 ad
585 617 937 672 Anastasium
982 634 1169 689 papam
1220 616 1513 681 scriberes,
1549 626 1604 671 et
1649 628 1894 689 nostram
1942 618 2073 670 dum

476 689 765 759 ignorares
789 692 1119 745 sententiam
1144 689 1458 743 roborares.
1495 709 1517 741 ι
1546 688 1697 743 idem
1738 688 2074 757 Theophilus

472 758 526 814 in
560 761 823 816 Sermone
850 760 916 814 ad
958 762 1223 829 quosdam
1270 760 1564 814 monachos
1600 758 1916 829 Origenem,
1950 774 2009 813 ut
2042 774 2073 813 a

470 846 551 891 se,
577 834 643 883 ita
671 842 723 884 et
744 831 813 884 ab
836 832 1123 886 Anastasio
1143 832 1461 885 damnatum
1492 841 1721 886 testatur
1752 832 1834 884 his
1858 831 2069 885 verbis:

479 920 496 951 ι
535 904 1073 959 Anathematizantes
1122 902 1413 973 Origenem
1463 914 1799 971 ceterosque
1851 901 2069 957 ltreroti-

472 988 588 1038 cos,
633 974 881 1040 exemplo
923 986 1113 1029 nostro
1153 982 1206 1027 et
1248 975 1518 1028 Anastasii
1560 985 1761 1029 sancta:
1816 974 2071 1026 Romante

474 1044 732 1099 Ecclesiae
764 1043 1043 1115 epist-Opi,
1093 1045 1183 1115 qui
1234 1062 1297 1101 ex
1351 1045 1624 1100 veteribus
1677 1044 2073 1099 certaminibus

472 1116 672 1178 clarus,
711 1116 1032 1171 nobilissimi
1066 1118 1249 1186 populi
1281 1117 1387 1171 dux
1422 1127 1641 1172 creatus
1676 1126 1789 1179 est,
1823 1130 1984 1185 quem
2019 1123 2073 1169 ct

475 1188 727 1241 universa
756 1187 1074 1243 Occidentis
1105 1189 1489 1257 episcoporum
1516 1189 1761 1257 sequitur
1793 1188 2067 1255 synodus;

471 1273 592 1327 qua:
639 1260 845 1327 accepit
892 1274 954 1312 ac
999 1261 1243 1327 probavit
1278 1261 1775 1313 Alexandrinorum
1811 1258 2069 1312 Ecclesia

471 1330 800 1384 sententiam
845 1330 896 1383 in
946 1330 1169 1399 impium
1218 1332 1404 1384 latam.
1438 1350 1456 1381 ι
1492 1330 1616 1384 Haec
1664 1340 1844 1384 autem
1894 1330 2073 1383 Tlteo-

473 1401 607 1468 pltili
638 1402 803 1454 verba
834 1400 1170 1455 Justinianus
1200 1402 1501 1469 imperator
1532 1404 1581 1453 in
1616 1401 1870 1470 epistola,
1906 1416 2068 1469 quam

471 1471 536 1542 ad
572 1472 779 1542 Ilionam
808 1472 1068 1527 adversus
1094 1473 1343 1542 Origenis
1371 1488 1590 1529 errores
1620 1473 1857 1541 scripsit,
1887 1473 2067 1525 laudat

474 1541 697 1615 (Coticil.
730 1541 869 1615 Lab.
900 1552 1022 1596 tom.
1062 1543 1126 1615 ν,
1159 1541 1280 1615 pag.
1316 1542 1465 1612 658).

554 1563 697 1594 mcu.
740 1563 1022 1596 1400.10)".
1070 1563 1126 1606 ν,
1197 1563 1280 1615 ag.
1316 1563 1465 1612 006).

554 1613 657 1666 VII.
702 1614 1004 1668 Anastasius
1052 1563 1297 1684 lin/tritum
1349 1616 1451 1667 lata
1498 1615 1749 1668 sententia
1798 1631 1898 1668 non
1945 1629 2068 1666 con—

476 1684 755 1738 demnavit.
780 1713 851 1724 —
879 1690 956 1739 An
995 1683 1142 1741 vero
1167 1687 1366 1753 pariter
1408 1702 1529 1739 cum
1561 1684 1796 1754 Origene
1840 1683 2071 1739 Ruﬁnus

472 1755 540 1810 ab
566 1756 853 1810 Anastasio
886 1755 992 1810 lata
1018 1760 1285 1812 sententia
1318 1757 1716 1811 condemnatos
1744 1757 1832 1819 sit,
1867 1771 2071 1825 expen-

471 1826 619 1881 disse
646 1828 869 1895 jnverit.
906 1828 959 1882 ld
992 1828 1208 1895 quidem
1244 1843 1339 1897 pro
1365 1839 1516 1883 certo
1549 1838 1755 1895 ponunt
1781 1828 2067 1896 plerique:

473 1897 649 1966 iisque
696 1899 878 1954 favere
928 1900 1143 1953 videtur
1194 1900 1591 1969 Hieronymus,
1646 1901 1772 1953 dum
1822 1898 2079 1953 Rulinum

474 1986 581 2023 non
616 1970 776 2023 modo
805 1981 1143 2034 aecnsatom,
1171 1985 1233 2024 ac
1258 1970 1483 2023 [tamam
1507 1972 1755 2033 citatum,
1787 1972 1883 2025 sed
1912 1971 2075 2023 etiam

473 2040 788 2095 damnatum
839 2057 1242 2109 nontmmquam
1296 2041 1663 2107 praedicatio
1710 2056 1833 2097 eum
1877 2042 2078 2110 quippe

477 2114 713 2189 maxime
748 2114 1029 2189 convenit
1057 2112 1190 2189 illud
1223 2110 1419 2189 (Epist.
1462 2111 1747 2189 16)_liujus
1779 2112 2029 2189 Doctoris
2061 2129 2074 2164 :

483 2201 500 2233 ι
540 2182 707 2237 Acciti
742 2183 1119 2251 frequentibus
1159 2182 1357 2238 litteris
1391 2182 1755 2249 lia:retici,'ut
1785 2199 1844 2238 se
1887 2182 2077 2238 delen-

475 2256 690 2336 derennt,
724 2258 910 2309 venire
941 2271 1046 2309 non
1076 2263 1201 2336 sunt
1227 2256 1379 2336 ausi_:
1400 2265 1657 2336 tantaque
1687 2257 1766 2307 vis
1790 2255 2077 2311 conscien-

479 2325 567 2379 tite
599 2326 720 2390 fuit,
753 2333 809 2379 ut
842 2330 1017 2396 magis
1053 2327 1314 2397 absentes
1344 2325 1610 2391 damnari,
1642 2344 1800 2395 quam
1833 2342 2075 2397 praised-

479 2406 561 2449 tes
592 2398 815 2463 coargui
852 2395 1169 2452 maluerint.
1207 2416 1224 2448 ι
1258 2397 1326 2451 At
1368 2396 1703 2466 Theophilus
1744 2395 1865 2452 loco
1907 2397 2077 2451 allato

479 2483 638 2523 uuam
688 2482 953 2523 memorat
1000 2469 1303 2523 sententiam
1352 2470 1403 2521 in
1449 2469 1665 2536 impium
1710 2470 1847 2539 (hoc
1892 2479 1977 2524 est
2022 2470 2075 2524 in

480 2555 643 2593 unum
668 2539 981 2610 Origencm)
1002 2542 1179 2593 latam.
1208 2540 1274 2594 Et
1297 2540 1582 2611 commode
1611 2540 1928 2611 intelligitur
1953 2540 2076 2595 Hie-

480 2626 742 2680 ronymus
787 2611 1077 2665 btercticos
1108 2623 1337 2667 eatenus
1367 2610 1571 2666 dixisse
1602 2611 1908 2677 damnatos,
1944 2628 2075 2680 qua»

480 2691 640 2753 tenus
691 2683 953 2736 damnato
1001 2681 1261 2753 Origene,
1293 2683 1640 2738 condemnati
1682 2695 1974 2737 censentur
2021 2693 2075 2737 et

484 2752 540 2824 ii,
577 2753 666 2822 qui
716 2755 996 2808 erroribus
1047 2756 1239 2810 iisdem
1291 2755 1657 2824 implicantur.
1713 2754 1896 2824 Neque
1944 2772 2074 2809 vero

481 2823 737 2879 Rullnttm
766 2826 833 2879 ab
862 2826 1151 2881 Anastasio
1181 2823 1492 2881 damnatum
1517 2835 1711 2881 sonant
1741 2823 1855 2881 lucc
1886 2825 2048 2880 Hiero

484 2899 629 2967 nymi
674 2897 763 2950 ili).
813 2912 848 2950 tt
897 2897 1038 2965 apol.
1079 2897 1333 2951 Rnlinutn
1376 2898 1552 2967 ipsum
1587 2897 1663 2950 sic
1702 2898 2070 2967 alloquentis:

488 2985 507 3016 ι
544 2968 649 3021 Cur
684 2972 1043 3022 translaturus
1071 2972 1346 3031 litt-retice,
1379 2972 1430 3022 in
1469 2967 1842 3023 defensionem
1885 2985 2070 3023 eorum

485 3041 767 3112 prietnittis
797 3041 950 3109 quasi
983 3040 1231 3112 Martyris
1262 3042 1482 3103 librum,
1513 3052 1567 3094 et
1595 3040 1644 3093 id
1681 3040 1939 3094 Romanis
1979 3056 2073 3093 au-

482 3110 633 3164 ribus
664 3114 885 3180 ingeris,
916 3110 1060 3179 quod
1100 3110 1421 3166 tianslatum
1458 3122 1603 3165 tutus
1641 3112 1785 3166 orbis
1821 3112 2071 3179 eripui-it?

2179 487 2297 545 rum
2331 472 2477 545 illum
2524 473 2757 528 necdum
2801 473 2911 529 lata
2944 473 3215 545 sententia
3256 472 3571 528 damnatum
3609 472 3781 545 signi—

2178 544 2325 614 ticat.
2369 543 2468 601 Ubi
2497 546 2644 599 enim
2674 560 2704 600 a
2734 560 2993 613 supremo
3019 544 3204 614 judice
3237 546 3347 599 lata
3374 548 3643 601 sententia
3665 543 3779 611 est,

2178 612 2357 667 nullus
2380 615 2493 683 jam
2530 627 2781 685 superest
2804 612 3111 671 defensioni
3144 616 3297 670 locus
3322 634 3333 668 :
3358 616 3452 671 sed
3486 633 3652 672 unum
3683 634 3780 674 reo

2177 692 2368 758 restat,
2399 698 2457 739 ut
2482 696 2579 740 snt
2605 687 2801 758 ιιιάὲεῆ
2828 688 3097 743 sustineat
3118 703 3353 758 pinnam,
3388 699 3483 742 aut
3512 690 3571 743 ιιι
3591 704 3785 745 emen-

2176 756 2267 811 det
2297 766 2516 826 propter
2539 757 2685 827 quod
2712 758 2987 827 judicatus
3019 756 3129 814 est.
3158 760 3263 814 Sed
3297 759 3425 829 quid
3455 760 3649 815 alienis
3677 762 3783 815 im-

2179 843 2367 902 morer
2418 831 2789 902 argumentis,
2846 846 2967 902 cum
3030 831 3357 887 Anastasius
3417 831 3469 885 in
3530 832 3783 902 subjecta

2174 900 2407 968 epistola
2448 916 2475 952 a
2513 900 2723 969 judicio
2759 900 2828 957 de
2866 901 3065 957 Rufino
3094 903 3317 957 ferendo
3347 916 3472 957 sese
3506 900 3782 957 sustinere

2175 980 2492 1026 constanter
2533 969 2791 1026 aﬂectet?
2818 974 3017 1043 quippe
3060 976 3144 1027 cui
3179 973 3417 1027 nondum
3460 977 3592 1028 satis
3629 990 3783 1028 com-

2177 1050 2387 1109 pertqu
2428 1052 2567 1107 erat,
2599 1058 2703 1111 qua
2744 1044 2837 1099 ille
2867 1054 3049 1100 tuente
3094 1044 3262 1100 libros
3304 1044 3557 1112 Origenis
3586 1045 3782 1100 Latine

2178 1113 2569 1169 transtulisset.
2634 1113 2777 1171 Sane
2833 1116 2876 1170 si
2937 1116 3267 1175 sententiam
3326 1116 3593 1171 adversus
3649 1134 3780 1172 cum

2173 1182 2423 1258 dixisset,
2451 1182 2568 1258 tunc
2598 1195 2693 1258 aut
2723 1186 2846 1254 ipsi,
2869 1199 2962 1240 aut
2989 1188 3211 1254 βιαιωιί
3237 1186 3520 1247 Ecclesia.
3542 1189 3593 1242 in
3623 1190 3781 1258 cujus

2142 1254 2453 1326 ~territorio
2482 1256 2733 1325 degebat,
2771 1265 2866 1311 aut
2912 1259 3126 1326 publice
3175 1260 3543 1313 denuntianda
3579 1254 3778 1314 fuerat.

2175 1322 2230 1399 id
2266 1322 2661 1399 porr-omium
2716 1322 3226 1399 aperte-,signiiicat
3272 1331 3628 1393 Anastasius.
3681 1348 3783 1385 suo

2174 1395 2347 1469 ipsius
2380 1397 2589 1465 judicio
2626 1398 2879 1453 Rufinum
2910 1395 3261 1455 damnatione
3291 1402 3510 1469 dignum
3543 1404 3777 1467 censeri,

2175 1468 2217 1517 si
2251 1467 2515 1539 librorum
2542 1468 2813 1539 Origenis,
2846 1487 2980 1537 quos
3009 1473 3276 1527 latinitate
3304 1467 3548 1537 donavit,
3574 1474 3786 1529 doctri-

2176 1554 2298 1590 nam
2324 1538 2656 1610 approbarit.
2688 1540 2763 1596 De
2784 1541 2973 1597 eadem
3000 1558 3059 1599 re
3083 1544 3134 1597 in
3159 1548 3302 1598 notis
3331 1546 3591 1599 nonnulla
3616 1556 3785 1601 erunt

2176 1612 2489 1666 necessario
2517 1611 2864 1668 disserenda.

2775 1788 3112 1846 EPISTULA
3152 1789 3192 1845 l.

2182 1900 2473 1957 ANASTASII
2528 1901 2547 1956 Ι
2605 1901 2850 1960 ROUANE
2900 1919 3053 1961 URBIS
3105 1919 3342 1961 EPISCOPI
3404 1922 3470 1963 AD
3534 1905 3785 1965 Ιοικδιςιι

2220 2009 2513 2051 εριεεοιιιιιι
2537 1994 3023 2063 Jenosouuosms,
3049 2006 3073 2031 ³
3106 2012 3275 2055 scralt
3302 2012 3500 2055 nostin
3532 2000 3742 2056 Rurtut.

2181 2088 2225 2141 Α
2269 2087 2475 2143 Joanne
2525 2092 2790 2144 consultus
2845 2090 3178 2153 Anastasius,
3226 2101 3401 2145 utrum
3451 2092 3671 2163 Ruﬁnus
3720 2095 3785 2147 ob

2256 2200 2421 2237 versos
2449 2201 2475 2238 e
2522 2181 2704 2241 (ἕνα)εο
2736 2187 2788 2239 in
2837 2184 3091 2240 Latinum
3134 2186 3372 2257 Origcnis
3417 2190 3539 2264 περὶ
3576 2187 3784 2262 ’Δρχῶν

2253 2280 2411 2334 libros
2461 2280 2793 2337 damnandus
2830 2291 2982 2348 esset,
3018 2282 3332 2353 respondet,
3379 2283 3604 2351 seposita
3642 2283 3786 2335 otnm'

2251 2375 2545 2442 suspicione
2562 2373 2982 2446 perpentlendunt
3002 2390 3108 2428 esse
3128 2390 3227 2445 quo
3249 2375 3306 2427 id
3321 2375 3495 2428 mtimo
3512 2391 3783 2447 aggresst's

2251 2475 2395 2531 esset,
2424 2474 2472 2519 ct
2502 2483 2613 2521 eum
2640 2466 2850 2535 quidem
2880 2465 3257 2533 damnandam,
3293 2469 3333 2521 si
3373 2470 3583 2538 propria
3618 2478 3785 2522 mente

2252 2570 2297 2612 et
2335 2557 2556 2613 laudans
2594 2574 2657 2612 ac
2693 2558 2917 2630 probans
2946 2558 3296 2625 transtulerit,
3332 2576 3499 2614 secus.
3539 2560 3583 2613 si
3613 2559 3782 2629 ipsum

2250 2668 2501 2707 accusans
2527 2663 2789 2706 auctorem
2814 2668 2832 2706 :
2857 2669 2910 2707 se
2936 2670 3053 2707 vero
3078 2669 3182 2707 non
3212 2668 3344 2707 vano
3372 2655 3556 2707 timore
3582 2652 3782 2708 solliei-

2251 2745 2382 2809 tari,
2426 2744 2514 2797 sed
2554 2761 2765 2814 operam
2812 2744 3086 2812 daturum,
3140 2762 3203 2799 ne
3233 2744 3355 2800 hinc
3406 2743 3655 2800 Ecclesia:
3690 2761 3784 2817 per

2252 2837 2424 2891 orbem
2451 2849 2873 2911 corrumpantur.

2251 2995 2303 3049 1.
2348 2994 2649 3048 Anastasius
2674 3010 2729 3047 se
2758 2994 3065 3049 laudantem
3084 2994 3287 3060 laudat,
3317 3011 3376 3047 ac
3407 3002 3559 3065 ragat
3579 3004 3634 3046 ut
3663 2994 3783 3048 last-

2178 3087 2304 3140 dare
2330 3087 2553 3141 desinat.
2578 3115 2649 3128 -
2672 3087 2920 3142 Probata:
2947 3088 3165 3158 quidem
3194 3087 3503 3143 alectionis
3537 3096 3621 3141 est
3652 3086 3781 3153 hoc,

482 3189 574 3233 aut
601 3177 750 3235 certe
779 3182 823 3234 si
852 3177 974 3235 ideo
1001 3182 1378 3251 interpretaris
1414 3192 1470 3236 ut
1498 3198 1620 3237 cum
1652 3177 1964 3237 ltmrelicum
1990 3200 2076 3236 aro
2105 3184 2150 3246 C
2184 3189 2240 3235 ut
2282 3180 2626 3235 laudabiliter
2663 3180 2729 3235 de
2763 3179 3050 3237 sacerdote
3088 3178 3348 3236 sacerdos
3379 3177 3641 3250 loquaris.
3676 3177 3782 3233 Pro

484 3268 638 3322 guas,
660 3253 793 3306 nihil
812 3252 1080 3307 deGra-co
1101 3265 1297 3315 mutes,
1312 3264 1363 3307 et
1382 3254 1671 3322 hocipsum
1686 3255 1826 3322 quod
1846 3254 2080 3322 prudenv

487 3321 696 3395 tissime
730 3338 863 3393 papa
892 3324 1211 3379 Anastasius
1246 3326 1297 3377 in
1325 3321 1571 3393 epistola,
1606 3341 1766 3395 quam
1806 3321 1993 3381 centra
2026 3334 2079 3380 te

484 3394 674 3449 scribit
715 3396 780 3449 ad
823 3398 1139 3466 episcopum
1170 3396 1457 3462 Joannem,
1498 3412 1597 3450 suo
1628 3394 1893 3452 sermone
1930 3413 2079 3451 cout—

484 3466 675 3538 ploxus
703 3476 942 3538 estsine
988 3468 1229 3538 liberans
1258 3468 1347 3536 qui
1384 3468 1434 3521 id
1475 3468 1599 3537 feci,
1636 3478 1686 3522 to
1721 3483 1956 3538 arguens
1987 3471 2078 3538 qui

485 3536 663 3591 facere
697 3536 937 3591 noluisti.
972 3555 991 3589 ι
1028 3537 1123 3593 Ubi
1153 3538 1453 3593 notandum
1488 3536 1630 3608 and
1659 3539 1734 3594 ait
1761 3536 1807 3592 té
1835 3536 2078 3609 arguens,

486 3622 592 3661 non
639 3618 685 3661 te
732 3608 1116 3675 condemnatis;
1146 3621 1307 3679 atque
1336 3610 1408 3664 ita
1438 3626 1696 3681 arguens,
1734 3622 1791 3665 ut
1816 3608 1993 3667 adhuc
2026 3613 2079 3667 in

485 3691 752 3747 p0le>l.tlc
778 3681 950 3750 ipsius
972 3694 1120 3736 esset
1144 3683 1432 3751 praestandi
1453 3683 1593 3753 quod
1619 3683 1795 3738 facere
1820 3684 2080 3738 hactenus

483 3752 778 3819 omisisset,
828 3769 1003 3821 eoque
1044 3768 1197 3821 νυοιο
1239 3753 1752 3809 condemnationem
1799 3755 2077 3811 evaderet.

484 3820 734 3878 Nondum
782 3820 945 3893 igitur
992 3827 1100 3879 ulla
1142 3826 1404 3880 adversus
1444 3827 1594 3881 illum
1633 3827 1773 3882 dicta
1812 3836 1926 3879 erat
1957 3842 2083 3880 scn-

486 3897 651 3947 tentia
675 3913 686 3946 :
713 3898 810 3949 sed
839 3911 923 3949 res
951 3897 1246 3952 etimnnnin
1276 3897 1328 3951 in
1361 3912 1627 3964 suspenso
1650 3906 1790 3952 erat.
1816 3898 2083 3963 Quocirca

486 3965 575 4017 ubi
605 3966 798 4038 verbis
830 3966 1011 4019 allatis
1045 3970 1288 4035 proxime
1320 3968 1501 4021 subdit
1532 3969 1913 4038 Hieronymus.
1953 3986 1971 4019 s
2010 3973 2084 4024 Ac

485 4051 553 4089 ne
599 4035 824 4107 forsitan
877 4039 977 4090 hoc
1028 4052 1245 4105 quoque
1293 4052 1480 4106 neges,
1527 4035 1750 4105 suhjcci
1775 4042 2081 4107 exemplum

483 4107 602 4173 ejus
634 4126 652 4157 ι
694 4105 838 4177 (scil.
873 4109 1119 4176 cpistola:
1161 4108 1480 4177 Anastasii),
1516 4127 1534 4160 ‹
1572 4119 1627 4163 ιιι
1661 4111 1701 4162 si
1743 4126 1848 4164 non
1880 4105 1961 4163 vis
1991 4128 2085 4165 au-

488 4177 606 4231 dire
636 4176 859 4232 fratrem
895 4188 1229 4244 monentem,
1261 4176 1452 4232 audias
1482 4182 1797 4249 episcolnnn
1826 4182 2082 4237 condem-

486 4258 729 4315 nantetu,
771 4268 788 4300 ι
828 4264 933 4304 non
965 4250 1264 4303 absolutam
1299 4251 1820 4306 condemnationem
1852 4268 1947 4307 seu
1977 4254 2085 4311 lite-

489 4336 675 4375 reseos
719 4322 973 4376 convicto
1009 4321 1121 4389 jam
1160 4322 1360 4375 dictam
1399 4324 1727 4378 sententiam
1776 4334 1946 4389 notat,
1988 4325 2085 4382 sed

483 4391 912 4463 ltypotlteticam,
945 4408 1103 4461 quam
1139 4394 1377 4447 nondum
1423 4393 1643 4463 quidem
1688 4395 1937 4461 subierit,
1984 4399 2083 4453 sed

487 4462 630 4517 haud
654 4464 815 4534 dubie
840 4465 1118 4518 subiturus
1148 4465 1237 4527 sit,
1262 4468 1302 4517 si
1333 4467 1481 4534 quod
1516 4466 1661 4523 illum
1697 4480 1879 4522 monet
1908 4470 2084 4525 facere

490 4546 732 4605 spernat.
786 4533 957 4624 [intulit
996 4544 1056 4616 'et
1104 4536 1172 4590 de
1220 4533 1620 4618 posterioribus
1659 4538 1898 4624 scriptis.
1930 4557 2084 4624 Ianno
2115 4565 2162 4624 Β

486 4617 749 4679 sequente
805 4606 856 4661 in
914 4606 1193 4679 Orientem
1232 4608 1433 4679 illliSslS
1484 4606 1800 4664 sermonem
1858 4610 2082 4679 habens,

493 4695 511 4728 ι
542 4677 594 4731 in
627 4677 847 4747 quibus,
874 4696 893 4729 ι
924 4678 1099 4750 inquit
1129 4678 1195 4733 ad
1229 4678 1507 4746 Rulinum,
1540 4700 1558 4732 ι
1596 4696 1730 4750 papa
1760 4677 2082 4737 Anastasius

490 4750 653 4803 tantis
696 4758 747 4806 te
784 4762 942 4807 ornat
971 4749 1218 4816 floribus,
1248 4762 1303 4805 ut
1330 4767 1452 4807 cum
1482 4768 1545 4807 ea
1574 4749 1792 4823 legeris,
1824 4756 1993 4825 magis
2029 4765 2081 4812 te

562 4951 586 4978 ει
628 4942 684 4995 in
714 4939 844 4995 edit.
890 4938 1046 4993 Rom.
1089 4947 1145 4994 et
1178 4939 1377 4995 concil.
1422 4938 1766 4994 desideratur
1799 4954 1955 5009 super
1993 4956 2087 4995 no-

493 5014 626 5067 mine
672 5012 869 5079 lin/ini.
925 5011 1285 5083 Hieronymus
1334 5009 1587 5066 Ruﬁnum
1640 5011 1925 5079 alloquens
1977 5028 2083 5067 non

486 5102 640 5157 super
678 5085 882 5138 nomine
911 5093 1020 5149 tuo,
1053 5090 1146 5139 sed
1179 5083 1504 5154 simpliciter
1539 5093 1719 5136 contra
1758 5093 1804 5135 te
1842 5084 2087 5155 scriptam

490 5158 643 5213 dicit.

560 5231 585 5269 ι)
627 5230 882 5293 Garner.,
916 5229 1170 5282 immerito
1194 5228 1245 5281 in
1285 5243 1363 5281 me
1390 5243 1406 5280 :
1437 5227 1502 5281 iis
1532 5227 1694 5280 etiam
1725 5240 1856 5279 mss.
1889 5226 2084 5293 quibus

488 5317 619 5359 usus
644 5312 749 5366 est,
780 5301 1196 5372 refragantibus.
1224 5299 1337 5352 Non
1364 5299 1685 5372 displiceret
1715 5298 1766 5349 in
1794 5313 1874 5351 me
1906 5298 2085 5351 imme-

485 5376 639 5429 ritum
666 5388 686 5428 :
710 5373 804 5427 sed
829 5368 961 5427 sana
990 5374 1152 5426 etiam
1176 5383 1259 5425 est
1282 5380 1337 5425 et
1362 5372 1530 5424 nitida
1556 5368 1732 5431 lectio,
1759 5383 1918 5437 quam
1947 5384 2074 5425 mss.

487 5448 767 5502 exhibent.

562 5531 581 5557 ο
628 5520 682 5572 in
717 5530 847 5570 mss.
875 5514 1120 5569 Cluniae.
1155 5524 1208 5568 ct
1240 5514 1477 5579 Bellov.,
1512 5521 1557 5565 et
1584 5528 1805 5567 eorum:
1838 5520 2002 5569 recte.
2034 5512 2078 5565 si

489 5594 734 5657 proxime
764 5596 1089 5659 sequeretur
1125 5587 1371 5659 virtutum
1399 5601 1529 5656 quas
1561 5583 1875 5659 inADomino
1903 5584 2076 5659 habes.

560 5658 586 5697 ιι
627 5661 703 5714 lta
735 5655 965 5716 Gariier.
998 5674 1119 5713 cum
1153 5673 1284 5713 mss.
1320 5657 1493 5711 Vatic.
1528 5664 1584 5711 ct
1614 5655 1817 5709 Bellov.
1854 5658 1921 5709 At
1950 5656 2080 5711 editi

489 5730 602 5797 alii,
640 5730 770 5783 Tam
813 5734 1107 5786 eminenter.
1141 5726 1323 5787 Codex
1364 5727 1552 5792 Clun.,
1587 5727 1777 5797 Tamen
1808 5728 2077 5783 eminente.

489 5796 721 5870 Exque
770 5805 1079 5871 cOojectura
1125 5812 1207 5857 est
1252 5800 1568 5872 legendum,
1614 5796 1746 5854 Tam
1783 5799 1917 5857 enim
1957 5799 2081 5855 emi-

2184 3281 2333 3328 tanto
2364 3273 2529 3343 igitur
2557 3274 2853 3342 parconio,
2884 3272 3029 3343 quod
3057 3270 3083 3309 ἱ»
3116 3274 3166 3327 iu
3196 3274 3395 3327 merita.
3423 3286 3549 3325 meo.
3574 3268 3784 3324 causis-

2183 3366 2381 3419 simum
2428 3364 2745 3429 contulisti,
2798 3373 2855 3417 ut
2900 3364 3072 3417 amori
3124 3372 3218 3418 tuo
3267 3364 3471 3434 gratias
3515 3377 3653 3433 ago,
3707 3360 3787 3415 ita

2184 3457 2536 3529 splendorem
2569 3469 2671 3512 tu:c
2701 3459 3025 3523 sanctitatis,
3056 3467 3111 3512 et
3143 3468 3163 3495 ε
3190 3472 3283 3513 eas
3312 3473 3445 3528 quas
3471 3457 3523 3512 in
3558 3453 3782 3513 Domino

2186 3550 2353 3605 habes
2401 3551 2662 3616 virtutes,
2708 3550 2941 3607 subinde
2989 3550 3224 3621 quodam
3280 3550 3444 3607 modo
3496 3549 3786 3620 parvitatis

2186 3655 2386 3699 nostra:
2425 3644 2743 3700 favorabilis
2769 3659 2952 3699 sermo
2996 3644 3364 3714 prosequitur.
3394 3642 3421 3681 ἀ
3448 3643 3581 3698 Tun
3610 3642 3781 3706 caiisa,

2186 3738 2268 3790 vir
2299 3735 2542 3791 omnium
2588 3737 3060 3805 przestantissime,
3096 3735 3313 3791 laudum
3365 3745 3578 3788 tuarum
3614 3733 3783 3804 fulges

2188 3826 2369 3882 nitore
2410 3830 2763 3899 conspicuus,
2796 3838 2854 3882 ut
2898 3843 2993 3898 par
3034 3842 3159 3884 esse
3197 3826 3403 3882 meritis
3445 3839 3629 3881 sermo
3669 3838 3781 3881 non

2188 3922 2379 3991 possit.
2409 3921 2579 3976 Porro
2620 3932 2801 3977 autem
2843 3932 2993 3976 tanto
3030 3922 3306 3978 titulorum
3344 3932 3559 3978 tuorqu
3602 3924 3787 3992 rapior

2187 4013 2561 4082 incitamento,
2596 4024 2653 4069 ut
2690 4018 2857 4071 etiam
2893 4017 3037 4088 quod
3084 4018 3379 4088 impetrare
3424 4030 3656 4087 nequeo,
3688 4031 3783 4071 au-

2188 4107 2319 4163 dere
2346 4124 2453 4164 non
2485 4109 2753 4165 desinam.
2800 4109 2917 4165 Jam
2971 4112 3074 4167 hoc
3113 4111 3180 4166 de
3231 4110 3480 4167 laudibus
3527 4112 3633 4167 tuis
3675 4119 3779 4176 est,

2186 4202 2331 4273 quod
2367 4216 2453 4257 me
2486 4203 2866 4259 tantummodo
2897 4206 2965 4260 de
2990 4204 3232 4261 cmicstis
3257 4204 3417 4260 istius
3442 4205 3607 4260 animi
3636 4220 3787 4261 sere-

2191 4296 2358 4350 nitate
2391 4297 2645 4352 laudasti.
2683 4298 2782 4352 Tui
2813 4300 3012 4353 etenim
3038 4299 3385 4369 episcopatus
3412 4299 3549 4354 ordo
3576 4299 3784 4369 perspi-

2187 4402 2319 4442 cuns
2357 4404 2455 4459 per
2487 4398 2509 4425 ο
2538 4389 2814 4445 diversum
2846 4390 3030 4446 orbem
3064 4390 3216 4446 velut
3248 4389 3487 4456 radians,
3522 4389 3686 4443 etiam
3718 4387 3786 4444 ad

2191 4496 2291 4535 nos
2331 4481 2642 4550 splendoris
2669 4482 2751 4537 sui
2782 4482 2982 4537 detulit
3018 4481 3345 4539 claritatem.
3379 4481 3436 4536 ιιι
3470 4496 3557 4537 nte
3586 4481 3788 4551 quippe

2194 4583 2364 4627 totum
2404 4572 2421 4611 ί
2460 4575 2575 4645 ipse
2612 4574 2867 4629 amicitiai
2917 4574 3129 4639 tribuis,
3158 4575 3400 4630 examini
3443 4574 3575 4629 nihil
3617 4574 3787 4629 niln-

2190 4667 2331 4736 quis.
2365 4667 2471 4721 Aut
2503 4668 2547 4721 si
2584 4667 2707 4737 jure
2754 4682 2841 4723 me
2882 4666 3091 4735 laudas,
3127 4678 3183 4722 tu
3225 4681 3445 4738 quoque
3473 4675 3497 4713 ε
3527 4665 3787 4722 similiter

2190 4776 2296 4817 non
2338 4761 2704 4818 relaudandus
2740 4761 2839 4819 es?
2874 4761 3115 4819 Obsecro
3157 4762 3319 4834 igitur
3361 4762 3431 4820 ob
3472 4769 3784 4831 utrumque,

2188 4951 2358 4996 nente.

2262 5024 2285 5050 ο
2324 5012 2556 5069 Garner.
2576 5055 2589 5076 ,
2622 5031 2712 5081 per
2740 5016 3030 5070 universum
3054 5016 3295 5070 orbem...
3338 5013 3634 5079 splendoris
3662 5011 3735 5066 tui
3764 5052 3776 5066 .

2189 5085 2551 5140 renitentibus
2574 5087 2700 5140 aliis
2724 5087 2883 5141 editis
2912 5096 2967 5141 et
2994 5086 3233 5156 scriptis.
3277 5086 3557 5140 Diversum
3592 5085 3780 5156 orbem

2185 5157 2490 5226 intelligere
2519 5166 2605 5211 est
2627 5158 2707 5213 vel
2730 5159 3006 5214 Orientem
3033 5168 3087 5214 et
3109 5155 3456 5213 Occidentem
3482 5157 3669 5219 simul,
3698 5155 3783 5210 vel

2186 5229 2514 5301 simpliciter
2541 5228 2916 5301 Occidentem,
2941 5234 3031 5301 qui
3054 5229 3302 5286 diversus
3324 5238 3415 5285 est
3432 5229 3595 5282 abeo
3620 5242 3782 5298 quem

2186 5298 2423 5354 Joannes
2456 5300 2750 5355 incolebat.

2262 5368 2280 5407 ί
2321 5372 2375 5446 ln
2401 5388 2501 5426 ms.
2529 5371 2758 5439 Bellum,
2781 5381 2938 5428 totum
2963 5382 3069 5427 tum
3090 5375 3218 5446 ipse.
3244 5375 3324 5427 An
3351 5388 3449 5443 pro
3476 5381 3638 5427 totum
3659 5368 3781 5425 dum

2183 5442 2291 5497 inse
2310 5444 2335 5496 ?

2204 5460 2291 5560 p8:
2310 5460 2547 5570 Eumer.
2577 5530 2699 5570 cum
2725 5532 2827 5570 ms.
2853 5516 3087 5578 Bellum,
3112 5515 3270 5571 simili
3293 5524 3469 5570 tenore
3487 5512 3782 5570 laudandus

2184 5601 2254 5638 es.
2283 5586 2568 5642 Sincerior
2596 5588 2707 5641 visa
2738 5599 2821 5643 est
2846 5590 3014 5644 lectio
3045 5590 3207 5643 Clun.
3244 5603 3346 5641 ms.
3374 5599 3429 5642 et
3457 5598 3780 5642 ctuterormn

2183 5657 2474 5713 editorum.
2512 5658 2567 5712 ln
2594 5659 2676 5713 Itis
2706 5673 2883 5715 autem
2916 5658 3082 5714 editis
3112 5674 3235 5712 mox
3268 5658 3611 5716 desideratur
3639 5652 3783 5725 apud

2182 5744 2311 5811 me}
2359 5729 2501 5801 (ιυοά
2520 5730 2755 5799 perinde
2782 5739 2871 5786 est
2908 5740 3071 5802 atque
3112 5731 3279 5786 etiam
3327 5728 3379 5785 in
3428 5731 3649 5804 scriptis
3681 5725 3785 5797 prio

2181 5808 2344 5856 vatis.
