4194 6192
530 284 599 347 ’11

1872 282 2234 344 ANASTASII
2275 282 2293 338 Ι
2336 280 2538 340 ΡΑΡΑΞ

3770 283 3842 341 72

525 411 612 459 sat
640 409 942 466 auctorem,
972 409 1028 458 et
1057 401 1420 459 execrandum
1450 400 1649 457 factum
1675 400 1894 471 populis
1924 402 2123 471 prodit,
2158 408 2203 465 Α
2235 416 2393 456 aures
2418 401 2887 456 circumstantium
2924 398 3238 467 vulnerent,
3281 400 3484 472 jurgia,
3538 400 3672 467 iras,
3719 402 3837 456 dis-

529 504 592 550 ut
632 494 795 565 justis
833 494 1051 550 tandem
1084 493 1225 549 odiis
1256 500 1530 556 teneatur,
1573 508 1735 563 quem
1773 492 1885 562 jam
1930 493 2133 549 dudum

525 589 670 644 fama
696 588 1127 644 constrinxerat.
1163 587 1221 643 Si
1253 601 1386 643 vero
1416 587 1690 657 interpres
1718 594 1993 642 tantorum
2024 602 2137 641 ma-

526 682 703 737 lormn
741 692 768 719 α
812 694 1144 738 consensum
1195 690 1446 750 praestat,
1483 689 1539 736 et
1585 679 1814 750 legenda
1864 679 2043 749 prodit
2080 679 2133 735 in

527 774 758 845 pepulos
782 791 797 839 ;
831 774 967 830 nihil
993 774 1144 829 aliud
1176 774 1259 829 sui
1286 788 1453 845 opera
1480 772 1684 829 laboris
1712 772 2002 839 exstruxit,
2027 773 2135 828 nisi

526 877 586 924 ut
626 858 858 939 propria:
896 867 924 907 δ
965 868 1132 924 veluti
1165 868 1364 923 mentis
1404 866 1631 923 arbitrio
1660 866 1800 933 haec,
1846 882 1967 938 qua:
1994 866 2130 932 sola,

522 976 646 1032 quae
674 962 849 1031 prima
874 1002 887 1027 ,
928 976 1051 1031 quae
1082 960 1223 1031 apud
1255 959 1558 1015 catholicos
1585 958 1915 1015 christianos
1945 970 1967 997 ο
2001 974 2131 1016 vera

523 1054 631 1111 ﬁde
657 1055 768 1125 jam
812 1052 1011 1111 exinde
1052 1054 1121 1109 ab
1160 1052 1443 1124 Apostolis
1483 1052 1536 1107 in
1571 1052 1678 1107 hoc
1716 1069 1890 1125 usque
1924 1064 2132 1125 tempus

521 1156 795 1213 tenentur,
830 1149 856 1184 ά
889 1147 1185 1216 in0pinatte
1215 1146 1375 1201 titulo
1403 1146 1726 1201 assertionis
1755 1155 2054 1203 everteret.

593 1243 647 1298 5.
690 1242 955 1296 Anastasii
982 1240 1252 1311 vigilantia
1279 1240 1529 1294 adversus
1559 1257 1774 1311 pravam
1814 1241 2126 1297 doctrinam.

525 1333 769 1408 Origenis
795 1334 942 1388 lectio
971 1331 1328 1401 imperialibus
1349 1331 1530 1385 edictis
1552 1332 1833 1400 prohibita.
1850 1332 2085 1387 —Absit
2104 1344 2128 1371 θ

523 1428 632 1484 hoc
662 1428 730 1483 ab
761 1426 1026 1484 Ecclesia:
1051 1426 1311 1481 Romanae
1334 1426 1605 1481 catholica
1631 1425 1942 1497 disciplina.
1967 1425 2131 1482 Num-

521 1536 685 1591 quam
723 1519 967 1588 profecto
996 1519 1233 1583 eveniet,
1266 1518 1446 1588 aliqua
1479 1528 1537 1572 ut
1572 1516 1693 1572 haec
1730 1517 2011 1572 admittam
2037 1533 2127 1572 ra-

520 1613 694 1679 tione,
728 1626 849 1682 quin
873 1610 1000 1681 jure
1041 1611 1346 1681 meritoque
1392 1610 1736 1665 damnamus.
1785 1611 2128 1683 Quapropter

516 1706 605 1762 illa
640 1714 755 1760 toto
793 1706 927 1760 orbe
956 1704 1159 1760 Christi
1192 1705 1286 1760 Dei
1330 1705 1503 1761 nostri
1550 1703 1746 1759 dill’usa
1790 1705 2125 1775 providentia

2239 495 2632 564 sensionesque
2678 493 2987 564 disponant.
3039 494 3156 563 Qua
3204 510 3266 550 re
3317 495 3336 531 τ
3394 495 3558 561 moti,
3618 496 3835 567 qualem

2238 588 2525 657 epistolam
2555 588 2621 643 ad
2650 588 2874 645 fratrem
2909 597 2964 644 et
2992 589 3382 659 coepiscopum
3413 599 3656 646 nostrum
3682 602 3707 638 ε
3729 591 3838 649 Ve~

2237 681 2449 735 nerium
2480 680 2811 752 diligentiori
2840 696 2971 736 cura
3006 682 3363 752 perscriptum
3387 683 3621 753 parvitas
3651 692 3835 741 nostra

2235 774 2623 842 transmiserit,
2656 789 2721 829 ex
2755 772 2990 828 subditis
3020 774 3226 843 poteris
3255 776 3638 846 comprobare.
3675 776 3836 834 Unde

2233 864 2399 935 igitur
2427 865 2623 920 habeat
2653 880 2837 921 secum
2870 865 2963 921 ille
2989 865 3081 937 qui
3107 867 3397 933 transtulit,
3422 876 3710 939 servetque
3729 868 3835 925 sibi

2233 957 2372 1013 hanc
2404 958 2794 1014 conscientiam
2817 999 2831 1023 ,
2863 973 2969 1013 non
3003 959 3275 1028 superﬂua
3304 960 3491 1016 laboro
3520 960 3831 1029 formidine,

2231 1067 2410 1123 neque
2441 1053 2589 1108 inani
2622 1051 2816 1107 timore
2848 1052 3141 1107 sollicitor.
3174 1052 3301 1107 Mihi
3330 1051 3360 1090 ιι
3386 1063 3535 1111 certe
3563 1070 3691 1111 cura
3722 1070 3831 1112 non

2230 1142 2409 1200 deerit
2434 1143 2711 1214 Evangelii
2740 1141 2902 1199 ﬁdem
2926 1143 3071 1199 circa
3095 1158 3242 1199 meos
3270 1145 3550 1202 custodire
3580 1148 3827 1219 populos,

2232 1248 2521 1310 partesque
2559 1237 2574 1275 ί
2608 1238 2857 1308 corporis
2886 1237 3016 1305 mei,
3052 1252 3147 1308 per
3176 1239 3349 1308 spatia
3395 1239 3609 1295 diversa
3651 1251 3828 1297 terra-

2229 1350 2349 1389 rum
2386 1336 2433 1401 i,
2462 1344 2725 1405 quantum
2759 1348 3004 1403 possum,
3034 1333 3230 1389 litteris
3256 1334 3581 1401 convenire,
3626 1351 3695 1392 ne
3724 1352 3826 1408 qua

2230 1428 2470 1498 profana:
2502 1426 2970 1497 interpretationis
2999 1426 3155 1496 origo
3184 1428 3472 1498 subrepat,
3505 1443 3626 1499 quae
3654 1429 3828 1485 devo-

2232 1533 2312 1577 tas
2339 1535 2552 1578 mentes
2591 1521 2831 1577 immissa
2878 1520 2962 1576 sui
3002 1521 3234 1592 caligine
3256 1519 3281 1558 ιι
3306 1522 3631 1580 labefactare
3656 1539 3824 1581 cone-

2229 1622 2338 1668 tur.
2366 1613 2499 1668 lllud
2529 1628 2769 1684 quoque,
2792 1613 2935 1682 quod
2968 1614 3220 1669 evenisse
3247 1614 3476 1685 gaudeo,
3507 1628 3687 1673 tacere
3714 1634 3821 1674 non

2210 1709 2396 1779 .potui.
2431 1708 2867 1763 beatissimorum
2904 1708 3204 1779 principum
3232 1719 3542 1777 nostrorum
3576 1728 3825 1771 manasse

519 1798 758 1869 probare
782 1796 1118 1868 dignabitur,
1147 1797 1398 1867 accipere
1429 1810 1528 1851 nos
1553 1797 1775 1851 omnino
1810 1814 1918 1852 non
1966 1812 2125 1867 posse
2154 1806 2203 1866 Β
2231 1816 2512 1872 responsa,
2545 1802 2743 1871 quibus
2778 1803 3149 1871 unusquisque
3177 1804 3287 1857 Deo
3316 1804 3562 1860 serviens
3601 1806 3668 1860 ab
3699 1808 3821 1862 Ori—

514 1909 635 1966 quae
664 1893 968 1949 Ecclesiam
1003 1893 1299 1959 maculent,
1330 1893 1584 1963 probatos
1615 1908 1799 1949 mores
1831 1903 2117 1962 evertant,

581 2045 610 2073 ⁸
652 2032 830 2097 Editi,
872 2034 1128 2087 malorum
1166 2032 1425 2086 erroribus
1466 2046 1770 2085 consensum
1807 2040 2035 2099 praestat,
2066 2041 2113 2085 et

508 2107 727 2179 legenda
768 2106 927 2176 impia
971 2104 1215 2175 dogmata
1256 2104 1470 2174 prodit:
1495 2104 1832 2171 castigantur
1874 2104 2115 2158 auctori-

512 2188 624 2287 tat:
826 2247 1056 2303 Garner.
1079 2288 1091 2307 ,
1118 2247 1344 2321 propria:
1364 2245 1639 2300 voluntatis
1660 2245 1895 2301 arbitrio.
1915 2243 2109 2300 Nostra

508 2322 672 2378 lectio
701 2318 783 2375 est
808 2331 1132 2373 caeterorum
1159 2318 1444 2373 librorum.

582 2405 604 2431 ο
646 2392 707 2447 In
750 2404 881 2446 mss.
934 2391 1174 2453 Bellov.,
1220 2406 1360 2443 mera
1406 2388 1529 2457 fide.
1578 2386 1633 2441 In
1682 2387 1813 2443 edit.
1860 2386 2022 2442 Rom.
2056 2398 2111 2444 et

506 2464 731 2526 concil.,
769 2462 919 2516 Hanc
944 2477 1057 2529 qua:
1078 2461 1190 2515 sola
1211 2471 1259 2515 et
1288 2476 1403 2528 qua:
1444 2459 1614 2529 prima
1655 2461 1797 2528 apud
1827 2459 2108 2514 catholicos

508 2535 828 2591 Christianos
854 2550 971 2586 vera
999 2532 1197 2601 ﬁdes...
1232 2540 1450 2585 tenetur.

576 2604 603 2645 ἀ
644 2606 802 2675 Apud
835 2603 1066 2660 Garner.
1101 2604 1441 2675 desideratur
1481 2601 1784 2675 inapinatte,
1824 2601 1974 2675 quod
2017 2602 2105 2658 hic

507 2673 732 2747 perinde
757 2687 841 2733 est
869 2688 1033 2745 atque
1061 2690 1205 2728 nova:
1232 2685 1288 2729 et
1314 2674 1467 2747 cujus
1494 2688 1596 2747 nec
1614 2673 1798 2747 opinio
1821 2673 2102 2747 hominum

504 2743 721 2805 animos
754 2743 1014 2803 hactenus
1045 2754 1373 2813 pervaserat.
1406 2743 1563 2800 Vocis
1586 2744 1742 2813 hujus
1772 2744 1892 2799 loco
1916 2745 1969 2799 in
1995 2761 2097 2799 ms.

508 2819 724 2876 Bellov.
754 2828 933 2876 exstat
961 2820 1028 2870 im
1036 2818 1157 2886 μία).
1788 2848 1791 2851 -

581 2901 605 2929 ε’
646 2892 719 2947 Ita
755 2906 886 2946 mss.
918 2885 1042 2944 cum
1071 2888 1301 2944 Garner.
1349 2887 1455 2941 Alii
1486 2902 1612 2941 vero
1638 2885 1791 2951 editi,
1823 2886 1966 2941 Absit
1991 2886 2100 2940 haec

502 2964 566 3017 ab
595 2962 831 3018 Ecclesia
868 2961 1103 3015 Romana
1146 2975 1467 3029 nequaquam
1506 2957 1760 3029 catholica
1801 2958 2093 3027 disciplina.

502 3034 620 3089 Jam
653 3036 773 3089 sine
800 3032 1115 3101 ambagibus
1158 3030 1409 3101 Origenis
1452 3028 1757 3084 doctrinam
1786 3044 1816 3082 a
1846 3045 1909 3083 se
1940 3031 2095 3084 dam-

506 3109 626 3161 nari
655 3105 973 3159 Anastasius
996 3103 1256 3157 declarat.

582 3176 599 3213 ί
648 3177 701 3229 In
732 3192 832 3229 ms.
863 3175 1093 3236 Bellov.,
1119 3182 1275 3225 moto.
1304 3171 1421 3225 Non
1448 3170 1759 3237 displiceret
1787 3180 1946 3236 mota,
1970 3170 2089 3226 scil.

504 3249 731 3317 parvitas
758 3256 956 3300 nostra.
979 3243 1035 3299 Ιιι
1058 3244 1213 3317 Clun.
1232 3253 1301 3317 ut
1330 3243 1469 3312 apud
1496 3241 1725 3317 Garner.
1746 3250 1926 3296 exstat
1945 3244 2090 3309 moti,

504 3312 701 3403 supple
727 3334 845 3400 cum
874 3332 1116 3371 essemus.
1148 3314 1242 3369 Vel
1276 3314 1379 3368 hoc
1420 3312 1745 3395 verbumita
1772 3325 2093 3368 conSIrncn-
2120 3341 2164 3403 C

502 3385 654 3457 dum,
689 3390 839 3460 quasi
870 3397 988 3456 post
1005 3397 1324 3460 sequeretur
1353 3385 1807 3460 transmiserimus,
1833 3399 1948 3460 non
1972 3400 2093 3460 par-

498 3456 834 3515 vitasnostra
863 3459 1222 3512 transmiserit.
1250 3456 1307 3510 In
1340 3456 1470 3510 edit.
1507 3456 1662 3508 Rom.
1691 3464 1747 3510 et
1773 3456 1973 3510 concil.
1999 3458 2093 3511 alc-

501 3544 721 3601 pravate
777 3531 1105 3586 eliciebatur
1158 3530 1260 3582 iste
1294 3527 1482 3601 Alocus‘
1528 3526 1578 3601 in
1633 3525 1775 3581 hunc
1824 3528 2086 3601 modum:

502 3597 674 3672 Quare
705 3619 857 3656 nosce
885 3602 1087 3672 qualem
1118 3599 1388 3672 epistolam
1414 3597 1500 3672 ad
1510 3599 1725 3666 fratrem
1751 3606 1804 3672 et
1830 3599 2085 3672 coepisco-

496 3669 619 3743 p'um
641 3683 872 3729 nostrum
901 3671 1169 3726 Venerium
1191 3670 1502 3743 diligentiori
1522 3685 1643 3743 cura
1661 3669 1883 3743 paruitas
1903 3669 2084 3740 (Rom.

490 3740 649 3812 edit.,
682 3746 931 3814 pravitas)
958 3752 1133 3797 nostra
1164 3741 1534 3814 transmiserit,
1569 3740 1765 3814 sibique
1804 3740 1936 3793 hanc
1965 3758 2088 3814 con-

489 3812 753 3872 scientiam
784 3812 1013 3885 fecerim,
1045 3831 1148 3885 qua
1175 3829 1279 3868 non
1314 3812 1579 3885 superﬂua
1615 3812 1854 3885 laborem
1899 3813 2084 3883 [armi-

491 3888 631 3954 dine,
663 3881 822 3957 neque
866 3888 1009 3939 inani
1058 3881 1241 3939 timore
1289 3881 1556 3938 solticiter.
1603 3881 1906 3957 Garnerins
1953 3898 2084 3957 vero

491 3969 614 4028 post
644 3954 866 4028 verbum
894 3957 1018 4009 moti
1045 3957 1289 4028 lacunam
1330 3968 1451 4028 esse
1497 3954 1821 4028 suspicatus,
1847 3954 2084 4028 hancde

487 4024 588 4084 suo
611 4027 939 4096 explendam
966 4026 1196 4096 CCIlallil.
1218 4025 1585 4096 Quamobrem
1609 4024 1879 4077 Anastasii
1904 4026 2083 4096 verbis

484 4116 584 4155 sex
616 4095 782 4168 prope
813 4113 1008 4152 versus
1036 4095 1274 4164 adjicere
1304 4110 1413 4147 non
1442 4095 1669 4157 veritus,
1696 4103 1901 4149 mutato
1928 4095 2084 4149 dum-

485 4178 634 4225 taxat
663 4173 1005 4235 charactere,
1031 4169 1172 4221 hunc
1202 4181 1395 4235 papam
1416 4181 1478 4218 ex
1506 4176 1877 4234 prasconcepla
1902 4174 2082 4222 mente

486 4244 568 4297 sic
600 4242 808 4296 inducit
854 4234 1290 4310 proiiuntiantem
1318 4254 1331 4289 :
1362 4234 1601 4309 Origenis
1641 4236 1845 4305 quidem
1890 4238 2080 4309 scripta

480 4323 529 4367 et
575 4330 773 4368 errores
819 4310 1569 4376 damnavimus:interpretem
1615 4323 1767 4374 vero,
1815 4322 1931 4361 cum
1978 4327 2080 4363 non

481 4386 608 4439 satis
654 4401 814 4455 neque
854 4400 949 4437 sua
990 4381 1294 4454 praefatione
1334 4378 1403 4432 ad
1442 4380 1598 4455 libros
1644 4378 2081 4455 Origenisneqne

480 4452 736 4525 apologia'
751 4457 819 4509 ad
850 4470 941 4507 nos
970 4452 1123 4506 missa
1150 4468 1202 4507 se
1228 4455 1537 4525 purgaverit,
1561 4452 1716 4525 immo
1745 4455 1875 4525 [orte
1898 4452 2077 4525 iisdem

478 4522 739 4580 errori—bus
765 4530 938 4592 reipsa
964 4525 1267 4587 consentiat,
1324 4523 1543 4576 Romam
1568 4523 1635 4574 ad
1653 4522 1917 4594 judicium
1941 4522 2077 4578 sedis

479 4599 782 4665 apostolica:
815 4599 1121 4658 vocarimus,
1148 4604 1196 4648 et
1223 4605 1516 4649 renuentem
1541 4593 1712 4646 venire
1747 4593 1923 4647 eadem
1961 4610 2077 4647 sen-

476 4670 637 4723 tentia
665 4669 992 4723 involvimus.
1042 4665 1399 4721 Damnationis
1427 4674 1596 4717 autem
1621 4665 1923 4717 sententiam
1936 4669 2077 4790 Ἰρα-

476 4740 638 4790 tribus
668 4742 857 4790 nostris
898 4737 1110 4790 Venerio
1149 4748 1197 4790 et
1240 4738 1535 4790 Chromatio
1575 4736 1895 4790 scripsimus.
1986 4753 2071 4790 nm

475 4740 638 4794 tribus
668 4742 857 4795 nostris
898 4737 1110 4793 Venerio
1149 4748 1197 4790 et
1240 4738 1535 4791 Chromatio
1575 4736 1895 4802 scripsimus.

475 4808 531 4865 in
569 4814 818 4868 subnexo
856 4810 1248 4866 commentario
1288 4807 1596 4877 huiusmodi
1641 4807 2069 4861 additamentum

474 4882 674 4952 triplici
704 4884 913 4937 ratione
944 4882 1255 4951 approbare
1279 4889 1528 4941 conatur,
1560 4893 1788 4949 quarum
1831 4878 1974 4952 nulla
2016 4879 2066 4933 id

472 4951 620 5022 quad
652 4953 784 5014 vult,
814 4952 1126 5007 necessario
1177 4953 1433 5014 coalicit,
1481 4964 1544 5003 ac
1592 4955 1891 5022 pris-serum
1947 4951 2067 5004 dua:

473 5021 764 5094 postremae
794 5026 976 5079 verbis
1008 5022 1273 5077 Anastasii
1310 5022 1393 5094 vel
1435 5021 1764 5090 depravatis,
1809 5023 1891 5094 vel
1938 5036 2064 5090 per-

472 5092 657 5165 peram
685 5094 974 5150 intellectis
1012 5098 1275 5149 nituntur.
1321 5093 1573 5148 Nonnulli
1610 5101 1795 5165 autem
1839 5092 2065 5147 charac-

470 5175 642 5221 terem
671 5166 796 5221 ideo
829 5174 1090 5221 mutatum
1113 5166 1462 5231 arbitrantes,
1486 5172 1543 5217 ut
1562 5164 1835 5218 sententia
1867 5164 2062 5218 adver-

466 5252 563 5292 sus
590 5238 884 5308 Origenein
913 5252 977 5291 ac
1008 5238 1255 5291 ltulininn
1297 5238 1507 5306 prolata
1554 5236 1765 5308 facilius
1809 5250 2063 5308 secerno:

466 5320 641 5374 retur,
673 5307 917 5363 a’ddititia
942 5308 1191 5364 Garnerii
1215 5312 1377 5360 verba
1405 5323 1500 5375 pro
1520 5307 1770 5376 genuinis
1790 5307 2057 5361 Anastasii

465 5388 814 5449 acceperunt.
850 5380 915 5434 Et
946 5382 996 5433 in
1030 5380 1173 5434 hunc
1202 5379 1420 5449 quidem
1466 5394 1710 5432 errorem
1752 5378 1933 5445 lapsus
1977 5387 2061 5433 est

465 5448 787 5509 nominatim
819 5456 944 5505 Ant.
973 5450 1167 5519 Pagius
1197 5448 1247 5503 in
1278 5448 1479 5505 CritiCo
1508 5464 1672 5518 opere
1701 5464 1800 5502 suo
1829 5450 1895 5501 ad
1926 5466 2054 5502 ann.

460 5525 588 5592 4m,
621 5542 673 5580 n.
708 5527 762 5577 9.
794 5521 993 5578 Verum
1028 5522 1170 5574 nulla
1197 5521 1308 5590 jam
1342 5521 1532 5573 subest
1573 5522 1733 5583 ratio,
1775 5535 1872 5574 cur
1916 5522 2058 5574 hunc

458 5593 735 5651 Anastasii
764 5596 963 5657 locum,
988 5594 1202 5662 qualem
1224 5592 1569 5656 exhibemus,
1602 5606 1706 5644 non
1732 5605 1926 5645 sanum
1966 5601 2058 5647 aut

458 5665 729 5738 integrum
762 5667 883 5738 quis
912 5667 1246 5738 suSpieetur.

532 5747 557 5785 ε
595 5737 644 5795 Is
696 5733 794 5794 est'
832 5733 1094 5792 Venerius
1144 5733 1566 5790 Mediolanensis
1614 5733 1937 5806 episcopus,
1986 5735 2054 5790 ad

458 5823 623 5883 quem
664 5810 829 5867 simul
871 5819 928 5867 et
968 5808 1035 5866 ad
1075 5807 1420 5865 Anastasium
1462 5815 1707 5863 nostrum
1762 5820 1906 5863 anno
1947 5807 2047 5864 401

2227 1893 2380 1964 genis
2413 1893 2644 1948 lectione
2676 1903 2999 1949 revocetur:
3046 1893 3060 1930 ι
3093 1895 3515 1967 damnatumque
3552 1900 3820 1956 sententia

2219 2028 2653 2099 Carthaginense
2714 2026 3008 2101 concilium
3074 2031 3283 2101 legatos
3336 2031 3552 2089 mittere
3615 2040 3822 2091 consu-

2221 2102 2367 2175 tuit,_
2424 2116 2693 2175 quemque
2760 2100 3151 2173 Hieronymus
3202 2111 3325 2172 post.
3382 2104 3525 2158 med.
3589 2106 3681 2161 lib.
3742 2124 3815 2175 ιι,

2219 2190 2272 2224 ιι.
2342 2172 2416 2237 2,
2480 2174 2626 2242 apol.
2689 2189 2813 2228 cum
2884 2172 3173 2227 Anastasio
3240 2176 3367 2228 item
3433 2185 3623 2231 nostro
3690 2172 3819 2234 nec;

2216 2259 2322 2320 non
2389 2243 2699 2320 '_l‘he0philo
2751 2244 3140 2320 ΔΛιίξιιιιιιάιξιιις)
3168 2287 3181 2310 ,
3221 2315 3233 2320 _
3265 2245 3582 2302 Chromatio
3651 2250 3816 2320 Aqui-

2216 2315 2446 2380 leiensi,
2499 2324 2553 2372 et
2617 2314 2767 2368 omni
2833 2331 2956 2371 cum
3026 2315 3264 2371 Orientis
3327 2328 3438 2372 tum
3505 2314 3814 2377 Occidentis

2212 2386 2615 2461 catholicorum
2643 2387 2871 2461 synodo
2890 2396 3160 2461 recenset,
3189 2398 3244 2441 ut
3271 2389 3360 2461 qui
3400 2390 3515 2455 pari
3541 2395 3811 2461 sententia,

2210 2458 2329 2522 quia
2350 2460 2471 2531 pari
2501 2468 2548 2510 et
2573 2458 2781 2531 spiritu,
2813 2459 2963 2511 illum
2993 2459 3354 2531 (Origenem)
3388 2462 3684 2516 htereticum
3715 2458 3808 2519 de;

2210 2530 2446 2599 nuntiant
2473 2528 2699 2599 populis.

2284 2597 2310 2636 ιι
2352 2597 2501 2667 Mss.,
2534 2600 2659 2653 mihi
2685 2616 2824 2655 cura?
2844 2618 2946 2655 non
2975 2602 3156 2656 deerit.

2286 2669 2300 2707 ί
2347 2673 2537 2736 Garn.,
2566 2682 2835 2746 partesque
2858 2674 3111 2739 corporis,
3140 2672 3344 2729 omisso
3371 2677 3506 2741 mei;
3535 2677 3663 2732 editi
3686 2679 3806 2746 alii,

2206 2752 2377 2809 partes
2418 2744 2601 2814 populi
2648 2745 2799 2798 mei:
2841 2750 3190 2814 corriguntur
3236 2761 3299 2799 ex
3352 2761 3483 2801 mss.
3532 2744 3806 2806 Ecclesias

2204 2814 2435 2883 corporis
2482 2815 2563 2867 sui
2608 2826 2777 2885 partes
2824 2832 2886 2870 ea
2935 2816 3186 2887 loquendi
3232 2817 3441 2873 ratione
3487 2822 3804 2879 Anastasius

2205 2895 2383 2957 Vocat,
2414 2901 2516 2954 qua
2551 2887 2768 2941 easdem
2798 2898 2851 2941 et
2887 2888 3210 2942 Cmiestinus
3250 2888 3412 2957 epist.
3446 2889 3536 2955 24,
3576 2893 3804 2947 membra

2201 2970 2263 3030 ac
2290 2956 2486 3030 viscera
2532 2973 2627 3030 sua
2665 2972 2965 3026 nuneupat,
2997 2968 3051 3013 et
3079 2975 3181 3029 qua
3215 2956 3442 3015 Sit-icius
3477 2964 3636 3030 epist.
3671 2980 3709 3029 ι,
3743 2982 3797 3019 ιι.

2200 3028 2290 3091 21,
2323 3028 2389 3080 ad
2413 3027 2597 3082 omnia
2623 3043 2681 3082 sc
2705 3030 3055 3098 respondisse
3082 3027 3370 3093 memorat,
3398 3034 3461 3085 de
3480 3027 3799 3098 quibam-in-

2200 3099 2318 3165 quit
2350 3098 2965 3175 Himeriutn‘alloquens
2989 3144 3002 3167 ,
3047 3102 3115 3175 ad
3158 3100 3445 3155 Romanam
3478 3098 3795 3175 Ecclesium,

2202 3178 2376 3241 utpote
2402 3180 2554 3240 caput
2584 3171 2659 3223 tui
2688 3173 2922 3241 corporis
2953 3173 3199 3226 retulisti.

2231 3311 2241 3321 .
2274 3242 2287 3289 ι
2339 3240 3009 3321 ln-vulgatishtcadditur
3039 3242 3260 3309 di/fusas
3286 3261 3304 3298 :
3330 3246 3473 3317 quod
3498 3262 3605 3303 non
3638 3264 3796 3320 repe-

2200 3314 2367 3365 rimus
2398 3314 2451 3366 in
2483 3314 2719 3381 scriptis.

2269 3381 2293 3419 ιί
2448 3382 2565 3437 hinc
2593 3384 2886 3458 respiciens
2921 3385 3285 3458 Hieronymus
3315 3390 3475 3458 epist.
3508 3390 3564 3455 8,
3595 3391 3659 3447 ad
3692 3393 3793 3449 De-

2197 3455 2535 3532 metriadem,
2571 3455 2643 3532 ab
2654 3455 3295 3532 Anastasio_perens~um
3327 3455 3400 3515 ait
3428 3478 3486 3515 ea
3498 3473 3591 3532 put
3619 3466 3792 3520 haere—

2194 3540 2336 3586 seos,
2361 3542 2474 3595 quin
2488 3527 2873 3596 simplicitatem
2895 3530 3043 3597 ﬁdei,
3063 3547 3175 3598 qna:
3192 3534 3417 3596 apostoli
3435 3527 3554 3589 voce
3577 3536 3791 3590 laudata

2192 3608 2287 3661 est,
2316 3599 2571 3665 polluere,
2597 3609 2643 3651 et
2674 3615 3052 3655 LABEPACTARE
3080 3617 3290 3657 conus
3313 3618 3428 3657 esr.

2270 3667 2284 3706 1
2331 3670 2405 3722 Ita
2439 3684 2571 3723 mss.
2620 3687 2742 3723 cmn
2771 3672 3003 3726 Garner.
3036 3674 3141 3726 Alii
3169 3688 3299 3726 vero
3326 3676 3495 3740 editi,
3533 3676 3790 3730 damnan-

2191 3738 2346 3804 dum,
2379 3751 2431 3794 et
2460 3755 2581 3794 mox
2600 3782 2615 3806 ,
2647 3744 2797 3796 lectio
2822 3760 3029 3808 rerum,
3068 3758 3171 3795 non
3202 3759 3368 3795 reum.
3399 3738 3528 3808 Qua:
3557 3746 3643 3800 hic
3672 3763 3787 3801 me-

2189 3821 2475 3885 morantur
2506 3813 3410 3885 principumresponsa,nusquam
3441 3828 3779 3885 comparent.

2192 3881 2552 3961 Hieronymus
2574 3883 2789 3950 quidem
2822 3883 2916 3961 lib.
2938 3898 2980 3961 _i_
3007 3882 3233 3961 Apolog.
3268 3885 3524 3961 praglicat
3551 3881 3578 3953 ,’
3602 3886 3783 3961 Impe-

2185 3952 2421 4028 ratornm
2448 3952 2661 4028 scripta,
2691 3970 2804 4023 qua:
2825 3954 2887 4007 de
2909 3954 3235 4028 Alexandria
3259 3952 3304 4007 et
3328 3952 3565 4028 zEgypto
3596 3952 3784 4028 Orige-

2186 4025 2346 4097 nistas
2374 4025 2496 4097 pelli
2518 4018 2753 4097 jubent,
2779 4028 2874 4079 sed
2909 4025 3170 4080 librorum
3204 4018 3775 4097 Origenis'lectionein

2276 4092 2531 4172 interdici
2554 4104 2716 4149 tacet.
2747 4096 2916 4172 Immo
2944 4097 3091 4151 circa
3119 4098 3167 4149 id
3193 4092 3404 4166 tempus
3431 4118 3457 4150 a
3489 4099 3778 4172 Tranquil-

2184 4166 2298 4242 lino
2329 4168 2395 4242 de
2424 4165 2659 4242 Origene
2688 4170 3007 4242 conthns,
3051 4179 3224 4222 utrum
3254 4165 3535 4223 secundum
3563 4165 3776 4242 [rat-rem

2185 4235 2234 4314 If
2235 4238 2509 4314 austinum
2522 4238 2725 4307 penitus
2750 4240 3181 4314 respuendusrsit,
3211 4258 3279 4295 an
3304 4235 3592 4314 secundum
3617 4261 3780 4314 quos-

2182 4306 2302 4361 dam
2325 4306 2571 4386 legendus
2597 4326 2660 4386 ea:
2690 4306 2872 4386 parte;
2906 4313 3159 4386 rescribit
3179 4314 3340 4386 epist.
3367 4315 3432 4368 76
3458 4332 3470 4367 :
3507 4306 3774 4386 Orig'imem

2182 4391 2402 4454 propter
2422 4381 2762 4454 eru_ditionem
2805 4382 2880 4435 sic
2909 4383 3170 4454 interdum
3211 4385 3484 4454 legendum
3525 4381 3769 4453 arbitror,

2181 4452 2435 4518 quomodo
2491 4450 2899 4519 Tertullianttm,
2954 4450 3610 4522 NovatumfArnobium,
3662 4450 3767 4514 etc.

2181 4524 2441 4587 Qmerunt
2472 4524 2700 4589 eruditi,
2737 4526 3048 4579 llonorione
3071 4566 3083 4583 .
3118 4543 3183 4580 an
3210 4525 3445 4581 Arcadio
3466 4568 3481 4593 ,
3519 4529 3619 4583 hoc
3645 4538 3729 4583 est
3752 4571 3767 4594 ,

2182 4610 2305 4645 nunt
2332 4594 2665 4657 Occidentis,
2694 4612 2759 4649 an
2785 4596 3025 4650 Orientis
3051 4598 3366 4665 imperatori
3390 4612 3647 4665 responsa
3680 4602 3766 4655 illa

2182 4665 2467 4719 tribuenda
2490 4665 2621 4737 sint.
2649 4664 2762 4721 Non
2794 4668 2989 4721 desunt
3021 4669 3109 4737 qui
3131 4664 3202 4720 ea
3235 4668 3302 4721 ab
3335 4664 3594 4731 Honorio,
3628 4671 3769 4724 Mar-

1986 4753 2071 4790 um
2100 4731 2154 4791 D
2180 4737 2317 4791 eello
2347 4752 2410 4789 ac
2441 4735 2655 4790 caeteris
2674 4778 2686 4799 ,
2718 4753 2748 4791 a
2777 4739 2972 4808 quibus
3000 4731 3248 4807 Origenis
3271 4740 3546 4794 damnatio
3572 4756 3763 4809 exspe-

2173 4811 2446 4869 ctabatur,
2492 4809 2856 4872 instantibus,
2904 4811 3170 4876 prodiissc
3210 4820 3415 4877 putent.
3462 4811 3537 4864 Ex
3584 4816 3764 4869 verbis

2173 4886 2353 4933 tamen
2381 4878 2756 4934 Posthumiani
2782 4885 2918 4950 apud
2943 4879 3239 4950 Sulpicium
3265 4881 3391 4933 dial.
3422 4896 3461 4947 1,
3488 4900 3538 4935 c.
3564 4884 3621 4946 ὖ,
3650 4888 3763 4938 col-

2172 4952 2337 5019 ligere
2386 4950 2550 5016 licet,
2599 4966 2662 5004 ea
2707 4953 2774 5005 ab
2822 4953 3060 5005 Orientis
3105 4950 3436 5018 imperatore
3483 4970 3754 5012 manasse.

2169 5020 2352 5075 Primo
2382 5022 2526 5075 enim
2561 5024 2837 5094 praenottit
2866 5064 2879 5085 ,
2901 5022 3064 5094 Afutda
3098 5022 3444 5077 Alexandria:
3470 5041 3757 5094 episeopos

2168 5095 2309 5147 inter
2351 5102 2405 5145 et
2446 5093 2742 5148 monachos
2772 5092 3048 5148 exstitisse
3079 5098 3377 5149 certamina
3413 5112 3478 5150 ea:
3507 5092 3568 5150 ea
3602 5092 3755 5151 occa-

2167 5166 2329 5226 sione,
2372 5166 2491 5237 quia
2525 5168 2820 5234 congregati
2847 5166 2898 5216 in
2930 5181 3087 5237 unum
3117 5166 3303 5224 stepius
3333 5169 3623 5222 sacerdotes
3649 5172 3752 5237 [re-

2164 5236 2435 5310 tinentibus
2457 5235 2737 5310 decrevisse
2757 5236 2967 5310 synodis
2994 5235 3318 5302 videbantur,
3346 5255 3406 5292 ne
3431 5242 3545 5308 quis
3571 5235 3753 5310 Orige-

2163 5308 2242 5380 njs
2270 5306 2426 5380 libros
2461 5304 2647 5375 legeret
2673 5317 2758 5358 aut
2787 5304 3034 5380 haberet;
3072 5324 3134 5362 ac
3171 5310 3331 5377 paulo
3370 5304 3492 5380 post
3527 5304 3749 5366 subdit:

2167 5376 2269 5431 Per
2290 5378 2665 5451 diversasgoras
2688 5377 2931 5451 monachi
2954 5392 3073 5433 sunt
3103 5376 3289 5451 fugati,
3318 5376 3391 5434 ita
3418 5390 3471 5433 ut
3496 5382 3751 5437 PROPnSl-

2161 5464 2245 5504 'rts
2283 5463 2491 5503 EDICTIS
2520 5449 2572 5501 in
2607 5449 2749 5503 nulla
2785 5450 3061 5504 consistere
3098 5449 3216 5505 aede
3243 5454 3551 5507 sinerentur.
3582 5452 3750 5508 Valde

2160 5520 2303 5574 enim
2324 5521 2617 5595 probabile
2642 5532 2725 5575 est
2746 5564 2760 5587 ,
2790 5520 3025 5592 Origene
3057 5538 3097 5595 ag
3117 5523 3424 5595 Theophilo
3455 5537 3507 5577 et
3538 5525 3747 5595 synodo

2161 5596 2283 5661 ejus
2304 5593 2581 5663 damnato,
2605 5604 2766 5662 atque
2783 5609 3009 5663 operum
3028 5592 3167 5646 illius
3186 5592 3474 5649 interdicta
3492 5592 3745 5660 lectione,

2158 5666 2443 5733 episcopos
2471 5662 2713 5735 Aﬁgypti,
2742 5681 2861 5719 cum
2890 5665 3246 5732 synodalibus
3270 5671 3580 5721 coiistitutis
3604 5668 3741 5721 nihil

2159 5735 2421 5807 prolicere
2450 5749 2508 5788 se
2538 5738 2745 5807 experti
2778 5745 2960 5807 essent
2985 5776 2998 5797 ,
3032 5736 3207 5807 edicta
3242 5739 3460 5805 petiisse
3487 5738 3744 5807 imperia-

2152 5804 2245 5875 lia,
2278 5809 2334 5862 et
2365 5806 2680 5873 monachos,
2710 5821 2834 5862 cum
2867 5804 3060 5862 horum
3085 5804 3390 5865 edictorum
3420 5804 3740 5867 auctoritate
