4194 6192
334 233 415 292 75

338 442 627 500 Hactenus
651 442 937 498 sententiae
963 457 1099 498 mea:
1132 442 1305 498 forma
1339 453 1363 481 ε
1393 447 1743 514 processerit.

412 537 468 591 6.
501 536 656 604 Quod
682 545 732 591 te
756 551 884 591 vero
915 535 1061 606 vulgi
1085 535 1154 591 de
1177 535 1373 591 Ruﬁno
1396 538 1622 608 querela
1650 538 1943 604 sollicitat,

341 637 406 685 ut
435 629 699 701 quosdam
726 627 753 666 δ
778 627 930 700 vagis
951 629 1354 698 suspicionibus
1378 633 1731 701 persequaris
1759 649 1772 684 :
1804 631 1945 686 hanc
1997 681 2000 686 .

342 732 498 780 tuam
520 724 836 795 opinionem
867 724 1242 795 constringam
1265 723 1468 779 divina:
1485 725 1734 780 lectionis
1760 740 1946 780 exem-

344 819 470 891 plo,
499 819 639 875 sicut
686 818 952 888 scriptum
986 826 1067 873 est
1104 835 1116 870 :
1151 829 1174 857 ο
1213 815 1334 873 Νοη
1365 819 1439 872 sic
1463 817 1616 874 homo
1662 828 1719 873 ut
1767 819 1944 886 Deus;

345 928 468 966 nam
519 909 664 966 Deus
719 911 857 966 videt
924 911 978 964 in
1048 911 1242 977 corde,
1314 911 1466 966 homo
1519 912 1652 966 videt
1702 913 1756 967 in
1813 912 1946 984 facie

345 1003 389 1075 (l
417 1002 549 1074 Reg.
590 1018 724 1068 xvi,
760 999 839 1072 7).
890 1000 1110 1073 Itaque,
1163 1001 1336 1056 frater
1384 1002 1747 1070 cbarissime,
1798 1003 1948 1058 omni

343 1096 664 1167 suspicione
694 1096 933 1166 seposita
955 1137 970 1162 ,
1004 1092 1033 1131 ά
1065 1093 1321 1150 Ruﬁnum
1353 1097 1577 1167 propria
1609 1107 1795 1152 mente
1820 1112 1947 1166 per-

345 1191 522 1262 pende
544 1193 589 1246 si
613 1188 870 1260 Origenis
897 1188 1041 1244 dicta
1071 1187 1128 1242 in
1162 1188 1392 1244 latinum
1424 1190 1704 1244 transtulit
1731 1205 1793 1245 ac
1819 1205 1948 1260 pro-

345 1283 496 1340 bavit
526 1302 538 1337 :
571 1299 676 1339 nec
721 1282 1008 1337 dissimilis
1031 1292 1054 1320 ε
1078 1297 1108 1336 a
1155 1297 1252 1337 reo
1301 1294 1414 1348 est,
1447 1284 1539 1353 qui
1578 1284 1774 1339 alienis
1801 1285 1949 1339 vitiis

347 1387 572 1449 praistat
619 1391 931 1432 assensum.
969 1375 1106 1432 Illud
1150 1384 1333 1431 tamen
1373 1375 1392 1415 τ
1427 1385 1616 1434 tenere
1659 1389 1713 1434 te
1754 1380 1946 1448 cupio,

349 1470 426 1526 ita
447 1469 637 1525 haberi
672 1485 698 1523 a
726 1469 930 1525 nostris
962 1468 1208 1540 partibus
1232 1469 1470 1525 alienum
1495 1513 1508 1536 ,
1544 1479 1604 1525 ut
1629 1471 1754 1540 quid
1789 1481 1948 1542 agat,

351 1573 409 1619 et
444 1563 536 1618 tibi
567 1562 672 1629 sit,
717 1563 936 1617 nescire
979 1561 1290 1632 cupiamus.
1322 1561 1444 1634 Ipse
1483 1563 1726 1635 denique
1755 1563 1954 1620 viderit

350 1655 447 1712 ubi
476 1655 649 1727 possit
678 1653 889 1712 absolvi
923 1665 968 1707 ες.

937 1745 1277 1803 EPISTOLA
1318 1745 1381 1801 ll.

885 1838 911 1877 ιι
945 1857 1012 1896 an
1049 1856 1446 1896 sntpucutvuu.

357 1937 604 1996 Studium
640 1935 921 2005 Theophili
944 1953 1008 1989 ac
1035 1936 1361 2007 vigilantiam
1387 1935 1590 2000 laudat,
1624 1923 1774 2005 cujus
1811 1934 1950 1988 litte-

356 2074 426 2130 ab
451 2070 704 2144 Origeiiis
741 2070 977 2125 lectione
1005 2069 1305 2144 absterreri
1337 2083 1450 2123 non
1482 2079 1709 2144 possent
1735 2079 1873 2144 ,_atit
1906 2069 1959 2124 id

354 2155 504 2202 certe
525 2140 942 2214 p'rietexeretur,
971 2140 1613 2214 utidiquelugatosessc.
1646 2140 1767 2214 Veri
1792 2143 1956 2195 etiam

353 2227 443 2272 est
470 2211 672 2281 simile,
700 2213 968 2280 rescripta
997 2212 1113 2273 illa,
1143 2213 1344 2282 quibus
1366 2211 1619 2279 Origeiiis
1649 2213 1811 2266 lectio
1837 2229 1958 2276 pro-

353 2287 665 2350 bibebatur,
709 2284 774 2338 ad
807 2299 1055 2338 normam
1101 2299 1162 2336 ac
1208 2283 1434 2336 lorniain
1466 2298 1588 2337 esse
1630 2283 1958 2339 concinnata

352 2359 658 2415 edictorum
685 2355 923 2420 illorum,
948 2370 1068 2425 quae
1091 2352 1276 2408 Codex
1299 2353 1508 2425 'l'heod.
1535 2355 1627 2425 lib.
1653 2370 1766 2417 xvi,
1793 2356 1876 2409 tit.
1902 2358 1956 2419 5,

354 2431 461 2496 leg.
494 2431 585 2495 54,
628 2427 868 2492 exhibet,
918 2424 1062 2480 anno
1090 2425 1216 2490 598,
1259 2425 1435 2480 Martii
1482 2424 1516 2478 4
1551 2424 1641 2480 die
1680 2426 1952 2491 datorum,

351 2501 548 2573 quibus
580 2499 843 2555 Arcadius
869 2508 925 2573 et
958 2497 1228 2573 Honorius
1254 2497 1708 2573 Montanistaruni
1731 2507 1823 2573 aut
1849 2499 1948 2553 Eu-

351 2567 732 2629 nomianorum
782 2567 1004 2624 codices
1045 2567 1150 2639 legi
1178 2575 1401 2633 vetant,
1449 2583 1654 2638 eosque
1696 2569 1804 2639 igni
1837 2585 1955 2624 cre-

351 2646 486 2701 mari
524 2643 738 2712 jubent.

427 2725 452 2759 ι
486 2710 671 2770 Edidit
720 2711 1021 2768 Garnerius
1077 2710 1398 2782 praeesserit
1428 2728 1447 2765 :
1480 2725 1655 2778 eaque
1716 2710 1956 2768 lec1ioue

353 2784 670 2843 conﬁrmari
698 2792 854 2852 putat
887 2782 1029 2854 quod
1059 2781 1316 2854 Superius
1347 2792 1596 2838 senserat
1621 2781 1911 2854 tleilacuiia
1932 2825 1947 2850 ,

350 2858 410 2915 in
453 2873 556 2928 qua
597 2854 1234 2928 sententiamjadversus
1263 2853 1552 2928 Origenem
1599 2869 1663 2907 ac
1697 2853 1949 2928 Ruﬁnum

352 2925 621 3001 prolatam
643 2926 961 3001 desiderari
994 2925 1350 3001 existimavit.
1390 2926 1588 2980 Verum
1616 2940 1721 2978 non
1749 2928 1812 3001 iii
1830 2927 1952 2980 aliis

355 2997 564 3056 iantnm
592 2998 783 3061 editis,
826 2997 922 3053 sed
954 3007 1008 3052 et
1055 2997 1109 3051 in
1143 3010 1273 3051 mss.
1321 3003 1498 3051 exstat
1529 2999 1866 3061 processerit,
1897 3009 1952 3053 et

355 3074 558 3129 rectius
586 3072 826 3141 quidem.
879 3067 993 3123 Hoc
1035 3067 1178 3123 enim
1222 3067 1326 3141 sibi
1375 3067 1628 3141 vnltzEx
1650 3074 1952 3141 occasione

358 3160 513 3217 item:
551 3139 812 3217 libroruin
836 3145 957 3217 περί
986 3141 1171 3217 ᾇρχῶν
1220 3139 1732 3217 interpretationis,
1789 3155 1952 3209 quam

354 3214 583 3271 Ruﬁnus
608 3214 662 3268 in
693 3213 871 3267 lucem
902 3209 1120 3271 emisit.
1152 3209 1279 3277 quid
1309 3210 1577 3280 agendum
1603 3211 1802 3278 qttidvv
1833 3226 1956 3266 sen-

357 3286 600 3342 tiendum
625 3287 728 3351 sit,
754 3285 1018 3338 hactenus
1043 3281 1252 3350 aperui.
1276 3280 1418 3336 Sane
1449 3281 1536 3336 hic
1562 3282 1826 3336 sententia
1851 3299 1956 3338 vox
1996 3341 2000 3344 λ

356 3373 466 3413 non
498 3361 660 3411 latam
685 3372 712 3408 a
739 3354 924 3425 judice
945 3354 1276 3410 sententiam
1308 3395 1321 3417 ,
1352 3353 1448 3407 sed
1496 3353 1560 3406 ad
1591 3369 1655 3408 ea
1685 3370 1802 3421 quae
1831 3352 1955 3410 foe-

358 3440 487 3485 rant
518 3427 744 3498 quaisita
773 3427 951 3480 datam
987 3427 1399 3498 responsionem
1423 3432 1588 3498 isonat
1617 3441 1631 3479 ε
1666 3426 1819 3498 quasi
1849 3442 1957 3481 uno

355 3497 545 3555 verbo
565 3499 805 3562 diceret,
839 3498 1110 3551 Hactenus
1139 3497 1267 3567 quid
1293 3497 1555 3550 sentirem
1589 3497 1846 3561 explicui.

437 3569 466 3608 ι’
492 3569 638 3624 Edit.
669 3568 824 3622 Rom.
859 3578 909 3622 et
935 3568 1130 3623 concil.
1147 3609 1162 3632 ,
1197 3567 1348 3621 malis
1374 3567 1758 3633 suspicionibus
1783 3583 1958 3634 perse—

362 3643 564 3711 quaris.
585 3639 722 3692 hanc
753 3640 903 3693 etiam
929 3641 1253 3706 Opinionem:
1271 3639 1622 3711 corriguntur
1647 3655 1710 3691 ex
1744 3654 1876 3692 mss.
1904 3647 1960 3711 et

363 3708 634 3771 Camerio
655 3729 668 3765 :
687 3715 774 3765 cui
799 3711 1009 3780 quidem
1035 3711 1354 3764 Anastasius
1372 3708 1469 3780 hic
1497 3709 1696 3762 videtur
1727 3711 1868 3780 loqui
1895 3710 1959 3764 de

363 3784 714 3855 Hieronymo,
745 3780 1145 3853 Hieronymique
1166 3783 1344 3855 amicis
1363 3779 1728 3855 Pammachio,
1752 3779 1959 3834 Oceano

362 3866 412 3912 et
442 3853 717 3914 Marcella,
742 3855 830 3925 qui
858 3858 1077 3907 multum
1095 3868 1150 3904 re
1174 3854 1289 3918 ipsa
1315 3855 1644 3905 contulerunt
1652 3853 1730 3925 ad
1753 3868 1959 3919 promo-

365 3927 586 3982 r-endam
636 3923 1050 3995 Origenistarum
1099 3925 1606 3977 condemnationem.
1650 3923 1716 3977 Et
1768 3928 1817 3976 in
1865 3938 1961 3977 eos

365 3998 606 4068 quidem.
637 4011 771 4065 quos
796 3997 1023 4050 Ruﬁnus
1045 3996 1096 4049 iii
1121 3998 1403 4068 superiore
1425 3996 1649 4068 epistola
1678 4011 1730 4048 ii.
1753 3995 1777 4047 1
1799 4010 1962 4068 teritu-

368 4064 447 4125 los
487 4085 612 4123 suos
640 4064 805 4122 vocat
826 4111 841 4132 ,
872 4070 1067 4122 cadere
1098 4067 1350 4120 vidriitur
1375 4082 1521 4132 vaga.-
1553 4064 1660 4120 illas
1686 4067 1958 4134 5ti5picio-

365 4156 487 4197 nes.
518 4139 650 4194 Cum
682 4149 864 4194 autem
896 4141 948 4192 in
979 4153 1046 4192 eo
1081 4147 1266 4194 essent
1297 4137 1517 4202 positas,
1547 4138 1689 4206 quod
1720 4137 1960 4192 Joannes

369 4211 549 4267 Rutini
581 4222 932 4266 accusatores
981 4209 1166 4263 livoris
1195 4219 1249 4264 et
1292 4209 1510 4263 invidiae
1555 4221 1838 4276 suspectos
1868 4209 1961 4262 ba.

368 4283 486 4338 beri
519 4284 704 4345 vellet,
733 4297 967 4352 cumque
994 4279 1132 4334 livor
1164 4281 1435 4335 internum
1461 4281 1533 4334 sit
1562 4282 1760 4352 malum
1788 4280 1962 4352 solius

370 4354 466 4409 Dei
512 4355 685 4409 oculis
733 4350 917 4407 notum
955 4361 1145 4406 :recte
1189 4361 1376 4406 monet
1427 4350 1742 4405 Anastasius
1787 4350 1959 4405 Deum

372 4441 534 4481 unum
569 4426 624 4480 in
653 4425 819 4480 corde
841 4466 854 4488 ,
891 4424 1166 4478 hominem
1190 4432 1368 4477 autem
1417 4433 1620 4476 tantum
1659 4421 1710 4476 in
1744 4422 1880 4475 l'acie.
1909 4431 1962 4475 et

1546 232 1905 293 EPISTOLE
1947 235 2036 294 ET
2077 209 2428 297 DECRETA.
3571 251 3639 306 ri

336 347 686 420 principum,
741 360 903 418 quem
955 347 1118 404 lectio
1161 363 1314 405 reum
1362 349 1586 419 profana
1623 352 1942 422 prodiderit.
1975 355 2017 413 Α

2120 357 2190 410 ris
2212 365 2490 411 conventus
2516 397 2531 423 ,
2592 355 2935 427 Simpliciano
2988 357 3366 416 Mediolaneusi
3407 363 3645 437 episcopo

2121 448 2413 514 denuntiat;
2440 465 2471 501 a
2501 464 2555 502 se
2579 465 2780 519 quoque
2807 448 3138 521 Origeuiana:
3179 453 3364 508 haeresi
3388 455 3645 524 iii/licium

2119 558 2229 597 esse
2255 543 2551 598 anathema.

2239 681 2470 736 Domino
2500 681 2680 737 Fratri
2709 681 3059 741 SiiirLicuitto
3086 682 3441 743 ANASTASIUS.

2122 815 2162 869 Ι.
2215 815 2490 871 Grandem
2540 816 2964 873 sollicitudinem
3007 830 3166 890 atque
3193 822 3451 878 excubias
3481 838 3647 894 super

2049 921 2268 978 gregem
2301 923 2458 964 suum
2495 919 2683 979 pastor
2727 909 2931 966 habere
2977 915 3330 983 approbatur.
3380 917 3650 975 Similiter

2051 1010 2105 1056 et
2134 1000 2147 1038 ί
2185 1017 2252 1058 ex
2275 1003 2380 1056 alia
2413 1015 2560 1058 turre
2588 1018 2753 1060 causa
2783 1005 3134 1065 civitatisdiu
3163 1019 3435 1079 noctuque
3461 1021 3650 1069 cautus

2050 1096 2362 1165 speculator
2390 1097 2666 1152 observat.
2702 1097 2957 1167 Magister
2985 1102 2999 1148 i'
3043 1101 3305 1169 providus
3333 1103 3483 1158 navis
3517 1105 3648 1160 liora

2053 1190 2393 1258 tempestatis
2424 1199 2477 1243 et
2507 1191 2738 1260 periculi
2779 1207 3028 1260 magnam
3063 1194 3264 1260 patitur
3289 1197 3455 1250 animi
3480 1197 3652 1266 jacta-

2053 1281 2281 1346 tionem,
2324 1296 2392 1335 ne
2421 1282 2680 1351 procellis
2726 1291 2888 1351 atque
2919 1285 3240 1353 asperrimis
3269 1286 3519 1344 ﬂuctibus
3552 1307 3651 1346 na-

2055 1371 2137 1425 vis
2165 1371 2398 1426 elidatur
2432 1374 2481 1426 in
2515 1388 2666 1427 saxa.
2719 1373 2839 1427 Pari
2875 1375 3056 1430 animo
3089 1376 3172 1430 vir
3203 1389 3423 1435 sanctus
3470 1392 3524 1436 et
3556 1383 3654 1438 ho-

2055 1467 2322 1522 norabilis
2352 1466 2687 1536 Theophilus
2717 1509 2731 1534 ,
2767 1467 2933 1522 frater
2959 1479 3013 1524 et
3041 1472 3398 1542 coepiscopus
3426 1485 3613 1532 noster
3639 1519 3654 1540 ,

2054 1559 2201 1614 circa
2225 1560 2416 1614 salutis
2444 1561 2731 1615 commoda
2765 1575 2870 1615 non
2907 1560 3108 1616 desinit
3133 1563 3359 1634 vigilare
3391 1608 3405 1631 ,
3457 1583 3527 1621 ne
3562 1569 3658 1624 Dei

2055 1653 2294 1723 populus
2342 1669 2436 1720 per
2486 1653 2729 1708 diversas
2762 1654 3038 1710 Ecclesias
3067 1656 3356 1728 Origenem
3385 1659 3619 1731 legendo
3641 1705 3658 1733 ,

1984 1746 2032 1805 Β
2061 1747 2114 1802 in
2145 1761 2370 1817 magnas
2397 1748 2637 1802 incurrat
2667 1747 3057 1817 blasphemias.

2131 1840 2197 1896 ll.
2239 1838 2553 1896 Conventus
2580 1840 2779 1895 litteris
2810 1843 3118 1909 memorati,
3154 1847 3425 1902 convenio
3453 1853 3658 1908 sancti-

2060 1941 2225 1988 tatem
2258 1941 2403 1987 tuam
2429 1973 2446 2001 ,
2494 1942 2553 1988 ut
2594 1931 2620 1970 ιι
2651 1934 2814 1988 sicuti
2863 1949 2961 1989 nos
3007 1936 3058 1990 in
3089 1937 3224 1993 urbe
3251 1938 3422 1995 Roma
3456 1945 3658 2014 positi,

2140 2078 2162 2104 ε
2196 2069 2255 2122 111
2284 2068 2414 2150 edit.
2447 2066 2607 2122 Rom.
2639 2077 2694 2123 et
2715 2071 2915 2124 concil.
2945 2113 2975 2150 ,_
2994 2073 3058 2126 ab
3090 2090 3147 2150 eo
3173 2077 3268 2129 est.
3294 2076 3489 2131 Verius
3519 2081 3661 2150 apud

2064 2140 2230 2196 Garri.
2266 2153 2324 2194 ut
2356 2141 2408 2217 iri
2459 2153 2589 2217 mss.
2610 2180 2625 2203 ,
2645 2158 2697 2217 _a_
2718 2159 2806 2195 reo
2839 2153 2932 2196 est.
2961 2144 3103 2198 Istud
3133 2160 3511 2217 argumentum
3540 2140 3664 2208 Ilie-

2064 2227 2339 2285 ronymus
2367 2210 2598 2280 Apolog.
2643 2212 2738 2266 lib.
2780 2228 2828 2285 11
2875 2210 3231 2285 prosequens,
3280 2219 3533 2275 Ruﬁnum
3585 2226 3664 2279 sic

2063 2281 2219 2349 urget
2252 2301 2265 2336 :
2299 2281 2398 2336 Dic
2421 2300 2542 2354 ergo
2570 2300 2731 2352 quare
2763 2283 3006 2356 Origenis
3038 2281 3178 2343 mala
3216 2292 3268 2343 in
3306 2292 3523 2345 latinum
3545 2309 3665 2348 ver-

2061 2356 2226 2419 teris;
2255 2366 2310 2408 ut
2342 2365 2607 2408 auctorem
2635 2356 2756 2408 mali
2801 2357 3066 2424 proderes,
3097 2377 3162 2412 an
3195 2371 3250 2414 ut
3277 2363 3564 2418 laudares?
3601 2366 3664 2422 Si

2064 2427 2264 2496 prodis,
2295 2427 2350 2478 in
2395 2427 2701 2495 praefatione
2728 2443 2822 2479 cur
2856 2429 3041 2482 laudas
3066 2430 3091 2482 ?
3123 2431 3182 2486 Si
3209 2433 3420 2497 laudas,
3451 2436 3664 2490 lucreti-

2065 2513 2155 2577 cus
2176 2498 2578 2577 approbaris..._.
2610 2497 2671 2552 Si
2698 2502 2806 2552 haec
2832 2502 3010 2577 omnia»
3028 2503 3313 2577 probamur
3329 2507 3490 2577 mula,
3507 2511 3664 2577 igitur

2064 2569 2218 2622 unius
2231 2582 2277 2622 et
2295 2582 2475 2622 auctor
2489 2579 2535 2622 et
2553 2571 2808 2646 interpres
2826 2587 2915 2625 REI
2937 2574 3168 2626 criminis
3181 2569 3320 2627 sunt.
3346 2576 3443 2646 lluj
3453 2569 3665 2634 usi'nodi

2064 2652 2244 2695 autem
2270 2651 2596 2715 argumento
2629 2640 2852 2715 minime
2884 2659 3023 2710 opus
3045 2655 3184 2709 erat,
3215 2646 3259 2700 si
3283 2646 3396 2715 jam
3424 2640 3494 2701 ab
3523 2666 3668 2705 anno

2064 2713 2341 2778 praeterito
2372 2711 2599 2765 Ruﬁnus
2624 2714 2910 2768 convictus
2941 2730 3005 2771 ac
3028 2711 3314 2772 damnatus
3344 2719 3413 2774 ab
3433 2719 3667 2778 AtiaSta-

2063 2781 2148 2836 sio
2173 2783 2380 2836 fuisset.

2140 2850 2263 2906 flia
2309 2852 2480 2908 Garn.
2512 2868 2634 2909 cum
2683 2869 2816 2908 mss.
2851 2858 2918 2908 At
2969 2857 3100 2912 editi
3152 2858 3274 2924 alii,
3321 2871 3490 2916 tamen
3537 2865 3668 2918 scire

2061 2925 2233 2991 cupio.
2269 2925 2427 3003 Mos,
2479 2942 2508 2976 a
2560 2926 2752 3003 nostris
2803 2927 3080 3003 partibus,
3137 2929 3302 3003 idenim
3333 2943 3418 2986 est
3463 2937 3605 3003 quod
3637 2953 3665 2989 :i

2061 3004 2247 3049 nostra
2280 2998 2522 3066 regione.
2552 2998 2982 3066 noininalittiqtte
3011 2999 3080 3052 ab
3113 3001 3244 3054 urbe
3273 3001 3464 3058 Roma.

2133 3076 2158 3111 ε
2185 3066 2306 3143 Non
2333 3083 2466 3143 sane
2493 3082 2523 3120 a
2559 3068 2663 3143 lata
2694 3072 2987 3143 sententia,
3022 3071 3116 3125 sed
3149 3074 3218 3126 ab
3249 3073 3462 3142 injectis
3490 3077 3670 3143 suspi—

2060 3137 2331 3193 cionibus.
2367 3139 2468 3195 Ubi
2515 3140 2661 3194 enim
2710 3140 2834 3204 quis
2870 3141 3014 3195 dicta
3063 3137 3338 3199 sententia
3381 3137 3672 3203 damnatus

2061 3207 2159 3282 fuit
2183 3251 2197 3274 ,
2229 3211 2274 3263 si
2300 3225 2587 3282 supremus
2617 3226 2695 3265 εει
2720 3211 2888 3279 judex
2915 3214 3004 3282 qui
3035 3213 3344 3278 illaiiitlixit
3365 3259 3377 3280 ,
3411 3235 3519 3275 non
3553 3220 3672 3276 tibi-

2059 3281 2143 3358 vis
2167 3320 2194 3358 ,_
2217 3281 2311 3334 sed
2341 3282 2634 3358 apod__eitiii
2667 3298 2858 3349 unum,
2897 3299 2925 3337 a
2953 3301 3060 3353 quo
3091 3285 3385 3358 damnatus
3415 3304 3498 3344 est
3523 3333 3538 3358 ,
3571 3292 3670 3345 ah-

2059 3352 2196 3433 solvi
2246 3362 2444 3433 potest.
2481 3354 2614 3433 Hinc
2641 3352 3044 3433 argumentum
3081 3359 3196 3433 ruit
3244 3357 3495 3415 Gariierii
3525 3352 3538 3425 ζ
3575 3365 3666 3433 qui

2061 3423 2176 3497 haec
2205 3425 2380 3478 verba‘
2403 3426 2472 3480 de
2500 3425 3116 3493 absolutionejudiciali
3144 3423 3536 3497 interpretatus
3555 3475 3569 3496 .
3591 3423 3671 3488 'iis

2058 3496 2278 3618 probari
2333 3506 2484 3566 putat
2517 3497 2767 3550 Ruﬁnum
2812 3498 2916 3551 lata
2959 3502 3230 3554 sententia
3281 3502 3350 3557 ab
3380 3507 3669 3560 AnaSIasio

2084 3564 2231 3618 uisse
2253 3567 2652 3618 damnatum.A
2679 3582 3052 3618 nrmcmicenta
3081 3570 3167 3618 iiizt
3195 3574 3456 3618 miiiiimm
3505 3591 3666 3618 nitaris

2084 3564 2231 3620 uisse
2253 3564 2652 3645 daiiinatum.A
2679 3570 3167 3645 prteconceptailla
3195 3574 3475 3640 opinione.
3505 3591 3666 3645 quam

2061 3645 2116 3691 et
2139 3647 2264 3689 ante
2296 3640 2446 3712 alii_e
2476 3643 2749 3712 corruptis
2779 3641 3025 3712 epistoﬁlze
3058 3641 3219 3710 hujus
3261 3640 3670 3712 exemplaribus

2061 3717 2344 3776 ceperant,
2368 3709 2412 3760 si
2446 3709 2511 3762 ad
2543 3724 2662 3762 eam
2689 3711 3060 3777 castigandam
3093 3709 3176 3764 vir
3199 3709 3451 3767 eruditus
3481 3732 3668 3771 acces-

2061 3779 2224 3833 sisset
2265 3779 2511 3841 lilierior,
2545 3789 2639 3833 aut
2668 3780 2735 3834 ad
2766 3795 2858 3834 eas
2882 3796 3005 3848 quie
3034 3785 3464 3849 praescribuntur
3492 3791 3669 3840 edito-

2061 3851 2212 3904 ribus
2239 3851 2560 3926 attendissei
2582 3851 2813 3926 leges._a
2838 3851 3232 3926 [irritationibus
3263 3870 3398 3923 quas
3431 3857 3664 3926 induxit,

2063 3937 2260 3975 mantis
2287 3921 2662 3976 abstinuisset.
2703 3922 2812 3976 Illis
2853 3932 3006 3977 certe
3039 3921 3414 3980 libertim'nnii
3460 3940 3541 3983 est
3574 3921 3669 3985 vo;

2062 4007 2181 4047 cem
2215 3994 2380 4046 ullam
2409 3993 2478 4048 de
2505 4008 2604 4048 suo
2631 3993 2867 4058 addere,
2893 3994 2980 4050 vel
3011 3993 3257 4061 demere,
3282 4007 3374 4051 aut
3407 4000 3526 4053 loco
3552 4018 3670 4057 mo-

2061 4079 2208 4120 vere.
2245 4065 2413 4119 Multo
2445 4065 2625 4119 minus
2669 4067 2799 4136 ipsis
2832 4065 2961 4119 licet
2987 4079 3274 4122 auctorum
3305 4085 3532 4125 suorum
3565 4074 3671 4128 lec-

2065 4136 2240 4190 tiones
2259 4136 2326 4189 ad
2353 4150 2756 4205 pra'coiicepias
2783 4138 3069 4206 opiniones
3091 4142 3508 4196 accommodare
3535 4162 3546 4196 :
3570 4145 3665 4201 sed

2063 4219 2457 4286 princoncepta:
2505 4209 2799 4286 epiniones
2846 4208 3109 4286 beneﬁcio
3156 4210 3493 4279 lectionum,
3548 4232 3669 4286 quae

2063 4277 2172 4332 illis
2203 4279 2587 4346 adversantur,
2617 4280 2979 4346 corrigendae.

2136 4346 2163 4423 1f
2187 4350 2264 4403 De
2303 4359 2548 4423 tempore
2576 4367 2682 4422 quo
2708 4353 2910 4418 scripta
2949 4351 3046 4406 luit
3079 4350 3194 4406 haec
3236 4356 3472 4423 epistola
3501 4397 3514 4418 ,
3542 4358 3668 4414 vide

2066 4419 2298 4498 Yallars.
2357 4422 2423 4476 ad
2474 4419 2610 4477 tom:
2662 4423 2683 4477 l
2734 4424 2957 4478 Hieron.
3009 4426 3060 4477 in
3109 4419 3320 4480 recens.
3352 4429 3539 4497 epistt.
3570 4431 3662 4498 93,

372 4512 491 4568 quae
520 4499 650 4550 loris
676 4495 1096 4568 parent_videre.
1117 4496 1297 4564 Neque
1323 4507 1450 4547 vero
1477 4493 1564 4568 hic
1585 4495 1756 4568 notari
1785 4500 1964 4568 putem
1992 4495 2046 4554 D
2070 4491 2165 4568 9i,
2189 4493 2276 4568 ἓξ.

376 4563 712 4637 suspiciones
751 4567 820 4620 de
849 4565 1177 4636 Hieronymo
1207 4563 1457 4634 Sparsas,
1493 4565 1560 4637 de
1587 4564 1782 4634 quibus
1813 4563 1969 4637 Pam:-

376 4634 625 4695 macliius
654 4649 709 4692 et
736 4645 986 4691 (iocantis
1012 4634 1076 4691 ad
1114 4639 1479 4706 lliei-onynuin
1510 4636 1686 4706 ip~um
1711 4637 1869 4704 epist.
1899 4634 1969 4690 64

376 4709 450 4765 ita
495 4711 743 4765 scribunt
777 4728 790 4763 :
824 4708 1002 4778 Purga
1047 4725 1167 4781 ergo
1211 4710 1527 4781 suspiciones
1574 4707 1880 4770 hominum,
1922 4715 1970 4760 et

377 4783 616 4837 convince
641 4781 1054 4835 crnniuationeni
1081 4780 1190 4835 :ue
1219 4781 1262 4834 si
1286 4780 1689 4833 dissimiilaveris
1709 4819 1725 4846 ,
1755 4794 1970 4832 consen-

376 4853 474 4906 tire
501 4854 738 4907 videaris.

451 4934 475 4963 ε
509 4925 582 4978 Ita
617 4924 782 4979 Garn.
815 4939 939 4978 cum
973 4937 1101 4978 mss.
1137 4921 1242 4977 Alii
1273 4936 1402 4978 vero
1429 4921 1582 4987 editi,
1612 4938 1712 4975 non
1738 4922 1868 4975 sicut
1900 4921 1974 4975 vi-

378 4997 462 5050 det
493 4995 645 5049 ltomo
673 5037 687 5060 ,
719 4998 790 5047 ita
821 5005 867 5048 et
902 4993 1060 5048 Deus.
1095 4994 1214 5048 Mox
1245 5010 1366 5046 cum
1397 4994 1590 5048 iisdem
1621 4994 1780 5046 editis
1808 4995 1970 5046 etiam

379 5065 545 5122 Garri.
566 5109 581 5132 ,
613 5065 764 5120 homo
791 5067 846 5120 in
876 5067 1040 5137 facie,
1067 5067 1271 5120 omisso
1309 5067 1477 5121 verbo
1514 5066 1678 5128 videt,
1703 5065 1848 5136 quod
1886 5077 1973 5119 re-

378 5149 604 5193 vocatur
630 5154 695 5192 PX
724 5153 855 5191 lﬂSS.

449 5208 474 5245 ά
504 5211 646 5264 Εᾱίιὶ
672 5251 686 5273 ,
722 5209 969 5278 Ruﬁnum
1011 5210 1140 5263 scito
1170 5208 1309 5277 quod
1339 5209 1554 5278 propria
1584 5217 1748 5261 mente
1789 5207 1974 5278 Orige-

380 5281 459 5336 nis
501 5282 670 5343 dicta,
701 5292 808 5336 etc.
855 5283 1188 5350 castigantur
1226 5296 1291 5336 ex
1341 5295 1469 5335 mss.
1503 5279 1970 5348 Quemadmodum

382 5355 634 5419 superius
675 5351 996 5406 Anastasius
1039 5352 1288 5406 Rulinum
1329 5352 1676 5406 conscientia:
1707 5366 1822 5405 sua:
1851 5365 1974 5417 per-

383 5426 649 5485 niittit,ac
679 5423 1016 5494 prius-quam
1046 5424 1112 5479 de
1142 5423 1235 5477 illo
1265 5424 1555 5492 quidquam
1587 5421 1840 5494 definiat,
1870 5425 1979 5476 dis-

384 5509 508 5551 cere
534 5493 716 5565 cupit,
751 5493 1103 5549 :iuctoreiniie
1129 5495 1283 5564 cujus
1313 5497 1580 5557 interpres
1609 5493 1711 5546 fuit
1737 5505 1976 5558 accuset,

385 5581 452 5620 an
491 5568 769 5621 erroribus
817 5566 936 5636 ejus
977 5569 1342 5621 assentiattir:
1373 5565 1443 5618 ita
1490 5577 1554 5636 et
1590 5580 1731 5618 nunc
1764 5571 1873 5617 vult
1924 5573 1982 5618 ut

384 5637 620 5694 Joannes
663 5639 732 5692 ab
777 5635 924 5692 omni
972 5639 1286 5708 suspicione
1331 5636 1466 5690 liber
1497 5635 1562 5689 ad
1592 5637 1980 5704 explorandam

386 5709 566 5765 Rutini
596 5717 834 5764 nivalem
859 5749 873 5775 ,
901 5725 1023 5780 qua:
1048 5707 1288 5764 nondum
1322 5708 1492 5779 probe
1515 5721 1799 5778 perspecta
1832 5718 1980 5775 erat,

385 5782 788 5855 progrediatur.

670 5876 946 5940 Pauor"
994 5874 1142 5936 XX.

2155 4562 2170 4599 ί
2205 4562 2326 4619 Uno
2354 4565 2523 4619 verbo
2543 4605 2562 4632 ,
2595 4565 2743 4619 nullo
2769 4575 2946 4619 autem
2977 4581 3140 4620 sensu
3169 4609 3182 4630 ,
3215 4578 3332 4621 erat
3382 4570 3434 4622 in
3473 4572 3667 4628 arche-

2077 4643 2204 4706 typo
2236 4637 2489 4694 exultare.
2522 4637 2664 4706 quod
2694 4652 2760 4690 cx
2794 4639 3010 4704 ingenio
3040 4639 3334 4694 emendare
3363 4655 3468 4694 non
3509 4643 3663 4697 dubi-

2078 4717 2315 4759 tavuiitis
2340 4707 2512 4762 tribus
2550 4709 2699 4760 hisce
2731 4709 2907 4761 Verbis
2936 4725 2998 4761 ea;
3027 4712 3133 4761 alta
3162 4719 3322 4771 turre,
3349 4729 3506 4776 quam
3531 4715 3666 4769 scri-

2080 4788 2291 4847 pturam
2325 4789 2377 4830 et
2408 4781 2522 4844 ipsa
2552 4780 2816 4832 orationis
2857 4781 3048 4842 series,
3086 4790 3139 4832 cl
3169 4783 3438 4848 perspicui
3473 4800 3665 4840 sensus

2079 4849 2375 4918 irieces~itas
2399 4850 2762 4918 posnilalizint.
2785 4849 3028 4903 Proclive
3051 4861 3231 4904 atitmii
3254 4854 3417 4906 veteri
3441 4855 3666 4911 librario

2079 4917 2240 4974 luerit
2267 4962 2280 4983 ,
2312 4917 2411 4984 qui
2428 4921 2855 4984 compendiarias
2887 4923 3216 4988 exemplaris
3245 4927 3326 4976 sui
3360 4938 3512 4978 iii-tas
3558 4944 3664 4982 iinii

2079 4991 2440 5050 intulit-xerit,
2474 5008 2632 5046 unam
2665 5008 2760 5060 pro
2789 4995 2960 5046 tribus
3002 4995 3335 5048 cisset-there.
3390 4996 3660 5054 Vatuns.

2155 5062 2169 5112 i
2211 5063 2399 5138 Mirum
2430 5062 2575 5118 dictu
2607 5075 2687 5117 est
2718 5064 2818 5138 hoc
2847 5064 2988 5124 loco,
3026 5074 3131 5138 tam
3162 5068 3349 5126 paucis
3379 5068 3430 5120 in
3462 5072 3665 5138 verbis,

2079 5147 2237 5210 quam
2266 5135 2428 5210 multa
2461 5145 2676 5210 peccata
2703 5135 2806 5210 sint
2837 5152 2862 5185 a
2883 5135 3066 5210 Avctcri
3096 5144 3413 5192 amaniieitsi
3452 5157 3464 5192 :
3501 5135 3668 5210 siqui;

2078 5202 2200 5260 dem
2233 5217 2348 5259 erat
2375 5207 2432 5282 in
2459 5202 2559 5259 iiis.
2593 5205 2841 5282 Magister
2873 5207 3118 5260 hactenus
3145 5210 3287 5261 navis
3315 5210 3446 5264 hora
3474 5202 3667 5282 tetu-pe-

2079 5285 2226 5330 slalis
2251 5277 2412 5331 ecaris
2440 5290 2486 5331 et
2505 5277 2761 5351 periculo,
2793 5295 3053 5350 magnam,
3083 5292 3212 5337 etc..
3238 5297 3358 5349 qum
3389 5277 3668 5351 conject"-

2082 5364 2140 5404 ra
2177 5360 2382 5402 tantum
2413 5350 2630 5403 adducti
2659 5359 2866 5403 mutare
2898 5352 3011 5403 ausi
3044 5364 3229 5403 sumtis
3253 5393 3269 5418 ,
3307 5369 3428 5406 cum
3464 5350 3664 5407 nullum

2080 5431 2224 5475 esset
2248 5437 2441 5475 Sensus
2467 5421 2808 5490 dispenditiiii
2833 5464 2846 5480 .
2875 5436 2941 5475 ne
2975 5421 3278 5486 liujnsmodi
3313 5425 3566 5477 monstris
3591 5425 3667 5477 le-

2081 5503 2199 5546 ctor
2227 5492 2608 5547 nll‘enderettir.
2643 5492 2818 5546 Ecoris
2845 5494 3153 5563 vero,qnod
3185 5509 3379 5550 nomen
3405 5493 3538 5547 nihil
3562 5503 3670 5563 est,

2084 5563 2298 5634 penitus
2318 5567 2696 5632 exputiximtts.
2729 5565 2806 5619 lo.

2157 5634 2182 5672 ¹ι
2215 5636 2347 5689 liliid
2375 5639 2527 5688 sicuti
2556 5638 2872 5690 adverbium
2906 5651 3004 5705 pro
3030 5637 3267 5690 similiter
3292 5677 3305 5695 ,
3360 5635 3472 5686 sive
3498 5635 3676 5690 eodem

2086 5716 2236 5778 pacto
2263 5708 2519 5766 sumitur.
2554 5708 2854 5778 enjusmodi
2887 5708 3133 5773 exempla
3173 5705 3309 5773 apud
3341 5715 3552 5759 veteres
3580 5708 3681 5762 La—

2090 5780 2235 5835 tinos
2256 5778 2559 5850 scriptores
2597 5779 2925 5837 invenimus.
2976 5779 3130 5834 Tunc
3155 5791 3283 5831 vero
3314 5791 3411 5845 pro
3433 5785 3488 5831 ut
3513 5817 3525 5845 ,
3555 5779 3602 5835 si
3632 5790 3682 5837 et

3084 5869 3122 5930 3
