4194 6192
463 162 533 218 ’15
1727 165 1786 222 8.
1829 162 2089 226 ANASTA

2193 164 2196 219 ζ
2232 165 2253 222 ι
2292 164 2499 233 ΡΑΡΑι
3695 165 3762 226 ’16

462 295 621 352 quam
660 281 919 352 Princeps
947 282 1339 358 Apostolorum
1366 282 1554 336 Statuit
1581 290 1635 336 et
1666 281 1771 338 lide
1797 299 1891 338 sua
1932 299 2063 339 con-
2091 293 2140 354 Α
2166 284 2440 356 quondam
2474 284 2736 354 scriptum
2762 326 2775 350 ,
2811 284 3174 342 indicavimus
3193 327 3207 354 ,
3235 300 3266 342 a
3295 287 3454 344 nobis
3483 299 3605 344 esse
3631 288 3771 345 alic-

468 373 695 427 iirmavit
728 374 995 444 gloriosus
1023 374 1236 440 Petrus,
1270 390 1338 428 ne
1362 374 1482 448 quis
1509 381 1701 428 contra
1735 386 2064 445 praeceptum

470 466 612 535 legat
645 466 759 521 hiEC
785 483 904 536 qua:
927 469 1182 530 diximus,
1206 467 1670 534 datnnavitnus,et
1702 484 1824 526 cum
1859 471 2067 544 magnis

473 560 725 628 precibus
754 561 1148 629 postulavimns
1175 602 1190 627 ,
1227 569 1285 614 ut
1312 560 1735 629 Evangeliorum
1781 563 2022 617 instituta
2048 605 2062 628 ,

469 670 590 723 quae
631 671 696 717 ex
728 669 825 712 ore
853 670 950 715 suo
982 655 1076 710 Dei
1107 664 1162 710 et
1193 654 1394 708 Christi
1439 655 1623 709 docuit
1653 671 1912 719 censura,
1943 667 1967 692 ἰ
2000 658 2068 713 ab

467 744 566 799 bac
601 746 780 799 recedi
813 747 1036 799 omnino
1066 761 1172 800 non
1204 746 1406 808 debere
1433 789 1447 820 ,
1479 747 1573 804 sed
1617 747 1747 808 illud
1781 750 1834 802 in
1863 764 2069 820 memo-

467 838 599 894 riam
630 838 825 893 deduci
851 838 992 910 quod
1021 838 1222 893 Paulus
1250 839 1580 896 venerabilis
1613 841 1905 912 ApoStolus
1937 857 2074 913 pra)...

467 929 602 986 dixit
631 941 791 1001 atque
831 932 1173 988 commonuit
1214 950 1226 986 :
1261 931 1322 986 Si
1346 932 1463 1002 quis
1487 932 1624 986 vobis
1650 933 2073 1004 euangelizaverit

469 1035 655 1094 printer
705 1027 845 1097 quod
896 1027 1306 1096 evangelizatum
1339 1036 1414 1080 est
1463 1026 1625 1096 vobis,
1681 1029 1956 1086 anathema
2005 1030 2071 1084 sit

467 1117 630 1189 (Gal.
657 1103 826 1189 ι,’8).
881 1119 1048 1189 Igitur
1095 1119 1197 1172 hoc
1247 1130 1578 1190 praeceptum
1617 1129 1862 1181 tenentes
1889 1161 1903 1184 ,
1936 1121 2068 1178 illud

466 1210 729 1281 quidquid
770 1221 855 1266 est
894 1211 1019 1268 ﬁdei
1067 1221 1266 1266 nostrae
1315 1212 1694 1278 contrarium,
1730 1211 1799 1274 ab
1827 1212 2068 1283 Origene

464 1370 683 1440 legeris,
719 1368 1007 1440 perSpicue
1049 1368 1211 1422 etiam
1251 1382 1444 1421 sensus
1467 1366 1788 1440 constabit:
1833 1383 1957 1422 nam
1993 1367 2069 1421 Ia-

458 1442 703 1564 ciniolsus
743 1439 920 1498 ferme
971 1448 1115 1494 totus
1161 1451 1243 1494 est
1281 1449 1464 1493 textus
1492 1480 1506 1505 ,
1558 1439 1907 1494 librariorum
1947 1440 2070 1494 cul-

473 1526 558 1564 na.
617 1528 668 1564 ι).

473 1526 558 1584 pa.
593 1526 668 1584 ιι).

537 1591 561 1617 ει
594 1581 798 1635 Desunt
844 1583 929 1660 hic
991 1583 1092 1660 loci
1151 1581 1394 1660 quaedam
1425 1624 1437 1645 ,
1489 1597 1608 1660 qua:
1659 1583 2071 1644 amanuensium

463 1661 704 1710 veterum
757 1655 1041 1706 oseitantia
1082 1653 1442 1717 exciderunt,
1493 1653 1618 1721 puta
1663 1664 1973 1717 serventur;
2021 1663 2066 1706 et

463 1703 1728 1793 coiﬁzsiituimus,tarut'quidsimileitiiecrtameii,
1767 1734 1843 1778 tot
1889 1703 2068 1780 adhuc
2103 1703 2146 1762 ιι

466 1795 676 1852 mendis
706 1796 965 1916 imlpedita
999 1797 1270 1858 oratione,
1316 1797 1492 1852 sancti
1523 1795 1806 1854 Pontiﬁcis
1834 1797 2065 1851 obscura

466 1879 619 1916 mens
641 1877 744 1916 681..
803 1883 855 1916 D.

465 1879 619 1921 mens
641 1877 744 1920 (381..
782 1877 855 1920 ID.

538 1935 565 1983 ἢ
589 1935 854 1991 Nimirum
875 1937 1265 1992 Cremonensis
1293 1937 1582 2003 Eusebius,
1608 1938 1700 2006 qui
1730 1952 1853 1991 cum
1881 1937 2068 1992 Romte

919 2081 1065 2094 ια’*

2171 395 2298 432 num
2330 389 2488 447 atque
2521 380 2787 450 punitum.

2241 470 2326 526 Ill.
2363 471 2487 526 llaec
2526 472 2801 531 sanctitati
2830 480 2934 527 tua:
2976 472 3299 542 scripsimus
3340 487 3438 544 per
3471 473 3768 529 Eusebium

2170 563 2569 634 presbyterum,
2599 564 2691 633 qni
2729 565 2970 620 calorem
3001 563 3126 618 ﬁdei
3153 573 3396 634 gestans,
3431 573 3487 620 et
3527 580 3770 620 amorem

2168 657 2315 715 circa
2346 658 2630 716 Dominum
2662 657 2870 716 habens
2890 657 2940 723 ιι,
2966 658 3214 728 quaedam
3243 659 3477 726 capitula
3517 658 3774 729 blasphe-

2170 754 2291 818 miae
2321 754 2538 819 obtulit,
2567 770 2690 825 qua:
2719 769 2818 811 nos
2847 770 2953 808 non
2978 754 3156 808 solum
3201 753 3529 818 horruimus,
3556 764 3612 809 et
3632 754 3778 825 judi-

2175 848 2440 915 cavimus,
2465 862 2656 906 verum
2683 855 2739 904 et
2763 848 2808 903 si
2838 863 2941 918 qua
2961 849 3067 902 alia
3095 857 3220 902 sunt
3249 849 3317 902 ab
3343 848 3578 919 Origene
3607 865 3778 920 expo-

2174 940 2316 1006 sita,
2372 956 2495 1000 cum
2541 957 2641 994 suo
2690 948 2913 995 auctore
2963 941 3165 1010 pariter
3214 956 3244 996 ιι
3277 942 3434 996 nobis
3481 942 3621 997 scias
3654 958 3780 999 esse

2170 1029 2449 1088 damnata.
2481 1032 2748 1094 Dominus
2775 1040 2830 1088 te
2861 1032 3188 1088 incolumem
3221 1032 3524 1102 eostodiat,
3555 1034 3778 1091 domine

2170 1121 2342 1180 frater
2369 1125 2564 1182 merito
2596 1123 2954 1182 honorabilis.

2180 1371 2578 1452 essetabanno
2609 1369 2713 1452 598
2742 1370 2992 1452 Origeuis
3023 1372 3193 1434 libros
3220 1378 3343 1450 περὶ
3372 1374 3578 1452 ᾊρχῷν
3607 1391 3634 1428 a
3670 1376 3779 1438 liu-

2181 1441 2291 1495 iino
2321 1441 2589 1496 latinitate
2625 1441 2876 1509 donatos,
2915 1445 3120 1511 primus
3145 1441 3652 1514 accuéavit'palam,
3701 1460 3780 1501 at-

2180 1528 2296 1586 que
2324 1514 2452 1567 inde
2487 1514 2947 1583 blasphemiarum
2977 1515 3211 1584 Capitula
3259 1518 3551 1586 excerpsit.
3587 1517 3686 1586 Qui
3727 1527 3780 1574 et

2182 1584 2468 1658 Mediolani
2499 1599 2619 1637 cum
2649 1594 2796 1658 esset
2822 1627 2837 1651 ,
2889 1601 2984 1658 per
3013 1589 3063 1640 id
3097 1603 3289 1656 nempe
3324 1584 3624 1658 temporis,
3672 1605 3782 1658 quo

2180 1654 2374 1740 detulit
2402 1655 2708 1740 Itanc‘cenad
2733 1655 3171 1739 Simpliciauuur
3189 1651 3437 1740 Anastasi
3458 1651 3778 1740 epistolam,

2175 1728 2459 1804 quamdam
2509 1727 2721 1804 {iuliae
2755 1740 3024 1804 praesente
3065 1730 3316 1784 recitavit
3361 1727 3582 1804 cxcjus
3618 1736 3784 1785 inter-

2182 1799 2481 1873 pretatione
2502 1797 3125 1873 Origenis'senteutiam,
3156 1816 3329 1873 quam
3353 1815 3412 1856 se
3437 1797 3783 1873 inipugnasse

2181 1868 2324 1930 idem
2351 1868 2586 1930 Ruﬁnus
2616 1869 2654 1926 ι.
2687 1884 2703 1926 ι
2737 1869 3060 1927 lnveetivar.
3094 1868 3274 1926 trs—dit.
3310 1872 3386 1927 In.

1697 2252 2548 2367 APPENDIX.

527 2459 1116 2554 EPISTOL/E
1160 2465 1433 2548 DU/E
1479 2463 1559 2546 S.
1611 2463 2246 2554 ANASTASIO
2295 2467 2942 2558 PERPERAM
2987 2470 3720 2554 ATTRIBUT/E.

1770 2623 1862 2690 (Es
1889 2623 2042 2675 Labb.
2079 2624 2226 2677 Couc.
2264 2637 2377 2686 tom.
2417 2629 2510 2691 ιι.)

953 2969 979 2997 εί
1006 2957 1345 3018 EPISTULA
1379 2957 1612 3014 PRIMA.

587 3091 654 3130 AD
693 3088 864 3132 OINES
904 3090 1192 3130 οειιιιΑΝιΑῑ
1235 3090 1297 3129 ΔΩ
1338 3089 1649 3130 ΒυιιϐυΝῡιίε
1690 3087 1990 3132 ειηεοοιιοε.

490 3189 532 3246 ι.
568 3189 636 3246 Ut
663 3198 898 3252 sanctum
921 3187 1268 3262 Evangelia»:
1296 3188 1553 3253 unirersi,
1589 3205 1690 3242 non
1718 3188 1970 3252 sedentes,
2005 3189 2093 3243 sed

560 3291 754 3337 stantes
775 3283 1016 3342 audiant.
1042 3313 1110 3322 ——
1134 3282 1197 3336 ιι.
1225 3281 1587 3336 Transmarini
1612 3282 1870 3351 quomodo
1895 3281 1962 3336 ad
1992 3282 2094 3338 cie-

560 3392 675 3429 rum
715 3375 872 3446 recipi
918 3376 1158 3432 debeant.
1186 3374 1366 3432 —lll.
1414 3375 1488 3432 De
1530 3375 1838 3436 Manichacus
1878 3376 1933 3430 in
1971 3375 2094 3431 urbe

569 3470 805 3530 Romana
829 3471 1070 3540 repertis.

497 3587 828 3642 Amsrssws
850 3587 1142 3662 episcopus
1164 3585 1382 3642 cunctis
1403 3583 1709 3646 Germaniae
1732 3596 1787 3641 et
1806 3585 1832 3626 δ
1851 3586 2096 3657 Burgun-

639 3680 744 3737 ditc
775 3678 1020 3750 regionis
1049 3679 1326 3747 episcopis
1354 3678 1410 3732 in
1437 3678 1668 3732 Domino
1694 3679 1951 3734 salutem.

569 3795 750 3866 Exigit
790 3793 1011 3849 dilectio
1041 3803 1253 3860 vestra,
1290 3795 1634 3861 cbarissimi,
1675 3803 1734 3852 ut
1767 3811 1831 3852 ex
1867 3795 2102 3852 auctori-

499 3896 610 3944 tate
640 3886 785 3946 Sedis
816 3887 1138 3956 apostolicae
1167 3887 1362 3944 vestris
1395 3886 1726 3942 deberemus
1765 3889 2103 3957 restiondere

500 3977 790 4033 consultis.
818 3974 886 4028 Et
906 3975 1156 4043 quamvis
1182 3990 1288 4028 non
1317 3976 1553 4042 prolixe,
1584 3978 1680 4031 sed
1703 3979 1977 4036 succincte
2000 3979 2104 4035 hoc

503 4085 694 4142 agere,
730 4076 954 4138 propter
986 4068 1248 4136 quasdam
1281 4068 1418 4127 alias
1449 4072 1842 4140 occupationes
1886 4072 2103 4130 festina-

503 4177 724 4228 remus,
755 4160 938 4222 denuo
972 4169 1188 4224 tamen,
1221 4160 1268 4220 si
1301 4175 1526 4221 necesse
1569 4161 1762 4227 fuerit,
1796 4163 1866 4218 ob
1896 4164 1990 4218 has
2025 4165 2106 4218 vel

505 4255 640 4311 alias
672 4253 1065 4315 necessitates,
1099 4252 1258 4321 quasi
1290 4251 1356 4304 ad
1387 4263 1547 4323 caput
1573 4295 1588 4320 ,
1626 4255 1842 4309 mittere
1870 4255 2108 4310 charita-

2112 2964 2156 3024 ί]
2189 2958 2338 3028 quod
2367 2968 2424 3012 ut
2453 2959 2759 3018 nullatenus
2792 2961 3054 3032 deinceps
3089 2962 3204 3020 fieri
3237 2961 3459 3028 sinatis,
3491 2963 3800 3035 apostolica

2196 3054 2519 3109 auctoritate
2550 3054 2900 3114 mandamus.
2935 3055 3046 3118 Sed
3085 3056 3218 3120 dum
3258 3055 3358 3116 SS.
3406 3057 3697 3128 Evangelia
3743 3059 3800 3113 iu

2197 3143 2429 3200 ecclesia
2463 3144 2761 3201 recitantur
2781 3187 2794 3208 ,
2820 3144 3138 3202 sacerdotes
3160 3155 3216 3200 et
3238 3148 3421 3202 czctcri
3445 3162 3636 3202 omnes
3664 3164 3804 3218 pra:-

2199 3247 2412 3300 sentos,
2460 3252 2564 3290 non
2610 3237 2896 3302 sedentes,
2944 3237 3041 3292 sed
3085 3238 3479 3298 venerabiliter
3516 3240 3696 3307 curvi,
3746 3239 3800 3297 in

2199 3340 2496 3396 conspectu
2527 3331 2700 3384 sancti
2735 3328 3015 3401 Evangelii
3042 3337 3288 3396 stantes,
3317 3329 3601 3392 Dominica
3631 3332 3804 3394 verba

2203 3423 2408 3478 intente
2438 3420 2691 3487 audiant,
2725 3431 2780 3480 et
2813 3421 3050 3478 ﬁdeliter
3081 3422 3330 3477 adorent.

2274 3511 2338 3568 ιι.
2372 3513 2636 3568 Similiter
2668 3521 2724 3568 et
2754 3515 3154 3568 transmarinos
3184 3514 3472 3590 homines,
3507 3515 3576 3571 de
3607 3516 3807 3586 quibus

2206 3621 2302 3660 nos
2343 3606 2732 3676 consuluistis,
2771 3605 2825 3662 in
2866 3607 3157 3662 cleriCatus
3189 3606 3398 3664 honore
3431 3608 3598 3664 nolite
3626 3608 3808 3662 susci-

2204 3715 2368 3770 pere,
2397 3700 2502 3760 nisi
2527 3700 2767 3770 quinque
2793 3709 2888 3758 aut
2913 3717 2982 3759 eo.
3003 3701 3241 3770 amplius
3269 3701 3660 3769 episcoporum
3689 3700 3810 3754 ώὶα

2206 3792 2492 3861 rograpbis
2522 3791 2634 3846 sint
2663 3791 2934 3861 designati
2959 3809 2972 3857 ;
3004 3792 3128 3860 quia
3158 3791 3324 3845 multa
3360 3806 3456 3861 per
3488 3791 3806 3862 subreptio-

2207 3899 2333 3939 nem
2376 3884 2552 3938 solent
2593 3882 2839 3937 evenire.
2886 3881 3012 3938 ideo
3044 3893 3101 3938 et
3133 3884 3246 3937 ilil‘C
3292 3897 3641 3955 summopere
3682 3895 3813 3941 sunt

2207 3977 2472 4035 cavenda.

2279 4068 2367 4130 ιιι.
2411 4066 2740 4124 Manichasos
2778 4081 2941 4133 vero,
2973 4082 3114 4136 quos
3145 4068 3200 4122 in
3229 4068 3367 4122 urbe
3396 4067 3567 4123 Roma
3598 4069 3814 4124 iuveni-

2211 4175 2352 4228 mus,
2383 4169 2438 4213 et
2468 4174 2734 4230 sequaces
2765 4174 2961 4214 eorum
2995 4160 3172 4216 nolite.
3201 4159 3452 4231 recipere
3474 4204 3487 4227 ,
3521 4177 3700 4232 neque
3732 4163 3814 4218 eis

2211 4257 2657 4321 communicare,
2700 4265 2794 4311 aut
2839 4253 3006 4312 ullam
3050 4270 3172 4312 cum
3214 4256 3296 4311 eis
3339 4257 3816 4326 participationem

507 4351 618 4406 tive
660 4363 770 4403 non
811 4346 1112 4411 dubitetis,
1143 4346 1269 4417 quia
1300 4357 1513 4402 vestras
1547 4363 1738 4417 preces
1777 4357 1833 4404 et
1873 4365 2013 4406 nunc
2052 4357 2106 4406 et
2134 4355 2183 4415 D
2210 4349 2438 4415 habere,
2462 4349 2776 4419 priusquam
2800 4348 2866 4403 ad
2890 4360 3094 4404 rectam
3115 4359 3506 4404 convertantur
3529 4350 3722 4412 tidem;
3746 4336 3841 4404 ne

513 4454 640 4501 tunc
670 4452 922 4510 acceptas
950 4441 1234 4496 habemus.

581 4537 626 4594 ι.
656 4532 1014 4606 Signiﬁcastis
1043 4531 1188 4588 enim
1215 4534 1486 4603 quosdam
1510 4534 1827 4589 sacerdotes
1853 4535 1901 4588 in
1931 4535 2106 4590 eccle-

512 4632 625 4696 sia,
657 4629 876 4700 quando
909 4629 1162 4698 legnntur
1195 4629 1517 4698 Evangelia,
1552 4628 1776 4695 sedere,
1809 4637 1863 4684 et
1896 4629 2104 4683 Domini

511 4725 809 4781 Salvatoris
842 4723 1005 4777 verba
1037 4736 1141 4776 non
1173 4732 1416 4788 stantes,
1451 4723 1546 4778 sed
1588 4722 1842 4784 sedentes
1879 4722 2110 4788 audire,

514 4827 569 4876 et
600 4817 703 4874 hoc
729 4832 795 4872 ex
823 4815 1086 4886 majorum
1122 4814 1415 4872 traditione
1445 4831 1504 4870 se
1536 4814 1812 4884 accepisse
1844 4823 2065 4868 narrant
2094 4833 2105 4868 :

593 4986 619 5014 ⁸
648 4973 903 5046 Epistula.
948 4973 1275 5046 Anastasius
1296 4972 1478 5039 plores
1511 4971 1731 5040 scripsit
1760 4973 2021 5046 epistolas
2054 4973 2104 5026 in

519 5062 678 5104 causa
699 5044 1132 5114 Origenistarum
1165 5056 1216 5096 et
1250 5044 1650 5096 Donatislarttttt
1673 5086 1685 5106 ,
1719 5057 1773 5098 et
1807 5045 1948 5097 inter
1973 5045 2107 5098 alias

519 5118 587 5174 ad
617 5116 872 5174 Ursinum
897 5115 965 5170 de
990 5116 1362 5169 incarnatione
1392 5115 1514 5167 Filii
1545 5114 1673 5179 Dei,
1700 5116 1854 5183 cujus
1883 5118 1982 5168 tria
2013 5133 2106 5169 cx-

518 5185 988 5256 stant'l'ragmcnta
1010 5188 1062 5241 in
1083 5185 1384 5255 appendice
1412 5186 1478 5239 ad
1515 5186 1838 5240 breviarium
1866 5186 2103 5240 Lilierati

521 5260 756 5316 diacmii.
818 5259 942 5312 llu-c
997 5262 1074 5322 si,
1130 5258 1272 5324 quod
1331 5259 1600 5325 reperitur
1651 5258 1704 5310 in
1761 5257 1864 5310 fine
1914 5257 2098 5323 illius,

521 5333 721 5401 scripta
781 5331 880 5385 fuit
941 5329 1172 5401 Arcadio
1224 5339 1385 5401 atque
1444 5329 1690 5381 Bantone
1737 5329 2098 5401 Consulibus,

523 5399 668 5458 anno
693 5401 908 5458 Domini
950 5400 1058 5455 585
1097 5410 1255 5469 atque
1299 5399 1434 5453 adeo
1481 5400 1887 5466 quatuurdccitn
1940 5402 2098 5453 annis

523 5487 652 5534 ante
683 5475 981 5537 ingressum
1024 5471 1293 5525 Anastasii
1336 5479 1608 5523 exaratam
1655 5470 1822 5525 fuisse
1862 5480 2093 5537 Oportet.

524 5546 673 5602 Unde
702 5545 743 5598 si
772 5558 890 5598 eam
925 5543 1216 5611 legitimam
1251 5553 1299 5594 et
1334 5557 1440 5594 non
1487 5543 1660 5606 potius
1703 5539 2099 5608 supposititiam

521 5631 644 5674 esse
684 5617 949 5681 Velitnus,
984 5609 1250 5682 apparet,
1295 5628 1413 5668 eam
1463 5613 1544 5665 vel
1590 5612 1711 5665 aliis
1759 5612 2106 5682 pontiﬁcibus

516 5701 678 5756 quam
727 5680 1018 5744 Anastasio
1063 5680 1438 5742 ascribendam
1485 5695 1646 5752 esse,
1693 5683 1775 5738 vel
1819 5680 1874 5744 in
1926 5694 2108 5738 notam

2213 4456 2406 4495 eorum
2433 4440 2575 4493 male
2602 4441 2922 4508 pullulantia
2948 4441 3156 4494 semina
3180 4481 3191 4501 ,
3219 4455 3337 4510 qua:
3361 4455 3389 4492 a
3417 4441 3572 4498 nobis
3597 4442 3646 4494 in
3675 4440 3817 4496 Urbe

2215 4529 2653 4603 exstinguuntur,
2705 4530 2956 4600 pessimis
3002 4530 3284 4586 vobiscum
3333 4531 3608 4586 radicibus
3651 4532 3818 4590 semi-

2217 4633 2412 4684 nentur
2445 4625 2534 4684 vel
2559 4623 2889 4696 germinent.
2922 4623 3193 4678 Plurimos
3218 4637 3350 4678 vero
3374 4639 3592 4686 corum,
3623 4631 3678 4676 ct
3703 4639 3822 4679 sua:

2217 4732 2479 4788 sequaces
2506 4717 2838 4785 impietatis,
2869 4726 3030 4782 atque
3063 4717 3278 4771 illorum
3311 4717 3564 4772 doctores
3596 4717 3820 4772 investi-

2216 4813 2366 4882 gatio
2392 4820 2575 4866 nostra
2603 4813 2835 4882 reperit,
2864 4811 3138 4883 vigilantia
3162 4811 3454 4886 divulgavit
3475 4853 3488 4877 ,
3518 4814 3816 4873 auctoritas

2212 4968 2554 5024 consularem
2604 4967 2873 5041 mendum
2908 4967 3214 5036 irrepsisse.
3269 4967 3593 5037 Intposturm
3639 4973 3826 5041 suspi.

2211 5044 2422 5096 cionem
2479 5051 2675 5108 auget,
2729 5039 2874 5108 quod
2927 5042 3159 5092 maxima
3219 5055 3340 5108 pars
3367 5043 3660 5109 epistolae,
3711 5039 3820 5111 qua

2209 5115 2387 5180 agitur
2415 5112 2481 5164 de
2511 5111 2855 5173 Martii-limis,
2891 5111 3195 5171 ϊουνΐίίὶιιιν
3225 5112 3363 5181 apud
3398 5123 3644 5170 sumtum
3679 5114 3817 5170 Leo‘

2211 5201 2332 5238 nem
2369 5199 2619 5251 magnum
2655 5181 2958 5236 Romanum
2995 5183 3342 5250 pontiﬁcem,
3375 5184 3426 5238 in
3472 5185 3705 5249 epistola
3747 5188 3815 5242 ii-

2206 5255 2308 5327 litts
2341 5256 2575 5327 secunda
2620 5254 2685 5327 ad
2727 5255 3013 5327 universos
3057 5252 3226 5308 Italian
3255 5257 3555 5327 episcopos
3586 5259 3812 5324 scripta.

2207 5326 2330 5381 Haec
2365 5335 2488 5396 post
2516 5325 2737 5381 Suriutn
2767 5323 3034 5382 Baronius
3064 5341 3208 5380 anno
3239 5325 3376 5390 402,
3410 5323 3557 5381 nunt.
3589 5329 3681 5382 48.

3167 5396 3429 5455 Sursum.
3463 5398 3668 5452 Bmws.

2283 5471 2308 5505 ι’
2351 5468 2444 5522 Vol
2489 5468 2590 5521 hoc
2631 5468 2855 5522 verbum
2899 5469 3254 5536 imposturam
3296 5470 3508 5538 arguit,
3544 5485 3666 5526 nam
3711 5472 3818 5528 sub

2211 5539 2578 5595 Valentiniani
2622 5554 2680 5593 ιιι
2722 5540 2946 5608 imperio
2979 5539 3214 5609 primum
3252 5541 3316 5599 ad
3350 5539 3518 5601 tidem
3564 5543 3820 5598 christiih

2217 5628 2336 5665 nam
2372 5612 2620 5666 conversi
2655 5620 2782 5666 sunt
2815 5609 3247 5680 Burgundiones.
3284 5610 3452 5672 Lana.
