4194 6192
343 240 414 306 't't
1688 237 2052 314 errarem:
2092 239 2344 316 DUBIJ.
3604 245 3676 306 τι

344 368 399 413 et
426 373 667 418 censura
693 359 960 418 coercuit.
993 361 1143 430 Quos
1173 361 1452 432 potuimus
1477 360 1802 429 emendare,
1835 376 1956 417 cor-
1984 362 2034 438 Α
2061 374 2158 420 nes
2198 375 2318 432 qua:
2371 359 2654 426 vobiscum
2708 359 2865 416 bene‘
2894 359 3180 426 sentiunt,
3229 359 3514 426 ecclesias.
3561 362 3674 420 Nos

345 449 597 508 reximus
627 470 639 505 :
672 461 728 508 et
755 461 811 508 ut
838 452 1163 510 damnarent
1198 452 1558 515 Manicbmum
1591 467 1718 508 cum
1761 453 1958 522 prsidi-

343 541 573 598 catioue
595 553 645 598 et
671 542 975 616 disciplinis
998 547 1146 612 suis,
1173 544 1382 614 publica
1408 545 1462 607 in
1493 544 1723 608 ecclesia
1753 542 1962 614 profes-

346 635 510 691 sione
532 646 587 690 et
609 651 797 691 manus
821 652 935 692 sum
962 637 1364 707 subscriptione
1382 635 1745 706 compulimus
1769 652 1780 687 :
1810 645 1858 688 et
1887 635 1959 689 ita

319 799 324 804 η
353 726 426 782 de
459 728 718 803 voragine
751 729 1048 801 impietatis
1078 745 1191 784 sua:
1222 727 1510 784 confessos
1535 770 1550 797 ,
1583 726 1959 800 pmnitentiarn

348 819 738 886 concedendo,
777 819 1102 876 levavimus.
1143 819 1426 891 Aliquanti
1454 835 1619 886 vero,
1661 819 1753 891 qui
1789 820 1862 874 ita
1902 834 1962 874 se

350 911 772 981 demerserunt,
815 924 870 968 ut
918 914 1128 970 nullum
1174 914 1257 969 his
1307 913 1620 970 auxiliantis
1661 913 1959 970 remedium

350 1013 533 1075 posset
561 1005 862 1061 subvenire
884 1049 897 1070 ,
931 1005 1134 1063 subditi
1163 1006 1406 1078 legibus,
1439 1006 1738 1065 secundum
1769 1006 1958 1064 Chris-

351 1095 623 1150 tianorum
655 1097 965 1168 principum
999 1099 1328 1166 constituta,
1362 1115 1430 1156 ne
1459 1108 1707 1155 sanctum
1738 1115 1958 1172 gregem

349 1202 443 1243 sua
500 1189 834 1260 contagione
891 1190 1233 1261 polluerent,
1299 1207 1396 1263 per
1453 1193 1698 1262 publicos
1747 1193 1963 1270 judiccs

347 1287 614 1351 perpetuo
640 1291 769 1340 sunt
800 1279 997 1344 exsilio
1026 1281 1284 1362 relegati,
1314 1293 1368 1344 et
1396 1284 1579 1342 omnia
1608 1299 1729 1362 qua
1758 1292 1869 1344 tam
1905 1283 1959 1342 in

347 1369 604 1440 scriptis,
637 1385 800 1438 quam
835 1370 889 1425 in
919 1371 1156 1426 occultis
1187 1372 1570 1428 traditionibus
1602 1374 1716 1429 suis
1761 1373 1964 1430 habent

350 1461 581 1532 profana
607 1462 694 1516 vel
735 1464 911 1533 turpia
935 1507 950 1530 ,
995 1473 1054 1524 ut
1093 1475 1280 1522 nosset
1317 1466 1548 1548 populus
1587 1466 1715 1544 quid
1753 1467 1964 1539 fugeret

349 1565 443 1611 aut
469 1557 699 1624 vitaret,
727 1556 1244 1614 oculisChristianze
1275 1560 1447 1628 plebis
1475 1570 1620 1615 certa
1651 1561 1963 1618 manifesta-

350 1649 500 1704 tione
525 1650 883 1720 probavimus
912 1654 1070 1726 (fort.
1098 1655 1568 1725 propalavimus),
1595 1656 1731 1712 adeo
1755 1668 1816 1712 ut
1846 1659 1964 1728 ipse

2063 468 2280 524 quoque
2304 495 2317 518 ,
2349 461 2406 508 ut
2431 453 2592 509 modo
2623 451 2801 508 facitis
2821 491 2835 518 ,
2864 462 2918 509 et
2949 453 3296 524 alloquatuiui
3322 495 3337 522 ,
3372 464 3518 525 peto,
3552 470 3673 512 cre-

2064 544 2216 602 brius
2246 544 2480 612 litteris,
2515 553 2568 605 et
2598 543 2939 617 frequentius
2976 543 3044 604 de
3081 544 3186 604 (ide
3231 557 3286 601 et
3323 546 3464 602 bona
3489 546 3668 604 inten-

2066 637 2210 691 tione
2236 648 2419 692 vestra
2461 646 2624 708 atque
2666 639 2928 712 sospitate
2952 681 2965 703 ,
3012 638 3319 706 laetificate,
3354 651 3407 696 ιιι
3441 650 3496 697 et
3534 658 3673 712 gau-

2063 729 2212 785 dium
2248 743 2540 786 commune
2572 729 2872 785 habeamus
2894 773 2909 794 ,
2943 739 3000 786 et
3027 731 3256 792 Domino
3291 731 3409 803 pari
3442 741 3570 789 voto
3603 732 3668 788 ti-

2061 821 2263 877 deliter
2293 821 2616 878 serviamus.
2665 823 2794 876 Data
2821 821 2990 878 Nonis
3018 821 3274 881 Octobris
3300 867 3314 893 ,
3349 825 3588 882 Arcadio
3617 835 3676 882 et

2063 911 2307 969 Bautone
2338 912 2469 969 viris
2498 910 2827 968 clarissimis
2858 912 3196 971 consulibus.

2609 1037 2635 1063 η
2677 1025 3011 1084 EPISTOLA
3059 1025 3122 1083 ll.

2669 1137 2735 1175 AD
2774 1137 3071 1177 NERIANUI.

2069 1235 2363 1300 Neriauum
2392 1237 2697 1310 religiosum
2735 1239 2903 1296 virum
2935 1240 2998 1294 ob
3029 1248 3304 1312 parentum
3344 1242 3674 1298 antirsioneut

2788 1333 3006 1387 solatur.

2285 1447 2655 1508 Dilectissimo
2677 1448 2830 1514 fratri
2855 1447 3094 1510 Neriano
3113 1448 3454 1508 Anastasius.

2142 1567 2307 1622 Multa
2351 1566 2485 1622 mihi
2525 1566 2579 1621 in
2622 1567 2876 1623 omnibus
2909 1568 3030 1624 iidei
3063 1577 3120 1624 et
3147 1569 3408 1624 bonitatis
3441 1581 3548 1626 tua:
3580 1571 3671 1625 lit-

2067 1660 2200 1715 teris
2228 1675 2388 1716 causa
2422 1658 2602 1736 gaudii
2636 1671 2756 1728 est,
2806 1661 2954 1732 quod
2996 1671 3200 1716 tantum
3243 1663 3480 1718 studium
3525 1665 3672 1719 circa

350 1742 443 1812 qui
471 1757 658 1798 eorum
689 1744 971 1800 dicebatur
996 1747 1284 1817 cpiscopus
1305 1790 1318 1811 ,
1349 1763 1375 1800 a
1408 1750 1568 1803 nobis
1598 1758 1808 1815 tentus,
1839 1767 1964 1820 ιιι-ο·
1994 1753 2038 1812 Β
2068 1754 2348 1824 religionis
2373 1754 2574 1808 cultum
2603 1753 2854 1819 exhibes,
2886 1764 2942 1810 et
2972 1754 3190 1810 Domini
3221 1757 3539 1812 sacerdotes
3567 1757 3674 1811 tuis

350 1835 503 1892 deret
536 1837 801 1909 ﬂagitiosa
829 1840 880 1893 in
910 1840 1023 1895 suis
1053 1841 1328 1913 mysteriis
1360 1841 1812 1914 (foerysticis),
1841 1861 1964 1913 quae

352 1941 598 1999 teneret,
631 1933 773 1989 sicut
805 1933 1216 2005 gestorum'vos
1247 1935 1424 1993 series
1455 1939 1662 2010 poterit
1701 1938 1960 1995 cdocere.

349 2026 430 2080 Ad
466 2027 880 2083 instructionem
911 2029 1060 2083 enim
1095 2038 1339 2085 vestram
1385 2030 1549 2086 etiam
1595 2031 1708 2100 ipsa
1754 2031 1959 2086 direxi-

354 2134 516 2173 mus:
548 2120 747 2189 quibus
780 2120 970 2186 lectis,
1001 2122 1182 2176 omnia
1213 2138 1335 2191 qute
1363 2137 1391 2175 a
1423 2121 1580 2176 nobis
1618 2123 1962 2193 deprehensa

353 2221 508 2278 sunt,
528 2228 691 2269 nosse
713 2214 982 2284 poteritis.
1003 2214 1074 2270 Et
1099 2215 1224 2286 quia
1246 2216 1555 2287 aliquantos
1577 2217 1646 2272 de
1672 2217 1775 2282 his,
1801 2232 1957 2289 quos,

359 2321 428 2360 ne
449 2305 892 2376 absolverentur,
907 2307 1116 2366 arctior
1136 2307 1281 2388 (fort.
1303 2309 1565 2381 atrocior)
1588 2320 1773 2368 reatus
1793 2311 1967 2368 invol-

354 2407 547 2462 verat;
594 2399 952 2467 cttgnovimus
993 2402 1300 2470 aufugisse,
1339 2403 1477 2457 hanc
1503 2402 1571 2456 ad
1601 2402 1959 2459 dilectionem

353 2499 595 2544 vestram
623 2492 909 2560 epistolam
943 2493 1223 2560 misimus,
1253 2502 1311 2547 ut
1338 2495 1530 2552 effecta
1572 2497 1774 2556 certior
1805 2510 1962 2556 sane-

357 2582 482 2638 titas
522 2592 725 2650 vestra,
750 2584 1042 2639 sollicitius
1066 2601 1228 2656 agere
1247 2587 1500 2656 dignetur
1521 2597 1576 2641 ct
1600 2588 1834 2654 cautius,
1860 2603 1961 2644 nec

356 2675 451 2730 ubi
477 2675 788 2731 Manicheam
822 2678 1196 2746 perversitatis
1237 2677 1488 2734 homines
1520 2678 1709 2749 plebes
1748 2687 1962 2734 vestras

356 2769 669 2826 facultatem
696 2771 928 2827 imdcndi
952 2814 966 2839 ,
993 2783 1046 2828 et
1080 2773 1242 2843 hujus
1270 2773 1538 2844 sacrilegii
1572 2773 1783 2843 possint
1810 2775 1962 2830 iuve-

357 2863 479 2918 nire
509 2863 786 2919 doctores.
820 2863 994 2919 Aliter
1025 2865 1171 2920 enim
1215 2865 1369 2921 nobis
1408 2865 1730 2922 commissos
1769 2883 1960 2938 regere

357 2971 468 3010 non
501 2970 786 3026 possumus
806 2999 822 3024 ,
854 2957 956 3012 nisi
990 2973 1086 3013 eos
1106 3000 1120 3025 ,
1151 2958 1245 3028 qui
1275 2967 1401 3013 sunt
1431 2960 1671 3029 perversi
1704 2959 1960 3015 doctores

359 3047 528 3120 (fort.
581 3047 935 3121 proditores)
972 3059 1030 3106 et
1067 3050 1302 3120 perditi,
1346 3050 1463 3107 zelo
1503 3050 1628 3107 ﬁdei
1668 3051 1959 3108 dominica:

2067 1847 2118 1901 in
2151 1847 2391 1914 partibus
2405 1846 2665 1916 adjuvare
2679 1847 2885 1904 studes.
2921 1848 3073 1903 Unde
3095 1858 3150 1904 et
3180 1849 3290 1904 Deo
3314 1850 3519 1920 gratias
3547 1865 3673 1921 ago.

2064 1937 2158 2009 qui
2198 1947 2250 1994 te
2291 1939 2358 1993 ad
2390 1937 2494 1995 hoc
2527 1940 2781 2010 instigat,
2815 1949 2868 1995 et
2899 1949 2957 1994 ut
2989 1941 3449 2010 perscverabilem
3487 1943 3539 1996 in
3572 1942 3671 1997 bo-

2064 2034 2149 2088 nis
2186 2032 2449 2104 operibus
2494 2042 2546 2089 te
2577 2033 2774 2099 faciat,
2802 2048 2990 2088 exoro.
3024 2034 3132 2090 Vos
3163 2043 3344 2091 tamen
3378 2044 3433 2090 et
3462 2036 3513 2090 in
3545 2052 3675 2108 pro-

2064 2109 2239 2194 speris
2269 2133 2323 2180 et
2353 2124 2406 2179 in
2433 2124 2679 2180 adversis
2723 2128 2890 2179 Deum
2937 2126 3156 2180 laudare
3185 2126 3474 2198 magnifice
3505 2142 3673 2198 Opor—

2065 2225 2174 2281 tet,
2208 2215 2328 2286 ejus
2360 2216 2463 2270 sub
2493 2216 2700 2289 potenti
2731 2216 3013 2270 humiliari
3041 2233 3202 2272 manu
3232 2236 3244 2273 :
3273 2229 3329 2272 ut
3358 2219 3409 2271 in
3443 2229 3676 2288 tempore

2063 2324 2151 2368 eos
2181 2309 2534 2368 tribulationis
2565 2309 2749 2386 (juxta
2785 2309 3005 2374 Petrum
3039 2312 3386 2386 apostolum)
3419 2315 3676 2384 confortel

2063 2411 2110 2456 et
2157 2402 2346 2456 exultet
2387 2400 2596 2472 (lPet.
2626 2417 2682 2468 v,
2714 2401 2814 2474 6).
2865 2401 3253 2459 Fraternltatis
3298 2420 3429 2476 ergo
3475 2415 3673 2461 vestrm

2065 2493 2331 2562 afflictio,
2375 2510 2536 2568 quam
2585 2495 2652 2550 de
2702 2495 3001 2551 amissione
3045 2508 3332 2567 parentum
3364 2509 3671 2554 vestrorum

2067 2600 2162 2640 vos
2193 2585 2453 2641 habuisse
2481 2585 2828 2654 audivimus,
2865 2598 3066 2642 tantam
3100 2589 3260 2644 nohis
3286 2605 3505 2647 causam
3540 2609 3679 2649 mo:-

2063 2677 2204 2733 roris
2251 2677 2474 2746 injecit,
2508 2686 2567 2732 ut
2597 2679 2722 2746 quia
2756 2693 2856 2734 nos
2887 2679 2954 2735 de
2984 2678 3202 2736 duobus
3230 2682 3471 2738 charitas
3506 2700 3671 2740 unum

2064 2769 2186 2830 fecit
2211 2811 2226 2837 ,
2257 2785 2352 2826 eor
2382 2778 2630 2826 nostrum
2668 2771 2718 2824 in
2753 2773 2950 2826 vestris
2979 2773 3296 2842 specialiter
3327 2776 3408 2830 uri
3445 2776 3675 2832 tribula-

2064 2862 2306 2930 tionibus
2336 2863 2687 2918 sentiremus.
2722 2861 2830 2918 Sed
2865 2863 2916 2917 in
2947 2863 3050 2918 hoc
3083 2864 3277 2920 dolore
3311 2867 3538 2921 multum
3583 2883 3670 2922 me

2063 2956 2342 3012 consolata
2391 2965 2477 3010 est
2522 2955 2836 3013 sanctitatis
2887 2966 2995 3011 tum
3044 2957 3106 3012 ad
3149 2958 3389 3013 animum
3435 2976 3525 3015 res
3571 2962 3667 3016 de-

2062 3050 2223 3112 ducta
2245 3093 2259 3118 ,
2293 3053 2418 3122 quia
2451 3052 2607 3124 (fort.
2637 3051 2775 3123 qua)
2807 3062 2860 3108 et
2893 3053 3164 3122 patienter
3199 3053 3345 3112 ferre
3389 3055 3668 3110 tristitiam

357 3155 770 3212 persequamur,
814 3150 871 3198 et
907 3157 938 3198 a
973 3143 1124 3198 sanis
1163 3144 1438 3200 mentibus
1477 3144 1592 3217 (ne
1633 3146 1801 3215 pestis
1843 3147 1959 3202 hace
1987 3135 2034 3198 C
2063 3143 2249 3212 decet,
2285 3152 2340 3200 et
2366 3143 2436 3202 de
2465 3154 2642 3204 morte
2683 3145 2860 3214 plebis
2904 3154 3006 3200 tute
3048 3146 3277 3206 ulterius
3319 3146 3534 3222 longam
3562 3164 3670 3204 non

358 3232 519 3292 latius
549 3230 902 3305 divulgetur)
933 3235 1047 3303 (af.
1082 3234 1419 3305 perditores,
1453 3236 1526 3294 ita.
1559 3253 1661 3293 ms.
1696 3235 1909 3292 Justell.
1937 3237 1956 3304 )

357 3331 680 3393 severitate,
709 3343 814 3399 qua
845 3343 1174 3398 possumus,
1206 3328 1611 3388 abscindamus.
1646 3330 1797 3386 Unde
1828 3329 1955 3390 hor-

360 3428 448 3478 tor
471 3420 822 3477 dilectionem
851 3431 1090 3479 vestram
1112 3464 1126 3489 ,
1156 3423 1403 3479 obtestor
1427 3432 1484 3479 et
1510 3438 1707 3479 moneo
1728 3466 1743 3490 ,
1770 3432 1833 3490 ut
1851 3439 1956 3493 qua

354 3512 576 3570 debetis
603 3520 660 3569 et
690 3513 1335 3583 potestis,sollicitudine
1367 3514 1605 3586 vigiletis
1635 3516 1702 3570 ad
1734 3515 1956 3572 inveSIi-

357 3604 569 3676 gaudes
598 3620 696 3663 eos
716 3647 732 3672 ,
766 3607 954 3662 necubi
985 3606 1297 3668 occultandi
1329 3623 1392 3663 se
1434 3608 1708 3678 reperiant
1732 3607 1958 3664 faculta-

360 3709 488 3755 tem.
522 3699 609 3767 Hi,
643 3699 866 3767 fratres,
898 3701 1052 3760 valde
1081 3702 1308 3760 cavendi
1341 3711 1488 3769 sunt,
1523 3717 1595 3758 ne
1623 3701 1956 3760 dominicum

354 3807 572 3864 gregem
611 3794 1106 3864 perversitatibus,
1149 3796 1346 3865 quibus
1389 3803 1652 3865 possunt,
1684 3795 1953 3852 contami-

356 3900 488 3944 nare
528 3887 766 3942 valeant.
809 3886 953 3942 Sunt
995 3901 1127 3956 ergo
1169 3888 1386 3956 quidam
1435 3902 1624 3944 eorum
1665 3898 1816 3944 veste
1859 3900 1957 3944 sua

356 3993 493 4036 oves
521 3978 892 4048 signiﬁcantes
913 4020 929 4046 ,
963 3980 1194 4035 interius
1224 3994 1359 4035 vero
1403 3979 1515 4049 lupi
1559 3993 1785 4048 rapaces
1815 3979 1958 4038 exis-

359 4078 515 4126 tunt:
550 4070 690 4136 Quae
718 4070 916 4143 (juxta
942 4072 1190 4128 veritatis
1222 4071 1455 4142 vocem)
1497 4087 1560 4128 ea;
1591 4071 1846 4141 fructibus
1873 4087 1958 4126 eo-

358 4180 472 4218 rum
521 4163 765 4222 debemus
810 4180 1089 4236 agnoscere
1137 4163 1370 4236 (Matth.
1406 4164 1680 4235 vn,16).
1728 4163 1959 4233 Quando

359 4267 536 4313 autem
581 4259 852 4328 coeperint
893 4273 1178 4318 assumere
1221 4258 1593 4328 impietatem,
1635 4257 1767 4312 illud
1812 4256 1958 4328 quod

359 4349 732 4408 occultabatur
775 4350 827 4406 in
873 4349 1017 4416 iliis,
1069 4349 1332 4420 aperitur,
1377 4360 1432 4406 et
1480 4349 1640 4408 dolus
1677 4349 1856 4410 omnis
1901 4349 1958 4402 tit

361 4445 612 4502 omnibus
659 4443 1008 4502 manifestus.
1060 4443 1421 4506 Inveniuntur
1465 4459 1681 4515 quoque
1727 4443 1957 4501 inﬁrmae

2060 3235 2267 3294 habere
2298 3236 2633 3294 maestitiam.
2662 3236 2739 3292 Ne
2769 3245 2950 3294 tamen
2978 3237 3158 3308 aliqua
3185 3237 3366 3298 adhuc
3395 3239 3670 3296 tribulatio

2058 3328 2340 3388 in-vestra
2383 3337 2569 3390 mente
2614 3328 2890 3394 resideat,
2936 3328 3127 3385 hortor
3166 3329 3456 3400 quiescere
3499 3331 3668 3402 (fort.

2058 3421 2368 3492 quiesce)a
2393 3421 2626 3480 dolore:
2657 3421 2781 3492 quia
2824 3419 3081 3480 indecens
3111 3432 3193 3478 est
3216 3463 3232 3492 ,
3269 3434 3321 3478 tc
3365 3423 3470 3477 illis
3511 3423 3672 3478 ta-dio

2059 3514 2369 3572 aﬂ'ectionis
2417 3515 2632 3582 addici,
2681 3530 2820 3586 quos
2865 3515 3202 3576 credendum
3243 3527 3326 3573 est
3369 3519 3433 3573 ad
3480 3534 3664 3574 veram

2061 3607 2347 3665 moriendo
2377 3608 2543 3664 vitam
2577 3608 2886 3678 pervenire.
2937 3608 3154 3665 Habent
3187 3609 3413 3666 forsitan
3447 3610 3520 3668 illi
3547 3613 3667 3682 jus-

2059 3709 2167 3757 tam
2198 3700 2338 3770 longi
2371 3700 2580 3760 doloris
2608 3700 3054 3766 excusationem,
3097 3703 3186 3772 qui
3229 3703 3394 3756 vitam
3435 3704 3661 3758 alteram

2062 3795 2350 3858 nesciunt,
2383 3793 2475 3864 qui
2517 3793 2586 3849 de
2619 3793 2722 3850 hoc
2751 3793 2956 3848 saeculo
2985 3793 3054 3854 ad.
3087 3793 3282 3854 melius
3313 3810 3433 3852 esse
3469 3797 3666 3852 transi-

2063 3899 2176 3946 tum
2227 3903 2334 3946 non
2382 3887 2687 3946 confidunt.
2741 3887 2852 3943 Nos
2899 3897 3082 3950 autem
3110 3891 3200 3960 qui
3247 3891 3527 3958 novimus,
3572 3894 3662 3963 qui

2060 3981 2334 4042 credimus
2363 3989 2418 4038 et
2442 3981 2704 4040 docemus
2726 4022 2741 4047 ,
2768 3983 3088 4041 c0n1ristari
3114 3982 3338 4040 nimium
3367 3984 3436 4042 de
3462 3985 3668 4043 obeun-

2061 4077 2205 4132 tibus
2234 4091 2342 4132 non
2371 4075 2637 4132 debemus
2661 4116 2676 4139 ,
2708 4091 2776 4130 ne
2815 4076 2962 4146 quod
2993 4076 3135 4148 apud
3169 4077 3306 4134 alios
3336 4079 3555 4144 pietatis
3585 4088 3664 4136 te-

2061 4179 2156 4228 net
2200 4168 2479 4238 speciem,
2531 4167 2637 4222 hoc
2675 4167 2834 4222 nobis
2876 4166 3048 4238 magis
3092 4167 3142 4221 in
3186 4168 3345 4237 culpa
3389 4169 3480 4224 sit.
3529 4169 3662 4225 Nam

2061 4260 2383 4318 diffidentia:
2420 4258 2822 4329 quodammodo
2861 4273 3034 4329 genus
3075 4269 3196 4325 est;
3238 4268 3428 4316 contra
3456 4261 3484 4300 δ
3516 4264 3662 4333 quod

2059 4354 2290 4425 quisque
2331 4352 2659 4423 praedicator
2689 4353 2958 4425 queritur,
2995 4352 3266 4424 justitiam
3308 4368 3496 4410 amans
3522 4396 3535 4419 ,
3579 4355 3664 4410 di-

2061 4458 2220 4506 ocnte
2244 4445 2511 4516 Apostolo
2536 4464 2550 4502 :
2580 4444 2843 4502 Nolumus
2873 4453 3042 4502 autem
3072 4462 3160 4500 vos
3185 4447 3427 4519 ignorare
3455 4446 3520 4502 de
3536 4447 3660 4502 dor-

363 4537 486 4596 fidei
519 4537 804 4604 homines,
839 4547 894 4593 et
923 4537 1012 4606 qui
1051 4536 1264 4594 divinas
1306 4538 1566 4595 lectiones
1607 4536 1840 4604 sitiunt,
1870 4551 1956 4592 se-
1980 4533 2034 4594 D
2061 4537 2367 4600 mitioribus,
2413 4546 2468 4592 ut
2509 4553 2612 4592 non
2652 4537 3033 4592 contristemini
3057 4577 3070 4602 ,
3113 4537 3249 4592 sicut
3289 4548 3335 4592 et
3363 4539 3536 4594 caeteri
3577 4541 3666 4610 qui

363 4645 482 4688 cum
510 4646 607 4691 eos
633 4631 685 4688 itt
719 4631 1080 4702 perditionem
1112 4631 1474 4702 praecipitant.
1506 4631 1782 4700 Dissipant
1810 4631 1954 4690 enim

364 4733 418 4782 et
443 4725 753 4794 vituperant
777 4732 989 4794 patrum
1017 4722 1351 4793 disciplinas,
1381 4732 1437 4780 et
1462 4723 1773 4795 relinquunt
1801 4738 1958 4784 sanc-

365 4824 449 4874 tas
479 4815 790 4888 Scripturas
818 4815 883 4871 ad
917 4831 1070 4874 suam
1103 4817 1488 4887 perditionem.
1522 4816 1690 4884 Quos,
1727 4825 1783 4870 ut
1815 4832 1955 4883 prte-

365 4911 565 4970 dictum
595 4922 718 4978 est,
745 4912 1011 4970 debemus
1044 4914 1376 4984 praevidere,
1411 4925 1465 4970 et
1497 4914 1566 4972 ab
1606 4915 1690 4972 his
1729 4915 1956 4974 multum

363 5019 589 5074 cavere,
621 5022 693 5066 ne
721 5007 774 5063 in
804 5007 1010 5064 malitia
1038 5022 1134 5073 sua
1162 5008 1328 5079 aliqui
1353 5010 1640 5078 occupati,
1669 5009 1961 5066 concidant

366 5097 433 5156 de
461 5115 560 5155 sua
588 5099 865 5155 firmitate.
895 5099 1084 5156 Saluto
1111 5101 1293 5172 itaque
1324 5115 1419 5155 vos
1441 5143 1457 5168 ,
1490 5100 1718 5170 fratres,
1753 5111 1809 5157 et
1838 5117 1957 5156 om-

439 5274 465 5302 ε
495 5263 738 5332 Epistola
769 5262 854 5320 II.
899 5264 1098 5319 Eadem
1142 5263 1257 5317 fere
1299 5261 1612 5331 suspicione
1653 5263 1966 5332 imposturae

367 5337 511 5397 hac,
547 5330 689 5390 sicut
718 5337 881 5389 etiam
915 5334 1230 5404 praecedens
1271 5330 1536 5402 epistola,
1573 5333 1893 5404 laboraret,
1921 5330 1967 5404 si

367 5424 474 5462 non
518 5407 570 5460 in
616 5401 998 5474 manuscriptis
1038 5405 1320 5460 codicibus
1365 5415 1492 5460 nota
1535 5403 1840 5460 consularis
1879 5401 1969 5456 hic

369 5481 508 5535 circa
543 5480 701 5533 linem
738 5479 916 5532 addita
950 5479 1188 5533 abesset.
1235 5478 1509 5545 Septimus
1540 5477 1684 5530 enim
1719 5475 1972 5528 consula-

370 5559 457 5605 tus
482 5549 804 5612 Theodosii,
834 5550 1039 5604 habens
1067 5547 1679 5618 collegamPaliadium,
1700 5546 1890 5599 incidit
1917 5547 1970 5599 in

367 5636 568 5676 annum
604 5621 818 5675 Domini
868 5621 1005 5685 M6,
1050 5621 1140 5691 qui
1184 5617 1261 5674 eat
1310 5617 1377 5673 15
1419 5628 1539 5686 post
1579 5618 1784 5691 obitum
1828 5619 1968 5691 Apa-

367 5693 542 5750 stasii.
562 5693 675 5757 Qua
709 5695 923 5748 ratione
946 5693 1050 5748 isto
1070 5687 1320 5755 tempore
1344 5688 1664 5743 Anastasius
1684 5687 1969 5757 epistolam

368 5756 659 5835 scripsisse
686 5761 901 5820 dicatur
925 5802 940 5832 ,
991 5776 1100 5818 non
1133 5759 1312 5817 video.
1357 5757 1434 5817 Ne
1467 5759 1630 5833 igitur
1663 5756 1830 5815 totius
1860 5756 1974 5829 epi-

2065 4649 2206 4703 spem
2238 4649 2341 4690 non
2371 4632 2578 4686 habent.
2616 4630 2729 4686 [lac
2759 4631 2943 4702 itaque
2965 4672 2979 4693 ,
3012 4629 3178 4686 frater
3207 4631 3548 4700 cbarissime,
3580 4648 3666 4686 ra-

2065 4719 2215 4780 tione
2243 4730 2528 4794 perspecta
2552 4767 2565 4790 ,
2597 4720 2929 4780 studendum
2961 4721 3117 4782 nobis
3147 4734 3229 4776 est
3251 4765 3266 4792 ,
3298 4738 3361 4778 ne
3393 4723 3557 4794 (sicut
3585 4725 3637 4777 di

2065 4816 2268 4884 ximus)
2300 4815 2367 4871 de
2398 4815 2626 4873 mortuis
2656 4813 2989 4884 afﬂigantur,
3017 4813 3113 4868 sed
3141 4813 3396 4870 affectum
3425 4815 3661 4870 viventi-

2065 4907 2168 4964 bus
2200 4906 2602 4976 impendamus,
2637 4905 2836 4976 quibus
2866 4915 2920 4960 et
2949 4903 3124 4975 pietas
3157 4905 3222 4962 ad
3255 4905 3546 4962 utilitatem
3569 4949 3582 4973 ,
3613 4917 3669 4961 et

2067 5004 2138 5059 sit
2186 5001 2255 5056 ad
2301 5001 2538 5056 fructum
2581 5000 2825 5055 dilectio.
2852 4999 3078 5069 Depone
3106 5015 3267 5070 ergo,
3310 4999 3662 5066 cbarissime,

2070 5113 2360 5154 maerorem
2389 5139 2403 5161 ,
2447 5105 2502 5153 et
2541 5111 2761 5152 assume
2803 5096 3138 5167 spirituaicm
3182 5097 3416 5153 fructum
3465 5097 3667 5154 laetitia:

2076 5257 2228 5313 stola:
2252 5255 2384 5310 ﬁdes
2401 5263 2454 5308 et
2472 5255 2766 5329 auctoritas
2799 5253 3156 5329 periclitetur,
3181 5257 3251 5312 ob
3274 5260 3676 5329 tuanuscriptos

2075 5329 2327 5391 codices,
2382 5327 2524 5381 unde
2575 5326 3008 5400 iuecAnastasii
3065 5328 3116 5381 in
3177 5337 3378 5386 lautum
3435 5326 3667 5400 prin-ium

2077 5400 2435 5469 epistularum
2471 5398 2874 5466 pontificiarum
2905 5397 3072 5451 relata
3105 5407 3226 5462 est;
3260 5397 3448 5458 notaui
3474 5416 3643 5454 censu

2076 5472 2243 5526 larem
2289 5469 2341 5523 in
2384 5469 2492 5522 ﬁne
2532 5470 2935 5536 superadditam
2968 5511 2982 5533 ,
3029 5469 3128 5524 hac
3171 5472 3376 5539 virgula
3422 5470 3671 5526 censoria

2078 5540 2543 5612 perstringendam
2574 5555 2695 5596 esse
2722 5539 3100 5611 judicavimus.
3133 5540 3336 5596 Seven.
3395 5543 3596 5598 Brutus.

2151 5613 2178 5652 ιι
2213 5612 2367 5680 Quod
2391 5613 2606 5681 quisque
2633 5652 2644 5664 .
2673 5651 2687 5666 .
2721 5651 2731 5666 .
2763 5653 2775 5665 .
2803 5612 2914 5666 lloc
2946 5619 3063 5678 est,
3097 5613 3240 5679 quod
3273 5614 3500 5680 quisque
3543 5629 3682 5681 prtu-

2083 5683 2230 5740 dicat
2262 5683 2504 5754 torqueri
2536 5683 2792 5738 mrestitia
2825 5683 3056 5748 mentis,
3088 5682 3301 5736 dicente
3324 5721 3338 5747 ,
3372 5691 3478 5738 etc.
3514 5683 3682 5741 Larte.
