4200 6180
384 280 444 338 81
1288 284 1377 340 DE
1416 283 1614 341 SULP.
1656 284 1935 342 SEVERO
1974 286 2312 344 VETERUM
2352 287 2792 347 TESTIMONIA.
3616 297 3687 353 82

384 409 557 451 ccccu
588 396 811 466 scripta,
836 412 939 467 qua
965 396 1044 452 illi
1074 398 1367 469 respondet
1386 412 1447 453 se
1472 398 1539 453 de
1561 415 1625 454 ea
1654 415 1711 454 re
1732 400 1986 454 Ruﬁnum
2018 415 2059 471 Α
2093 401 2146 455 in
2175 402 2450 471 aliquibus
2476 406 2629 461 libris
2678 407 3071 480 manuscriptis
3099 411 3331 481 epistola
3372 413 3441 468 ad
3489 414 3696 470 Bassu-

384 490 751 558 consuluisse,
784 500 840 546 et
889 494 931 546 si
980 492 1106 561 quid
1140 492 1183 546 is
1234 492 1355 562 epis
1396 491 1663 559 attulerit,
1723 494 1985 547 facturum

384 581 700 638 certiorem.
760 583 867 640 Sed
896 593 950 639 et
1000 600 1142 639 anno
1172 600 1359 641 ccccnt
1399 595 1623 656 accepta
1680 600 1710 639 a
1759 586 1988 641 Paulino

387 673 617 731 historia
643 676 982 733 inventionis
1023 690 1225 735 sanctas
1252 681 1471 746 Crucis,
1524 696 1683 751 quam
1714 681 1831 750 ejus
1874 683 1989 752 epi-

387 770 531 825 Stola
564 773 625 827 31
660 773 726 827 ad
752 775 1005 830 eumdem
1033 777 1236 847 scripta
1266 777 1385 834 fuse
1419 791 1625 845 narrat,
1657 795 1777 834 eam
1798 780 1987 836 libello

386 877 490 921 suo
517 865 734 936 adjecit,
766 868 962 924 iisdem
993 868 1107 925 fere
1148 871 1333 926 verbis
1365 886 1706 941 expressam.
1742 892 1760 925 ι

457 957 547 1013 ιν.
595 977 615 1011 ‹
652 964 815 1015 Anno
836 960 1057 1017 demum
1107 977 1273 1018 ccccv
1316 964 1550 1020 Severus
1582 964 1830 1036 Dialogos
1858 980 1986 1021 suos

385 1051 643 1121 vulgavit,
673 1054 744 1110 de
769 1057 969 1125 quibus
997 1058 1049 1111 in
1084 1056 1293 1113 duabus
1336 1060 1536 1113 nostris
1581 1059 1985 1116 dissertationi-

384 1142 484 1199 bus
536 1147 749 1217 agimus
799 1156 847 1201 α.
903 1148 1175 1205 Prmterea
1221 1161 1337 1207 toto
1392 1168 1457 1207 eo
1511 1154 1772 1223 temporis
1806 1154 1985 1222 spatio

381 1251 543 1305 quam
586 1239 851 1308 plurimas
898 1240 1170 1314 Epistolas
1223 1245 1465 1316 scripsit,
1499 1262 1633 1315 quas
1672 1246 1986 1301 Gennadius

383 1329 562 1400 primo
587 1330 709 1386 loco
740 1330 823 1387 his
854 1334 1041 1389 verbis
1081 1336 1561 1391 commemoravit:
1617 1336 1837 1407 Scripsit
1885 1353 1985 1391 non

379 1423 752 1477 contemnenda
790 1426 1068 1493 opuscula:
1108 1444 1230 1480 nam
1256 1428 1500 1499 epistolas
1543 1428 1609 1482 ad
1638 1445 1863 1482 amorem
1892 1427 1987 1482 Dei

381 1519 429 1565 et
450 1525 795 1585 contemptum
834 1518 1013 1571 mundi
1036 1518 1416 1576 exhortatorias
1447 1523 1653 1591 scripsit
1690 1523 1855 1577 sorori
1880 1538 1985 1577 sua:

380 1606 594 1673 multas,
642 1624 760 1679 qua:
805 1620 851 1664 et
895 1620 1030 1666 nota:
1053 1625 1167 1667 sunt
1194 1613 1215 1686 (
1244 1630 1310 1669 ex
1341 1615 1428 1671 his
1476 1632 1580 1670 una
1628 1627 1834 1672 tantum
1892 1627 1985 1672 aut

381 1699 551 1755 altera
582 1711 799 1758 aetatem
835 1705 961 1760 tulit
990 1704 1009 1776 )
1037 1725 1048 1759 :
1096 1708 1299 1780 scripsit
1341 1718 1389 1762 et
1434 1711 1502 1763 ad
1532 1710 1820 1765 Paulinum
1849 1727 1985 1780 prte-

2093 494 2197 549 lam
2247 497 2567 555 obtruncala
2628 502 2953 572 exhibetur)
3009 514 3200 561 essent
3248 518 3564 578 occupatae:
3617 509 3701 565 sic

2092 588 2237 641 enim
2270 587 2603 660 interpretor
2658 592 2924 651 Gennadii
2953 596 3148 651 verba:
3205 598 3313 654 Sed
3354 602 3478 671 quia
3507 602 3562 655 in
3592 602 3693 656 ali-

2089 682 2270 749 quibus
2288 682 2565 753 familiaris
2583 690 2857 741 necessitas
2879 690 3069 743 inserla
3101 700 3196 757 est,
3218 709 3321 746 non
3349 679 3690 764 digeruntur:

2092 790 2218 829 nam
2252 793 2353 831 una
2385 778 2545 849 hujus
2581 784 2819 851 generis,
2866 794 2921 839 et
2949 788 3167 855 quidem
3218 791 3522 860 perbrevis,
3568 809 3691 863 quae

2089 868 2155 922 ad
2188 869 2470 927 Paulinum
2496 875 2694 945 scripta
2738 876 2914 932 adhuc
2955 890 3225 950 superest,
3269 884 3403 939 satis
3445 885 3692 942 declarat

2088 975 2248 1029 quam
2282 972 2335 1016 et
2365 975 2581 1020 caetera:
2609 967 2786 1038 dignm
2814 982 2997 1024 essent
3029 987 3147 1041 quae
3176 974 3340 1029 cedro
3363 974 3683 1033 linerentur.

2093 1054 2217 1109 Haec
2248 1058 2429 1112 omnia
2481 1075 2644 1128 porro
2685 1078 2805 1132 qua:
2853 1062 3108 1130 diximus,
3157 1068 3223 1121 ad
3277 1084 3475 1124 annum
3516 1086 3689 1142 usque

2090 1161 2253 1203 ccccv
2282 1151 2611 1222 pertingunt.
2655 1153 2792 1221 Quid
2842 1167 3029 1226 postea
3073 1157 3311 1215 Severus
3360 1163 3555 1235 egerit,
3593 1166 3691 1222 ubi

2089 1237 2272 1305 fuerit,
2308 1244 2563 1311 quamdiu
2590 1246 2808 1311 vixerit,
2834 1248 3033 1317 quidve
3064 1251 3289 1307 omnino
3320 1253 3415 1309 illo
3460 1256 3531 1310 sit
3571 1257 3685 1312 fac-

2090 1340 2224 1398 tum,
2248 1331 2514 1389 incertum
2544 1347 2807 1391 est:nam
2830 1341 2881 1392 in
2914 1340 3124 1396 Paulini
3145 1343 3414 1412 epistolis,
3446 1356 3566 1415 post
3590 1363 3686 1404 eas

2087 1437 2221 1492 quas
2252 1440 2393 1478 anno
2420 1428 2667 1496 sequenti
2692 1429 2759 1483 ad
2782 1445 2904 1485 eum
2937 1447 3035 1501 per
3069 1432 3341 1490 Victorem
3373 1452 3434 1494 se
3469 1439 3688 1494 misisse

2087 1516 2283 1571 scribit
2324 1518 2558 1588 epistola
2590 1521 2682 1587 45,
2711 1539 2861 1578 num.
2891 1525 2948 1593 2,
2981 1542 3051 1581 ne
3097 1528 3321 1584 verbum
3368 1532 3587 1602 quidem
3621 1535 3689 1589 de

2088 1606 2207 1678 ipso
2240 1611 2474 1679 amplius
2502 1614 2765 1669 occurrit.
2805 1635 2823 1667 ι
2856 1616 3128 1674 Hactenus
3165 1621 3247 1676 vir
3273 1625 3539 1681 eruditus.

2159 1698 2224 1753 V.
2251 1698 2699 1773 Quandoquidem
2725 1722 2860 1763 vero
2883 1708 2937 1763 in
2962 1725 3098 1765 nova
3123 1712 3362 1771 editione
3386 1716 3689 1775 Veronensi

382 1791 577 1847 dictum
606 1797 758 1861 duas,
785 1806 833 1851 et
870 1800 941 1852 ad
965 1801 1096 1853 alios
1143 1801 1313 1855 alias:
1343 1803 1434 1856 sed
1476 1804 1597 1872 quin
1648 1806 1701 1856 in
1727 1804 1971 1872 aliquibus

2087 1806 2249 1860 quam
2277 1796 2450 1849 secuti
2484 1810 2694 1865 sumus,
2720 1800 3175 1858 desiderabantur
3204 1806 3462 1877 Epistolas
3492 1821 3686 1881 septem

379 1888 664 1957 familiaris
729 1893 1007 1947 necessitas
1062 1893 1256 1949 inserta
1322 1905 1417 1961 est,
1476 1912 1580 1951 non
1650 1897 1977 1965 digeruntur.

377 1978 684 2037 Dolendum
711 1997 846 2039 sane
873 1994 979 2049 est,
1030 1985 1178 2057 quod
1224 1986 1335 2056 jam
1384 1998 1494 2041 tum
1536 1987 1807 2044 Gennadii
1863 2005 1981 2045 aevo

375 2074 574 2128 minori
621 2073 675 2130 in
722 2077 902 2146 pretio
941 2088 1162 2144 essent,
1195 2094 1297 2134 nec
1348 2080 1730 2151 digererentur,
1773 2096 1868 2136 seu
1901 2082 1980 2137 di—

376 2180 585 2235 spersa».
630 2183 735 2222 non
763 2169 817 2224 in
858 2186 1023 2226 unum
1049 2186 1250 2242 corpus
1276 2173 1744 2244 conjungerentur
1772 2177 1853 2231 ha:
1882 2175 1981 2232 Se-

373 2261 491 2316 veri
514 2262 782 2331 epistolae,
802 2265 1054 2320 nimirum
1082 2267 1225 2337 quod
1258 2267 1402 2324 circa
1427 2272 1522 2331 τὰς
1541 2271 1732 2344 φιλικὰς
1753 2272 1979 2350 φιλοφρο-

372 2356 542 2419 vna—ei:
571 2369 669 2409 seu
695 2355 996 2414 dulcedines
1019 2360 1268 2415 amicitia:
1301 2360 1322 2432 (
1350 2376 1454 2432 qua
1478 2364 1641 2418 etiam
1691 2364 1759 2419 de
1810 2379 1974 2421 causa

444 2549 467 2575 ο
508 2539 655 2597 Idem
685 2542 818 2599 ibid.
853 2553 909 2601 et
937 2544 1160 2602 dissert.
1195 2549 1359 2604 5et6
1389 2564 1546 2621 pagg.
1588 2550 1849 2607 259-347.

2087 1889 2272 1943 Severi
2304 1890 2522 1945 nomine
2564 1893 2839 1964 inscripta:
2866 1912 2930 1950 ac
2954 1901 3241 1968 superiore
3261 1904 3466 1959 saeculo
3519 1908 3687 1962 evul-

2083 1988 2245 2047 gatre,
2271 1995 2501 2049 quarum
2552 1984 2669 2039 dua:
2714 1985 2954 2052 Baluzio,
2988 1989 3110 2043 alia:
3159 1993 3386 2063 quinque
3418 1995 3686 2054 Dacherio

2082 2081 2319 2141 acceptae
2341 2072 2673 2141 referuntur;
2699 2092 2793 2133 eas
2821 2089 3111 2150 propterea
3137 2082 3313 2138 eidem
3337 2085 3566 2143 editioni
3604 2098 3684 2143 at-

2081 2167 2341 2223 texendas
2358 2171 2690 2228 curavimus.
2709 2172 2787 2227 Ev
2809 2175 3005 2244 quibus
3030 2188 3136 2232 tres
3165 2179 3378 2247 priores
3400 2193 3680 2238 auctorem

2084 2258 2347 2317 Severum
2381 2274 2628 2319 nostrum
2670 2282 2971 2337 agnoscere
3003 2271 3397 2340 perhibentur:
3448 2287 3681 2346 quatuor

2082 2363 2263 2408 autem
2299 2356 2525 2427 reliqum
2574 2357 2712 2414 falso
2758 2361 2861 2431 ipsi
2896 2365 3194 2433 suppositae
3238 2370 3676 2438 comperiuntur.

2082 2446 2220 2515 Quid
2248 2466 2407 2518 porro
2433 2451 2597 2507 studii
2619 2461 2674 2509 et
2702 2469 2884 2524 opera:
2905 2456 2967 2511 in
2992 2457 3182 2514 iisdem
3208 2460 3466 2531 Epistolis
3489 2480 3677 2521 rursus

2081 2541 2413 2598 excudendis
2436 2552 2558 2614 post
2599 2545 2869 2604 Clericum
2916 2552 3355 2621 praestiterimus.
3404 2571 3471 2612 ex
3529 2558 3675 2614 netis

2082 2634 2340 2705 subjectis
2369 2637 2599 2709 quisque
2628 2639 2788 2697 facile
2816 2644 3128 2713 perspiciet.

456 2726 3667 2776 ————————.—_—____________________

618 2826 1203 2913 VETERUM
1262 2832 1997 2916 TESTIMONIA
2074 2836 2233 2917 DE
2306 2836 2847 2925 SULPICIO
2916 2844 3415 2935 SEVERO.

1257 2974 2027 3027 ἧς)

2037 2988 2735 3026 ===————

372 3070 410 3125 l.
457 3077 482 3107 ⁸
520 3069 577 3126 S.
610 3069 879 3126 PAULINUS
906 3068 1191 3136 Nonnus,
1226 3072 1376 3142 epist.
1412 3072 1472 3137 5,
1515 3073 1645 3126 alias
1677 3075 1740 3139 1,
1771 3074 1964 3145 scripta
1991 3074 2035 3137 C
2068 3078 2343 3148 accipiens
2366 3125 2381 3146 ,
2429 3092 2482 3137 et
2533 3084 2711 3142 inanis
2758 3089 2945 3159 gloria;
2992 3092 3297 3150 sublimiter
3349 3098 3627 3171 negligens
3654 3144 3669 3170 ,

533 3182 670 3219 anno
699 3166 827 3232 595,
861 3182 1006 3219 num.
1040 3165 1137 3220 ὅθι
1167 3170 1218 3232 6,
1249 3167 1322 3219 ita
1352 3167 1419 3219 ad
1439 3183 1553 3221 eum
1583 3168 1755 3222 scribit
1780 3185 1798 3223 :

440 3256 521 3312 Tu
548 3298 562 3323 ,
612 3256 778 3313 frater
819 3257 1213 3323 dilectissime,
1262 3258 1327 3312 ad
1372 3258 1659 3313 Dominum
1705 3262 1969 3316 miraculo

372 3351 580 3421 majore
605 3367 901 3407 conversus
927 3366 1011 3419 es,
1043 3354 1165 3423 quia
1197 3362 1355 3409 aetate
1386 3354 1688 3421 ﬂorentior,
1721 3356 1969 3413 laudibus

371 3445 761 3513 abundantior,
794 3447 1050 3503 oneribus
1082 3448 1393 3516 patrimonii
1436 3449 1633 3516 levior,
1665 3451 1965 3506 substantia

371 3537 690 3593 facultatum
742 3554 849 3593 non
899 3541 1165 3608 egentior,
1216 3540 1360 3595 etin
1411 3542 1527 3610 ipso
1573 3541 1748 3598 adhuc
1780 3543 1965 3597 mundi

373 3630 605 3691 theatro,
640 3631 690 3685 id
717 3639 821 3698 est,
859 3630 956 3685 fori
981 3634 1320 3699 celebritate,
1349 3633 1630 3689 diversans
1661 3644 1716 3691 et
1740 3651 1965 3691 γλαυκοί

371 3738 585 3779 aomms
625 3740 839 3779 νΑωιΑκ
874 3740 1077 3780 TENENS
1102 3768 1115 3789 ,
1150 3728 1434 3796 repentino
1464 3727 1665 3797 impetu
1706 3728 1967 3783 discussi-

369 3816 439 3871 sti
468 3816 669 3871 servile
702 3818 906 3885 peccati
939 3818 1126 3886 jugum
1156 3859 1169 3883 ,
1202 3826 1256 3873 et
1286 3819 1501 3873 lethalia
1544 3822 1723 3873 carnis
1751 3828 1809 3875 et
1842 3836 1965 3875 sau-

365 3908 544 3977 guiuis
566 3910 738 3962 vincla
767 3908 982 3979 rupisti,
1006 3923 1184 3976 neque
1216 3918 1267 3965 te
1290 3911 1493 3964 divitias
1521 3911 1589 3965 de
1618 3912 1968 3968 matrimonio

369 3995 585 4052 familia:
615 3999 916 4054 consularis
947 4008 1181 4070 aggesta:
1207 4043 1220 4065 ,
1271 4017 1449 4072 neque
1488 4011 1611 4071 post
1655 4002 1964 4072 conjugium

366 4091 624 4161 peccandi
659 4092 899 4157 licentia,
934 4102 989 4148 et
1014 4094 1211 4148 czelebs
1239 4095 1491 4165 juventus
1519 4097 1585 4151 ab
1612 4108 1843 4167 angusto
1870 4112 1962 4152 sa-

368 4184 493 4239 lutis
516 4185 737 4251 introitu
757 4195 813 4241 et
839 4187 1009 4243 arduo
1037 4187 1232 4243 itinere
1256 4190 1470 4244 virtutis
1496 4190 1548 4244 in
1576 4191 1793 4245 mollem
1820 4192 1964 4247 illam

369 4283 426 4331 et
451 4276 745 4346 spatiosam
775 4279 1066 4333 multorum
1093 4280 1232 4333 viam
1260 4295 1521 4336 revocare
1550 4291 1960 4351 potuerunt.....

369 4366 447 4421 Tu
484 4383 616 4439 ergo
657 4385 818 4424 verus
848 4369 1018 4425 factor
1051 4371 1205 4442 legis,
1237 4385 1289 4428 et
1323 4373 1597 4444 Evangelii
1627 4390 1732 4429 non
1765 4375 1965 4431 surdus

2072 3172 2399 3240 piscatorum
2431 3179 2843 3245 prmdiCationes
2880 3184 3148 3242 Tullianis
3189 3189 3442 3244 omnibus
3471 3201 3526 3246 et
3564 3196 3669 3248 tuis

2072 3264 2268 3319 litteris
2308 3272 2616 3337 prmtulisti,
2659 3274 2951 3346 confugisti
2992 3279 3060 3334 ad
3107 3283 3327 3350 pietatis
3360 3284 3666 3352 silentium,

2071 3366 2129 3411 ut
2154 3359 2415 3415 evaderes
2434 3363 2737 3435 iniquitatis
2763 3370 3052 3425 tumultum
3080 3391 3093 3425 :
3122 3385 3425 3430 mntescere
3450 3378 3669 3433 voluisti

2072 3450 2415 3518 mortalibus,
2451 3463 2508 3509 ut
2538 3471 2633 3511 ore
2666 3474 2802 3528 puro
2829 3461 3015 3517 divina
3049 3464 3374 3535 loquereris,
3410 3477 3465 3523 et
3497 3469 3672 3538 pollu-

2072 3548 2179 3596 tam
2220 3546 2413 3599 cauina
2458 3547 2711 3605 facundia
2750 3552 3012 3623 linguam,
3057 3555 3262 3612 Christi
3308 3558 3560 3617 laudibus
3614 3573 3671 3617 et

2069 3640 2589 3695 commemoratione
2616 3643 2727 3711 ipsa
2759 3645 2828 3713 pii
2863 3649 3099 3702 nominis
3123 3651 3393 3719 expiares.

2072 3726 2199 3783 IDEM
2226 3730 2373 3800 epist.
2409 3731 2497 3799 il,
2530 3734 2661 3789 alias
2690 3738 2744 3802 5,
2778 3739 2971 3807 scripta
2999 3757 3137 3794 anno
3161 3742 3287 3807 597,
3317 3743 3388 3797 ad
3406 3746 3661 3812 eumdem,

2758 3846 2900 3883 num.
2932 3832 2985 3885 4.

2140 3914 2325 3983 Neque
2372 3927 2456 3971 sat
2500 3919 2670 3976 habes
2719 3924 3098 3982 occasionibus
3143 3928 3354 3984 cunctis
3400 3931 3661 4001 revisere,

2070 4011 2173 4066 nisi
2199 4022 2253 4066 et
2281 4028 2479 4081 pueros
2506 4025 2626 4073 tuos
2653 4019 2856 4087 mittas,
2881 4036 2982 4076 nec
3004 4022 3183 4077 solum
3207 4023 3273 4078 de
3302 4024 3538 4093 famulis,
3569 4029 3666 4084 sed

2070 4112 2125 4159 et
2149 4104 2217 4159 de
2237 4104 2361 4160 ﬁliis
2382 4108 2605 4175 sanctis,
2629 4126 2852 4181 quorum
2872 4114 3160 4172 benedicta
3184 4117 3235 4171 in
3262 4116 3489 4175 Domino
3512 4122 3665 4189 prole

2070 4195 2293 4263 laetaris,
2322 4199 2481 4270 eligis
2511 4202 2841 4271 tabellarios,
2872 4222 3101 4275 quorum
3128 4210 3302 4264 oculis
3329 4226 3429 4267 nos
3457 4212 3663 4281 videas,

2071 4298 2125 4343 et
2151 4306 2247 4346 ore
2272 4294 2572 4364 contingas.
2613 4295 2855 4366 Speciosi
2888 4300 3045 4355 nobis
3082 4301 3248 4371 pedes
3282 4303 3497 4359 illorum
3530 4315 3667 4361 tam-

2071 4399 2234 4454 quam
2278 4388 2762 4458 evangelizantium
2811 4392 2949 4448 bona
2986 4410 3000 4448 :
3038 4396 3287 4451 nuntiant
3317 4398 3460 4452 enim
3506 4399 3666 4454 nobis

367 4460 599 4522 auditor,
631 4462 721 4532 qui
748 4478 944 4533 corpus
967 4474 1021 4519 et
1048 4464 1306 4519 mundum
1338 4468 1613 4536 conligeus
1634 4468 1804 4531 cruci,
1829 4469 1963 4523 deli-
1991 4460 2047 4521 D
2072 4485 2127 4532 et
2165 4478 2396 4533 alTerunl
2428 4496 2489 4535 ea
2523 4499 2642 4548 qua?
2668 4484 2734 4538 ad
2769 4500 2955 4554 pacem
2988 4498 3114 4542 sunt
3152 4487 3221 4544 de
3252 4497 3338 4555 te,
3372 4505 3492 4545 cum
3533 4506 3665 4562 pro-

369 4551 479 4607 cias
502 4553 803 4622 juventutis
826 4598 841 4622 ,
878 4565 935 4610 et
976 4555 1098 4611 vita:
1136 4559 1425 4626 praesentis
1457 4560 1595 4613 mala
1637 4559 1827 4630 gaudia
1864 4577 1961 4630 pro

370 4647 594 4701 venenis
625 4654 681 4700 et
704 4647 936 4702 luctibus
964 4661 1249 4705 aversatus
1278 4666 1337 4706 es
1356 4692 1371 4716 ,
1404 4667 1669 4722 reSpuens
1699 4656 1961 4723 patrimo-

369 4738 580 4793 niorum
606 4754 771 4795 onera
795 4757 893 4795 ceu
915 4750 1238 4811 stercorum,
1264 4747 1457 4800 merito
1477 4761 1696 4803 socrum
1719 4760 1959 4805 sanctam

369 4829 399 4868 ι’
454 4833 599 4884 omni
647 4832 1012 4889 liberaliorem
1071 4846 1297 4905 parente
1346 4838 1396 4891 in
1453 4850 1681 4894 matrem
1737 4842 1963 4898 sortitus

366 4932 650 4986 mternam,
674 4929 797 4995 quia
818 4927 1096 4981 calestem
1121 4927 1335 4983 Patrem
1357 4942 1725 4987 anteverteras
1747 4944 1964 4991 terreno

368 5017 615 5087 parenti;
646 5021 895 5087 exemplo
925 5023 1294 5090 apostolorum
1326 5034 1348 5062 ε
1373 5025 1567 5081 relicto
1598 5039 1752 5097 patre
1786 5033 1836 5084 in
1866 5046 1961 5084 na-

370 5108 544 5164 vicula
575 5108 905 5179 ﬂuctuante,
934 5114 1145 5169 scilicet
1171 5116 1222 5169 in
1253 5116 1411 5185 hujus
1443 5118 1566 5172 vitae
1601 5120 1806 5175 incerto
1838 5136 1961 5177 cum

364 5202 571 5257 retibus
600 5216 782 5255 rerum
811 5217 1033 5259 suarum
1058 5215 1113 5260 et
1140 5206 1508 5277 implicatione
1536 5212 1844 5279 patrimonii
1871 5213 1965 5270 de-

368 5292 556 5347 relicto
581 5334 596 5359 ,
628 5292 903 5349 ChriStum
944 5305 1162 5352 secutus
1192 5313 1207 5352 :
1260 5314 1359 5353 nec
1392 5300 1618 5355 minoris
1646 5302 1964 5359 domesticis

367 5393 563 5461 opibus
594 5408 791 5448 manu"
824 5409 1154 5451 “curvans
1183 5412 1398 5452 ιΑυυειι
1420 5398 1489 5453 ab
1516 5398 1827 5455 hominibus
1856 5416 1963 5458 non

441 5540 467 5568 ἰ
511 5531 573 5586 S.
624 5529 883 5585 Paulinus
937 5532 1206 5594 Nolanus,
1252 5535 1461 5589 intimus
1512 5536 1734 5600 Sulpicii
1789 5536 1966 5592 Severi

366 5604 588 5679 amicus,
620 5604 921 5679 plures__ad
946 5620 1060 5657 eum
1117 5606 1391 5679 scripserat
1435 5608 1698 5676 epistolas.
1745 5625 1964 5679 quorum

367 5670 521 5728 hodie
550 5670 751 5729 exstant
784 5675 850 5729 15
882 5686 1101 5742 tantum,
1148 5670 1426 5745 exquibus
1454 5670 1561 5732 haec
1592 5670 1962 5742 pauca'excer-

368 5746 604 5818 psimus;
634 5746 750 5800 licet
780 5762 953 5800 armies
977 5756 1022 5800 et
1043 5748 1260 5818 singulm
1288 5751 1495 5806 totidem
1533 5752 1635 5807 sint
1656 5750 1834 5808 Severi
1860 5753 1962 5808 vir-

372 5816 534 5872 tutum
554 5818 951 5887 praeclarissima
974 5816 1280 5873 testimonia.

2073 4569 2253 4625 ferunt
2280 4586 2445 4642 opera
2478 4574 2712 4641 Domini,
2740 4593 2861 4646 quae
2884 4590 2974 4633 aut
3000 4581 3242 4650 operaris
3270 4582 3323 4636 in
3349 4582 3518 4639 verbo
3543 4582 3667 4652 Dei,

2072 4672 2163 4717 aut
2189 4665 2382 4720 scribis
2412 4666 2464 4720 in
2497 4668 2690 4736 spiritu
2724 4669 2908 4724 Verbi.

2640 4760 2806 4827 Ibid.,
2840 4780 2979 4817 num.
3015 4765 3100 4819 Η.

2144 4848 2220 4903 Te
2250 4864 2382 4905 vero
2424 4852 2563 4906 victa
2608 4853 2726 4923 lege
2759 4856 3122 4912 membrorum
3154 4868 3209 4915 et
3239 4861 3509 4918 exteriore
3539 4876 3667 4918 cor-

2073 4949 2233 5009 rupto
2280 4955 2468 5009 puram
2508 4946 2951 5013 eonSpersionem
2989 4962 3177 5015 parare
3214 4948 3264 5015 ἀ,
3298 4960 3351 5005 et
3389 4953 3510 5008 sine
3553 4952 3665 5008 fer-

2073 5044 2259 5088 mento
2287 5048 2533 5105 azymum
2565 5033 2783 5091 Christo
2812 5039 3004 5094 conﬁci
3027 5082 3040 5105 ,
3082 5041 3293 5111 eloquia
3321 5052 3407 5097 tua
3442 5051 3550 5098 tam
3581 5045 3664 5101 fa-

2072 5128 2246 5181 cunda
2276 5144 2434 5195 quam
2458 5141 2642 5183 saneta
2672 5139 2963 5198 testantur;
2991 5148 3168 5203 neque
3190 5135 3333 5189 enim
3367 5136 3461 5191 tibi
3492 5136 3664 5194 dona-

2074 5229 2187 5275 tum
2222 5220 2413 5277 fuisset
2434 5238 2691 5279 enarrare
2714 5225 3022 5293 Martinum,
3049 5228 3150 5282 nisi
3172 5227 3392 5299 dignum
3419 5245 3482 5284 os
3509 5240 3659 5286 tuum

2074 5315 2243 5369 Sacris
2291 5315 2540 5371 laudibus
2589 5319 2790 5373 mundo
2834 5318 2999 5375 corde
3046 5319 3288 5377 fecisses.
3338 5322 3663 5378 Benedictus

2076 5407 2240 5479 igitur
2269 5420 2323 5465 tu
2354 5410 2518 5467 homo
2548 5411 2808 5479 Domino,
2843 5413 2934 5483 qui
2965 5416 3099 5468 tanti
3129 5414 3438 5472 Sacerdotis
3470 5427 3525 5471 et
3554 5431 3669 5471 ma-

2131 5542 2158 5581 b
2198 5545 2424 5620 scilicet
2448 5548 2724 5620 Bassulam
2746 5589 2769 5620 ,ν
2796 5549 2860 5603 ad
2888 5564 3047 5617 quam
3079 5549 3200 5603 data
3232 5560 3315 5606 est
3342 5552 3569 5620 epistola
3601 5553 3657 5608 3.

2145 5627 2166 5654 ε
2210 5619 2384 5673 Monet
2407 5619 2482 5673 Le
2500 5619 2732 5673 Brnnius
2759 5619 2863 5674 hoc
2890 5620 3111 5675 verbum
3136 5623 3310 5675 relicto
3342 5619 3393 5675 in
3423 5621 3663 5680 editione

2070 5684 2280 5742 Schotti
2308 5691 2499 5745 deesse
2529 5709 2542 5743 :
2574 5700 2628 5743 et
2659 5706 2790 5746 sane
2820 5691 3122 5746 redundare
3154 5692 3384 5748 videtur.

2142 5755 2168 5796 ἀ
2208 5760 2295 5816 Al.
2327 5762 2501 5830 parari
2532 5778 2551 5815 :
2579 5761 2725 5831 quod
2754 5764 2923 5831 magis
2953 5763 3146 5832 placet.
