4194 6192
521 337 590 395 ss
1305 354 1316 367 -
1811 317 2170 392 SULPICIUS
2209 311 2548 390 sevum.
3751 331 3822 388 st

522 449 1220 527 uii'eStisSimiCOhlessOris
1235 441 1516 506 biStoriam
1542 456 1648 504 tam
1673 445 1837 521 digno
1860 451 2115 504 sermone
2140 448 2194 510 Α
2221 450 2346 504 licet
2386 447 2536 520 quasi
2585 447 2808 518 peritior
2842 447 3153 504 edocerem.
3190 447 3294 505 Sed
3333 447 3435 505 sibi
3480 447 3712 518 imputet
3740 439 3821 502 fa-

521 559 679 620 q‘uam
707 541 855 618 justo
883 540 1074 601 itiicctit
1121 538 1480 615 percensuisti
1517 559 1529 596 :
1573 539 1764 598 beatus
1807 549 1860 598 et
1901 537 1990 598 ille
2022 551 2120 613 pro

524 643 765 705 meritis,
799 635 888 712 qui
921 632 1144 709 dignum
1179 633 1284 692 iide
1314 639 1370 693 et
1401 638 1506 690 vita
1539 643 1636 692 Sua
1668 636 1868 691 meruit
1897 625 2120 691 histori-

521 747 641 791 cum
661 779 674 802 ,
714 733 803 804 qui
835 737 889 788 et
934 723 1000 786 ad
1027 725 1268 786 divinam
1296 730 1524 800 glOriam
1554 729 1666 784 suis
1694 728 1904 784 meritis
1925 771 1939 795 ,
1971 738 2023 783 ct
2052 715 2118 784 ad

525 827 811 884 humanam
841 825 1161 880 memoriam
1195 824 1304 880 tuis
1331 823 1532 879 litteris
1561 827 1933 878 consecratur.

951 916 1118 982 lbid.,
1149 923 1292 971 num.
1338 909 1422 982 15,
1455 918 1507 970 in
1541 907 1688 985 line:

595 1006 703 1069 Sed
722 1011 772 1067 in
797 1021 887 1067 me
911 1017 1250 1082 peccatorem
1279 1001 1613 1080 i‘ugere,non
1639 1023 1958 1080 pauperem,
1982 1001 2119 1063 litar-

515 1105 619 1165 tini
668 1103 964 1164 beatissu'ni
1015 1101 1394 1176 frequentatur
1435 1103 1717 1172 argueris;
1769 1111 1928 1172 quem
1971 1111 2118 1156 certe

521 1205 814 1270 numquam
847 1195 1219 1252 desiderasses
1245 1238 1258 1261 ,
1285 1195 1332 1250 si
1360 1195 1500 1250 cibis
1527 1193 1776 1264 corporis
1808 1193 2017 1248 esurire
2045 1191 2114 1247 ii-

522 1296 776 1350 iuuisses.

522 1387 652 1443 IDEM
684 1383 834 1456 epist.
866 1377 960 1452 25',
990 1384 1122 1437 alias
1147 1377 1182 1439 3
1207 1388 1254 1434 et
1285 1381 1341 1445 4,
1373 1381 1566 1450 scripta
1594 1397 1732 1437 anno
1757 1373 1855 1436 401
1884 1380 1949 1434 ad
1977 1387 2120 1432 eum-

809 1475 943 1543 dem,
973 1487 1119 1531 ‘nuni.
1150 1477 1206 1541 '5,
1238 1473 1303 1529 de
1340 1469 1545 1529 Vitiare
1577 1474 1786 1546 loquens
1815 1491 1832 1528 :

591 1575 732 1630 Vere
778 1571 1204 1640 recognovlmu‘s
1254 1570 1306 1622 in
1359 1583 1424 1623 eo
1470 1577 1782 1623 sanctorum
1831 1561 2116 1623 lcrmulam

521 1671 803 1722 beatorum
837 1663 1053 1720 Martini
1085 1670 1138 1718 et
1162 1659 1330 1728 Ctari,
1361 1661 1519 1730 qne'm
1549 1658 1800 1731 proximo
1831 1657 2120 1716 intervallo

517 1757 748 1815 illusui's
776 1753 1023 1827 magistri
1054 1765 1344 1824 sequacem
1369 1761 1395 1789 ἰ
1419 1761 1471 1807 te
1493 1759 1714 1807 auctare
1739 1751 2114 1823 cognovimus.

2223 553 2388 607 metu,
2440 541 2529 611 qui
2579 541 2831 612 pauperis
2879 537 3038 594 amici
3078 540 3251 595 forem
3293 542 3494 612 pulsat,
3545 543 3601 595 et
3643 547 3824 609 prom-

2225 631 2496 705 ptua'riuiu
2540 637 2702 692 inane
2749 639 3045 692 seruta'tur.
3077 631 3380 707 Numquam
3415 638 3558 692 enini
3604 631 3658 691 in
3701 633 3822 692 hcce

2224 723 2598 798 investiganda
2630 737 2685 784 et
2717 727 3026 799 colligenda
3059 727 3190 785 mihi
3232 737 3550 786 contentum
3583 731 3822 786 Studium

2176 885 2181 890 η
2221 819 2320 877 fuit
2351 840 2365 876 :
2399 827 2520 877 nam
2550 823 2715 878 etiam
2747 823 2798 878 in
2834 834 3082 896 tempore
3113 823 3320 891 veteri,
3355 837 3461 895 quo
3487 825 3713 880 videbar
3745 827 3827 882 le-

2221 931 2349 984 gere
2381 923 2479 970 nec
2509 916 2758 986 legenda,
2791 915 2859 971 ab
2890 915 3170 971 historicis
3197 915 3560 986 scriptoribus
3586 908 3826 988 peregri-

2222 1015 2382 1063 natus
2413 1017 2552 1064 sum.
2586 1009 2843 1064 Attamen
2874 1019 3019 1065 nunc
3050 1009 3233 1080 operis
3257 1003 3336 1064 tul
3369 1019 3560 1065 curam
3589 1015 3821 1081 gerens,

2221 1115 2327 1173 quo
2357 1103 2411 1157 te
2441 1115 2539 1173 pro
2569 1103 2804 1157 utilitate
2832 1100 2956 1157 fidei
2992 1107 3194 1158 nostra:
3222 1093 3580 1173 inspiciendis
3609 1107 3666 1157 et
3693 1113 3826 1158 con-

2221 1194 2462 1251 ferendis
2495 1195 2895 1266 praateritorum
2925 1203 3232 1266 tempbrum
3264 1197 3567 1252 rationibus
3593 1212 3826 1267 occupa-

2223 1299 2333 1344 tum
2386 1287 2658 1357 iudicasti,
2709 1291 2852 1360 quod
2901 1289 2968 1346 de
3011 1303 3098 1347 me
3139 1297 3247 1345 non
3295 1281 3483 1357 imbui,
3525 1289 3592 1345 de
3641 1290 3824 1346 fratris

2223 1385 2492 1440 unanimis
2513 1383 2838 1456 opulentiori
2868 1383 3131 1440 thesauro
3155 1381 3356 1453 petivi;
3383 1387 3435 1439 et
3458 1375 3629 1454 ipSam
3654 1391 3826 1439 anno—

2225 1475 2478 1531 tationem
2507 1520 2520 1543 ,
2553 1489 2713 1548 quam
2745 1476 3148 1532 commonitorii
3181 1477 3301 1531 Vice
3333 1473 3563 1531 miseras
3586 1518 3601 1543 ,
3628 1473 3824 1530 litteris

2223 1571 2358 1626 meis
2380 1569 2604 1626 inditam
2631 1571 2802 1628 direxi
2829 1571 2893 1626 ad
2917 1569 3168 1626 Rufinum
3198 1567 3597 1644 presbyterum,
3622 1575 3824 1626 Sanctr’e

2222 1659 2418 1720 Melani
2461 1665 2488 1704 ι’
2522 1665 2756 1736 spiritali
2799 1667 2853 1722 in
2883 1669 2967 1720 via
2996 1667 3250 1721 comitem
3275 1708 3288 1730 ,
3333 1682 3463 1721 vere
3493 1669 3739 1720 Sanctum
3768 1671 3824 1720 et

2223 1759 2310 1829 ple
2339 1759 2580 1827 doctum,
2616 1767 2672 1816 et
2699 1760 2770 1816 ob
2799 1761 2902 1816 hoc
2938 1770 2958 1797 ο
2993 1753 3180 1815 intima
3213 1757 3346 1815 mihi
3379 1759 3666 1815 affectione
3693 1775 3824 1815 con-

523 1845 726 1907 ﬂorum
746 1859 804 1905 se
821 1849 985 1904 Unius
1008 1848 1058 1901 in
1087 1845 1502 1917 regeneratione
1529 1845 1867 1916 progeniem,
1893 1844 2117 1901 alterius
2149 1840 2198 1906 B
2221 1851 2486 1922 junctum.
2519 1850 2575 1908 Si
2615 1845 2707 1908 ille
2736 1853 2832 1908 bas
2858 1893 2873 1920 ,
2903 1861 3022 1922 qua:
3055 1852 3250 1907 merito
3289 1861 3340 1907 te
3365 1859 3684 1921 permovent
3710 1894 3723 1916 ,
3754 1849 3822 1907 de

519 1945 570 1999 in
605 1939 688 1997 via
727 1935 981 1997 comitem
1016 1935 1181 1994 l'uisSe
1211 1937 1353 1992 filius
1388 1937 1536 2008 pacis
1565 1931 1753 1992 Victor
1784 1937 2037 1992 asseritit.

1097 2031 1262 2098 lbid.,
1294 2039 1435 2086 num.
1471 2025 1538 2086 ιε

598 2121 694 2182 Vix
719 2135 774 2180 ut
798 2133 884 2182 me
906 2135 1097 2197 aquam
1123 2123 1434 2178 ministrare
1461 2121 1710 2178 manibus
1731 2121 1846 2177 suis
1869 2122 2072 2177 sineret
2099 2141 2111 2174 :

520 2230 583 2276 ex
617 2221 758 2275 libro
787 2213 932 2275 enim
964 2225 1054 2272 tuo
1086 2215 1245 2272 istius
1274 2217 1500 2287 gratiam
1533 2217 1810 2272 servitutis
1841 2216 2112 2284 adamavi,

521 2323 578 2370 ut
610 2314 886 2368 minimam
921 2312 1110 2366 Saltem
1139 2309 1402 2381 guttulam
1433 2307 1502 2365 de
1533 2309 1702 2364 sacris
1734 2299 1952 2364 Martini
1981 2309 2116 2364 acti-

518 2407 620 2461 bus
650 2401 970 2460 delibarem.

522 2497 653 2554 lunt
685 2497 836 2567 epist.
859 2490 952 2563 24,
987 2493 1118 2551 ullas
1140 2495 1196 2562 2,
1221 2496 1412 2568 scripta
1436 2497 1482 2548 et
1504 2489 1660 2549 missa
1680 2505 1793 2548 cum
1825 2491 2110 2564 superiore,

1190 2603 1334 2643 num.
1372 2585 1396 2642 Ι
1429 2603 1442 2640 :

589 2685 697 2739 Cur
729 2684 928 2739 audeas
961 2684 1116 2739 nobis
1136 2725 1150 2748 ,
1187 2681 1244 2737 ut
1273 2674 1552 2737 decertata
1580 2695 1753 2752 agone
1777 2675 2076 2737 victoribus
2098 2724 2113 2748 ,

518 2779 750 2848 palmam
775 2778 1120 2848 perfectionis
1147 2777 1444 2840 ascribere,
1471 2775 1614 2847 quod
1639 2791 1856 2832 omnem
1884 2786 2116 2831 terrenae

519 2872 890 2942 possessionis
917 2865 1186 2928 sarcinam
1217 2871 1534 2942 imposuisse
1563 2871 1846 2929 videamur
1871 2881 1883 2926 ε
1909 2878 1963 2928 te
1987 2881 2119 2928 con.

516 2974 598 3018 tra
629 2965 807 3018 adhuc
839 2965 1108 3019 infelicem
1157 2977 1210 3018 et
1255 2966 1306 3017 in
1351 2965 1466 3018 into
1495 2963 1644 3020 faecis
1675 2963 1904 3020 inferna:
1931 2964 2116 3019 adhae-

519 3069 728 3113 rentem
770 3059 1118 3129 iugetuiseas.
1171 3058 1312 3128 quod
1352 3057 1437 3112 vel
1482 3073 1673 3122 unum,
1721 3066 1777 3112 ut
1818 3056 2116 3128 scripsisti.

518 3147 838 3220 przediolttm
867 3166 969 3203 non
998 3143 1310 3204 vendidisse
1339 3145 1608 3211 videaris;
1633 3163 1754 3201 cum
1786 3149 1960 3218 ipsum
1985 3166 2120 3219 quo-

516 3258 621 3312 que
653 3259 804 3312 atque
835 3253 889 3294 ut
921 3241 1134 3295 vendita
1159 3257 1188 3294 a
1223 3250 1314 3294 tuo
1340 3240 1462 3310 jure
1490 3241 1740 3306 praiseuti
1765 3239 2113 3308 alienavcris,
2145 3226 2190 3288 C

518 3347 571 3388 ut
621 3323 915 3404 majoribus
967 3327 1091 3388 fidei
1141 3327 1408 3386 fructibus
1452 3329 1535 3385 his
1580 3329 1812 3386 devotus
1855 3333 2120 3387 existeres

517 3429 657 3492 Deo,
694 3421 910 3482 diverso
941 3423 1278 3480 mercimonii
1308 3443 1505 3494 Opere,
1539 3415 1632 3480 sed
1668 3443 1774 3479 uno
1808 3427 1938 3480 vita:
1967 3427 2119 3482 lucro

520 3522 659 3572 intra
691 3518 937 3587 ejusdem
976 3519 1230 3588 praecepti
1277 3517 1539 3571 terminos
1573 3513 1824 3569 venditor
1855 3516 2115 3584 largitor-

518 3629 624 3680 que
653 3605 966 3672 fundorum,
1003 3622 1055 3664 et
1082 3609 1203 3665 ideo
1227 3611 1344 3663 sine
1373 3602 1538 3662 animi
1563 3607 1877 3676 captivitate
1905 3623 2120 3678 posses-

519 3721 651 3769 sor;
694 3707 816 3774 quia
864 3703 918 3758 ei
957 3721 1080 3775 quae
1113 3701 1446 3770 reservasti,
1487 3692 1732 3756 Ecclesia
1765 3713 1816 3757 te
1845 3702 2120 3756 serviente

521 3793 816 3866 possideat.
850 3785 994 3850 Adde
1017 3808 1063 3850 et
1082 3813 1194 3868 qua:
1222 3812 1360 3849 num.
1387 3791 1421 3848 5
1451 3802 1496 3848 et
1519 3793 1572 3848 4.

519 3893 648 3947 lusu
681 3894 825 3962 epist.
859 3892 951 3950 27.
989 3892 1117 3944 alias
1160 3887 1247 3955 14,
1279 3887 1474 3956 scripta
1505 3889 1682 3944 itidem
1720 3904 1860 3942 anno
1891 3887 2018 3953 401,
2051 3887 2119 3940 ad

1053 3981 1308 4043 eumdem,
1351 3997 1473 4032 nunt
1538 3978 1614 4034 ὃς

592 4071 867 4128 ineffabile
898 4063 1026 4124 mihi
1061 4075 1144 4125 est
1165 4112 1178 4131 .
1208 4069 1410 4140 quanta
1443 4085 1529 4124 me
1561 4069 1836 4138 voluptate
1868 4061 2121 4140 perfude-

523 4163 652 4231 rint,
704 4169 825 4219 cutn
873 4161 1144 4217 referrent
1191 4165 1245 4215 et
1289 4165 1443 4216 actus
1483 4159 1537 4216 et
1575 4173 1854 4216 sermones
1897 4170 2019 4218 tuos
2067 4173 2122 4218 et

524 4250 822 4328 perfectum
855 4272 952 4310 car
985 4255 1134 4309 tuum
1167 4243 1451 4310 charitatis
1478 4247 1675 4310 divina:
1707 4255 1974 4326 scientia,
2012 4272 2119 4330 qua

521 4343 741 4404 humilis
763 4355 816 4404 et
845 4349 1118 4413 eitcelsus,
1147 4363 1350 4418 pauper
1374 4347 1429 4404 et
1450 4345 1626 4414 dives,
1655 4365 1851 4406 servus
1875 4347 1930 4407 et
1956 4343 2117 4420 liber,

519 4433 738 4496 famulis
770 4455 1105 4504 conservus,
1138 4431 1398 4495 fratribus
1429 4449 1653 4507 Servus,
1687 4443 2011 4510 panperibus
2038 4433 2123 4498 di-

525 4552 619 4590 ves
650 4527 702 4589 iu
749 4527 1052 4589 visceribus
1081 4534 1469 4589 misericordiae
1495 4575 1509 4596 ,
1540 4535 1800 4591 divitibus
1829 4553 2037 4608 pauper
2067 4537 2118 4593 itt

523 4621 719 4700 spiritu
754 4627 1190 4683 mansuetudinis
1213 4670 1226 4693 ,
1264 4628 1485 4684 humilis
1514 4629 1713 4686 virtute
1743 4630 1959 4702 pietatis
1983 4674 1998 4698 ,
2032 4647 2119 4685 ar-
2150 4619 2202 4678 D

520 4721 662 4776 duus
688 4720 1022 4776 sublimitate
1051 4720 1287 4786 virtutis,
1319 4728 1374 4774 et
1401 4733 1594 4775 servus
1616 4717 1753 4780 Deo.
1789 4721 1930 4777 liber
1956 4739 2126 4778 mam-

524 4829 727 4880 monm,
753 4823 921 4868 totum
948 4812 1075 4866 inte
1096 4813 1309 4881 spirare
1330 4811 1638 4880 Martinum,
1662 4813 1859 4869 florere
1879 4812 2121 4882 Clarum,

527 4905 785 4960 matbrari
816 4893 1171 4975 Evangelium
1206 4897 1594 4973 praedicabant.

522 4995 654 5055 lusit
685 5000 836 5068 epist.
873 4990 964 5064 98,
995 4991 1131 5054 alias
1155 5000 1208 5066 9,
1243 5000 1443 5072 scripta
1473 5017 1608 5055 anno
1637 4989 1763 5068 402,
1799 5017 1941 5054 num.
1977 5001 2047 5056 5:

595 5079 867 5147 Praeterea
897 5087 1076 5147 atttem
1095 5085 1330 5159 iussisti,
1356 5092 1584 5147 nimium
1613 5091 1905 5163 cpuleuter
1929 5093 2025 5150 tibi
2054 5089 2120 5150 de

525 5187 767 5256 paupere
801 5189 892 5239 tuo
921 5177 1226 5251 blandiens,
1265 5197 1318 5240 ut
1346 5202 1466 5256 qua:
1509 5185 1578 5241 de
1609 5193 1659 5240 te
1690 5183 1979 5241 annalibus
2015 5204 2122 5242 non

523 5279 682 5334 unius
710 5269 909 5348 geniis,
935 5271 1029 5334 sed
1055 5277 1276 5350 generis
1306 5267 1524 5334 humani
1549 5273 1818 5350 fugerent,
1846 5295 1946 5352 ego
1968 5279 2121 5337 vide-

589 5449 616 5478 ει
662 5435 866 5494 Αιιιιιιιι
891 5437 957 5492 ad
985 5447 1047 5492 es
1075 5444 1199 5508 qius
1219 5437 1456 5494 SEVertts
1488 5435 1540 5492 tn
1567 5437 1729 5508 epist.
1760 5438 1819 5505 2,
1843 5437 1909 5494 ad
1941 5438 2116 5496 Aure-

516 5513 987 5581 liumscripserat.

576 5574 600 5620 ἱ»
643 5574 720 5636 ita
750 5574 916 5635 editio
946 5578 1258 5652 Boereydi,
1292 5583 1348 5635 et
1371 5578 1445 5634 Le
1475 5574 1662 5634 Brunil
1692 5587 1757 5636 ex
1793 5583 1950 5647 mss;
1980 5581 2109 5639 alibi

513 5659 698 5707 tamen
733 5652 928 5723 legitur
956 5650 1194 5723 Mela‘nl’i.

589 5735 610 5761 ο
655 5725 732 5778 Ex
771 5717 870 5779 lict:
915 5723 1143 5794 aliisque
1187 5717 1321 5777 locis
1366 5721 1572 5776 Paulini
1611 5727 1802 5794 aperte
1852 5721 2102 5792 colligas,

506 5791 614 5858 ipsi
650 5795 938 5849 admodum
969 5791 1193 5850 charum
1225 5795 1388 5850 fuisse
1420 5794 1668 5850 Rufinum
1699 5812 1711 5849 :
1739 5793 1944 5851 Severo
1975 5791 2103 5850 vero

505 5877 636 5931 tum
695 5865 887 5926 eodem
943 5867 1146 5930 nullam
1198 5868 1574 5936 intercessisse
1620 5867 1913 5928 amicitiam
1973 5866 2099 5936 hinc

2221 1957 2486 1999 annorum
2536 1946 2652 2000 sive
2707 1954 3000 2016 regnorum
3059 1951 3165 1999 non
3227 1951 3559 2016 congrt'tente
3611 1933 3825 1998 calculo

2219 2037 2419 2092 hiantis
2451 2035 2696 2093 historiae
2727 2051 2921 2092 causas
2955 2053 3061 2092 non
3093 2029 3364 2102 ediderit,
3399 2034 3486 2107 qui
3516 2041 3570 2091 et
3600 2033 3822 2090 schola-

2217 2132 2368 2186 sticis
2396 2140 2452 2186 et
2480 2129 2807 2186 salutaribus
2832 2130 3036 2187 litteris
3059 2129 3247 2188 Grmce
3266 2131 3416 2202 juxta
3446 2141 3498 2186 et
3531 2120 3720 2186 Latine
3741 2123 3824 2185 di-

2221 2229 2313 2278 vc's
2353 2231 2474 2287 est;
2516 2235 2711 2279 vereor
2753 2231 2822 2279 'ne
2871 2223 3012 2294 apud
3052 2223 3218 2277 aliutii
3265 2225 3317 2277 in
3371 2217 3452 2276 his
3508 2221 3822 2292 regionibus

2217 2315 2418 2371 l'rntttra
2443 2318 2806 2389 reqttiramus.
2831 2317 2986 2383 Quod
3012 2317 3054 2372 si
3084 2316 3491 2386 prmsumptioni
3519 2314 3586 2369 de
3608 2329 3666 2369 se
3689 2317 3823 2370 metu

2218 2402 2562 2476 satisfecerit,
2617 2407 2788 2479 prima
2837 2411 3150 2475 ocrasione,
3198 2409 3242 2463 si
3285 2407 3552 2463 Dominus
3599 2398 3828 2475 faverit,

2219 2501 2579 2556 transmittam
2612 2502 2952 2556 unanimitati
2988 2512 3091 2556 ture
3113 2542 3129 2565 ,
3163 2510 3460 2571 utcumque
3490 2498 3624 2554 mihi
3651 2513 3819 2568 super

2220 2591 2252 2644 b
2275 2608 2320 2650 ac
2350 2592 2559 2648 ratione
2583 2593 2948 2664 rescripserit.
3778 2587 3782 2589 i

2221 2685 2352 2740 lor-zu
2379 2687 2530 2758 epist.
2564 2687 2655 2752 29,
2697 2687 2830 2740 alias
2859 2687 2958 2752 l0,
2993 2688 3193 2755 scripta
3230 2686 3409 2740 eodem
3451 2703 3552 2757 quo
3582 2684 3820 2756 superior

2581 2787 2808 2847 tempore
2829 2778 2897 2830 ad
2920 2779 3181 2839 eumdem,
3205 2795 3331 2831 num
3390 2776 3454 2831 6:

2219 2875 2235 2921 ὲ
2293 2865 2410 2935 Quo
2457 2865 2618 2924 etiam
2659 2877 2904 2926 ILLUSTRI
2946 2885 3050 2925 iLLl
3096 2881 3330 2925 lATEBlA
3375 2881 3441 2924 ετ
3482 2877 3814 2931 ειοοοεατιλ

2222 2981 2379 3022 Lteuo
2401 2981 2507 3021 TUO
2530 2965 2700 3021 vicem
2727 2965 2960 3035 aliquam
2989 2964 3178 3017 videar
3203 2963 3464 3027 reddere;
3496 2964 3537 3015 si
3565 2961 3817 3016 feminam

2227 3057 2560 3127 (Melanium)
2589 3056 2900 3110 inferiorem
2927 3045 3080 3117 sexu:
3109 3055 3398 3108 virtutibus
3423 3054 3635 3108 Martini
3666 3053 3821 3109 Chri-

2223 3163 2309 3206 sto
2341 3152 2669 3205 militantem
2706 3164 3024 3220 prosequar,
3055 3164 3197 3219 quur,
3230 3157 3336 3202 ctu.

2372 3241 2538 3307 Ibid.,
2571 3258 2714 3296 num.
2750 3241 2837 3307 M,
2871 3240 2933 3294 de
2956 3239 3132 3294 eadem
3175 3239 3402 3293 Melania
3423 3238 3677 3310 loquens:

2297 3333 2412 3388 Non
2444 3334 2572 3397 tuli,
2602 3334 2787 3396 frater,
2826 3343 2880 3385 ut
2914 3342 2965 3387 te
2998 3333 3097 3386 ista
3130 3332 3387 3385 nesciret.
3418 3330 3487 3388 Ut
3513 3329 3738 3401 gratiam
3768 3331 3821 3386 in

2223 3433 2278 3478 te
2303 3425 2396 3479 Dei
2433 3425 2642 3494 plenius
2673 3433 2966 3489 nosceret,
3001 3434 3090 3478 tuo
3125 3427 3176 3478 te
3207 3423 3288 3478 illi
3319 3423 3486 3494 magis
3509 3439 3665 3492 quam
3699 3431 3820 3478 meo

2224 3534 2479 3575 sermone
2509 3520 2736 3591 patefeci
2771 3539 2782 3572 :
2817 3519 3104 3574 Martinutn
3137 3521 3280 3575 enim
3328 3529 3573 3573 nostrum
3608 3515 3679 3571 illi
3709 3527 3823 3571 stu-

2224 3617 2551 3672 diosissimzc
2581 3618 2765 3670 talium
2787 3616 3138 3671 historiarum
3169 3617 3283 3684 ipse
3311 3616 3555 3670 recitavi.
3582 3613 3702 3679 Quo
3729 3628 3824 3682 ge-

2226 3728 2357 3767 nere
2388 3721 2440 3766 te
2480 3718 2535 3766 et
2565 3709 2863 3766 venerabili
2903 3711 3161 3779 episcOpo
3189 3719 3351 3776 atque
3384 3703 3703 3760 doctissimo
3733 3699 3823 3759 Ni-

2224 3811 2400 3868 cetze,
2451 3802 2539 3871 qui
2584 3818 2650 3856 ex
2701 3802 2860 3855 Dacia
2912 3800 3172 3854 Romanis
3223 3797 3418 3852 merito
3465 3789 3824 3852 admirandus

2224 3892 2565 3957 advenerat,
2596 3901 2642 3945 et
2677 3891 2928 3959 plurimis
2959 3889 3056 3944 Dei
3082 3883 3320 3954 sanctis,
3355 3887 3408 3942 in
3442 3886 3678 3942 veritate
3713 3903 3821 3943 non

2226 3987 2394 4056 magis
2424 3987 2501 4040 tui
2545 3984 2872 4056 prmdicator
2907 3999 3066 4053 quam
3117 3981 3221 4037 mei
3250 3981 3490 4052 iactans,
3536 3981 3772 4036 revelavi
3805 3999 3819 4036 ς

2225 4078 2398 4150 gloria
2421 4079 2563 4134 enim
2590 4078 2720 4132 mihi
2744 4087 2850 4144 est,
2876 4076 3026 4147 diligi
3052 4073 3078 4114 ἀ
3107 4087 3158 4131 te
3177 4087 3227 4130 et
3253 4074 3445 4140 atnari,
3471 4090 3629 4142 quem
3657 4073 3824 4129 famu-

2227 4171 2335 4225 lum
2363 4168 2611 4224 veritatis
2639 4182 2875 4223 consona
2910 4167 3108 4237 lingua:
3136 4165 3244 4220 vita
3280 4176 3534 4220 testatur.

2227 4282 2356 4338 lusu
2387 4281 2540 4351 epist.
2566 4280 2658 4345 5‘2,
2687 4279 2820 4334 alias
2849 4278 2935 4344 12,
2966 4280 3158 4348 scripta
3185 4294 3321 4333 anno
3338 4277 3444 4336 405
3468 4263 3539 4332 ἀα
3567 4279 3818 4332 enuidens.

2298 4375 2442 4430 Inter
2465 4373 2782 4439 versiculos.
2819 4389 2946 4440 quos
2980 4373 3135 4426 mittit
3176 4372 3272 4442 ipsi
3320 4373 3577 4442 aliquibus
3613 4374 3664 4425 in
3699 4371 3825 4426 locis

2298 4467 2522 4522 basilica:
2543 4467 2605 4521 ab
2634 4483 2695 4521 eo
2722 4465 2995 4536 adiﬁcatas
3020 4477 3065 4520 et
3091 4467 3307 4536 depicta:
3326 4467 3610 4537 parietibus
3638 4466 3822 4520 inscri-

2298 4559 2515 4625 bendas,
2538 4557 2591 4613 hi
2617 4557 2889 4624 habentur,
2921 4575 3067 4612 nunt.
3096 4560 3165 4614 3:

2233 4675 2392 4729 Dives
2418 4687 2583 4744 opum
2614 4673 2850 4742 Christo,
2879 4689 3085 4744 pauper
3111 4655 3239 4742 sibi,
3267 4671 3496 4744 pulchra
3527 4675 3744 4730 Severus

2302 4766 2553 4823 Culmina
2585 4767 2814 4822 sacratis
2845 4767 3088 4823 fontibus
3115 4769 3373 4824 instituit.

2799 4877 2960 4949 lbid.,
3004 4895 3146 4938 nunt.
3189 4881 3262 4938 5:

2227 4998 2490 5068 Corpore,
2527 5007 2731 5064 mente,
2768 4997 2871 5053 fide
2903 4998 3242 5054 castissimus
3274 4997 3455 5054 incola
3481 4995 3682 5052 Christi

2302 5088 2556 5149 Condidit
2583 5085 2683 5148 ista
2715 5087 2828 5147 Deo
2855 5100 2994 5147 tecta
3025 5091 3247 5148 Severus
3279 5107 3467 5148 ovans.

2229 5187 2400 5258 Totus
2430 5196 2486 5243 et
2516 5187 2630 5256 ipse
2662 5185 2758 5240 Dei
2791 5185 3049 5254 templum
3077 5186 3218 5255 viget
3247 5186 3463 5254 hospite
3494 5185 3714 5240 Christo
3740 5226 3755 5251 ,

2299 5279 2746 5349 Gaudentemque
2774 5277 2965 5332 humili
2996 5278 3164 5334 corde
3196 5281 3334 5350 gerit
3366 5278 3683 5334 Dominum.

2223 5440 2384 5566 Bitiae
2428 5417 2616 5517 liquet.
2665 5425 2852 5505 itaque
2893 5433 3251 5521 corrigendos
3281 5433 3525 5520 Nurisius
3558 5435 3648 5502 qui
3683 5427 3823 5490 iiittt.

2267 5513 2406 5566 elau.
2451 5509 2543 5562 lib.
2587 5523 2638 5566 t.
2670 5522 2790 5566 can.
2828 5508 2882 5566 Ξ.
2915 5517 3174 5566 εονιοειιε
3211 5506 3494 5562 Paulinum
3532 5507 3822 5566 Nolanum.

2267 5513 2406 5579 elag.
2451 5509 2543 5562 lib.
2587 5522 2790 5579 thcap.
2828 5508 2882 5572 Ξ,
2915 5506 3174 5579 scripsit:
3209 5506 3506 5579 Paulinum
3532 5507 3822 5579 Nolanum,

2219 5591 2266 5636 et
2291 5571 2537 5636 Seuerum
2571 5571 2988 5648 Sulpiéiumrnon
3014 5571 3162 5632 modo
3198 5575 3374 5650 Ruﬁni
3406 5571 3750 5650 antichstsed‘
3768 5571 3822 5650 et

2215 5652 2553 5736 encomiastds
2599 5645 2775 5720 fuisse,
2830 5661 2892 5703 ex
2945 5650 3174 5720 ipsorum
3225 5645 3411 5706 litteris
3451 5651 3578 5706 satis
3628 5645 3824 5718 intelli-

2213 5733 2376 5796 sill";

2287 5789 2311 5832 ⁸
2345 5789 2507 5853 Forte
2532 5809 2562 5846 α
2595 5803 2661 5850 te.
