4194 6192
367 303 437 360 85
1268 300 1357 358 DE
1399 301 1593 360 SULP.
1637 301 1915 360 SEVERO
1958 297 2290 363 VETEBUM
2330 297 2774 363 TBSTIMONIA.
3603 313 3673 368 86

367 419 511 476 Ecce
560 419 716 474 velut
755 418 898 474 trino
944 417 1076 474 colit
1120 433 1280 474 unam
1333 419 1556 474 nomine
1603 428 1884 485 mentem,

442 515 539 572 Sic
566 514 768 569 trinum
796 524 985 569 sancta
1015 523 1200 569 mente
1229 515 1464 568 sacravit
1485 517 1646 586 opus.

368 609 436 663 ll.
491 609 761 665 PAULINUS
792 609 852 664 S.
889 607 1146 662 Ambrosii
1181 607 1582 664 Mediolanensis
1609 611 1836 681 episcopi
1880 629 1973 667 no-

449 705 636 767 tarius,
675 703 822 755 initio
862 703 972 763 eius
1027 701 1152 756 Vita!
1192 719 1343 772 quam
1396 704 1660 772 scripsisse
1703 714 1972 760 autumant

450 813 588 849 anno
605 795 708 849 412
727 805 817 849 aut
840 796 943 849 415
965 805 1051 848 aut
1079 796 1258 849 saltem
1276 795 1381 850 422
1409 806 1432 832 ⁸
1450 797 1517 850 ad
1539 796 1741 851 beatum
1769 798 1974 871 Augus-

449 888 608 941 tinum
640 887 936 959 episcopum
962 888 1036 942 ita
1065 887 1238 941 scribit
1286 903 1301 941 :

447 979 728 1047 Hortaris,
772 980 1098 1035 venerabilis
1143 989 1297 1050 pater
1323 978 1350 1017 ι)
1379 980 1695 1052 Augustine,
1738 992 1796 1038 ut
1835 983 1973 1040 sicut

375 1073 519 1128 beati
545 1074 645 1128 viri
683 1073 1012 1128 Athanasius
1042 1075 1326 1144 episcopus
1347 1085 1398 1129 et
1429 1075 1786 1147 Hieronynms
1819 1094 1971 1147 pres-

373 1165 529 1237 byter
555 1167 699 1238 stylo
719 1169 997 1238 proseCuti
1031 1175 1156 1220 sunt
1185 1167 1323 1221 vitas
1351 1166 1449 1221 SS.
1493 1167 1642 1222 Pauli
1673 1178 1724 1223 et
1753 1168 1972 1224 Antonii

376 1260 431 1313 in
475 1275 659 1314 eremo
701 1260 1022 1329 positorum,
1051 1260 1188 1313 sicut
1218 1261 1380 1315 etiam
1409 1261 1621 1316 Martini
1649 1264 1974 1332 venerabilis

378 1352 614 1422 episcopi
648 1351 985 1407 Turonensis
1011 1353 1252 1408 ecclesia:
1285 1353 1506 1408 Severus
1537 1371 1710 1409 servus
1741 1354 1839 1408 Dei
1881 1372 1972 1411 Lu-

378 1460 622 1500 cuuza'ro
641 1459 886 1523 SERMONE
910 1449 1220 1510 contexuit;
1253 1447 1332 1500 sic
1361 1445 1521 1500 etiam
1549 1461 1649 1516 ego
1674 1447 1973 1502 beatissimi

379 1537 647 1592 Ambrosii
689 1538 931 1608 episc0pi
976 1539 1390 1594 Mediolanensis
1418 1539 1665 1594 ecclesiae
1693 1555 1814 1595 meo
1848 1556 1968 1610 pro-

380 1648 574 1703 sequar
601 1633 762 1706 stylo.
809 1632 914 1689 Sed
952 1649 1050 1704 ego
1078 1643 1135 1688 ut
1171 1633 1378 1688 meritis
1408 1642 1679 1688 tantorum
1709 1634 1970 1702 virorum,

380 1727 469 1796 qui
502 1727 637 1780 muri
667 1723 1017 1781 ecclesiarum
1057 1734 1184 1780 sunt
1217 1733 1272 1780 et
1310 1725 1634 1797 eloquentia:
1672 1723 1871 1793 fontes,
1903 1728 1971 1782 ita

380 1819 541 1875 etiam
565 1831 818 1875 sermone
845 1827 931 1874 me
963 1821 1221 1890 imparem
1255 1819 1398 1874 novi.

453 1913 537 1967 ΙΙΙ.
571 1913 629 1968 S.
663 1912 1010 1968 HIERONYMUS
1031 1912 1278 1979 scribens,
1302 1914 1438 1967 circa
1466 1929 1658 1968 annum
1688 1907 1814 1981 M5,
1849 1914 1900 1967 in

848 1985 1132 2040 Ezechielis
1163 2001 1274 2055 cap.
1310 1999 1476 2039 xxxvr
1507 2002 1520 2039 :

453 2076 642 2148 Neque
680 2079 823 2134 enim
849 2079 1006 2148 justa
1038 2078 1292 2135 Judaicas
1313 2077 1545 2147 tabulas,
1579 2093 1712 2150 quas
1741 2079 1816 2134 illi
1858 2079 1977 2135 δευ-

381 2176 629 2250 πρὼσεις
671 2174 959 2244 appellant,
1002 2183 1326 2244 gemmatam
1373 2185 1427 2229 et
1473 2187 1693 2230 auream
1730 2176 1798 2230 de
1837 2176 1978 2232 cutio

383 2275 769 2335 exspectamus
782 2266 1080 2322 Jerusalem
1102 2285 1114 2321 :
1142 2283 1239 2322 nec
1262 2283 1477 2322 rursum
1505 2269 1715 2338 passuri
1747 2269 1980 2322 circum-

382 2362 608 2418 cisionis
638 2362 908 2432 injuriam,
949 2379 1049 2419 nec
1078 2363 1310 2418 oblaturi
1343 2371 1622 2418 taurorum
1651 2372 1706 2418 et
1745 2364 1976 2418 arietum

383 2457 654 2522 victimas,
685 2472 786 2511 nec
815 2457 1022 2512 sabbati
1051 2459 1162 2512 otio
1185 2455 1538 2511 dormiemus.
1562 2457 1716 2523 Quod
1745 2459 1799 2512 et
1826 2457 1977 2510 multl

383 2559 716 2616 nostrorum,
748 2560 804 2606 et
843 2552 1109 2622 pne-cipue
1135 2551 1456 2606 Tertulliani
1486 2553 1623 2606 liber
1654 2553 1746 2621 qui
1781 2553 1976 2607 inscri-

386 2642 528 2696 bitur
562 2639 642 2696 De
667 2659 759 2711 spe
787 2642 1042 2712 ﬁdelium,
1073 2654 1126 2698 et
1154 2643 1418 2699 Laetantii
1450 2644 1863 2700 Institutimium
1889 2659 1982 2701 vu-

385 2735 563 2790 lumen
607 2736 896 2805 septimum
954 2739 1264 2806 pollicetur,
1312 2747 1366 2793 et
1420 2733 1682 2793 Victorini
1735 2739 1981 2794 l’ctabio-

388 2829 568 2883 nensis
604 2831 846 2900 episcopi
860 2832 1066 2886 crebra!
1085 2831 1482 2900 expositiones,
1502 2840 1555 2887 et
1573 2837 1744 2901 nuper
1761 2831 1980 2888 Severus

388 2932 571 2976 noster
597 2922 650 2976 in
681 2923 927 2993 Dialogo,
967 2925 1053 2979 cui
1085 2925 1243 2980 Gallo
1271 2935 1471 2981 nomen
1502 2927 1756 2995 imposuit
1784 2943 1796 2979 :
1841 2934 1896 2982 et
1925 2935 1984 2980 ut

387 3013 603 3069 Grmcos
631 3015 932 3082 nominem,
960 3027 1015 3072 et
1046 3017 1275 3088 primum
1300 3025 1715 3088 extremamque
1744 3019 1979 3088 conjun-

387 3122 527 3176 gam,
555 3107 798 3165 lrenaus
830 3121 884 3165 et
919 3113 1310 3180 Apellinarius.

1998 427 2044 483 Α
2079 421 2164 476 Vl.
2198 421 2416 479 PAULI!“
2459 423 2969 492 Peraocomcsssts,
3015 426 3102 495 qui
3143 413 3311 480 Vitam
3349 418 3485 481 beati
3529 414 3676 480 Mar-

2148 516 2242 568 tinl
2283 527 2430 571 versu
2473 520 2722 586 expressit
2768 519 2907 572 circa
2939 527 3130 572 annum
3173 513 3300 586 460,
3333 515 3422 574 lib.
3455 531 3508 588 v,
3542 529 3673 576 vers.

2150 609 2256 662 193
2275 618 2322 662 et
2348 617 2483 680 seqq.
2513 626 2530 662 .-

2076 699 2253 755 Testis
2278 699 2429 754 adest
2457 701 2620 754 tloct'o
2647 700 2909 754 mirabilis
2942 713 3036 756 ore
3067 703 3306 770 Seuerus,

2077 792 2142 846 Et
2171 801 2279 845 tota
2310 791 2584 848 Christum
2613 791 2793 848 cordis
2825 796 3020 849 virtute
3049 803 3298 862 secutus,

2076 885 2305 955 Insignis
2322 886 2507 941 mundi
2539 888 2728 953 titulis,
2763 887 2857 941 sed
2883 888 3084 943 clarior
3114 889 3230 956 illa,

2075 978 2188 1046 Qua
2213 979 2470 1034 mundum
2496 982 2734 1050 teulpsit,
2765 987 2968 1036 sancite
2989 983 3189 1035 virtute
3213 979 3369 1045 ﬁdei;

2076 1071 2370 1127 Nobilitate
2399 1081 2613 1142 potens,
2637 1072 2733 1128 sed
2763 1073 2934 1128 multo
2953 1077 3224 1129 extentius
3247 1075 3387 1130 idem

2077 1165 2318 1219 Nobilior
2342 1165 2542 1220 Christi
2564 1165 2711 1220 cultu
2735 1173 2896 1236 quam
2930 1167 3210 1237 sanguinis
3241 1175 3383 1223 ortu.

2077 1257 2175 1313 Hic
2197 1257 2424 1313 Sacrum
2450 1259 2747 1324 Canonem,
2787 1261 3042 1314 distenta?
3073 1269 3127 1314 et
3162 1262 3361 1330 scripta
3387 1269 3672 1318 coarctans

2080 1352 2348 1417 Historiae,
2381 1354 2609 1421 geminis
2636 1354 2901 1408 conclusit
2932 1361 3123 1408 cuneta
3156 1355 3374 1423 libellis,

2078 1443 2442 1513 quccumriue
2467 1459 2494 1497 a
2528 1447 2716 1514 primis
2744 1453 3092 1515 percurrerat
3123 1441 3264 1503 edita
3296 1449 3492 1504 saeclis.

2077 1538 2222 1593 Idem
2253 1539 2467 1593 Martini
2499 1540 2683 1596 titulos
2710 1541 2793 1595 vel
2822 1541 2973 1607 gesta
3005 1547 3281 1611 retonens,

2079 1633 2361 1695 Scrutatur
2383 1645 2572 1689 cantus
2600 1635 2732 1700 veri,
2769 1631 3014 1705 lldusquc
3043 1635 3268 1702 relator,

2078 1725 2308 1780 Protulit
2329 1725 2381 1779 in
2409 1726 2646 1780 medium
2683 1733 2789 1780 tam
2828 1727 2991 1781 clam
3019 1727 3246 1797 insignia
3275 1727 3434 1792 vilic;
3524 1750 3530 1754 -

2006 1831 2053 1890 Β
2082 1818 2172 1873 Sic
2198 1818 2396 1888 justam
2423 1818 2663 1874 retinens
2690 1829 2904 1890 aequato
2928 1819 3177 1874 examine
3202 1817 3416 1886 libram,

2080 1911 2159 1967 Ne
2188 1912 2348 1966 dubia
2375 1915 2644 1967 astrueret
2665 1912 2874 1978 dicens,
2908 1927 3009 1968 nec
3037 1917 3183 1967 certa
3207 1917 3436 1968 taceret.

2083 2005 2179 2060 Hic
2201 2006 2404 2062 Sancto
2432 2020 2673 2074 persaepe
2704 2007 2790 2075 pie
2815 2006 3052 2060 sociatus
3083 2004 3334 2069 adlucsit,

2084 2099 2151 2155 Ut
2169 2101 2309 2154 solet
2333 2100 2386 2153 in
2411 2099 2633 2170 speculo
2657 2096 2841 2153 cordis
2872 2097 3178 2166 perspe-otio
3205 2097 3403 2152 mentis

2081 2189 2380 2261 Cognatted
2413 2191 2611 2245 similis
2639 2203 2850 2245 morum
2879 2191 3092 2244 Sociare
3125 2189 3364 2260 figuras:

2080 2283 2199 2350 Quo
2227 2299 2384 2354 mage
2404 2282 2738 2338 credendum
2769 2292 2854 2337 est
2890 2292 3081 2338 testem
3115 2285 3288 2354 magis
3326 2298 3455 2340 esse
3488 2285 3683 2356 proba-

3300 2376 3464 2451 (tum,

2081 2468 2182 2536 Qui
2215 2483 2397 2522 coram
2425 2476 2704 2536 comperta
2735 2467 2916 2533 ducet,
2947 2475 3069 2524 citm
3098 2471 3207 2524 visa
3234 2471 3506 2541 loquatur.

2084 2559 2193 2614 VII.
2238 2560 2545 2615 GENNADIUS
2589 2561 2643 2613 in
2701 2571 2722 2595 ε
2771 2559 3019 2631 Catalogo
3077 2564 3140 2616 de
3171 2561 3312 2616 Viris
3367 2561 3679 2628 illustribus,

2119 2671 2262 2723 quem
2294 2653 2542 2707 scribebat
2567 2655 2706 2706 circa
2727 2667 2919 2707 annum
2945 2653 3052 2710 494
3087 2653 3132 2718 τι
3165 2656 3259 2709 sub
3291 2669 3502 2709 numero
3533 2653 3597 2708 19
3627 2673 3642 2710 :

2155 2747 2374 2799 Seuerus
2399 2746 2704 2817 presbyter,
2740 2755 3101 2816 cognomento
3125 2747 3424 2815 Sulpicius,
3451 2749 3680 2816 Aquita-

2081 2838 2216 2892 nicm
2249 2837 2564 2905 provincize,
2605 2837 2690 2890 vir
2720 2852 2921 2906 genere
2962 2848 3019 2892 et
3050 2838 3355 2894 litteratura
3393 2848 3416 2886 8
3449 2839 3678 2905 nobilis,

2081 2938 2137 2984 et
2177 2931 2506 3000 paupertatis
2553 2941 2712 3000 atque
2745 2929 3064 2984 humilitatis
3093 2947 3282 2986 amore
3327 2933 3677 3002 conspicuus,

2083 3023 2278 3079 charus
2311 3021 2335 3058 ἰ
2368 3023 2531 3077 etiam
2559 3033 2873 3077 sanctorum
2904 3024 3140 3078 virorum
3174 3023 3686 3079 MartiniTuronen-

2083 3117 2159 3171 sis
2197 3113 2459 3186 episcopi,
2509 3126 2562 3169 et
2604 3114 2811 3190 Paulini
2860 3113 3130 3178 Nolensis,
3162 3113 3380 3184 scripsit
3411 3129 3518 3170 non
3551 3131 3684 3171 con-

389 3202 473 3260 IV.
496 3203 731 3260 URANIUS
753 3207 1021 3276 presbyter
1047 3206 1099 3259 in
1123 3207 1342 3276 epistbla
1365 3207 1433 3260 ad
1454 3205 1704 3262 Pacatum
1732 3199 1804 3262 De
1825 3207 1980 3262 Obitu
2005 3213 2050 3275 (ζ
2087 3209 2373 3264 temnenda
2419 3208 2710 3278 opuscula:
2755 3223 2879 3262 nam
2913 3207 3178 3277 epistolas
3213 3208 3277 3262 ad
3310 3223 3550 3264 amorem
3585 3209 3680 3264 Dei

519 3296 582 3352 S.
617 3297 860 3365 Paulini,
889 3302 1080 3371 scripta
1106 3315 1242 3354 anno
1271 3293 1371 3356 441
1405 3309 1492 3356 aut
1518 3303 1672 3371 paulo
1698 3312 1810 3374 post
1838 3319 1856 3357 :

461 3390 723 3446 Martinus
750 3403 931 3448 autem
975 3394 1056 3448 vir
1085 3409 1182 3463 per
1209 3395 1392 3448 omnia
1439 3395 1790 3464 apostolicus,
1825 3395 1980 3465 cujus

394 3494 415 3521 ε
477 3483 602 3537 Vita
651 3485 720 3538 ab
762 3486 1019 3542 omnibus
1070 3488 1284 3559 legitur,
1343 3489 1637 3544 GalliarUm
1689 3491 1982 3560 episcoptts

394 3575 518 3630 fuit.

397 3669 458 3723 V.
505 3669 765 3726 Pnosrstu
810 3674 1063 3736 Aonium
1107 3674 1417 3728 Chronicqu
1466 3674 1811 3742 Pithoaanitm,
1845 3678 1980 3745 quod

458 3765 652 3819 desinit
688 3767 742 3818 in
770 3777 959 3820 annum
990 3767 1115 3832 4M,
1145 3771 1213 3822 ad
1242 3773 1437 3823 annum
1489 3769 1695 3822 Are-utili
1723 3779 1769 3822 et
1804 3753 1983 3824 Hono-

460 3861 525 3914 rii
550 3876 602 3915 ll
632 3879 646 3914 :

463 3954 705 4021 Severus,
736 3967 802 4010 ex
844 3955 1126 4025 disciplina
1173 3958 1344 4012 sancti
1385 3957 1621 4022 Martini,
1663 3958 1779 4027 ejus
1816 3957 1978 4011 vltain

392 4047 564 4101 tribus
592 4045 828 4118 explicat
851 4049 1021 4103 libris.

466 4233 490 4298 τι
521 4223 676 4298 Vide
697 4222 915 4298 Tillem.
942 4225 1003 4298 in
1037 4225 1152 4280 Vita
1179 4226 1237 4282 Sa
1273 4223 1540 4281 Ambrosii
1571 4226 1673 4298 ge.

471 4294 495 4332 ιι
521 4295 595 4348 lix
629 4297 712 4349 bis
740 4297 1055 4366 vet-bisjure
1075 4311 1361 4365 possumus
1389 4294 1617 4366 arguere
1642 4308 1694 4352 et
1715 4299 1985 4364 cognitam

394 4377 447 4419 et
476 4366 524 4418 iu
573 4367 745 4435 pretio
776 4359 1010 4420 habitam
1045 4359 1206 4422 fuisse
1253 4369 1310 4420 S.
1346 4359 1643 4437 AngVustino
1684 4371 1740 4423 S.
1777 4359 1984 4423 Martini

399 4437 573 4490 \‘itam
607 4453 632 4488 a
666 4437 867 4492 Severo
891 4439 1144 4508 Scriptum
1173 4461 1184 4493 :
1220 4455 1393 4504 neque
1425 4452 1604 4492 tatm-u
1649 4457 1832 4494 verum
1867 4455 1987 4494 esse

395 4510 671 4580 comperio
699 4521 821 4564 eum
857 4510 907 4562 in
955 4513 1195 4580 epistolis
1236 4514 1348 4564 suis
1390 4512 1576 4564 Severi
1629 4513 1982 4574 mentionem,

396 4579 685 4652 aliquando
713 4582 908 4637 iecisse
938 4599 949 4635 :
982 4579 1103 4636 nam
1136 4584 1346 4652 quodin
1375 4585 1628 4637 omnibus
1656 4583 1768 4638 fere
1798 4584 1984 4637 Severi

397 4651 724 4723 editionibus
768 4651 887 4720 ejus
937 4651 1304 4708 testimonium
1355 4655 1672 4723 producitur
1717 4672 1778 4709 ex
1821 4657 1981 4722 epist.

398 4721 523 4783 205,
562 4723 693 4776 nillil
724 4738 940 4777 moror:
970 4723 1022 4778 in
1054 4731 1333 4792 comperto
1356 4721 1502 4778 enim
1534 4731 1615 4778 est
1644 4742 1761 4778 eam
1786 4721 1987 4794 episto-

400 4794 504 4846 lam
535 4794 838 4861 Augustino
867 4796 1000 4848 ialso
1027 4798 1339 4862 ascriptum,
1363 4795 1502 4864 quod
1537 4811 1663 4848 vero
1694 4798 1806 4853 alii.
1839 4795 1985 4863 iique

399 4881 507 4919 non
535 4865 796 4934 ignobiles
827 4867 1137 4936 scriptores,
1175 4866 1442 4927 Labbeus,
1472 4867 1749 4932 Bailletus,
1783 4867 1985 4922 Natalis

398 4937 470 4990 ab
503 4937 824 4998 Alt-xandro,
852 4937 1136 5006 epistolam
1162 4938 1400 5007 ejusdem
1423 4938 1494 4991 25
1534 4939 1731 5002 citant,
1766 4939 1987 4994 eodem-

398 5017 505 5077 qtte
551 5017 794 5077 tempore
843 5011 1100 5061 annotaul
1141 5015 1258 5062 eain
1289 5016 1406 5077 tjuze
1440 5019 1587 5063 utnn.
1633 5011 1738 5063 ι205
1773 5025 1984 5078 prmno-

403 5081 969 5147 tatursupposititiam
998 5095 1141 5141 esse,
1165 5079 1405 5145 proiecto
1425 5084 1664 5148 gnaviter
1689 5083 1986 5148 allncinan-

400 5158 535 5203 tur:
587 5143 780 5204 nullibl
831 5154 998 5212 eulut,
1047 5143 1188 5220 quod
1235 5143 1584 5220 comperia'm,
1645 5152 1694 5205 in
1742 5143 1989 5216 epistolis

402 5222 736 5283 Augustinus
765 5223 952 5277 Severi
996 5225 1168 5275 nostri
1212 5229 1483 5288 meminit,
1515 5233 1567 5276 et
1597 5237 1726 5277 sane
1759 5224 1810 5276 in
1853 5222 1988 5275 anti-

402 5293 522 5360 qnis
551 5292 903 5357 editionibus,
939 5294 1002 5346 ad
1032 5309 1167 5361 quas
1197 5304 1453 5364 provocat
1499 5295 1778 5357 Baillctus,
1826 5296 1988 5363 epist.

405 5379 516 5417 xxv
547 5379 614 5417 ne
644 5367 863 5434 quidem
894 5365 1180 5434 Augustini
1215 5376 1318 5428 est,
1349 5367 1442 5419 sed
1479 5366 1810 5436 Hieronymi.

403 5435 672 5562 edf-dlltcc
697 5445 905 5502 autem,
944 5453 1050 5492 nou
1082 5437 1185 5490 alia
1217 5447 1366 5492 certe
1396 5437 1464 5491 ab
1495 5454 1554 5491 ea
1579 5443 1737 5508 quam
1764 5435 2000 5491 Severus

479 5524 489 5559 t
533 5517 592 5560 ll.
1693 5516 1697 5520 ’

480 5577 503 5614 (³
531 5579 636 5633 Pro
659 5580 874 5634 similes.

485 5661 507 5688 ο
545 5650 852 5706 Collatione
911 5651 1048 5705 facta
1097 5663 1218 5704 cum
1279 5651 1449 5704 tribus
1506 5665 1636 5702 mss.
1699 5647 1996 5715 codicibus,

407 5724 587 5793 primo
616 5723 994 5792 antiquissimo
1024 5723 1253 5791 Capituli
1301 5720 1653 5784 Veronensis,
1686 5723 1736 5793 in
1775 5738 1879 5790 quo
1908 5720 2002 5774 ha-

413 5796 575 5850 betur
592 5797 799 5863 integer
821 5795 957 5848 liber
978 5795 1219 5863 ejusdem
1237 5793 1526 5858 Gennadii;
1541 5795 1712 5848 altero
1727 5792 1997 5858 Brixiano,

415 5877 472 5931 et
505 5869 665 5956 tertio
700 5868 929 5940 Veneto,
959 5869 1011 5926 in
1039 5882 1273 5952 quorum
1307 5869 1482 5944 primo
1505 5867 1849 5943 praemittitur
1875 5867 2002 5924 Dia-

2085 3313 2134 3356 et
2162 3310 2535 3371 contemptum
2568 3300 2754 3354 mundi
2781 3300 3111 3354 hortatorias
3137 3299 3544 3370 scripsitsorori
3568 3317 3684 3355 sua:

2085 3398 2297 3464 multas,
2331 3413 2450 3468 qua:
2481 3395 2492 3432 ί
2539 3405 2594 3450 et
2631 3404 2770 3449 ποιεῖν
2807 3403 2954 3449 sunt.
2984 3395 3213 3465 Scripsit
3239 3395 3306 3448 ad
3339 3395 3622 3449 Paulinum
3653 3398 3666 3445 i

2084 3492 2399 3563 prredictum
2431 3492 2588 3554 duas,
2623 3498 2678 3543 et
2707 3489 2774 3543 ad
2805 3489 2940 3543 alios
2981 3489 3115 3543 alias
3153 3507 3166 3541 :
3197 3488 3291 3544 sed
3331 3490 3456 3559 quia
3497 3489 3550 3543 in
3577 3489 3680 3542 ali-

2084 3585 2278 3654 quibus
2307 3587 2469 3637 etiam
2518 3582 2801 3636 familiaris
2839 3582 3136 3636 necessitas
3183 3584 3383 3636 inserta
3423 3591 3529 3648 est,
3575 3597 3682 3636 non

2085 3681 2428 3748 digeruntur.
2462 3678 2778 3746 Composuit
2821 3686 2874 3730 et
2921 3674 3222 3739 Chronica;
3255 3676 3476 3745 scripsit
3521 3684 3576 3730 et
3613 3676 3680 3729 ad

2088 3775 2379 3829 multorum
2413 3771 2715 3842 proiectum
2745 3771 2917 3824 Vitam
2941 3769 3083 3823 beati
3117 3769 3326 3824 Martini
3357 3770 3682 3825 monachis!

2086 3866 2346 3936 episcopi,
2380 3863 2547 3934 signis
2581 3861 2601 3898 ¹ί
2645 3872 2697 3918 et
2731 3860 2992 3931 prodigiis
3028 3876 3090 3914 ac
3121 3860 3413 3915 virtutibus
3455 3859 3686 3916 illustris

2086 3960 2185 4012 viri
2213 3977 2224 4010 :
2249 3967 2305 4012 et
2330 3956 2677 4011 collationem
2710 3952 3045 4008 Postumiani
3077 3961 3133 4006 et
3159 3952 3296 4007 Galli
3325 3969 3382 4006 se
3409 3952 3684 4007 mediante

2087 4061 2140 4106 et
2161 4033 2343 4122 judice
2373 4049 2441 4105 de
2463 4047 2880 4104 conversatione
2904 4046 3296 4101 monachorum
3323 4045 3682 4101 Orientalium

2094 4229 2251 4298 logis,
2283 4228 2332 4282 in
2364 4219 2922 4298 alteropostponitur
2963 4215 3066 4298 hoc
3103 4226 3170 4282 de
3201 4227 3447 4298 Sulpicio
3477 4229 3684 4285 Severo

2095 4246 2251 4298 togis,
2283 4246 2332 4282 ιιι
2364 4246 2536 4281 altero
2593 4246 2922 4296 )OSIPtitllllll'
2963 4246 3064 4280 noc
3103 4246 3170 4282 ue
3201 4246 3447 4298 διιιιιιειο
3477 4246 3500 4284 ξ

2095 4301 2464 4356 testimonium
2497 4311 2511 4351 :
2549 4246 2674 4352 liem
2710 4303 2828 4350 stitit
2864 4298 2984 4350 aliis
3015 4295 3172 4352 libris
3201 4299 3500 4368 impressis.

2170 4372 2186 4408 τ
2223 4371 2359 4424 Vide
2383 4369 2653 4425 Norisium
2687 4369 2824 4422 Hist.
2856 4369 3038 4439 Pelag.
3075 4368 3168 4424 litt.
3200 4383 3259 4434 tt,
3282 4367 3404 4436 Cap.
3435 4367 3520 4425 16.

2167 4453 2191 4490 ις
2237 4441 2550 4495 Litteratura
2572 4458 2589 4494 :
2615 4443 2683 4493 ita
2708 4440 2966 4503 Venetus,
2989 4450 3042 4495 et
3072 4439 3142 4493 ita
3175 4440 3303 4509 legit
3327 4441 3682 4509 Pastrcngus:

2095 4513 2276 4568 lavent
2321 4513 2641 4580 (lapitularis
2672 4522 2720 4580 et
2759 4510 3062 4577 Brixianus,
3097 4513 3186 4579 qui
3216 4512 3414 4566 habent
3460 4512 3630 4567 littera
3662 4531 3678 4566 :

2092 4596 2147 4638 et
2174 4584 2243 4638 ita
2277 4577 2472 4648 legitur
2497 4585 2546 4636 iu
2574 4577 2815 4637 editione
2834 4577 3265 4635 Partnensianni
3286 4583 3423 4639 1480
3441 4585 3678 4653 Operutu

2096 4656 2155 4710 Ι).
2209 4655 2541 4723 Hieronymi.
2596 4654 2668 4707 Ea
2701 4668 2832 4706 voce
2865 4663 2990 4706 usus
3017 4653 3330 4707 Gennadius
3359 4661 3416 4709 et
3444 4657 3496 4709 lu
3551 4657 3685 4709 Prua

2087 4727 2293 4787 dentio,
2342 4724 2430 4778 Vir
2468 4725 2705 4779 simulari
2735 4723 3026 4777 litteratura
3049 4725 3302 4780 eruditus.
3337 4724 3548 4795 Vulgat.
3584 4727 3684 4779 lia-

2088 4799 2215 4852 hent
2249 4797 2452 4850 litteris.

2165 4867 2188 4904 ιι
2230 4869 2412 4936 Editio
2452 4867 2717 4922 Gennadii
2747 4865 3036 4936 Hamburgi
3063 4877 3252 4920 curata
3278 4881 3309 4936 a
3347 4865 3560 4921 Joanne
3591 4867 3684 4921 Al-

2090 4940 2247 4994 berto
2283 4931 2549 5010 Fabricio,
2591 4953 2751 5010 quam
2786 4931 3028 5007 sequitur
3055 4938 3220 5010 editio
3265 4935 3682 5010 llieronymiana

2089 5010 2444 5066 VerOnensis.
2496 5009 2653 5062 habet
2701 5007 2941 5061 clarus...
2977 5009 3181 5071 notitia,
3235 5019 3420 5062 contra
3454 5007 3586 5063 mss.
3634 5018 3690 5064 et

2089 5082 2478 5151 itnpressorum
2513 5079 2691 5133 iidem.
2724 5079 2815 5151 Sic
2857 5077 3214 5149 Hieronymus
3246 5078 3338 5132 lib.
3372 5079 3440 5133 de
3473 5080 3590 5135 Vir.
3615 5082 3684 5136 ll—

2090 5149 2246 5207 lustr.
2282 5157 2329 5206 in
2358 5152 2683 5216 Serapione,
2707 5149 2905 5206 Charus
2949 5151 3156 5203 Antonii
3187 5152 3455 5217 monachi;
3478 5162 3534 5206 et
3554 5153 3678 5204 Ter—

2094 5226 2350 5278 tulliauus
2373 5223 2440 5277 de
2471 5223 2788 5277 Ptenitentia
2820 5236 2937 5289 cap.
2969 5223 2998 5275 9
3031 5240 3042 5274 :
3078 5222 3258 5274 (.Itaris
3290 5219 3389 5276 Dei
3410 5224 3688 5294 adgenicu-

2093 5295 2216 5351 lari.

2172 5349 2547 5433 iﬁtfonjunctio
2575 5375 2643 5430 et,
2678 5381 2796 5433 ane
2829 5365 2982 5418 abest
3011 5349 3079 5418 al)
3109 5359 3347 5418 editione
3381 5354 3672 5427 ilamburg.

2098 5445 2155 5493 et
2181 5437 2500 5501 Veronensi,
2535 5437 2764 5491 habetur
2798 5437 2849 5489 in
2897 5435 3030 5507 Cap.
3061 5444 3115 5490 et
3162 5435 3214 5488 in
3267 5435 3508 5489 editione
3556 5434 3685 5486 l’ar-

2101 5525 2272 5563 IllCllSl
2285 5551 2297 5563 .

2182 5582 2194 5630 ἱ
2236 5579 2316 5633 Ad
2350 5581 2705 5649 supradictum
2747 5576 3024 5631 Paulinum
3058 5575 3319 5649 Nolanum
3355 5577 3503 5649 duas.
3551 5573 3686 5644 Cap.

2107 5653 2254 5707 Brix.
2287 5644 2617 5706 cum'Parm.
2644 5650 2908 5711 editione;
2941 5667 3058 5715 quze
3075 5664 3194 5702 cum
3227 5646 3430 5700 Veneto
3454 5644 3612 5713 libro,
3637 5656 3694 5702 et

2111 5717 2229 5776 aliis
2250 5721 2528 5792 impressis
2558 5720 2836 5793 praemittit
2865 5733 2910 5771 et
2939 5738 2950 5772 :
2982 5731 3025 5773 et
3053 5720 3119 5770 ad
3145 5716 3519 5782 supradictum.

2180 5794 2201 5831 ¹ί
2250 5795 2310 5849 Et
2343 5795 2595 5866 prodigiis
2624 5795 2674 5848 in
2710 5793 2854 5846 llrix.
2891 5807 2993 5846 non
3020 5795 3264 5862 apparet.
