4194 6192
468 295 535 351 87
1717 296 2079 353 SULPICIUS
2118 296 2461 355 διενειωά

3689 296 3762 352 88

462 421 517 467 et
547 413 719 482 ipsius
752 414 964 469 Martini
996 414 1234 469 habitam
1262 413 1315 467 in
1349 412 1552 481 Dialogi
1578 412 1818 482 speciem
1850 411 1877 439 ⁸
1921 412 2058 466 dua-
2089 416 2137 475 Λ
2171 412 2394 468 Deleror
2424 426 2550 468 ecce
2577 412 2737 478 freto,
2764 413 2976 481 fugiunt
3002 422 3054 468 et
3084 412 3265 468 littora
3293 414 3470 468 visum
3496 431 3509 468 :

468 507 570 562 bus
588 508 639 561 in
658 508 1064 563 concisiouibus
1083 504 1498 574 comprehendit
1523 523 1534 558 :
1563 505 1855 575 inquarum
1882 506 2063 574 priore

471 600 641 655 refert
670 615 767 655 suo
814 610 1059 669 tempore
1082 598 1221 667 apud
1254 598 1633 654 Alexandriam
1660 596 1688 635 ι)
1722 598 1930 668 synodo
1951 598 2067 667 epi-

468 707 759 762 scoporum
785 692 1087 757 decretum,
1121 690 1411 760 Origenem
1435 702 1455 728 ε
1476 699 1530 745 et
1550 691 1761 745 cautius
1787 707 1817 744 a
1846 690 2067 758 sapien-

473 788 617 842 tibus
656 803 755 855 pro
794 786 945 841 bonis
988 785 1293 855 legendum,
1335 794 1390 840 et
1429 782 1456 821 ἀ
1497 800 1528 839 a
1559 786 1738 840 minus
1778 784 2069 854 capacibus

476 895 572 949 pro
604 880 761 933 malis
801 888 822 915 θ
868 878 1288 948 repudiandum.
1326 878 1421 933 llic
1468 879 1520 931 in
1571 888 1855 933 senectute
1901 893 1997 933 sua
2039 895 2069 934 a

484 971 792 1041 Pelagianis
831 970 1111 1039 deceptus.
1144 980 1199 1025 et
1244 985 1540 1042 agnoscens
1571 971 1919 1041 loquacitatis
1956 972 2071 1026 cul-

481 1078 627 1132 pam,
648 1064 927 1118 silentium
956 1079 1124 1133 usque
1146 1064 1211 1117 ad
1232 1071 1463 1118 mortem
1493 1068 1681 1129 tenuit,
1709 1073 1766 1117 ut
1788 1074 2069 1133 peccatum

480 1157 624 1226 quod
654 1155 922 1227 loquendo
945 1163 1317 1223 contraxerat,
1345 1154 1575 1210 tacendo
1611 1154 1626 1190 ί
1660 1156 1873 1225 penitus
1890 1170 2075 1210 einen-

478 1250 651 1304 daret.

481 1343 617 1397 VIII.
654 1342 916 1399 GELASIUS
944 1343 998 1396 in
1024 1340 1241 1395 concilio
1289 1358 1393 1396 Lxx
1428 1342 1808 1411 episcoporum,
1860 1339 2075 1394 Decreto

653 1436 715 1488 de
746 1436 1065 1505 Apocryphis
1095 1434 1383 1503 Scripturis
1412 1433 1547 1488 edito
1576 1448 1715 1486 anno
1754 1431 1860 1488 496
1889 1449 1900 1482 :

552 1529 820 1598 Opnscula
856 1527 1184 1582 Postumiani
1210 1537 1263 1581 et
1292 1526 1434 1582 Galli
1462 1525 1789 1597 apocrypha.

486 1622 574 1676 lx.
621 1620 857 1675 VlGlLIUS
886 1619 1195 1681 Tarsensis,
1226 1620 1315 1689 qui
1338 1620 1513 1685 ﬂoruit
1549 1619 1642 1672 sub
1666 1618 1821 1687 finem
1846 1618 2022 1672 saeculi
2051 1633 2079 1667 v

555 1730 657 1767 non
684 1714 931 1784 interpres
958 1712 1047 1766 sed
1075 1722 1255 1765 auctor
1277 1712 1639 1780 disputationis
1667 1712 1936 1765 Athanasii
1958 1727 2079 1765 con-

556 1816 635 1858 tra
666 1804 863 1867 Arium,
890 1805 941 1857 in
970 1802 1228 1858 Proaemio
1257 1822 1273 1857 :

557 1899 664 1956 Sed
696 1900 741 1954 si
772 1899 904 1955 illud
936 1900 1160 1966 recolat,
1216 1898 1359 1969 quod
1390 1899 1442 1953 in
1481 1896 1751 1954 Chronica
1783 1913 1879 1953 sua
1912 1899 2085 1955 beata:

486 1992 767 2047 memoria:
884 1992 1151 2061 Sulpicius
1197 2009 1399 2046 severus
1447 1992 1649 2061 pOsuit,
1697 1991 1889 2046 dicens
1920 2008 1935 2048 :
1972 1991 2086 2043 Duo

488 2088 599 2139 Arii
624 2097 883 2154 tamquam
904 2086 1007 2138 duo
1029 2095 1284 2156 serpentes
1302 2102 1369 2139 ea:
1395 2102 1498 2139 uno
1515 2101 1602 2139 ore
1629 2083 1901 2139 sibilabant
1916 2100 1934 2150 ;
1949 2082 2087 2139 duos

486 2182 644 2235 Arios
670 2180 835 2236 fuisse
860 2180 1143 2236 evidenter
1174 2182 1435 2252 reperiet.

488 2296 555 2353 Χ.
594 2297 877 2352 EUGIPPIUS
904 2297 1196 2368 presbyter,
1227 2298 1513 2368 discipulus
1558 2296 1619 2350 S.
1654 2295 1891 2351 Severini
1933 2295 2092 2350 Nori-

557 2406 734 2444 corum
765 2391 1013 2459 apostoli,
1057 2391 1111 2444 in
1144 2392 1256 2461 ejus
1294 2390 1436 2457 Vita,
1461 2407 1615 2461 quam
1643 2392 1851 2461 scripsit
1890 2400 1945 2443 ut
1984 2392 2093 2462 ipse

566 2493 778 2537 testatur
814 2484 867 2536 in
899 2484 1117 2553 epistola
1144 2483 1211 2535 ad
1244 2482 1590 2537 Paschasium
1619 2483 1912 2549 diaconum,
1954 2484 2095 2538 bien-

568 2577 656 2630 nio
683 2585 794 2647 post
822 2576 1145 2629 consulatum
1168 2575 1487 2647 lmportuni,
1510 2577 1563 2629 id
1576 2575 1816 2631 estCoss.
1834 2576 2014 2632 Felice
2042 2585 2097 2631 et

578 2669 915 2734 Secundino,
940 2686 1075 2722 anno
1098 2667 1291 2723 Christi
1320 2669 1420 2723 511
1455 2684 1467 2719 :

572 2784 790 2839 Severus
818 2800 1032 2855 quoque
1066 2783 1329 2855 Sulpicius
1368 2772 1536 2839 refert
1572 2799 1635 2838 ex
1675 2784 1939 2839 relatione
1968 2784 2099 2839 Pos-

499 2876 748 2941 tumiani,
771 2878 943 2931 virum
964 2876 1251 2946 quemdam
1287 2877 1494 2946 magnis
1508 2877 1799 2931 virtutibus
1821 2878 2099 2947 signisque

501 2971 830 3036 mirabilem,
865 2970 930 3023 ad
972 2970 1348 3038 expellendum
1379 2969 1448 3023 de
1487 2969 1653 3023 corde
1692 2984 1792 3023 suo
1824 2970 2100 3038 jactantiaa

496 3066 793 3118 vanitatem
826 3078 984 3133 quam
1016 3064 1343 3125 incurrerat,
1376 3076 1632 3116 exorasse
1657 3070 1736 3126 ut,
1766 3063 2029 3131 permissa
2050 3064 2100 3116 in

2168 507 2417 578 Remiget
2447 505 2535 560 hic
2562 504 2767 573 Gallus,
2793 505 3055 560 Martinus
3087 505 3202 559 vela
3228 506 3522 575 gubernet.

2169 621 2286 678 Xll.
2339 621 2641 677 Gnecontus
2695 621 3031 677 'l‘unoncxsrs
3083 620 3222 676 Hist.
3294 618 3495 677 Franc.
3549 620 3639 675 lib.
3703 637 3767 687 ι,

2851 711 2970 763 cap.
3004 694 3035 746 7
3068 710 3081 746 :

2245 809 2357 865 lloc
2393 824 2523 863 vero
2554 807 2579 844 ¹ί
2608 808 2983 863 holocaustum
3017 808 3071 862 in
3115 815 3299 862 monte
3338 806 3629 871 Calvarite,
3663 822 3771 876 quo

2178 902 2434 958 Dominus
2474 902 2768 956 cruciﬁxus
2812 911 2895 956 est
2924 943 2939 967 ,
2996 901 3238 957 oblatum
3296 901 3503 967 fuisse,
3547 900 3773 956 Severus

2178 1005 2362 1051 narrat
2391 997 2443 1049 in
2475 994 2764 1048 Chronica.

2390 1088 2521 1143 Inest
2549 1089 2638 1143 lib.
2665 1082 2700 1143 it
2732 1088 2872 1142 Hist.
2908 1088 3126 1155 Franc.,
3156 1089 3209 1143 in
3236 1086 3498 1142 Proaemio
3534 1104 3551 1141 :

2249 1182 2339 1238 Sic
2369 1190 2425 1237 et
2448 1182 2735 1247 Eusebius,
2766 1182 2987 1237 Severus
3011 1182 3486 1252 Hieronymusque
3516 1179 3571 1234 in
3594 1179 3767 1235 Chro—

2178 1274 2339 1339 nicis,
2362 1284 2525 1343 atque
2546 1273 2792 1339 Orosius,
2815 1286 2868 1328 et
2894 1274 3037 1327 bella
3073 1288 3264 1342 regum
3295 1282 3349 1327 et
3372 1273 3601 1326 virtutes
3631 1286 3774 1325 mar-

2183 1375 2359 1436 tyrum
2393 1366 2599 1434 pariter
2629 1374 3020 1420 texuerunt....
3040 1364 3336 1419 Venientes
3359 1378 3492 1434 ergo
3524 1378 3620 1433 per
3647 1373 3775 1418 ante

2182 1466 2449 1520 dictorum
2496 1472 2782 1520 auctorum
2827 1463 3109 1527 historias,
3142 1478 3205 1517 ea
3241 1478 3364 1532 quite
3395 1463 3446 1517 in
3492 1469 3773 1532 posterum

2185 1566 2302 1611 acta
2329 1565 2479 1623 sunt,
2515 1556 2747 1611 Domino
2774 1556 3021 1626 jubente,
3054 1554 3413 1610 disseremus.

2444 1675 2573 1729 lusu
2618 1674 2756 1729 Hist.
2789 1673 2982 1729 Franc.
3014 1674 3103 1728 lib.
3140 1690 3191 1738 κ,
3220 1690 3338 1743 cap.
3371 1672 3437 1727 51
3468 1690 3481 1726 :

2112 1815 2160 1875 Β
2259 1791 2333 1845 De
2362 1791 2514 1859 cujus
2547 1790 2633 1862 (S.
2672 1788 2913 1859 Martini)
2946 1789 3057 1843 vita
3107 1798 3219 1845 tres
3246 1803 3273 1842 a
3314 1787 3505 1844 Severo
3539 1785 3777 1857 Sulpicio

2189 1884 2357 1939 libros
2384 1885 2723 1952 conscriptos
2754 1882 3009 1954 legimus.

2534 1974 2661 2029 lucu
2689 1977 2778 2030 lib.
2802 1992 2818 2029 ι
2845 1974 3033 2030 Mirac.
3066 1974 3128 2030 S.
3166 1973 3380 2029 Martini
3404 1992 3422 2029 :

2262 2068 2411 2122 Multi
2444 2078 2568 2121 sunt
2594 2069 2687 2138 qui
2717 2067 2947 2123 virtutes
2965 2066 3026 2121 S.
3050 2066 3264 2121 Martini
3296 2065 3379 2120 vel
3411 2072 3588 2119 stante
3618 2080 3784 2119 versu

2192 2161 2278 2216 vel
2310 2159 2453 2232 stylo
2485 2161 2738 2229 prosaico
2764 2150 3237 2229 conscripserunt,
3258 2158 3327 2213 de
3356 2157 3552 2227 quibus
3579 2157 3788 2227 primus

2194 2254 2285 2308 ille
2312 2254 2529 2308 Severus
2560 2254 2862 2325 Sulpicius,
2902 2253 2990 2308 cui
3024 2262 3209 2307 tantus
3238 2252 3423 2307 fervor
3452 2253 3656 2307 amoris
3688 2250 3791 2307 fuit

2196 2346 2250 2401 in
2305 2346 2563 2402 Sanctum
2613 2347 2749 2412 Dei,
2802 2354 2859 2401 ut
2902 2360 2967 2400 eo
2993 2344 3172 2401 adhuc
3220 2345 3456 2415 degente
3488 2344 3542 2399 in
3587 2344 3790 2398 saeculo

2199 2457 2361 2496 unum
2395 2441 2596 2495 librum
2626 2439 2696 2495 de
2740 2438 3078 2494 mirabilibus
3109 2438 3233 2493 vita:
3283 2438 3404 2507 ejus
3453 2437 3724 2492 scriberet
3774 2453 3787 2489 :

2198 2536 2397 2591 exinde
2469 2544 2591 2605 post
2658 2534 2951 2589 transitum
3024 2533 3167 2587 beati
3246 2532 3349 2586 viri
3423 2529 3562 2585 duos
3622 2530 3792 2584 libros

2199 2630 2434 2700 scripsit,
2479 2643 2617 2698 quos
2666 2628 2920 2697 Dialogos
2951 2625 3122 2680 voluit
3170 2623 3443 2688 vocitari;
3495 2623 3549 2676 in
3598 2620 3793 2691 quibus

2202 2720 2463 2775 nonnulla
2494 2718 2562 2774 de
2593 2719 2887 2773 virtutibus
2927 2718 3281 2772 eremitarum
3310 2715 3796 2770 anacltoretarum-

2202 2828 2337 2883 que,
2388 2811 2664 2867 referente
2694 2810 3075 2877 Postumiano,
3111 2807 3342 2863 inseruit
3374 2826 3388 2861 :
3428 2806 3523 2862 sed
3554 2808 3605 2860 in
3647 2806 3796 2861 nullo

2204 2906 2519 2962 inferiorem
2542 2913 2790 2959 nostrum
2818 2903 2994 2972 potuit
3024 2901 3271 2971 reperire
3298 2901 3612 2966 Martinam,
3637 2914 3799 2967 quem

2206 2998 2472 3070 apostolis
2535 2998 2849 3067 sanctisque
2904 2994 3181 3064 prioribus
3227 2991 3571 3063 exasquavit,
3627 2992 3695 3044 ita
3742 3002 3802 3044 ut

2207 3096 2370 3150 etiam
2404 3093 2635 3154 diceret,
2675 3089 2905 3143 Felicem
2937 3088 3144 3155 quidem
3168 3085 3443 3150 Graeciam,
3469 3101 3583 3155 qua:
3615 3083 3799 3137 meruit

501 3174 561 3265 se
605 3159 887 3260 mensibus
921 3159 1159 3226 quinque
1208 3155 1409 3209 diaboli
1445 3163 1734 3225 potestate,
1775 3154 1973 3210 similis
2016 3156 2100 3210 his
2128 3204 2173 3265 C
2207 3188 2388 3241 audire
2432 3184 2738 3254 Apamam",
2791 3181 3192 3252 pmdicanwm’.
3242 3180 3331 3233 sed
3382 3154 3487 3232 ne"
3516 3174 3717 3231 Gallias
3770 3191 3803 3228 α

504 3250 660 3304 lieret
688 3263 825 3317 quos
856 3249 975 3317 ipse
1003 3256 1313 3303 curaverat.

504 3339 597 3394 XI.
641 3340 952 3395 VENANTIUS
997 3340 1375 3405 Fomunnus,
1420 3340 1507 3406 qui
1549 3350 1727 3411 postea
1764 3341 1864 3411 fuit
1923 3340 2104 3395 Picta-

579 3433 744 3486 vensis
786 3433 1074 3503 episcopus,
1129 3432 1181 3483 in
1235 3430 1346 3485 Vita
1378 3430 1595 3485 Martini
1626 3433 1819 3501 scripta
1846 3443 1966 3488 ante
2004 3452 2102 3487 an-

775 3543 898 3580 num
919 3527 1046 3591 570,
1078 3527 1166 3580 lib.
1192 3543 1251 3590 ιι,
1280 3543 1410 3581 vers.
1437 3526 1541 3580 467
1571 3537 1615 3581 et
1642 3544 1781 3599 seqq.
1814 3546 1827 3580 :

507 3616 675 3687 Cujus
705 3616 734 3655 ¹λ
760 3621 1040 3689 prosaicus
1061 3621 1265 3675 cecinit
1296 3622 1442 3690 prius
1468 3631 1587 3675 acta
1618 3622 1837 3678 Severus

507 3712 777 3768 Versibus
809 3714 1043 3768 intonuit
1070 3714 1331 3769 Paulinus
1358 3714 1553 3770 deinde
1585 3716 1774 3771 beatus
1805 3735 1818 3769 :

506 3806 869 3879 Equipararc
904 3808 917 3845 ί
957 3811 1149 3865 valens
1181 3812 1408 3866 illustris
1441 3821 1672 3883 uterque
1704 3813 1927 3877 relator,

508 3901 728 3957 Materia
759 3904 887 3958 victi
916 3904 1011 3959 sed
1041 3915 1097 3959 et
1126 3906 1225 3975 ipsi
1257 3906 1500 3961 carmine
1530 3906 1753 3961 cedunt.

908 3995 974 4048 Et
1008 3996 1096 4049 lib.
1128 4013 1210 4061 ιιι,
1242 4014 1372 4051 vers.
1406 3998 1472 4052 10
1497 4010 1546 4052 et
1569 4016 1745 4069 seqq.:

511 4086 655 4141 Ante
688 4100 786 4155 per
816 4085 1081 4141 Adriacas
1112 4088 1307 4143 fluctus
1332 4089 1465 4144 dare
1489 4090 1605 4145 vela
1631 4091 1850 4145 videbar

508 4180 643 4236 Cum
674 4180 814 4236 duce
843 4180 1105 4252 Sulpicio,
1132 4183 1272 4238 bene
1302 4184 1456 4253 cujus
1486 4183 1555 4238 ab
1578 4200 1672 4240 ore
1696 4194 1923 4240 venusto

515 4272 729 4327 Martini
757 4288 942 4327 sacros
974 4273 1147 4328 dulcis
1166 4277 1339 4341 slvlns
1371 4275 1543 4331 edidit
1565 4287 1740 4341 actus,

511 4366 659 4431 Quos
690 4381 791 4436 ego
830 4366 932 4419 sub
961 4367 1195 4436 geminis
1221 4369 1420 4423 claudo
1448 4368 1584 4438 pede
1612 4384 1776 4424 curro
1808 4370 2031 4426 libellis.

1089 4480 1156 4534 Et
1182 4482 1341 4553 paulo
1359 4484 1499 4553 infra
1525 4500 1543 4537 :

515 4573 648 4627 Dum
685 4582 864 4628 tamen
894 4574 1001 4627 alta
1032 4584 1179 4644 peto,
1212 4585 1432 4631 resonet
1463 4576 1593 4631 mihi
1620 4576 1804 4632 Gallus
1832 4578 1885 4632 in
1910 4591 2041 4634 aure

515 4665 681 4721 Gesta
714 4666 869 4721 beata
900 4667 1023 4733 viri,
1062 4666 1075 4715 i
1116 4682 1219 4737 qua
1246 4669 1453 4739 mitiget
1481 4669 1621 4723 unda
1649 4681 1937 4735 tmnorem,

519 4760 584 4817 Et
614 4776 872 4816 sermone
903 4760 1044 4815 viam
1078 4760 1284 4816 relevet
1315 4762 1432 4817 sale
1460 4763 1634 4818 fabula
1663 4763 1857 4818 dulcis.

593 4910 620 4937 ι
660 4899 895 4962 Mirmns,
925 4900 1207 4955 Fabricius
1237 4912 1287 4956 et
1322 4903 1447 4964 alii;
1473 4904 1524 4955 in
1555 4902 1714 4955 tribus
1746 4904 2080 4956 incisionibus
2100 4920 2118 4957 :

520 4972 665 5027 male
691 4992 702 5023 ;
742 4971 943 5024 duabus
991 4973 1044 5025 in
1086 4975 1463 5027 concisionibus
1492 4986 1574 5028 ost
1604 4974 1656 5027 in
1690 4975 1821 5042 Cap.
1852 4983 1904 5027 ct
1936 4975 2114 5028 Patm.

522 5042 785 5103 editioiie,
817 5044 1011 5108 quibus
1042 5043 1403 5113 suifragantur
1434 5045 1580 5099 Brix.
1618 5055 1672 5099 et
1703 5045 1861 5109 Ven.,
1897 5046 1947 5097 in
1987 5046 2119 5099 dua-

520 5117 613 5169 bus
638 5114 1014 5167 concisionibus
1032 5132 1049 5179 ;
1069 5116 1139 5167 al.
1166 5116 1324 5180 edit.,
1358 5116 1559 5169 duabus
1584 5116 1941 5170 incisionibus.

595 5186 621 5223 δ
651 5185 795 5257 Edit.
830 5186 1255 5255 Ilamburgensis
1281 5200 1334 5242 et
1369 5188 1597 5250 Verum,
1634 5189 1686 5242 iu
1729 5192 1948 5257 synodo.
1984 5186 2122 5244 Male

520 5258 612 5312 alii
643 5256 858 5329 quidam
893 5257 1014 5312 libri
1060 5259 1334 5329 impressi,
1368 5260 1509 5329 apud
1532 5256 1941 5314 Alexandrinam
1964 5272 2115 5329 syno-

524 5329 647 5383 dum
670 5328 1028 5395 episcoporum
1053 5328 1333 5384 decretum.

558 5412 621 5526 Inc
666 5398 733 5453 Et
754 5402 975 5453 cautius.
1006 5399 1075 5453 Et
1094 5409 1176 5454 est
1204 5416 1269 5455 ex
1293 5402 1422 5471 Cap.
1452 5409 1508 5455 et
1528 5402 1676 5456 Brix.
1702 5400 1883 5455 Parin.
1907 5401 2039 5458 edit.
2066 5411 2120 5457 et

580 5488 662 5526 ns.

522 5487 662 5526 aliis.

595 5543 621 5579 ά
655 5544 710 5599 1η
741 5543 874 5613 (Jap.
925 5543 1074 5598 Brix.
1108 5556 1241 5597 mss.
1271 5552 1325 5599 et
1354 5542 1483 5600 edit.
1518 5544 1729 5612 Parm.,
1766 5564 1798 5600 a
1828 5548 1998 5600 minus
2034 5563 2120 5600 ca-

526 5616 799 5683 pientibus.

562 5687 958 5811 levllaipl'iurg.
985 5694 1041 5741 et
1067 5685 1263 5741 Veron.
1287 5686 1445 5754 edit.,
1473 5686 1840 5757 refutandum:
1864 5691 1943 5746 sic
1959 5688 2123 5746 habet

654 5773 741 5810 en.
794 5774 928 5811 uer.

527 5770 580 5809 et
613 5770 741 5810 Vell.
771 5770 928 5812 utier.

603 5828 615 5861 ¹
668 5826 740 5879 lta
772 5829 887 5882 libri
916 5832 1105 5887 omnes
1142 5839 1338 5899 prmtcr
1374 5830 1667 5904 llamhurg.
1697 5843 1748 5889 ct
1782 5832 1982 5889 Veron.
2031 5835 2120 5905 qui

2209 3278 2415 3333 Chrile
2455 3276 2723 3331 derelictas
2752 3316 2767 3342 ,
2811 3273 2996 3344 quibus
3046 3273 3253 3327 donavit
3308 3269 3564 3326 Dominus
3615 3269 3802 3323 habere

2209 3371 2519 3424 Martinam.

2209 3464 2339 3518 locu
2360 3464 2416 3516 in
2442 3463 2664 3533 epistola
2706 3461 2973 3531 pra’missa
3005 3469 3231 3531 quatuor
3271 3458 3415 3513 libris
3450 3458 3513 3512 de
3537 3456 3807 3512 Miraculis

2697 3554 2758 3609 S.
2795 3552 3013 3607 Martini
3040 3553 3269 3625 episc0pi
3300 3568 3318 3604 :

2282 3648 2538 3704 Miracula
2572 3648 2669 3703 illa
2698 3663 2819 3717 qua:
2850 3647 3112 3702 Dominus
3141 3646 3287 3701 Deus
3315 3653 3503 3698 noster
3535 3658 3633 3711 per
3673 3642 3805 3695 bea-

2217 3753 2328 3796 tum
2357 3741 2646 3797 Martinum
2676 3739 2980 3795 antistitem
3016 3753 3176 3792 suum
3222 3738 3275 3790 in
3307 3748 3537 3802 corpore
3565 3732 3808 3803 positum

2213 3838 2433 3908 operari
2484 3837 2735 3908 dignatus
2784 3843 2890 3900 est,
2947 3830 3189 3901 quotidie
3220 3828 3287 3883 ad
3334 3825 3806 3882 corroborandam

2216 3932 2376 3987 Iidem
2432 3930 2774 3985 credentium
2822 3927 3151 3982 conlirmare
3202 3925 3477 3995 dignatur.
3524 3920 3623 3977 ille
3665 3935 3811 3976 nunc

2216 4038 2487 4078 exornans
2538 4021 2833 4076 virtutibus
2871 4020 2989 4090 ejus
3029 4018 3320 4084 tumulum,
3366 4018 3460 4086 qui
3498 4016 3549 4071 in
3580 4031 3648 4071 eo
3677 4030 3809 4085 ope-

2220 4124 2368 4168 ratus
2404 4121 2491 4168 est
2533 4127 2659 4167 cum
2703 4122 2851 4166 esset
2892 4112 2944 4165 in
2993 4109 3239 4175 mundo;
3272 4118 3327 4164 et
3357 4108 3449 4163 ille
3481 4107 3692 4177 praebet
3719 4120 3814 4175 per

2218 4221 2341 4260 eum
2381 4204 2645 4261 beneficia
2668 4202 3023 4269 Christianis,
3058 4203 3149 4273 qui
3182 4202 3332 4257 misit
3366 4208 3501 4257 tunc
3526 4199 3812 4271 praesulem

2218 4298 2475 4368 gentibus
2524 4296 2809 4367 perituris.
2840 4295 3013 4350 Nemo
3059 4310 3190 4365 ergo
3221 4294 3290 4350 de
3319 4302 3447 4349 ante
3476 4293 3616 4347 actis
3647 4294 3817 4344 virtu-

2222 4391 2362 4446 tibus
2391 4388 2620 4454 dubitet,
2647 4406 2767 4445 cum
2795 4389 3150 4459 praesentium
3184 4387 3468 4457 signorum
3498 4385 3677 4441 cernit
3708 4398 3818 4436 nin-

2222 4499 2350 4539 nera
2373 4484 2702 4554 dispensari,
2736 4498 2860 4539 cum
2893 4483 3050 4539 videt
3078 4482 3303 4540 claudos
3332 4480 3487 4551 erigi,
3529 4493 3807 4534 caecos...

2143 4589 2195 4649 Ῑ)
2226 4576 2336 4646 Ego
2376 4591 2506 4631 vero
2553 4576 2713 4630 ﬁdem
2766 4576 3025 4646 ingerens
3072 4574 3194 4628 libri
3228 4572 3377 4627 illius
3428 4570 3443 4608 ι
3487 4571 3576 4642 qui
3602 4570 3670 4625 de
3699 4569 3819 4638 ejus

2227 4670 2334 4724 vita
2353 4669 2421 4725 ab
2450 4670 2816 4723 antcrioribus
2843 4676 2926 4723 est
2954 4668 3211 4737 scriptus,
3239 4675 3541 4737 praesentes
3562 4666 3820 4726 virtutes,

2226 4773 2486 4834 quantum
2519 4763 2584 4817 ad
2615 4765 2933 4819 memoriam
2974 4761 3180 4826 recolo,
3216 4759 3497 4815 memoriae
3538 4756 3592 4811 in
3631 4762 3821 4826 poste-

2225 4903 2423 4957 habent
2454 4904 2721 4972 pwnitens,
2751 4920 2814 4959 ex
2845 4903 2967 4959 cod.
2992 4901 3347 4964 Corbeiensi;
3378 4900 3533 4969 cujus
3550 4899 3825 4972 variantes

2224 4968 2482 5029 lectiones
2514 4976 2682 5030 habes
2712 4975 2767 5031 in
2812 4976 2967 5030 'l‘om.
3000 4974 3045 5028 ll
3089 4974 3348 5030 editionis
3392 4968 3718 5027 Parisiensis
3759 4968 3819 5024 S.

2226 5046 2561 5117 Hieronymi.

2297 5127 2321 5164 σς
2363 5112 2467 5172 Sed
2500 5118 2661 5173 verba
2693 5118 2860 5174 citata
2903 5132 3010 5171 non
3038 5126 3165 5171 sunt
3194 5117 3412 5186 prOpria
3448 5114 3661 5172 Severi.
3695 5112 3817 5167 Vid.

2227 5188 2428 5244 Ilistor.
2458 5188 2635 5245 Sacra!
2664 5191 2761 5244 lib.
2794 5206 2850 5256 ιι,
2878 5204 2999 5259 cap.
3035 5188 3123 5242 55.

2296 5260 2323 5297 ¹ι
2366 5260 2602 5315 Martini.

2306 5332 2321 5368 ί
2366 5333 2508 5401 Lege
2540 5333 2732 5385 volens.

2303 5403 2316 5475 i
2369 5403 2529 5459 Forte
2554 5421 2674 5475 quo.

2298 5472 2323 5510 ¹ί
2364 5472 2626 5543 Loquitur
2667 5475 2732 5530 de
2776 5474 3012 5531 Abrahte
3048 5475 3341 5533 sacriﬁcio.
3384 5473 3494 5530 Sed
3546 5476 3631 5530 hic
3674 5475 3827 5529 locus

2226 5561 2331 5601 non
2363 5547 2594 5601 habetur
2627 5546 2680 5601 in
2714 5548 2938 5602 Severo.

2305 5616 2321 5653 1
2368 5618 2461 5673 Vel
2507 5618 2693 5672 Severi
2738 5621 2998 5687 Opuscula
3047 5618 3367 5687 singillatim
3400 5619 3484 5673 his
3516 5618 3700 5674 verbis
3733 5619 3824 5672 in-

2228 5690 2412 5753 dicat,
2473 5690 2559 5744 vel
2609 5688 2831 5755 Severi,
2885 5688 3090 5743 Paulini
3134 5702 3185 5745 et
3227 5689 3508 5746 Fortunati
3554 5706 3719 5761 opera
3770 5692 3823 5744 in

2234 5778 2397 5817 unum
2434 5762 2681 5815 volumen
2711 5769 3014 5831 compacta.
