4194 6192
466 283 527 341 91
1736 282 2095 342 SULPICIUS
2131 284 2470 342 SEVERUS.
3061 315 3064 318 λ
3687 281 3759 340 9%

465 421 638 473 fuisse
666 461 678 485 ,
739 427 795 474 et
840 418 988 474 dulci
1022 417 1311 472 admodum
1360 419 1414 472 ct
1446 430 1690 488 congruo
1717 417 1938 488 elcquio
1961 427 2061 472 nos
2087 418 2140 478 Α
2233 418 2370 481 nico,
2389 417 2527 488 quod
2546 417 2614 470 ad
2633 419 2826 470 annuet
2850 405 3170 488 usqueIiIQ
3188 414 3453 488 perduxit,
3476 411 3586 472 haec
3615 406 3760 472 habet

462 523 690 568 sentitur
718 529 838 584 qua:
860 521 886 550 ⁸
917 512 1268 582 pertulerunt
1296 510 1542 566 edidisse
1563 509 1614 565 b.

463 649 582 706 XX.
633 651 780 708 liceo
823 650 1221 703 archidiaconus
1266 637 1581 702 Turonensis
1629 635 1679 701 in
1729 637 1950 717 Dialogo
1999 646 2064 700 de

537 743 762 812 quodam
793 739 1044 795 miraculo
1081 740 1222 810 quod
1270 729 1482 811 contigit
1528 742 1577 794 in
1620 740 1955 794 translatione
1996 740 2058 796 S.

541 823 783 900 Martini,
826 837 975 904 quem
1004 823 1284 904 Dialogum
1314 833 1560 904 scriptum
1593 834 1697 887 vult
1732 831 2065 888 Mabillonius

537 940 648 999 post
680 945 871 982 annum
904 917 1077 996 IOI'Z,
1111 925 1252 999 apud
1275 925 1514 982 eumdem
1543 917 1902 981 Mabillonium
1928 928 2066 980 Ana-

538 1020 785 1076 lectorum
810 1029 935 1074 tom.
964 1015 1014 1074 I:

537 1159 644 1215 Sed
680 1171 736 1213 ut
764 1159 832 1214 ad
861 1159 1147 1214 Martinum
1179 1173 1458 1214 recurram
1485 1198 1500 1224 ,
1533 1157 1699 1212 habet
1728 1166 1782 1212 et
1808 1157 1924 1228 ipse
1953 1157 2063 1212 viri

465 1259 640 1306 llllllttt
676 1268 892 1306 suarum
924 1254 1173 1321 egregios
1198 1253 1525 1320 interpretes
1553 1287 1567 1316 ,
1597 1251 1724 1306 licet
1747 1255 1803 1306 et
1827 1253 1922 1304 ltus
1953 1253 2067 1322 ipse

465 1347 742 1401 occultare
770 1348 1056 1412 maluerit;
1081 1346 1263 1414 habet,
1289 1347 1528 1417 inquam,
1558 1346 1864 1413 Paulinum,
1892 1347 2066 1400 virum

464 1440 822 1510 aposmlicum
852 1479 865 1503 ,
891 1439 1250 1494 Fortunatum
1281 1481 1294 1503 ,
1321 1439 1566 1493 Severum
1596 1441 1652 1494 et
1678 1438 1897 1495 Gallum
1925 1473 1938 1505 ,
1973 1439 2065 1508 Qui

469 1535 556 1590 isti
588 1535 874 1588 Martinum
911 1551 1082 1604 usque
1122 1535 1187 1588 ad
1228 1545 1508 1590 extremos
1542 1535 1726 1590 mundi
1775 1535 2023 1591 cardines
2049 1581 2063 1602 ,

467 1628 616 1682 velut
645 1627 946 1696 evangelici
983 1637 1183 1692 testes,
1210 1627 1565 1683 tliiI‘uderuut.

478 1718 620 1774 XXI.
657 1719 1312 1775 IlenuauusConrnacrc-s
1341 1721 1392 1774 in
1415 1719 1670 1774 Chronico
1689 1724 1847 1793 juxta
1875 1721 2065 1774 editioa

2235 511 2302 563 ait
2328 519 2518 563 annum
2540 509 2680 566 599':

2237 601 2528 658 Florebant
2560 602 2610 656 in
2643 593 2884 657 Ecclesia
2914 601 3017 657 ii‘oc
3051 599 3298 671 tempore
3335 595 3508 656 sancti
3536 611 3589 656 et
3617 599 3764 657 docti

2164 696 2265 750 viri
2294 694 2970 768 JoannesChrysostomus
3117 695 3168 748 in
3199 691 3490 764 Aquitania
3519 687 3762 764 Severus,

2165 792 2259 860 qui
2305 792 2469 844 vitam
2513 789 2572 844 S.
2620 789 2832 844 Martini
2862 795 2915 845 et
2947 789 3114 844 nlulta
3155 789 3261 843 alia
3298 789 3552 860 scripsit;
3586 790 3676 858 qui
3711 791 3764 845 in

2165 887 2382 936 senecta
2416 895 2444 936 s
2474 881 2782 953 Pelagianis
2811 882 3108 944 seductus,
3148 880 3427 936 silentium
3477 889 3649 951 usque
3695 881 3764 938 ad

2168 984 2399 1028 mortem
2443 973 2656 1041 lenuit,
2701 973 2930 1029 tacendo
2971 973 3256 1043 corrigens
3301 972 3445 1042 quod
3480 965 3762 1044 loquendo

2168 1081 2355 1136 peCCnt
2373 1066 2434 1121 Il.

2170 1156 2360 1214 XXIV.
2389 1158 2448 1214 S.
2481 1155 2788 1215 ULDXnmUS
2814 1159 2869 1212 in
2896 1158 3192 1214 collectione
3220 1157 3604 1228 Antiquiorqu
3627 1161 3762 1213 bon-

2241 1253 2592 1308 sttetutiinutu
2653 1250 3035 1308 Cluniacensis
3090 1249 3404 1306 Monas'lerii
3459 1249 3767 1305 concinnata

2241 1361 2376 1399 anno
2408 1346 2566 1412 1110,
2599 1344 2710 1398 haec
2741 1345 2890 1399 habet
2915 1353 3032 1412 cap.
3063 1342 3153 1407 45,
3180 1342 3318 1410 quod
3341 1351 3412 1397 est
3440 1340 3507 1398 de
3539 1342 3768 1398 Festivi-

2243 1445 2354 1492 tate
2375 1435 2434 1492 S.
2467 1435 2704 1502 Martini,
2734 1445 2866 1491 etc.:

2242 1529 2408 1601 Cujus
2437 1530 2560 1586 Vita
2590 1541 2714 1585 cum
2759 1531 2832 1585 sit
2859 1529 3139 1586 luculento
3164 1528 3308 1602 'stylo
3335 1527 3637 1598 composita
3665 1572 3680 1598 ,
3714 1539 3768 1587 et

2173 1623 2241 1678 de
2265 1623 2436 1694 ipsius
2460 1619 2600 1678 adeo
2618 1622 2917 1677 virtutibus
2938 1620 3281 1687 admiranda,
3297 1620 3398 1678 SS.
3430 1617 3620 1676 Patres
3643 1633 3768 1677 nos-

2175 1717 2279 1782 tri,
2315 1717 2456 1770 sicut
2486 1716 2538 1769 in
2561 1715 2951 1785 Assumptione
2979 1715 3036 1770 s.
3073 1713 3255 1768 Maria:
3279 1753 3294 1780 ,
3331 1713 3402 1766 ita
3436 1711 3524 1769 hic
3556 1715 3769 1784 quoque

540 1820 652 1865 nem
683 1810 878 1866 Canisii
907 1811 1122 1881 Antiqu.
1148 1811 1377 1866 Lectiou.
1410 1821 1536 1866 tom.
1571 1812 1662 1879 Ill,
1694 1823 1831 1883 part.
1861 1827 1899 1881 t,
1927 1809 2065 1884 quod
2099 1815 2142 1876 Β
2174 1809 2464 1864 noluerunt
2495 1851 2509 1875 ,
2539 1817 2598 1864 ut
2638 1810 2690 1864 in
2739 1809 2858 1879 ejus
2889 1803 3180 1879 (Martini)
3227 1807 3579 1878 Depositione
3618 1797 3766 1862 aliud

543 1903 783 1973 perduxit
829 1903 898 1957 ad
946 1919 1140 1958 annum
1180 1904 1362 1968 I054,
1408 1905 1516 1958 haec
1559 1904 1711 1959 liabet
1758 1905 1825 1958 ad
1873 1912 2064 1959 ‘annuiil

541 1995 645 2050 397
669 2013 680 2047 :

543 2088 770 2143 Sanctus
793 2089 1057 2144 Martinus
1073 2090 1416 2145 Turonorum
1434 2091 1718 2162 episcopus
1735 2102 1856 2162 post
1874 2093 2068 2150 multas

469 2181 698 2236 virtutes
739 2183 991 2251 migravit
1035 2183 1102 2236 ad
1149 2184 1436 2237 Dominum
1477 2197 1620 2239 anno
1655 2187 1834 2240 relatis
1866 2193 2066 2251 um,

470 2274 816 2344 episcopatus
840 2290 970 2330 vero
996 2287 1147 2339 χχι-ι,
1179 2277 1334 2346 cujus
1369 2277 1597 2333 virtutes
1618 2291 1672 2334 et
1697 2281 1858 2334 vitam
1888 2271 2070 2350 Sulpi-

473 2367 584 2420 cius
617 2367 838 2420 Severus
864 2368 1082 2439 egregio
1110 2369 1276 2424 edidit
1307 2370 1468 2441 stylo.

475 2457 560 2513 Ea:
588 2459 766 2514 eodem
795 2459 1048 2515 Chronico
1065 2465 1223 2534 juata
1255 2461 1465 2517 Urstisii
1485 2479 1582 2517 ms.
1614 2479 1649 2517 ιι
1679 2463 1908 2518 Pistorio
1932 2465 2070 2520 edito

543 2562 666 2606 tom.
693 2551 714 2606 I
741 2552 1067 2624 Scriptorum
1092 2567 1263 2608 rerum
1295 2554 1740 2624 Germanicarum,
1773 2557 1843 2610 ad
1878 2565 2072 2612 annum

546 2648 652 2703 590
673 2666 684 2702 :

550 2740 660 2795 Hoc
707 2750 953 2814 tempore
994 2743 1050 2800 S.
1087 2742 1351 2798 Martinus
1378 2779 1392 2809 ,
1421 2744 1750 2800 Ambrosius
1779 2745 2022 2816 episcopi
2051 2791 2066 2814 ,

473 2832 838 2907 Hieronymus
866 2837 1180 2910 presbyter,
1211 2837 1454 2892 Joannes
1473 2836 1898 2910 Cbrysostomus
1917 2881 1932 2904 ,
1965 2841 2074 2893 Au:

471 2929 720 2994 gustinus
767 2939 822 2983 et
863 2929 1083 2985 Severus
1113 2971 1130 2997 ,
1178 2929 1378 2999 aliique
1424 2931 1776 3002 quamplures
1817 2931 2074 2988 doctores

472 3018 812 3076 claruerunt.
1227 3033 1232 3042 '

930 3113 1129 3168 Ibidem
1161 3115 1229 3167 ad
1256 3132 1448 3169 annum
1478 3115 1582 3169 597
1607 3134 1619 3170 ι

2170 1902 2523 1973 Evangelinm
2554 1901 2997 1972 pronuntiaretur
3023 1943 3036 1966 ,
3070 1900 3154 1956 vel
3184 1900 3289 1955 alia
3311 1899 3540 1956 Homilia
3560 1942 3573 1966 ,
3600 1915 3762 1970 quam

2172 1997 2286 2067 ipsa
2317 1995 2436 2051 Vita
2469 1995 2744 2065 legeretur
2770 1992 2821 2050 ά.

2175 2086 2341 2143 XXV.
2392 2087 2664 2144 ilononttts
2695 2090 3202 2144 Accosrowtteusts
3227 2131 3240 2155 ,
3290 2087 3378 2157 qui
3407 2085 3588 2156 ﬂoruit
3627 2087 3766 2140 circa

2243 2187 2435 2236 annum
2489 2183 2644 2249 1130,
2670 2182 2760 2237 lib.
2804 2197 2842 2237 tt
2889 2183 2954 2236 de
3005 2180 3359 2252 Scn'ptoribtts
3393 2169 3770 2236 Ecclesiasticis

2243 2291 2359 2343 cap.
2391 2275 2490 2329 I9:

2247 2370 2464 2423 Severus
2492 2367 2802 2440 presbyter,
2834 2376 3198 2438 cognomento
3225 2367 3522 2438 Sulpicius,
3549 2366 3768 2437 Aquita-

2175 2459 2310 2514 nicae
2334 2461 2646 2529 provincim,
2672 2461 2754 2514 vir
2774 2475 2974 2530 genere
3001 2469 3056 2516 et
3083 2460 3282 2516 litteris
3303 2457 3521 2526 habilis,
3550 2457 3770 2530 scripsit

2173 2555 2336 2609 vitam
2362 2553 2579 2609 Martini
2610 2553 2944 2609 Turonensis
2969 2554 3212 2624 episcopi
3237 2554 3291 2607 et
3321 2551 3532 2608 Paulini
3566 2551 3767 2608 Nolen-

2174 2649 2250 2703 sis
2281 2658 2304 2685 ε
2331 2683 2345 2713 ,
2380 2656 2434 2701 ct
2462 2647 2641 2702 sorori
2672 2662 2785 2701 suae
2815 2647 3074 2716 epistolas
3107 2647 3304 2702 multas
3341 2643 3670 2700 hortator-ias
3699 2645 3767 2699 ad

2175 2749 2414 2795 antorem
2433 2741 2526 2795 Dei
2541 2751 2590 2795 et
2605 2749 2972 2811 contemptqu
2993 2741 3202 2807 ‘mundi;
3229 2741 3447 2810 scripsit
3465 2749 3519 2795 et
3546 2737 3612 2794 ad
3634 2731 3767 2795 I‘au—

2176 2833 2346 2887 linum
2376 2834 2532 2898 duas,
2567 2842 2620 2886 et
2651 2833 2718 2886 ad
2750 2833 2889 2888 alios
2922 2833 3076 2887 alias.
3112 2834 3226 2888 Sub
3257 2833 3492 2888 Arcadio
3516 2831 3730 2888 claruit.

2181 2925 2366 2980 XXVI.
2399 2924 2458 2981 S.
2492 2925 2814 2980 BEBNABDUS
2845 2923 3262 2980 Clara'ralir-nsis
3294 2924 3461 2980 Abbas
3493 2967 3505 2990 ,
3527 2927 3614 2994 qui
3647 2925 3771 2980 obiit

2245 3037 2380 3076 anno
2411 3019 2569 3082 1155,
2601 3018 2900 3075 Sermonem
2923 3036 3068 3090 quem
3096 3021 3274 3074 habuit
3296 3020 3347 3074 in
3370 3020 3502 3088 [esto
3526 3019 3586 3075 S.
3621 3015 3766 3074 Μαν-

2249 3113 2340 3165 tint'
2366 3139 2382 3179 δ
2417 3111 2593 3165 Severi
2623 3113 2772 3166 verba
2796 3121 3015 3182 usurpat
3057 3113 3248 3182 stepius
3269 3154 3285 3179 ,
3319 3121 3365 3165 et
3391 3113 3558 3179 ipsius
3587 3127 3769 3167 nomen

545 3203 778 3259 Sanctus
801 3205 1060 3260 Martinus
1086 3206 1378 3276 episcoiius
1405 3209 1656 3278 migravit
1683 3208 1749 3265 ad
1782 3207 2071 3267 Dominum
2101 3201 2146 3269 C
2247 3204 2512 3274 εωρνίνηὶι,
2543 3220 2658 3257 cum
2687 3203 2849 3258 ἀδίδῑέ

472 3311 614 3351 anno
644 3299 823 3354 relatis
867 3313 1033 3355 Lxxxr
1061 3341 1075 3364 ,
1121 3302 1468 3370 episcopatus
1501 3317 1630 3358 vero
1661 3315 1683 3342 ε
1725 3312 1838 3358 xxn
1865 3345 1881 3369 ,
1914 3306 2070 3374 cujus

469 3389 635 3442 vitam
688 3398 741 3444 ct
788 3391 1014 3446 virtutes
1065 3392 1334 3463 Sulpicius
1383 3393 1608 3450 Severus
1655 3397 1870 3468 egregie
1921 3412 2071 3452 com—

478 3494 679 3549 pOSIIII.

474 3569 644 3630 XXII.
683 3575 893 3632 Peritos
923 3577 1174 3645 Durum,
1204 3581 1291 3651 qui
1312 3583 1492 3651 ﬂoruit
1522 3584 1661 3637 circa
1686 3595 1880 3638 annum
1908 3583 2068 3652 107οι

885 3670 936 3723 in
959 3687 1191 3726 sermone
1215 3672 1279 3728 de
1311 3674 1370 3727 S.
1403 3674 1665 3730 Murtino:

543 3758 750 3815 Nobilis
783 3761 876 3818 ille
900 3763 1200 3833 confessor,
1233 3767 1582 3824 sacerdotum
1614 3769 1785 3840 gloria
1810 3810 1824 3837 ,
1853 3779 2071 3841 gemma

474 3853 812 3920 pOnliiicntn.
835 3857 1162 3911 clericorum
1195 3858 1367 3914 turma
1392 3901 1406 3925 ,
1445 3861 1626 3916 lumen
1654 3863 2069 3930 monachorum,

475 3947 776 4003 solemnem
808 3947 951 4004 diem
984 3953 1324 4007 universitati
1357 3965 1561 4008 nostra:
1590 3955 1840 4024 prmlisit.
1875 3957 1970 4013 llic
1989 3967 2076 4012 est

477 4034 736 4091 Martinus
765 4039 1156 4096 miraculorum
1185 4055 1460 4112 potestate
1489 4046 1761 4110 sublimis,
1782 4047 1869 4114 qui
1904 4055 2075 4102 terra-

477 4144 596 4183 rum
623 4131 812 4186 orbent
841 4133 1044 4190 lumine
1069 4151 1184 4190 sum
1213 4139 1544 4208 cognitionis
1572 4140 1835 4209 implevit.
1870 4139 2078 4214 Egyp-

473 4229 559 4273 tns
585 4263 600 4286 ,
646 4222 926 4293 religionis
967 4235 1140 4282 mater
1181 4239 1238 4284 et
1279 4231 1632 4288 eremilarum
1682 4232 2076 4290 fecundissima

477 4314 662 4368 nutrix
697 4358 710 4379 ,
742 4316 1030 4372 Martinum
1077 4323 1239 4376 tantis
1273 4321 1397 4378 ﬁliis
1430 4325 1610 4394 posuit
1656 4326 1708 4381 in
1741 4329 2074 4400 exemplum.

474 4405 657 4459 Crevit
684 4405 736 4460 in
763 4407 1088 4466 immensum
1121 4412 1259 4468 fama
1292 4416 1528 4472 nominis
1560 4416 1680 4488 ejus
1702 4459 1714 4483 ,
1748 4429 1802 4474 et
1831 4436 1965 4475 ausa
1991 4432 2075 4477 est

480 4498 532 4551 in
559 4499 729 4567 ipsam
761 4501 1130 4572 apostolorum
1151 4507 1459 4577 irrumpere
1486 4509 1826 4584 dignitatem,
1845 4531 2074 4586 quorum

2247 3297 2386 3352 Audi
2420 3313 2550 3352 vero
2576 3299 3052 3353 mansuetudinem
3083 3300 3202 3369 ejus
3229 3342 3242 3365 ,
3281 3313 3381 3354 suo
3412 3297 3504 3356 illo
3536 3295 3770 3369 Sulpicio

2174 3394 2254 3448 sic
2282 3392 2556 3448 scribente
2582 3409 2594 3445 :
2624 3391 2645 3430 ί
2664 3393 2894 3448 Tantam
2921 3395 3186 3450 adversus
3217 3409 3408 3450 omnes
3433 3395 3659 3466 injurias
3683 3410 3775 3467 pa-

2175 3487 2416 3540 tientiam
2450 3493 2851 3556 assumpserat,
2886 3497 2944 3542 ut
2975 3493 3099 3543 cum
3128 3495 3276 3544 esset
3300 3502 3547 3544 summus
3573 3490 3768 3545 Sacer-

2175 3579 2273 3634 dos
2305 3613 2319 3646 ,
2353 3580 2574 3650 itttptttte
2615 3579 2782 3636 etiam
2825 3581 2893 3636 ab
2931 3581 3133 3636 inlimis
3174 3582 3391 3637 clericis
3435 3579 3728 3638 Inulcretnr
3754 3625 3768 3647 ,

2177 3688 2276 3728 nec
2310 3683 2529 3744 prOplcr
2568 3673 2621 3727 id
2656 3689 2753 3730 eos
2781 3684 2873 3730 aut
2907 3675 3028 3731 loco
3058 3677 3311 3745 umquam
3344 3675 3648 3736 arum-crit,
3683 3686 3774 3731 attt

2174 3782 2204 3820 a
2235 3780 2354 3828 ua,
2385 3775 2646 3837 quantum
2671 3769 2722 3820 in
2754 3768 2872 3837 ipso
2897 3768 3019 3834 fuit,
3048 3767 3312 3823 charitate
3345 3757 3624 3836 repulerit.

2178 3858 2392 3913 XXVII.
2425 3857 2888 3916 CHRONOBRAPIIUS
2909 3859 3060 3916 Saxo
3087 3877 3119 3913 a
3140 3851 3423 3915 Leiimitzio
3446 3861 3637 3928 editus,
3661 3865 3774 3930 qui-

2247 3968 2345 4020 que
2374 3953 2443 4004 nd
2472 3965 2664 4006 annum
2698 3947 2837 4008 1188
2857 3953 3072 4008 annales
3103 3965 3223 4008 suos
3251 3956 3499 4026 protulit,
3534 3955 3775 4026 proinde-

2247 4061 2344 4116 que
2371 4045 2464 4098 illo
2490 4047 2606 4113 ipso
2633 4053 2860 4115 tempore
2888 4046 3072 4100 vixisse
3103 4043 3244 4102 credi
3277 4055 3461 4117 potest,
3494 4064 3615 4119 pag.
3648 4049 3748 4104 84:

2251 4139 2442 4192 annos
2471 4135 2685 4192 Domini
2717 4151 2944 4202 ccccvn,
2979 4135 3194 4195 Arcadii
3220 4147 3278 4196 et
3306 4140 3529 4195 Ilonorii
3564 4155 3640 4209 ιιι,
3673 4127 3775 4196 Se-

2179 4245 2329 4284 verus
2357 4229 2522 4283 vitam
2548 4228 2608 4286 S.
2643 4229 2858 4285 Martini
2892 4231 3170 4302 eleganter"
3198 4231 3411 4288 seriblt.

2182 4323 2418 4379 XXVIII.
2445 4323 2755 4380 Gnisenros
2775 4319 3056 4381 Macrinus
3086 4327 3242 4382 abbas
3274 4323 3777 4398 Gemblacensis‘,qui

2251 4433 2386 4471 anno
2434 4416 2576 4472 I208
2619 4417 2808 4472 abiisse
2855 4417 3052 4471 dicitur
3077 4461 3091 4484 ,
3139 4419 3193 4472 in.
3222 4419 3386 4491 elegia
3418 4437 3504 4473 seu
3537 4417 3777 4492 apologia

2257 4508 2435 4589 Severi
2461 4549 2473 4572 ,
2506 4524 2620 4580 quin
2661 4510 2880 4564 habetur
2924 4510 3066 4580 apud
3112 4509 3253 4566 Boil.
3285 4503 3355 4567 29
3393 4508 3618 4566 Ianuar.
3654 4528 3773 4582 pag.

480 4608 674 4649 manus
707 4606 1075 4653 tractaverunt
1108 4599 1174 4654 de
1203 4602 1369 4656 verbo
1404 4601 1543 4670 vitae,
1579 4605 1669 4676 qni
1705 4605 1871 4662 lilium
1907 4608 2079 4664 ltomi-
2105 4599 2158 4660 D
2253 4603 2358 4658 968
2385 4613 2430 4657 et
2462 4619 2641 4674 seqq.:

481 4689 568 4744 nis
597 4689 738 4744 inter
768 4691 909 4747 iilios
937 4693 1216 4749 hominum
1251 4697 1394 4751 felici
1427 4700 1579 4755 vocis
1619 4701 1799 4756 oiiicio
1833 4702 2081 4774 divulga-

483 4791 629 4835 runt.
662 4781 718 4838 In
750 4792 966 4840 omnem
1001 4797 1197 4842 terram
1231 4800 1519 4859 pervagata
1549 4797 1630 4847 est
1657 4797 1916 4850 memoria
1945 4798 2078 4852 tami

483 4875 756 4942 pontiﬁcis
785 4911 800 4943 ,
837 4885 894 4932 et
923 4879 1250 4949 ubicumque
1282 4893 1506 4938 resonat
1548 4886 1684 4941 lities
1723 4887 2031 4944 Christiana
2061 4933 2074 4957 ,

479 4967 762 5021 sonatvita
793 4967 1030 5023 Martini.
1055 4970 1122 5025 Et
1144 4983 1257 5040 post
1282 4991 1480 5043 pauca:
1502 4975 1671 5032 Actus
1700 4978 1820 5047 ejus
1837 4991 1890 5035 et
1914 4986 2078 5038 vitam

484 5053 730 5110 Serenus
761 5073 979 5116 lelGNis
1005 5077 1218 5119 onnon
1245 5065 1312 5119 ita
1347 5081 1447 5118 suo
1479 5069 1788 5125 nobilitavit
1817 5075 2036 5144 eloquio
2065 5118 2079 5140 ,

485 5158 540 5200 ut
571 5157 626 5202 et
652 5149 932 5206 historiam
965 5157 1233 5212 relatione
1266 5160 1420 5224 plena
1454 5163 1687 5218 veritate
1713 5178 2076 5236 proponeret,

485 5253 537 5294 et
571 5241 860 5297 rhetoricis
896 5244 1106 5316 legibus
1140 5250 1512 5320 multipliciter
1543 5253 1850 5324 Insiguiret.

485 5332 672 5390 XXIII.
709 5336 1044 5396 Stcsosn'ros
1072 5340 1476 5400 Gsunucensm
1507 5348 1789 5402 tuonncftus
1831 5351 1884 5405 in
1914 5351 2079 5407 Citra-

559 5551 583 5619 9
627 5545 770 5619 Lege
800 5546 1145 5619 protulerunt.

558 5613 588 5698 ιζ
628 5618 681 5672 In
712 5613 920 5698 velit-ient.
951 5627 1214 5698 sermone
1243 5620 1417 5698 plura
1452 5623 1760 5698 ex_Sevcro
1789 5623 2036 5698 decerpit
2063 5667 2076 5692 ,

485 5685 678 5766 iisdetu
702 5702 752 5742 ιιι
784 5692 1073 5761 plurimum
1106 5685 1286 5746 Verbis
1315 5696 1676 5766 transcriptis.

562 5769 585 5829 ς
623 5759 762 5829 Lege
785 5759 941 5821 sxw.

565 5828 588 5876 α
621 5825 839 5902 Lectum
866 5835 992 5895 olim
1029 5835 1190 5898 fuisse
1225 5835 1398 5899 Vitam
1447 5839 1503 5902 ὃ.
1535 5825 1746 5903 Martini
1777 5842 1830 5909 in
1856 5842 2084 5907 ecclesia

2257 4695 2528 4766 Sulpicius
2568 4695 2788 4750 Severus
2813 4736 2826 4759 ,
2861 4695 3090 4765 primum
3123 4693 3265 4750 beati
3298 4693 3511 4750 Martini
3541 4693 3778 4764 discipu-

2186 4789 2302 4854 lus,
2342 4798 2465 4860 post
2494 4788 2852 4843 Bituricensis
2884 4788 3353 4859 archiepiscopum
3385 4790 3536 4858 juxta
3563 4788 3777 4843 Genna-

2185 4884 2332 4938 dittm
2353 4884 2405 4937 in
2428 4883 2569 4937 libro
2590 4898 2749 4953 quem
2769 4882 2835 4936 de
2861 4881 2991 4936 viris
3009 4883 3229 4950 scripsit
3255 4881 3581 4948 illustribus,
3609 4879 3778 4935 immo

2184 4978 2326 5032 sicut
2354 4991 2418 5030 ex
2451 4977 2616 5046 gestis
2647 4976 2765 5045 ejus
2796 4983 2962 5044 patet,
2995 4989 3115 5046 qua?
3145 4977 3196 5029 in
3230 4974 3782 5045 Maiori-Monasterio

2183 5073 2392 5144 positus
2416 5071 2540 5140 legi,
2566 5085 2630 5124 ex
2662 5068 2969 5138 Aquitania}
3004 5068 3247 5137 partibus
3279 5068 3540 5122 oriundus
3569 5065 3692 5129 i'uit,
3725 5075 3779 5120 et

2185 5177 2292 5222 Iunt
2325 5165 2625 5235 disciplinis
2663 5164 2973 5219 liberalium
3015 5162 3215 5216 artium
3249 5178 3408 5230 quam
3439 5159 3652 5230 generis
3683 5173 3780 5214 no-

2185 5260 2392 5315 bilitate
2422 5259 2600 5312 clarus
2637 5254 2853 5311 enituit.
2902 5251 3086 5325 Itaque
3111 5255 3328 5324 gemina
3365 5251 3528 5308 simul
3558 5260 3610 5307 et
3646 5267 3774 5320 pro-

2181 5353 2348 5423 sapia:
2371 5361 2422 5406 et
2463 5349 2748 5420 sapientize
2797 5362 2859 5402 ac
2901 5346 3145 5402 scientizc
3195 5345 3524 5418 praepollens
3554 5344 3729 5416 gloria
3763 5385 3775 5407 ,

2186 5557 2493 5613 Turonensi
2525 5563 2739 5610 constat
2767 5569 2830 5609 ex
2863 5551 3128 5622 Gregorio
3155 5549 3479 5622 Turonensi.

2261 5639 2285 5666 θ
2317 5628 2476 5683 Notat
2505 5628 2776 5683 Aubertns
2833 5620 3048 5680 Miratus
3089 5623 3195 5676 labi
3250 5620 3550 5676 Honorium
3584 5662 3597 5684 ,
3645 5621 3774 5676 dum

2190 5701 2376 5755 scribit
2408 5703 2667 5757 Severum
2701 5696 2911 5752 Paulini
2933 5694 3108 5749 Vitam
3133 5695 3439 5760 scripsisse.

2267 5771 2284 5813 ί
2318 5771 2444 5829 “th
2484 5772 2642 5838 verba
2687 5769 2962 5828 habentur
3005 5765 3058 5823 itt
3092 5764 3210 5820 Vita
3253 5767 3312 5824 S.
3364 5763 3574 5822 Martini
3615 5778 3782 5839 prope

2189 5844 2377 5910 linem.
3661 5861 3663 5868 '
