4200 6180
428 353 500 409 9:5
1329 343 1416 398 or.
1457 340 1649 398 SULP.
1693 323 1973 395 savEno
2012 315 2352 389 veremur
2393 327 2834 389 TliSTIMONlA.
3656 319 3726 384 94

430 461 684 540 quodque
714 467 854 522 inter
884 459 1193 535 hujusmodi
1220 455 1472 513 homines
1494 465 1654 528 caput
1681 460 1788 540 est,
1819 447 2022 506 medio-
2053 443 2100 509 Α
2129 443 2383 500 eredatur
2413 443 2506 499 loti
2535 443 2747 540 sanctae
2767 437 3323 540 li'lajoris-iiouasterii
3359 438 3683 540 multitudini
3709 483 3725 508 ,

433 539 648 617 critatis
699 561 898 614 virtute
944 548 1270 626 conspicuus
1299 595 1312 618 ,
1346 567 1466 607 cum
1500 549 1567 605 ad
1609 539 1795 602 viriles
1837 543 2031 599 "mediae

435 649 611 710 aetatis
644 652 990 708 excrevisset
1016 662 1187 703 annos
1215 687 1228 710 ,
1265 654 1323 699 ιιι
1354 645 1435 699 vir
1463 639 1698 714 prudens
1724 682 1739 707 ,
1771 635 2027 693 mundum

434 752 488 805 in
521 749 760 817 maligno
791 746 1026 817 positum
1057 757 1181 798 esse
1213 738 1558 812 perpendens
1590 776 1604 800 ,
1650 744 1702 789 et
1731 725 2028 788 secundum

433 857 653 897 carnem
667 842 856 894 vivere
881 837 968 891 vel
985 850 1180 906 sapere
1206 842 1437 888 mortem
1465 841 1519 886 et
1549 827 1836 884 stultitiam
1862 825 2030 894 depu-

427 943 551 994 ιιιηέ
579 981 593 1005 ,
627 936 818 992 relicta
848 935 1012 990 domo
1042 941 1098 989 et
1119 931 1466 1002 cognatione,
1495 927 1765 994 rebusque
1795 922 2030 994 propriis

433 1035 484 1087 in
516 1045 672 1085 usum
708 1041 1006 1099 pauperum
1047 1025 1305 1094 expensis
1335 1064 1350 1087 ,
1382 1021 1448 1075 ad
1491 1019 1706 1074 beatum
1740 1015 2027 1071 Martinum

431 1139 490 1180 se
517 1123 777 1187 contulit;
803 1137 832 1174 a
865 1118 1242 1191 quo-officiose
1276 1125 1328 1171 et
1365 1121 1520 1188 grote
1554 1119 1839 1180 Susceptus
1865 1147 1879 1172 ,
1909 1107 2028 1178 ejus

431 1232 491 1271 se
516 1215 868 1284 discipulatui
910 1215 1290 1267 incunctanter
1328 1207 1572 1264 subdidit
1602 1248 1615 1272 ,
1647 1216 1849 1260 etcum
1883 1218 1946 1257 co
1974 1203 2026 1256 in

435 1309 696 1379 przedieto
714 1303 1295 1378 Majori-Monasterio,
1317 1303 1490 1358 donec
1521 1315 1686 1355 carne
1713 1307 2025 1365 cxueretur,

431 1404 514 1456 vir
543 1411 764 1455 sanctus
806 1398 1231 1454 familiarissime
1262 1395 1621 1451 conversatus
1650 1401 1753 1446 est.
1784 1389 2027 1460 Recepto

435 1496 668 1565 denique
699 1495 841 1549 inter
864 1493 986 1548 caeli
1010 1501 1219 1547 secreta
1251 1489 1573 1545 beatissimo
1602 1484 1835 1540 Martino
1856 1527 1869 1550 ,
1902 1483 2027 1538 Sul-

435 1588 603 1656 picius
632 1587 733 1640 iste
753 1585 1011 1649 Severus,
1031 1585 1120 1653 qui
1139 1583 1256 1651 ejus
1279 1579 1626 1650 discipulatui
1649 1577 1796 1631 totus
1813 1579 2027 1645 semper

435 1675 957 1741 iuiueserat,ccliam
991 1673 1166 1728 Patris
1191 1688 1286 1744 per
1312 1670 1766 1742 quinquennium,
1799 1667 2029 1723 liceredi-
2089 1737 2092 1740 ῃ

437 1779 543 1824 tate
565 1767 836 1831 videlicet,
874 1766 1135 1837 pra'clare
1158 1759 1281 1838 pius
1313 1763 1490 1818 haeres
1517 1762 1570 1818 et
1599 1761 1866 1817 habitator
1889 1760 2027 1815 obti-

2133 555 2254 610 quze
2297 552 2470 593 sacra:
2517 537 2876 605 depositionis
2908 536 3024 606 ejus
3057 525 3320 591 Solemnia
3359 531 3552 590 festivo
3576 546 3734 608 quot-

2132 634 2292 686 annis
2371 623 2727 685 c0ncelebrat
2776 627 2992 684 officio:
3046 625 3202 698 cujus
3254 623 3559 684 celebritati
3612 629 3727 698 ipse

2134 731 2350 795 quoque
2382 721 2521 794 apud
2544 738 2637 778 eos
2669 721 2873 792 degens
2903 721 2958 776 et
2986 722 3154 776 semel
3182 725 3233 776 et
3255 721 3450 777 iterum
3476 721 3730 790 interfui,

2133 823 2187 874 et
2205 815 2343 872 hanc
2362 832 2482 872 cum
2511 817 2728 872 caeteris
2746 811 3000 871 fratribus
3020 819 3139 871 cum
3161 813 3421 871 nonnulla
3443 806 3730 872 devotione

2133 925 2184 964 Iv
2213 909 2434 964 kalend.
2464 909 2753 964 Februarii
2785 951 2800 975 ,
2831 919 2888 963 ut
2917 910 3128 979 agitur,
3155 908 3422 979 percolui.
3455 909 3731 964 Habeatur

2133 1018 2291 1072 ergo,
2329 1012 2386 1055 nt
2413 1002 2631 1071 dignum
2665 1011 2747 1054 est
2783 1016 2880 1070 pro
2912 1002 3258 1066 auctoritate,
3293 1008 3452 1055 tanta:
3485 1001 3618 1055 fides
3643 1015 3734 1056 ec-

2131 1096 2313 1150 clesia:
2342 1135 2355 1160 ,
2401 1103 2453 1150 et
2481 1093 2768 1149 contrahat
2798 1092 2851 1148 et
2893 1093 3100 1162 nppilet
3131 1109 3193 1148 os
3233 1109 3391 1148 suum
3426 1093 3682 1163 iniquitas
3709 1133 3726 1160 ,

2133 1206 2253 1260 quae
2302 1187 2701 1243 confessionem
2754 1196 2808 1241 et
2858 1187 3357 1256 pulchritudinem,
3392 1203 3551 1259 quam
3576 1187 3728 1243 dedit

2138 1282 2398 1336 Dominus
2427 1289 2616 1334 sancto
2642 1294 2742 1334 suo
2769 1286 2824 1334 et
2852 1279 3068 1334 excelso
3098 1280 3148 1333 in
3175 1280 3340 1334 verbo
3364 1280 3573 1350 gloriae,
3607 1296 3732 1349 pro-

2131 1374 2334 1429 caeiter
2384 1367 2458 1426 illi
2498 1373 2686 1426 nititur
2724 1371 3013 1442 abrogare.
3044 1371 3259 1427 Gratias
3297 1372 3388 1426 tibi
3421 1387 3521 1440 ago
3554 1414 3568 1439 ,
3600 1371 3733 1426 doc-

2134 1468 2237 1522 trix
2261 1467 2464 1521 viarum
2523 1467 2613 1519 Dei
2667 1467 3011 1537 omnipotens
3051 1466 3314 1535 sapientia
3347 1508 3362 1532 ,
3411 1481 3529 1535 qua:
3578 1466 3726 1520 ineo

2132 1549 2309 1612 vie'isd
2339 1557 2594 1612 malitiam
2622 1599 2638 1625 ,
2671 1558 3068 1628 delapsumque
3112 1559 3164 1612 in
3205 1557 3414 1611 foveam
3445 1567 3500 1612 et
3527 1558 3578 1612 in
3610 1558 3726 1612 vin-

2130 1653 2268 1708 culis
2291 1654 2496 1721 peceati
2525 1653 2758 1722 positum
2794 1669 2899 1707 non
2928 1651 3301 1721 dereliquisti;
3333 1651 3428 1707 sed
3458 1652 3510 1706 in
3537 1650 3728 1706 fraude

2131 1738 2680 1801 circumvenientium
2716 1739 2790 1801 illi
2825 1747 3112 1812 assistens,
3145 1762 3172 1800 a
3208 1747 3584 1816 peccatoribus
3609 1761 3731 1817 gra-

436 1863 574 1916 mm.
609 1861 778 1929 Quem
811 1902 825 1924 ,
851 1835 1062 1914 δόίιίρει
1087 1835 1424 1927 ευῖρίείυιη,
1452 1855 1705 1925 quam“,
1735 1852 2024 1907 admodum
2057 1845 2106 1906 Β
2134 1838 2220 1892 tiae
2267 1843 2373 1892 tum
2418 1839 2747 1892 adrersariis
2791 1835 3027 1892 liberasti
3061 1854 3181 1892 eum
3216 1881 3230 1904 ,
3266 1850 3518 1908 tantaque
3562 1838 3729 1892 subli-

433 1955 778 2017 renitentem,
803 1949 1164 2006 Bituricensis
1184 1948 1364 2004 clerus
1381 1947 1504 2001 inde
1525 1946 1841 2012 extrahens,
1861 1960 2024 2000 sanc-

434 2051 587 2103 titate
616 2055 674 2102 et
700 2047 931 2101 scientia
963 2044 1087 2110 viri,
1113 2043 1422 2112 pariterque
1447 2055 1633 2094 arnore
1663 2040 1856 2093 ductus
1882 2037 2026 2093 beati

437 2139 655 2196 Martini
689 2135 928 2207 magistri
955 2135 1108 2205 ejus,
1143 2132 1612 2202 archiepiscopum
1645 2131 1746 2185 sibi
1770 2129 2030 2185 sublima-

445 2234 546 2286 vit.
583 2230 735 2297 Quod
764 2246 792 2284 a
823 2227 1130 2299 Pelagianis
1167 2225 1425 2281 seducms
1474 2225 1526 2278 in
1573 2224 1754 2294 aliquo
1787 2237 1818 2277 a
1846 2221 2030 2293 regula

434 2323 756 2378 orthodoxa:
783 2321 911 2377 fidei
939 2320 1350 2385 exorbitaverit,
1385 2333 1648 2388 nusquam
1680 2305 1900 2371 omnino
1925 2301 2032 2368 nisi

433 2421 488 2475 in
517 2420 642 2476 solo
673 2419 777 2489 legi
801 2416 1122 2482 Gennadio,
1155 2413 1248 2485 qui
1270 2414 1454 2469 nescio
1485 2421 1664 2466 utrum
1700 2414 1801 2465 hoc
1832 2408 2030 2465 alicubi

434 2525 486 2567 et
515 2514 632 2582 ipse
664 2511 872 2581 legerit,
905 2525 970 2562 an
1006 2524 1068 2564 ex
1102 2507 1216 2561 sola
1243 2506 1404 2572 fama,
1433 2520 1555 2575 quae
1587 2503 1726 2558 facta
1753 2512 1808 2556 et
1833 2500 2030 2556 infecta

437 2605 699 2676 loquitur,
726 2602 1003 2666 didicerit,
1037 2600 1166 2656 illud
1205 2610 1388 2654 tamen
1423 2596 1658 2652 fideliter
1685 2595 2032 2661 credo,hunc

439 2698 557 2768 ejus
584 2711 823 2751 errorem
854 2681 994 2764 apud
1022 2692 1167 2764 pium
1194 2687 1433 2762 judiccm
1459 2687 1739 2768 Christum
1762 2729 1775 2752 ,
1804 2689 1892 2757 qui
1917 2702 2032 2757 pm-

441 2771 752 2846 "ubinam;
784 2787 1082 2843 clementer
1132 2779 1411 2856 ignoscit,
1464 2783 1634 2852 ipsius
1683 2781 1873 2836 merita
1924 2797 2029 2834 non

439 2885 761 2948 minorassc,
789 2884 927 2936 sicut
956 2882 1004 2934 in
1039 2873 1278 2934 Ecclesia
1307 2875 1558 2931 videmus
1579 2875 1802 2946 gloriam
1833 2873 2034 2928 sancti-

441 2977 565 3031 tatis
611 2969 726 3047 ejus
771 2993 876 3031 non
933 2975 1291 3038 obscurasse;
1339 2988 1458 3025 cum
1512 2981 1704 3025 auctor
1748 2969 1888 3024 idem
1941 2967 2030 3038 qui

441 3069 605 3124 refert
651 3069 938 3137 deceptum
970 3107 984 3131 ,
1030 3072 1261 3120 testetur
1308 3073 1360 3118 et
1407 3071 1758 3128 correctum,
1798 3061 1986 3115 dicens
2015 3100 2030 3127 ,

441 3161 587 3215 illum
635 3160 1010 3231 paenitentiam
1059 3155 1162 3212 sibi
1192 3154 1292 3226 ipsi
1328 3151 1651 3224 imposuisse
1679 3195 1692 3218 ,
1725 3161 1784 3207 ut
1825 3153 2031 3207 scilicet

2134 1932 2291 1984 tuasti
2315 1930 2506 2000 gloria,
2545 1942 2600 1984 ut
2633 1931 2775 1984 inter
2804 1931 2943 1984 filios
2965 1930 3205 2000 ejusdem
3232 1930 3418 1999 gratiae
3449 1939 3731 1999 compule—

2132 2033 2250 2091 tttr,
2279 2034 2332 2078 et
2363 2017 2504 2079 inter
2536 2033 2757 2079 sanctos
2786 2039 2904 2078 sors
2932 2025 3076 2079 illius
3105 2025 3196 2078 sit.
3226 2021 3496 2077 Ca-terum
3521 2040 3586 2077 ne
3609 2024 3731 2093 quis

2129 2117 2198 2171 de
2232 2117 2534 2186 ignorantia
2563 2116 2798 2178 fallatur,
2825 2125 2880 2170 et
2907 2131 2994 2170 me
3024 2131 3238 2188 quoque
3267 2115 3552 2186 deceptum
3579 2130 3737 2170 sanc-

2133 2211 2342 2264 titatem
2389 2210 2614 2264 alterius
2658 2209 2814 2264 alteri
2863 2224 3149 2280 arrogasse
3190 2219 3473 2274 causetur;
3519 2209 3731 2264 noverit

2133 2301 2276 2360 hunc
2320 2295 2486 2356 alium
2520 2343 2534 2367 ,
2566 2311 2622 2357 et
2650 2302 2816 2356 alium
2845 2303 2994 2356 illum
3025 2316 3148 2357 esse
3190 2301 3491 2370 Sulpicium
3519 2342 3534 2367 ,
3570 2301 3728 2371 cujus

2131 2393 2398 2450 festivitas
2419 2409 2512 2448 xvi
2542 2393 2760 2449 kalend.
2798 2394 3098 2464 prmscripti
3132 2395 3336 2449 mensis
3365 2393 3649 2449 Februarii
3674 2395 3727 2450 in

2133 2488 2413 2542 nonnullis
2456 2488 2702 2542 ecclesiis
2753 2488 3092 2544 celebratur:
3136 2489 3327 2543 ambos
3356 2499 3534 2544 tamen
3569 2489 3731 2544 unius

2133 2583 2490 2653 ejusdemque
2516 2584 2754 2638 civitatis
2784 2584 3137 2638 Bituricensis
3169 2584 3335 2639 fuisse
3364 2583 3731 2653 archiepisco-

2135 2690 2267 2743 pos;
2298 2684 2350 2727 et
2397 2673 2544 2728 hunc
2573 2673 2790 2742 quidem
2824 2665 2892 2730 ob
2915 2673 3319 2730 distinctionem
3353 2675 3576 2730 alterius
3608 2673 3731 2729 Sul-

2135 2765 2332 2836 picium
2363 2764 2623 2822 Severum
2653 2808 2667 2834 ,
2698 2766 2846 2822 illum
2876 2783 3006 2822 vero
3036 2767 3330 2838 Sulpicium
3363 2767 3514 2822 Pium
3545 2767 3726 2838 appel-

2133 2855 2252 2911 lari.
2281 2853 2526 2912 inveniet
2555 2867 2734 2912 autem
2768 2870 2821 2913 et
2855 2858 3084 2929 diligens
3109 2875 3375 2914 annorum
3407 2865 3730 2929 supputator

2136 2948 2278 3003 hunc
2323 2949 2422 3003 illo
2473 2951 2698 3004 multum
2751 2953 3084 3020 sUperiorem
3137 2960 3381 3021 tempore
3415 2993 3430 3017 ,
3473 2968 3594 3005 cum
3628 2951 3728 3007 iste

2134 3044 2276 3098 beati
2299 3034 2628 3114 Martini,qui
2656 3045 2844 3099 tertius
2863 3043 3146 3100 Turonicaa
3177 3047 3428 3115 praesedit
3457 3045 3724 3113 ecclesiae,

2138 3133 2228 3190 ille
2257 3127 2452 3191 diebus
2484 3129 2541 3191 S.
2571 3135 2819 3208 Gregorii
2843 3180 2856 3202 ,
2881 3139 2973 3208 qui
3008 3154 3179 3193 nonus
3217 3139 3459 3194 decimus
3483 3139 3731 3194 eamdem

440 3256 710 3311 silentium
731 3269 904 3322 usque
922 3251 987 3305 ad
1010 3257 1237 3304 mortem
1261 3257 1490 3311 teneret,
1510 3255 1778 3319 quatenus
1804 3244 2032 3300 tacendo

2143 3227 2282 3281 rexit
2330 3227 2617 3282 ceclesiam
2652 3271 2665 3293 ,
2715 3229 3009 3285 exstiterit.
3051 3230 3324 3300 Sulpicius
3357 3232 3518 3300 igitur
3549 3242 3733 3286 noster

449 3351 666 3416 jenitus
702 3344 1020 3400 emendaret
1057 3341 1199 3412 quod
1237 3341 1447 3394 incaute
1477 3337 1746 3408 loquendo
1774 3329 2037 3407 deliquis-

446 3448 555 3492 Srl.
589 3437 654 3491 Et
684 3439 784 3491 hoc
815 3452 881 3490 eo
925 3437 1095 3505 magis
1140 3429 1207 3488 sit
1254 3434 1448 3487 mirum
1485 3444 1706 3485 necesse
1742 3441 1858 3493 est,
1892 3419 2034 3498 quod

447 3548 570 3586 cum
603 3537 747 3584 esset
777 3521 950 3583 clarus
979 3544 1204 3600 genere,
1239 3519 1484 3579 sublimis
1508 3517 1789 3593 dignitate,
1827 3521 2035 3592 cpisco-

449 3641 549 3695 pus
583 3615 781 3685 officio,
811 3637 872 3676 ac
897 3637 989 3687 per
1013 3623 1115 3675 hoc
1149 3615 1393 3690 pluribus
1417 3632 1476 3672 se
1507 3614 1730 3677 debetis,
1762 3616 2034 3683 publicum

443 3716 744 3776 desereret,
779 3725 1039 3768 secretnn‘
1076 3720 1286 3782 peteret
1308 3753 1322 3778 ,
1351 3719 1513 3780 atque
1542 3706 1798 3762 carcer-ali
1833 3701 2037 3760 latebra

442 3823 500 3862 se
531 3799 932 3875 przedamnaus,
967 3801 1237 3873 simulque
1263 3795 1478 3871 vigiliis,
1505 3801 1642 3854 fame
1671 3811 1718 3854 et
1749 3795 2037 3870 frigoribus

443 3915 663 3954 Carnem
708 3911 991 3952 maceratis
1019 3939 1034 3964 ,
1079 3896 1132 3950 in
1171 3895 1366 3964 spiritu
1406 3892 1730 3948 humilitatis
1772 3902 1824 3946 et
1857 3893 2039 3945 animo

447 3992 683 4045 contrito
707 3989 818 4042 Deo
836 3988 1197 4043 satisfaceret.
1218 3985 1452 4040 Proinde
1471 3985 1723 4054 quis,nisi
1746 3984 1814 4039 de
1834 3982 2038 4039 Christi

449 4087 651 4155 pietate
680 4083 933 4140 difﬁdens
959 4127 974 4152 ,
1009 4099 1114 4138 non
1146 4083 1272 4138 dico
1322 4083 1390 4137 de
1427 4083 1545 4149 ejus
1590 4081 1766 4134 salute
1790 4122 1804 4145 ,
1841 4078 1939 4134 sed
1971 4078 2040 4132 de

448 4181 680 4234 maxima
714 4179 833 4249 ejus
859 4177 1149 4232 sanctitate
1175 4175 1424 4230 dubitare
1449 4175 1558 4244 jam
1588 4173 1817 4227 audeat?
1840 4170 2042 4226 Fidelis

448 4290 630 4329 sermo
658 4316 672 4337 ,
717 4282 771 4328 et
815 4271 966 4326 omni
1012 4270 1330 4340 acceptione
1375 4267 1590 4336 dignus.
1626 4258 1691 4320 Et
1720 4259 1906 4335 quidni
1945 4255 2040 4317 illa

451 4369 821 4424 taciturnitate
846 4364 1091 4420 solitaria
1128 4362 1194 4416 ad
1227 4359 1564 4432 diligendum
1608 4359 1777 4413 Deum
1811 4352 1948 4410 intra
1984 4371 2042 4411 se

449 4460 859 4516 concalesceret
887 4472 983 4512 cor
1027 4456 1180 4525 ejus?
1207 4452 1394 4524 quidni
1438 4455 1491 4506 in
1542 4449 1894 4506 meditatione
1925 4449 2043 4518 ejus

449 4555 838 4611 exardesceret
883 4548 1022 4621 ignis
1050 4545 1486 4618 comportctionis
1519 4543 1750 4618 (quidni,
1781 4543 1910 4598 dum
1934 4547 2039 4597 non

453 4649 556 4706 nisi
575 4648 640 4703 ad
661 4646 764 4701 hoc
788 4617 962 4707 vacat,
979 4617 1329 4699 reVucat-etur
1356 4629 1512 4694 doiOr
1532 4617 1860 4692 roﬂ'ensionis
1883 4634 2044 4707 sum)?
2073 4617 2126 4678 Ῐ)

451 4743 569 4811 Quo
599 4739 808 4796 scilicet
838 4738 962 4809 igne
1000 4737 1055 4791 tu
1087 4729 1304 4790 camino
1329 4730 1525 4788 divinae
1555 4728 1888 4800 probationis
1917 4735 2047 4784 exa-

452 4819 822 4899 niinatiistet
863 4833 1011 4888 fonte
1041 4831 1430 4902 lacrymarnm,
1465 4825 1659 4895 quibus
1685 4839 1780 4894 per
1807 4819 2049 4894 singulas

457 4935 645 4984 noctes
671 4969 686 4992 ,
736 4924 788 4981 id
817 4931 898 4980 εει
945 4921 1359 4979 recordationes
1407 4917 1650 4989 ejusdem
1675 4914 1996 4972 offensionis
2028 4955 2043 4981 ,

449 5030 683 5078 stratum
706 5018 1057 5074 conscientiae
1079 5013 1309 5086 rigabat,
1327 5021 1448 5066 cum
1473 5011 1710 5081 bys‘sOpo
1735 5007 2046 5079 purgatoria

452 5111 849 5170 humiliatiOnis
877 5119 1155 5181 aspersus,
1190 5107 1435 5178 profecto
1462 5104 1754 5160 mundatus
1785 5111 1869 5158 est
1898 5117 1924 5154 a
1955 5101 2047 5156 de~

453 5207 583 5262 licto
604 5203 864 5270 maximo,
891 5207 943 5255 et
965 5211 1128 5272 super
1153 5201 1330 5254 nivem
1355 5196 1661 5254 dealbatus.
1702 5194 1886 5263 Itaque
1907 5207 2046 5263 quo-

450 5295 746 5356 dammodo
779 5298 1053 5353 transiens
1067 5303 1163 5365 per
1187 5295 1363 5365 ignem
1380 5301 1432 5347 et
1460 5301 1525 5362 aq
1535 5303 1654 5344 uam
1667 5288 1892 5358 ,optimo
1913 5296 2048 5342 tem-

451 5408 586 5466 pore
609 5391 836 5447 eductus
855 5399 936 5445 est
955 5389 1007 5444 in
1030 5385 1394 5457 refrigerium.
1411 5381 1649 5438 Proinde
1673 5381 1877 5450 lignum
1897 5377 2040 5433 istud

455 5485 813 5545 fructiferum,
831 5483 932 5540 etsi
957 5480 1248 5554 aliquando
1270 5477 1608 5547 subripicnte
1631 5484 1794 5528 vento
1824 5471 2050 5527 fallacia!

461 5579 526 5635 ad
550 5577 873 5650 Aquilonem
901 5573 1134 5639 transiit,
1161 5585 1268 5629 non
1299 5569 1370 5627 ibi
1401 5563 1600 5625 cecidit
1625 5583 1725 5623 nec
1749 5567 1820 5623 ibi
1841 5573 2050 5621 remain

463 5673 562 5736 sit;
595 5673 688 5728 sed
723 5683 914 5726 rursus
957 5667 1126 5725 ﬂante
1154 5663 1267 5724 Deo
1300 5671 1607 5737 regyratum
1649 5661 1715 5716 ad
1744 5659 2001 5716 Austrum
2037 5699 2052 5727 ,

465 5759 534 5822 ibi
563 5767 616 5820 in
650 5764 757 5821 fine
787 5761 982 5822 cecidit
1012 5804 1028 5830 ,
1063 5759 1246 5837 ibique
1289 5758 1411 5816 sine
1454 5753 1562 5816 fine
1601 5753 1964 5828 permanebit.
2001 5749 2059 5816 Si

474 5871 650 5928 autem
677 5860 977 5928 assertionl
1003 5859 1109 5927 tuo!
1140 5859 1314 5928 solius
1345 5867 1507 5945 super
1534 5852 1617 5923 his
1647 5868 1751 5920 non
1781 5850 2057 5928 creditur,

2143 3318 2245 3374 iste
2278 3311 2503 3391 insignis
2533 3329 2585 3376 et
2608 3322 2851 3392 elegans,
2875 3321 3176 3377 studiorum
3202 3332 3257 3378 et
3281 3339 3504 3394 operum
3531 3324 3734 3379 beatis-

2142 3411 2264 3466 simi
2292 3406 2503 3466 Martini
2534 3417 2892 3483 conscriptor,
2929 3431 3032 3468 non
3061 3415 3502 3484 reprehensionis
3532 3416 3734 3486 elogio,

2142 3503 2236 3559 sed
2267 3521 2478 3560 summo
2509 3501 2682 3560 laudis
2719 3505 2911 3577 dignus
2944 3499 3219 3578 praeconio
3259 3520 3550 3564 censeatur
3581 3552 3596 3578 ,
3645 3509 3735 3582 qui

2141 3597 2634 3665 splendidissimam
2665 3615 2933 3668 gemmam
2965 3617 3131 3654 aureo
3172 3600 3430 3655 iucuicnli
3465 3602 3734 3656 sermonis

2144 3685 2490 3741 circumdans
2517 3689 2752 3754 eloquio,
2780 3695 2883 3742 tam
2913 3694 3230 3759 princlarum
3266 3703 3482 3762 tamque
3512 3695 3734 3764 politum

2145 3779 2198 3834 in
2233 3779 2412 3834 medio
2463 3781 2722 3834 Ecclesia:
2770 3782 3054 3850 SpCCllial‘c
3106 3785 3397 3854 portabat,
3442 3797 3500 3840 ut
3548 3804 3739 3843 omnes

2145 3871 2274 3927 boni
2311 3873 2778 3942 :emulatores,qui
2811 3875 2892 3928 sui
2922 3868 3153 3930 sollicite
3183 3892 3370 3931 curam
3403 3889 3655 3948 gerentes
3684 3880 3736 3934 in

2143 3965 2374 4019 veritate
2401 3964 2600 4018 salvari
2625 3967 2852 4034 cupiunt
2878 4008 2893 4033 ,
2925 3969 2978 4020 in
3009 3969 3099 4022 illo
3122 3967 3245 4037 quid
3276 3971 3576 4035 vitandum,
3611 3971 3740 4040 quid

2142 4057 2600 4126 appetendum,et
2625 4057 2766 4113 unde
2785 4059 3105 4128 placendqu
3129 4062 3198 4115 sit
3219 4061 3739 4132 Deo,|impidissime

2148 4155 2498 4226 perspiciam.

2146 4270 2339 4325 XXIX.
2371 4269 2456 4324 Ea:
2482 4268 2738 4325 Chronico
2770 4269 3060 4327 Turonensi
3092 4315 3107 4338 ,
3132 4275 3270 4344 quod
3296 4276 3348 4328 in
3375 4291 3568 4328 annum
3602 4245 3742 4330 1.292

2219 4363 2428 4431 desinit,
2450 4363 2594 4433 apud
2627 4364 2864 4421 Martene
2891 4373 3014 4420 tom.
3047 4366 3086 4420 ιτ
3120 4366 3359 4422 Veterum
3387 4367 3740 4439 Scriptorum,

2219 4467 2316 4511 etc.
2352 4474 2472 4528 pag.
2509 4457 2643 4513 925:

2223 4569 2282 4625 S.
2319 4570 2630 4626 Florentius
2668 4572 2834 4628 abbas
2865 4575 3038 4628 claret
3173 4576 3347 4631 claret
3371 4585 3426 4630 et
3452 4576 3510 4629 S.
3544 4576 3747 4631 Mauri-

2153 4662 2258 4718 lius
2289 4664 2704 4736 Andegavensis
2729 4668 3028 4740 episcopus
3181 4670 3449 4739 Sulpicius
3476 4675 3751 4728 maximus

2155 4765 2209 4811 et
2233 4753 2416 4812 Gallus
2441 4799 2456 4825 ,
2495 4767 2546 4812 et
2589 4757 2968 4816 Postumianus
2995 4802 3007 4824 .
3049 4769 3103 4816 et
3130 4761 3326 4816 Clarus
3351 4803 3366 4829 ,
3398 4773 3452 4817 et
3475 4761 3707 4818 Brictius
3729 4803 3746 4829 ,

2156 4852 2298 4910 beati
2332 4855 2547 4909 Martini
2580 4854 2913 4911 Turonensis
2948 4857 3216 4926 discipuli.

2156 4988 2328 5044 XXX.
2361 4987 2660 5060 Anonymus
2705 4993 2758 5045 in
2810 4990 3040 5064 Prologo
3074 4993 3135 5047 S.
3183 4992 3395 5048 Paulini
3421 5036 3434 5060 ,
3467 5009 3532 5049 ex
3573 4996 3750 5049 codice

2231 5084 2558 5138 Cluniacensi
2585 5087 2725 5157 apud
2761 5085 2822 5139 P.
2857 5087 2930 5142 Le
2953 5086 3203 5142 Brum’um
3231 5091 3282 5143 in
3314 5089 3638 5143 Tetttt'moniis
3662 5107 3673 5142 :

2227 5201 2484 5258 Paulinus
2510 5211 2730 5258 sanctus
2762 5199 2980 5260 Nolanze
3026 5205 3260 5261 civitatis
3297 5209 3586 5278 episcopus
3616 5252 3629 5274 ,
3658 5223 3752 5279 ge—

2155 5305 2286 5372 nere
2314 5293 2616 5365 Aquitanus
2645 5339 2658 5361 ,
2689 5287 2948 5367 dignitate
2974 5314 3103 5354 vero
3133 5282 3356 5369 generis
3390 5301 3538 5353 urbis
3569 5299 3752 5354 Romae

2155 5397 2373 5443 senator
2387 5387 2743 5456 clarissimus,
2760 5385 3011 5461 exemplo
3031 5393 3267 5449 maxime
3286 5403 3340 5448 et
3366 5393 3753 5462 prmdicatione

2160 5481 2304 5535 beati
2341 5481 2553 5537 Martini
2582 5475 2919 5538 Turonensis
2949 5485 3222 5556 episcopi,
3255 5498 3305 5541 et
3341 5483 3594 5554 Deipliini
3621 5483 3755 5538 itur-

2158 5572 2465 5643 degaltensis
2498 5617 2512 5641 ,
2556 5589 2661 5629 una
2693 5590 2813 5629 cum
2848 5577 3035 5631 Severo
3066 5578 3302 5645 Sulpicio
3331 5593 3482 5646 irque
3507 5574 3671 5630 nobili
3705 5587 3759 5632 et

2159 5659 2404 5720 litterato
2435 5667 2575 5735 viro,
2608 5679 2672 5723 ex
2707 5667 2842 5722 loica
2871 5675 2921 5723 ct
2947 5667 3216 5741 coniugali
3246 5668 3347 5721 vita
3381 5667 3444 5720 ad
3476 5667 3764 5739 perfectio-

2161 5751 2247 5816 nls
2277 5755 2603 5820 Cbristlanm
2635 5762 2952 5836 pauperiem
2984 5762 3311 5822 ditissituam
3344 5761 3771 5833 anitnatus,om-

2163 5867 2286 5918 nem
2319 5867 2577 5938 pompam
2604 5865 2661 5919 et
2695 5853 2878 5919 luxum
2916 5857 3099 5921 saeculi
3132 5855 3390 5938 calcans,
3422 5876 3774 5943 quacumque
