4200 6180
431 252 503 310 95
1775 250 2065 309 SULPlCll
2105 250 2360 310 SEVERI
3655 250 3726 310 96

431 369 485 426 in
515 368 617 425 hoc
640 372 839 427 smculo
881 370 1234 443 possidebat,
1261 369 1415 438 juxta
1453 366 1671 422 Domini
1698 374 2028 438 praeceptum
2057 384 2105 442 Α
2137 367 2399 440 (Martini)
2444 366 2831 422 abundantiam
2866 408 2880 436 ,
2914 382 3017 438 qua
3049 382 3266 438 semper
3306 378 3449 425 totus
3480 368 3685 424 al‘lluxit
3717 410 3733 436 ,

432 466 677 522 vendidit
708 476 764 523 et
800 467 1131 538 pauperibus
1161 464 1424 534 erogavit.

430 556 623 613 XXXI.
662 557 899 613 Historia
928 559 1135 629 Septem
1164 555 1535 609 Dormientium
1556 554 1698 623 apud
1712 553 2031 611 Gneoommt

590 652 949 708 Tuaoasussu
977 651 1078 705 col.
1110 648 1251 704 1726
1282 649 1575 704 novissima:
1602 648 1876 703 editionis:

502 746 611 802 Nec
639 746 819 801 minus
845 752 1069 816 propter
1094 741 1491 799 ostendendam
1522 752 1577 800 et
1602 741 2033 814 charitatis'ejus

502 885 3572 913 Μ

2134 467 2191 513 et
2225 459 2449 530 originis
2492 458 2828 515 nobilitatem
2860 476 2888 514 a
2921 459 3111 515 Severo
3164 462 3341 531 primo
3394 462 3521 517 vitae
3563 462 3735 533 ipsius

2135 554 2404 624 scriptore
2434 555 2879 623 praztermissam,
2913 571 3073 624 quam
3107 567 3348 627 propter,
3380 566 3505 623 etc.,
3533 557 3733 630 stylum

2138 662 2491 704 moverimus.

1109 1038 2093 1153 SULPICII
2241 1036 3069 1152 SEVERI

1364 1270 2741 1406 CHRONICORUM
2783 1379 2811 1419 ι.

1515 1505 1700 1581 ΟΠΕ
1744 1504 2020 1568 VULGO
2060 1504 2637 1569 lNSCRlBUNTUR

1094 1692 2183 1843 HISTORIA
2317 1690 3101 1883 SACRA,

1787 1943 2094 2016 LIBRI
2172 1942 2419 2016 DUO.

1708 2248 2492 2336 PROLOGUS.

512 2589 551 2645 l.
604 2589 712 2647 Res
764 2605 793 2645 a
850 2590 1039 2648 mundi
1089 2592 1319 2649 exordio
1360 2593 1545 2651 Sacris
1597 2593 1819 2649 Litteris
1863 2592 2042 2650 editas
2073 2595 2121 2656 B
2147 2593 2500 2648 ecclesiarum
2531 2592 2805 2648 intestinis
2837 2591 3091 2663 periculis
3123 2593 3341 2647 turbata
3375 2592 3558 2647 omnia
3589 2591 3745 2647 locu-

432 2686 679 2744 breviter
701 2687 1105 2759 constringere,
1131 2697 1325 2743 etcum
1355 2688 1711 2745 distinctione
1735 2698 2040 2758 temporum

442 2794 613 2849 usque
666 2778 733 2832 ad
784 2788 1027 2834 nostram
1079 2782 1401 2836 memoriam
1456 2782 1686 2851 carptim
1736 2782 1919 2837 dicere
1948 2797 2042 2851 ag-

437 2885 660 2942 gressus
682 2884 801 2925 sum
827 2888 841 2937 ;
880 2873 1066 2927 multis
1088 2872 1141 2927 id
1171 2888 1199 2927 a
1220 2888 1306 2928 me
1326 2872 1570 2929 studiose
1588 2872 2037 2944 elﬂagitantibus,

438 2966 528 3036 qui
560 2966 774 3033 Divina,
820 2968 1209 3039 compendiosa
1241 2969 1502 3035 lectione,
1534 2983 1871 3039 cognoscere
1913 2983 2036 3039 pro-

443 3061 723 3128 perabant.
763 3060 1003 3126 Quorum
1035 3076 1136 3130 ego
1161 3062 1497 3115 voluntatem
1527 3070 1770 3125 secutus,
1802 3076 1911 3115 non
1946 3060 2042 3128 pc-

442 3152 588 3221 perei
613 3152 783 3207 labari
810 3168 954 3216 meo,
973 3155 1101 3222 quin
1130 3169 1193 3208 ea
1217 3170 1339 3224 qua:
1364 3154 1646 3223 permultis
1671 3152 2042 3207 voluminibus

443 3244 762 3314 praescripta
804 3247 1243 3311 continebantur,
1296 3247 1511 3302 duobus
1562 3246 1762 3302 libellis
1820 3247 2041 3302 conclu-

441 3333 667 3402 derem;
702 3337 773 3391 ita
802 3337 1051 3392 brevitati
1085 3336 1335 3404 studens,
1382 3346 1440 3393 ut
1494 3353 1632 3408 pene
1683 3338 1817 3392 nihil
1873 3337 2040 3407 gestis

443 3428 819 3483 subzluxerim.
853 3429 1039 3484 Visum
1066 3440 1249 3484 autem
1290 3430 1423 3484 mihi
1454 3440 1541 3485 est
1572 3444 1678 3484 non
1715 3428 2040 3493 absurdum,

441 3533 563 3573 cum
594 3535 763 3589 usque
783 3521 849 3575 ad
873 3520 1069 3576 Christi
1094 3536 1337 3587 crucem,
1362 3522 1859 3591 Apostolorumque
1877 3532 2033 3574 actus

446 3626 542 3681 per
571 3612 790 3668 Sacram
812 3612 1100 3669 Historiam
1132 3616 1518 3679 cucurrissem,
1540 3617 1704 3672 etiam
1733 3624 1853 3685 post
1873 3626 2027 3685 gesta

445 3712 801 3771 connectere;
832 3706 1104 3761 excidium
1149 3707 1563 3779 Hierosolyma,
1603 3710 2036 3778 vexationesque

443 3796 626 3867 populi
656 3796 972 3864 Christiani,
1001 3808 1056 3854 et
1082 3815 1205 3854 mox
1236 3801 1381 3870 pacis
1413 3810 1681 3872 tempora,
1724 3816 1789 3856 ac
1816 3818 2032 3858 rursum

2148 2696 2319 2742 turus.
2352 2684 2621 2742 Caeterum
2661 2685 2790 2739 illud
2823 2700 2930 2740 non
2962 2685 3165 2757 pigebit
3210 2684 3393 2750 fateri,
3426 2700 3536 2751 me,
3567 2683 3743 2740 sicubi

2147 2782 2284 2835 ratio
2338 2780 2540 2851 exegit,
2591 2778 2658 2833 ad
2707 2778 3091 2848 distinguenda
3135 2788 3379 2848 tempora
3412 2779 3738 2833 continuan-

2145 2872 2375 2942 damque
2405 2873 2602 2928 seriem
2637 2887 2791 2927 usum
2825 2886 2947 2927 esse
2977 2871 3252 2925 hiStoricis
3281 2870 3536 2934 ethnicis,
3572 2878 3732 2938 atque

2146 2980 2209 3020 ex
2236 2966 2341 3030 his,
2376 2981 2495 3036 qua:
2525 2965 2591 3019 ad
2636 2965 3071 3035 supplementum
3126 2962 3454 3031 cognitionis
3484 2948 3738 3025 deerant,

2146 3072 2466 3126 usurpasse;
2512 3065 2569 3110 ut
2621 3066 2675 3112 et
2712 3056 2996 3127 imperitos
3043 3054 3298 3108 docerem
3357 3061 3411 3106 et
3465 3051 3742 3106 litteratos

2142 3154 2552 3207 convincerem.
2598 3150 2983 3206 Verumtamen
3015 3162 3077 3203 ea
3109 3163 3229 3217 quae
3256 3146 3324 3200 de
3370 3144 3542 3199 sacris
3585 3144 3740 3198 volu-

2146 3246 2382 3300 minibus
2436 3244 2672 3300 breviata
2720 3243 3084 3315 digessimus,
3140 3256 3245 3295 non
3308 3242 3379 3294 ita
3433 3238 3745 3308 legentibus

2145 3348 2336 3393 auctor
2375 3337 2724 3403 accesserim,
2771 3348 2827 3390 ut
2872 3334 3259 3406 praetermissis
3308 3334 3415 3389 illis
3449 3333 3595 3389 unde
3628 3333 3744 3387 hinc

2145 3432 2387 3487 derivata
2419 3440 2568 3495 sunt,
2593 3438 2960 3501 appetantur;
2996 3429 3120 3491 nisi,
3150 3443 3274 3484 cum
3302 3427 3395 3482 illa
3434 3429 3558 3497 quis
3591 3426 3740 3480 lami-

2145 3527 2350 3581 liariter
2402 3526 2636 3592 noverit,
2698 3524 2788 3581 hic
2844 3534 3202 3595 recognoscat
3246 3541 3365 3595 qua:
3410 3522 3482 3577 ibi
3524 3522 3740 3592 legerit.

2147 3618 2357 3672 Etenim
2381 3620 2634 3673 universa
2663 3617 2970 3673 divinarum
3000 3633 3182 3673 rerum
3215 3616 3475 3687 mysteria
3501 3629 3605 3667 neu
3639 3615 3744 3668 nisi

2146 3727 2213 3766 ex
2240 3711 2372 3780 ipsis
2398 3709 2635 3766 fontibus
2666 3711 2872 3766 hauriri
2917 3719 3146 3781 queunt.
3188 3708 3341 3762 Nunc
3369 3705 3581 3759 initium
3606 3720 3733 3759 nar-

2150 3804 2306 3858 randi
2346 3804 2561 3857 iaciam.

461 3947 3719 3972 MM

1652 4140 1994 4223 LIBER
2067 4142 2553 4227 PRIMUS.

528 4478 845 4537 ll.Mundus
866 4494 896 4533 a
919 4479 1151 4537 Domino
1171 4482 1500 4538 constitutus
1523 4492 1607 4539 est
1638 4481 1840 4538 abhinc
1871 4497 2042 4537 annos
2073 4488 2118 4551 ο
2150 4481 2400 4546 traditur,
2453 4496 2554 4537 nec
2607 4490 2783 4537 tamen
2813 4495 3009 4537 nomen
3043 4480 3284 4539 refertur
3328 4481 3497 4539 occisi
3561 4499 3573 4535 :
3600 4482 3748 4552 quod

443 4575 557 4645 jam
610 4588 748 4641 pene
774 4586 867 4627 sex
897 4573 1085 4639 millia,
1109 4574 1251 4629 sicut
1283 4589 1541 4644 processu
1573 4575 1868 4629 voluminis
1896 4576 2049 4629 istius

450 4666 763 4738 digeremus
794 4686 807 4722 :
853 4682 1179 4740 quamquam
1212 4669 1353 4723 inter
1378 4683 1438 4724 se
1480 4683 1670 4738 parum
1699 4668 2051 4723 consentiant

448 4760 540 4828 qui
602 4759 868 4814 rationem
934 4769 1239 4831 temporqu
1293 4760 1669 4831 iuvestigatam
1734 4760 2045 4815 ediderunt.

458 4851 611 4919 Quod
642 4866 766 4906 cum
790 4852 873 4906 vel
905 4851 997 4907 Dei
1033 4861 1188 4917 nutu,
1225 4853 1306 4908 vel
1335 4854 1467 4906 vitio
1490 4853 1776 4907 vetustatis
1804 4852 2044 4917 eveniat,

454 4943 724 4999 calumnia
772 4959 959 5001 carere
999 4945 1242 5001 debebit.
1306 4944 1504 5000 Mundo
1549 4956 1726 5000 autem
1777 4946 2000 5001 condito
2027 4989 2042 5011 ,

450 5036 614 5091 homo
643 5038 813 5093 lactus
865 5047 969 5093 est.
1020 5037 1155 5094 Viro
1182 5038 1376 5105 Adam,
1436 5039 1652 5093 mulieri
1711 5040 1814 5094 Eva
1850 5054 2048 5095 nomen

448 5129 565 5183 luit.
621 5130 726 5185 Sed
775 5131 1062 5185 constituti
1106 5132 1158 5185 in
1212 5130 1493 5196 Paradiso,
1537 5145 1661 5185 cum
1694 5131 2045 5187 interdictam

448 5221 552 5276 sibi
580 5223 832 5278 arborem
862 5223 1261 5293 degustassent,
1292 5225 1345 5278 in
1376 5234 1616 5279 nostram
1649 5225 1798 5279 velut
1829 5226 2049 5282 exsules

447 5323 647 5371 terram
696 5315 854 5386 ejecti
908 5324 1055 5370 sunt.
1111 5316 1316 5371 Deinde
1348 5332 1412 5372 ex
1446 5317 1531 5371 his
1558 5316 1690 5371 Cain
1716 5328 1878 5387 atque
1907 5318 2045 5373 Abel

448 5418 769 5464 nascuntur.
786 5408 892 5464 Sed
915 5408 1047 5464 Cain
1068 5410 1265 5479 impius
1281 5408 1503 5465 fratrem
1530 5410 1829 5466 interemit.
1854 5410 2047 5465 Filium

443 5499 633 5556 Enoch
686 5500 898 5565 habuit,
942 5516 970 5555 a
1000 5517 1108 5571 quo
1152 5503 1387 5570 primum
1443 5503 1638 5559 civitas
1663 5503 1885 5559 condita
1937 5512 2043 5569 est,

444 5600 683 5649 auctoris
706 5595 924 5651 nomine
952 5596 1208 5650 vocitata.
1242 5596 1324 5651 Ex
1373 5597 1477 5652 hoc
1515 5597 1631 5652 lrad
1654 5640 1667 5663 ,
1699 5606 1861 5665 atque
1888 5613 1953 5651 ex
1981 5613 2047 5652 eo

447 5681 674 5741 Maviael
718 5686 979 5743 nascitur.
1046 5688 1142 5743 llic
1194 5687 1546 5744 Mathusalem
1603 5690 1772 5744 lilium
1822 5689 2042 5763 habuit;

444 5767 603 5840 isque
623 5772 863 5833 Lamcch
891 5774 1109 5849 genuit,
1135 5795 1161 5835 a
1196 5795 1302 5851 quo
1328 5776 1542 5851 juvenis
1583 5782 1799 5851 quidam
1834 5768 2047 5837 occisus

2151 4575 2369 4646 quidem
2395 4574 2574 4629 futuro
2597 4574 2859 4646 mysterio
2886 4574 3055 4630 luisse
3080 4576 3425 4645 praemissum
3449 4588 3477 4627 a
3508 4573 3743 4644 pruden-

2153 4667 2293 4723 tibus
2341 4668 2660 4722 mstimatur.
2695 4665 2865 4737 Igitur
2894 4666 3093 4735 Adam,
3127 4679 3246 4737 post
3293 4682 3483 4724 necem
3514 4665 3607 4722 lilii
3644 4667 3744 4721 mi-

2153 4760 2321 4821 noris.
2350 4760 2478 4816 Seth
2507 4760 2675 4815 tilium
2700 4760 3025 4829 procreavit,
3052 4775 3172 4815 cum
3195 4761 3306 4830 jam
3332 4760 3667 4815 tricesimum
3697 4769 3752 4815 et

2155 4853 2590 4908 ducentesimum
2620 4869 2820 4909 annum
2852 4853 3030 4907 aetatis
3063 4853 3363 4919 implesset.
3388 4852 3544 4907 Vixit
3567 4861 3751 4907 autem

2158 4961 2331 5001 annos
2384 4961 2434 5002 ta
2488 4961 2749 5001 ccccxxx.
2804 4945 2938 5001 Seth
2965 4961 3096 5001 vero
3124 4945 3296 5010 Enos,
3343 4945 3489 4999 Euos
3523 4944 3749 5009 Cainau,

2157 5039 2360 5094 Cainan
2408 5039 2677 5104 Malaleel,
2720 5038 2962 5093 Malaleel
3008 5038 3184 5103 lared,
3239 5037 3391 5092 lared
3445 5038 3629 5093 Enoch
3660 5051 3754 5106 ge-

2155 5134 2291 5199 nuit,
2349 5133 2437 5201 qui
2488 5133 2559 5186 ob
2597 5132 2864 5201 justitiam
2911 5131 3210 5186 translatus
3256 5146 3287 5185 a
3326 5131 3439 5186 Deo
3498 5132 3748 5184 traditur.

2160 5226 2327 5295 Hujus
2346 5224 2485 5279 lilius
2499 5222 2794 5277 Mathusala
2821 5222 2994 5277 dictus
3020 5230 3105 5277 est
3124 5263 3140 5287 ,
3167 5223 3257 5289 qui
3283 5222 3519 5277 Lamech
3535 5220 3750 5293 genuit,

2157 5332 2227 5373 ex
2253 5333 2358 5385 quo
2389 5314 2505 5369 Noe
2549 5322 2728 5378 natus,
2756 5313 2961 5380 justitia
2990 5314 3263 5384 egregius,
3290 5322 3345 5369 et
3393 5327 3505 5383 [πω
3530 5312 3751 5367 caeteris

2157 5408 2482 5463 mortalibus
2533 5406 2760 5459 Domino
2789 5405 2993 5459 charos
3019 5416 3418 5474 acceptusque.
3454 5405 3571 5469 Qua
3606 5411 3747 5456 teni-

2155 5508 2383 5571 pestate,
2427 5513 2549 5552 cum
2597 5497 2710 5567 jam
2743 5496 3037 5551 humanum
3080 5511 3253 5567 genus
3284 5495 3616 5561 abundaret,
3648 5509 3744 5547 an-

2150 5594 2282 5665 geli,
2323 5593 2518 5663 quibus
2553 5591 2751 5647 coelum
2786 5589 2945 5644 sedes
2984 5598 3125 5653 erat,
3162 5589 3537 5657 speciosarum
3566 5586 3740 5641 l‘orina

2152 5687 2420 5765 virginum
2448 5687 2618 5758 capti,
2651 5685 2877 5763 illicitas
2898 5682 3227 5765 cupiditates
3253 5682 3604 5763 oppetierunt
3630 5700 3643 5747 ;
3678 5694 3743 5762 ac

2151 5763 2355 5836 natura:
2387 5787 2498 5836 suae
2543 5778 2877 5848 originisque
2904 5763 3221 5843 degeneres,
3253 5774 3457 5832 relictis
3503 5772 3749 5843 superio-
