4200 6180
378 246 446 302 97
1596 238 1920 297 HISTORIA
1960 238 2205 296 SACRA.
2252 238 2383 294 LIB.
2428 239 2469 292 1.
3610 234 3681 292 98

371 364 552 429 ribus,
589 377 818 432 quorum
850 362 1045 417 incola:
1075 366 1254 426 erant,
1285 356 1651 415 matrimoniis
1695 373 1753 415 se
1778 368 1982 414 morta—
2008 361 2061 421 Α
2088 356 2350 411 habitatio
2384 353 2505 410 fuit.
2537 352 2666 409 lude
2688 353 2831 423 apud
2855 352 3097 409 Charras
3129 368 3238 408 una
3262 366 3385 407 cum
3417 358 3571 419 patre
3593 350 3679 405 di-

373 458 522 512 libus
551 458 914 512 miscuerunt.
952 455 1017 510 Hi
1057 453 1317 525 paulatim
1353 466 1536 507 mores
1566 452 1759 507 noxios
1786 467 1981 508 consc-

375 560 592 617 rentes,
620 550 911 605 humanam
937 561 1237 619 corrupere
1267 545 1586 627 progeniem
1616 563 1631 598 :
1658 561 1720 599 ex
1745 560 1979 615 quorum

376 647 536 704 coitu
591 648 850 719 Gigantes
897 645 1031 701 editi
1086 658 1211 701 esse
1247 641 1529 707 dicuntur,
1572 657 1697 697 cum
1746 641 1980 697 diversa:

379 744 534 800 inter
560 758 619 797 se
649 750 857 797 natura:
880 739 1175 812 permixtio
1214 749 1459 794 monstra
1487 738 1757 818 gigneret.

459 835 548 891 ΙΙΙ.
573 835 784 904 Quibus
814 835 981 892 rebus
1012 832 1257 890 offensus
1289 834 1454 899 Deus,
1482 833 1830 901 maximeque
1861 844 1980 884 ma—

380 928 494 984 litia
528 928 836 992 hominum,
871 942 993 997 quae
1043 926 1183 981 ultra
1229 924 1450 980 modum
1482 929 1850 994 processerat.
1881 920 1981 976 de-

379 1020 496 1077 lere
527 1022 752 1089 penitus
784 1018 1083 1074 humanum
1106 1033 1279 1089 genus
1323 1016 1666 1072 decreverat.
1704 1012 1810 1071 Sed
1842 1012 1981 1079 Noe,

379 1113 558 1169 virum
586 1112 817 1184 justum,
844 1113 954 1167 vita
988 1111 1254 1166 innocens
1279 1110 1569 1167 destinata:
1600 1108 1805 1164 exemit
1858 1120 1986 1161 sen-

382 1205 591 1261 tentiae.
639 1204 789 1259 Idem
846 1203 1160 1258 admonitus
1205 1217 1236 1256 a
1280 1202 1514 1256 Domino
1536 1199 1798 1255 diluvium
1827 1197 1987 1253 terris

385 1297 698 1362 imminere,
754 1309 935 1350 arcam
984 1294 1266 1349 immensa:
1294 1290 1685 1362 magnitudinis
1726 1305 1789 1344 ex
1826 1288 1987 1359 lignis

385 1387 707 1452 contexuit;
735 1401 797 1441 ac
814 1386 1084 1441 bitumine
1113 1385 1303 1439 illitam
1334 1380 1806 1453 impenetrabilem
1831 1379 1989 1449 aquis

386 1480 668 1538 reddidit:
703 1496 809 1547 qua
838 1479 929 1534 ille
954 1494 1077 1534 cum
1119 1493 1287 1533 uxore
1317 1491 1380 1531 ac
1411 1476 1534 1530 filiis
1583 1474 1754 1529 tribus
1808 1484 1864 1528 et
1907 1481 1989 1529 to-

390 1575 557 1631 tidem
604 1574 837 1630 nuribus
879 1581 966 1629 est
993 1560 1236 1629 clausus.
1262 1570 1556 1627 Volucrum
1600 1570 1764 1623 etiam
1794 1567 1945 1638 paria
1970 1608 1985 1634 ,

390 1667 692 1739 itidemque
728 1666 939 1722 diversi
981 1665 1198 1735 generis
1246 1662 1570 1726 bestiarum,
1606 1660 1798 1717 eodem
1843 1660 1990 1714 elau-

2086 460 2334 505 versatus
2361 458 2462 504 est.
2495 447 2610 515 Qua
2644 454 2969 515 tempestate
2996 444 3313 502 admonitus
3358 458 3389 499 a
3422 442 3675 507 Domino,

2084 543 2334 611 domum,
2386 543 2617 611 patriam
2667 557 2730 598 ac
2761 550 2971 613 patrem
3003 542 3352 612 relinquens,
3394 546 3683 610 assumpto

2085 637 2191 693 Lot
2212 637 2398 691 fratris
2432 636 2567 699 ﬁlio.
2600 636 2655 691 in
2685 644 2886 692 terram
2918 635 3354 691 Chananazorum
3387 631 3684 704 profectus,

2089 728 2144 784 in
2181 729 2302 784 loco
2336 729 2421 783 cui
2461 727 2679 783 Siehem
2722 742 2923 783 nomen
2946 739 3063 797 est,
3105 727 3381 785 consedit.
3415 725 3537 782 Mox
3586 740 3687 780 au-

2087 833 2249 874 nona:
2263 817 2446 888 inopia
2463 817 2754 889 JEgyptum
2771 818 3065 884 concessit,
3084 833 3148 874 ac
3168 832 3385 873 rursum
3408 828 3685 872 reversus.

2090 911 2191 966 Lot
2222 926 2331 981 prae
2379 909 2727 965 multitudine
2760 909 2981 964 familiae
3016 925 3045 963 a
3076 921 3271 980 patruo
3291 908 3598 979 digressus,
3630 914 3692 962 ut

2088 1004 2385 1060 laxioribus
2419 1019 2607 1059 vacum
2649 1012 2761 1058 tum
2796 1002 3043 1074 regionis
3066 1003 3257 1074 spatiis
3295 1011 3607 1068 uterentur,
3634 1000 3687 1057 in

2092 1098 2347 1155 Sodomis
2368 1097 2635 1153 consedit.
2681 1097 2737 1152 ld
2771 1096 3029 1168 oppidum
3072 1096 3275 1153 infame
3314 1096 3530 1162 incolis,
3554 1096 3690 1153 viris

2091 1192 2146 1247 in
2191 1193 2338 1246 viros
2379 1190 2747 1257 irruentibus,
2794 1199 2960 1261 atque
3005 1189 3075 1244 ob
3119 1188 3173 1244 id
3197 1189 3431 1244 invisum
3460 1188 3690 1244 Domino

2091 1282 2255 1338 fuisse
2284 1283 2534 1338 traditur.
2567 1283 2641 1338 Ea
2672 1291 2997 1353 tempestate
3019 1296 3178 1352 reges
3226 1281 3527 1337 vicinarum
3557 1295 3691 1352 gen-

2093 1376 2227 1431 tium
2250 1376 2301 1430 in
2331 1378 2499 1430 armis
2520 1385 2697 1442 erant,
2731 1390 2855 1430 cum
2882 1383 3045 1430 antea
3075 1374 3288 1430 nullum
3322 1374 3463 1429 inter
3486 1382 3691 1430 morta-

2095 1472 2177 1526 les
2222 1480 2499 1525 certamen
2542 1469 2750 1524 fuisset.
2803 1467 2910 1523 Sed
2960 1467 3247 1523 adversum
3282 1468 3382 1523 hos
3405 1470 3498 1537 qui
3547 1465 3693 1520 bello

2093 1563 2271 1617 vicina
2330 1562 2640 1626 tentabant,
2674 1575 2832 1631 reges
2877 1560 3270 1626 Sodomorum,
3303 1558 3694 1616 Gomorrhzeo-

2094 1673 2214 1711 rum
2244 1656 2654 1726 vicinarumque
2686 1654 2970 1725 regionum
3005 1656 3057 1709 in
3079 1653 3327 1725 praelium
3356 1660 3651 1723 erumpunt
3677 1668 3692 1718 ;

396 1770 517 1818 stro
541 1769 778 1830 recepta;
814 1759 1023 1829 reliqua
1046 1758 1231 1813 omnia
1256 1756 1466 1812 diluvio
1490 1756 1798 1824 absumpta.
1825 1753 1990 1824 Igitur
2024 1760 2066 1819 Β
2094 1749 2381 1819 primoque
2406 1749 2615 1817 impetu
2644 1748 2770 1813 lusi,
2804 1747 3086 1803 victoriam
3114 1760 3462 1803 concessere.
3495 1744 3633 1801 Tum
3661 1759 3692 1799 a

395 1854 534 1921 Noe,
562 1869 683 1910 cum
714 1854 826 1925 jam
869 1852 1097 1908 imbrem
1129 1851 1432 1918 destitisse,
1462 1864 1526 1904 ac
1565 1849 1750 1921 quieto
1797 1848 1851 1902 in
1879 1848 1996 1903 salo

396 1962 579 2004 arcam
606 1945 947 2003 circumferri
992 1944 1328 2016 intelligeret
1355 1960 1370 2009 ;
1402 1948 1557 1997 ratus
1584 1941 1641 1997 id
1684 1940 1828 2011 quod
1849 1949 1991 2005 erat,

395 2054 567 2111 aquas
618 2038 907 2103 decedere,
962 2052 1188 2094 corvum
1230 2036 1464 2106 primum
1511 2032 1863 2105 explorandae
1915 2031 1995 2087 rei

401 2134 598 2204 gratia,
621 2146 796 2203 eoque
821 2146 927 2186 non
959 2140 1271 2187 reverteute
1303 2135 1387 2200 (ut
1415 2143 1517 2199 ego
1539 2126 1796 2198 conjicio,
1832 2124 1993 2181 cada-

402 2226 624 2281 veribus
645 2224 890 2295 detento)
922 2224 1104 2280 emisit
1138 2222 1466 2287 columbam,
1508 2236 1629 2292 quae
1658 2235 1778 2277 cum
1808 2219 1995 2275 consi-

404 2320 586 2377 stendi
632 2321 809 2375 locum
846 2335 951 2375 non
1005 2317 1323 2390 reperisset,
1370 2330 1588 2372 reversa
1622 2324 1725 2370 est.
1762 2314 1996 2369 Rursum

402 2412 656 2478 remissa,
687 2411 875 2467 folium
900 2410 1059 2466 olivae
1089 2409 1309 2466 retulit:
1343 2408 1691 2464 manifestum
1714 2406 1995 2472 indicium,

406 2504 602 2563 nudari
643 2503 929 2560 cacumina
970 2504 1251 2559 arborum.
1280 2501 1468 2557 Tertio
1503 2500 1723 2556 demum
1773 2499 1996 2563 emissa,

406 2612 515 2655 non
545 2594 709 2652 rediit
752 2613 765 2649 :
826 2594 968 2651 unde
996 2594 1458 2659 animadversum,
1490 2607 1659 2664 aquas
1688 2590 1994 2647 destitisse.

413 2690 494 2746 lta
523 2688 637 2743 Noe
670 2701 853 2743 arcam
884 2701 1137 2757 egressus
1170 2692 1276 2741 est.
1306 2683 1362 2739 ld
1389 2693 1610 2762 gestum,
1633 2696 1663 2735 a
1690 2679 1876 2737 mundi
1905 2695 2000 2735 ex-

410 2774 589 2842 ordio,
617 2782 744 2845 post
776 2786 972 2841 annos,
1003 2782 1063 2828 ut
1092 2786 1195 2843 ego
1225 2761 1524 2842 comperio,
1571 2761 1615 2823 ῖῐ
1649 2784 1713 2825 cc
1762 2766 1899 2824 duos
1945 2775 2000 2824 et

410 2866 785 2940 quadraginta.

484 2958 571 3013 ιν.
599 2961 677 3014 Ac
703 2958 937 3029 primum
966 2956 1081 3013 Noe
1106 2970 1257 3012 aram
1288 2957 1517 3012 Domino
1541 2956 1750 3023 statuit,
1769 2955 2001 3010 hostias-

413 3067 518 3124 que
557 3067 621 3108 ex
668 3051 983 3107 volucribus
1018 3049 1337 3105 immolavit.
1369 3050 1492 3105 Mox
1532 3066 1561 3105 a
1608 3050 1839 3105 Domino
1866 3063 1990 3103 cum

2098 1842 2396 1897 victoribus
2447 1840 2685 1898 Sodoma
2714 1840 2951 1911 direpta,
2993 1840 3195 1911 praedae
3252 1840 3505 1895 hostibus
3553 1837 3688 1905 fuit;

2098 1934 2401 2004 ductusque
2447 1933 2550 1989 Lot
2596 1934 2650 1988 in
2697 1932 3093 2003 captivitatem.
3121 1931 3276 2000 Quod
3321 1947 3445 1987 cum
3488 1930 3695 1987 Abram

2096 2028 2480 2098 comperisset,
2522 2040 2756 2097 propere
2803 2025 3030 2081 armatis
3075 2026 3251 2082 servis
3279 2026 3415 2094 suis,
3464 2040 3693 2081 numero

2101 2119 2357 2175 trecentis
2404 2119 2597 2175 decem
2651 2127 2706 2174 et
2743 2128 2870 2174 octo
2898 2161 2912 2185 ,
2962 2134 3121 2190 reges
3168 2119 3399 2175 victoria
3460 2118 3695 2184 feroces,

2100 2223 2294 2269 exutos
2338 2213 2518 2283 prmda
2557 2213 2836 2283 armisque
2875 2214 2928 2268 in
2963 2214 3141 2284 fugam
3182 2214 3469 2285 compulit.
3495 2213 3631 2269 Tum
3665 2229 3697 2269 a

2102 2306 2503 2363 Melchisedech
2527 2305 2812 2362 sacerdote
2825 2305 3145 2362 benedictus
3159 2317 3236 2362 est
3251 2347 3266 2373 ,
3284 2306 3571 2377 eidemque
3596 2304 3697 2362 de-

2102 2399 2275 2455 cimas
2304 2398 2502 2469 praeda:
2528 2398 2683 2455 dedit
2716 2417 2729 2453 :
2757 2399 2968 2471 reliqua
2993 2397 3079 2454 his
3095 2399 3292 2470 quibus
3307 2407 3491 2470 erepta
3519 2407 3700 2466 erant,

2102 2494 2367 2551 reddidit.

2176 2588 2264 2643 Vl.
2307 2587 2411 2643 Per
2440 2587 2582 2644 idem
2610 2596 2826 2658 tempus
2853 2587 3019 2643 Abrae
3052 2587 3317 2643 Dominus
3347 2586 3562 2643 locutus
3590 2596 3699 2651 est,

2104 2681 2683 2753 multiplicandumque
2705 2696 2890 2737 semen
2929 2681 3070 2751 ejus,
3104 2682 3246 2737 sicut
3289 2696 3486 2738 arenas
3532 2681 3703 2738 maris

2105 2772 2404 2844 stellasque
2438 2772 2588 2839 caeli,
2622 2772 2943 2843 spopondit;
2974 2775 3440 2844 peregrinumque
3474 2774 3593 2844 ejus
3616 2788 3705 2831 se-

2105 2880 2231 2920 men
2263 2862 2580 2935 praedictum
2611 2864 2877 2931 futurum,
2905 2878 2968 2918 ac
2988 2870 3244 2933 posteros
3276 2864 3329 2919 in
3358 2864 3542 2919 hostili
3581 2864 3703 2920 solo

2109 2975 2207 3030 per
2252 2958 2680 3031 quadringentos
2711 2971 2885 3013 annos
2926 2957 3133 3012 laturos
3168 2957 3476 3025 servitium,
3513 2965 3702 3028 postea

2110 3053 2347 3108 libertati
2386 3050 2780 3107 restituendos.
2824 3049 2978 3107 Tunc
2998 3050 3046 3106 ei
3073 3056 3237 3121 atque
3269 3050 3424 3106 uxori
3457 3049 3576 3120 ejus
3604 3048 3701 3105 ad-

414 3144 539 3201 ﬁliis
576 3143 942 3210 benedicitur,
992 3152 1440 3214 praeceptumque
1476 3144 1707 3214 accepit,
1764 3157 1833 3197 ne
1879 3156 2005 3197 sau-
2033 3152 2079 3216 ε
2106 3146 2347 3216 jeetione
2376 3145 2535 3201 unius
2560 3144 2755 3201 litterae
2778 3159 2978 3200 nomen
3014 3145 3359 3200 immutatum
3389 3162 3402 3199 :
3450 3146 3524 3201 ita
3558 3161 3706 3202 nunc

412 3238 574 3308 guine
596 3247 933 3301 vesceretur,
952 3247 1046 3290 aut
1063 3235 1384 3306 sanguinem
1406 3234 1642 3289 hominis
1670 3232 2002 3290 effunderet:

415 3330 542 3400 quia
592 3329 777 3384 mundi
822 3328 1140 3399 primordia,
1181 3327 1420 3382 mandati
1470 3328 1626 3383 istius
1668 3328 1825 3393 liber,
1877 3328 2008 3381 Cain

416 3420 808 3478 maculaverat.
838 3421 1005 3492 igitur
1030 3436 1200 3477 vacuo
1229 3430 1341 3477 tum
1374 3422 1593 3487 saeculo,
1642 3438 1709 3477 ex
1737 3421 1863 3478 filiis
1896 3420 2012 3478 Noe

424 3518 552 3573 Sem
581 3515 703 3570 fuit.
732 3515 865 3571 Tres
901 3517 1045 3571 enim
1096 3515 1305 3581 habuit,
1341 3516 1491 3581 Sem,
1519 3515 1714 3581 Cham,
1754 3513 2010 3584 Japheth.

424 3608 532 3664 Sed
555 3605 746 3671 Cham,
779 3606 917 3676 quod
946 3608 1180 3679 sopitum
1210 3607 1338 3661 vino
1368 3618 1575 3678 patrem
1598 3607 1815 3672 riserat,
1845 3605 2012 3660 male-

420 3699 625 3757 dictum
655 3717 684 3755 a
717 3711 868 3770 patre
895 3701 1118 3755 meruit.
1149 3700 1321 3770 Hujus
1364 3698 1536 3767 filius,
1568 3697 1714 3753 Chus
1744 3698 1966 3753 nomine
1997 3739 2013 3765 ,

418 3794 636 3852 Nebrod
657 3795 936 3866 gigantem
962 3795 1170 3865 genuit,
1196 3809 1224 3847 a
1257 3808 1365 3864 quo
1392 3793 1634 3864 Babylon
1665 3792 1856 3847 civitas
1886 3807 2017 3848 cou-

422 3896 631 3944 structa
673 3886 925 3941 traditur.
952 3885 1221 3956 Pleraque
1265 3886 1432 3941 etiam
1462 3884 1659 3955 Oppida
1700 3900 1764 3940 ea
1809 3893 2018 3955 tempe-

422 3986 566 4055 state
590 3977 805 4034 condita
838 3988 1233 4043 memorantur,
1255 3993 1379 4049 quae
1405 3978 1730 4033 nominatim
1760 3977 2017 4049 persequi

426 4073 640 4128 animus
666 4087 770 4128 non
797 4072 917 4127 fuit.
950 4070 1059 4127 Sed
1088 4086 1208 4126 cum
1228 4070 1687 4141 multiplicaretur
1720 4070 2017 4127 humanum

424 4180 618 4238 genus,
648 4165 972 4235 diversaque
994 4164 1115 4220 loca
1134 4175 1293 4235 atque
1316 4164 1522 4219 insulas
1560 4165 1824 4219 mortales
1852 4165 2021 4219 habe-

429 4270 574 4328 rent,
604 4276 710 4316 una
742 4270 952 4315 tantum
972 4274 1163 4315 omnes
1187 4260 1368 4330 lingua
1401 4260 1727 4325 utebantur;
1754 4258 1930 4313 donec
1962 4272 2024 4314 se

429 4355 482 4411 in
508 4370 699 4419 unum,
731 4352 1099 4424 dispergenda
1128 4368 1228 4423 per
1259 4362 1431 4409 totum
1463 4351 1677 4416 orbem,
1731 4350 2024 4407 multitudo

429 4448 722 4504 contraxit.
757 4445 875 4512 His,
899 4460 1053 4501 more
1077 4446 1298 4500 humani
1332 4445 1559 4515 ingenii,
1582 4445 1874 4501 consilium
1905 4444 2023 4511 fuit,

2114 3253 2179 3294 ex
2233 3237 2434 3293 Abram
2491 3240 2758 3303 Abraam,
2810 3252 2875 3292 ex
2908 3236 3039 3293 Sara
3078 3237 3242 3292 Sarra
3282 3236 3502 3293 dicitur.
3534 3236 3706 3307 Cujus

2110 3330 2334 3403 quidem
2384 3332 2461 3386 rei
2515 3345 2621 3385 non
2672 3332 2834 3386 inane
2886 3330 3206 3402 mysterium
3256 3346 3362 3385 non
3412 3340 3496 3386 est
3541 3329 3707 3403 hujus

2113 3424 2297 3495 operis
2322 3437 2623 3493 exponere.
2661 3421 2865 3479 Eodem
2887 3430 3132 3492 tempore
3147 3420 3342 3479 Abraae
3366 3422 3450 3479 lex
3474 3422 3710 3479 circum-

2114 3517 2341 3574 cisionis
2371 3517 2627 3587 imposita
2655 3525 2757 3572 est.
2790 3516 2922 3571 Erat
2942 3516 2991 3571 ei
3028 3528 3209 3571 autem
3240 3533 3306 3572 ex
3335 3516 3533 3572 ancilla
3564 3517 3706 3573 ﬁlius

2117 3610 2336 3664 lsmael.
2373 3611 2438 3664 Et
2473 3626 2600 3666 cum
2652 3610 2769 3680 ipse
2818 3619 2964 3666 esset
2989 3625 3257 3665 annorum
3285 3620 3529 3676 centum,
3572 3625 3712 3665 uxor

2096 3712 2296 3758 .autem
2325 3703 2443 3773 ejus
2474 3704 2789 3774 nonaginta,
2827 3702 3067 3757 futurum
3100 3704 3182 3757 eis
3223 3703 3395 3757 filium
3428 3702 3580 3758 Isaac
3612 3703 3718 3757 Do-

2122 3797 2299 3851 minus
2340 3795 2657 3866 pollicetur,
2699 3796 2789 3865 qui
2838 3810 2959 3849 cum
2997 3794 3211 3850 duobus
3240 3797 3447 3865 angelis
3493 3795 3563 3850 ad
3592 3811 3715 3852 eum

2120 3898 2366 3945 venerat.
2413 3886 2544 3943 lnde
2594 3887 2890 3942 Sodomam
2924 3887 3072 3942 missi
3119 3886 3318 3958 angeli,
3348 3886 3450 3942 Lot
3483 3888 3534 3943 in
3563 3895 3717 3959 porta

2123 3983 2402 4039 sedentem
2437 3989 2780 4052 repererunt.
2820 3981 2969 4049 Quos
3006 3996 3131 4036 cum
3170 3980 3284 4045 ille,
3319 3980 3574 4037 homines
3603 3981 3722 4037 exi-

2122 4075 2374 4141 stimans,
2408 4074 2648 4146 hospitio
2676 4083 2933 4145 receptos
2979 4085 3334 4145 cmnatosque
3367 4074 3513 4130 domi
3549 4073 3719 4130 habe-

2124 4182 2208 4227 ret
2233 4186 2247 4236 ;
2276 4171 2539 4240 juventus
2568 4170 2811 4238 improba
2843 4183 2910 4222 ex
2936 4168 3138 4238 oppido
3166 4184 3336 4223 novos
3376 4167 3620 4238 hospites
3649 4166 3718 4222 ad

2128 4275 2375 4335 stuprum
2407 4261 2745 4333 flagitabant.
2780 4260 2880 4317 Lot
2911 4277 3009 4333 pro
3050 4262 3359 4331 hnSpitibus
3407 4261 3546 4317 filias
3590 4261 3723 4318 offe-

2127 4374 2277 4427 rens,
2305 4373 2411 4413 non
2435 4355 2913 4426 acquiescentibus
2935 4355 3133 4425 quibus
3167 4355 3355 4410 illicita
3384 4354 3565 4424 potius
3584 4353 3729 4410 desi-

2131 4451 2284 4506 derio
2330 4459 2511 4516 erant,
2537 4447 2655 4519 ipse
2683 4448 2750 4503 ad
2777 4456 3023 4518 stuprum
3059 4446 3407 4502 trahebatur.
3431 4449 3603 4515 Quem
3630 4462 3728 4501 au-

433 4541 633 4613 insigni
659 4541 843 4611 aliquo
872 4556 1039 4611 opere
1062 4539 1259 4594 famam
1283 4555 1553 4610 qurerere,
1582 4540 1892 4611 priusquam
1920 4555 1947 4593 a
1967 4553 2027 4595 se
2057 4553 2112 4613 Ῑ)
2135 4545 2242 4616 geli
2300 4559 2532 4613 prepere
2596 4542 2666 4599 ab
2722 4542 2917 4613 injuria
2979 4540 3322 4596 vindicantes
3346 4581 3363 4608 ,
3434 4541 3731 4597 luminibus

438 4633 671 4690 invicem
718 4633 1126 4689 diducerentur.
1166 4632 1241 4687 Ita
1300 4634 1492 4689 turrim
1548 4631 1730 4688 facere
1764 4633 2028 4703 aggressi,

436 4744 554 4800 quae
578 4729 720 4785 caelo
745 4729 1067 4795 accederet;
1092 4741 1227 4785 nutu
1259 4730 1376 4794 Dei,
1406 4738 1466 4784 ut
1486 4728 1664 4785 ofﬁcia
1687 4729 2031 4799 operantium

440 4820 898 4890 prmpedirentur,
931 4820 1001 4875 ab
1040 4831 1260 4877 assueto
1299 4823 1574 4877 sermonis
1610 4836 1814 4892 genere
1860 4821 2033 4876 multa

440 4911 657 4969 diverso
678 4928 854 4984 neque
885 4914 977 4968 ulli
1000 4914 1234 4969 invicem
1276 4915 1554 4971 intellecto
1586 4914 1895 4987 linguarum
1928 4916 2034 4971 ritu

438 5004 806 5077 loquebantur
830 5022 844 5060 :
870 5021 981 5077 quo
1016 5007 1317 5076 promptius
1347 5007 1582 5078 dispersi
1626 5018 1774 5076 sunt,
1807 5023 1929 5063 cum
1955 5007 2037 5062 al-

441 5109 527 5157 ter
570 5100 807 5156 alterum
846 5099 998 5155 velut
1048 5100 1411 5171 alienigenam
1462 5101 1622 5157 facile
1667 5101 2031 5170 relinquebat.

443 5196 551 5254 Sed
591 5196 719 5250 filiis
762 5193 877 5250 Noe
917 5193 992 5249 ita
1032 5194 1245 5250 divisus
1293 5195 1444 5251 orbis
1480 5196 1620 5259 fuit,
1663 5204 1721 5249 ut
1747 5194 1872 5249 Scm
1899 5195 2037 5249 intra

444 5288 748 5356 Orientem,
789 5286 1025 5357 .Iapheth
1056 5287 1432 5353 Occidentem,
1466 5286 1639 5344 Cham
1681 5287 1877 5344 mediis
1904 5302 2038 5343 con-

447 5383 734 5437 tineretur.
785 5380 859 5435 lta
915 5396 1089 5451 usque
1134 5381 1336 5437 Abram
1380 5382 1541 5438 ducta
1582 5382 1880 5450 successio,
1910 5380 2043 5437 nihil

448 5492 581 5535 sane
613 5475 823 5547 insigne
848 5484 943 5531 aut
972 5476 1335 5533 memorabile
1366 5479 1419 5533 in
1452 5494 1510 5534 se
1542 5479 1751 5534 habuit.

520 5570 584 5624 ν.
612 5570 812 5625 Abram
840 5578 1024 5625 autem
1059 5580 1209 5638 patre
1232 5570 1413 5627 Thara
1443 5581 1600 5627 natus
1628 5582 1734 5636 est,
1762 5580 1885 5643 post
1906 5570 2043 5626 dilu-

451 5663 597 5719 vium
622 5676 767 5719 anno
795 5661 1089 5719 millesimo
1113 5674 1167 5720 et
1198 5667 1622 5737 septuagesimo.
1653 5667 1855 5723 Abram
1905 5681 2042 5721 uxor

450 5756 588 5821 Sara
610 5757 750 5813 dicta
772 5762 895 5810 est:
928 5758 1212 5830 primaque
1240 5760 1322 5818 eis
1342 5760 1397 5816 in
1416 5758 1639 5831 regione
1663 5757 2041 5816 Chaldazorum

2135 4638 2532 4708 impudicorum
2585 4635 2890 4692 caecitatem
2935 4634 3270 4690 offuderunt.
3323 4633 3461 4689 Tum
3512 4634 3614 4690 Lot
3660 4634 3731 4691 ab

2134 4728 2441 4799 hospitibus
2480 4726 2709 4785 edoctus
2741 4726 3078 4798 perdendum
3138 4727 3404 4799 Oppidum
3434 4768 3448 4795 ,
3496 4742 3733 4799 propere

2135 4834 2262 4877 cum
2318 4835 2489 4875 uxore
2541 4827 2598 4874 et
2636 4818 2853 4875 filiabus
2896 4828 2979 4874 est
3030 4833 3341 4890 egressus:
3380 4818 3730 4876 interdictum

2137 4923 2318 4971 tamen
2333 4914 2415 4971 eis
2429 4923 2536 4981 cst,
2552 4929 2620 4969 ne
2640 4922 2946 4969 retrorsum
2969 4915 3379 4984 conspicerent.
3404 4913 3511 4971 Sed
3540 4916 3740 4973 mulier

2135 5023 2330 5079 parum
2358 5007 2505 5062 dicto
2534 5006 2761 5063 audiens
2790 5006 3055 5078 (humano
3086 5008 3254 5074 malo,
3283 5024 3391 5079 quo
3413 5010 3613 5081 mgrius
3642 5026 3738 5067 ve-

2138 5104 2253 5159 titis
2285 5102 2614 5171 abstinetur)
2635 5101 2859 5157 reflexit
2883 5102 3097 5169 oculos,
3129 5102 3429 5175 statimque
3455 5104 3509 5159 in
3538 5105 3736 5162 molem

2139 5211 2404 5253 conversa
2436 5195 2778 5251 traditur.At
2807 5193 3043 5251 Sodoma
3075 5194 3276 5251 divinis
3300 5194 3517 5265 ignibus
3539 5196 3744 5252 conﬂa-

2145 5290 2343 5361 gravit.
2364 5289 2467 5345 Lot
2485 5296 2665 5344 autem
2698 5288 2823 5343 lilia:
2850 5287 3231 5344 existimantes
3252 5290 3547 5343 humanum
3570 5303 3740 5358 genus

2144 5383 2439 5449 interiisse,
2470 5382 2822 5438 concubitum
2855 5380 3107 5437 inebriati
3140 5383 3310 5452 patris
3336 5382 3739 5453 appetiverunt;

2149 5476 2293 5532 unde
2328 5475 2487 5530 Moab
2507 5484 2564 5530 et
2594 5472 2828 5530 Ammon
2861 5473 2973 5529 nati
3004 5483 3153 5529 sunt.

2221 5566 2335 5624 V11.
2382 5568 2485 5625 Per
2534 5570 2676 5625 idem
2723 5577 2938 5636 tempus
2991 5567 3142 5633 fere,
3186 5582 3307 5621 eum
3339 5565 3574 5620 Abraam
3598 5574 3747 5621 esset

2149 5662 2317 5720 etiam
2359 5672 2581 5721 centum
2613 5676 2903 5727 annorum,
2936 5660 3088 5717 lsaac
3113 5660 3255 5717 illius
3285 5667 3449 5714 natus
3478 5666 3583 5715 est.
3606 5657 3744 5716 Tum

2151 5760 2430 5825 ancillam,
2461 5758 2529 5812 de
2559 5773 2665 5828 qua
2711 5755 2946 5811 Abraam
2987 5754 3155 5811 filium
3199 5761 3545 5825 susceperat,
3584 5751 3753 5814 Sarra
