4200 6180
456 235 528 304 99
1786 216 2075 286 SULPlCll
2114 213 2363 280 SEVERI

3653 208 3757 274 1ὓο

456 347 699 419 expulit;
743 360 866 419 quac
915 345 1186 402 habitasse
1233 343 1286 398 in
1329 340 1553 408 deserto
1596 351 1698 392 una
1748 350 1870 392 cum
1914 335 2048 400 lilio,
2076 334 2125 400 Α
2153 341 2317 404 atque
2339 331 2409 388 ob
2427 329 2478 386 id
2510 330 2687 392 locum
2719 330 2924 394 somnii
2953 336 3232 396 sacratum
3255 326 3486 392 habens,
3519 322 3755 394 lapidem

455 450 512 498 et
533 417 793 509 praesidio
838 439 1051 495 Domini
1081 435 1305 492 defensa
1358 432 1614 488 traditur.
1664 429 1779 484 Non
1825 428 2055 510 multpm
2157 438 2223 479 ex
2241 417 3758 496 eosumpsit;vovitque,sircbusprosperisrevertisset,

457 542 581 608 post
633 534 896 586 Dominus
926 531 1120 586 Abraie
1169 526 1326 580 ﬁdem
1386 533 1629 589 tentans,
1670 521 2059 580 immolandum

457 627 560 682 sibi
603 641 630 680 a
665 637 819 697 patre
853 625 1019 680 tilium
1051 623 1202 678 Isaac
1237 620 1432 688 poscit.
1465 618 1640 686 Quem
1667 617 1758 672 ille
1787 632 1895 672 nou
1919 631 2054 670 cun-

457 728 639 774 ctatus
682 718 913 783 offerre,
974 731 1098 772 cum
1155 729 1267 770 arae
1299 729 1532 786 puerum
1595 711 2055 786 superposuisset,

455 809 803 881 gladiumque
833 807 1110 872 educeret,
1147 822 1257 862 vox
1295 804 1457 866 missa
1487 803 1554 864 de
1584 803 1729 860 cmlo
1751 811 1856 866 est,
1890 817 2060 871 puero

457 911 516 958 ut
548 907 818 970 parceret.
847 897 1098 954 Victiune
1129 895 1271 952 aries
1301 903 1501 966 praesto
1529 893 1628 950 fuit
1663 910 1676 948 :
1706 907 2058 948 consumma-

461 1002 628 1060 toijue
679 990 967 1056 sacriﬁcio,
1025 989 1219 1050 Abraze
1254 989 1513 1046 Dominus
1539 988 1752 1046 locutus
1798 995 1900 1051 est,
1931 998 2058 1056 pro-

461 1087 684 1141 mittens
713 1099 775 1138 ea
818 1099 940 1155 qua:
980 1083 1092 1153 jam
1132 1079 1522 1156 spoponderat.
1569 1083 1638 1138 At
1677 1079 1841 1138 Sarra
1867 1118 1884 1143 ,
1933 1091 2060 1138 cum

457 1177 748 1250 septimum
801 1185 858 1231 et
900 1175 1220 1232 vicesimum
1271 1187 1431 1244 supra
1463 1170 1820 1234 centesimum
1854 1182 2059 1226 annum

457 1272 941 1348 ageret,decessit.
958 1270 1170 1340 Corpus
1189 1282 1318 1324 cura
1345 1266 1445 1323 viri
1475 1265 1746 1334 sepultum
1770 1262 1820 1324 in
1841 1260 2060 1320 ilebren

459 1368 897 1422 Chanauzeorum
947 1363 1150 1436 oppido
1194 1379 1206 1414 :
1247 1361 1450 1416 etenim
1501 1359 1612 1420 illic
1650 1356 1884 1414 Abraam
1913 1369 2062 1414 com-

461 1460 800 1516 morabatur.
859 1457 997 1512 Tum
1051 1455 1285 1512 Abraam
1357 1453 1510 1508 Isaac
1573 1450 1744 1506 ﬁlium
1802 1447 2062 1518 juvenilis

466 1553 642 1614 mtatis
669 1553 858 1608 videns
887 1549 1180 1623 (siquidem
1211 1557 1323 1608 tum
1353 1546 1828 1620 quadragesimum
1858 1556 2062 1601 annum

461 1647 641 1708 aetatis
667 1641 886 1718 agebat)
919 1659 1078 1702 servo
1105 1658 1206 1698 suo
1236 1642 1548 1712 imperavit,
1577 1653 1802 1700 uxorem
1836 1637 1885 1694 ei
1918 1651 2059 1704 qua:-

2162 515 2382 582 tituluni
2437 515 2543 574 sibi
2584 515 2784 574 domus
2834 515 3052 576 Domini
3096 515 3365 576 futurum;
3406 511 3760 581 decimasquc

2159 611 2401 676 omnium
2426 626 2545 680 qua:
2562 609 2827 684 acquisita
2851 607 2956 666 sibi
2989 607 3192 672 forent,
3221 607 3452 664 Domino
3485 604 3759 668 daturum,

2163 703 2292 760 Inde
2319 720 2378 760 se
2406 703 2474 760 ad
2499 703 2683 760 Laban
2717 703 2940 762 fratrem
2971 700 3162 768 matris
3191 699 3446 766 contulit.
3473 713 3636 769 qoem
3668 695 3761 756 ille

2161 799 2367 857 sororis
2409 797 2576 851 filium
2623 795 2868 870 agnitum
2905 835 2918 868 ,
2965 793 3017 848 in
3059 792 3358 866 hospitium
3403 788 3637 864 benigne
3674 801 3763 844 re-

2162 888 2329 968 cepit.

2233 980 2327 1042 IX.
2362 979 2532 1040 Erant
2559 978 2746 1040 Laban
2771 977 2890 1038 dua:
2922 978 3070 1045 filim,
3098 977 3190 1036 Lia
3211 985 3265 1036 et
3291 975 3517 1040 Rachel;
3539 973 3632 1040 sed
3663 973 3758 1030 Lia

2161 1073 2337 1131 oculis
2387 1072 2719 1136 deformior,
2768 1072 2968 1130 Rachel
3007 1071 3232 1144 pulchra
3263 1070 3429 1134 fuisse
3483 1069 3758 1133 traditur:

2160 1168 2320 1240 cuius
2365 1167 2546 1244 specie
2576 1166 2747 1224 Jacob
2793 1177 3007 1244 captus,
3049 1181 3241 1228 amore
3295 1163 3522 1241 virginis
3560 1163 3762 1218 conﬁa-

2162 1261 2396 1336 grabat;
2437 1275 2666 1338 eamque
2708 1259 2812 1318 sibi
2855 1261 2908 1321 in
2951 1258 3299 1324 matrimonio
3325 1273 3354 1318 ει
3393 1265 3548 1329 patre
3573 1265 3762 1331 postna

2163 1355 2304 1418 laus,
2336 1363 2546 1431 septem
2599 1369 2868 1418 annorum
2907 1353 3133 1416 servitio
3165 1367 3224 1414 se
3258 1351 3615 1426 mancipavit.
3649 1347 3760 1412 Sed

2164 1451 2391 1522 impleto
2449 1459 2696 1521 tempore
2743 1448 2839 1510 Lia
2887 1449 2937 1510 ei
2990 1447 3347 1518 supponitur;
3414 1459 3478 1502 ac
3542 1458 3763 1510 rursum

2163 1543 2436 1618 septettnii
2458 1542 2682 1604 servitio
2709 1541 2984 1607 subditur,
3014 1549 3176 1612 atque
3195 1539 3246 1600 ei
3264 1538 3466 1600 Rachel
3501 1537 3752 1598 traditur.

2164 1635 2271 1698 Sed
2323 1635 2466 1694 hanc
2509 1633 2598 1698 diu
2650 1635 2930 1701 sterilem,
2959 1633 3114 1698 Liam
3148 1631 3434 1694 fecundam
3464 1629 3633 1688 fuisse
3663 1643 3756 1686 ac-

461 1749 648 1804 reret;
705 1753 769 1792 ex
815 1753 874 1792 ea
924 1747 1107 1796 tamen
1155 1735 1298 1790 tribu
1327 1743 1490 1803 atque
1522 1741 1691 1798 terra,
1717 1729 1786 1785 dc
1812 1743 1916 1799 qua
1947 1728 2064 1798 ipse
2095 1722 2141 1782 Β
2168 1735 2436 1808 cepimus.
2470 1733 2735 1794 Filiorum
2766 1749 2902 1804 quos
2929 1749 2999 1793 ex
3042 1731 3138 1794 Lia
3178 1730 3348 1794 Jacob
3389 1729 3600 1790 habuit,
3645 1728 3762 1784 lucc

459 1829 726 1886 oriundos
768 1829 1058 1886 videbatur
1095 1846 1108 1882 :
1153 1827 1314 1890 modo
1346 1838 1404 1880 ut
1435 1826 1712 1882 iuventam
1738 1822 1975 1892 puellam
2009 1821 2063 1876 in

459 1925 737 1996 regionem
762 1921 1194 1977 Cltanauteorum
1219 1919 1538 1982 deduceret,
1561 1932 1661 1974 nec
1689 1924 1909 1987 putaret
1939 1930 2062 1974 eum

460 2032 621 2072 causa
661 2015 908 2085 conjugis
950 2016 1000 2070 in
1031 2015 1206 2070 solum
1249 2013 1481 2090 patrium
1526 2011 1853 2068 rediturum.
1883 1997 2060 2080 Atque

461 2119 516 2164 ut
544 2126 606 2163 ea
649 2119 873 2164 strenue
919 2108 1172 2164 mandata
1203 2115 1628 2176 exsequeretur,
1675 2113 1932 2164 contacto
1962 2104 2059 2164 d0-

464 2204 594 2259 ntini
623 2203 824 2260 femine
856 2211 1256 2258 sacramentum
1285 2200 1455 2256 dedit.
1476 2200 1551 2258 Ita
1575 2213 1766 2255 servus
1783 2197 2063 2270 profectus

462 2297 515 2351 in
550 2294 1019 2366 Mesopotamiam,
1038 2293 1391 2366 adoppidom
1416 2290 1633 2348 Naclior
1655 2290 1852 2346 Abram
1881 2286 2064 2344 fratris

461 2388 729 2454 devenit;
782 2387 1157 2460 successitque
1210 2385 1262 2440 in
1311 2385 1530 2444 domum
1581 2380 1865 2442 Batltttelis
1915 2379 2062 2454 Syri,

461 2482 711 2538 Nacliore
757 2490 910 2551 patre
955 2481 1146 2551 geniti.
1181 2478 1351 2547 Hujus
1401 2477 1568 2531 ﬁliam
1607 2475 1910 2532 Rebeccatn
1940 2488 2064 2546 spe-

457 2575 662 2631 ciosam
709 2574 971 2644 virginem
1005 2573 1353 2644 conspicatus
1386 2613 1402 2640 ,
1449 2569 1741 2644 poposcit.
1793 2578 1954 2639 atque
1997 2567 2062 2622 ad

459 2667 742 2726 dominum
776 2667 1020 2724 adduxit.
1062 2667 1192 2726 Post
1231 2666 1282 2720 id
1324 2665 1559 2724 Abraam
1592 2663 1801 2733 accepit
1833 2677 2062 2716 uxorem

463 2758 718 2817 Ceturam
750 2760 994 2827 nomine,
1043 2775 1164 2831 qua!
1199 2758 1250 2818 in
1294 2757 1722 2828 Paralipomcnis
1749 2756 2062 2812 concubina

465 2840 706 2917 dicitur;
759 2851 1109 2922 suscepitque
1160 2866 1228 2906 ex
1279 2865 1341 2904 ca
1377 2851 1542 2910 ﬁlios.
1570 2848 1682 2908 Sed
1712 2848 1862 2906 lsaac
1892 2847 2062 2904 Sarra

464 2945 613 3000 edito
645 2944 1001 3000 substantiam
1035 2943 1259 2998 tradidit
1295 2961 1306 2996 :
1339 2941 1422 2998 lllS
1451 2951 1632 2998 autem
1665 2957 1804 3013 quos
1832 2956 1899 2998 ex
1929 2955 2062 2994 cou-

463 3039 674 3095 cubinis
721 3047 1074 3109 susceperat,
1104 3037 1244 3091 dona
1297 3035 1578 3090 distribuit
1626 3043 1834 3102 :atque
1882 3035 1953 3088 ita
1995 3033 2064 3087 ab

465 3133 617 3186 Isaac
664 3131 900 3200 separati
951 3139 1099 3184 sunt.
1131 3129 1365 3184 Abraam
1397 3127 1543 3182 diem
1572 3125 1788 3181 functus
1828 3133 1931 3186 est,
1965 3125 2064 3184 im-
2089 3112 2134 3176 C

467 3223 627 3296 pletis
649 3223 807 3276 annis
828 3230 1044 3276 centum
1069 3229 1118 3274 et
1139 3221 1377 3290 quinque
1394 3228 1448 3272 et
1469 3218 1834 3292 septuaginta.
1853 3217 2066 3287 Corpus

469 3316 728 3385 sepulcro
759 3314 941 3370 Sarra:
971 3314 1156 3366 uxoris
1196 3312 1528 3382 appositum.

545 3409 679 3466 Vlll.
713 3409 780 3463 At
817 3408 1061 3464 Rebecca
1109 3407 1200 3462 diu
1231 3405 1455 3470 sterilis,
1501 3403 1735 3460 assiduis
1787 3403 1966 3464 mariti
1997 3402 2065 3458 ad

471 3505 754 3560 hominum
798 3502 1070 3574 precibus,
1106 3516 1134 3556 a
1166 3499 1254 3555 die
1289 3499 1622 3556 matrimonii
1651 3496 1910 3554 vicesimo
1949 3496 2066 3553 fere

468 3611 613 3650 anno
654 3596 903 3666 geminos
941 3592 1132 3657 edidit,
1165 3593 1254 3662 qui
1282 3594 1334 3645 in
1383 3591 1574 3646 matris
1607 3590 1730 3645 alvo
1754 3589 2065 3648 exsultasse

468 3691 669 3762 Stttpltts
718 3688 1008 3743 traduntur
1035 3706 1047 3742 :
1081 3687 1398 3756 dictmnque
1427 3699 1693 3756 responso
1723 3681 1934 3738 Domini
1957 3690 2063 3747 est,

464 3785 602 3842 duos
632 3785 685 3842 in
719 3784 802 3838 his
833 3783 1065 3860 populos
1109 3779 1502 3856 prmnuntiari,
1551 3787 1605 3834 et
1661 3777 1923 3847 majorem
1967 3775 2066 3830 mi—

470 3881 620 3935 noris
660 3878 1007 3934 subdendum
1060 3891 1182 3930 esse
1214 3874 1506 3948 principio.
1543 3871 1650 3926 Sed
1693 3871 1842 3942 prius
1884 3868 2066 3924 editus

470 3989 630 4043 asper
653 3973 806 4037 setis,
829 3969 972 4024 Esau
996 3978 1256 4033 vocatus;
1290 3967 1486 4022 minori
1515 3963 1684 4020 Jacob
1713 3979 1908 4018 nomen
1939 3961 2061 4018 fuit.

473 4065 546 4120 Ea
581 4071 911 4134 tempestate
941 4061 1122 4132 gravis
1154 4074 1384 4114 annona:
1421 4057 1606 4126 inopia
1659 4067 1833 4112 terras
1888 4055 2066 4112 inces-

469 4165 662 4210 serat:
709 4169 812 4225 qua
867 4152 1198 4206 necessitate
1231 4149 1377 4203 Isaae
1413 4154 1462 4202 in
1511 4146 1732 4204 Gcraris
1783 4146 1847 4200 ad
1880 4161 2064 4216 regem

470 4247 752 4304 Abimelec
793 4246 980 4309 cessit,
1039 4243 1352 4298 admonitus
1389 4259 1416 4296 a
1467 4241 1697 4295 Domino
1726 4255 1792 4295 ne
1821 4241 1870 4294 in
1901 4237 2067 4312 [Egy-

467 4350 616 4410 ptqu
649 4335 1029 4392 descenderet.
1071 4333 1368 4404 Eidemque
1417 4336 1685 4388 universa:
1728 4331 1876 4387 illius
1904 4340 2066 4387 terra:

466 4432 739 4502 possessio
785 4429 1142 4501 promittitur,
1198 4427 1385 4498 ibique
1443 4425 1826 4490 licuedicitur;
1884 4425 2066 4484 multi-

468 4499 809 4598 plicatusque
845 4539 1042 4595 pecore
1084 4533 1249 4596 atque
1291 4523 1438 4576 omni
1486 4520 1815 4584 substantia,
1867 4529 2062 4590 agente
2094 4499 2143 4558 Ῑ)

464 4619 672 4674 invidia
704 4618 772 4672 ab
810 4618 1004 4672 incolis
1033 4615 1273 4688 pellitur.
1307 4614 1501 4670 Pulsus
1534 4613 1676 4686 apud
1713 4613 1941 4668 Puteum
1971 4613 2061 4681 ju-

465 4709 700 4766 ramcnti
744 4708 1012 4766 consedit.
1064 4706 1235 4779 Igitur
1286 4708 1446 4764 annis
1496 4706 1734 4784 gravior,
1770 4705 2064 4782 luminibus

465 4807 738 4870 obductis,
763 4820 883 4860 cum
931 4803 1077 4858 Esau
1113 4803 1281 4856 tilium
1306 4801 1637 4858 benedicere
1668 4809 1906 4872 pararet,
1930 4813 2066 4853 con-

463 4901 587 4956 silio
619 4899 881 4954 Rebeccae
928 4896 1120 4952 matris
1157 4895 1328 4951 Jacob
1373 4909 1433 4952 se
1477 4892 1906 4952 benedicendum
1963 4907 2064 4964 pro

466 4993 638 5047 fratre
693 4992 908 5044 obtulit.
957 4990 1032 5046 lta
1088 4989 1261 5046 Jacob
1310 4987 1624 5044 adorandus
1651 4986 1984 5062 principibus
2012 4995 2072 5044 et

462 5085 752 5158 gentibus,
809 5083 959 5139 fratri
1014 5083 1368 5156 praeponitur.
1405 5082 1573 5151 Queis
1613 5079 1776 5138 rebus
1806 5079 1949 5136 Esau
1976 5095 2069 5136 ac-

466 5195 689 5246 census,
725 5179 880 5234 fratri
916 5194 1104 5234 necem
1157 5177 1505 5238 moliebatur.
1533 5177 1652 5244 Quo
1691 5186 1839 5230 metu
1872 5175 2066 5244 Jacob,

467 5274 726 5330 hortante
775 5283 971 5334 matre,
1018 5275 1067 5324 in
1097 5270 1544 5340 M:so;iotamiam
1579 5266 1844 5346 confugit,
1874 5267 2066 5326 admo-

464 5371 611 5426 nitus
653 5386 681 5422 a
717 5375 894 5438 patre,
939 5377 995 5421 ut
1025 5381 1092 5428 ex
1135 5364 1296 5418 domo
1339 5361 1524 5418 Labau
1573 5360 1756 5418 fratris
1804 5360 2067 5419 Rebecca:

462 5479 690 5519 uxorem
743 5462 1016 5529 acciperet
1061 5476 1074 5512 :
1119 5467 1266 5516 tanta
1317 5456 1426 5511 illis
1470 5471 1600 5518 cura
1644 5456 1784 5520 fuit,
1838 5470 1964 5511 cum
2009 5454 2065 5512 in

463 5556 662 5611 alienis
697 5554 858 5626 terris
902 5551 1290 5614 consisterent,
1318 5564 1491 5622 genus
1516 5559 1694 5608 tamen
1731 5550 1873 5604 intra
1906 5547 2066 5604 fatui-

463 5645 588 5698 liaut
612 5661 766 5702 suam
794 5643 1014 5697 ducere.
1050 5641 1126 5700 Ita
1159 5639 1328 5700 Jacob
1361 5638 1641 5712 profectus
1671 5641 1727 5698 in
1759 5640 2062 5712 MBSOpota-

460 5736 665 5799 miam,
718 5750 811 5810 per
863 5749 1123 5806 soporem
1173 5733 1465 5794 Dominum
1524 5733 1729 5792 vidisse
1780 5732 2058 5790 traditur:

2167 1838 2291 1888 sunt
2315 1826 2566 1888 nomina:
2592 1826 2806 1892 Ruben,
2833 1826 3079 1890 Simeon,
3108 1823 3468 1892 Levi,Judas,
3493 1821 3762 1887 issacliar,

2167 1920 2437 1984 Zabulon,
2468 1919 2623 1982 Dina.
2659 1919 2734 1978 Ex
2759 1918 2954 1982 ancilla
2989 1934 3120 1978 vero
3148 1917 3259 1980 ωειλ
3287 1916 3402 1978 Gud
3434 1915 3664 1978 etAser.
3696 1931 3764 1978 ex

2173 2013 2370 2072 ancilla
2417 2012 2619 2072 Rachel
2679 2014 2791 2076 [ian
2840 2022 2898 2076 et
2941 2012 3292 2082 Neptitbalim
3321 2014 3431 2072 nati
3494 2020 3641 2070 sunt.
3689 2013 3762 2070 At

2168 2106 2370 2168 Rachel
2398 2149 2413 2174 ,
2442 2107 2733 2178 desperato
2759 2107 2872 2178 jam
2907 2117 3062 2177 partu
3089 2151 3102 2172 ,
3131 2106 3336 2178 Joscph
3380 2105 3569 2164 rdidit.
3623 2106 3764 2168 Tum

2165 2198 2337 2256 Jacob
2360 2200 2541 2260 redire
2571 2199 2639 2258 ad
2663 2208 2870 2269 patrem
2897 2199 3153 2269 cupiens,
3181 2215 3304 2260 cum
3327 2199 3376 2254 ei
3401 2198 3582 2254 Laban
3607 2213 3766 2255 socer

2168 2301 2377 2362 partem
2405 2305 2662 2362 pecorum
2689 2292 3000 2352 mercedem
3026 2291 3238 2350 servitii
3269 2291 3530 2358 dedisset,
3555 2290 3626 2345 ob
3642 2306 3765 2362 qua)

2166 2397 2357 2460 paruzn
2391 2383 2495 2440 sibi
2528 2398 2654 2446 eum
2687 2400 2900 2455 acquum
2932 2400 3106 2456 gener
3153 2384 3326 2442 Jaciilt
3355 2397 3528 2452 ratuS,
3577 2383 3764 2440 dolum

2167 2473 2235 2532 ab
2279 2489 2344 2532 eo
2397 2486 2758 2548 suspectans;
2817 2476 2959 2532 clam
3027 2478 3305 2547 preteetus
3361 2486 3447 2538 est
3501 2476 3765 2534 \icesimo

2168 2569 2344 2638 primo
2368 2567 2481 2628 fere
2509 2585 2652 2630 anno
2680 2585 2844 2639 quam
2873 2570 3192 2632 advenerat.
3223 2571 3425 2630 llacliel
3447 2571 3562 2628 viro
3591 2571 3764 2630 inscio

2169 2663 2343 2732 patris
2372 2663 2518 2724 idola
2549 2663 2693 2724 furto
2722 2665 2949 2726 abstulit
2975 2685 2988 2722 :
3023 2683 3125 2736 qua
3158 2666 3355 2737 injuria
3387 2667 3568 2723 Laban
3599 2682 3764 2739 genco

2169 2773 2289 2816 rum
2314 2767 2657 2825 persecutus,
2693 2775 2800 2816 non
2839 2762 3075 2830 repertis
3115 2761 3298 2828 idolis,
3325 2777 3461 2832 pace
3489 2763 3651 2827 facta,
3678 2777 3766 2816 re-

2167 2865 2386 2919 gressus
2421 2859 2543 2917 est;
2580 2853 2804 2906 multum
2839 2853 3144 2909 obtestatus
3168 2869 3432 2925 generum
3462 2871 3531 2912 ne
3561 2871 3764 2914 uxores

2169 2942 2386 2998 ﬁliabus
2435 2944 2549 3000 suis
2568 2945 3040 3014 superiuduceret.
3073 2947 3204 3002 Inde
3243 2947 3526 3018 digressus
3563 2949 3760 3016 Jacob,

2169 3035 2372 3094 vidisse
2411 3036 2637 3108 angelos
2663 3047 2720 3094 et
2750 3049 2930 3095 castra
2958 3038 3176 3094 Domini
3207 3040 3464 3094 traditur.
3498 3041 3604 3097 Sed
3637 3057 3764 3098 cum

2170 3136 2366 3197 praeter
2398 3128 2672 3199 regionem
2703 3129 2899 3196 Edoni,
2923 3147 3084 3200 quam
3113 3131 3256 3186 Esau
3280 3131 3446 3187 frater
3465 3131 3760 3202 incolebat,

2169 3219 2271 3282 iter
2315 3218 2642 3288 destinaret,
2699 3223 2880 3278 missis
2937 3224 3088 3292 prius
3120 3223 3312 3293 legatis
3342 3234 3395 3278 et
3442 3225 3766 3283 muneribus

2167 3321 2481 3380 suSpectum
2513 3312 2612 3368 sibi
2645 3314 2863 3368 fratrem
2893 3314 3200 3383 exploravit
3229 3332 3242 3368 :
3279 3325 3394 3370 tum
3423 3315 3516 3371 ille
3542 3315 3759 3372 obviam

2168 3401 2321 3460 fratri
2353 3406 2622 3474 processit
2647 3422 2662 3470 ;
2690 3421 2791 3462 nec
2813 3414 2993 3463 tamen
3015 3407 3185 3465 Jacob
3210 3425 3270 3466 se
3299 3412 3436 3466 ultra
3467 3410 3623 3468 fratri
3645 3428 3764 3468 cre-

2167 3494 2327 3552 didit.
2347 3496 2452 3556 Sed
2483 3497 2657 3567 pridic
2683 3513 2847 3570 quam
2881 3501 3022 3560 inter
3054 3517 3116 3558 se
3147 3501 3344 3558 fratres
3385 3503 3764 3569 convenirent,

2169 3588 2438 3646 Dominus
2479 3589 2713 3648 humana
2745 3595 2930 3663 specie
2958 3607 3257 3667 assumpta,
3295 3598 3618 3656 colluctatus
3641 3613 3766 3653 cum

2167 3681 2336 3740 Jacob
2352 3683 2585 3744 refertur
2604 3696 2688 3742 :et
2707 3703 2830 3744 cum
2847 3689 3112 3745 adversus
3136 3691 3424 3745 Dominum
3448 3690 3768 3760 praevaluis-

2169 3787 2276 3841 set,
2299 3786 2479 3834 tamen
2501 3794 2607 3834 non
2625 3795 2752 3840 esse
2769 3783 3054 3838 mortalem
3073 3797 3176 3836 non
3196 3782 3494 3852 ignoravit:
3511 3783 3764 3840 benedici

2168 3869 2269 3926 sibi
2284 3869 2354 3926 ab
2368 3885 2434 3928 eo
2454 3869 2753 3941 ﬂagitabat.
2774 3871 2910 3928 Tum
2928 3872 2996 3926 ab
3012 3888 3079 3930 eo
3099 3872 3174 3926 illi
3202 3872 3541 3930 immutatum
3564 3891 3764 3933 nomen

2168 3973 2247 4018 cat
2259 4005 2274 4030 ,
2289 3972 2347 4018 ut
2359 3980 2426 4020 es
2441 3963 2607 4025 Jacob
2625 3965 2792 4021 Israel
2809 3965 3218 4024 diceretur.Sed
3233 3984 3354 4022 cum
3371 3969 3461 4024 ille
3475 3971 3717 4026 vicissim
3734 3989 3765 4028 a

2167 4053 2401 4116 Domino
2432 4069 2632 4112 nomen
2665 4054 2886 4112 Domini
2912 4066 3213 4126 quareret;
3236 4075 3342 4114 non
3367 4076 3490 4117 esse
3513 4077 3768 4133 quaren-

2169 4146 2317 4214 dum,
2349 4147 2475 4216 quia
2507 4147 2832 4204 admirabile
2862 4157 3030 4214 esset,
3059 4165 3382 4222 responsum
3413 4163 3516 4210 est.
3552 4155 3627 4210 Ex
3651 4157 3766 4212 col-

2169 4240 2471 4298 luctatione
2515 4251 2695 4298 autcm
2724 4240 2956 4300 latitudo
2985 4242 3213 4300 femoris
3241 4245 3412 4301 Jacob
3456 4249 3759 4319 obtorpuit.

2239 4332 2309 4388 Χ.
2337 4334 2502 4404 igitur
2530 4332 2699 4391 Israel
2719 4333 3005 4393 declinans
3031 4337 3213 4395 fratris
3233 4339 3477 4408 domum,
3495 4345 3768 4412 promovit

2169 4438 2362 4496 agmen
2397 4425 2447 4484 in
2477 4425 2658 4484 Salem
2687 4426 3018 4485 Sicimorum
3044 4431 3328 4500 Oppidum,
3354 4444 3517 4505 atque
3546 4437 3617 4491 ibi
3643 4438 3776 4505 loco,

2173 4520 2350 4588 pretio
2382 4529 2607 4588 accepto
2637 4520 3052 4579 tabernaculum:
3085 4529 3280 4582 statuit
3307 4528 3433 4585 sibi.
3484 4527 3622 4586 Huic
3669 4545 3768 4602 op-

2174 4611 2298 4681 pido
2327 4611 2496 4668 Emor
2526 4610 2820 4670 Cliorrzeus
2857 4615 3113 4686 princeps
3146 4628 3398 4688 praeerat.
3423 4620 3594 4690 Hujus
3621 4622 3766 4678 ﬁlius

2172 4702 2392 4762 Sicbem
2422 4703 2614 4762 Dinam
2643 4706 2812 4766 ﬁliam
2854 4707 3023 4767 Jacob
3069 4725 3136 4766 ex
3177 4709 3270 4766 Lia
3303 4712 3539 4781 genitam
3571 4723 3767 4784 stupro

2171 4795 2436 4856 subdidit.
2470 4796 2591 4866 Quo
2620 4811 2924 4869 comperto,
2955 4801 3175 4858 Simeou
3217 4813 3271 4857 et
3301 4803 3430 4860 Levi
3481 4803 3629 4858 Dina:
3657 4804 3768 4861 fra-

2171 4898 2312 4956 tres,
2346 4904 2538 4946 omnes
2579 4892 2631 4950 iu
2671 4891 2876 4963 oppido
2905 4907 3072 4950 sexus
3125 4894 3294 4950 virilis
3334 4893 3470 4954 dolo
3522 4910 3769 4966 pereme-

2171 4991 2320 5050 runt,
2344 4999 2408 5040 ac
2429 4984 2656 5055 impigre
2684 4985 2892 5044 sororis
2916 4988 3016 5044 ulti
3041 5000 3165 5044 sunt
3189 4989 3465 5056 iniuriam.
3493 4990 3768 5064 Oppidum

2170 5093 2200 5132 a
2231 5077 2357 5134 ﬁliis
2386 5077 2561 5136 Jacob
2587 5080 3196 5153 direptum,pr:edaque
3215 5084 3392 5139 omnis
3410 5096 3492 5141 est
3512 5085 3764 5141 abducta.

2170 5171 2226 5226 ld
2275 5172 2474 5230 factum
2523 5189 2666 5244 aegre
2703 5174 2999 5232 admodum
3047 5175 3240 5233 tulisse
3287 5177 3458 5234 Jacob
3511 5179 3764 5236 traditur.

2173 5266 2293 5321 Mox
2329 5281 2357 5320 a
2383 5265 2619 5324 Domino
2651 5270 2914 5333 monitus,
2947 5269 3140 5326 Botbel
3183 5272 3357 5342 petiit,
3386 5273 3571 5343 ibique
3597 5275 3770 5330 altare

2172 5360 2404 5416 Domino
2435 5363 2642 5418 statuit.
2677 5362 2808 5420 Inde
2841 5363 2896 5417 in
2931 5374 3086 5434 parte
3116 5367 3282 5422 turris
3303 5365 3488 5423 Gadcr
3517 5369 3773 5424 taberna-

2174 5455 2356 5509 culum
2385 5455 2524 5510 ﬁxit.
2550 5453 2756 5512 Rachel
2793 5471 2858 5514 ex
2914 5467 3072 5528 parte
3125 5459 3281 5515 obiit.
3316 5458 3458 5515 Puer
3482 5460 3772 5530 Benjamin

2173 5559 2397 5612 vocatus
2441 5559 2546 5608 est.
2588 5549 2740 5612 Isaac
2784 5551 3026 5611 decessit
3051 5569 3228 5610 annos
3271 5566 3428 5609 natus
3469 5565 3687 5612 centum
3715 5564 3772 5610 et

2172 5643 2469 5714 octoginta.
2505 5642 2576 5700 At
2633 5643 2772 5700 Esau
2824 5654 3019 5716 potens
3065 5645 3272 5701 divitiis
3324 5659 3465 5714 erat,
3507 5651 3770 5709 uxoribus

2173 5735 2276 5791 sibi
2308 5738 2473 5796 etiam
2505 5750 2537 5800 θ
2565 5734 3000 5799 Chauena‘orum
3045 5747 3208 5811 gente
3255 5741 3554 5814 assumptis
3580 5759 3594 5797 :
3617 5741 3774 5814 cujus
