4200 6180
405 252 502 310 Nil

1641 251 1968 313 HISTORIA
2009 251 2261 314 BACRA.
2302 255 2436 316 LIB.
2474 260 2517 319 Ι.

3605 275 3708 334 1ϋὲ

401 365 724 437 progeniem
776 366 831 422 in
877 365 983 422 hoc
1017 372 1128 422 tam
1182 367 1414 438 praeciso
1467 382 1634 440 opere
1660 372 2005 428 inserendam
2034 369 2090 431 Α
2112 373 2452 443 compositis,
2478 374 2664 432 orbem
2701 383 2860 432 terrae
2887 378 3068 454 gravis
3093 377 3346 436 frumenti
3377 382 3556 451 inopia
3582 400 3714 454 qua-

399 475 510 516 non
545 461 750 530 putavi.
785 459 842 516 Si
873 461 1000 531 quis
1028 461 1328 517 studiosior
1369 463 1504 529 erit,
1548 464 1615 518 ad
1648 465 1889 535 origines
1921 480 2010 522 re-

399 562 672 608 vertatur.
711 553 839 607 Post
870 567 1158 608 excessum
1195 555 1386 623 patris,
1421 554 1590 610 Iacob
1619 555 1670 609 itt
1703 557 1824 613 solo
1856 574 1921 612 eo
1951 558 2002 612 in

401 664 520 720 quo
541 647 692 702 Isaac
716 648 950 715 vixerat,
977 651 1423 706 commorabatur
1450 668 1463 705 :
1495 651 1589 705 lilii
1617 653 1736 722 ejus
1759 653 2007 723 aliquan-

405 752 521 798 tum
552 743 622 798 ab
646 756 712 797 eo
747 743 934 812 pascui
969 744 1144 813 gratia
1173 760 1298 798 cum
1331 745 1591 815 gregibus
1621 758 2003 814 secesserant;

402 835 608 904 Ioseph
635 845 817 890 tamen
850 851 915 890 ac
942 835 1228 906 Benjamin
1264 854 1459 908 parvus
1488 840 1633 894 domi
1662 842 1999 897 resederant.

400 926 617 982 Charus
637 927 932 982 admodum
961 928 1162 998 Ioseph
1192 930 1353 1000 patri,
1385 929 1564 1002 obque
1586 933 1636 987 id
1667 933 1873 988 invisus
1898 935 2004 989 fra-

403 1021 578 1076 tribus
609 1037 622 1074 :
663 1022 850 1085 simul.
892 1024 1019 1092 quia
1070 1021 1449 1094 frequentibus
1487 1027 1608 1095 ejus
1639 1030 1868 1082 somniis
1892 1045 2005 1083 ma-

394 1113 572 1184 jorem
603 1130 727 1170 eum
780 1117 1034 1172 omnibus
1089 1117 1330 1172 futurum
1392 1121 1643 1189 portendi
1697 1122 1998 1178 videbatur.

398 1204 570 1276 Igitur
600 1207 668 1262 ad
701 1208 1072 1278 inspiciendos
1107 1225 1306 1281 greges
1334 1213 1765 1284 revisendosque
1808 1217 2004 1272 fratres

401 1312 432 1352 a
477 1307 631 1369 patre
685 1300 886 1356 missus
912 1343 926 1367 ,
973 1312 1316 1374 opportunus
1351 1305 1567 1376 injuria:
1597 1307 1716 1363 fuit.
1756 1308 2003 1381 Namque

401 1393 518 1447 viso
550 1391 742 1457 fratre,
774 1394 1068 1450 consilium
1102 1400 1252 1452 necis
1282 1397 1401 1468 ejus
1432 1411 1701 1470 ceperunt
1732 1419 1746 1456 :
1781 1402 1876 1457 sed
1907 1403 2005 1458 ob-

400 1486 632 1546 sistente
661 1486 877 1555 Ruben,
904 1491 990 1544 cui
1020 1505 1048 1543 a
1076 1499 1226 1546 tanto
1258 1491 1500 1549 facinore
1531 1495 1861 1552 abhorrebat
1887 1497 2003 1552 ani-

404 1594 544 1643 mus,
588 1581 641 1634 in
687 1581 865 1636 lacum
915 1581 1212 1639 demissus.
1249 1585 1370 1640 Mox
1410 1587 1678 1644 suadente
1723 1585 1860 1645 Iuda
1905 1592 2002 1646 de-

400 1669 554 1726 ducti
584 1672 652 1726 ad
676 1673 860 1729 mitius
886 1675 1182 1731 consilium
1209 1720 1222 1742 ,
1256 1681 1688 1748 negotiatoribus
1731 1698 1877 1750 eum,
1908 1685 1997 1754 qui

2113 467 2298 522 tiebat.
2346 469 2458 536 Qua
2507 471 2834 527 necessitate
2866 473 3184 542 compulsus
3230 472 3434 544 Jacob,
3481 477 3620 531 filios
3658 477 3710 532 in

2109 560 2403 632 Egyptnt‘n
2447 565 2615 628 misit,
2666 564 2946 634 Benjamin
2984 574 3193 621 tantum
3223 583 3409 622 secum
3449 570 3594 624 domi
3630 587 3715 625 re-

2111 664 2280 708 tento.
2333 655 2502 724 Igitur
2539 656 2743 727 Joseph
2770 674 2950 714 rerum
2999 668 3297 727 potentem,
3336 677 3502 736 penes
3552 679 3712 732 quem

2109 761 2341 800 annona:
2381 748 2668 802 arbitrium
2719 761 2875 817 erat,
2923 752 3126 808 fratres
3177 754 3416 821 adeunt,
3465 767 3518 810 et
3559 771 3713 812 more

2110 838 2260 906 regio
2297 834 2547 893 adorant.
2573 839 2782 908 Quibus
2811 844 2904 898 ille
2936 845 3090 913 visis,
3136 846 3335 902 callide
3375 848 3711 920 agnitionem

2109 929 2480 999 dissimulans,
2535 933 2809 991 hostiliter
2852 951 2948 992 eos
2980 938 3218 1006 venisse,
3257 949 3307 994 et
3337 939 3564 996 subdole
3595 940 3709 995 loca

2108 1025 2392 1094 explorare
2418 1027 2711 1098 Arguebat.
2774 1030 3090 1102 Augebatur
3141 1045 3322 1090 autem
3343 1077 3357 1102 ,
3390 1037 3535 1110 quod
3564 1037 3704 1092 Beu-

2103 1116 2277 1187 jamin
2308 1119 2529 1176 fratrem
2578 1139 2682 1176 non
2715 1122 2950 1179 ridebat.
2984 1125 3094 1182 Res
3120 1143 3248 1200 ergo
3277 1130 3327 1189 in
3361 1123 3422 1189 id.
3449 1131 3704 1198 deducta,

2109 1221 2166 1263 ut
2195 1213 2541 1281 prmsentiaut
2576 1214 2692 1286 ejus
2723 1218 3113 1285 pollicerentur
3145 1239 3154 1273 :
3184 1203 3435 1296 nimirum
3467 1238 3514 1276 ιιι
3544 1240 3605 1279 ex
3639 1242 3705 1280 eo

2107 1315 2465 1372 quarreretur,
2497 1323 2562 1361 an
2594 1309 2678 1362 isti
2729 1310 3046 1378 explorandi
3085 1327 3245 1366 causa
3294 1312 3585 1388 ZEgyptnm
3620 1318 3704 1370 in-

2115 1402 2371 1451 trassent.
2401 1399 2478 1451 Ad
2504 1400 2753 1468 promissi
2774 1411 2956 1456 autem
2983 1403 3141 1457 lidetn
3168 1402 3387 1459 Simeon
3411 1405 3575 1464 obses
3599 1418 3706 1461 tra-

2107 1486 2256 1542 ditur
2290 1506 2302 1541 :
2337 1489 2466 1557 ipsis
2494 1492 2826 1548 frumentum
2857 1495 3024 1565 gratis
3048 1496 3253 1551 datum.
3280 1497 3512 1552 Rursum
3546 1499 3706 1576 igiiur

2109 1592 2469 1650 revertentes,
2515 1584 2819 1656 Beniamin,
2851 1598 2910 1643 ut
2939 1600 3294 1657 convenerat,
3329 1594 3707 1666 deduxerunt.

2108 1675 2244 1730 'I'ntn
2275 1692 2334 1732 se
2352 1669 2789 1754 cognoscendum
2807 1684 3009 1755 Josepb
3038 1687 3297 1744 fratribus
3319 1689 3570 1762 prazhuit,
3595 1709 3701 1746 non

405 1771 518 1815 tutu
551 1761 842 1834 Egyptum
882 1767 1162 1835 petebant,
1199 1769 1587 1836 vendiderunt,
1623 1784 1783 1843 atque
1815 1774 1884 1829 ab
1914 1775 1999 1832 his
2032 1759 2077 1820 Β
2106 1770 2224 1825 sine
2257 1771 2471 1840 pudore
2504 1774 2643 1828 male
2675 1782 3024 1832 merentium.
3053 1777 3128 1833 Ita
3163 1795 3258 1834 eos
3303 1759 3561 1838 oneratos
3593 1784 3705 1838 frn-

405 1855 631 1911 I’otifari
663 1860 958 1928 praeposito
983 1861 1280 1916 Pharaonis
1311 1865 1542 1920 traditus
1570 1876 1672 1921 est.

477 1948 568 2004 XI.
592 1949 696 2005 Per
722 1951 869 2006 idem
902 1963 1115 2023 tempus
1136 1953 1302 2010 Judas
1322 1955 1491 2012 Jacob
1514 1959 1658 2014 filius
1676 1959 1839 2017 Suam
1858 1961 2000 2019 Cha-

402 2057 648 2098 nantcatn
671 2043 726 2098 in
751 2046 1158 2102 matrimonium
1178 2053 1499 2122 assumpsit,
1518 2069 1582 2108 ex
1602 2071 1708 2128 qua
1730 2066 1840 2111 tres
1859 2057 2000 2114 filios

402 2139 651 2204 sustulit,
686 2140 812 2207 Her,
862 2139 1040 2209 Onan,
1091 2143 1296 2200 Selam.
1323 2146 1433 2203 Sed
1464 2147 1576 2204 Her
1603 2149 1841 2206 Thamar
1867 2167 2002 2207 con-

404 2232 575 2286 nubio
601 2232 882 2300 sociatur;
932 2251 1041 2304 quo
1087 2247 1322 2304 mortuo,
1352 2241 1505 2295 Onan
1537 2240 1721 2298 fratris
1771 2261 1998 2301 uxorem

404 2326 648 2395 accepit;
681 2329 812 2397 qui,
861 2332 986 2399 quia
1015 2343 1286 2402 spermata
1337 2335 1388 2388 in
1421 2343 1622 2391 terram
1672 2338 1996 2406 effunderet,

399 2422 710 2476 exstinctus
736 2437 767 2477 a
801 2423 1032 2481 Domino
1065 2428 1324 2483 refertur.
1360 2430 1494 2484 Tum
1535 2431 1777 2488 Thamar
1814 2451 1998 2491 mere-

400 2511 559 2567 tricio
585 2511 776 2570 habitu
807 2525 1112 2586 assumpto,
1158 2533 1350 2575 socero
1394 2521 1561 2577 mixta
1595 2533 1702 2588 est;
1731 2539 1909 2597 exque
1934 2543 2000 2584 eo

399 2602 650 2672 geminos
675 2604 870 2664 edidit.
916 2609 970 2662 in
1028 2620 1186 2679 partu
1215 2621 1396 2667 autem
1443 2613 1538 2670 illo
1582 2617 1831 2674 mirabile
1873 2619 1995 2686 fuit,

400 2697 549 2765 quod
597 2713 724 2754 cum
757 2700 1047 2770 prodeunti
1090 2718 1280 2774 puero,
1328 2707 1396 2761 ad
1445 2708 1871 2779 dignoscendum
1906 2713 1998 2782 qui

402 2789 555 2857 [tritta
579 2801 922 2862 nasceretur,
954 2795 1219 2851 obstetrix
1278 2814 1499 2856 manum
1545 2801 1662 2871 ejus
1700 2818 1866 2860 cocco
1897 2805 1999 2861 illi-

399 2891 604 2954 gasset,
633 2885 894 2943 reductus
921 2889 974 2943 in
1015 2891 1198 2945 alvum
1247 2895 1436 2950 matris
1467 2911 1620 2966 puer,
1662 2909 1883 2969 postero
1910 2899 2000 2957 die

401 2975 581 3033 editus
607 2987 712 3033 est.
740 2978 951 3040 Nomen
985 2981 1290 3042 infantibus
1310 2984 1477 3043 Feres
1499 2998 1554 3045 et
1579 2989 1717 3045 Zara
1743 2992 1995 3049 inditum.

398 3067 471 3124 At
494 3069 720 3141 Josepb,
747 3089 874 3129 cum
907 3077 1146 3147 benigne
1174 3094 1202 3132 a
1248 3091 1502 3138 curatore
1547 3083 1722 3154 regio,
1753 3087 1840 3156 qui
1871 3104 1996 3142 eum

400 3161 582 3229 pretio
606 3175 921 3234 acceperat,
940 3166 1600 3243 haberetur,domumque
1623 3175 1743 3245 ejus
1764 3185 1819 3232 et
1843 3180 1995 3233 iami-

401 3254 529 3312 liam
556 3269 911 3328 procuraret;
942 3261 1175 3318 decorus
1206 3266 1323 3335 ipse
1355 3268 1552 3339 insigni
1574 3271 1778 3340 specie,
1812 3274 1996 3328 uxoris

399 3346 604 3404 domini
651 3353 845 3409 oculos
892 3355 946 3409 in
1000 3371 1060 3412 sc
1113 3367 1481 3415 converterat.
1515 3360 1764 3434 Cumque
1807 3380 1996 3422 amore

401 3443 576 3514 ipsius
602 3445 901 3516 deperiret,
933 3451 1234 3522 appetitum
1268 3455 1469 3524 saepius
1502 3471 1603 3512 nec
1641 3461 1995 3527 acquiescen-

405 3545 516 3592 tem
544 3537 648 3592 sibi
675 3538 812 3596 falso
838 3541 1041 3599 scelere
1066 3544 1306 3610 infamat,
1343 3561 1406 3602 ae
1438 3549 1553 3604 viro
1582 3550 1848 3620 queritur,
1883 3561 1997 3608 stu-

403 3643 565 3699 prum
615 3631 718 3688 sibi
771 3634 1090 3691 intentatum
1125 3656 1137 3690 :
1185 3638 1260 3694 ita
1290 3637 1490 3712 Ioseph
1527 3642 1578 3696 in
1609 3657 1887 3700 carcerem
1915 3655 2000 3701 est

400 3721 705 3792 conjectus.
733 3725 902 3782 Erant
953 3729 1003 3783 in
1033 3730 1226 3787 eadem
1273 3732 1522 3790 custodia
1569 3735 1804 3792 ministri
1852 3740 1997 3810 regis

402 3813 535 3883 duo,
558 3820 799 3887 quicum
823 3823 1032 3877 somnia
1064 3838 1158 3879 sua
1196 3825 1266 3880 ad
1304 3825 1505 3898 Ioseph
1547 3830 1883 3899 retulissent,
1911 3833 1994 3890 fu-

407 3918 526 3962 tura
551 3925 622 3963 ex
651 3912 869 3968 somnio
897 3915 1234 3984 conjectans,
1261 3935 1426 3974 unum
1466 3938 1654 3977 eorum
1688 3939 1878 3994 pinnas
1901 3941 1992 3980 ca-

407 3999 519 4069 pite
569 4000 827 4058 luiturum
865 4047 878 4071 ,
930 4007 1095 4062 alium
1153 4011 1544 4068 absolvendum
1595 4019 1994 4085 pronuntiavit;

405 4098 571 4162 atque
601 4094 672 4147 ita
700 4095 922 4151 accidit.
947 4098 1114 4168 Igitur
1143 4111 1264 4171 post
1289 4103 1562 4160 biennium
1582 4111 1852 4165 somnium
1884 4115 1996 4184 regi

404 4182 682 4252 objectum
700 4189 990 4255 est..Quod
1016 4206 1138 4246 cum
1167 4207 1197 4248 a
1225 4195 1581 4264 prudentibus
1607 4182 1991 4271 Egyptiorum

404 4291 510 4331 non
573 4290 762 4346 posset
807 4283 1020 4338 absolvi
1058 4327 1071 4352 ,
1134 4288 1389 4346 minister
1436 4293 1582 4363 regis
1641 4295 1731 4352 ille
1777 4313 2000 4355 carcere

402 4381 690 4442 exemptus
714 4388 902 4444 regem
929 4377 1209 4445 admouet,
1247 4381 1450 4448 Ioseph
1477 4401 1600 4442 esse
1629 4388 1824 4444 mirum
1852 4406 2000 4447 som-

402 4462 614 4518 niorum
649 4465 1026 4538 interpretem.
1061 4471 1134 4527 Ita
1160 4473 1360 4546 Ioseph
1384 4479 1648 4546 solvitur;
1680 4483 2000 4554 interpreta-

405 4563 602 4626 tusque
649 4568 738 4614 est
772 4563 885 4632 regi
931 4566 1201 4620 somnium
1234 4584 1247 4620 :
1293 4569 1514 4639 Septem
1544 4572 1704 4629 annis
1735 4575 1998 4644 proximis
2021 4605 2078 4666 Β

405 4648 695 4706 maximam
743 4651 960 4725 frugum
1007 4659 1310 4714 ubertatem
1357 4661 1612 4731 futuram,
1657 4681 2000 4739 consequen-

404 4743 546 4799 tibus
573 4745 834 4817 inopiam.
866 4749 986 4816 Quo
1011 4761 1156 4808 metu
1185 4769 1276 4809 rex
1305 4759 1613 4826 perculsus,
1638 4760 1825 4817 videns
1857 4763 1998 4819 diri-

403 4851 534 4892 num
576 4839 630 4894 in
675 4840 878 4912 Ioseph
915 4845 1183 4914 spiritum,
1217 4851 1294 4904 rei
1335 4867 1458 4906 eum
1498 4858 1813 4911 nummariae
1857 4875 1995 4928 prm-

401 4928 767 5002 fecit,tequato
778 4949 964 4991 secum
981 4941 1367 5009 imperio.’l‘um
1383 4944 1585 5018 Ioseph
1597 4968 1621 5002 a
1633 4949 1887 5006 bnndanti
1900 4955 1996 5009 bus

400 5038 499 5092 per
551 5035 718 5080 totam
765 5027 1058 5100 .rEgyptum
1115 5032 1426 5104 frumentis,
1481 5056 1727 5111 magnam
1779 5047 1992 5114 copiam

398 5120 706 5188 congessit:
729 5121 1212 5196 multiplicatisqne
1229 5129 1440 5185 horreis
1465 5133 1730 5190 adversus
1759 5136 1994 5194 futuram

395 5205 591 5263 famem
619 5213 991 5270 consuluerat.
1028 5218 1099 5272 Ea
1143 5229 1465 5291 tempestate
1499 5239 1624 5294 Spes
1652 5239 1813 5298 atque
1845 5231 1994 5287 salus

395 5298 618 5372 Ευριὶ
646 5301 700 5356 in
730 5303 828 5358 illo
858 5308 956 5360 sita
982 5319 1117 5364 erat.
1153 5311 1260 5368 Per
1283 5314 1427 5370 idem
1462 5328 1675 5392 tempus
1699 5338 1828 5377 vero
1856 5325 1993 5384 duos

393 5405 460 5446 ex
503 5396 748 5450 Asenetb
785 5398 926 5454 ﬁlios
975 5405 1198 5472 genuit,
1252 5407 1553 5467 Menas-em
1608 5425 1663 5468 ct
1718 5417 1989 5485 Ephrmm.

394 5480 512 5554 Ipse
537 5495 744 5554 autem,
771 5505 896 5546 cum
925 5511 1192 5552 summam
1217 5516 1243 5552 a
1271 5517 1398 5572 rege
1415 5516 1740 5571 potestatem
1758 5513 1989 5583 accepit,

395 5591 512 5636 erat
561 5599 836 5640 annorum
887 5605 1027 5656 xxv;
1068 5608 1191 5648 nam
1224 5609 1253 5649 a
1291 5595 1554 5654 fratribus
1598 5604 1989 5672 septemdecim

399 5687 572 5730 unitos
603 5691 760 5736 natus
790 5687 1153 5745 venumdatus
1179 5701 1281 5746 est.

471 5764 585 5824 XII.
609 5768 819 5833 interea
842 5779 1006 5839 rebus
1031 5782 1084 5838 in
1103 5780 1340 5858 Egypto
1362 5787 1622 5848 adversus
1641 5791 1833 5850 famem
1853 5791 1992 5853 bene

2106 1870 2312 1929 mento,
2345 1863 2636 1935 multisque
2679 1867 2910 1924 donatos
2943 1869 3160 1926 domum
3205 1873 3436 1940 remisit,
3467 1890 3703 1944 praenm-

2105 1967 2243 2008 nens
2267 1995 2282 2018 ,
2315 1955 2570 2026 Quinque
2599 1958 2780 2015 adhuc
2804 1975 2976 2015 annos
3018 1961 3210 2016 famem
3259 1964 3490 2019 futuram
3524 1984 3537 2018 :
3578 1984 3700 2023 cum

2103 2056 2260 2117 patre
2288 2059 2449 2119 atque
2477 2053 2622 2107 omni
2655 2055 2916 2124 progenie
2948 2070 3012 2111 ac
3040 2055 3243 2111 familia
3277 2061 3342 2114 ad
3373 2076 3435 2118 se
3480 2063 3710 2118 commi-

2103 2153 2346 2210 grarent.
2372 2142 2736 2214 IgiturJacob
2761 2149 2812 2202 iu
2842 2146 3136 2222 Egyptum
3169 2151 3497 2222 descendit,
3536 2156 3706 2233 [Egy-

2107 2234 2231 2304 ptiis
2259 2237 2553 2292 admodum
2603 2239 2934 2308 lzetantibus,
2966 2245 3237 2314 gaudente
3285 2261 3435 2320 rege,
3465 2247 3702 2322 benigne

2104 2344 2131 2382 a
2163 2329 2274 2385 filio
2302 2341 2608 2400 susceptus.
2644 2332 2698 2389 Id
2730 2345 2943 2406 gestum
2975 2352 3118 2392 anno
3146 2340 3324 2394 aetatis
3366 2340 3534 2400 Iacob
3566 2359 3697 2397 cen-

2107 2421 2304 2477 tesimo
2348 2432 2403 2479 ct
2437 2425 2749 2496 trigesimo;
2793 2443 2820 2481 a
2854 2429 3057 2483 diluvio
3089 2441 3268 2486 autem
3313 2448 3454 2488 anno
3497 2449 3580 2489 cm
3602 2451 3697 2490 ccc

2103 2529 2157 2573 et
2189 2534 2252 2574 ιιι
2283 2531 2573 2577 :cacterum
2605 2525 2672 2576 ab
2705 2539 2769 2579 eo
2798 2533 3041 2591 tempore
3070 2544 3172 2600 quo
3205 2525 3440 2584 Abraam
3471 2527 3524 2582 itt
3557 2539 3698 2585 terra

2103 2609 2540 2669 Chanauteorum
2572 2616 2859 2685 consedit,
2910 2617 2960 2672 in
2994 2617 3043 2672 id
3068 2634 3175 2694 qtto
3202 2618 3371 2680 Iacob
3401 2620 3698 2698 [Egyptian

2103 2705 2383 2772 ingressus
2424 2717 2544 2772 est,
2595 2707 2908 2764 referuntur
2958 2713 3085 2765 anni
3117 2727 3274 2768 ccxv.
3327 2712 3493 2790 igitur
3529 2712 3698 2772 Iacob

2104 2797 2340 2866 septimo
2385 2807 2439 2852 et
2481 2798 2696 2855 decimo
2741 2817 2884 2856 anno
2940 2819 3101 2872 quam
3149 2804 3204 2859 in
3251 2803 3488 2880 Egypto
3536 2809 3699 2863 adre-

2103 2900 2294 2956 nerat,
2353 2903 2584 2962 urgente
2634 2895 2824 2949 morbo
2875 2893 3080 2964 Ioseph
3131 2898 3301 2952 filium
3357 2899 3696 2967 Oblesialttl‘,

2102 2997 2302 3053 corpus
2352 2984 2605 3055 sepulcro
2657 3001 2757 3041 suo
2806 2986 3082 3042 redderet.
3119 2988 3255 3042 Tum
3303 2988 3507 3064 Ioseph
3556 2993 3696 3061 patri

2105 3075 2506 3133 benedicendos
2534 3077 2674 3134 filios
2704 3094 2834 3136 suos
2861 3081 3097 3147 obtulit;
3129 3081 3328 3154 quibus
3361 3083 3686 3150 benedictis,

2103 3183 2227 3224 cum
2283 3179 2464 3226 tamen
2513 3171 2909 3228 benedictionis
2960 3175 3154 3230 merito
3193 3175 3386 3246 majori
3432 3177 3699 3234 minorem

2107 3265 2526 3332 praeposuisset,
2563 3263 2706 3318 filios
2752 3279 2942 3320 omnes
2996 3265 3376 3324 benedictione
3422 3267 3701 3325 luStravit.

2105 3356 2348 3412 Decessit
2395 3368 2578 3413 autem
2609 3373 2782 3413 annos
2828 3368 2987 3414 natus
3019 3377 3220 3416 curn.
3267 3361 3451 3422 Funus
3492 3364 3704 3442 magni-

2103 3453 2203 3510 fice
2234 3468 2479 3513 curatum
2512 3475 2524 3507 :
2559 3473 2755 3530 corpus
2789 3460 2840 3512 ιιι
2864 3460 3120 3530 sepulcro
3168 3461 3434 3532 majorum
3490 3462 3698 3532 Jnseph

2102 3547 2363 3604 condidit.
2391 3549 2631 3616 Fratres,
2663 3561 2784 3621 post
2808 3553 2975 3622 patris
2997 3554 3201 3608 obitum
3232 3572 3328 3626 pro
3355 3558 3695 3614 conscientia

2104 3653 2386 3710 paventes,
2436 3643 2668 3713 benigne
2719 3645 2924 3700 habuit.
2963 3646 3207 3703 Decessit
3257 3659 3443 3708 autem
3495 3652 3702 3724 Ioseph

2104 3733 2243 3804 ipse,
2273 3736 2452 3790 aetatis
2484 3751 2625 3791 anno
2656 3736 2871 3796 decimo
2901 3747 2957 3792 et
2978 3741 3305 3796 centesimo.

2176 3825 2312 3882 XIII.
2350 3827 2560 3883 Hebraei
2592 3828 2759 3901 igitur
2788 3829 2879 3902 qui
2912 3830 2964 3885 in
2998 3830 3295 3910 Egyptum
3327 3834 3703 3905 devenerant;

2104 3919 2423 3975 incredibile
2465 3933 2774 3978 memoratu
2820 3933 2901 3980 est
2927 3966 2940 3987 ,
2972 3940 3132 4000 quam
3163 3928 3271 3981 cito
3302 3944 3532 4002 nutuero
3561 3933 3706 3986 ancti

2101 4013 2246 4078 sint,
2297 4014 2764 4083 multiplicataqne
2809 4019 3071 4088 progenie
3121 4016 3411 4090 (Egyptum
3459 4022 3708 4094 repleve-

2103 4104 2233 4158 rint.
2279 4105 2384 4162 Sed
2418 4107 2672 4162 defuncto
2704 4124 2831 4178 rege
2862 4112 2956 4180 qui
2987 4125 3081 4165 eos
3114 4111 3183 4166 ob
3216 4111 3470 4170 meritum
3502 4112 3704 4194 Ioseph

2103 4198 2341 4269 benigne
2371 4199 2624 4271 fovebat,
2659 4203 3072 4258 succedentium
3118 4221 3304 4278 regum
3351 4208 3577 4276 imperio
3607 4207 3704 4264 de-

2104 4292 2519 4362 primebantur:
2566 4311 2690 4350 nam
2735 4307 2786 4351 et
2833 4311 2969 4366 opus
3013 4299 3210 4354 durum
3252 4300 3704 4360 a-dilicandarum

2103 4385 2380 4440 civitatum
2433 4386 2512 4441 eis
2564 4388 2920 4458 impositum;
2977 4400 3029 4445 et
3077 4391 3200 4468 quia
3247 4392 3358 4464 jam
3411 4395 3705 4452 multitudo

2102 4480 2386 4536 abundans
2441 4483 2821 4551 metuebatur,
2885 4501 2954 4540 ne
3011 4485 3335 4558 quandoque
3391 4488 3702 4552 libertatem

2103 4572 2270 4626 armis
2325 4572 2702 4640 vindicarent,
2760 4576 3017 4645 parvulos
3073 4592 3266 4632 recens
3321 4579 3493 4634 editos
3551 4583 3707 4652 aquis

2106 4681 2354 4736 mergere
2403 4665 2581 4722 edicto
2629 4669 2780 4738 regio
2821 4669 3182 4739 cogebantur.
3224 4670 3336 4725 Nec
3373 4672 3705 4730 dissimulari

2104 4772 2392 4814 crucntmn
2450 4762 2734 4830 imperium
2790 4762 3003 4818 licebat.
3055 4764 3168 4834 Qua
3223 4773 3545 4840 tempestate
3593 4767 3702 4826 filia

2104 4853 2403 4909 Pharaonis
2441 4853 2702 4911 infantem
2741 4857 2794 4910 iit
2834 4855 3057 4913 flumine
3099 4869 3376 4929 repertum
3402 4902 3416 4930 ,
3456 4861 3702 4923 nutrien-

2102 4945 2230 5000 dum
2263 4962 2360 5017 pro
2395 4946 2506 5002 filio
2537 4949 2746 5003 curavit
2780 4968 2793 5004 :
2825 4964 3022 5010 nomen
3067 4967 3236 5022 puero
3279 4954 3491 5026 Moyses
3529 4955 3699 5012 dedit.

2103 5041 2315 5111 Moyses
2359 5040 2444 5096 hic
2466 5083 2481 5106 ,
2513 5055 2634 5096 cum
2667 5041 2852 5096 viriles
2881 5057 3054 5099 annos
3095 5055 3313 5116 ageret,
3348 5046 3702 5118 ροηδιιὶςιιιιιε

2105 5134 2390 5190 Hebraeum
2440 5135 2508 5192 ab
2548 5135 2801 5209 Egyptio
2846 5138 3089 5205 pulsari,
3141 5149 3419 5214 permotus
3465 5141 3658 5198 dnlot'e
3686 5183 3700 5207 ,

2100 5231 2324 5286 fratrem
2365 5231 2434 5287 ab
2474 5232 2670 5303 injuria
2701 5232 3018 5302 vindicans,
3051 5233 3366 5307 Egyptium
3398 5236 3549 5292 calce
3579 5251 3699 5310 per-

2100 5327 2308 5382 culsum
2338 5327 2636 5383 interemit.
2667 5328 2790 5384 Mox
2820 5329 3144 5406 supplicium
3170 5346 3200 5385 e
3233 5330 3374 5386 facto
3405 5340 3652 5390 tnctueus
3675 5369 3691 5398 ,

2101 5424 2153 5477 in
2183 5433 2383 5478 terram
2412 5422 2618 5477 Madian
2651 5422 2919 5496 profugit;
2955 5433 3009 5486 et
3041 5425 3178 5496 apud
3213 5425 3406 5480 Jotltor
3433 5421 3695 5486 sacerdo-

2104 5531 2212 5574 tem
2243 5518 2484 5589 tegionis
2528 5519 2668 5573 illius
2699 5517 3042 5586 diversatus,
3082 5520 3246 5592 filiam
3291 5520 3406 5596 ejus
3449 5515 3696 5588 Sepultu-

2103 5628 2216 5666 ram
2253 5612 2304 5667 in
2339 5611 2742 5667 matrimonium
2775 5612 3022 5682 accepit,
3058 5628 3232 5684 exque
3273 5628 3338 5668 ea
3376 5611 3511 5676 duos
3553 5610 3696 5682 liliOS

2099 5703 2324 5760 Gersam
2371 5713 2425 5758 et
2471 5700 2682 5758 Elieser
2719 5704 2962 5768 sustulit.
3015 5705 3125 5758 line
3165 5709 3341 5760 tractu
3387 5710 3696 5776 temporum

2098 5793 2199 5852 Job
2231 5795 2363 5864 fuit,
2399 5795 2517 5865 lege
2555 5803 2763 5851 naturae
2798 5802 2854 5850 et
2886 5795 3218 5866 agnitionem
3256 5791 3354 5852 Dei
3393 5805 3450 5853 et
3478 5811 3699 5856 omnem
