4200 6180
469 229 575 287 10⁸5

1799 219 2093 284 SULPICII
2134 216 2387 279 SEVERI

3666 217 3765 273 104

457 343 722 415 justitiam
756 341 1111 414 complexus,
1146 340 1420 413 praedives
1449 341 1678 410 opibus,
1710 349 1873 411 atque
1903 355 1969 396 eo
1998 339 2063 395 il-
2091 340 2145 400 Α
2169 335 2344 389 sinum
2376 332 2545 389 Rubri
2593 332 2762 389 maris
2784 374 2798 399 ,
2847 339 3047 403 praeter
3089 338 3291 388 terram
3340 330 3631 388 Philistiim
3679 334 3766 387 via

467 435 719 503 lustrior,
748 436 891 506 quod
923 436 1008 491 his
1040 450 1216 505 neque
1255 432 1484 504 integris
1521 442 1810 504 corruptus
1831 474 1845 499 ,
1889 447 2066 502 neque

463 527 687 583 amissis
715 527 1048 597 depravatus
1074 535 1178 582 est.
1202 524 1337 580 Nam
1366 541 1489 582 cum
1516 540 1617 598 per
1637 525 1916 580 diabolum
1936 540 2067 579 exu-

471 628 563 675 tus
592 619 752 676 bouis
773 661 789 686 ,
826 619 952 677 filiis
981 621 1145 676 etiam
1178 629 1323 676 esset
1353 619 1578 676 orbatus
1600 660 1614 685 ,
1655 619 1723 674 ad
1764 627 2065 675 extremum

471 711 608 768 diris
639 712 910 768 ulceribus
940 712 1204 779 affectus,
1252 729 1360 768 non
1403 713 1579 784 potuit
1624 714 1800 780 vinci,
1857 720 1914 767 ut
1954 727 2067 783 prae

468 802 679 859 doloris
710 803 1046 874 impatientia
1076 803 1256 876 aliqua
1288 805 1343 860 in
1378 814 1531 875 parte
1559 813 1834 875 peccaret.
1861 804 2066 861 Merce-

472 893 605 951 dem'
637 894 876 966 denique
914 895 1083 951 divini
1126 895 1424 952 testimonii
1454 906 1785 953 consecutus
1807 938 1822 963 ,
1852 897 2069 951 sanitati

473 984 745 1056 redditus,
774 988 956 1044 omnia
979 1003 1100 1059 quae
1124 990 1403 1055 amiserat,
1433 990 1485 1044 in
1514 988 1736 1060 duplum
1770 990 1996 1059 recepit.

548 1078 688 1137 XIV.
720 1082 789 1137 At
816 1081 1029 1138 Hebraei
1061 1082 1421 1154 multiplicato
1445 1083 1727 1139 servitutis
1751 1083 1894 1138 malo
1922 1098 2074 1154 pres-

474 1172 558 1236 si,
589 1173 831 1244 querelis
863 1174 916 1230 in
947 1174 1149 1231 caelum
1177 1176 1467 1243 conversi,
1497 1191 1648 1246 spem
1681 1176 1869 1230 auxilii
1900 1192 1930 1230 a
1963 1176 2073 1231 Deo

471 1269 884 1336 exspectabant.
899 1266 1035 1322 Tum
1054 1268 1225 1339 Moysi
1242 1269 1482 1339 pascenti
1504 1282 1633 1323 oves
1655 1277 1881 1339 repente
1906 1267 2073 1324 rubus

472 1357 665 1415 ardere
696 1360 812 1415 visa
838 1402 853 1427 ,
886 1360 1119 1417 ﬂammis
1149 1371 1329 1419 tamen
1352 1404 1368 1430 ,
1400 1362 1544 1434 quod
1574 1373 1689 1418 erat
1733 1362 2071 1430 mirabilius,

474 1451 734 1508 innoxiis.
768 1454 884 1521 Qua
907 1455 1148 1510 novitate
1178 1454 1596 1526 obstupefactus
1618 1494 1633 1519 ,
1666 1454 1806 1509 rubo
1849 1454 2074 1524 prapius

477 1547 750 1615 accessit,
793 1550 1092 1619 statimque
1135 1548 1202 1604 ad
1248 1565 1370 1605 eum
1411 1549 1719 1605 istiusmodi
1748 1549 1863 1604 fere
1891 1548 2076 1604 verbis

480 1636 624 1694 Deus
655 1639 873 1696 locutus
901 1650 1022 1698 est:
1057 1641 1343 1697 Dominum
1377 1658 1437 1699 se
1467 1657 1589 1699 esse
1623 1644 1858 1697 Abraam
1879 1683 1893 1709 ,
1925 1642 2077 1696 Isaac

2169 427 2433 489 duceret;
2468 442 2536 482 ne
2568 436 2754 497 postea
2794 427 3038 483 Hebraeis
3070 442 3317 483 eremum
3349 426 3766 498 aspernantibus

2168 518 2435 574 redeundi
2492 520 2543 572 in
2599 517 2897 591 IEgyptum
2954 519 3365 574 continentibus
3424 521 3585 574 terris
3636 529 3765 575 noto

2170 610 2369 669 itinere
2417 612 2649 669 facultas
2701 614 3056 683 panderetur,
3107 622 3246 669 nutu
3290 613 3390 669 Dei
3437 614 3658 681 aversi,
3710 612 3764 668 in

2172 705 2413 761 Rubrum
2457 720 2608 761 mare
2651 706 2785 763 illati
2827 716 2985 772 sunt,
3019 715 3307 777 castraque
3334 706 3407 761 ibi
3446 716 3765 763 cunctantes

2171 798 2596 853 constituerunt.
2642 797 2797 866 Quod
2849 797 2941 853 ubi
2968 799 3079 868 regi
3131 799 3441 854 nuntiatum
3489 808 3612 855 est:
3657 799 3763 855 IIe-

2172 890 2378 945 braeum
2412 890 2669 960 populum
2699 892 2800 945 vim
2826 905 3013 947 errore
3036 892 3089 945 in
3120 892 3393 961 olijectum
3424 908 3572 949 mare
3599 894 3765 950 deve-

2173 984 2357 1039 nisse:
2400 984 2604 1039 nullum
2643 985 2691 1039 ei
2722 1000 2845 1041 esse
2876 986 3081 1041 exitum
3119 986 3418 1043 obsistente
3451 987 3761 1055 elemento;

2173 1076 2360 1131 furens
2404 1077 2610 1143 animi,
2648 1094 2757 1148 quo
2803 1079 3103 1149 angebatur
3142 1087 3225 1134 tot
3266 1079 3550 1136 hominum
3599 1082 3764 1138 millia

2174 1182 2344 1239 regno
2370 1182 2469 1223 suo
2500 1180 2555 1225 et
2591 1171 2847 1240 potestati
2886 1172 3184 1237 decedere,
3211 1174 3504 1229 exercitum
3536 1190 3766 1245 propere

2174 1261 2376 1317 educit.
2408 1262 2642 1334 Jamque
2676 1265 2888 1319 eminus
2925 1280 3075 1320 arma
3113 1266 3376 1336 signaque
3409 1277 3463 1321 et
3502 1276 3764 1336 protenta:

2176 1355 2488 1426 patentibus
2532 1355 2640 1412 late
2678 1358 2887 1428 campis
2930 1358 3077 1412 acies
3118 1358 3452 1425 visebantur,
3495 1374 3619 1413 cum
3658 1359 3765 1415 He-

2177 1451 2341 1505 braeis
2373 1460 2518 1506 metu
2552 1452 2773 1522 trepidis
2804 1461 2859 1507 et
2888 1452 3081 1507 coelum
3115 1454 3515 1522 aspectantibns
3556 1452 3767 1525 Moyses

2177 1562 2206 1601 a
2250 1547 2364 1601 Deo
2404 1548 2641 1602 monitus
2665 1563 2989 1618 percussum
3034 1549 3181 1618 virga
3226 1563 3374 1603 mare
3418 1547 3659 1603 discidit.
3690 1547 3766 1603 Ita

2178 1641 2413 1711 populo,
2442 1640 2762 1696 cedentibus
2794 1641 2847 1695 in
2891 1641 3061 1696 latera
3105 1641 3289 1711 aquis,
3334 1641 3481 1697 velut
3512 1642 3563 1695 in
3596 1641 3769 1696 conti-

476 1742 534 1788 et
571 1730 738 1789 Jacob
764 1749 779 1799 ;
809 1748 1040 1804 quorum
1082 1734 1430 1806 progeniem,
1475 1734 1857 1806 IEgyptiorum
1898 1732 2073 1788 domi-
2106 1724 2155 1784 B
2183 1733 2327 1787 neuti
2354 1732 2459 1787 iter
2478 1733 2720 1801 pervium
2756 1734 2875 1788 fuit.
2904 1734 3014 1790 Nec
3042 1742 3328 1789 cunctatus
3357 1750 3452 1790 rex
3478 1733 3768 1805 Egyptius

478 1828 701 1883 natione
730 1826 1047 1899 depressam
1066 1870 1082 1897 ,
1113 1838 1358 1899 ereptam
1387 1829 1546 1883 malis
1571 1830 1787 1899 cupiat:
1815 1827 1920 1883 iter
1945 1842 2077 1897 ergo

479 1921 784 1992 susciperet
805 1922 874 1978 ad
901 1938 1082 1994 regem
1107 1922 1330 1996 Egypti
1352 1965 1367 1990 ,
1395 1923 1700 1992 ducemque
1727 1937 1785 1978 sc
1808 1922 1992 1993 populi
2023 1920 2075 1976 in

475 2010 788 2069 libertatem
820 2014 1141 2069 restituendi
1164 2026 1471 2084 praestaret.
1507 2014 1867 2070 Cunctantem
1890 2022 2078 2086 potes-

480 2113 594 2162 tate
633 2106 961 2174 confirmat,
1005 2108 1259 2163 virtutem
1303 2108 1351 2163 ei
1396 2107 1671 2179 signorum
1706 2108 2077 2163 faciendorum

478 2197 823 2270 impertiens.
864 2199 945 2255 Ita
983 2200 1196 2272 Moyses
1237 2201 1288 2255 in
1320 2199 1615 2272 Egyptum
1654 2201 1962 2272 profectus,
2005 2200 2082 2256 si-

479 2291 604 2362 gnis
637 2291 788 2361 prius
816 2292 957 2362 apud
985 2308 1115 2348 suos
1143 2292 1307 2349 editis
1331 2334 1345 2359 ,
1379 2303 1660 2362 assumpto
1690 2294 1859 2349 fratre
1896 2295 2078 2348 Aaron

479 2398 666 2454 regem
696 2384 870 2440 adiit:
902 2386 1130 2441 missum
1161 2401 1221 2441 se
1250 2401 1280 2439 a
1311 2386 1425 2442 Deo
1454 2386 1667 2457 prodit,
1702 2386 1994 2457 verbisque
2023 2401 2082 2443 se

480 2474 577 2533 Dei
605 2476 819 2545 dicere,
847 2479 1105 2549 populum
1122 2478 1411 2534 Hebraeum
1442 2481 1518 2534 uti
1548 2478 1875 2535 dimitteret.
1895 2482 1963 2535 At
1993 2479 2083 2539 ille

482 2585 689 2643 negans
727 2587 787 2627 se
829 2571 1117 2629 Dominum
1151 2588 1313 2629 nosse
1336 2616 1350 2639 ,
1382 2588 1578 2644 parere
1617 2574 1847 2644 imperio
1879 2574 2084 2629 abnue-

479 2662 593 2719 bat.
621 2663 869 2736 Cumque
909 2665 1126 2738 Moyses
1173 2667 1226 2722 in
1276 2666 1647 2723 testimonium
1697 2666 2081 2722 mandatorum

482 2753 582 2813 Dei
616 2772 679 2813 ex
713 2758 863 2830 virga
887 2757 1185 2815 draconem
1228 2758 1476 2827 fecisset,
1518 2775 1644 2814 mox
1684 2775 1855 2830 aquas
1892 2774 2084 2816 omnes

478 2844 535 2904 in
568 2849 890 2921 sanguinem
936 2852 1342 2920 convertisset,
1391 2860 1672 2924 totamque
1707 2863 1907 2909 terram
1937 2852 2086 2907 ranis

436 2962 439 2965 λ
480 2941 797 3013 opplesset;
853 2944 1181 3002 facientibus
1233 2946 1434 3001 similia
1486 2945 1795 3015 Chaldaeis,
1848 2947 2084 3018 magicas

2179 1826 2440 1882 cedentes
2483 1826 2725 1897 insequi,
2776 1842 2959 1893 mare,
3006 1842 3109 1897 qua
3160 1827 3407 1897 patebat,
3457 1828 3768 1898 ingressus,

2182 1934 2304 1975 mox
2329 1921 2650 1976 coeuntibus
2672 1921 2826 1986 aquis
2848 1936 2971 1975 cum
2994 1920 3138 1974 omni
3163 1921 3408 1975 exercitu
3427 1920 3639 1975 deletus
3666 1928 3768 1975 est.

2253 2013 2393 2068 XVI.
2440 2013 2593 2069 Tunc
2637 2014 2850 2086 Moyses
2894 2012 3265 2069 incolumitate
3304 2028 3565 2079 suorum,
3607 2011 3773 2067 exitio

2182 2105 2455 2171 hostium,
2504 2106 2810 2176 virtutequc
2860 2105 3177 2171 exsultans,
3224 2105 3493 2159 canticum
3542 2104 3775 2159 Domino

2182 2199 2412 2267 cecinit,
2462 2200 2715 2264 idemque
2759 2200 2939 2254 omnis
2988 2200 3141 2253 turba
3178 2197 3354 2252 virilis
3392 2212 3457 2253 ac
3496 2197 3775 2252 muliebris

2183 2308 2345 2349 sexus
2376 2292 2527 2348 fecit.
2571 2293 2678 2348 Sed
2721 2293 2999 2364 ingressos
3038 2307 3281 2348 eretnum
3307 2333 3321 2359 ,
3364 2306 3486 2346 cum
3524 2290 3633 2361 jam
3678 2306 3777 2362 per

2185 2388 2424 2443 triduum
2459 2388 2560 2443 iter
2588 2396 2844 2458 agerent,
2874 2403 3029 2457 aquae
3054 2388 3276 2458 penuria
3308 2386 3562 2458 urgebat,
3592 2402 3777 2457 reper—

2186 2489 2351 2553 taque
2394 2482 2464 2537 ob
2510 2482 2913 2537 amaritudinen
2955 2482 3075 2537 usui
3109 2498 3213 2536 non
3246 2491 3383 2537 erat.
3414 2481 3492 2536 Ac
3525 2493 3634 2536 tum
3666 2482 3778 2551 pri-

2184 2591 2331 2631 mum
2366 2576 2682 2643 impotentis
2719 2576 2907 2648 populi
2935 2578 3277 2632 contumacia
3321 2578 3591 2648 apparuit.
3631 2577 3778 2632 Jam—

2185 2687 2291 2743 que
2320 2672 2375 2726 in
2405 2670 2624 2743 Moysen
2655 2672 2952 2738 ferebatur,
2978 2687 3100 2726 cum
3130 2671 3355 2727 edoctus
3380 2686 3410 2726 a
3438 2671 3551 2727 Deo
3577 2671 3778 2743 lignum

2186 2764 2339 2834 aquis
2369 2763 2579 2829 intulit,
2609 2764 2766 2832 cujus
2792 2767 2909 2819 hmo
2936 2765 3021 2819 vis
3045 2764 3171 2831 fuit,
3203 2773 3262 2819 ut
3287 2766 3500 2821 dulcem
3528 2779 3777 2837 saporem

2188 2858 2405 2913 fluentis
2432 2858 2706 2914 redderet.
2735 2859 2868 2914 Exin
2896 2869 3202 2930 promotum
3230 2875 3447 2931 agmen,
3476 2861 3617 2932 apud
3644 2862 3777 2916 Elim

2186 2950 2474 3006 duodecim
2506 2951 2746 3007 fontibus
2768 2968 3030 3023 aquarum
3053 2964 3107 3008 et
3130 2956 3470 3025 septuaginta
3493 2956 3781 3012 arboribus

479 3047 605 3089 esse
646 3044 793 3091 artes
834 3051 1197 3108 quaecumque
1238 3052 1335 3108 per
1376 3037 1598 3110 Moysen
1642 3038 1871 3103 fierent,
1906 3040 2085 3108 potius
2128 3043 2487 3121 _palmarum
2517 3045 2749 3114 repertis
2773 3045 3041 3100 consedit.
3074 3045 3304 3099 Rursum
3332 3047 3559 3115 populus
3586 3048 3781 3102 famem

479 3139 642 3196 quam
672 3125 774 3181 Dei
803 3127 1062 3183 virtutem
1082 3168 1099 3196 ,
1130 3129 1521 3198 pronuntiabat
1548 3146 1563 3195 ;
1592 3131 1768 3186 donec
1794 3131 2088 3201 superduc-
2116 3116 2536 3205 Ciconquereus
2556 3178 2570 3203 ,
2601 3135 2818 3207 Moysen
2858 3138 3173 3207 increpabat
3194 3179 3207 3199 .
3237 3137 3455 3209 ngypli
3497 3142 3780 3195 servitium

482 3218 553 3273 tis
577 3218 892 3288 ciniphibus
918 3228 1063 3276 terra
1092 3222 1313 3291 oppleta
1345 3231 1466 3288 est,
1494 3223 1766 3279 Chaldaeis
1793 3222 2089 3282 fatentibus

483 3311 773 3382 majestate
806 3312 987 3369 divina
1021 3314 1121 3370 iSta
1153 3314 1294 3370 fieri.
1323 3315 1459 3370 Tum
1501 3330 1599 3372 rex
1639 3317 1787 3372 malo
1824 3326 2049 3373 coactus
2072 3361 2086 3385 ,

482 3405 753 3462 advocato
787 3406 855 3462 ad
891 3422 950 3463 se
980 3409 1170 3480 Moyse
1201 3416 1259 3464 et
1284 3409 1466 3465 Aaron
1493 3454 1508 3481 ,
1546 3410 1640 3465 dat
1676 3412 1877 3481 populo
1914 3411 2091 3468 disce-

481 3499 649 3556 dendi
699 3509 1024 3570 potestatem
1053 3543 1069 3567 ,
1122 3501 1288 3558 modo
1341 3512 1398 3557 ut
1444 3502 1832 3574 superductam
1880 3503 2089 3560 cladem

485 3601 822 3649 averterent.
859 3592 966 3649 Sed
1010 3594 1099 3649 ubi
1139 3594 1324 3650 clades
1363 3604 1617 3665 exempta
1657 3607 1776 3662 est,
1820 3598 2090 3666 impotens

483 3684 568 3740 sui
608 3684 827 3740 animus
870 3684 925 3739 in
966 3701 1025 3741 se
1070 3700 1363 3755 reversus,
1396 3689 1586 3754 exire,
1627 3697 1683 3743 ut
1714 3699 2086 3757 convenerat,

480 3774 758 3833 Israelitas
798 3792 905 3834 non
940 3777 1268 3849 patiebatur.
1295 3778 1379 3834 Ad
1411 3791 1714 3837 extremum
1746 3782 1934 3837 decem
1978 3783 2092 3852 pla-

485 3869 572 3941 gis
599 3872 845 3942 corporis
875 3882 930 3927 et
958 3872 1115 3943 regni
1144 3874 1226 3928 sui
1258 3883 1523 3931 contusus
1555 3886 1610 3930 et
1640 3876 1849 3931 evictus
1878 3888 1979 3933 est.

560 3964 678 4019 XV.
726 3965 831 4021 Sed
864 3967 1043 4036 pridie
1072 3982 1237 4038 quam
1266 3966 1506 4040 Egypto
1539 3971 1769 4039 populus
1794 3980 1879 4026 est
1907 3987 2091 4043 egres-

485 4068 613 4123 sus,
639 4055 910 4113 mandatis
928 4058 1147 4113 Domini
1171 4059 1481 4127 instruitur,
1508 4062 1659 4118 rudis
1679 4063 1857 4120 adhuc
1884 4073 2089 4135 tempo-

487 4170 609 4212 rum
638 4174 652 4211 :
687 4158 926 4213 Mensem
951 4158 1100 4213 illum
1131 4160 1223 4230 qui
1258 4168 1384 4216 tunc
1409 4172 1560 4229 erat,
1592 4163 1822 4232 primum
1846 4164 2086 4218 omnium

487 4250 758 4305 mensium
806 4266 931 4306 esse
976 4262 1377 4323 cognosceret:
1411 4254 1740 4311 sacrificium
1771 4268 1950 4311 autem
1982 4255 2088 4312 diei

486 4341 635 4399 illius
661 4343 715 4399 in
743 4345 1148 4401 solemnitatem
1180 4348 1632 4417 consequentium
1664 4349 1985 4404 sa'culot‘mn
2018 4348 2089 4403 ita

487 4450 611 4491 esse
634 4435 1020 4492 celebrandum
1038 4480 1053 4506 ,
1076 4448 1135 4493 ut
1160 4438 1562 4509 quartadecima
1588 4438 1678 4496 die
1696 4439 1898 4495 mensis
1921 4454 2091 4511 agnus

489 4526 872 4585 immaculatus
897 4572 912 4597 ,
945 4531 1234 4586 anniculus
1262 4572 1276 4597 ,
1307 4532 1527 4587 victima
1569 4533 1905 4598 caederetur;
1947 4532 2092 4602 ejus-

489 4622 614 4678 dem
645 4623 909 4694 sanguine
960 4635 1142 4695 postes
1192 4624 1562 4680 illinirentur:
1606 4640 1824 4682 carnem
1874 4625 2091 4695 penitus

488 4713 867 4781 exedendam,
916 4730 981 4770 os
1025 4725 1205 4773 autem
1252 4731 1357 4771 non
1401 4716 1830 4772 conterendum:
1881 4726 2088 4787 septem

490 4806 683 4864 diebus
715 4809 986 4865 fermento
1022 4810 1397 4878 abstinerent,
1438 4812 1642 4883 azymis
1680 4819 1981 4876 uterentur,
2017 4812 2092 4865 ri-

490 4909 717 4973 tumque
757 4901 903 4959 hunc
944 4904 1177 4974 posteris
1208 4905 1506 4961 traderent.
1539 4904 1612 4959 Ita
1647 4906 1877 4975 populus
1906 4919 2091 4975 egres-

487 5007 583 5050 sus
606 4993 761 5050 dives
783 4998 899 5051 suis
928 4996 1105 5068 copiis
1124 5039 1139 5064 ,
1172 5006 1227 5053 et
1256 4996 1476 5070 Egypti
1504 4998 1697 5067 spoliis
1728 4998 2086 5051 cumulatior:

487 5086 644 5156 cujus
674 5103 960 5154 numerus,
992 5105 1058 5144 ex
1084 5090 1324 5161 quinque
1353 5101 1409 5146 et
1439 5090 1781 5160 septuaginta
1814 5089 2086 5156 Hebraeis,

486 5179 581 5251 qui
615 5179 847 5250 primum
878 5181 1174 5255 Egyptum
1213 5182 1657 5247 descenderant,
1698 5183 1763 5237 ad
1806 5183 1973 5238 millia
2012 5184 2089 5239 vi-

486 5285 673 5327 rorum
719 5283 981 5329 sexcenta
1032 5284 1356 5345 pervenerat
1387 5316 1399 5328 .
1432 5316 1445 5329 .
1479 5316 1494 5331 .
1528 5313 1541 5327 .
1576 5274 1644 5328 ab
1674 5292 1739 5328 eo
1771 5284 1950 5329 autem
1981 5290 2088 5343 quo

485 5363 724 5435 primum
768 5365 1004 5421 Abraam
1049 5375 1251 5422 terram
1295 5365 1728 5420 Chananarurum
1756 5376 2091 5432 accesserat,

485 5468 634 5511 anno
676 5457 956 5527 trigesimo
1000 5467 1056 5514 et
1099 5456 1676 5529 quadringentesimo:
1710 5475 1736 5511 ιι
1766 5457 1975 5513 diluvio
1999 5474 2089 5513 au-

487 5556 601 5604 tem
633 5550 781 5606 mille
811 5551 1127 5621 quingentis
1159 5551 1405 5621 quinque
1435 5560 1491 5606 et
1522 5556 1883 5621 septuaginta.
1927 5550 2094 5622 Igitur

485 5653 719 5711 propere
746 5640 983 5713 egressis
1003 5682 1018 5709 ,
1044 5642 1299 5698 columna
1329 5643 1486 5698 nubis
1514 5642 1778 5709 interdiu,
1813 5654 1973 5700 noetu
2000 5658 2093 5699 co-

484 5730 669 5789 lumna
702 5736 839 5807 ignis
865 5735 1431 5811 praeferebatur.},Sed
1458 5752 1581 5795 cum
1605 5779 1619 5805 ,
1648 5736 1719 5794 ob
1746 5736 2092 5810 interiectum

2191 3247 2312 3287 cum
2349 3232 2633 3286 saturitate
2664 3231 2873 3287 ventris
2898 3231 3239 3287 desiderans.
3272 3232 3408 3287 Tum
3438 3248 3566 3302 grex
3600 3242 3782 3288 coturo

2194 3324 2370 3379 nicum
2392 3338 2626 3392 superne
2652 3321 2850 3378 missus
2876 3333 3049 3377 castra
3071 3323 3327 3393 Opplevit.
3352 3324 3579 3380 Postero
3601 3333 3779 3380 autem

2193 3416 2280 3470 die
2300 3416 2845 3487 animadvertuntqui
2864 3428 3016 3473 extra
3035 3429 3211 3473 castra
3235 3427 3639 3490 processerant,
3662 3434 3783 3489 par-

2194 3508 2273 3563 vis
2292 3508 2613 3578 quibusdam
2639 3508 2849 3580 siliquis
2871 3510 3147 3579 oppletum
3171 3510 3345 3565 solum
3366 3528 3380 3576 ;
3407 3527 3636 3581 quarum
3658 3526 3782 3581 spe-

2193 3602 2307 3657 cies
2332 3601 2384 3655 in
2414 3601 2634 3657 modum
2660 3602 2939 3658 coriandri
2970 3603 3218 3670 seminis,
3245 3602 3462 3673 glaciali
3488 3603 3785 3659 albitudine

2194 3700 2312 3748 erat
2332 3734 2347 3753 ,
2380 3704 2439 3748 ut
2464 3694 2658 3749 crebro
2685 3692 2931 3750 hibernis
2959 3696 3238 3750 mensibus
3266 3694 3607 3764 superductis
3638 3695 3784 3763 prui-

2194 3787 2277 3841 nis
2309 3786 2416 3855 tegi
2449 3795 2648 3842 terrain
2680 3786 2948 3841 videmus.
2983 3787 3118 3839 Ttun
3159 3801 3256 3854 per
3287 3784 3507 3855 Moysen
3549 3784 3783 3855 papulus

2194 3877 2542 3944 admonetur,
2575 3877 2773 3932 Panem
2806 3879 2948 3931 hunc
2978 3876 3055 3931 eis
3100 3892 3325 3932 munere
3371 3877 3595 3932 missum
3647 3878 3739 3932 Dei
3768 3896 3781 3933 :

2192 3987 2640 4042 unumquemque
2687 3971 2740 4023 in
2789 3970 2840 4024 id
2881 3971 3088 4041 paratis
3119 3971 3354 4027 vasculis
3384 3980 3590 4026 tantum
3621 3988 3783 4028 usur-

2196 4081 2327 4136 pare
2356 4064 2587 4132 debere,
2620 4072 2878 4134 quantum
2923 4065 2974 4118 in
3017 4065 3160 4119 diem
3212 4081 3379 4120 unum
3420 4080 3517 4133 pro
3562 4081 3786 4121 numero

2193 4157 2422 4226 singulis
2454 4157 2584 4211 satis
2614 4166 2802 4213 esset:
2835 4167 2995 4212 sexto
3029 4168 3207 4212 tamen
3237 4158 3373 4222 die,.
3395 4158 3519 4229 quia
3559 4158 3783 4213 sabbato

2194 4250 2374 4320 colligi
2406 4265 2512 4305 non
2545 4250 2759 4318 liceret,
2786 4249 3008 4322 duplum
3030 4258 3444 4321 praesumerent.
3469 4250 3665 4306 Verum
3693 4266 3784 4319 po—

2196 4342 2390 4410 pulus,
2424 4352 2479 4396 ut
2510 4357 2748 4414 semper,
2782 4358 2971 4413 parum
3006 4343 3151 4398 dicto
3191 4343 3445 4411 audiens,
3494 4359 3644 4399 more
3689 4344 3786 4398 hu-

2197 4436 2341 4490 mani
2374 4437 2610 4506 ingenii,
2636 4451 2740 4491 non
2772 4435 3066 4492 refrenavit
3090 4437 3474 4506 cupiditatem,
3503 4452 3571 4492 ex
3596 4452 3786 4492 recon-

2195 4528 2324 4583 ditis
2353 4529 2407 4584 in
2436 4540 2712 4599 posterum
2735 4545 2949 4601 quoque
2976 4530 3121 4584 diem
3151 4531 3461 4585 consulens.
3496 4529 3603 4585 Sed
3632 4544 3787 4598 repo-

2193 4622 2295 4677 sita
2336 4622 2513 4679 fetore
2543 4623 2667 4677 diro
2699 4624 2752 4677 in
2793 4639 3008 4678 vermes
3040 4623 3503 4687 effervescebant;
3547 4636 3668 4677 cum
3700 4623 3788 4678 die

2192 4723 2348 4769 sexto
2390 4714 2441 4769 in
2477 4714 2760 4770 sabbatum
2793 4728 3069 4771 reservata
3092 4758 3106 4779 ,
3141 4715 3345 4786 integra
3380 4723 3787 4785 permanerent.

2196 4805 2309 4861 Hoc
2338 4806 2551 4861 Hebraei
2578 4822 2677 4877 per
2704 4823 2775 4862 xx.
2802 4823 2975 4862 annos
2999 4808 3123 4862 cibo
3149 4818 3275 4862 sunt
3302 4809 3382 4862 usi
3406 4848 3419 4872 ,
3444 4805 3599 4876 cujus
3626 4819 3790 4876 sapor

2194 4898 2343 4953 melli
2374 4899 2685 4967 proximus,
2717 4917 2915 4955 nomen
2948 4901 3144 4958 Manna
3174 4901 3424 4955 traditur.
3452 4899 3506 4953 In
3541 4899 3787 4954 testimo-

2194 4992 2342 5048 nium
2368 5004 2549 5049 autem
2574 4994 2739 5049 divini
2768 4998 3010 5051 muneris
3037 5008 3345 5051 reservasse
3368 4994 3578 5065 Moyses
3601 5008 3790 5064 gomor

2195 5085 2412 5154 plenum
2448 5087 2500 5140 in
2532 5102 2661 5143 vase
2692 5103 2856 5143 aureo
2884 5087 3105 5143 dicitur.

2266 5177 2427 5233 XVII.
2462 5177 2588 5234 Inde
2611 5194 2928 5249 progressus
2951 5178 3181 5250 populus
3198 5219 3212 5243 ,
3237 5193 3358 5234 cum
3386 5192 3540 5249 aquae
3567 5178 3788 5248 penuria

2192 5278 2516 5338 tentaretur,
2558 5289 2703 5343 :egre
2742 5274 2810 5329 ab
2859 5274 3024 5329 exitio
3049 5275 3201 5329 ducis
3255 5274 3608 5343 temperabat.
3650 5273 3787 5327 Tum

2196 5365 2411 5436 Moyses
2456 5366 2753 5420 mandante
2796 5366 3061 5431 Domino,
3110 5368 3249 5436 apud
3300 5367 3478 5421 locum
3519 5367 3604 5419 cui
3645 5364 3790 5419 Oreb

2197 5474 2396 5514 nomen
2443 5468 2558 5525 est,
2606 5460 2760 5530 virga
2797 5470 3008 5531 petram
3057 5461 3397 5530 percutiens,
3447 5459 3595 5529 large
3636 5472 3788 5527 aqua:

2195 5553 2405 5624 copiam
2436 5552 2584 5609 fecit.
2612 5553 2721 5610 Sed
2752 5554 2841 5609 ubi
2870 5554 3156 5625 Raphidim
3186 5564 3508 5625 perventum
3528 5596 3542 5621 ,
3571 5553 3788 5609 Amale-

2195 5647 2319 5701 citze
2363 5650 2619 5716 populum
2662 5648 3065 5703 incursionibus
3096 5648 3403 5703 vastabant.
3437 5647 3650 5715 Moyses
3681 5644 3793 5700 suis

2195 5739 2249 5795 in
2290 5739 2538 5811 praelium
2576 5740 2817 5806 eductis,
2860 5755 2983 5795 cum
3022 5740 3208 5797 Jesum
3240 5740 3569 5798 bellantibus
3598 5736 3794 5811 praefe-
