4194 6192
349 270 460 331 105

1580 266 1905 331 HISTORIA
1944 270 2191 329 SACllA.
2238 266 2365 327 LIB.
2411 270 2450 327 ῐ.

3556 272 3661 331 106

343 391 561 458 cisset,
595 399 878 460 assumpto
909 387 1093 445 Aaron
1121 394 1177 444 et
1205 385 1282 444 Ur
1321 395 1598 459 spectator
1640 405 1836 461 pugna:
1874 388 1958 444 fu-
1984 391 2039 451 Α
2065 403 2163 444 nes
2193 388 2503 444 abactorem
2540 400 2737 457 pecora
2769 384 3139 457 reperientur,
3174 384 3338 456 dupla
3379 388 3659 447 restituet.

346 492 550 551 turus,
600 484 755 541 simul
809 482 1072 553 precandi
1120 482 1411 539 Dominum
1459 484 1667 555 gratia,
1714 495 1956 540 montem

348 578 697 635 conscendit.
734 578 843 635 Sed
874 594 998 635 cum
1029 577 1197 635 dubio
1220 587 1423 635 eventu
1463 580 1610 636 acies
1644 582 1957 637 concurris-

348 682 479 729 sent
500 716 515 738 ,
544 673 713 743 Moysi
744 672 1002 743 precibus
1032 671 1211 727 victor
1236 670 1398 728 Jesus
1430 672 1618 728 hostes
1649 671 1704 727 in
1739 681 1955 729 noctem

348 766 593 822 caecidit.
624 766 727 822 Per
766 766 909 823 idem
950 775 1166 837 tempus
1203 765 1401 823 Jothor
1427 766 1601 840 Moysi
1639 782 1799 823 socer
1833 782 1955 823 eum

350 856 465 912 filia
504 857 786 929 Seppbora
825 858 844 929 (
867 873 989 928 quae
1027 859 1201 932 Moysi
1240 870 1442 930 nupta,
1485 859 1875 932 proficiscente
1902 861 1953 915 in

348 949 648 1023 Egyptum
680 952 797 1007 viro
823 951 970 1007 domi
997 952 1327 1023 resederat)
1355 952 1656 1025 liberisque
1683 953 1800 1024 ejus
1817 996 1833 1022 ,
1859 968 1955 1009 co-

349 1046 515 1116 gnitis
555 1046 723 1103 rebus
759 1062 883 1119 quae
922 1062 1020 1119 per
1058 1048 1284 1120 Moysen
1322 1048 1680 1120 gerebantur,
1721 1048 1789 1104 ad
1829 1064 1955 1105 eum

350 1138 518 1193 venit.
564 1138 739 1209 Ilujus
780 1138 1017 1196 consilio
1046 1138 1264 1212 Moyses
1292 1141 1522 1196 ordines
1554 1140 1739 1213 populi
1772 1140 1958 1196 distri-

347 1231 506 1287 buit:
540 1232 794 1287 tribunos
825 1232 1291 1305 centurionesque
1324 1243 1380 1289 et
1419 1234 1753 1289 decuriones
1778 1233 1957 1304 prtuli-

348 1324 507 1381 ciens
529 1367 541 1389 ,
575 1326 949 1382 necessarium
980 1325 1291 1394 disciplina:
1323 1327 1486 1382 ritum
1519 1329 1756 1398 posteris
1789 1328 1959 1383 tradi-

349 1416 453 1474 dit.
502 1418 697 1474 Jothor
743 1419 799 1475 in
845 1420 1075 1490 patriam
1118 1436 1426 1492 regressus.
1473 1421 1613 1476 Exin
1656 1421 1725 1476 ad
1767 1421 1953 1478 Sinam

352 1521 598 1571 montem
627 1524 978 1587 perventum.
1011 1514 1088 1571 lbi
1118 1514 1336 1587 Moyses
1363 1533 1390 1569 a
1408 1515 1645 1570 Domino
1676 1526 1953 1584 monetur,

350 1608 587 1680 populus
615 1618 671 1663 ut
697 1609 1169 1673 sanetilicaretur,
1198 1607 1484 1664 auditurus
1513 1608 1608 1663 Dei
1636 1623 1803 1664 voces
1830 1626 1844 1663 :
1875 1608 1957 1664 id-

351 1715 461 1771 que
497 1699 734 1756 sollicite
762 1706 1033 1755 curatum.
1065 1699 1170 1757 Sed
1206 1701 1298 1757 ubi
1332 1700 1476 1756 Deus
1509 1701 1679 1755 monti
1720 1701 1955 1769 institit,

2062 479 2397 535 Nocturnum
2433 478 2611 535 furem
2649 480 2821 534 occidi
2859 478 3019 544 licet,
3062 478 3323 535 diurnum
3360 495 3468 537 non
3510 481 3659 538 licet.

2061 578 2117 637 Si
2157 583 2312 649 cujus
2354 595 2554 650 pecora
2595 580 2822 636 alterius
2854 588 2970 635 sata
3010 578 3371 650 depaverint,
3406 580 3664 636 dominus

2061 673 2278 745 pecoris
2307 689 2497 730 eversa
2538 673 2812 729 restituet.
2855 671 2913 729 Si
2954 672 3267 742 depositum
3311 674 3573 743 perierit,
3617 675 3665 729 is

2059 783 2230 841 penes
2276 784 2439 839 quem
2479 767 2795 839 depositum
2837 768 2973 836 fuit,
3015 768 3222 837 jurabit
3261 768 3397 824 nihil
3440 783 3501 824 se
3539 768 3664 824 dolo

2060 861 2237 931 egisse
2263 879 2276 916 :
2309 862 2395 917 fur
2422 862 2678 918 inventus
2700 903 2714 926 ,
2746 861 2974 930 duplum
3004 862 3178 917 dabit.
3208 860 3664 919 Commendatum

2061 969 2228 1025 pecus
2254 969 2285 1008 a
2311 955 2483 1011 bestia
2510 954 2878 1026 interceptum
2901 997 2915 1021 ,
2939 971 3049 1009 non
3078 954 3425 1012 restituetur.
3454 956 3513 1012 Si
3541 957 3666 1026 quis

2060 1048 2327 1119 virginem
2370 1049 2611 1105 nondum
2652 1048 3041 1119 deSponsatam
3083 1051 3419 1116 corruperit,
3454 1050 3668 1106 dotabit

2059 1143 2323 1212 puellam,
2351 1155 2405 1199 et
2434 1145 2507 1199 ita
2531 1160 2649 1199 eam
2676 1159 2900 1199 uxorem
2926 1144 3181 1214 accipiet.
3207 1145 3263 1200 Si
3288 1154 3443 1214 pater
3469 1144 3665 1215 puellae

2059 1238 2278 1304 nuptias
2309 1238 2678 1304 recusaverit,
2709 1238 2892 1293 dotem
2927 1248 3120 1308 raptor
3146 1237 3318 1292 dabit.
3365 1236 3420 1293 Si
3454 1239 3578 1305 quis
3608 1254 3667 1294 se

2060 1328 2250 1397 pecudi
2285 1329 2601 1396 miscuerit,
2634 1331 2797 1384 morti
2826 1330 3069 1385 dabitur.
3105 1329 3435 1385 Sacrificans
3464 1329 3625 1384 idolis
3648 1373 3661 1397 ,

2059 1427 2270 1489 pereat.
2301 1419 2535 1477 Viduam
2566 1431 2617 1477 et
2647 1421 2956 1492 orphanum
2990 1436 3095 1475 non
3128 1421 3497 1492 premendos:
3528 1420 3667 1475 Pau-

2060 1528 2246 1583 perem
2291 1514 2598 1571 debitorem
2649 1531 2755 1570 non
2804 1515 3251 1587 perurgendnm;
3298 1530 3401 1570 nec
3444 1529 3663 1569 usuram

2060 1608 2389 1676 poscendam
2421 1609 2861 1666 :Vestimenturn
2888 1612 3143 1682 pauperis
3170 1626 3269 1680 pro
3297 1611 3528 1680 pignore
3558 1625 3666 1665 non

2058 1704 2440 1776 accipiendum
2469 1725 2480 1760 ε
2516 1707 2833 1778 Principem
2868 1710 3054 1779 pepuli
3086 1725 3193 1763 non
3228 1707 3623 1776 increpandum
3655 1724 3666 1759 :

350 1792 554 1848 validis
600 1792 857 1849 tubarum
887 1793 1241 1865 clangoribus
1280 1808 1375 1849 aer
1401 1793 1775 1863 quatiebatur,
1804 1809 1954 1850 cras-
1989 1785 2035 1848 B
2063 1797 2434 1871 Primogenita
2481 1802 2665 1856 omnia
2714 1802 2946 1857 Domino
2987 1802 3267 1859 offerenda
3299 1820 3310 1855 :
3358 1802 3589 1857 Carnem
3635 1817 3665 1855 a

352 1902 538 1959 eaeque
566 1888 737 1943 nubes
758 1887 972 1943 crebris
997 1902 1119 1943 cum
1148 1886 1468 1942 fulminibus
1495 1886 1956 1943 advolvebantur.

351 1983 461 2043 Sed
492 1984 708 2057 Moyses
737 1993 795 2040 et
824 1984 1007 2040 Aaron
1037 1983 1091 2039 in
1112 1985 1317 2039 montis
1349 1982 1639 2039 cacumine
1666 1981 1957 2038 Domimun

353 2087 606 2148 propter,
638 2077 873 2148 populus
904 2077 1054 2133 circa
1087 2076 1196 2131 ima
1227 2075 1431 2131 montis
1460 2074 1727 2130 constitit.
1764 2073 1839 2129 Ita
1871 2077 1961 2130 lex

353 2168 471 2225 lata
501 2169 792 2240 multiplex
823 2177 879 2225 et
906 2170 1130 2240 copiosa
1162 2168 1261 2223 Dei
1292 2166 1509 2236 verbis,
1541 2176 1599 2223 et
1628 2182 1775 2238 saepe
1808 2182 1962 2237 repe-

355 2267 499 2320 tita:
552 2264 710 2334 cujus
754 2264 798 2320 si
849 2263 969 2335 quis
1016 2263 1129 2319 erit
1174 2262 1473 2329 curiosior,
1526 2260 1733 2317 fontem
1781 2262 1959 2333 ipsum

354 2358 520 2415 adeat
545 2377 559 2413 :
594 2373 694 2414 nos
720 2374 839 2415 eam
872 2358 1112 2414 breviter
1141 2357 1585 2428 perstringimus.
1614 2353 1732 2410 Non
1760 2364 1957 2419 erunt,

351 2452 565 2524 inquit,
602 2453 700 2509 tibi
743 2452 832 2509 dei
872 2452 1040 2508 alieni
1080 2461 1281 2523 praeter
1314 2466 1442 2506 me:
1485 2448 1605 2505 Non
1650 2448 1819 2506 facies
1862 2447 1959 2503 tibi

354 2545 563 2602 idolum
589 2563 604 2601 :
636 2545 754 2602 Non
780 2561 966 2602 sumes
992 2560 1194 2602 nomen
1226 2543 1323 2599 Dei
1354 2544 1428 2599 tui
1463 2544 1516 2599 in
1542 2558 1746 2598 vanum
1774 2560 1788 2597 :
1818 2542 1960 2599 Sab-

355 2639 485 2697 bato
524 2639 735 2694 nullum
776 2653 917 2710 opus
959 2637 1171 2694 facies:
1204 2634 1522 2691 Honorilica
1560 2644 1774 2707 patrem
1810 2643 1959 2688 tuum

355 2742 421 2791 et
450 2742 682 2791 matrem
715 2743 867 2789 tuam
904 2750 917 2786 :
948 2730 1068 2789 Non
1099 2729 1323 2787 occides
1350 2746 1364 2781 :
1393 2727 1511 2784 Non
1552 2724 1919 2783 moechaberis
1946 2742 1958 2778 :

356 2826 478 2887 Non
518 2829 722 2885 furtum
766 2828 970 2884 facies:
1010 2825 1128 2882 Non
1168 2825 1363 2880 falsum
1405 2821 1781 2879 testimonium
1810 2820 1962 2875 dices

357 2923 626 2981 adversus
662 2923 969 2993 proximum
1012 2928 1165 2976 tuum
1196 2938 1210 2974 :
1252 2918 1368 2974 Non
1410 2916 1776 2987 concupisces
1803 2912 1964 2986 quid-

356 3030 521 3089 quam
555 3016 789 3086 proximi
822 3016 923 3071 tui.
1861 3005 1863 3007 ’

434 3107 618 3164 XVIII.
649 3107 745 3164 His
773 3123 804 3162 a
838 3107 953 3163 Deo
979 3104 1145 3161 dictis
1164 3147 1181 3171 ,
1211 3119 1336 3161 cum
1366 3103 1510 3159 tuba:
1536 3102 1965 3172 circumstrepe-

2063 1888 2178 1945 fera
2220 1900 2435 1961 captam
2481 1908 2590 1947 non
2631 1893 2943 1948 edendam:
2989 1893 3271 1950 Coitiones
3316 1897 3369 1949 in
3418 1894 3666 1950 testimo-

2063 1982 2209 2037 nium
2245 1982 2477 2051 falsum,
2513 1994 2612 2039 aut
2644 1986 2697 2039 in
2732 2002 3073 2057 quacumque
3102 1987 3313 2042 malitia
3338 2030 3353 2055 ,
3389 2004 3501 2042 non
3543 2003 3671 2043 esse

2062 2075 2362 2133 faciendas.
2393 2077 2605 2132 Inimici
2637 2094 2803 2149 pecus
2832 2096 3025 2136 errans
3055 2097 3161 2135 non
3193 2080 3502 2152 praeteribis
3524 2124 3537 2147 ,
3570 2082 3668 2138 sed

2064 2170 2319 2227 reduces.
2353 2172 2412 2227 Si
2446 2171 2648 2227 animal
2682 2172 2887 2229 inimici
2930 2175 3291 2231 succubuisse
3323 2178 3477 2232 oneri
3518 2176 3672 2233 inve—

2064 2267 2247 2333 neris,
2291 2265 2509 2336 erigere
2546 2266 2795 2323 debebis.
2838 2267 3198 2324 Innocentem
3228 2278 3281 2324 et
3307 2269 3516 2339 justum
3560 2286 3669 2326 non

2063 2357 2303 2413 occides.
2356 2356 2473 2414 Non
2519 2359 2852 2430 justilieabis
2899 2363 3125 2433 impium
3176 2378 3276 2432 pro
3324 2365 3667 2420 muneribus.

2062 2450 2289 2508 Munera
2332 2468 2440 2508 non
2484 2454 2806 2524 accipienda
2833 2473 2845 2507 :
2878 2455 3162 2511 Advenam
3194 2456 3433 2528 benigne
3466 2457 3670 2513 haben-

2063 2543 2191 2599 dum
2219 2563 2233 2600 :
2261 2545 2370 2603 Sex
2400 2546 2598 2602 diebus
2624 2562 2759 2618 opus
2792 2548 3099 2604 faciendum
3127 2590 3140 2614 ,
3165 2550 3398 2603 sabbato
3426 2552 3673 2620 requies-

2064 2637 2338 2692 cendum:
2370 2637 2605 2694 Fructus
2632 2640 2855 2710 septimi
2884 2641 3012 2695 anni
3058 2657 3166 2696 non
3214 2642 3502 2699 metendos
3528 2684 3542 2710 ,
3576 2643 3671 2699 sed

2065 2731 2403 2801 pauperibus
2429 2740 2483 2786 et
2515 2733 2703 2801 egenis
2735 2732 3150 2802 relinquendos.

2138 2824 2279 2880 XIX.
2322 2825 2448 2881 Haec
2478 2824 2595 2881 fere
2623 2826 2841 2898 Moyses
2870 2826 2937 2882 ad
2973 2829 3230 2898 populum
3263 2828 3427 2885 verba
3456 2829 3555 2884 Dei
3585 2845 3670 2885 re-

2066 2919 2223 2987 tulit,
2252 2920 2619 2992 altariumque
2646 2936 2713 2976 ex
2738 2921 3027 2977 duodecim
3058 2923 3328 2991 lapidibus
3354 2924 3457 2980 sub
3483 2933 3670 2979 monte

2065 3014 2365 3068 constituit.
2413 3013 2492 3069 Ae
2535 3030 2755 3069 rursum
2806 3024 3047 3071 montem
3078 3057 3092 3080 ,
3143 3017 3195 3071 in
3242 3032 3351 3086 quo
3403 3018 3671 3073 Dominus

2065 3107 2436 3174 consistebat,
2485 3108 2850 3183 conscendit,
2902 3108 3149 3164 adhibito
3199 3125 3386 3165 secum
3439 3109 3668 3175 Aaron,

358 3209 527 3269 rent,
557 3199 839 3271 lampades
870 3197 1334 3263 inardescerent,
1366 3206 1611 3252 montem
1650 3194 1838 3250 fumus
1866 3194 1969 3249 ob-
1991 3185 2038 3249 C
2071 3199 2256 3257 Nadab
2304 3210 2361 3255 et
2407 3198 2585 3256 Abiud
2610 3242 2625 3267 ,
2676 3200 3086 3271 majoribusque
3128 3212 3257 3256 natu
3302 3201 3669 3271 septuaginta.

359 3301 609 3365 tegeret,
650 3293 886 3365 populus
925 3308 1040 3363 pra:
1079 3292 1277 3347 timore
1311 3290 1621 3355 inhorruit,
1660 3290 1824 3345 verba
1865 3288 1963 3344 Dei

360 3401 471 3442 non
496 3385 813 3451 sustinens;
843 3384 1203 3456 poposcitque
1228 3398 1259 3437 a
1287 3381 1474 3454 Moyse
1496 3422 1511 3448 ,
1539 3390 1600 3436 ut
1621 3380 1725 3451 ipsi
1751 3389 1963 3435 tantum

359 3477 683 3549 loqueretur
722 3476 1024 3544 Dominus,
1067 3486 1233 3547 atque
1263 3475 1337 3529 ita
1367 3473 1551 3529 audita
1593 3472 1660 3528 ad
1702 3472 1963 3544 pupulum

358 3568 622 3626 referret.
675 3567 869 3624 Edicta
908 3578 1089 3625 autem
1134 3567 1231 3623 Dei
1272 3566 1341 3621 ad
1385 3566 1612 3637 Moysen
1656 3563 1967 3619 istiusmodi

357 3671 528 3720 sunt:
556 3661 821 3718 Hebraeus
850 3677 984 3732 puer
1012 3662 1241 3734 pecunia
1269 3669 1507 3731 emptus,
1537 3675 1633 3716 sex
1661 3661 1821 3715 annis
1847 3674 1967 3714 scr-

356 3756 502 3825 viet,
534 3764 658 3827 post
684 3754 803 3811 haec
834 3756 972 3814 liber
999 3757 1107 3813 erit
1134 3776 1147 3812 :
1180 3763 1381 3827 sponte
1403 3765 1585 3810 autem
1614 3753 1966 3825 permanenti

358 3849 417 3907 in
445 3850 717 3906 servitute
738 3891 754 3916 ,
785 3851 935 3905 auris
964 3849 1255 3906 forabitur.
1290 3850 1393 3917 Qui
1434 3848 1716 3905 hominem
1752 3847 1970 3904 occide-

359 3942 433 4000 rit
453 3984 469 4011 ,
497 3943 672 4015 capite
700 3958 895 4014 poenas
922 3943 1042 3999 luet
1068 3960 1082 3997 :
1109 3944 1203 4014 qui
1233 3943 1585 4015 imprudens,
1615 3943 1720 3998 rite
1748 3941 1967 3998 exsule-

361 4036 457 4093 rit.
489 4036 588 4105 Qui
617 4046 823 4108 patrem
851 4046 1155 4094 matremve
1182 4037 1518 4108 pulsaverit,
1548 4035 1967 4105 conviciumque

359 4127 448 4185 eis
478 4128 713 4196 dixerit,
746 4130 973 4201 capitali
1013 4129 1288 4201 supplicio
1319 4128 1578 4185 afﬁcitor.
1620 4128 1676 4185 Si
1707 4130 1831 4200 quis
1862 4127 1969 4184 He-

364 4220 573 4279 braeum
596 4224 922 4295 subreptum
947 4224 1287 4291 vendiderit,
1313 4225 1478 4279 morti
1500 4223 1742 4279 dabitur.
1764 4223 1822 4278 Si
1844 4221 1965 4293 quis

363 4330 583 4373 servum
624 4318 907 4387 proprium
949 4332 1236 4374 servamve
1276 4316 1644 4388 percusserit,
1688 4330 1867 4386 exque
1898 4329 1965 4370 eo

364 4410 475 4467 ictu
509 4412 742 4482 obierit,
784 4428 913 4469 reus
942 4413 1154 4483 judicio
1190 4414 1304 4469 fiet.
1344 4413 1401 4471 Si
1445 4413 1567 4484 quis
1602 4422 1817 4484 partum
1854 4427 1961 4468 non

365 4510 727 4568 deformatum
777 4512 998 4569 mulieri
1047 4512 1390 4580 excusserit,
1442 4512 1564 4567 neci
1615 4511 1857 4567 dabitur.
1907 4510 1964 4567 Si

364 4604 491 4673 quis
533 4619 697 4660 servo
742 4606 968 4662 oculum
1011 4616 1105 4662 aut
1147 4606 1372 4663 dentem
1410 4606 1743 4673 extorserit,
1774 4620 1967 4661 servus
1992 4573 2045 4637 υ

367 4694 610 4751 vindicta
643 4696 991 4754 liberabitur.
1025 4698 1242 4754 Taurus
1273 4698 1320 4755 si
1351 4699 1631 4756 hominem
1662 4697 1963 4765 occiderit,

365 4783 701 4857 lapidabitur
733 4806 747 4845 :
780 4790 827 4845 si
862 4789 1123 4847 dominus
1154 4790 1337 4847 sciens
1369 4790 1560 4847 bestiae
1589 4790 1780 4846 vitium
1802 4832 1817 4858 ,
1855 4804 1964 4844 non

363 4884 743 4956 consuluerit,
771 4895 827 4943 et
850 4886 970 4959 ipse
1000 4888 1370 4959 Iapidabitur:
1401 4896 1495 4943 aut
1523 4886 1702 4957 pretio
1731 4901 1793 4942 se
1823 4884 1969 4941 redi-

364 4987 519 5047 mat,
560 4980 611 5034 in
647 4989 913 5050 quantum
953 4990 1243 5037 accusator
1281 4979 1617 5052 poposcerit.
1661 4980 1718 5036 Si
1749 4994 1963 5035 servum

366 5078 558 5127 taurus
608 5072 917 5137 occiderit,
977 5074 1030 5128 in
1084 5073 1308 5145 triginta
1352 5071 1690 5128 didracbmis
1739 5069 1970 5141 pecunia

368 5166 596 5223 domino
631 5166 1030 5224 numerabitur.
1064 5167 1119 5223 Si
1157 5169 1284 5238 quis
1322 5166 1599 5225 defossum
1643 5167 1821 5221 lacum
1862 5180 1972 5220 non

369 5262 756 5331 cooperuerit,
787 5276 1071 5333 pecusque
1100 5261 1155 5315 in
1186 5260 1364 5316 laeum
1395 5259 1701 5326 ceciderit,
1733 5256 1971 5329 pretium

371 5354 597 5425 pecudis
613 5354 837 5411 domino
859 5353 1034 5411 dabit.
1054 5352 1113 5410 Si
1136 5364 1326 5409 taurus
1343 5352 1573 5409 alterius
1596 5362 1809 5408 taurum
1831 5350 1975 5406 occi-

371 5448 550 5517 derit,
579 5464 747 5519 pecus
768 5448 1221 5513 venumdabitur,
1249 5448 1602 5518 pretiumque
1622 5446 1827 5502 domini
1851 5460 1977 5516 par-

373 5540 576 5599 tientur
597 5560 611 5598 :
631 5553 976 5615 peremptum
991 5544 1158 5599 etiam
1182 5542 1450 5598 divident.
1473 5541 1627 5609 Quod
1649 5540 1693 5595 si
1722 5540 1979 5595 dominus

368 5635 566 5691 vitium
591 5638 739 5694 tauri
762 5638 947 5695 sciens
968 5680 984 5707 ,
1008 5653 1118 5694 non
1150 5636 1493 5694 consuluerit
1517 5650 1532 5701 ;
1567 5643 1783 5690 taurum
1808 5633 1978 5689 dabit.

370 5729 431 5787 Si
470 5731 589 5801 quis
623 5733 854 5788 vitulum
892 5732 1273 5804 subripuerit,
1315 5730 1558 5803 quinque
1596 5729 1896 5796 restituet;
1933 5728 1981 5785 si

369 5838 534 5883 ovem
560 5826 897 5900 subripuerit
917 5868 932 5893 ,
961 5824 1260 5898 quadrupli
1291 5839 1451 5895 poena
1482 5821 1627 5881 erit:
1656 5821 1706 5879 si
1736 5821 1856 5879 viva
1887 5837 1982 5893 pe-

824 5921 1102 5983 Pu‘noc.
1186 5917 1338 5980 XX.

2065 3293 2174 3351 Sed
2205 3293 2257 3347 hi
2285 3308 2392 3348 non
2418 3293 2667 3350 valentes
2689 3294 2986 3349 Dominum
3014 3295 3248 3361 intueri,
3276 3294 3455 3351 locum
3486 3303 3667 3351 tamen

2065 3386 2119 3441 in
2160 3401 2269 3456 quo
2311 3386 2574 3443 Dominus
2616 3388 2833 3454 stabat,
2864 3387 3166 3444 viderunt:
3199 3388 3359 3459 cujus
3401 3388 3672 3444 mirabilis

2064 3479 2239 3536 forma
2277 3490 2335 3537 et
2373 3481 2643 3537 claritudo
2684 3482 2884 3537 eximia
2926 3482 3186 3539 refertur.
3231 3484 3447 3555 Moyses
3487 3494 3668 3539 autem

2066 3573 2364 3628 accersitus
2388 3588 2415 3626 a
2451 3573 2702 3639 Domino,
2735 3574 3056 3629 interiorem
3087 3575 3286 3629 nubem
3316 3591 3437 3646 qua:
3464 3575 3670 3630 circum

2068 3665 2358 3719 Dominum
2399 3674 2665 3732 steterat,
2712 3665 3030 3735 ingressus,
3074 3668 3435 3737 quadraginta
3475 3668 3672 3723 diebus

2066 3756 2402 3826 totidemque
2431 3756 2684 3811 noctibus
2709 3757 2780 3810 ibi
2806 3756 2976 3811 fuisse
3002 3758 3258 3811 traditur.
3286 3759 3403 3823 Quo
3428 3768 3673 3827 tempore

2065 3865 2231 3921 super
2268 3850 2592 3905 mdificando
2635 3848 2995 3906 tabernaculo
3036 3861 3201 3920 atque
3240 3865 3401 3917 arca,
3447 3852 3671 3921 rituque

2067 3941 2407 3998 sacrificandi
2448 3942 2675 3997 edoctus
2717 3940 2900 3996 verbis
2942 3941 3039 3997 Dei
3066 3951 3179 3996 est:
3209 3958 3332 4013 quae
3370 3957 3472 4013 ego
3497 3984 3511 4008 ,
3543 3943 3670 4013 quia

2064 4039 2278 4108 prolixa
2320 4038 2617 4093 admodum
2661 4036 3011 4103 videbantur,
3058 4036 3349 4093 inserenda
3393 4037 3521 4091 huic
3565 4046 3672 4091 tam

2068 4132 2299 4201 praeciso
2339 4131 2491 4201 operi
2539 4144 2647 4185 non
2694 4130 2901 4199 putavi.
2941 4128 3050 4185 Sed
3092 4129 3425 4184 immorante
3470 4127 3675 4183 diutius

2068 4223 2251 4295 Moyse
2273 4264 2287 4290 ,
2315 4223 2515 4294 quippe
2542 4221 2635 4292 qui
2667 4237 2739 4277 xi.
2764 4220 2884 4276 dies
2910 4221 3054 4291 apud
3082 4220 3374 4275 Dominum
3405 4219 3632 4275 duceret
3656 4261 3671 4287 ,

2067 4319 2299 4390 populus
2327 4318 2616 4389 desperato
2643 4315 2763 4386 ejus
2788 4315 2969 4371 reditu
2997 4316 3178 4370 Aaron
3208 4314 3470 4385 compulit
3497 4314 3669 4368 simu-

2068 4413 2216 4470 lacra
2247 4412 2450 4468 facere.
2479 4411 2630 4467 Tunc
2660 4426 2729 4467 ex
2760 4409 2999 4466 metallis
3030 4409 3284 4465 conﬂatis
3322 4408 3479 4465 vituli
3512 4419 3677 4481 caput

2068 4506 2309 4573 exstitit;
2337 4505 2427 4561 cui
2458 4522 2581 4562 cum
2620 4506 2859 4577 populus
2891 4505 3105 4560 Domini
3139 4505 3433 4560 immemor
3466 4504 3676 4560 hostias

2070 4602 2391 4667 obtulisset,
2418 4600 2655 4669 vinoque
2683 4614 2745 4654 se
2770 4606 2825 4654 et
2852 4598 3028 4653 ventri
3050 4597 3323 4665 dedisset,
3347 4597 3682 4667 despectans

2070 4694 2191 4750 haec
2212 4692 2361 4764 justo
2390 4692 2580 4749 dolore
2613 4692 2787 4755 Dens,
2823 4690 3139 4762 improbum
3175 4688 3473 4759 populum,
3508 4687 3613 4742 nisi
3643 4700 3675 4741 a

2070 4790 2256 4861 Moyse
2306 4787 2505 4843 fuisset
2551 4794 2853 4852 exoratus,
2905 4784 3167 4840 delesset.
3226 4782 3336 4838 Sed
3391 4794 3675 4852 regressus

2069 4880 2323 4953 Moyses,
2350 4895 2473 4936 cum
2505 4878 2641 4934 duas
2668 4894 2735 4934 ex
2778 4876 2960 4948 lapide
3003 4876 3212 4931 tabulas
3254 4890 3419 4929 manu
3459 4871 3680 4929 Domini

2070 4974 2309 5043 scriptas
2345 4971 2663 5037 detulisset,
2700 4970 3072 5040 populumque
3114 4966 3265 5022 luxui
3300 4975 3355 5021 et
3390 4962 3679 5034 sacrilegio

2075 5064 2321 5122 deditum
2369 5061 2869 5134 deprehendisset,
2918 5060 3131 5117 tabulas
3179 5058 3489 5131 confregit;
3542 5058 3681 5114 indi-

2074 5174 2235 5231 gnam
2263 5172 2384 5214 esse
2414 5167 2634 5227 gentem
2658 5156 2980 5212 existimans
3003 5196 3017 5221 ,
3062 5154 3148 5210 cui
3191 5154 3280 5209 lex
3323 5153 3541 5208 Domini
3574 5164 3683 5208 tra-

2076 5251 2319 5308 deretur.
2352 5248 2534 5305 Multis
2564 5246 3058 5318 tamen1ncrepitis
3080 5287 3095 5315 ,
3126 5245 3354 5302 Levitas
3386 5246 3451 5301 ad
3484 5261 3543 5301 se
3588 5262 3657 5316 ag

2078 5344 2356 5417 gregavit,
2397 5342 2715 5413 eisdemque
2756 5341 3049 5413 prazcepit,
3090 5349 3148 5395 ut
3192 5339 3457 5395 districtis
3487 5334 3681 5408 gladiis

2079 5440 2340 5511 populum
2371 5437 2687 5503 caederent;
2714 5451 2820 5507 quo
2847 5435 3054 5505 impetu
3088 5449 3165 5489 xx
3200 5432 3302 5488 tria
3334 5432 3505 5487 millia
3536 5428 3681 5482 viro-

2081 5550 2202 5592 rum
2228 5542 2506 5606 perempta
2537 5531 2840 5587 traduntur.
2867 5529 3002 5585 Tum
3031 5528 3244 5598 Moyses
3273 5520 3685 5581 tabernaculum

2083 5640 2238 5686 extra
2274 5639 2455 5684 castra
2482 5625 2768 5681 constituit
2794 5641 2807 5678 ς
2835 5622 2980 5694 quod
3004 5620 3225 5692 quoties
3256 5616 3447 5671 fuisset
3474 5613 3687 5683 ingres—

2084 5739 2213 5792 sus,
2258 5724 2511 5780 columna
2549 5720 2708 5777 nubis
2744 5718 2962 5773 adstare
2995 5732 3096 5785 pro
3133 5712 3343 5768 foribus
3381 5708 3687 5774 visebatur,

2086 5831 2379 5887 coramque
2407 5813 2475 5870 ad
2505 5813 2725 5883 Moysen
2756 5809 3020 5866 Dominus
3047 5803 3389 5956 liquebatur.
3420 5801 3693 5859 Poscente
