  <div class='ocr_page' id='page_1' title='image "/cluster/home/n/w/nwhite01/storage/ocr_20150623/20/hvd.32044096580469/059.png"; bbox 0 0 4200 6180; ppageno 0'>
   <div class='ocr_carea' id='block_1_1' title="bbox 495 183 645 284">
    <p class='ocr_par' dir='ltr' id='par_1_1' title="bbox 495 183 645 284">
     <span class='ocr_line' id='line_1_1' title="bbox 495 183 645 284; baseline 0.04 -7"><span class='ocrx_word' id='word_1_1' title='bbox 495 183 499 186; x_wconf 46' lang='grc'><strong>”</strong></span> <span class='ocrx_word' id='word_1_2' title='bbox 540 219 645 284; x_wconf 75' lang='lat' dir='ltr'><strong>tot</strong></span> 
     </span>
    </p>
   </div>
   <div class='ocr_carea' id='block_1_2' title="bbox 1897 216 2483 288">
    <p class='ocr_par' dir='ltr' id='par_1_2' title="bbox 1897 216 2483 288">
     <span class='ocr_line' id='line_1_2' title="bbox 1897 216 2483 288; baseline 0.01 -12"><span class='ocrx_word' id='word_1_3' title='bbox 1897 216 2191 282; x_wconf 85' lang='lat' dir='ltr'><strong>SULPICII</strong></span> <span class='ocrx_word' id='word_1_4' title='bbox 2229 217 2483 288; x_wconf 74' lang='lat' dir='ltr'><strong>SEVERI</strong></span> 
     </span>
    </p>
   </div>
   <div class='ocr_carea' id='block_1_3' title="bbox 3745 228 3850 318">
    <p class='ocr_par' dir='ltr' id='par_1_3' title="bbox 3745 228 3850 318">
     <span class='ocr_line' id='line_1_3' title="bbox 3745 228 3850 318; baseline 0 0"><span class='ocrx_word' id='word_1_5' title='bbox 3745 228 3850 318; x_wconf 64' lang='lat' dir='ltr'><strong>tu</strong></span> 
     </span>
    </p>
   </div>
   <div class='ocr_carea' id='block_1_4' title="bbox 532 333 3854 412">
    <p class='ocr_par' dir='ltr' id='par_1_4' title="bbox 532 333 3854 412">
     <span class='ocr_line' id='line_1_4' title="bbox 532 333 3854 412; baseline 0.001 -16"><span class='ocrx_word' id='word_1_6' title='bbox 532 347 712 396; x_wconf 90' lang='lat' dir='ltr'><strong>autem</strong></span> <span class='ocrx_word' id='word_1_7' title='bbox 742 335 962 411; x_wconf 85' lang='lat' dir='ltr'><strong>Moyse.</strong></span> <span class='ocrx_word' id='word_1_8' title='bbox 991 345 1052 396; x_wconf 88' lang='lat' dir='ltr'><strong>ut</strong></span> <span class='ocrx_word' id='word_1_9' title='bbox 1077 337 1366 396; x_wconf 88' lang='lat' dir='ltr'><strong>Dominum</strong></span> <span class='ocrx_word' id='word_1_10' title='bbox 1398 337 1453 392; x_wconf 91' lang='lat' dir='ltr'><strong>in</strong></span> <span class='ocrx_word' id='word_1_11' title='bbox 1484 336 1774 408; x_wconf 75' lang='lat' dir='ltr'><strong>majestate</strong></span> <span class='ocrx_word' id='word_1_12' title='bbox 1804 335 2023 407; x_wconf 88' lang='lat' dir='ltr'><strong>propria</strong></span> <span class='ocrx_word' id='word_1_13' title='bbox 2054 335 2135 390; x_wconf 88' lang='lat' dir='ltr'><strong>vi-</strong></span> <span class='ocrx_word' id='word_1_14' title='bbox 2165 333 2223 402; x_wconf 76' lang='grc' dir='ltr'><strong>Α</strong></span> <span class='ocrx_word' id='word_1_15' title='bbox 2245 345 2537 406; x_wconf 88' lang='lat' dir='ltr'><strong>mentoque</strong></span> <span class='ocrx_word' id='word_1_16' title='bbox 2581 347 2774 390; x_wconf 89' lang='lat' dir='ltr'><strong>omnes</strong></span> <span class='ocrx_word' id='word_1_17' title='bbox 2824 334 3182 404; x_wconf 89' lang='lat' dir='ltr'><strong>interissent,</strong></span> <span class='ocrx_word' id='word_1_18' title='bbox 3218 335 3320 398; x_wconf 90' lang='lat' dir='ltr'><strong>nisi</strong></span> <span class='ocrx_word' id='word_1_19' title='bbox 3377 337 3546 412; x_wconf 86' lang='lat' dir='ltr'><strong>Moysi</strong></span> <span class='ocrx_word' id='word_1_20' title='bbox 3591 340 3854 410; x_wconf 88' lang='lat' dir='ltr'><strong>precibus</strong></span> 
     </span>
    </p>
   </div>
   <div class='ocr_carea' id='block_1_5' title="bbox 535 427 2141 501">
    <p class='ocr_par' dir='ltr' id='par_1_5' title="bbox 535 427 2141 501">
     <span class='ocr_line' id='line_1_5' title="bbox 535 427 2141 501; baseline -0.003 -12"><span class='ocrx_word' id='word_1_21' title='bbox 535 429 730 496; x_wconf 80' lang='lat' dir='ltr'><strong>deret;</strong></span> <span class='ocrx_word' id='word_1_22' title='bbox 769 445 1092 501; x_wconf 83' lang='lat' dir='ltr'><strong>reSponsum</strong></span> <span class='ocrx_word' id='word_1_23' title='bbox 1115 474 1128 499; x_wconf 90' lang='lat'><strong>,</strong></span> <span class='ocrx_word' id='word_1_24' title='bbox 1177 429 1433 486; x_wconf 88' lang='lat' dir='ltr'><strong>Formam</strong></span> <span class='ocrx_word' id='word_1_25' title='bbox 1463 428 1561 486; x_wconf 85' lang='lat' dir='ltr'><strong>Dei</strong></span> <span class='ocrx_word' id='word_1_26' title='bbox 1609 427 1934 486; x_wconf 74' lang='lat' dir='ltr'><strong>mortalibus</strong></span> <span class='ocrx_word' id='word_1_27' title='bbox 1964 427 2141 484; x_wconf 89' lang='lat' dir='ltr'><strong>oculis</strong></span> 
     </span>
    </p>
   </div>
   <div class='ocr_carea' id='block_1_6' title="bbox 533 518 2139 598">
    <p class='ocr_par' dir='ltr' id='par_1_6' title="bbox 533 518 2139 598">
     <span class='ocr_line' id='line_1_6' title="bbox 533 518 2139 598; baseline -0.004 -18"><span class='ocrx_word' id='word_1_28' title='bbox 533 523 772 596; x_wconf 89' lang='lat' dir='ltr'><strong>perspici</strong></span> <span class='ocrx_word' id='word_1_29' title='bbox 814 538 920 579; x_wconf 93' lang='lat' dir='ltr'><strong>non</strong></span> <span class='ocrx_word' id='word_1_30' title='bbox 965 537 1172 598; x_wconf 86' lang='lat' dir='ltr'><strong>posse;</strong></span> <span class='ocrx_word' id='word_1_31' title='bbox 1220 520 1525 593; x_wconf 81' lang='lat' dir='ltr'><strong>posteriora</strong></span> <span class='ocrx_word' id='word_1_32' title='bbox 1566 529 1745 575; x_wconf 86' lang='lat' dir='ltr'><strong>tamen</strong></span> <span class='ocrx_word' id='word_1_33' title='bbox 1791 518 1908 591; x_wconf 80' lang='lat' dir='ltr'><strong>ejus</strong></span> <span class='ocrx_word' id='word_1_34' title='bbox 1949 518 2139 576; x_wconf 89' lang='lat' dir='ltr'><strong>videre</strong></span> 
     </span>
    </p>
   </div>
   <div class='ocr_carea' id='block_1_7' title="bbox 534 612 2140 686">
    <p class='ocr_par' dir='ltr' id='par_1_7' title="bbox 534 612 2140 686">
     <span class='ocr_line' id='line_1_7' title="bbox 534 612 2140 686; baseline -0.003 -13"><span class='ocrx_word' id='word_1_35' title='bbox 534 631 892 682; x_wconf 90' lang='lat' dir='ltr'><strong>concessum;</strong></span> <span class='ocrx_word' id='word_1_36' title='bbox 924 615 1228 686; x_wconf 77' lang='lat' dir='ltr'><strong>tabulzeque</strong></span> <span class='ocrx_word' id='word_1_37' title='bbox 1255 629 1393 685; x_wconf 88' lang='lat' dir='ltr'><strong>quas</strong></span> <span class='ocrx_word' id='word_1_38' title='bbox 1420 612 1634 686; x_wconf 83' lang='lat' dir='ltr'><strong>Moyses</strong></span> <span class='ocrx_word' id='word_1_39' title='bbox 1664 613 1816 683; x_wconf 92' lang='lat' dir='ltr'><strong>prius</strong></span> <span class='ocrx_word' id='word_1_40' title='bbox 1854 613 2140 683; x_wconf 85' lang='lat' dir='ltr'><strong>confrege-</strong></span> 
     </span>
    </p>
   </div>
   <div class='ocr_carea' id='block_1_8' title="bbox 535 706 2142 780">
    <p class='ocr_par' dir='ltr' id='par_1_8' title="bbox 535 706 2142 780">
     <span class='ocr_line' id='line_1_8' title="bbox 535 706 2142 780; baseline -0.003 -14"><span class='ocrx_word' id='word_1_41' title='bbox 535 720 638 778; x_wconf 89' lang='lat' dir='ltr'><strong>rat,</strong></span> <span class='ocrx_word' id='word_1_42' title='bbox 674 709 926 777; x_wconf 67' lang='lat' dir='ltr'><strong>refectae;</strong></span> <span class='ocrx_word' id='word_1_43' title='bbox 956 708 1051 766; x_wconf 91' lang='lat' dir='ltr'><strong>sed</strong></span> <span class='ocrx_word' id='word_1_44' title='bbox 1082 709 1132 762; x_wconf 92' lang='lat' dir='ltr'><strong>in</strong></span> <span class='ocrx_word' id='word_1_45' title='bbox 1166 709 1273 764; x_wconf 83' lang='lat' dir='ltr'><strong>hoc</strong></span> <span class='ocrx_word' id='word_1_46' title='bbox 1302 707 1580 780; x_wconf 86' lang='lat' dir='ltr'><strong>colloquio</strong></span> <span class='ocrx_word' id='word_1_47' title='bbox 1608 707 1702 763; x_wconf 88' lang='lat' dir='ltr'><strong>Dei</strong></span> <span class='ocrx_word' id='word_1_48' title='bbox 1735 723 1801 764; x_wconf 72' lang='grc' dir='ltr'>χι,</span> <span class='ocrx_word' id='word_1_49' title='bbox 1832 707 2027 762; x_wconf 91' lang='lat' dir='ltr'><strong>diebus</strong></span> <span class='ocrx_word' id='word_1_50' title='bbox 2057 706 2142 761; x_wconf 90' lang='lat' dir='ltr'><strong>di-</strong></span> 
     </span>
    </p>
   </div>
   <div class='ocr_carea' id='block_1_9' title="bbox 533 800 2141 878">
    <p class='ocr_par' dir='ltr' id='par_1_9' title="bbox 533 800 2141 878">
     <span class='ocr_line' id='line_1_9' title="bbox 533 800 2141 878; baseline -0.003 -16"><span class='ocrx_word' id='word_1_51' title='bbox 533 813 787 862; x_wconf 85' lang='lat' dir='ltr'><strong>versatus</strong></span> <span class='ocrx_word' id='word_1_52' title='bbox 813 803 957 878; x_wconf 89' lang='lat' dir='ltr'><strong>apud</strong></span> <span class='ocrx_word' id='word_1_53' title='bbox 1000 803 1294 859; x_wconf 89' lang='lat' dir='ltr'><strong>Dominum</strong></span> <span class='ocrx_word' id='word_1_54' title='bbox 1331 801 1546 876; x_wconf 79' lang='lat' dir='ltr'><strong>Moyses</strong></span> <span class='ocrx_word' id='word_1_55' title='bbox 1592 800 1846 858; x_wconf 83' lang='lat' dir='ltr'><strong>traditur.</strong></span> <span class='ocrx_word' id='word_1_56' title='bbox 1891 802 2141 875; x_wconf 86' lang='lat' dir='ltr'><strong>Cumque</strong></span> 
     </span>
    </p>
   </div>
   <div class='ocr_carea' id='block_1_10' title="bbox 535 898 2142 972">
    <p class='ocr_par' dir='ltr' id='par_1_10' title="bbox 535 898 2142 972">
     <span class='ocr_line' id='line_1_10' title="bbox 535 898 2142 972; baseline -0.004 -11"><span class='ocrx_word' id='word_1_57' title='bbox 535 899 602 961; x_wconf 90' lang='lat' dir='ltr'><strong>de</strong></span> <span class='ocrx_word' id='word_1_58' title='bbox 631 911 817 965; x_wconf 85' lang='lat' dir='ltr'><strong>monte</strong></span> <span class='ocrx_word' id='word_1_59' title='bbox 847 901 1214 960; x_wconf 89' lang='lat' dir='ltr'><strong>descenderet</strong></span> <span class='ocrx_word' id='word_1_60' title='bbox 1245 898 1459 957; x_wconf 90' lang='lat' dir='ltr'><strong>tabulas</strong></span> <span class='ocrx_word' id='word_1_61' title='bbox 1490 899 1819 972; x_wconf 72' lang='lat' dir='ltr'><strong>praeferens,</strong></span> <span class='ocrx_word' id='word_1_62' title='bbox 1855 908 2001 955; x_wconf 90' lang='lat' dir='ltr'><strong>tanta</strong></span> <span class='ocrx_word' id='word_1_63' title='bbox 2031 899 2142 954; x_wconf 89' lang='lat' dir='ltr'><strong>cla-</strong></span> 
     </span>
    </p>
   </div>
   <div class='ocr_carea' id='block_1_11' title="bbox 532 994 2139 1070">
    <p class='ocr_par' dir='ltr' id='par_1_11' title="bbox 532 994 2139 1070">
     <span class='ocr_line' id='line_1_11' title="bbox 532 994 2139 1070; baseline -0.002 -14"><span class='ocrx_word' id='word_1_64' title='bbox 532 998 774 1057; x_wconf 89' lang='lat' dir='ltr'><strong>ritudine</strong></span> <span class='ocrx_word' id='word_1_65' title='bbox 797 997 962 1054; x_wconf 90' lang='lat' dir='ltr'><strong>facies</strong></span> <span class='ocrx_word' id='word_1_66' title='bbox 985 997 1102 1070; x_wconf 88' lang='lat' dir='ltr'><strong>ejus</strong></span> <span class='ocrx_word' id='word_1_67' title='bbox 1124 994 1510 1062; x_wconf 82' lang='lat' dir='ltr'><strong>renidebat,&#39;ttt</strong></span> <span class='ocrx_word' id='word_1_68' title='bbox 1539 995 1734 1052; x_wconf 91' lang='lat' dir='ltr'><strong>intueri</strong></span> <span class='ocrx_word' id='word_1_69' title='bbox 1759 1010 1883 1050; x_wconf 89' lang='lat' dir='ltr'><strong>eum</strong></span> <span class='ocrx_word' id='word_1_70' title='bbox 1909 994 2139 1065; x_wconf 91' lang='lat' dir='ltr'><strong>populus</strong></span> 
     </span>
    </p>
   </div>
   <div class='ocr_carea' id='block_1_12' title="bbox 536 1087 2138 1162">
    <p class='ocr_par' dir='ltr' id='par_1_12' title="bbox 536 1087 2138 1162">
     <span class='ocr_line' id='line_1_12' title="bbox 536 1087 2138 1162; baseline -0.003 -15"><span class='ocrx_word' id='word_1_71' title='bbox 536 1109 643 1150; x_wconf 92' lang='lat' dir='ltr'><strong>non</strong></span> <span class='ocrx_word' id='word_1_72' title='bbox 673 1093 907 1162; x_wconf 82' lang='lat' dir='ltr'><strong>valeret,</strong></span> <span class='ocrx_word' id='word_1_73' title='bbox 936 1089 1032 1149; x_wconf 90' lang='lat' dir='ltr'><strong>sed</strong></span> <span class='ocrx_word' id='word_1_74' title='bbox 1064 1107 1185 1148; x_wconf 89' lang='lat' dir='ltr'><strong>cum</strong></span> <span class='ocrx_word' id='word_1_75' title='bbox 1220 1087 1472 1146; x_wconf 88' lang='lat' dir='ltr'><strong>mandata</strong></span> <span class='ocrx_word' id='word_1_76' title='bbox 1508 1088 1603 1144; x_wconf 90' lang='lat' dir='ltr'><strong>Dei</strong></span> <span class='ocrx_word' id='word_1_77' title='bbox 1646 1087 1920 1144; x_wconf 86' lang='lat' dir='ltr'><strong>relaturus</strong></span> <span class='ocrx_word' id='word_1_78' title='bbox 1961 1097 2138 1156; x_wconf 87' lang='lat' dir='ltr'><strong>esset,</strong></span> 
     </span>
    </p>
   </div>
   <div class='ocr_carea' id='block_1_13' title="bbox 535 1181 2140 1253">
    <p class='ocr_par' dir='ltr' id='par_1_13' title="bbox 535 1181 2140 1253">
     <span class='ocr_line' id='line_1_13' title="bbox 535 1181 2140 1253; baseline -0.004 -12"><span class='ocrx_word' id='word_1_79' title='bbox 535 1186 743 1242; x_wconf 85' lang='lat' dir='ltr'><strong>vultum</strong></span> <span class='ocrx_word' id='word_1_80' title='bbox 790 1186 1106 1242; x_wconf 80' lang='lat' dir='ltr'><strong>velamento</strong></span> <span class='ocrx_word' id='word_1_81' title='bbox 1147 1182 1392 1248; x_wconf 80' lang='lat' dir='ltr'><strong>obtexit,</strong></span> <span class='ocrx_word' id='word_1_82' title='bbox 1440 1192 1605 1252; x_wconf 85' lang='lat' dir='ltr'><strong>atque</strong></span> <span class='ocrx_word' id='word_1_83' title='bbox 1644 1182 1721 1236; x_wconf 88' lang='lat' dir='ltr'><strong>ita</strong></span> <span class='ocrx_word' id='word_1_84' title='bbox 1765 1181 1831 1238; x_wconf 87' lang='lat' dir='ltr'><strong>ad</strong></span> <span class='ocrx_word' id='word_1_85' title='bbox 1881 1181 2140 1253; x_wconf 88' lang='lat' dir='ltr'><strong>populum</strong></span> 
     </span>
    </p>
   </div>
   <div class='ocr_carea' id='block_1_14' title="bbox 534 1273 2140 1340">
    <p class='ocr_par' dir='ltr' id='par_1_14' title="bbox 534 1273 2140 1340">
     <span class='ocr_line' id='line_1_14' title="bbox 534 1273 2140 1340; baseline -0.002 -6"><span class='ocrx_word' id='word_1_86' title='bbox 534 1281 720 1338; x_wconf 86' lang='lat' dir='ltr'><strong>verbis</strong></span> <span class='ocrx_word' id='word_1_87' title='bbox 767 1280 981 1336; x_wconf 91' lang='lat' dir='ltr'><strong>Domini</strong></span> <span class='ocrx_word' id='word_1_88' title='bbox 1017 1281 1228 1340; x_wconf 79' lang='lat' dir='ltr'><strong>locutus</strong></span> <span class='ocrx_word' id='word_1_89' title='bbox 1257 1288 1360 1334; x_wconf 90' lang='lat' dir='ltr'><strong>est.</strong></span> <span class='ocrx_word' id='word_1_90' title='bbox 1393 1273 1510 1333; x_wconf 89' lang='lat' dir='ltr'><strong>Hoc</strong></span> <span class='ocrx_word' id='word_1_91' title='bbox 1547 1275 1601 1332; x_wconf 90' lang='lat' dir='ltr'><strong>in</strong></span> <span class='ocrx_word' id='word_1_92' title='bbox 1645 1275 1771 1331; x_wconf 93' lang='lat' dir='ltr'><strong>loco</strong></span> <span class='ocrx_word' id='word_1_93' title='bbox 1807 1274 2140 1330; x_wconf 82' lang='lat' dir='ltr'><strong>tabernaculi</strong></span> 
     </span>
    </p>
   </div>
   <div class='ocr_carea' id='block_1_15' title="bbox 533 1367 2141 1444">
    <p class='ocr_par' dir='ltr' id='par_1_15' title="bbox 533 1367 2141 1444">
     <span class='ocr_line' id='line_1_15' title="bbox 533 1367 2141 1444; baseline -0.006 -15"><span class='ocrx_word' id='word_1_94' title='bbox 533 1373 970 1444; x_wconf 85' lang='lat' dir='ltr'><strong>interiorumque</strong></span> <span class='ocrx_word' id='word_1_95' title='bbox 997 1371 1116 1443; x_wconf 83' lang='lat' dir='ltr'><strong>ejus</strong></span> <span class='ocrx_word' id='word_1_96' title='bbox 1145 1369 1435 1426; x_wconf 77' lang='lat' dir='ltr'><strong>:ediiicatio</strong></span> <span class='ocrx_word' id='word_1_97' title='bbox 1466 1367 1723 1435; x_wconf 80' lang='lat' dir='ltr'><strong>refertur;</strong></span> <span class='ocrx_word' id='word_1_98' title='bbox 1755 1384 1863 1442; x_wconf 84' lang='lat' dir='ltr'><strong>quo</strong></span> <span class='ocrx_word' id='word_1_99' title='bbox 1889 1382 2141 1422; x_wconf 87' lang='lat' dir='ltr'><strong>consum-</strong></span> 
     </span>
    </p>
   </div>
   <div class='ocr_carea' id='block_1_16' title="bbox 533 1461 2142 1536">
    <p class='ocr_par' dir='ltr' id='par_1_16' title="bbox 533 1461 2142 1536">
     <span class='ocr_line' id='line_1_16' title="bbox 533 1461 2142 1536; baseline -0.009 -8"><span class='ocrx_word' id='word_1_100' title='bbox 533 1479 683 1528; x_wconf 86' lang='lat' dir='ltr'><strong>mato</strong></span> <span class='ocrx_word' id='word_1_101' title='bbox 706 1509 722 1535; x_wconf 86' lang='lat'><strong>,</strong></span> <span class='ocrx_word' id='word_1_102' title='bbox 756 1467 929 1524; x_wconf 89' lang='lat' dir='ltr'><strong>nubes</strong></span> <span class='ocrx_word' id='word_1_103' title='bbox 972 1480 1212 1536; x_wconf 87' lang='lat' dir='ltr'><strong>superne</strong></span> <span class='ocrx_word' id='word_1_104' title='bbox 1242 1462 1478 1528; x_wconf 87' lang='lat' dir='ltr'><strong>decidit,</strong></span> <span class='ocrx_word' id='word_1_105' title='bbox 1511 1473 1678 1535; x_wconf 91' lang='lat' dir='ltr'><strong>atque</strong></span> <span class='ocrx_word' id='word_1_106' title='bbox 1708 1461 1779 1517; x_wconf 86' lang='lat' dir='ltr'><strong>ita</strong></span> <span class='ocrx_word' id='word_1_107' title='bbox 1821 1461 2142 1516; x_wconf 85' lang='lat' dir='ltr'><strong>tabernacu-</strong></span> 
     </span>
    </p>
   </div>
   <div class='ocr_carea' id='block_1_17' title="bbox 529 1549 2137 1628">
    <p class='ocr_par' dir='ltr' id='par_1_17' title="bbox 529 1549 2137 1628">
     <span class='ocr_line' id='line_1_17' title="bbox 529 1549 2137 1628; baseline -0.007 -12"><span class='ocrx_word' id='word_1_108' title='bbox 529 1562 642 1616; x_wconf 88' lang='lat' dir='ltr'><strong>lttm</strong></span> <span class='ocrx_word' id='word_1_109' title='bbox 675 1559 1056 1623; x_wconf 89' lang='lat' dir='ltr'><strong>obumbravit,</strong></span> <span class='ocrx_word' id='word_1_110' title='bbox 1088 1566 1147 1612; x_wconf 90' lang='lat' dir='ltr'><strong>ut</strong></span> <span class='ocrx_word' id='word_1_111' title='bbox 1177 1557 1352 1628; x_wconf 89' lang='lat' dir='ltr'><strong>ipsum</strong></span> <span class='ocrx_word' id='word_1_112' title='bbox 1382 1555 1600 1628; x_wconf 81' lang='lat' dir='ltr'><strong>Moysen</strong></span> <span class='ocrx_word' id='word_1_113' title='bbox 1629 1553 1777 1609; x_wconf 86' lang='lat' dir='ltr'><strong>aditu</strong></span> <span class='ocrx_word' id='word_1_114' title='bbox 1804 1549 2137 1608; x_wconf 79' lang='lat' dir='ltr'><strong>excluderet.</strong></span> 
     </span>
    </p>
   </div>
   <div class='ocr_carea' id='block_1_18' title="bbox 530 1643 2142 1718">
    <p class='ocr_par' dir='ltr' id='par_1_18' title="bbox 530 1643 2142 1718">
     <span class='ocr_line' id='line_1_18' title="bbox 530 1643 2142 1718; baseline -0.007 -10"><span class='ocrx_word' id='word_1_115' title='bbox 530 1650 659 1708; x_wconf 64' lang='lat' dir='ltr'><strong>Haec</strong></span> <span class='ocrx_word' id='word_1_116' title='bbox 687 1649 800 1706; x_wconf 90' lang='lat' dir='ltr'><strong>fere</strong></span> <span class='ocrx_word' id='word_1_117' title='bbox 830 1649 1042 1705; x_wconf 92' lang='lat' dir='ltr'><strong>duobus</strong></span> <span class='ocrx_word' id='word_1_118' title='bbox 1071 1647 1225 1704; x_wconf 89' lang='lat' dir='ltr'><strong>libris</strong></span> <span class='ocrx_word' id='word_1_119' title='bbox 1247 1687 1261 1714; x_wconf 91' lang='lat'><strong>,</strong></span> <span class='ocrx_word' id='word_1_120' title='bbox 1294 1646 1493 1703; x_wconf 89' lang='lat' dir='ltr'><strong>Genesi</strong></span> <span class='ocrx_word' id='word_1_121' title='bbox 1535 1655 1698 1718; x_wconf 88' lang='lat' dir='ltr'><strong>atque</strong></span> <span class='ocrx_word' id='word_1_122' title='bbox 1743 1643 1967 1711; x_wconf 88' lang='lat' dir='ltr'><strong>Exodo,</strong></span> <span class='ocrx_word' id='word_1_123' title='bbox 2011 1657 2142 1700; x_wconf 88' lang='lat' dir='ltr'><strong>con—</strong></span> 
     </span>
    </p>
   </div>
   <div class='ocr_carea' id='block_1_19' title="bbox 532 1743 800 1799">
    <p class='ocr_par' dir='ltr' id='par_1_19' title="bbox 532 1743 800 1799">
     <span class='ocr_line' id='line_1_19' title="bbox 532 1743 800 1799; baseline 0 -1"><span class='ocrx_word' id='word_1_124' title='bbox 532 1743 800 1799; x_wconf 88' lang='lat' dir='ltr'><strong>tinentur.</strong></span> 
     </span>
    </p>
   </div>
   <div class='ocr_carea' id='block_1_20' title="bbox 605 1827 2134 1903">
    <p class='ocr_par' dir='ltr' id='par_1_20' title="bbox 605 1827 2134 1903">
     <span class='ocr_line' id='line_1_20' title="bbox 605 1827 2134 1903; baseline -0.007 -11"><span class='ocrx_word' id='word_1_125' title='bbox 605 1833 727 1892; x_wconf 81' lang='lat' dir='ltr'><strong>XX.</strong></span> <span class='ocrx_word' id='word_1_126' title='bbox 762 1830 902 1890; x_wconf 87' lang='lat' dir='ltr'><strong>Exin</strong></span> <span class='ocrx_word' id='word_1_127' title='bbox 925 1832 1204 1890; x_wconf 89' lang='lat' dir='ltr'><strong>Leviticus</strong></span> <span class='ocrx_word' id='word_1_128' title='bbox 1238 1827 1378 1887; x_wconf 87' lang='lat' dir='ltr'><strong>liber</strong></span> <span class='ocrx_word' id='word_1_129' title='bbox 1417 1831 1682 1903; x_wconf 87' lang='lat' dir='ltr'><strong>sequitur,</strong></span> <span class='ocrx_word' id='word_1_130' title='bbox 1715 1830 1767 1884; x_wconf 92' lang='lat' dir='ltr'><strong>in</strong></span> <span class='ocrx_word' id='word_1_131' title='bbox 1799 1843 1906 1899; x_wconf 85' lang='lat' dir='ltr'><strong>quo</strong></span> <span class='ocrx_word' id='word_1_132' title='bbox 1945 1827 2134 1888; x_wconf 87' lang='lat' dir='ltr'><strong>litandi</strong></span> 
     </span>
    </p>
   </div>
   <div class='ocr_carea' id='block_1_21' title="bbox 533 1920 2136 2002">
    <p class='ocr_par' dir='ltr' id='par_1_21' title="bbox 533 1920 2136 2002">
     <span class='ocr_line' id='line_1_21' title="bbox 533 1920 2136 2002; baseline -0.006 -18"><span class='ocrx_word' id='word_1_133' title='bbox 533 1935 807 2002; x_wconf 67' lang='lat' dir='ltr'><strong>pratcepta</strong></span> <span class='ocrx_word' id='word_1_134' title='bbox 833 1925 1139 1990; x_wconf 89' lang='lat' dir='ltr'><strong>traduntur;</strong></span> <span class='ocrx_word' id='word_1_135' title='bbox 1159 1923 1411 1979; x_wconf 88' lang='lat' dir='ltr'><strong>mandata</strong></span> <span class='ocrx_word' id='word_1_136' title='bbox 1431 1922 1594 1979; x_wconf 89' lang='lat' dir='ltr'><strong>etiam</strong></span> <span class='ocrx_word' id='word_1_137' title='bbox 1615 1922 1738 1977; x_wconf 76' lang='lat' dir='ltr'><strong>lata:</strong></span> <span class='ocrx_word' id='word_1_138' title='bbox 1756 1921 2007 1996; x_wconf 78' lang='lat' dir='ltr'><strong>superius</strong></span> <span class='ocrx_word' id='word_1_139' title='bbox 2028 1920 2136 1994; x_wconf 91' lang='lat' dir='ltr'><strong>legi</strong></span> 
     </span>
    </p>
   </div>
   <div class='ocr_carea' id='block_1_22' title="bbox 527 2013 2137 2090">
    <p class='ocr_par' dir='ltr' id='par_1_22' title="bbox 527 2013 2137 2090">
     <span class='ocr_line' id='line_1_22' title="bbox 527 2013 2137 2090; baseline -0.007 -10"><span class='ocrx_word' id='word_1_140' title='bbox 527 2021 824 2084; x_wconf 86' lang='lat' dir='ltr'><strong>adduntur,</strong></span> <span class='ocrx_word' id='word_1_141' title='bbox 845 2019 1002 2090; x_wconf 89' lang='lat' dir='ltr'><strong>plena</strong></span> <span class='ocrx_word' id='word_1_142' title='bbox 1030 2019 1212 2073; x_wconf 87' lang='lat' dir='ltr'><strong>omnia</strong></span> <span class='ocrx_word' id='word_1_143' title='bbox 1235 2016 1671 2072; x_wconf 81' lang='lat' dir='ltr'><strong>sacerdotalibus</strong></span> <span class='ocrx_word' id='word_1_144' title='bbox 1695 2013 1991 2070; x_wconf 87' lang='lat' dir='ltr'><strong>institutis:</strong></span> <span class='ocrx_word' id='word_1_145' title='bbox 2015 2028 2137 2086; x_wconf 72' lang='lat' dir='ltr'><strong>quae</strong></span> 
     </span>
    </p>
   </div>
   <div class='ocr_carea' id='block_1_23' title="bbox 534 2106 2137 2186">
    <p class='ocr_par' dir='ltr' id='par_1_23' title="bbox 534 2106 2137 2186">
     <span class='ocr_line' id='line_1_23' title="bbox 534 2106 2137 2186; baseline -0.007 -14"><span class='ocrx_word' id='word_1_146' title='bbox 534 2116 581 2172; x_wconf 90' lang='lat' dir='ltr'><strong>si</strong></span> <span class='ocrx_word' id='word_1_147' title='bbox 603 2113 726 2186; x_wconf 89' lang='lat' dir='ltr'><strong>quis</strong></span> <span class='ocrx_word' id='word_1_148' title='bbox 755 2127 1088 2184; x_wconf 80' lang='lat' dir='ltr'><strong>cognoscere</strong></span> <span class='ocrx_word' id='word_1_149' title='bbox 1119 2112 1288 2178; x_wconf 87' lang='lat' dir='ltr'><strong>volet,</strong></span> <span class='ocrx_word' id='word_1_150' title='bbox 1313 2108 1609 2180; x_wconf 85' lang='lat' dir='ltr'><strong>perfectius</strong></span> <span class='ocrx_word' id='word_1_151' title='bbox 1637 2107 1762 2166; x_wconf 89' lang='lat' dir='ltr'><strong>inde</strong></span> <span class='ocrx_word' id='word_1_152' title='bbox 1793 2106 2007 2178; x_wconf 83' lang='lat' dir='ltr'><strong>capiet;</strong></span> <span class='ocrx_word' id='word_1_153' title='bbox 2037 2119 2137 2161; x_wconf 92' lang='lat' dir='ltr'><strong>nos</strong></span> 
     </span>
    </p>
   </div>
   <div class='ocr_carea' id='block_1_24' title="bbox 533 2198 2138 2282">
    <p class='ocr_par' dir='ltr' id='par_1_24' title="bbox 533 2198 2138 2282">
     <span class='ocr_line' id='line_1_24' title="bbox 533 2198 2138 2282; baseline -0.007 -18"><span class='ocrx_word' id='word_1_154' title='bbox 533 2209 679 2264; x_wconf 89' lang='lat' dir='ltr'><strong>enim</strong></span> <span class='ocrx_word' id='word_1_155' title='bbox 711 2204 952 2276; x_wconf 88' lang='lat' dir='ltr'><strong>suscepti</strong></span> <span class='ocrx_word' id='word_1_156' title='bbox 981 2204 1163 2276; x_wconf 89' lang='lat' dir='ltr'><strong>operis</strong></span> <span class='ocrx_word' id='word_1_157' title='bbox 1186 2202 1406 2258; x_wconf 89' lang='lat' dir='ltr'><strong>modum</strong></span> <span class='ocrx_word' id='word_1_158' title='bbox 1438 2199 1832 2266; x_wconf 86' lang='lat' dir='ltr'><strong>custodientes,</strong></span> <span class='ocrx_word' id='word_1_159' title='bbox 1860 2198 2138 2282; x_wconf 36' lang='lat' dir='ltr'><strong>solam‘bi-</strong></span> 
     </span>
    </p>
   </div>
   <div class='ocr_carea' id='block_1_25' title="bbox 535 2293 2136 2371">
    <p class='ocr_par' dir='ltr' id='par_1_25' title="bbox 535 2293 2136 2371">
     <span class='ocr_line' id='line_1_25' title="bbox 535 2293 2136 2371; baseline -0.008 -13"><span class='ocrx_word' id='word_1_160' title='bbox 535 2301 762 2358; x_wconf 87' lang='lat' dir='ltr'><strong>storiam</strong></span> <span class='ocrx_word' id='word_1_161' title='bbox 802 2299 1205 2371; x_wconf 87' lang='lat' dir='ltr'><strong>persequimur.</strong></span> <span class='ocrx_word' id='word_1_162' title='bbox 1233 2294 1405 2367; x_wconf 80' lang='lat' dir='ltr'><strong>Igitur</strong></span> <span class='ocrx_word' id='word_1_163' title='bbox 1431 2293 1563 2350; x_wconf 88' lang='lat' dir='ltr'><strong>Levi</strong></span> <span class='ocrx_word' id='word_1_164' title='bbox 1607 2295 1751 2348; x_wconf 91' lang='lat' dir='ltr'><strong>tribu</strong></span> <span class='ocrx_word' id='word_1_165' title='bbox 1789 2294 1848 2348; x_wconf 93' lang='lat' dir='ltr'><strong>in</strong></span> <span class='ocrx_word' id='word_1_166' title='bbox 1881 2293 2136 2348; x_wconf 87' lang='lat' dir='ltr'><strong>sacerdo-</strong></span> 
     </span>
    </p>
   </div>
   <div class='ocr_carea' id='block_1_26' title="bbox 533 2385 2138 2466">
    <p class='ocr_par' dir='ltr' id='par_1_26' title="bbox 533 2385 2138 2466">
     <span class='ocr_line' id='line_1_26' title="bbox 533 2385 2138 2466; baseline -0.009 -16"><span class='ocrx_word' id='word_1_167' title='bbox 533 2396 668 2451; x_wconf 89' lang='lat' dir='ltr'><strong>tium</strong></span> <span class='ocrx_word' id='word_1_168' title='bbox 699 2401 1009 2466; x_wconf 83' lang='lat' dir='ltr'><strong>segregata,</strong></span> <span class='ocrx_word' id='word_1_169' title='bbox 1030 2389 1262 2461; x_wconf 63' lang='lat' dir='ltr'><strong>reliquie</strong></span> <span class='ocrx_word' id='word_1_170' title='bbox 1293 2388 1468 2445; x_wconf 87' lang='lat' dir='ltr'><strong>tribus</strong></span> <span class='ocrx_word' id='word_1_171' title='bbox 1490 2385 1870 2450; x_wconf 58' lang='lat' dir='ltr'><strong>dinumerata‘,</strong></span> <span class='ocrx_word' id='word_1_172' title='bbox 1898 2394 2138 2454; x_wconf 89' lang='lat' dir='ltr'><strong>reperta-</strong></span> 
     </span>
    </p>
   </div>
   <div class='ocr_carea' id='block_1_27' title="bbox 533 2477 2138 2558">
    <p class='ocr_par' dir='ltr' id='par_1_27' title="bbox 533 2477 2138 2558">
     <span class='ocr_line' id='line_1_27' title="bbox 533 2477 2138 2558; baseline -0.007 -16"><span class='ocrx_word' id='word_1_173' title='bbox 533 2502 640 2558; x_wconf 91' lang='lat' dir='ltr'><strong>que</strong></span> <span class='ocrx_word' id='word_1_174' title='bbox 669 2486 949 2541; x_wconf 84' lang='lat' dir='ltr'><strong>hominum</strong></span> <span class='ocrx_word' id='word_1_175' title='bbox 967 2499 1050 2539; x_wconf 78' lang='lat' dir='ltr'><strong>tac</strong></span> <span class='ocrx_word' id='word_1_176' title='bbox 1068 2491 1124 2538; x_wconf 90' lang='lat' dir='ltr'><strong>et</strong></span> <span class='ocrx_word' id='word_1_177' title='bbox 1140 2495 1321 2538; x_wconf 82' lang='lat' dir='ltr'><strong>meta.</strong></span> <span class='ocrx_word' id='word_1_178' title='bbox 1347 2479 1487 2534; x_wconf 83' lang='lat' dir='ltr'><strong>Cum</strong></span> <span class='ocrx_word' id='word_1_179' title='bbox 1510 2493 1640 2549; x_wconf 67' lang='lat' dir='ltr'><strong>ergo</strong></span> <span class='ocrx_word' id='word_1_180' title='bbox 1669 2477 1899 2549; x_wconf 88' lang='lat' dir='ltr'><strong>p0pulus</strong></span> <span class='ocrx_word' id='word_1_181' title='bbox 1925 2490 2138 2531; x_wconf 77' lang='lat' dir='ltr'><strong>mannte</strong></span> 
     </span>
    </p>
   </div>
   <div class='ocr_carea' id='block_1_28' title="bbox 531 2570 2138 2648">
    <p class='ocr_par' dir='ltr' id='par_1_28' title="bbox 531 2570 2138 2648">
     <span class='ocr_line' id='line_1_28' title="bbox 531 2570 2138 2648; baseline -0.008 -11"><span class='ocrx_word' id='word_1_182' title='bbox 531 2579 680 2645; x_wconf 83' lang='lat' dir='ltr'><strong>cibo,</strong></span> <span class='ocrx_word' id='word_1_183' title='bbox 721 2590 778 2634; x_wconf 92' lang='lat' dir='ltr'><strong>ut</strong></span> <span class='ocrx_word' id='word_1_184' title='bbox 824 2591 990 2648; x_wconf 88' lang='lat' dir='ltr'><strong>supra</strong></span> <span class='ocrx_word' id='word_1_185' title='bbox 1043 2575 1368 2638; x_wconf 87' lang='lat' dir='ltr'><strong>retulimus,</strong></span> <span class='ocrx_word' id='word_1_186' title='bbox 1422 2580 1688 2636; x_wconf 84' lang='lat' dir='ltr'><strong>uteretur,</strong></span> <span class='ocrx_word' id='word_1_187' title='bbox 1732 2577 1814 2625; x_wconf 92' lang='lat' dir='ltr'><strong>tot</strong></span> <span class='ocrx_word' id='word_1_188' title='bbox 1862 2570 2138 2640; x_wconf 87' lang='lat' dir='ltr'><strong>tantisque</strong></span> 
     </span>
    </p>
   </div>
   <div class='ocr_carea' id='block_1_29' title="bbox 532 2662 2136 2738">
    <p class='ocr_par' dir='ltr' id='par_1_29' title="bbox 532 2662 2136 2738">
     <span class='ocr_line' id='line_1_29' title="bbox 532 2662 2136 2738; baseline -0.008 -8"><span class='ocrx_word' id='word_1_189' title='bbox 532 2671 818 2730; x_wconf 81' lang='lat' dir='ltr'><strong>beneﬁciis</strong></span> <span class='ocrx_word' id='word_1_190' title='bbox 847 2667 971 2733; x_wconf 87' lang='lat' dir='ltr'><strong>Dei,</strong></span> <span class='ocrx_word' id='word_1_191' title='bbox 1006 2678 1066 2725; x_wconf 94' lang='lat' dir='ltr'><strong>ut</strong></span> <span class='ocrx_word' id='word_1_192' title='bbox 1095 2684 1338 2738; x_wconf 89' lang='lat' dir='ltr'><strong>semper,</strong></span> <span class='ocrx_word' id='word_1_193' title='bbox 1378 2667 1658 2738; x_wconf 80' lang='lat' dir='ltr'><strong>ingratus,</strong></span> <span class='ocrx_word' id='word_1_194' title='bbox 1695 2663 1831 2720; x_wconf 89' lang='lat' dir='ltr'><strong>viles</strong></span> <span class='ocrx_word' id='word_1_195' title='bbox 1859 2662 2052 2736; x_wconf 86' lang='lat' dir='ltr'><strong>quibus</strong></span> <span class='ocrx_word' id='word_1_196' title='bbox 2081 2662 2136 2717; x_wconf 90' lang='lat' dir='ltr'><strong>in</strong></span> 
     </span>
    </p>
   </div>
   <div class='ocr_carea' id='block_1_30' title="bbox 539 2753 2140 2840">
    <p class='ocr_par' dir='ltr' id='par_1_30' title="bbox 539 2753 2140 2840">
     <span class='ocr_line' id='line_1_30' title="bbox 539 2753 2140 2840; baseline -0.01 -14"><span class='ocrx_word' id='word_1_197' title='bbox 539 2767 776 2840; x_wconf 64' lang='lat' dir='ltr'><strong>A‘lgypto</strong></span> <span class='ocrx_word' id='word_1_198' title='bbox 806 2773 1150 2830; x_wconf 85' lang='lat' dir='ltr'><strong>assueverat,</strong></span> <span class='ocrx_word' id='word_1_199' title='bbox 1181 2763 1351 2834; x_wconf 88' lang='lat' dir='ltr'><strong>dapes</strong></span> <span class='ocrx_word' id='word_1_200' title='bbox 1381 2759 1752 2816; x_wconf 81' lang='lat' dir='ltr'><strong>desiderabat.</strong></span> <span class='ocrx_word' id='word_1_201' title='bbox 1786 2753 1924 2812; x_wconf 80' lang='lat' dir='ltr'><strong>Tum</strong></span> <span class='ocrx_word' id='word_1_202' title='bbox 1955 2756 2140 2828; x_wconf 81' lang='lat' dir='ltr'><strong>Domi-</strong></span> 
     </span>
    </p>
   </div>
   <div class='ocr_carea' id='block_1_31' title="bbox 538 2850 2134 2928">
    <p class='ocr_par' dir='ltr' id='par_1_31' title="bbox 538 2850 2134 2928">
     <span class='ocr_line' id='line_1_31' title="bbox 538 2850 2134 2928; baseline -0.011 -9"><span class='ocrx_word' id='word_1_203' title='bbox 538 2880 638 2919; x_wconf 91' lang='lat' dir='ltr'><strong>nus</strong></span> <span class='ocrx_word' id='word_1_204' title='bbox 681 2863 1002 2917; x_wconf 90' lang='lat' dir='ltr'><strong>immensam</strong></span> <span class='ocrx_word' id='word_1_205' title='bbox 1036 2857 1250 2928; x_wconf 84' lang='lat' dir='ltr'><strong>copiam</strong></span> <span class='ocrx_word' id='word_1_206' title='bbox 1296 2855 1639 2915; x_wconf 89' lang='lat' dir='ltr'><strong>coturnicum</strong></span> <span class='ocrx_word' id='word_1_207' title='bbox 1677 2850 1873 2906; x_wconf 87' lang='lat' dir='ltr'><strong>castris</strong></span> <span class='ocrx_word' id='word_1_208' title='bbox 1913 2850 2134 2914; x_wconf 83' lang='lat' dir='ltr'><strong>intulit;</strong></span> 
     </span>
    </p>
   </div>
   <div class='ocr_carea' id='block_1_32' title="bbox 533 2943 2141 3026">
    <p class='ocr_par' dir='ltr' id='par_1_32' title="bbox 533 2943 2141 3026">
     <span class='ocr_line' id='line_1_32' title="bbox 533 2943 2141 3026; baseline -0.009 -15"><span class='ocrx_word' id='word_1_209' title='bbox 533 2971 671 3026; x_wconf 88' lang='lat' dir='ltr'><strong>quas</strong></span> <span class='ocrx_word' id='word_1_210' title='bbox 697 2969 820 3010; x_wconf 90' lang='lat' dir='ltr'><strong>cum</strong></span> <span class='ocrx_word' id='word_1_211' title='bbox 853 2952 1009 3007; x_wconf 89' lang='lat' dir='ltr'><strong>avide</strong></span> <span class='ocrx_word' id='word_1_212' title='bbox 1035 2951 1356 3020; x_wconf 87' lang='lat' dir='ltr'><strong>diriperent,</strong></span> <span class='ocrx_word' id='word_1_213' title='bbox 1393 2946 1725 3019; x_wconf 87' lang='lat' dir='ltr'><strong>primoribus</strong></span> <span class='ocrx_word' id='word_1_214' title='bbox 1759 2943 1921 2999; x_wconf 80' lang='lat' dir='ltr'><strong>labiis</strong></span> <span class='ocrx_word' id='word_1_215' title='bbox 1949 2943 2141 2998; x_wconf 89' lang='lat' dir='ltr'><strong>admo-</strong></span> 
     </span>
    </p>
   </div>
   <div class='ocr_carea' id='block_1_33' title="bbox 533 3035 2138 3111">
    <p class='ocr_par' dir='ltr' id='par_1_33' title="bbox 533 3035 2138 3111">
     <span class='ocr_line' id='line_1_33' title="bbox 533 3035 2138 3111; baseline -0.008 -9"><span class='ocrx_word' id='word_1_216' title='bbox 533 3047 599 3102; x_wconf 86' lang='lat' dir='ltr'><strong>tis</strong></span> <span class='ocrx_word' id='word_1_217' title='bbox 649 3046 910 3102; x_wconf 84' lang='lat' dir='ltr'><strong>carnibus</strong></span> <span class='ocrx_word' id='word_1_218' title='bbox 937 3043 1239 3099; x_wconf 88' lang='lat' dir='ltr'><strong>interibant</strong></span> <span class='ocrx_word' id='word_1_219' title='bbox 1272 3059 1284 3094; x_wconf 90' lang='lat'>:</span> <span class='ocrx_word' id='word_1_220' title='bbox 1317 3053 1620 3111; x_wconf 85' lang='lat' dir='ltr'><strong>magnaque</strong></span> <span class='ocrx_word' id='word_1_221' title='bbox 1650 3054 1715 3093; x_wconf 91' lang='lat' dir='ltr'><strong>eo</strong></span> <span class='ocrx_word' id='word_1_222' title='bbox 1744 3037 1833 3090; x_wconf 87' lang='lat' dir='ltr'><strong>die</strong></span> <span class='ocrx_word' id='word_1_223' title='bbox 1867 3035 2052 3091; x_wconf 85' lang='lat' dir='ltr'><strong>clades</strong></span> <span class='ocrx_word' id='word_1_224' title='bbox 2080 3036 2138 3090; x_wconf 88' lang='lat' dir='ltr'><strong>in</strong></span> 
     </span>
    </p>
   </div>
   <div class='ocr_carea' id='block_1_34' title="bbox 2241 428 3846 502">
    <p class='ocr_par' dir='ltr' id='par_1_34' title="bbox 2241 428 3846 502">
     <span class='ocr_line' id='line_1_34' title="bbox 2241 428 3846 502; baseline 0.005 -20"><span class='ocrx_word' id='word_1_225' title='bbox 2241 429 2487 502; x_wconf 77' lang='lat' dir='ltr'><strong>placatus</strong></span> <span class='ocrx_word' id='word_1_226' title='bbox 2513 429 2777 484; x_wconf 89' lang='lat' dir='ltr'><strong>Dominus</strong></span> <span class='ocrx_word' id='word_1_227' title='bbox 2801 428 3015 486; x_wconf 90' lang='lat' dir='ltr'><strong>cladem</strong></span> <span class='ocrx_word' id='word_1_228' title='bbox 3039 431 3353 497; x_wconf 87' lang='lat' dir='ltr'><strong>avertisset;</strong></span> <span class='ocrx_word' id='word_1_229' title='bbox 3380 447 3646 488; x_wconf 91' lang='lat' dir='ltr'><strong>numerus</strong></span> <span class='ocrx_word' id='word_1_230' title='bbox 3665 443 3846 494; x_wconf 87' lang='lat' dir='ltr'><strong>tamen</strong></span> 
     </span>
    </p>
   </div>
   <div class='ocr_carea' id='block_1_35' title="bbox 2247 523 3848 598">
    <p class='ocr_par' dir='ltr' id='par_1_35' title="bbox 2247 523 3848 598">
     <span class='ocr_line' id='line_1_35' title="bbox 2247 523 3848 598; baseline 0.003 -18"><span class='ocrx_word' id='word_1_231' title='bbox 2247 535 2653 595; x_wconf 83' lang='lat' dir='ltr'><strong>peremptorum</strong></span> <span class='ocrx_word' id='word_1_232' title='bbox 2707 525 3043 598; x_wconf 79' lang='lat' dir='ltr'><strong>septingenti</strong></span> <span class='ocrx_word' id='word_1_233' title='bbox 3092 534 3147 580; x_wconf 92' lang='lat' dir='ltr'><strong>et</strong></span> <span class='ocrx_word' id='word_1_234' title='bbox 3197 523 3522 596; x_wconf 31' lang='lat' dir='ltr'><strong>xrv&#39;millia.</strong></span> <span class='ocrx_word' id='word_1_235' title='bbox 3565 526 3687 582; x_wconf 91' lang='lat' dir='ltr'><strong>fuit.</strong></span> <span class='ocrx_word' id='word_1_236' title='bbox 3735 528 3848 585; x_wconf 86' lang='lat' dir='ltr'><strong>Nec</strong></span> 
     </span>
    </p>
   </div>
   <div class='ocr_carea' id='block_1_36' title="bbox 2246 616 3848 694">
    <p class='ocr_par' dir='ltr' id='par_1_36' title="bbox 2246 616 3848 694">
     <span class='ocr_line' id='line_1_36' title="bbox 2246 616 3848 694; baseline 0.002 -23"><span class='ocrx_word' id='word_1_237' title='bbox 2246 617 2419 672; x_wconf 92' lang='lat' dir='ltr'><strong>multo</strong></span> <span class='ocrx_word' id='word_1_238' title='bbox 2454 624 2580 686; x_wconf 86' lang='lat' dir='ltr'><strong>post</strong></span> <span class='ocrx_word' id='word_1_239' title='bbox 2609 616 2682 672; x_wconf 87' lang='lat' dir='ltr'><strong>ob</strong></span> <span class='ocrx_word' id='word_1_240' title='bbox 2718 631 2875 687; x_wconf 76' lang='lat' dir='ltr'><strong>aqua:</strong></span> <span class='ocrx_word' id='word_1_241' title='bbox 2909 617 3216 688; x_wconf 85' lang='lat' dir='ltr'><strong>penuriam,</strong></span> <span class='ocrx_word' id='word_1_242' title='bbox 3260 627 3318 674; x_wconf 88' lang='lat' dir='ltr'><strong>ut</strong></span> <span class='ocrx_word' id='word_1_243' title='bbox 3349 619 3460 692; x_wconf 83' lang='lat' dir='ltr'><strong>jam</strong></span> <span class='ocrx_word' id='word_1_244' title='bbox 3493 620 3718 690; x_wconf 79' lang='lat' dir='ltr'><strong>saepius,</strong></span> <span class='ocrx_word' id='word_1_245' title='bbox 3751 637 3848 694; x_wconf 77' lang='lat' dir='ltr'><strong>po—</strong></span> 
     </span>
    </p>
   </div>
   <div class='ocr_carea' id='block_1_37' title="bbox 2247 708 3846 782">
    <p class='ocr_par' dir='ltr' id='par_1_37' title="bbox 2247 708 3846 782">
     <span class='ocr_line' id='line_1_37' title="bbox 2247 708 3846 782; baseline 0.001 -16"><span class='ocrx_word' id='word_1_246' title='bbox 2247 709 2355 782; x_wconf 92' lang='lat' dir='ltr'><strong>puli</strong></span> <span class='ocrx_word' id='word_1_247' title='bbox 2389 719 2580 766; x_wconf 88' lang='lat' dir='ltr'><strong>exorta</strong></span> <span class='ocrx_word' id='word_1_248' title='bbox 2612 709 2810 768; x_wconf 80' lang='lat' dir='ltr'><strong>seditio</strong></span> <span class='ocrx_word' id='word_1_249' title='bbox 2840 721 2943 766; x_wconf 92' lang='lat' dir='ltr'><strong>est.</strong></span> <span class='ocrx_word' id='word_1_250' title='bbox 2977 708 3128 765; x_wconf 90' lang='lat' dir='ltr'><strong>Tunc</strong></span> <span class='ocrx_word' id='word_1_251' title='bbox 3157 710 3370 782; x_wconf 84' lang='lat' dir='ltr'><strong>Moyses</strong></span> <span class='ocrx_word' id='word_1_252' title='bbox 3397 728 3424 766; x_wconf 92' lang='lat' dir='ltr'><strong>a</strong></span> <span class='ocrx_word' id='word_1_253' title='bbox 3461 711 3695 768; x_wconf 88' lang='lat' dir='ltr'><strong>Domino</strong></span> <span class='ocrx_word' id='word_1_254' title='bbox 3725 729 3846 768; x_wconf 90' lang='lat' dir='ltr'><strong>mo-</strong></span> 
     </span>
    </p>
   </div>
   <div class='ocr_carea' id='block_1_38' title="bbox 2244 801 3845 876">
    <p class='ocr_par' dir='ltr' id='par_1_38' title="bbox 2244 801 3845 876">
     <span class='ocr_line' id='line_1_38' title="bbox 2244 801 3845 876; baseline 0.003 -19"><span class='ocrx_word' id='word_1_255' title='bbox 2244 804 2389 859; x_wconf 89' lang='lat' dir='ltr'><strong>nitus</strong></span> <span class='ocrx_word' id='word_1_256' title='bbox 2420 813 2479 858; x_wconf 91' lang='lat' dir='ltr'><strong>ut</strong></span> <span class='ocrx_word' id='word_1_257' title='bbox 2514 811 2723 876; x_wconf 91' lang='lat' dir='ltr'><strong>petram</strong></span> <span class='ocrx_word' id='word_1_258' title='bbox 2757 803 2907 873; x_wconf 86' lang='lat' dir='ltr'><strong>virga</strong></span> <span class='ocrx_word' id='word_1_259' title='bbox 2944 801 3128 859; x_wconf 89' lang='lat' dir='ltr'><strong>feriret</strong></span> <span class='ocrx_word' id='word_1_260' title='bbox 3162 803 3441 874; x_wconf 84' lang='lat' dir='ltr'><strong>(familiari</strong></span> <span class='ocrx_word' id='word_1_261' title='bbox 3479 805 3581 859; x_wconf 90' lang='lat' dir='ltr'><strong>sibi</strong></span> <span class='ocrx_word' id='word_1_262' title='bbox 3625 807 3845 876; x_wconf 78' lang='lat' dir='ltr'><strong>experi-</strong></span> 
     </span>
    </p>
   </div>
   <div class='ocr_carea' id='block_1_39' title="bbox 2244 894 3848 972">
    <p class='ocr_par' dir='ltr' id='par_1_39' title="bbox 2244 894 3848 972">
     <span class='ocr_line' id='line_1_39' title="bbox 2244 894 3848 972; baseline 0.002 -20"><span class='ocrx_word' id='word_1_263' title='bbox 2244 896 2499 963; x_wconf 91' lang='lat' dir='ltr'><strong>rimento,</strong></span> <span class='ocrx_word' id='word_1_264' title='bbox 2530 894 2801 965; x_wconf 84' lang='lat' dir='ltr'><strong>siquidem</strong></span> <span class='ocrx_word' id='word_1_265' title='bbox 2830 896 2882 952; x_wconf 90' lang='lat' dir='ltr'><strong>id</strong></span> <span class='ocrx_word' id='word_1_266' title='bbox 2905 896 3017 968; x_wconf 86' lang='lat' dir='ltr'><strong>jam</strong></span> <span class='ocrx_word' id='word_1_267' title='bbox 3047 895 3458 972; x_wconf 84' lang='lat' dir='ltr'><strong>antel&#39;ecisset),</strong></span> <span class='ocrx_word' id='word_1_268' title='bbox 3483 900 3652 962; x_wconf 90' lang='lat' dir='ltr'><strong>semel</strong></span> <span class='ocrx_word' id='word_1_269' title='bbox 3684 911 3848 972; x_wconf 87' lang='lat' dir='ltr'><strong>atque</strong></span> 
     </span>
    </p>
   </div>
   <div class='ocr_carea' id='block_1_40' title="bbox 2247 991 3846 1068">
    <p class='ocr_par' dir='ltr' id='par_1_40' title="bbox 2247 991 3846 1068">
     <span class='ocr_line' id='line_1_40' title="bbox 2247 991 3846 1068; baseline 0.003 -24"><span class='ocrx_word' id='word_1_270' title='bbox 2247 991 2440 1047; x_wconf 90' lang='lat' dir='ltr'><strong>iterum</strong></span> <span class='ocrx_word' id='word_1_271' title='bbox 2471 1000 2680 1061; x_wconf 87' lang='lat' dir='ltr'><strong>petram</strong></span> <span class='ocrx_word' id='word_1_272' title='bbox 2713 991 3004 1063; x_wconf 84' lang='lat' dir='ltr'><strong>percussit,</strong></span> <span class='ocrx_word' id='word_1_273' title='bbox 3035 1001 3198 1066; x_wconf 83' lang='lat' dir='ltr'><strong>atque</strong></span> <span class='ocrx_word' id='word_1_274' title='bbox 3233 991 3306 1047; x_wconf 89' lang='lat' dir='ltr'><strong>ita</strong></span> <span class='ocrx_word' id='word_1_275' title='bbox 3348 1009 3486 1068; x_wconf 85' lang='lat' dir='ltr'><strong>aqua</strong></span> <span class='ocrx_word' id='word_1_276' title='bbox 3521 993 3753 1054; x_wconf 76' lang='lat' dir='ltr'><strong>effluxit.</strong></span> <span class='ocrx_word' id='word_1_277' title='bbox 3788 991 3846 1052; x_wconf 85' lang='lat' dir='ltr'><strong>In</strong></span> 
     </span>
    </p>
   </div>
   <div class='ocr_carea' id='block_1_41' title="bbox 2244 1083 3844 1158">
    <p class='ocr_par' dir='ltr' id='par_1_41' title="bbox 2244 1083 3844 1158">
     <span class='ocr_line' id='line_1_41' title="bbox 2244 1083 3844 1158; baseline 0.004 -21"><span class='ocrx_word' id='word_1_278' title='bbox 2244 1097 2353 1158; x_wconf 90' lang='lat' dir='ltr'><strong>quo</strong></span> <span class='ocrx_word' id='word_1_279' title='bbox 2403 1083 2626 1154; x_wconf 86' lang='lat' dir='ltr'><strong>quidem</strong></span> <span class='ocrx_word' id='word_1_280' title='bbox 2685 1090 2906 1138; x_wconf 89' lang='lat' dir='ltr'><strong>notatus</strong></span> <span class='ocrx_word' id='word_1_281' title='bbox 2957 1099 2983 1136; x_wconf 89' lang='lat' dir='ltr'><strong>a</strong></span> <span class='ocrx_word' id='word_1_282' title='bbox 3034 1084 3266 1144; x_wconf 79' lang='lat' dir='ltr'><strong>Domini)</strong></span> <span class='ocrx_word' id='word_1_283' title='bbox 3316 1085 3530 1157; x_wconf 84' lang='lat' dir='ltr'><strong>Moyses</strong></span> <span class='ocrx_word' id='word_1_284' title='bbox 3583 1087 3844 1157; x_wconf 77' lang='lat' dir='ltr'><strong>refertur,</strong></span> 
     </span>
    </p>
   </div>
   <div class='ocr_carea' id='block_1_42' title="bbox 2245 1175 3844 1253">
    <p class='ocr_par' dir='ltr' id='par_1_42' title="bbox 2245 1175 3844 1253">
     <span class='ocr_line' id='line_1_42' title="bbox 2245 1175 3844 1253; baseline 0.006 -25"><span class='ocrx_word' id='word_1_285' title='bbox 2245 1175 2389 1248; x_wconf 91' lang='lat' dir='ltr'><strong>quod</strong></span> <span class='ocrx_word' id='word_1_286' title='bbox 2421 1191 2516 1246; x_wconf 91' lang='lat' dir='ltr'><strong>per</strong></span> <span class='ocrx_word' id='word_1_287' title='bbox 2545 1175 2904 1231; x_wconf 82' lang='lat' dir='ltr'><strong>diffidentiam</strong></span> <span class='ocrx_word' id='word_1_288' title='bbox 2941 1191 3047 1231; x_wconf 89' lang='lat' dir='ltr'><strong>non</strong></span> <span class='ocrx_word' id='word_1_289' title='bbox 3092 1177 3195 1232; x_wconf 90' lang='lat' dir='ltr'><strong>nisi</strong></span> <span class='ocrx_word' id='word_1_290' title='bbox 3244 1177 3444 1232; x_wconf 88' lang='lat' dir='ltr'><strong>iterato</strong></span> <span class='ocrx_word' id='word_1_291' title='bbox 3493 1180 3604 1234; x_wconf 90' lang='lat' dir='ltr'><strong>ietu</strong></span> <span class='ocrx_word' id='word_1_292' title='bbox 3647 1197 3844 1253; x_wconf 87' lang='lat' dir='ltr'><strong>aquam</strong></span> 
     </span>
    </p>
   </div>
   <div class='ocr_carea' id='block_1_43' title="bbox 2244 1269 3844 1346">
    <p class='ocr_par' dir='ltr' id='par_1_43' title="bbox 2244 1269 3844 1346">
     <span class='ocr_line' id='line_1_43' title="bbox 2244 1269 3844 1346; baseline 0.004 -22"><span class='ocrx_word' id='word_1_293' title='bbox 2244 1269 2525 1336; x_wconf 82' lang='lat' dir='ltr'><strong>eduxerit;</strong></span> <span class='ocrx_word' id='word_1_294' title='bbox 2556 1269 2790 1342; x_wconf 90' lang='lat' dir='ltr'><strong>denique</strong></span> <span class='ocrx_word' id='word_1_295' title='bbox 2817 1269 2886 1323; x_wconf 90' lang='lat' dir='ltr'><strong>ob</strong></span> <span class='ocrx_word' id='word_1_296' title='bbox 2920 1269 3025 1325; x_wconf 87' lang='lat' dir='ltr'><strong>hoc</strong></span> <span class='ocrx_word' id='word_1_297' title='bbox 3067 1279 3352 1342; x_wconf 90' lang='lat' dir='ltr'><strong>peccatum</strong></span> <span class='ocrx_word' id='word_1_298' title='bbox 3387 1273 3710 1346; x_wconf 87' lang='lat' dir='ltr'><strong>promissam</strong></span> <span class='ocrx_word' id='word_1_299' title='bbox 3741 1275 3844 1346; x_wconf 84' lang='lat' dir='ltr'><strong>sibi</strong></span> 
     </span>
    </p>
   </div>
   <div class='ocr_carea' id='block_1_44' title="bbox 2247 1343 3841 1436">
    <p class='ocr_par' dir='ltr' id='par_1_44' title="bbox 2247 1343 3841 1436">
     <span class='ocr_line' id='line_1_44' title="bbox 2247 1343 3841 1436; baseline 0.004 -20"><span class='ocrx_word' id='word_1_300' title='bbox 2247 1371 2452 1418; x_wconf 88' lang='lat' dir='ltr'><strong>terram</strong></span> <span class='ocrx_word' id='word_1_301' title='bbox 2487 1380 2592 1418; x_wconf 91' lang='lat' dir='ltr'><strong>non</strong></span> <span class='ocrx_word' id='word_1_302' title='bbox 2621 1364 2900 1436; x_wconf 65' lang='lat' dir='ltr'><strong>ingressus</strong></span> <span class='ocrx_word' id='word_1_303' title='bbox 2937 1373 3044 1430; x_wconf 90' lang='lat' dir='ltr'><strong>est,</strong></span> <span class='ocrx_word' id='word_1_304' title='bbox 3071 1365 3214 1419; x_wconf 88' lang='lat' dir='ltr'><strong>sicut</strong></span> <span class='ocrx_word' id='word_1_305' title='bbox 3267 1364 3498 1421; x_wconf 71' lang='lat' dir='ltr'><strong>inferius</strong></span> <span class='ocrx_word' id='word_1_306' title='bbox 3534 1343 3841 1426; x_wconf 65' lang='lat' dir='ltr'><strong>ostendam.</strong></span> 
     </span>
    </p>
   </div>
   <div class='ocr_carea' id='block_1_45' title="bbox 2245 1453 3845 1532">
    <p class='ocr_par' dir='ltr' id='par_1_45' title="bbox 2245 1453 3845 1532">
     <span class='ocr_line' id='line_1_45' title="bbox 2245 1453 3845 1532; baseline 0.004 -24"><span class='ocrx_word' id='word_1_307' title='bbox 2245 1453 2413 1526; x_wconf 76' lang='lat' dir='ltr'><strong>igitur</strong></span> <span class='ocrx_word' id='word_1_308' title='bbox 2449 1454 2661 1528; x_wconf 87' lang='lat' dir='ltr'><strong>Moyses</strong></span> <span class='ocrx_word' id='word_1_309' title='bbox 2705 1471 2770 1514; x_wconf 79' lang='lat' dir='ltr'><strong>ex</strong></span> <span class='ocrx_word' id='word_1_310' title='bbox 2813 1471 2880 1512; x_wconf 89' lang='lat' dir='ltr'><strong>eo</strong></span> <span class='ocrx_word' id='word_1_311' title='bbox 2923 1457 3044 1514; x_wconf 91' lang='lat' dir='ltr'><strong>loco</strong></span> <span class='ocrx_word' id='word_1_312' title='bbox 3091 1472 3445 1532; x_wconf 84' lang='lat' dir='ltr'><strong>promovens,</strong></span> <span class='ocrx_word' id='word_1_313' title='bbox 3484 1475 3606 1513; x_wconf 92' lang='lat' dir='ltr'><strong>cum</strong></span> <span class='ocrx_word' id='word_1_314' title='bbox 3647 1471 3845 1532; x_wconf 73' lang='lat' dir='ltr'><strong>prwter</strong></span> 
     </span>
    </p>
   </div>
   <div class='ocr_carea' id='block_1_46' title="bbox 2241 1545 3846 1623">
    <p class='ocr_par' dir='ltr' id='par_1_46' title="bbox 2241 1545 3846 1623">
     <span class='ocr_line' id='line_1_46' title="bbox 2241 1545 3846 1623; baseline 0.003 -21"><span class='ocrx_word' id='word_1_315' title='bbox 2241 1545 2421 1604; x_wconf 84' lang='lat' dir='ltr'><strong>Edoni</strong></span> <span class='ocrx_word' id='word_1_316' title='bbox 2450 1562 2641 1620; x_wconf 89' lang='lat' dir='ltr'><strong>agmen</strong></span> <span class='ocrx_word' id='word_1_317' title='bbox 2675 1546 2910 1605; x_wconf 90' lang='lat' dir='ltr'><strong>educere</strong></span> <span class='ocrx_word' id='word_1_318' title='bbox 2942 1558 3182 1618; x_wconf 84' lang='lat' dir='ltr'><strong>pararet,</strong></span> <span class='ocrx_word' id='word_1_319' title='bbox 3220 1549 3402 1604; x_wconf 89' lang='lat' dir='ltr'><strong>missis</strong></span> <span class='ocrx_word' id='word_1_320' title='bbox 3430 1550 3496 1603; x_wconf 89' lang='lat' dir='ltr'><strong>ad</strong></span> <span class='ocrx_word' id='word_1_321' title='bbox 3541 1567 3723 1623; x_wconf 80' lang='lat' dir='ltr'><strong>regem</strong></span> <span class='ocrx_word' id='word_1_322' title='bbox 3765 1552 3846 1607; x_wconf 92' lang='lat' dir='ltr'><strong>le-</strong></span> 
     </span>
    </p>
   </div>
   <div class='ocr_carea' id='block_1_47' title="bbox 2239 1638 3844 1716">
    <p class='ocr_par' dir='ltr' id='par_1_47' title="bbox 2239 1638 3844 1716">
     <span class='ocr_line' id='line_1_47' title="bbox 2239 1638 3844 1716; baseline 0.005 -24"><span class='ocrx_word' id='word_1_323' title='bbox 2239 1638 2384 1709; x_wconf 81' lang='lat' dir='ltr'><strong>gatis</strong></span> <span class='ocrx_word' id='word_1_324' title='bbox 2431 1640 2754 1695; x_wconf 86' lang='lat' dir='ltr'><strong>transeundi</strong></span> <span class='ocrx_word' id='word_1_325' title='bbox 2784 1641 2996 1712; x_wconf 89' lang='lat' dir='ltr'><strong>copiam</strong></span> <span class='ocrx_word' id='word_1_326' title='bbox 3034 1641 3309 1716; x_wconf 62' lang='lat' dir='ltr'><strong>pojioscit,</strong></span> <span class='ocrx_word' id='word_1_327' title='bbox 3340 1641 3410 1698; x_wconf 90' lang='lat' dir='ltr'><strong>ob</strong></span> <span class='ocrx_word' id='word_1_328' title='bbox 3443 1642 3532 1714; x_wconf 84' lang='lat' dir='ltr'><strong>jus</strong></span> <span class='ocrx_word' id='word_1_329' title='bbox 3564 1643 3844 1716; x_wconf 80' lang='lat' dir='ltr'><strong>sanguinis</strong></span> 
     </span>
    </p>
   </div>
   <div class='ocr_carea' id='block_1_48' title="bbox 2167 1727 3844 1806">
    <p class='ocr_par' dir='ltr' id='par_1_48' title="bbox 2167 1727 3844 1806">
     <span class='ocr_line' id='line_1_48' title="bbox 2167 1727 3844 1806; baseline 0.003 -18"><span class='ocrx_word' id='word_1_330' title='bbox 2167 1727 2387 1788; x_wconf 86' lang='lat' dir='ltr'><strong>Bbello</strong></span> <span class='ocrx_word' id='word_1_331' title='bbox 2433 1733 2819 1789; x_wconf 85' lang='lat' dir='ltr'><strong>abstinendum</strong></span> <span class='ocrx_word' id='word_1_332' title='bbox 2867 1743 3018 1789; x_wconf 87' lang='lat' dir='ltr'><strong>ratus</strong></span> <span class='ocrx_word' id='word_1_333' title='bbox 3059 1755 3073 1792; x_wconf 74' lang='grc' dir='ltr'>ε</span> <span class='ocrx_word' id='word_1_334' title='bbox 3115 1734 3318 1789; x_wconf 90' lang='lat' dir='ltr'><strong>etenim</strong></span> <span class='ocrx_word' id='word_1_335' title='bbox 3369 1751 3502 1806; x_wconf 85' lang='lat' dir='ltr'><strong>gens</strong></span> <span class='ocrx_word' id='word_1_336' title='bbox 3550 1735 3640 1790; x_wconf 85' lang='lat' dir='ltr'><strong>illa</strong></span> <span class='ocrx_word' id='word_1_337' title='bbox 3695 1737 3844 1793; x_wconf 86' lang='lat' dir='ltr'><strong>Esau</strong></span> 
     </span>
    </p>
   </div>
   <div class='ocr_carea' id='block_1_49' title="bbox 2241 1827 3846 1900">
    <p class='ocr_par' dir='ltr' id='par_1_49' title="bbox 2241 1827 3846 1900">
     <span class='ocr_line' id='line_1_49' title="bbox 2241 1827 3846 1900; baseline 0.004 -20"><span class='ocrx_word' id='word_1_338' title='bbox 2241 1827 2528 1898; x_wconf 79' lang='lat' dir='ltr'><strong>progenies</strong></span> <span class='ocrx_word' id='word_1_339' title='bbox 2557 1835 2706 1894; x_wconf 90' lang='lat' dir='ltr'><strong>erat;</strong></span> <span class='ocrx_word' id='word_1_340' title='bbox 2734 1827 2829 1884; x_wconf 91' lang='lat' dir='ltr'><strong>sed</strong></span> <span class='ocrx_word' id='word_1_341' title='bbox 2860 1843 2956 1884; x_wconf 83' lang='lat' dir='ltr'><strong>rex</strong></span> <span class='ocrx_word' id='word_1_342' title='bbox 2982 1829 3257 1900; x_wconf 89' lang='lat' dir='ltr'><strong>supplices</strong></span> <span class='ocrx_word' id='word_1_343' title='bbox 3288 1839 3634 1900; x_wconf 90' lang='lat' dir='ltr'><strong>aspernatus,</strong></span> <span class='ocrx_word' id='word_1_344' title='bbox 3667 1840 3846 1886; x_wconf 90' lang='lat' dir='ltr'><strong>trans-</strong></span> 
     </span>
    </p>
   </div>
   <div class='ocr_carea' id='block_1_50' title="bbox 2237 1919 3846 1990">
    <p class='ocr_par' dir='ltr' id='par_1_50' title="bbox 2237 1919 3846 1990">
     <span class='ocr_line' id='line_1_50' title="bbox 2237 1919 3846 1990; baseline 0.006 -17"><span class='ocrx_word' id='word_1_345' title='bbox 2237 1919 2374 1973; x_wconf 90' lang='lat' dir='ltr'><strong>itum</strong></span> <span class='ocrx_word' id='word_1_346' title='bbox 2441 1919 2700 1990; x_wconf 85' lang='lat' dir='ltr'><strong>negavit,</strong></span> <span class='ocrx_word' id='word_1_347' title='bbox 2757 1929 2983 1990; x_wconf 90' lang='lat' dir='ltr'><strong>paratus</strong></span> <span class='ocrx_word' id='word_1_348' title='bbox 3045 1921 3216 1975; x_wconf 87' lang='lat' dir='ltr'><strong>armis</strong></span> <span class='ocrx_word' id='word_1_349' title='bbox 3283 1922 3643 1978; x_wconf 87' lang='lat' dir='ltr'><strong>contendere.</strong></span> <span class='ocrx_word' id='word_1_350' title='bbox 3704 1922 3846 1982; x_wconf 87' lang='lat' dir='ltr'><strong>Tum</strong></span> 
     </span>
    </p>
   </div>
   <div class='ocr_carea' id='block_1_51' title="bbox 2239 2012 3846 2085">
    <p class='ocr_par' dir='ltr' id='par_1_51' title="bbox 2239 2012 3846 2085">
     <span class='ocr_line' id='line_1_51' title="bbox 2239 2012 3846 2085; baseline 0.003 -18"><span class='ocrx_word' id='word_1_351' title='bbox 2239 2012 2455 2085; x_wconf 88' lang='lat' dir='ltr'><strong>Moyses</strong></span> <span class='ocrx_word' id='word_1_352' title='bbox 2483 2013 2532 2068; x_wconf 93' lang='lat' dir='ltr'><strong>in</strong></span> <span class='ocrx_word' id='word_1_353' title='bbox 2564 2012 2638 2068; x_wconf 91' lang='lat' dir='ltr'><strong>0r</strong></span> <span class='ocrx_word' id='word_1_354' title='bbox 2658 2022 2898 2069; x_wconf 91' lang='lat' dir='ltr'><strong>montem</strong></span> <span class='ocrx_word' id='word_1_355' title='bbox 2935 2015 3037 2068; x_wconf 91' lang='lat' dir='ltr'><strong>iter</strong></span> <span class='ocrx_word' id='word_1_356' title='bbox 3065 2016 3371 2081; x_wconf 89' lang='lat' dir='ltr'><strong>convertit,</strong></span> <span class='ocrx_word' id='word_1_357' title='bbox 3407 2019 3569 2070; x_wconf 86' lang='lat' dir='ltr'><strong>vetita</strong></span> <span class='ocrx_word' id='word_1_358' title='bbox 3603 2017 3684 2070; x_wconf 86' lang='lat' dir='ltr'><strong>via</strong></span> <span class='ocrx_word' id='word_1_359' title='bbox 3714 2019 3846 2072; x_wconf 87' lang='lat' dir='ltr'><strong>abs-</strong></span> 
     </span>
    </p>
   </div>
   <div class='ocr_carea' id='block_1_52' title="bbox 2240 2107 3846 2179">
    <p class='ocr_par' dir='ltr' id='par_1_52' title="bbox 2240 2107 3846 2179">
     <span class='ocr_line' id='line_1_52' title="bbox 2240 2107 3846 2179; baseline 0.003 -20"><span class='ocrx_word' id='word_1_360' title='bbox 2240 2107 2417 2162; x_wconf 90' lang='lat' dir='ltr'><strong>tinens</strong></span> <span class='ocrx_word' id='word_1_361' title='bbox 2438 2149 2452 2172; x_wconf 93' lang='lat'><strong>,</strong></span> <span class='ocrx_word' id='word_1_362' title='bbox 2502 2123 2571 2162; x_wconf 93' lang='lat' dir='ltr'><strong>ne</strong></span> <span class='ocrx_word' id='word_1_363' title='bbox 2612 2122 2774 2179; x_wconf 89' lang='lat' dir='ltr'><strong>quam</strong></span> <span class='ocrx_word' id='word_1_364' title='bbox 2818 2107 2962 2161; x_wconf 85' lang='lat' dir='ltr'><strong>inter</strong></span> <span class='ocrx_word' id='word_1_365' title='bbox 2993 2107 3431 2177; x_wconf 87' lang='lat' dir='ltr'><strong>consanguineos</strong></span> <span class='ocrx_word' id='word_1_366' title='bbox 3463 2123 3682 2166; x_wconf 76' lang='lat' dir='ltr'><strong>causam</strong></span> <span class='ocrx_word' id='word_1_367' title='bbox 3711 2109 3846 2164; x_wconf 89' lang='lat' dir='ltr'><strong>belli</strong></span> 
     </span>
    </p>
   </div>
   <div class='ocr_carea' id='block_1_53' title="bbox 2242 2199 3848 2272">
    <p class='ocr_par' dir='ltr' id='par_1_53' title="bbox 2242 2199 3848 2272">
     <span class='ocr_line' id='line_1_53' title="bbox 2242 2199 3848 2272; baseline 0.002 -19"><span class='ocrx_word' id='word_1_368' title='bbox 2242 2199 2545 2270; x_wconf 73' lang='lat' dir='ltr'><strong>przcberet;</strong></span> <span class='ocrx_word' id='word_1_369' title='bbox 2580 2200 2634 2253; x_wconf 92' lang='lat' dir='ltr'><strong>in</strong></span> <span class='ocrx_word' id='word_1_370' title='bbox 2665 2215 2731 2254; x_wconf 92' lang='lat' dir='ltr'><strong>eo</strong></span> <span class='ocrx_word' id='word_1_371' title='bbox 2762 2215 2982 2272; x_wconf 91' lang='lat' dir='ltr'><strong>quoque</strong></span> <span class='ocrx_word' id='word_1_372' title='bbox 3013 2215 3179 2254; x_wconf 90' lang='lat' dir='ltr'><strong>cursu</strong></span> <span class='ocrx_word' id='word_1_373' title='bbox 3211 2215 3394 2270; x_wconf 79' lang='lat' dir='ltr'><strong>regem</strong></span> <span class='ocrx_word' id='word_1_374' title='bbox 3425 2201 3606 2271; x_wconf 81' lang='lat' dir='ltr'><strong>gentis</strong></span> <span class='ocrx_word' id='word_1_375' title='bbox 3631 2199 3848 2263; x_wconf 86' lang='lat' dir='ltr'><strong>Chana-</strong></span> 
     </span>
    </p>
   </div>
   <div class='ocr_carea' id='block_1_54' title="bbox 2242 2292 3845 2364">
    <p class='ocr_par' dir='ltr' id='par_1_54' title="bbox 2242 2292 3845 2364">
     <span class='ocr_line' id='line_1_54' title="bbox 2242 2292 3845 2364; baseline 0.001 -16"><span class='ocrx_word' id='word_1_376' title='bbox 2242 2308 2483 2349; x_wconf 69' lang='lat' dir='ltr'><strong>naaorum</strong></span> <span class='ocrx_word' id='word_1_377' title='bbox 2516 2292 2739 2356; x_wconf 82' lang='lat' dir='ltr'><strong>delevit.</strong></span> <span class='ocrx_word' id='word_1_378' title='bbox 2763 2293 2905 2350; x_wconf 90' lang='lat' dir='ltr'><strong>Seon</strong></span> <span class='ocrx_word' id='word_1_379' title='bbox 2935 2308 3153 2364; x_wconf 88' lang='lat' dir='ltr'><strong>quoque</strong></span> <span class='ocrx_word' id='word_1_380' title='bbox 3184 2309 3365 2364; x_wconf 87' lang='lat' dir='ltr'><strong>regem</strong></span> <span class='ocrx_word' id='word_1_381' title='bbox 3396 2292 3845 2351; x_wconf 75' lang='lat' dir='ltr'><strong>Amorrltteorum</strong></span> 
     </span>
    </p>
   </div>
   <div class='ocr_carea' id='block_1_55' title="bbox 2241 2385 3842 2458">
    <p class='ocr_par' dir='ltr' id='par_1_55' title="bbox 2241 2385 3842 2458">
     <span class='ocr_line' id='line_1_55' title="bbox 2241 2385 3842 2458; baseline -0.002 -17"><span class='ocrx_word' id='word_1_382' title='bbox 2241 2386 2492 2457; x_wconf 88' lang='lat' dir='ltr'><strong>perculit,</strong></span> <span class='ocrx_word' id='word_1_383' title='bbox 2549 2387 2902 2456; x_wconf 84' lang='lat' dir='ltr'><strong>omniumque</strong></span> <span class='ocrx_word' id='word_1_384' title='bbox 2945 2401 3136 2440; x_wconf 89' lang='lat' dir='ltr'><strong>eorum</strong></span> <span class='ocrx_word' id='word_1_385' title='bbox 3188 2385 3409 2458; x_wconf 82' lang='lat' dir='ltr'><strong>Oppidis</strong></span> <span class='ocrx_word' id='word_1_386' title='bbox 3474 2385 3678 2456; x_wconf 91' lang='lat' dir='ltr'><strong>potitus</strong></span> <span class='ocrx_word' id='word_1_387' title='bbox 3736 2396 3842 2440; x_wconf 81' lang='lat' dir='ltr'><strong>est.</strong></span> 
     </span>
    </p>
   </div>
   <div class='ocr_carea' id='block_1_56' title="bbox 2239 2476 3848 2551">
    <p class='ocr_par' dir='ltr' id='par_1_56' title="bbox 2239 2476 3848 2551">
     <span class='ocr_line' id='line_1_56' title="bbox 2239 2476 3848 2551; baseline 0.002 -18"><span class='ocrx_word' id='word_1_388' title='bbox 2239 2476 2415 2533; x_wconf 86' lang='lat' dir='ltr'><strong>Basan</strong></span> <span class='ocrx_word' id='word_1_389' title='bbox 2447 2478 2610 2533; x_wconf 84' lang='lat' dir='ltr'><strong>etiam</strong></span> <span class='ocrx_word' id='word_1_390' title='bbox 2645 2488 2698 2534; x_wconf 92' lang='lat' dir='ltr'><strong>et</strong></span> <span class='ocrx_word' id='word_1_391' title='bbox 2731 2479 2892 2540; x_wconf 79' lang='lat' dir='ltr'><strong>Baiae</strong></span> <span class='ocrx_word' id='word_1_392' title='bbox 2929 2494 3090 2551; x_wconf 84' lang='lat' dir='ltr'><strong>reges</strong></span> <span class='ocrx_word' id='word_1_393' title='bbox 3121 2478 3347 2547; x_wconf 80' lang='lat' dir='ltr'><strong>devicit,</strong></span> <span class='ocrx_word' id='word_1_394' title='bbox 3379 2491 3434 2535; x_wconf 92' lang='lat' dir='ltr'><strong>et</strong></span> <span class='ocrx_word' id='word_1_395' title='bbox 3471 2489 3648 2535; x_wconf 88' lang='lat' dir='ltr'><strong>castra</strong></span> <span class='ocrx_word' id='word_1_396' title='bbox 3679 2493 3848 2550; x_wconf 75' lang='lat' dir='ltr'><strong>super</strong></span> 
     </span>
    </p>
   </div>
   <div class='ocr_carea' id='block_1_57' title="bbox 2240 2569 3849 2644">
    <p class='ocr_par' dir='ltr' id='par_1_57' title="bbox 2240 2569 3849 2644">
     <span class='ocr_line' id='line_1_57' title="bbox 2240 2569 3849 2644; baseline 0.004 -23"><span class='ocrx_word' id='word_1_397' title='bbox 2240 2569 2529 2627; x_wconf 74' lang='lat' dir='ltr'><strong>Iordanem</strong></span> <span class='ocrx_word' id='word_1_398' title='bbox 2560 2570 2704 2625; x_wconf 89' lang='lat' dir='ltr'><strong>baud</strong></span> <span class='ocrx_word' id='word_1_399' title='bbox 2735 2571 2897 2644; x_wconf 83' lang='lat' dir='ltr'><strong>longe</strong></span> <span class='ocrx_word' id='word_1_400' title='bbox 2921 2574 2988 2631; x_wconf 81' lang='lat' dir='ltr'><strong>ab</strong></span> <span class='ocrx_word' id='word_1_401' title='bbox 3017 2571 3274 2627; x_wconf 82' lang='lat' dir='ltr'><strong>Hiericho</strong></span> <span class='ocrx_word' id='word_1_402' title='bbox 3309 2573 3529 2627; x_wconf 88' lang='lat' dir='ltr'><strong>molitus</strong></span> <span class='ocrx_word' id='word_1_403' title='bbox 3561 2584 3665 2629; x_wconf 75' lang='grc' dir='ltr'><strong>εει.</strong></span> <span class='ocrx_word' id='word_1_404' title='bbox 3691 2573 3849 2638; x_wconf 80' lang='lat' dir='ltr'><strong>&#39;I‘nnc</strong></span> 
     </span>
    </p>
   </div>
   <div class='ocr_carea' id='block_1_58' title="bbox 2241 2665 3846 2739">
    <p class='ocr_par' dir='ltr' id='par_1_58' title="bbox 2241 2665 3846 2739">
     <span class='ocr_line' id='line_1_58' title="bbox 2241 2665 3846 2739; baseline 0.003 -18"><span class='ocrx_word' id='word_1_405' title='bbox 2241 2667 2504 2723; x_wconf 86' lang='lat' dir='ltr'><strong>adversus</strong></span> <span class='ocrx_word' id='word_1_406' title='bbox 2549 2665 2868 2722; x_wconf 83' lang='lat' dir='ltr'><strong>Madianitas</strong></span> <span class='ocrx_word' id='word_1_407' title='bbox 2910 2676 3203 2731; x_wconf 75' lang='lat' dir='ltr'><strong>certatum,</strong></span> <span class='ocrx_word' id='word_1_408' title='bbox 3245 2668 3481 2739; x_wconf 86' lang='lat' dir='ltr'><strong>victique</strong></span> <span class='ocrx_word' id='word_1_409' title='bbox 3532 2678 3585 2725; x_wconf 90' lang='lat' dir='ltr'><strong>et</strong></span> <span class='ocrx_word' id='word_1_410' title='bbox 3633 2670 3846 2726; x_wconf 89' lang='lat' dir='ltr'><strong>subacti</strong></span> 
     </span>
    </p>
   </div>
   <div class='ocr_carea' id='block_1_59' title="bbox 2241 2746 3846 2834">
    <p class='ocr_par' dir='ltr' id='par_1_59' title="bbox 2241 2746 3846 2834">
     <span class='ocr_line' id='line_1_59' title="bbox 2241 2746 3846 2834; baseline 0.001 -20"><span class='ocrx_word' id='word_1_411' title='bbox 2241 2772 2387 2816; x_wconf 90' lang='lat' dir='ltr'><strong>sunt.</strong></span> <span class='ocrx_word' id='word_1_412' title='bbox 2423 2759 2641 2834; x_wconf 86' lang='lat' dir='ltr'><strong>Moyses</strong></span> <span class='ocrx_word' id='word_1_413' title='bbox 2673 2772 2923 2816; x_wconf 86' lang='lat' dir='ltr'><strong>mortuus</strong></span> <span class='ocrx_word' id='word_1_414' title='bbox 2950 2769 3057 2828; x_wconf 90' lang='lat' dir='ltr'><strong>est,</strong></span> <span class='ocrx_word' id='word_1_415' title='bbox 3087 2777 3210 2821; x_wconf 89' lang='lat' dir='ltr'><strong>cum</strong></span> <span class='ocrx_word' id='word_1_416' title='bbox 3237 2777 3305 2815; x_wconf 76' lang='grc' dir='ltr'>ιιι,</span> <span class='ocrx_word' id='word_1_417' title='bbox 3337 2746 3400 2816; x_wconf 84' lang='grc' dir='ltr'><strong>ἰιι</strong></span> <span class='ocrx_word' id='word_1_418' title='bbox 3421 2761 3640 2818; x_wconf 90' lang='lat' dir='ltr'><strong>deserto</strong></span> <span class='ocrx_word' id='word_1_419' title='bbox 3671 2780 3846 2826; x_wconf 73' lang='lat' dir='ltr'><strong>annos</strong></span> 
     </span>
    </p>
   </div>
   <div class='ocr_carea' id='block_1_60' title="bbox 2246 2851 3843 2926">
    <p class='ocr_par' dir='ltr' id='par_1_60' title="bbox 2246 2851 3843 2926">
     <span class='ocr_line' id='line_1_60' title="bbox 2246 2851 3843 2926; baseline 0.001 -16"><span class='ocrx_word' id='word_1_420' title='bbox 2246 2853 2442 2926; x_wconf 78' lang='lat' dir='ltr'><strong>pepulo</strong></span> <span class='ocrx_word' id='word_1_421' title='bbox 2474 2854 2799 2922; x_wconf 72' lang='lat' dir='ltr'><strong>praefuisset.</strong></span> <span class='ocrx_word' id='word_1_422' title='bbox 2829 2851 3096 2908; x_wconf 68' lang='lat' dir='ltr'><strong>Caeterum</strong></span> <span class='ocrx_word' id='word_1_423' title='bbox 3121 2853 3336 2908; x_wconf 76' lang='lat' dir='ltr'><strong>Hebrtei</strong></span> <span class='ocrx_word' id='word_1_424' title='bbox 3361 2854 3432 2909; x_wconf 93' lang='lat' dir='ltr'><strong>ob</strong></span> <span class='ocrx_word' id='word_1_425' title='bbox 3461 2854 3598 2910; x_wconf 85' lang='lat' dir='ltr'><strong>lianc</strong></span> <span class='ocrx_word' id='word_1_426' title='bbox 3622 2867 3843 2912; x_wconf 83' lang='lat' dir='ltr'><strong>causam</strong></span> 
     </span>
    </p>
   </div>
   <div class='ocr_carea' id='block_1_61' title="bbox 2245 2945 3845 3014">
    <p class='ocr_par' dir='ltr' id='par_1_61' title="bbox 2245 2945 3845 3014">
     <span class='ocr_line' id='line_1_61' title="bbox 2245 2945 3845 3014; baseline 0.004 -17"><span class='ocrx_word' id='word_1_427' title='bbox 2245 2955 2396 2998; x_wconf 89' lang='lat' dir='ltr'><strong>tanto</strong></span> <span class='ocrx_word' id='word_1_428' title='bbox 2426 2954 2668 3013; x_wconf 89' lang='lat' dir='ltr'><strong>tempore</strong></span> <span class='ocrx_word' id='word_1_429' title='bbox 2695 2945 2748 2999; x_wconf 91' lang='lat' dir='ltr'><strong>in</strong></span> <span class='ocrx_word' id='word_1_430' title='bbox 2779 2961 2964 3000; x_wconf 89' lang='lat' dir='ltr'><strong>eremo</strong></span> <span class='ocrx_word' id='word_1_431' title='bbox 2991 2948 3158 3001; x_wconf 84' lang='lat' dir='ltr'><strong>fuisse</strong></span> <span class='ocrx_word' id='word_1_432' title='bbox 3186 2946 3500 3014; x_wconf 88' lang='lat' dir='ltr'><strong>traduntur,</strong></span> <span class='ocrx_word' id='word_1_433' title='bbox 3523 2948 3697 3003; x_wconf 90' lang='lat' dir='ltr'><strong>donec</strong></span> <span class='ocrx_word' id='word_1_434' title='bbox 3724 2963 3845 3003; x_wconf 88' lang='lat' dir='ltr'><strong>om-</strong></span> 
     </span>
    </p>
   </div>
   <div class='ocr_carea' id='block_1_62' title="bbox 2244 3037 3845 3108">
    <p class='ocr_par' dir='ltr' id='par_1_62' title="bbox 2244 3037 3845 3108">
     <span class='ocr_line' id='line_1_62' title="bbox 2244 3037 3845 3108; baseline 0.002 -17"><span class='ocrx_word' id='word_1_435' title='bbox 2244 3053 2340 3093; x_wconf 91' lang='lat' dir='ltr'><strong>nes</strong></span> <span class='ocrx_word' id='word_1_436' title='bbox 2370 3037 2463 3108; x_wconf 90' lang='lat' dir='ltr'><strong>qui</strong></span> <span class='ocrx_word' id='word_1_437' title='bbox 2507 3038 2686 3092; x_wconf 84' lang='lat' dir='ltr'><strong>verbis</strong></span> <span class='ocrx_word' id='word_1_438' title='bbox 2715 3039 2808 3092; x_wconf 88' lang='lat' dir='ltr'><strong>Dei</strong></span> <span class='ocrx_word' id='word_1_439' title='bbox 2842 3054 2949 3092; x_wconf 92' lang='lat' dir='ltr'><strong>non</strong></span> <span class='ocrx_word' id='word_1_440' title='bbox 2979 3038 3347 3108; x_wconf 89' lang='lat' dir='ltr'><strong>crediderant,</strong></span> <span class='ocrx_word' id='word_1_441' title='bbox 3381 3038 3671 3094; x_wconf 90' lang='lat' dir='ltr'><strong>interirent</strong></span> <span class='ocrx_word' id='word_1_442' title='bbox 3704 3058 3718 3096; x_wconf 83' lang='lat'><strong>:</strong></span> <span class='ocrx_word' id='word_1_443' title='bbox 3748 3040 3845 3096; x_wconf 78' lang='lat' dir='ltr'><strong>cx-</strong></span> 
     </span>
    </p>
   </div>
   <div class='ocr_carea' id='block_1_63' title="bbox 535 3119 3843 3202">
    <p class='ocr_par' dir='ltr' id='par_1_63' title="bbox 535 3119 3843 3202">
     <span class='ocr_line' id='line_1_63' title="bbox 535 3119 3843 3202; baseline -0.002 -8"><span class='ocrx_word' id='word_1_444' title='bbox 535 3140 733 3194; x_wconf 88' lang='lat' dir='ltr'><strong>castris</strong></span> <span class='ocrx_word' id='word_1_445' title='bbox 764 3138 886 3202; x_wconf 88' lang='lat' dir='ltr'><strong>fuit,</strong></span> <span class='ocrx_word' id='word_1_446' title='bbox 913 3135 1049 3192; x_wconf 88' lang='lat' dir='ltr'><strong>adeo</strong></span> <span class='ocrx_word' id='word_1_447' title='bbox 1079 3143 1233 3190; x_wconf 84' lang='lat' dir='ltr'><strong>utxx</strong></span> <span class='ocrx_word' id='word_1_448' title='bbox 1263 3142 1318 3189; x_wconf 89' lang='lat' dir='ltr'><strong>et</strong></span> <span class='ocrx_word' id='word_1_449' title='bbox 1347 3149 1406 3186; x_wconf 88' lang='grc' dir='ltr'><strong>ιιι</strong></span> <span class='ocrx_word' id='word_1_450' title='bbox 1433 3133 1678 3186; x_wconf 91' lang='lat' dir='ltr'><strong>virorum</strong></span> <span class='ocrx_word' id='word_1_451' title='bbox 1707 3129 1874 3183; x_wconf 88' lang='lat' dir='ltr'><strong>millia</strong></span> <span class='ocrx_word' id='word_1_452' title='bbox 1907 3127 2136 3198; x_wconf 88' lang='lat' dir='ltr'><strong>periisse</strong></span> <span class='ocrx_word' id='word_1_453' title='bbox 2163 3119 2208 3184; x_wconf 86' lang='lat' dir='ltr'><strong>C</strong></span> <span class='ocrx_word' id='word_1_454' title='bbox 2243 3140 2404 3201; x_wconf 85' lang='lat' dir='ltr'><strong>cepto</strong></span> <span class='ocrx_word' id='word_1_455' title='bbox 2451 3129 2593 3184; x_wconf 89' lang='lat' dir='ltr'><strong>enim</strong></span> <span class='ocrx_word' id='word_1_456' title='bbox 2635 3129 2763 3186; x_wconf 88' lang='lat' dir='ltr'><strong>Iesu</strong></span> <span class='ocrx_word' id='word_1_457' title='bbox 2810 3140 2862 3186; x_wconf 92' lang='lat' dir='ltr'><strong>et</strong></span> <span class='ocrx_word' id='word_1_458' title='bbox 2905 3131 3130 3199; x_wconf 81' lang='lat' dir='ltr'><strong>Citaleb,</strong></span> <span class='ocrx_word' id='word_1_459' title='bbox 3179 3147 3339 3187; x_wconf 92' lang='lat' dir='ltr'><strong>nemo</strong></span> <span class='ocrx_word' id='word_1_460' title='bbox 3381 3132 3516 3186; x_wconf 91' lang='lat' dir='ltr'><strong>ultra</strong></span> <span class='ocrx_word' id='word_1_461' title='bbox 3563 3148 3629 3186; x_wconf 81' lang='lat' dir='ltr'><strong>xx</strong></span> <span class='ocrx_word' id='word_1_462' title='bbox 3666 3148 3843 3188; x_wconf 90' lang='lat' dir='ltr'><strong>annos</strong></span> 
     </span>
    </p>
   </div>
   <div class='ocr_carea' id='block_1_64' title="bbox 537 3221 2135 3300">
    <p class='ocr_par' dir='ltr' id='par_1_64' title="bbox 537 3221 2135 3300">
     <span class='ocr_line' id='line_1_64' title="bbox 537 3221 2135 3300; baseline -0.007 -13"><span class='ocrx_word' id='word_1_463' title='bbox 537 3230 843 3287; x_wconf 85' lang='lat' dir='ltr'><strong>tradantur.</strong></span> <span class='ocrx_word' id='word_1_464' title='bbox 902 3229 979 3286; x_wconf 89' lang='lat' dir='ltr'><strong>Ita</strong></span> <span class='ocrx_word' id='word_1_465' title='bbox 1029 3228 1263 3300; x_wconf 82' lang='lat' dir='ltr'><strong>pepulus</strong></span> <span class='ocrx_word' id='word_1_466' title='bbox 1307 3239 1374 3280; x_wconf 90' lang='lat' dir='ltr'><strong>eo</strong></span> <span class='ocrx_word' id='word_1_467' title='bbox 1405 3237 1566 3296; x_wconf 84' lang='lat' dir='ltr'><strong>quem</strong></span> <span class='ocrx_word' id='word_1_468' title='bbox 1611 3221 1965 3278; x_wconf 81' lang='lat' dir='ltr'><strong>desiderabat</strong></span> <span class='ocrx_word' id='word_1_469' title='bbox 2011 3221 2135 3276; x_wconf 84' lang='lat' dir='ltr'><strong>cibo</strong></span> 
     </span>
    </p>
   </div>
   <div class='ocr_carea' id='block_1_65' title="bbox 536 3313 2137 3394">
    <p class='ocr_par' dir='ltr' id='par_1_65' title="bbox 536 3313 2137 3394">
     <span class='ocr_line' id='line_1_65' title="bbox 536 3313 2137 3394; baseline -0.005 -18"><span class='ocrx_word' id='word_1_470' title='bbox 536 3322 758 3394; x_wconf 84' lang='lat' dir='ltr'><strong>punitus</strong></span> <span class='ocrx_word' id='word_1_471' title='bbox 784 3329 885 3376; x_wconf 90' lang='lat' dir='ltr'><strong>est.</strong></span> <span class='ocrx_word' id='word_1_472' title='bbox 917 3319 1049 3375; x_wconf 89' lang='lat' dir='ltr'><strong>lude</strong></span> <span class='ocrx_word' id='word_1_473' title='bbox 1073 3325 1385 3388; x_wconf 84' lang='lat' dir='ltr'><strong>promotum</strong></span> <span class='ocrx_word' id='word_1_474' title='bbox 1410 3329 1626 3386; x_wconf 84' lang='lat' dir='ltr'><strong>agmen,</strong></span> <span class='ocrx_word' id='word_1_475' title='bbox 1653 3326 1707 3370; x_wconf 91' lang='lat' dir='ltr'><strong>et</strong></span> <span class='ocrx_word' id='word_1_476' title='bbox 1731 3315 1784 3369; x_wconf 92' lang='lat' dir='ltr'><strong>in</strong></span> <span class='ocrx_word' id='word_1_477' title='bbox 1809 3313 1988 3369; x_wconf 89' lang='lat' dir='ltr'><strong>Faran</strong></span> <span class='ocrx_word' id='word_1_478' title='bbox 2011 3329 2137 3369; x_wconf 87' lang='lat' dir='ltr'><strong>vcn-</strong></span> 
     </span>
    </p>
   </div>
   <div class='ocr_carea' id='block_1_66' title="bbox 539 3409 2136 3482">
    <p class='ocr_par' dir='ltr' id='par_1_66' title="bbox 539 3409 2136 3482">
     <span class='ocr_line' id='line_1_66' title="bbox 539 3409 2136 3482; baseline -0.006 -11"><span class='ocrx_word' id='word_1_479' title='bbox 539 3427 650 3471; x_wconf 91' lang='lat' dir='ltr'><strong>tum</strong></span> <span class='ocrx_word' id='word_1_480' title='bbox 674 3422 789 3471; x_wconf 90' lang='lat' dir='ltr'><strong>est:</strong></span> <span class='ocrx_word' id='word_1_481' title='bbox 815 3412 1151 3482; x_wconf 85' lang='lat' dir='ltr'><strong>edoctusque</strong></span> <span class='ocrx_word' id='word_1_482' title='bbox 1181 3426 1210 3465; x_wconf 87' lang='lat' dir='ltr'><strong>a</strong></span> <span class='ocrx_word' id='word_1_483' title='bbox 1238 3410 1473 3465; x_wconf 88' lang='lat' dir='ltr'><strong>Domino</strong></span> <span class='ocrx_word' id='word_1_484' title='bbox 1507 3410 1719 3480; x_wconf 78' lang='lat' dir='ltr'><strong>Moyses</strong></span> <span class='ocrx_word' id='word_1_485' title='bbox 1748 3409 1982 3462; x_wconf 81' lang='lat' dir='ltr'><strong>vicinam</strong></span> <span class='ocrx_word' id='word_1_486' title='bbox 2013 3421 2136 3462; x_wconf 90' lang='lat' dir='ltr'><strong>esse</strong></span> 
     </span>
    </p>
   </div>
   <div class='ocr_carea' id='block_1_67' title="bbox 540 3499 2139 3576">
    <p class='ocr_par' dir='ltr' id='par_1_67' title="bbox 540 3499 2139 3576">
     <span class='ocr_line' id='line_1_67' title="bbox 540 3499 2139 3576; baseline -0.006 -14"><span class='ocrx_word' id='word_1_487' title='bbox 540 3517 771 3572; x_wconf 92' lang='lat' dir='ltr'><strong>terram,</strong></span> <span class='ocrx_word' id='word_1_488' title='bbox 815 3504 971 3576; x_wconf 85' lang='lat' dir='ltr'><strong>cujus</strong></span> <span class='ocrx_word' id='word_1_489' title='bbox 1004 3511 1411 3576; x_wconf 79' lang='lat' dir='ltr'><strong>possessionem</strong></span> <span class='ocrx_word' id='word_1_490' title='bbox 1451 3502 1533 3556; x_wconf 89' lang='lat' dir='ltr'><strong>eis</strong></span> <span class='ocrx_word' id='word_1_491' title='bbox 1574 3501 1909 3571; x_wconf 87' lang='lat' dir='ltr'><strong>promiserat</strong></span> <span class='ocrx_word' id='word_1_492' title='bbox 1951 3499 2139 3554; x_wconf 90' lang='lat' dir='ltr'><strong>Domi-</strong></span> 
     </span>
    </p>
   </div>
   <div class='ocr_carea' id='block_1_68' title="bbox 539 3595 2135 3673">
    <p class='ocr_par' dir='ltr' id='par_1_68' title="bbox 539 3595 2135 3673">
     <span class='ocr_line' id='line_1_68' title="bbox 539 3595 2135 3673; baseline -0.006 -15"><span class='ocrx_word' id='word_1_493' title='bbox 539 3619 681 3668; x_wconf 86' lang='lat' dir='ltr'><strong>nus;</strong></span> <span class='ocrx_word' id='word_1_494' title='bbox 713 3599 1153 3673; x_wconf 81' lang='lat' dir='ltr'><strong>exploratoribus</strong></span> <span class='ocrx_word' id='word_1_495' title='bbox 1181 3599 1233 3652; x_wconf 91' lang='lat' dir='ltr'><strong>in</strong></span> <span class='ocrx_word' id='word_1_496' title='bbox 1263 3613 1381 3652; x_wconf 90' lang='lat' dir='ltr'><strong>cam</strong></span> <span class='ocrx_word' id='word_1_497' title='bbox 1415 3597 1595 3652; x_wconf 90' lang='lat' dir='ltr'><strong>missis</strong></span> <span class='ocrx_word' id='word_1_498' title='bbox 1624 3596 1986 3662; x_wconf 86' lang='lat' dir='ltr'><strong>renuntiatur,</strong></span> <span class='ocrx_word' id='word_1_499' title='bbox 2016 3595 2135 3649; x_wconf 86' lang='lat' dir='ltr'><strong>feli-</strong></span> 
     </span>
    </p>
   </div>
   <div class='ocr_carea' id='block_1_69' title="bbox 533 3689 2130 3765">
    <p class='ocr_par' dir='ltr' id='par_1_69' title="bbox 533 3689 2130 3765">
     <span class='ocr_line' id='line_1_69' title="bbox 533 3689 2130 3765; baseline -0.007 -12"><span class='ocrx_word' id='word_1_500' title='bbox 533 3713 652 3753; x_wconf 90' lang='lat' dir='ltr'><strong>cem</strong></span> <span class='ocrx_word' id='word_1_501' title='bbox 697 3695 843 3752; x_wconf 93' lang='lat' dir='ltr'><strong>omni</strong></span> <span class='ocrx_word' id='word_1_502' title='bbox 880 3695 1035 3765; x_wconf 87' lang='lat' dir='ltr'><strong>copia</strong></span> <span class='ocrx_word' id='word_1_503' title='bbox 1063 3705 1185 3748; x_wconf 84' lang='lat' dir='ltr'><strong>esse</strong></span> <span class='ocrx_word' id='word_1_504' title='bbox 1216 3692 1520 3763; x_wconf 88' lang='lat' dir='ltr'><strong>regionem,</strong></span> <span class='ocrx_word' id='word_1_505' title='bbox 1553 3689 1648 3745; x_wconf 90' lang='lat' dir='ltr'><strong>sed</strong></span> <span class='ocrx_word' id='word_1_506' title='bbox 1679 3701 1872 3762; x_wconf 80' lang='lat' dir='ltr'><strong>gentes</strong></span> <span class='ocrx_word' id='word_1_507' title='bbox 1903 3689 2130 3753; x_wconf 85' lang='lat' dir='ltr'><strong>validas,</strong></span> 
     </span>
    </p>
   </div>
   <div class='ocr_carea' id='block_1_70' title="bbox 532 3781 2133 3856">
    <p class='ocr_par' dir='ltr' id='par_1_70' title="bbox 532 3781 2133 3856">
     <span class='ocr_line' id='line_1_70' title="bbox 532 3781 2133 3856; baseline -0.006 -10"><span class='ocrx_word' id='word_1_508' title='bbox 532 3797 590 3846; x_wconf 88' lang='lat' dir='ltr'><strong>et</strong></span> <span class='ocrx_word' id='word_1_509' title='bbox 611 3787 814 3844; x_wconf 92' lang='lat' dir='ltr'><strong>munita</strong></span> <span class='ocrx_word' id='word_1_510' title='bbox 839 3784 1149 3856; x_wconf 85' lang='lat' dir='ltr'><strong>ingentibus</strong></span> <span class='ocrx_word' id='word_1_511' title='bbox 1178 3784 1348 3839; x_wconf 92' lang='lat' dir='ltr'><strong>muris</strong></span> <span class='ocrx_word' id='word_1_512' title='bbox 1377 3783 1596 3853; x_wconf 88' lang='lat' dir='ltr'><strong>oppida.</strong></span> <span class='ocrx_word' id='word_1_513' title='bbox 1630 3781 1784 3851; x_wconf 84' lang='lat' dir='ltr'><strong>Quod</strong></span> <span class='ocrx_word' id='word_1_514' title='bbox 1811 3783 1901 3837; x_wconf 91' lang='lat' dir='ltr'><strong>ubi</strong></span> <span class='ocrx_word' id='word_1_515' title='bbox 1931 3781 2133 3852; x_wconf 90' lang='lat' dir='ltr'><strong>populo</strong></span> 
     </span>
    </p>
   </div>
   <div class='ocr_carea' id='block_1_71' title="bbox 532 3875 2133 3951">
    <p class='ocr_par' dir='ltr' id='par_1_71' title="bbox 532 3875 2133 3951">
     <span class='ocr_line' id='line_1_71' title="bbox 532 3875 2133 3951; baseline -0.005 -13"><span class='ocrx_word' id='word_1_516' title='bbox 532 3891 894 3951; x_wconf 87' lang='lat' dir='ltr'><strong>compertum,</strong></span> <span class='ocrx_word' id='word_1_517' title='bbox 935 3891 1128 3948; x_wconf 84' lang='lat' dir='ltr'><strong>magna</strong></span> <span class='ocrx_word' id='word_1_518' title='bbox 1167 3884 1380 3933; x_wconf 87' lang='lat' dir='ltr'><strong>mentes</strong></span> <span class='ocrx_word' id='word_1_519' title='bbox 1410 3878 1650 3931; x_wconf 83' lang='lat' dir='ltr'><strong>omnium</strong></span> <span class='ocrx_word' id='word_1_520' title='bbox 1694 3875 1930 3931; x_wconf 87' lang='lat' dir='ltr'><strong>formido</strong></span> <span class='ocrx_word' id='word_1_521' title='bbox 1956 3877 2133 3931; x_wconf 89' lang='lat' dir='ltr'><strong>inces-</strong></span> 
     </span>
    </p>
   </div>
   <div class='ocr_carea' id='block_1_72' title="bbox 453 3962 2131 4042">
    <p class='ocr_par' dir='ltr' id='par_1_72' title="bbox 453 3962 2131 4042">
     <span class='ocr_line' id='line_1_72' title="bbox 453 3962 2131 4042; baseline -0.003 -13"><span class='ocrx_word' id='word_1_522' title='bbox 453 3962 475 3980; x_wconf 75' lang='grc'><strong>’</strong></span> <span class='ocrx_word' id='word_1_523' title='bbox 535 3983 702 4041; x_wconf 82' lang='lat' dir='ltr'><strong>serat,</strong></span> <span class='ocrx_word' id='word_1_524' title='bbox 735 3987 910 4042; x_wconf 89' lang='lat' dir='ltr'><strong>eoque</strong></span> <span class='ocrx_word' id='word_1_525' title='bbox 936 3971 1060 4024; x_wconf 88' lang='lat' dir='ltr'><strong>mali</strong></span> <span class='ocrx_word' id='word_1_526' title='bbox 1097 3978 1345 4036; x_wconf 88' lang='lat' dir='ltr'><strong>ventum,</strong></span> <span class='ocrx_word' id='word_1_527' title='bbox 1381 3979 1441 4023; x_wconf 94' lang='lat' dir='ltr'><strong>ut</strong></span> <span class='ocrx_word' id='word_1_528' title='bbox 1469 3977 1656 4040; x_wconf 87' lang='lat' dir='ltr'><strong>spreto</strong></span> <span class='ocrx_word' id='word_1_529' title='bbox 1693 3968 1866 4040; x_wconf 83' lang='lat' dir='ltr'><strong>Moysi</strong></span> <span class='ocrx_word' id='word_1_530' title='bbox 1895 3969 2131 4040; x_wconf 88' lang='lat' dir='ltr'><strong>imperio</strong></span> 
     </span>
    </p>
   </div>
   <div class='ocr_carea' id='block_1_73' title="bbox 532 4061 2128 4132">
    <p class='ocr_par' dir='ltr' id='par_1_73' title="bbox 532 4061 2128 4132">
     <span class='ocr_line' id='line_1_73' title="bbox 532 4061 2128 4132; baseline -0.002 -12"><span class='ocrx_word' id='word_1_531' title='bbox 532 4064 728 4120; x_wconf 91' lang='lat' dir='ltr'><strong>ducem</strong></span> <span class='ocrx_word' id='word_1_532' title='bbox 785 4062 886 4118; x_wconf 89' lang='lat' dir='ltr'><strong>sibi</strong></span> <span class='ocrx_word' id='word_1_533' title='bbox 932 4062 1272 4117; x_wconf 84' lang='lat' dir='ltr'><strong>constituere</strong></span> <span class='ocrx_word' id='word_1_534' title='bbox 1327 4069 1603 4132; x_wconf 86' lang='lat' dir='ltr'><strong>pararent,</strong></span> <span class='ocrx_word' id='word_1_535' title='bbox 1653 4064 1809 4131; x_wconf 88' lang='lat' dir='ltr'><strong>cujus</strong></span> <span class='ocrx_word' id='word_1_536' title='bbox 1861 4061 2024 4117; x_wconf 90' lang='lat' dir='ltr'><strong>ductu</strong></span> <span class='ocrx_word' id='word_1_537' title='bbox 2073 4062 2128 4117; x_wconf 87' lang='lat' dir='ltr'><strong>in</strong></span> 
     </span>
    </p>
   </div>
   <div class='ocr_carea' id='block_1_74' title="bbox 493 4152 2128 4230">
    <p class='ocr_par' dir='ltr' id='par_1_74' title="bbox 493 4152 2128 4230">
     <span class='ocr_line' id='line_1_74' title="bbox 493 4152 2128 4230; baseline -0.002 -16"><span class='ocrx_word' id='word_1_538' title='bbox 493 4173 498 4176; x_wconf 89' lang='grc'>·</span> <span class='ocrx_word' id='word_1_539' title='bbox 533 4153 828 4230; x_wconf 68' lang='lat' dir='ltr'><strong>Egyptum</strong></span> <span class='ocrx_word' id='word_1_540' title='bbox 857 4163 1282 4210; x_wconf 79' lang='lat' dir='ltr'><strong>reverterentur.</strong></span> <span class='ocrx_word' id='word_1_541' title='bbox 1309 4153 1465 4209; x_wconf 85' lang='lat' dir='ltr'><strong>Tunc</strong></span> <span class='ocrx_word' id='word_1_542' title='bbox 1489 4154 1649 4210; x_wconf 87' lang='lat' dir='ltr'><strong>Iesus</strong></span> <span class='ocrx_word' id='word_1_543' title='bbox 1678 4167 1732 4210; x_wconf 88' lang='lat' dir='ltr'><strong>et</strong></span> <span class='ocrx_word' id='word_1_544' title='bbox 1757 4152 1970 4210; x_wconf 82' lang='lat' dir='ltr'><strong>Cbaleb</strong></span> <span class='ocrx_word' id='word_1_545' title='bbox 1991 4197 2004 4219; x_wconf 93' lang='lat'><strong>,</strong></span> <span class='ocrx_word' id='word_1_546' title='bbox 2037 4155 2128 4225; x_wconf 80' lang='lat' dir='ltr'><strong>qui</strong></span> 
     </span>
    </p>
   </div>
   <div class='ocr_carea' id='block_1_75' title="bbox 533 4246 2130 4321">
    <p class='ocr_par' dir='ltr' id='par_1_75' title="bbox 533 4246 2130 4321">
     <span class='ocr_line' id='line_1_75' title="bbox 533 4246 2130 4321; baseline -0.003 -14"><span class='ocrx_word' id='word_1_547' title='bbox 533 4251 676 4309; x_wconf 88' lang='lat' dir='ltr'><strong>inter</strong></span> <span class='ocrx_word' id='word_1_548' title='bbox 705 4248 1082 4321; x_wconf 86' lang='lat' dir='ltr'><strong>exploratores</strong></span> <span class='ocrx_word' id='word_1_549' title='bbox 1107 4257 1269 4303; x_wconf 76' lang='lat' dir='ltr'><strong>terrae</strong></span> <span class='ocrx_word' id='word_1_550' title='bbox 1298 4246 1532 4314; x_wconf 87' lang='lat' dir='ltr'><strong>fuerant,</strong></span> <span class='ocrx_word' id='word_1_551' title='bbox 1558 4249 1854 4302; x_wconf 85' lang='lat' dir='ltr'><strong>conscissis</strong></span> <span class='ocrx_word' id='word_1_552' title='bbox 1882 4248 2130 4303; x_wconf 85' lang='lat' dir='ltr'><strong>vestibus</strong></span> 
     </span>
    </p>
   </div>
   <div class='ocr_carea' id='block_1_76' title="bbox 535 4337 2130 4411">
    <p class='ocr_par' dir='ltr' id='par_1_76' title="bbox 535 4337 2130 4411">
     <span class='ocr_line' id='line_1_76' title="bbox 535 4337 2130 4411; baseline -0.001 -13"><span class='ocrx_word' id='word_1_553' title='bbox 535 4342 764 4407; x_wconf 82' lang='lat' dir='ltr'><strong>flentes,</strong></span> <span class='ocrx_word' id='word_1_554' title='bbox 817 4340 1078 4411; x_wconf 82' lang='lat' dir='ltr'><strong>pOpuium</strong></span> <span class='ocrx_word' id='word_1_555' title='bbox 1134 4341 1494 4405; x_wconf 87' lang='lat' dir='ltr'><strong>obtestantur,</strong></span> <span class='ocrx_word' id='word_1_556' title='bbox 1559 4354 1626 4394; x_wconf 91' lang='lat' dir='ltr'><strong>ne</strong></span> <span class='ocrx_word' id='word_1_557' title='bbox 1690 4337 2130 4410; x_wconf 81' lang='lat' dir='ltr'><strong>exploratoribus</strong></span> 
     </span>
    </p>
   </div>
   <div class='ocr_carea' id='block_1_77' title="bbox 530 4431 2124 4503">
    <p class='ocr_par' dir='ltr' id='par_1_77' title="bbox 530 4431 2124 4503">
     <span class='ocr_line' id='line_1_77' title="bbox 530 4431 2124 4503; baseline -0.004 -12"><span class='ocrx_word' id='word_1_558' title='bbox 530 4435 759 4491; x_wconf 87' lang='lat' dir='ltr'><strong>credant</strong></span> <span class='ocrx_word' id='word_1_559' title='bbox 793 4431 1150 4487; x_wconf 75' lang='lat' dir='ltr'><strong>formidolosa</strong></span> <span class='ocrx_word' id='word_1_560' title='bbox 1193 4431 1560 4486; x_wconf 83' lang='lat' dir='ltr'><strong>referentibus</strong></span> <span class='ocrx_word' id='word_1_561' title='bbox 1601 4446 1618 4485; x_wconf 90' lang='lat'>:</span> <span class='ocrx_word' id='word_1_562' title='bbox 1653 4445 1713 4485; x_wconf 84' lang='lat' dir='ltr'><strong>se</strong></span> <span class='ocrx_word' id='word_1_563' title='bbox 1757 4447 1976 4503; x_wconf 81' lang='lat' dir='ltr'><strong>quoque</strong></span> <span class='ocrx_word' id='word_1_564' title='bbox 2019 4446 2124 4486; x_wconf 90' lang='lat' dir='ltr'><strong>una</strong></span> 
     </span>
    </p>
   </div>
   <div class='ocr_carea' id='block_1_78' title="bbox 2244 3223 3845 3297">
    <p class='ocr_par' dir='ltr' id='par_1_78' title="bbox 2244 3223 3845 3297">
     <span class='ocr_line' id='line_1_78' title="bbox 2244 3223 3845 3297; baseline 0.004 -19"><span class='ocrx_word' id='word_1_565' title='bbox 2244 3235 2404 3278; x_wconf 89' lang='lat' dir='ltr'><strong>natus</strong></span> <span class='ocrx_word' id='word_1_566' title='bbox 2453 3223 2692 3296; x_wconf 58' lang='lat' dir='ltr'><strong>IEgypto</strong></span> <span class='ocrx_word' id='word_1_567' title='bbox 2747 3225 3043 3294; x_wconf 90' lang='lat' dir='ltr'><strong>profectus,</strong></span> <span class='ocrx_word' id='word_1_568' title='bbox 3094 3225 3385 3281; x_wconf 87' lang='lat' dir='ltr'><strong>Iordanem</strong></span> <span class='ocrx_word' id='word_1_569' title='bbox 3439 3227 3673 3281; x_wconf 84' lang='lat' dir='ltr'><strong>transiit.</strong></span> <span class='ocrx_word' id='word_1_570' title='bbox 3721 3227 3845 3297; x_wconf 84' lang='lat' dir='ltr'><strong>ipse</strong></span> 
     </span>
    </p>
   </div>
   <div class='ocr_carea' id='block_1_79' title="bbox 2242 3317 3844 3392">
    <p class='ocr_par' dir='ltr' id='par_1_79' title="bbox 2242 3317 3844 3392">
     <span class='ocr_line' id='line_1_79' title="bbox 2242 3317 3844 3392; baseline 0.003 -21"><span class='ocrx_word' id='word_1_571' title='bbox 2242 3317 2451 3392; x_wconf 83' lang='lat' dir='ltr'><strong>Moyses</strong></span> <span class='ocrx_word' id='word_1_572' title='bbox 2500 3331 2554 3372; x_wconf 90' lang='grc' dir='ltr'><strong>ιιι</strong></span> <span class='ocrx_word' id='word_1_573' title='bbox 2606 3325 2807 3373; x_wconf 85' lang='lat' dir='ltr'><strong>terram</strong></span> <span class='ocrx_word' id='word_1_574' title='bbox 2842 3321 3168 3390; x_wconf 81' lang='lat' dir='ltr'><strong>promissam</strong></span> <span class='ocrx_word' id='word_1_575' title='bbox 3213 3317 3411 3374; x_wconf 82' lang='lat' dir='ltr'><strong>viderit</strong></span> <span class='ocrx_word' id='word_1_576' title='bbox 3463 3328 3696 3384; x_wconf 84' lang='lat' dir='ltr'><strong>tantum,</strong></span> <span class='ocrx_word' id='word_1_577' title='bbox 3741 3334 3844 3376; x_wconf 87' lang='lat' dir='ltr'><strong>nec</strong></span> 
     </span>
    </p>
   </div>
   <div class='ocr_carea' id='block_1_80' title="bbox 2240 3414 3843 3489">
    <p class='ocr_par' dir='ltr' id='par_1_80' title="bbox 2240 3414 3843 3489">
     <span class='ocr_line' id='line_1_80' title="bbox 2240 3414 3843 3489; baseline 0.002 -23"><span class='ocrx_word' id='word_1_578' title='bbox 2240 3414 2606 3484; x_wconf 84' lang='lat' dir='ltr'><strong>contingeret,</strong></span> <span class='ocrx_word' id='word_1_579' title='bbox 2641 3424 2863 3484; x_wconf 89' lang='lat' dir='ltr'><strong>peccato</strong></span> <span class='ocrx_word' id='word_1_580' title='bbox 2910 3414 3030 3484; x_wconf 88' lang='lat' dir='ltr'><strong>ejus</strong></span> <span class='ocrx_word' id='word_1_581' title='bbox 3059 3414 3352 3470; x_wconf 87' lang='lat' dir='ltr'><strong>ascribitur</strong></span> <span class='ocrx_word' id='word_1_582' title='bbox 3382 3432 3394 3467; x_wconf 90' lang='lat'><strong>:</strong></span> <span class='ocrx_word' id='word_1_583' title='bbox 3427 3414 3570 3489; x_wconf 89' lang='lat' dir='ltr'><strong>quod</strong></span> <span class='ocrx_word' id='word_1_584' title='bbox 3610 3430 3674 3469; x_wconf 88' lang='lat' dir='ltr'><strong>eo</strong></span> <span class='ocrx_word' id='word_1_585' title='bbox 3704 3423 3843 3470; x_wconf 88' lang='lat' dir='ltr'><strong>tem-</strong></span> 
     </span>
    </p>
   </div>
   <div class='ocr_carea' id='block_1_81' title="bbox 2243 3505 3841 3580">
    <p class='ocr_par' dir='ltr' id='par_1_81' title="bbox 2243 3505 3841 3580">
     <span class='ocr_line' id='line_1_81' title="bbox 2243 3505 3841 3580; baseline 0.007 -28"><span class='ocrx_word' id='word_1_586' title='bbox 2243 3519 2371 3574; x_wconf 85' lang='lat' dir='ltr'><strong>pore</strong></span> <span class='ocrx_word' id='word_1_587' title='bbox 2389 3519 2495 3576; x_wconf 90' lang='lat' dir='ltr'><strong>quo</strong></span> <span class='ocrx_word' id='word_1_588' title='bbox 2523 3520 2712 3559; x_wconf 80' lang='lat' dir='ltr'><strong>saxum</strong></span> <span class='ocrx_word' id='word_1_589' title='bbox 2734 3505 2894 3562; x_wconf 86' lang='lat' dir='ltr'><strong>ferire</strong></span> <span class='ocrx_word' id='word_1_590' title='bbox 2917 3516 2970 3562; x_wconf 89' lang='lat' dir='ltr'><strong>et</strong></span> <span class='ocrx_word' id='word_1_591' title='bbox 2993 3523 3184 3580; x_wconf 89' lang='lat' dir='ltr'><strong>aquam</strong></span> <span class='ocrx_word' id='word_1_592' title='bbox 3207 3507 3512 3580; x_wconf 90' lang='lat' dir='ltr'><strong>producere</strong></span> <span class='ocrx_word' id='word_1_593' title='bbox 3536 3517 3841 3578; x_wconf 64' lang='lat' dir='ltr'><strong>praeceptus</strong></span> 
     </span>
    </p>
   </div>
   <div class='ocr_carea' id='block_1_82' title="bbox 2240 3595 3841 3668">
    <p class='ocr_par' dir='ltr' id='par_1_82' title="bbox 2240 3595 3841 3668">
     <span class='ocr_line' id='line_1_82' title="bbox 2240 3595 3841 3668; baseline 0.002 -18"><span class='ocrx_word' id='word_1_594' title='bbox 2240 3605 2344 3660; x_wconf 89' lang='lat' dir='ltr'><strong>est,</strong></span> <span class='ocrx_word' id='word_1_595' title='bbox 2377 3607 2498 3668; x_wconf 89' lang='lat' dir='ltr'><strong>post</strong></span> <span class='ocrx_word' id='word_1_596' title='bbox 2531 3606 2608 3652; x_wconf 92' lang='lat' dir='ltr'><strong>tot</strong></span> <span class='ocrx_word' id='word_1_597' title='bbox 2645 3599 2911 3652; x_wconf 89' lang='lat' dir='ltr'><strong>virtutum</strong></span> <span class='ocrx_word' id='word_1_598' title='bbox 2952 3615 3174 3653; x_wconf 88' lang='lat' dir='ltr'><strong>suarttm</strong></span> <span class='ocrx_word' id='word_1_599' title='bbox 3206 3600 3582 3668; x_wconf 89' lang='lat' dir='ltr'><strong>experimenta</strong></span> <span class='ocrx_word' id='word_1_600' title='bbox 3625 3595 3841 3654; x_wconf 89' lang='lat' dir='ltr'><strong>dubita-</strong></span> 
     </span>
    </p>
   </div>
   <div class='ocr_carea' id='block_1_83' title="bbox 2241 3688 3841 3762">
    <p class='ocr_par' dir='ltr' id='par_1_83' title="bbox 2241 3688 3841 3762">
     <span class='ocr_line' id='line_1_83' title="bbox 2241 3688 3841 3762; baseline 0.004 -20"><span class='ocrx_word' id='word_1_601' title='bbox 2241 3690 2401 3744; x_wconf 90' lang='lat' dir='ltr'><strong>verit.</strong></span> <span class='ocrx_word' id='word_1_602' title='bbox 2423 3688 2877 3747; x_wconf 88' lang='lat' dir='ltr'><strong>Decessitautem</strong></span> <span class='ocrx_word' id='word_1_603' title='bbox 2909 3706 3052 3746; x_wconf 89' lang='lat' dir='ltr'><strong>anno</strong></span> <span class='ocrx_word' id='word_1_604' title='bbox 3081 3692 3257 3744; x_wconf 79' lang='lat' dir='ltr'><strong>:etatis</strong></span> <span class='ocrx_word' id='word_1_605' title='bbox 3282 3691 3542 3762; x_wconf 77' lang='lat' dir='ltr'><strong>vigesimo</strong></span> <span class='ocrx_word' id='word_1_606' title='bbox 3570 3701 3626 3744; x_wconf 92' lang='lat' dir='ltr'><strong>et</strong></span> <span class='ocrx_word' id='word_1_607' title='bbox 3654 3703 3841 3748; x_wconf 86' lang='lat' dir='ltr'><strong>cente-</strong></span> 
     </span>
    </p>
   </div>
   <div class='ocr_carea' id='block_1_84' title="bbox 2239 3782 3537 3853">
    <p class='ocr_par' dir='ltr' id='par_1_84' title="bbox 2239 3782 3537 3853">
     <span class='ocr_line' id='line_1_84' title="bbox 2239 3782 3537 3853; baseline 0 -16"><span class='ocrx_word' id='word_1_608' title='bbox 2239 3782 2413 3846; x_wconf 89' lang='lat' dir='ltr'><strong>simo;</strong></span> <span class='ocrx_word' id='word_1_609' title='bbox 2441 3782 2511 3836; x_wconf 89' lang='lat' dir='ltr'><strong>de</strong></span> <span class='ocrx_word' id='word_1_610' title='bbox 2542 3785 2783 3853; x_wconf 87' lang='lat' dir='ltr'><strong>sepulcri</strong></span> <span class='ocrx_word' id='word_1_611' title='bbox 2811 3784 2936 3838; x_wconf 86' lang='lat' dir='ltr'><strong>loco</strong></span> <span class='ocrx_word' id='word_1_612' title='bbox 2962 3797 3156 3852; x_wconf 84' lang='lat' dir='ltr'><strong>parum</strong></span> <span class='ocrx_word' id='word_1_613' title='bbox 3173 3795 3537 3851; x_wconf 86' lang='lat' dir='ltr'><strong>compertum.</strong></span> 
     </span>
    </p>
   </div>
   <div class='ocr_carea' id='block_1_85' title="bbox 2306 3873 3835 3945">
    <p class='ocr_par' dir='ltr' id='par_1_85' title="bbox 2306 3873 3835 3945">
     <span class='ocr_line' id='line_1_85' title="bbox 2306 3873 3835 3945; baseline 0.003 -16"><span class='ocrx_word' id='word_1_614' title='bbox 2306 3873 2474 3929; x_wconf 88' lang='lat' dir='ltr'><strong>XXII.</strong></span> <span class='ocrx_word' id='word_1_615' title='bbox 2507 3874 2691 3945; x_wconf 83' lang='lat' dir='ltr'><strong>Moyse</strong></span> <span class='ocrx_word' id='word_1_616' title='bbox 2723 3884 2936 3929; x_wconf 90' lang='lat' dir='ltr'><strong>mortuo</strong></span> <span class='ocrx_word' id='word_1_617' title='bbox 2980 3889 3193 3929; x_wconf 87' lang='lat' dir='ltr'><strong>summa</strong></span> <span class='ocrx_word' id='word_1_618' title='bbox 3223 3889 3404 3930; x_wconf 86' lang='lat' dir='ltr'><strong>rerum</strong></span> <span class='ocrx_word' id='word_1_619' title='bbox 3446 3890 3616 3944; x_wconf 89' lang='lat' dir='ltr'><strong>penes</strong></span> <span class='ocrx_word' id='word_1_620' title='bbox 3647 3875 3835 3933; x_wconf 79' lang='lat' dir='ltr'><strong>Iesum</strong></span> 
     </span>
    </p>
   </div>
   <div class='ocr_carea' id='block_1_86' title="bbox 2235 3965 3835 4042">
    <p class='ocr_par' dir='ltr' id='par_1_86' title="bbox 2235 3965 3835 4042">
     <span class='ocr_line' id='line_1_86' title="bbox 2235 3965 3835 4042; baseline 0.003 -21"><span class='ocrx_word' id='word_1_621' title='bbox 2235 3965 2380 4022; x_wconf 84' lang='lat' dir='ltr'><strong>Nave</strong></span> <span class='ocrx_word' id='word_1_622' title='bbox 2409 3968 2576 4022; x_wconf 89' lang='lat' dir='ltr'><strong>lilium</strong></span> <span class='ocrx_word' id='word_1_623' title='bbox 2607 3978 2727 4023; x_wconf 88' lang='lat' dir='ltr'><strong>erat</strong></span> <span class='ocrx_word' id='word_1_624' title='bbox 2756 3985 2768 4021; x_wconf 91' lang='lat'>:</span> <span class='ocrx_word' id='word_1_625' title='bbox 2801 3966 3008 4022; x_wconf 90' lang='lat' dir='ltr'><strong>etenim</strong></span> <span class='ocrx_word' id='word_1_626' title='bbox 3043 3967 3194 4022; x_wconf 92' lang='lat' dir='ltr'><strong>illum</strong></span> <span class='ocrx_word' id='word_1_627' title='bbox 3227 3967 3329 4022; x_wconf 86' lang='lat' dir='ltr'><strong>sibi</strong></span> <span class='ocrx_word' id='word_1_628' title='bbox 3363 3968 3580 4042; x_wconf 85' lang='lat' dir='ltr'><strong>Moyses</strong></span> <span class='ocrx_word' id='word_1_629' title='bbox 3613 3986 3835 4026; x_wconf 87' lang='lat' dir='ltr'><strong>succes-</strong></span> 
     </span>
    </p>
   </div>
   <div class='ocr_carea' id='block_1_87' title="bbox 2233 4060 3828 4130">
    <p class='ocr_par' dir='ltr' id='par_1_87' title="bbox 2233 4060 3828 4130">
     <span class='ocr_line' id='line_1_87' title="bbox 2233 4060 3828 4130; baseline 0.003 -17"><span class='ocrx_word' id='word_1_630' title='bbox 2233 4074 2415 4114; x_wconf 82' lang='lat' dir='ltr'><strong>sorem</strong></span> <span class='ocrx_word' id='word_1_631' title='bbox 2433 4060 2812 4130; x_wconf 90' lang='lat' dir='ltr'><strong>constituerat,</strong></span> <span class='ocrx_word' id='word_1_632' title='bbox 2833 4062 3006 4116; x_wconf 86' lang='lat' dir='ltr'><strong>virum</strong></span> <span class='ocrx_word' id='word_1_633' title='bbox 3021 4060 3311 4116; x_wconf 86' lang='lat' dir='ltr'><strong>virtutibus</strong></span> <span class='ocrx_word' id='word_1_634' title='bbox 3333 4064 3446 4116; x_wconf 91' lang='lat' dir='ltr'><strong>suis</strong></span> <span class='ocrx_word' id='word_1_635' title='bbox 3469 4061 3828 4118; x_wconf 88' lang='lat' dir='ltr'><strong>simillimum.</strong></span> 
     </span>
    </p>
   </div>
   <div class='ocr_carea' id='block_1_88' title="bbox 2234 4149 3833 4228">
    <p class='ocr_par' dir='ltr' id='par_1_88' title="bbox 2234 4149 3833 4228">
     <span class='ocr_line' id='line_1_88' title="bbox 2234 4149 3833 4228; baseline 0.003 -21"><span class='ocrx_word' id='word_1_636' title='bbox 2234 4149 2509 4222; x_wconf 82' lang='lat' dir='ltr'><strong>Principio</strong></span> <span class='ocrx_word' id='word_1_637' title='bbox 2561 4163 2745 4209; x_wconf 87' lang='lat' dir='ltr'><strong>autem</strong></span> <span class='ocrx_word' id='word_1_638' title='bbox 2802 4154 3042 4224; x_wconf 90' lang='lat' dir='ltr'><strong>suscepti</strong></span> <span class='ocrx_word' id='word_1_639' title='bbox 3110 4152 3370 4224; x_wconf 90' lang='lat' dir='ltr'><strong>imperii,</strong></span> <span class='ocrx_word' id='word_1_640' title='bbox 3429 4155 3672 4211; x_wconf 85' lang='lat' dir='ltr'><strong>dimissis</strong></span> <span class='ocrx_word' id='word_1_641' title='bbox 3732 4173 3833 4228; x_wconf 90' lang='lat' dir='ltr'><strong>per</strong></span> 
     </span>
    </p>
   </div>
   <div class='ocr_carea' id='block_1_89' title="bbox 2233 4245 3828 4317">
    <p class='ocr_par' dir='ltr' id='par_1_89' title="bbox 2233 4245 3828 4317">
     <span class='ocr_line' id='line_1_89' title="bbox 2233 4245 3828 4317; baseline 0.004 -17"><span class='ocrx_word' id='word_1_642' title='bbox 2233 4259 2408 4301; x_wconf 85' lang='lat' dir='ltr'><strong>castra</strong></span> <span class='ocrx_word' id='word_1_643' title='bbox 2442 4245 2645 4300; x_wconf 90' lang='lat' dir='ltr'><strong>nuntiis</strong></span> <span class='ocrx_word' id='word_1_644' title='bbox 2677 4246 2939 4317; x_wconf 91' lang='lat' dir='ltr'><strong>populum</strong></span> <span class='ocrx_word' id='word_1_645' title='bbox 2974 4247 3268 4302; x_wconf 90' lang='lat' dir='ltr'><strong>certiorem</strong></span> <span class='ocrx_word' id='word_1_646' title='bbox 3301 4247 3462 4315; x_wconf 87' lang='lat' dir='ltr'><strong>facit,</strong></span> <span class='ocrx_word' id='word_1_647' title='bbox 3495 4247 3828 4306; x_wconf 85' lang='lat' dir='ltr'><strong>frumentum</strong></span> 
     </span>
    </p>
   </div>
   <div class='ocr_carea' id='block_1_90' title="bbox 2235 4339 3828 4410">
    <p class='ocr_par' dir='ltr' id='par_1_90' title="bbox 2235 4339 3828 4410">
     <span class='ocr_line' id='line_1_90' title="bbox 2235 4339 3828 4410; baseline 0.002 -15"><span class='ocrx_word' id='word_1_648' title='bbox 2235 4343 2308 4396; x_wconf 86' lang='grc' dir='ltr'>ιιιὶ</span> <span class='ocrx_word' id='word_1_649' title='bbox 2362 4350 2634 4410; x_wconf 88' lang='lat' dir='ltr'><strong>pararent,</strong></span> <span class='ocrx_word' id='word_1_650' title='bbox 2685 4339 2975 4409; x_wconf 79' lang='lat' dir='ltr'><strong>triduoque</strong></span> <span class='ocrx_word' id='word_1_651' title='bbox 3025 4340 3277 4408; x_wconf 86' lang='lat' dir='ltr'><strong>proximo</strong></span> <span class='ocrx_word' id='word_1_652' title='bbox 3328 4341 3433 4394; x_wconf 90' lang='lat' dir='ltr'><strong>iter</strong></span> <span class='ocrx_word' id='word_1_653' title='bbox 3487 4343 3828 4409; x_wconf 88' lang='lat' dir='ltr'><strong>pronuntiat.</strong></span> 
     </span>
    </p>
   </div>
   <div class='ocr_carea' id='block_1_91' title="bbox 2231 4432 3830 4503">
    <p class='ocr_par' dir='ltr' id='par_1_91' title="bbox 2231 4432 3830 4503">
     <span class='ocr_line' id='line_1_91' title="bbox 2231 4432 3830 4503; baseline -0.001 -13"><span class='ocrx_word' id='word_1_654' title='bbox 2231 4433 2341 4490; x_wconf 87' lang='lat' dir='ltr'><strong>Sed</strong></span> <span class='ocrx_word' id='word_1_655' title='bbox 2381 4433 2636 4489; x_wconf 90' lang='lat' dir='ltr'><strong>Iordanis</strong></span> <span class='ocrx_word' id='word_1_656' title='bbox 2661 4432 2862 4488; x_wconf 78' lang='lat' dir='ltr'><strong>flumen</strong></span> <span class='ocrx_word' id='word_1_657' title='bbox 2891 4433 3286 4488; x_wconf 87' lang='lat' dir='ltr'><strong>validissimum</strong></span> <span class='ocrx_word' id='word_1_658' title='bbox 3322 4434 3610 4487; x_wconf 85' lang='lat' dir='ltr'><strong>transitum</strong></span> <span class='ocrx_word' id='word_1_659' title='bbox 3647 4433 3830 4503; x_wconf 87' lang='lat' dir='ltr'><strong>probi-</strong></span> 
     </span>
    </p>
   </div>
   <div class='ocr_carea' id='block_1_92' title="bbox 531 4507 3827 4600">
    <p class='ocr_par' dir='ltr' id='par_1_92' title="bbox 531 4507 3827 4600">
     <span class='ocr_line' id='line_1_92' title="bbox 531 4507 3827 4600; baseline -0 -15"><span class='ocrx_word' id='word_1_660' title='bbox 531 4529 769 4586; x_wconf 81' lang='lat' dir='ltr'><strong>cumbis</strong></span> <span class='ocrx_word' id='word_1_661' title='bbox 795 4527 982 4594; x_wconf 84' lang='lat' dir='ltr'><strong>fuisse,</strong></span> <span class='ocrx_word' id='word_1_662' title='bbox 1021 4527 1155 4582; x_wconf 85' lang='lat' dir='ltr'><strong>nihil</strong></span> <span class='ocrx_word' id='word_1_663' title='bbox 1186 4528 1544 4582; x_wconf 83' lang='lat' dir='ltr'><strong>metuendum</strong></span> <span class='ocrx_word' id='word_1_664' title='bbox 1574 4529 1626 4582; x_wconf 92' lang='lat' dir='ltr'><strong>in</strong></span> <span class='ocrx_word' id='word_1_665' title='bbox 1669 4529 1789 4584; x_wconf 92' lang='lat' dir='ltr'><strong>solo</strong></span> <span class='ocrx_word' id='word_1_666' title='bbox 1829 4529 1926 4582; x_wconf 91' lang='lat' dir='ltr'><strong>illo</strong></span> <span class='ocrx_word' id='word_1_667' title='bbox 1972 4544 2134 4600; x_wconf 90' lang='lat' dir='ltr'><strong>repe-</strong></span> <span class='ocrx_word' id='word_1_668' title='bbox 2159 4507 2212 4569; x_wconf 81' lang='grc' dir='ltr'>Ῑ)</span> <span class='ocrx_word' id='word_1_669' title='bbox 2233 4529 2398 4584; x_wconf 86' lang='lat' dir='ltr'><strong>bcbat</strong></span> <span class='ocrx_word' id='word_1_670' title='bbox 2431 4547 2444 4584; x_wconf 92' lang='lat'>:</span> <span class='ocrx_word' id='word_1_671' title='bbox 2474 4529 2600 4600; x_wconf 91' lang='lat' dir='ltr'><strong>quia</strong></span> <span class='ocrx_word' id='word_1_672' title='bbox 2624 4544 2805 4598; x_wconf 90' lang='lat' dir='ltr'><strong>neque</strong></span> <span class='ocrx_word' id='word_1_673' title='bbox 2845 4528 3059 4583; x_wconf 89' lang='lat' dir='ltr'><strong>navium</strong></span> <span class='ocrx_word' id='word_1_674' title='bbox 3090 4529 3246 4599; x_wconf 89' lang='lat' dir='ltr'><strong>copia</strong></span> <span class='ocrx_word' id='word_1_675' title='bbox 3280 4543 3379 4599; x_wconf 89' lang='lat' dir='ltr'><strong>pro</strong></span> <span class='ocrx_word' id='word_1_676' title='bbox 3412 4538 3657 4597; x_wconf 82' lang='lat' dir='ltr'><strong>tempore</strong></span> <span class='ocrx_word' id='word_1_677' title='bbox 3684 4539 3827 4597; x_wconf 90' lang='lat' dir='ltr'><strong>erat,</strong></span> 
     </span>
    </p>
   </div>
   <div class='ocr_carea' id='block_1_93' title="bbox 531 4621 2129 4695">
    <p class='ocr_par' dir='ltr' id='par_1_93' title="bbox 531 4621 2129 4695">
     <span class='ocr_line' id='line_1_93' title="bbox 531 4621 2129 4695; baseline -0.001 -13"><span class='ocrx_word' id='word_1_678' title='bbox 531 4626 672 4682; x_wconf 91' lang='lat' dir='ltr'><strong>risse</strong></span> <span class='ocrx_word' id='word_1_679' title='bbox 697 4641 711 4678; x_wconf 86' lang='lat'><strong>:</strong></span> <span class='ocrx_word' id='word_1_680' title='bbox 744 4623 1032 4695; x_wconf 89' lang='lat' dir='ltr'><strong>promissis</strong></span> <span class='ocrx_word' id='word_1_681' title='bbox 1053 4621 1178 4677; x_wconf 88' lang='lat' dir='ltr'><strong>ilios</strong></span> <span class='ocrx_word' id='word_1_682' title='bbox 1195 4621 1294 4676; x_wconf 86' lang='lat' dir='ltr'><strong>&#39;Dei</strong></span> <span class='ocrx_word' id='word_1_683' title='bbox 1318 4621 1595 4677; x_wconf 84' lang='lat' dir='ltr'><strong>confidere</strong></span> <span class='ocrx_word' id='word_1_684' title='bbox 1611 4631 1877 4690; x_wconf 74' lang='lat' dir='ltr'><strong>Oportere</strong></span> <span class='ocrx_word' id='word_1_685' title='bbox 1901 4640 1913 4675; x_wconf 91' lang='lat'><strong>:</strong></span> <span class='ocrx_word' id='word_1_686' title='bbox 1937 4623 2129 4680; x_wconf 79' lang='lat' dir='ltr'><strong>hostes</strong></span> 
     </span>
    </p>
   </div>
   <div class='ocr_carea' id='block_1_94' title="bbox 532 4713 2124 4791">
    <p class='ocr_par' dir='ltr' id='par_1_94' title="bbox 532 4713 2124 4791">
     <span class='ocr_line' id='line_1_94' title="bbox 532 4713 2124 4791; baseline -0.003 -16"><span class='ocrx_word' id='word_1_687' title='bbox 532 4717 729 4791; x_wconf 74' lang='lat' dir='ltr'><strong>praidae</strong></span> <span class='ocrx_word' id='word_1_688' title='bbox 760 4719 940 4787; x_wconf 85' lang='lat' dir='ltr'><strong>potius</strong></span> <span class='ocrx_word' id='word_1_689' title='bbox 971 4730 1128 4783; x_wconf 83' lang='lat' dir='ltr'><strong>quam</strong></span> <span class='ocrx_word' id='word_1_690' title='bbox 1156 4714 1324 4770; x_wconf 83' lang='lat' dir='ltr'><strong>exitio</strong></span> <span class='ocrx_word' id='word_1_691' title='bbox 1353 4713 1494 4769; x_wconf 84' lang='lat' dir='ltr'><strong>fore.</strong></span> <span class='ocrx_word' id='word_1_692' title='bbox 1519 4713 1631 4770; x_wconf 87' lang='lat' dir='ltr'><strong>Sed</strong></span> <span class='ocrx_word' id='word_1_693' title='bbox 1667 4729 1802 4785; x_wconf 82' lang='lat' dir='ltr'><strong>gens</strong></span> <span class='ocrx_word' id='word_1_694' title='bbox 1839 4716 2124 4788; x_wconf 86' lang='lat' dir='ltr'><strong>indomita,</strong></span> 
     </span>
    </p>
   </div>
   <div class='ocr_carea' id='block_1_95' title="bbox 527 4809 2125 4878">
    <p class='ocr_par' dir='ltr' id='par_1_95' title="bbox 527 4809 2125 4878">
     <span class='ocr_line' id='line_1_95' title="bbox 527 4809 2125 4878; baseline -0.001 -10"><span class='ocrx_word' id='word_1_695' title='bbox 527 4814 680 4870; x_wconf 87' lang='lat' dir='ltr'><strong>sanis</strong></span> <span class='ocrx_word' id='word_1_696' title='bbox 708 4811 951 4868; x_wconf 86' lang='lat' dir='ltr'><strong>consiliis</strong></span> <span class='ocrx_word' id='word_1_697' title='bbox 995 4809 1136 4865; x_wconf 88' lang='lat' dir='ltr'><strong>male</strong></span> <span class='ocrx_word' id='word_1_698' title='bbox 1183 4811 1446 4874; x_wconf 86' lang='lat' dir='ltr'><strong>renitens,</strong></span> <span class='ocrx_word' id='word_1_699' title='bbox 1489 4809 1545 4864; x_wconf 91' lang='lat' dir='ltr'><strong>in</strong></span> <span class='ocrx_word' id='word_1_700' title='bbox 1599 4810 1896 4878; x_wconf 90' lang='lat' dir='ltr'><strong>perniciem</strong></span> <span class='ocrx_word' id='word_1_701' title='bbox 1937 4825 2125 4866; x_wconf 87' lang='lat' dir='ltr'><strong>eorum</strong></span> 
     </span>
    </p>
   </div>
   <div class='ocr_carea' id='block_1_96' title="bbox 530 4901 2125 4973">
    <p class='ocr_par' dir='ltr' id='par_1_96' title="bbox 530 4901 2125 4973">
     <span class='ocr_line' id='line_1_96' title="bbox 530 4901 2125 4973; baseline 0.002 -15"><span class='ocrx_word' id='word_1_702' title='bbox 530 4905 835 4960; x_wconf 82' lang='lat' dir='ltr'><strong>ferebatur:</strong></span> <span class='ocrx_word' id='word_1_703' title='bbox 869 4903 1024 4973; x_wconf 86' lang='lat' dir='ltr'><strong>queis</strong></span> <span class='ocrx_word' id='word_1_704' title='bbox 1052 4901 1216 4957; x_wconf 87' lang='lat' dir='ltr'><strong>rebus</strong></span> <span class='ocrx_word' id='word_1_705' title='bbox 1260 4913 1569 4957; x_wconf 89' lang='lat' dir='ltr'><strong>commotus</strong></span> <span class='ocrx_word' id='word_1_706' title='bbox 1596 4902 1866 4958; x_wconf 79' lang='lat' dir='ltr'><strong>Dominus</strong></span> <span class='ocrx_word' id='word_1_707' title='bbox 1915 4913 2125 4972; x_wconf 86' lang='lat' dir='ltr'><strong>partem</strong></span> 
     </span>
    </p>
   </div>
   <div class='ocr_carea' id='block_1_97' title="bbox 529 4994 2126 5068">
    <p class='ocr_par' dir='ltr' id='par_1_97' title="bbox 529 4994 2126 5068">
     <span class='ocr_line' id='line_1_97' title="bbox 529 4994 2126 5068; baseline 0.002 -16"><span class='ocrx_word' id='word_1_708' title='bbox 529 4995 716 5068; x_wconf 87' lang='lat' dir='ltr'><strong>popufi</strong></span> <span class='ocrx_word' id='word_1_709' title='bbox 755 4996 1014 5051; x_wconf 77' lang='lat' dir='ltr'><strong>hostibus</strong></span> <span class='ocrx_word' id='word_1_710' title='bbox 1043 4994 1360 5050; x_wconf 82' lang='lat' dir='ltr'><strong>caedendam</strong></span> <span class='ocrx_word' id='word_1_711' title='bbox 1404 4994 1634 5066; x_wconf 84' lang='lat' dir='ltr'><strong>objecit,</strong></span> <span class='ocrx_word' id='word_1_712' title='bbox 1683 4995 2126 5066; x_wconf 80' lang='lat' dir='ltr'><strong>exploratoribus</strong></span> 
     </span>
    </p>
   </div>
   <div class='ocr_carea' id='block_1_98' title="bbox 528 5087 1494 5158">
    <p class='ocr_par' dir='ltr' id='par_1_98' title="bbox 528 5087 1494 5158">
     <span class='ocr_line' id='line_1_98' title="bbox 528 5087 1494 5158; baseline -0.004 -14"><span class='ocrx_word' id='word_1_713' title='bbox 528 5089 832 5146; x_wconf 87' lang='lat' dir='ltr'><strong>interfectis</strong></span> <span class='ocrx_word' id='word_1_714' title='bbox 865 5089 932 5143; x_wconf 91' lang='lat' dir='ltr'><strong>ad</strong></span> <span class='ocrx_word' id='word_1_715' title='bbox 955 5088 1097 5158; x_wconf 84' lang='lat' dir='ltr'><strong>vulgi</strong></span> <span class='ocrx_word' id='word_1_716' title='bbox 1125 5087 1494 5142; x_wconf 86' lang='lat' dir='ltr'><strong>formidinem.</strong></span> 
     </span>
    </p>
   </div>
   <div class='ocr_carea' id='block_1_99' title="bbox 597 5180 2122 5252">
    <p class='ocr_par' dir='ltr' id='par_1_99' title="bbox 597 5180 2122 5252">
     <span class='ocr_line' id='line_1_99' title="bbox 597 5180 2122 5252; baseline -0.001 -13"><span class='ocrx_word' id='word_1_717' title='bbox 597 5181 742 5239; x_wconf 85' lang='lat' dir='ltr'><strong>XXI.</strong></span> <span class='ocrx_word' id='word_1_718' title='bbox 773 5181 969 5239; x_wconf 84' lang='lat' dir='ltr'><strong>Secuta</strong></span> <span class='ocrx_word' id='word_1_719' title='bbox 997 5189 1082 5237; x_wconf 87' lang='lat' dir='ltr'><strong>est</strong></span> <span class='ocrx_word' id='word_1_720' title='bbox 1103 5195 1291 5236; x_wconf 89' lang='lat' dir='ltr'><strong>eorum</strong></span> <span class='ocrx_word' id='word_1_721' title='bbox 1315 5180 1677 5246; x_wconf 82' lang='lat' dir='ltr'><strong>contumacia,</strong></span> <span class='ocrx_word' id='word_1_722' title='bbox 1702 5181 1793 5252; x_wconf 89' lang='lat' dir='ltr'><strong>qui</strong></span> <span class='ocrx_word' id='word_1_723' title='bbox 1818 5195 1877 5237; x_wconf 86' lang='lat' dir='ltr'><strong>se</strong></span> <span class='ocrx_word' id='word_1_724' title='bbox 1909 5181 2122 5238; x_wconf 73' lang='lat' dir='ltr'><strong>Datinan</strong></span> 
     </span>
    </p>
   </div>
   <div class='ocr_carea' id='block_1_100' title="bbox 526 5271 2126 5346">
    <p class='ocr_par' dir='ltr' id='par_1_100' title="bbox 526 5271 2126 5346">
     <span class='ocr_line' id='line_1_100' title="bbox 526 5271 2126 5346; baseline -0.004 -10"><span class='ocrx_word' id='word_1_725' title='bbox 526 5288 580 5336; x_wconf 78' lang='lat' dir='ltr'><strong>et</strong></span> <span class='ocrx_word' id='word_1_726' title='bbox 615 5277 820 5333; x_wconf 83' lang='lat' dir='ltr'><strong>Abiron</strong></span> <span class='ocrx_word' id='word_1_727' title='bbox 852 5274 1083 5331; x_wconf 88' lang='lat' dir='ltr'><strong>ducibus</strong></span> <span class='ocrx_word' id='word_1_728' title='bbox 1128 5274 1414 5330; x_wconf 83' lang='lat' dir='ltr'><strong>adversum</strong></span> <span class='ocrx_word' id='word_1_729' title='bbox 1446 5273 1668 5346; x_wconf 79' lang='lat' dir='ltr'><strong>Moysen</strong></span> <span class='ocrx_word' id='word_1_730' title='bbox 1712 5281 1766 5328; x_wconf 89' lang='lat' dir='ltr'><strong>et</strong></span> <span class='ocrx_word' id='word_1_731' title='bbox 1801 5271 1983 5329; x_wconf 76' lang='lat' dir='ltr'><strong>Aaron</strong></span> <span class='ocrx_word' id='word_1_732' title='bbox 2015 5275 2126 5330; x_wconf 90' lang='lat' dir='ltr'><strong>eri-</strong></span> 
     </span>
    </p>
   </div>
   <div class='ocr_carea' id='block_1_101' title="bbox 523 5367 2122 5446">
    <p class='ocr_par' dir='ltr' id='par_1_101' title="bbox 523 5367 2122 5446">
     <span class='ocr_line' id='line_1_101' title="bbox 523 5367 2122 5446; baseline -0.003 -17"><span class='ocrx_word' id='word_1_733' title='bbox 523 5389 654 5446; x_wconf 81' lang='lat' dir='ltr'><strong>gere</strong></span> <span class='ocrx_word' id='word_1_734' title='bbox 678 5370 856 5427; x_wconf 86' lang='lat' dir='ltr'><strong>conati</strong></span> <span class='ocrx_word' id='word_1_735' title='bbox 888 5367 1165 5433; x_wconf 70' lang='lat' dir='ltr'><strong>sunt,tsed</strong></span> <span class='ocrx_word' id='word_1_736' title='bbox 1195 5381 1292 5423; x_wconf 89' lang='lat' dir='ltr'><strong>eos</strong></span> <span class='ocrx_word' id='word_1_737' title='bbox 1321 5369 1473 5421; x_wconf 89' lang='lat' dir='ltr'><strong>vivos</strong></span> <span class='ocrx_word' id='word_1_738' title='bbox 1513 5367 1668 5421; x_wconf 82' lang='lat' dir='ltr'><strong>biatu</strong></span> <span class='ocrx_word' id='word_1_739' title='bbox 1703 5381 1800 5422; x_wconf 88' lang='lat' dir='ltr'><strong>suo</strong></span> <span class='ocrx_word' id='word_1_740' title='bbox 1839 5377 1987 5423; x_wconf 88' lang='lat' dir='ltr'><strong>terra</strong></span> <span class='ocrx_word' id='word_1_741' title='bbox 2026 5370 2122 5424; x_wconf 86' lang='lat' dir='ltr'><strong>ab-</strong></span> 
     </span>
    </p>
   </div>
   <div class='ocr_carea' id='block_1_102' title="bbox 523 5459 2121 5530">
    <p class='ocr_par' dir='ltr' id='par_1_102' title="bbox 523 5459 2121 5530">
     <span class='ocr_line' id='line_1_102' title="bbox 523 5459 2121 5530; baseline -0.002 -10"><span class='ocrx_word' id='word_1_742' title='bbox 523 5465 758 5522; x_wconf 86' lang='lat' dir='ltr'><strong>sorbuit.</strong></span> <span class='ocrx_word' id='word_1_743' title='bbox 782 5461 897 5517; x_wconf 81' lang='lat' dir='ltr'><strong>Nec</strong></span> <span class='ocrx_word' id='word_1_744' title='bbox 936 5459 1106 5514; x_wconf 88' lang='lat' dir='ltr'><strong>multo</strong></span> <span class='ocrx_word' id='word_1_745' title='bbox 1136 5470 1259 5530; x_wconf 84' lang='lat' dir='ltr'><strong>post</strong></span> <span class='ocrx_word' id='word_1_746' title='bbox 1287 5459 1454 5514; x_wconf 86' lang='lat' dir='ltr'><strong>totius</strong></span> <span class='ocrx_word' id='word_1_747' title='bbox 1501 5460 1683 5529; x_wconf 75' lang='lat' dir='ltr'><strong>ponuli</strong></span> <span class='ocrx_word' id='word_1_748' title='bbox 1709 5461 1769 5514; x_wconf 84' lang='lat' dir='ltr'><strong>in</strong></span> <span class='ocrx_word' id='word_1_749' title='bbox 1801 5459 2023 5530; x_wconf 82' lang='lat' dir='ltr'><strong>Moysen</strong></span> <span class='ocrx_word' id='word_1_750' title='bbox 2066 5469 2121 5517; x_wconf 89' lang='lat' dir='ltr'><strong>et</strong></span> 
     </span>
    </p>
   </div>
   <div class='ocr_carea' id='block_1_103' title="bbox 2235 4624 3830 4697">
    <p class='ocr_par' dir='ltr' id='par_1_103' title="bbox 2235 4624 3830 4697">
     <span class='ocr_line' id='line_1_103' title="bbox 2235 4624 3830 4697; baseline 0.001 -16"><span class='ocrx_word' id='word_1_751' title='bbox 2235 4641 2410 4697; x_wconf 88' lang='lat' dir='ltr'><strong>neque</strong></span> <span class='ocrx_word' id='word_1_752' title='bbox 2435 4626 2618 4682; x_wconf 79' lang='lat' dir='ltr'><strong>vadari</strong></span> <span class='ocrx_word' id='word_1_753' title='bbox 2652 4625 2858 4682; x_wconf 82' lang='lat' dir='ltr'><strong>fluvius</strong></span> <span class='ocrx_word' id='word_1_754' title='bbox 2887 4632 3124 4696; x_wconf 79' lang='lat' dir='ltr'><strong>paterat,</strong></span> <span class='ocrx_word' id='word_1_755' title='bbox 3163 4626 3252 4691; x_wconf 84' lang='lat' dir='ltr'><strong>qui</strong></span> <span class='ocrx_word' id='word_1_756' title='bbox 3299 4633 3410 4678; x_wconf 90' lang='lat' dir='ltr'><strong>tum</strong></span> <span class='ocrx_word' id='word_1_757' title='bbox 3454 4624 3621 4693; x_wconf 88' lang='lat' dir='ltr'><strong>pleno</strong></span> <span class='ocrx_word' id='word_1_758' title='bbox 3667 4625 3830 4682; x_wconf 76' lang='lat' dir='ltr'><strong>alveo</strong></span> 
     </span>
    </p>
   </div>
   <div class='ocr_carea' id='block_1_104' title="bbox 2229 4717 3826 4794">
    <p class='ocr_par' dir='ltr' id='par_1_104' title="bbox 2229 4717 3826 4794">
     <span class='ocr_line' id='line_1_104' title="bbox 2229 4717 3826 4794; baseline -0.001 -20"><span class='ocrx_word' id='word_1_759' title='bbox 2229 4720 2531 4776; x_wconf 84' lang='lat' dir='ltr'><strong>ferebatur.</strong></span> <span class='ocrx_word' id='word_1_760' title='bbox 2581 4718 2747 4790; x_wconf 84' lang='lat' dir='ltr'><strong>igitur</strong></span> <span class='ocrx_word' id='word_1_761' title='bbox 2794 4732 2980 4775; x_wconf 90' lang='lat' dir='ltr'><strong>arcam</strong></span> <span class='ocrx_word' id='word_1_762' title='bbox 3030 4718 3279 4788; x_wconf 84' lang='lat' dir='ltr'><strong>praeferri</strong></span> <span class='ocrx_word' id='word_1_763' title='bbox 3332 4733 3360 4771; x_wconf 90' lang='lat' dir='ltr'><strong>a</strong></span> <span class='ocrx_word' id='word_1_764' title='bbox 3409 4717 3826 4794; x_wconf 77' lang='lat' dir='ltr'><strong>sacerdotibus,</strong></span> 
     </span>
    </p>
   </div>
   <div class='ocr_carea' id='block_1_105' title="bbox 2229 4803 3825 4884">
    <p class='ocr_par' dir='ltr' id='par_1_105' title="bbox 2229 4803 3825 4884">
     <span class='ocr_line' id='line_1_105' title="bbox 2229 4803 3825 4884; baseline -0.001 -15"><span class='ocrx_word' id='word_1_765' title='bbox 2229 4813 2559 4884; x_wconf 86' lang='lat' dir='ltr'><strong>eosdemque</strong></span> <span class='ocrx_word' id='word_1_766' title='bbox 2602 4813 2832 4868; x_wconf 83' lang='lat' dir='ltr'><strong>adverso</strong></span> <span class='ocrx_word' id='word_1_767' title='bbox 2861 4811 3088 4866; x_wconf 80' lang='lat' dir='ltr'><strong>flumine</strong></span> <span class='ocrx_word' id='word_1_768' title='bbox 3136 4811 3442 4866; x_wconf 91' lang='lat' dir='ltr'><strong>consistere</strong></span> <span class='ocrx_word' id='word_1_769' title='bbox 3481 4811 3681 4881; x_wconf 90' lang='lat' dir='ltr'><strong>jubet;</strong></span> <span class='ocrx_word' id='word_1_770' title='bbox 3714 4803 3825 4882; x_wconf 82' lang='lat' dir='ltr'><strong>quo</strong></span> 
     </span>
    </p>
   </div>
   <div class='ocr_carea' id='block_1_106' title="bbox 2233 4905 3828 4977">
    <p class='ocr_par' dir='ltr' id='par_1_106' title="bbox 2233 4905 3828 4977">
     <span class='ocr_line' id='line_1_106' title="bbox 2233 4905 3828 4977; baseline 0.001 -17"><span class='ocrx_word' id='word_1_771' title='bbox 2233 4906 2373 4962; x_wconf 85' lang='lat' dir='ltr'><strong>facto</strong></span> <span class='ocrx_word' id='word_1_772' title='bbox 2406 4907 2610 4962; x_wconf 89' lang='lat' dir='ltr'><strong>incisus</strong></span> <span class='ocrx_word' id='word_1_773' title='bbox 2626 4905 2876 4962; x_wconf 88' lang='lat' dir='ltr'><strong>Iordanis</strong></span> <span class='ocrx_word' id='word_1_774' title='bbox 2904 4905 3162 4961; x_wconf 83' lang='lat' dir='ltr'><strong>traditur:</strong></span> <span class='ocrx_word' id='word_1_775' title='bbox 3196 4907 3265 4960; x_wconf 88' lang='lat' dir='ltr'><strong>ita</strong></span> <span class='ocrx_word' id='word_1_776' title='bbox 3297 4921 3394 4975; x_wconf 89' lang='lat' dir='ltr'><strong>per</strong></span> <span class='ocrx_word' id='word_1_777' title='bbox 3420 4907 3624 4960; x_wconf 86' lang='lat' dir='ltr'><strong>siccum</strong></span> <span class='ocrx_word' id='word_1_778' title='bbox 3654 4908 3828 4977; x_wconf 74' lang='lat' dir='ltr'><strong>copia&quot;.</strong></span> 
     </span>
    </p>
   </div>
   <div class='ocr_carea' id='block_1_107' title="bbox 2228 4998 3825 5069">
    <p class='ocr_par' dir='ltr' id='par_1_107' title="bbox 2228 4998 3825 5069">
     <span class='ocr_line' id='line_1_107' title="bbox 2228 4998 3825 5069; baseline 0.001 -15"><span class='ocrx_word' id='word_1_779' title='bbox 2228 5000 2513 5056; x_wconf 80' lang='lat' dir='ltr'><strong>traductae.</strong></span> <span class='ocrx_word' id='word_1_780' title='bbox 2550 5001 2680 5055; x_wconf 78' lang='lat' dir='ltr'><strong>Erat</strong></span> <span class='ocrx_word' id='word_1_781' title='bbox 2708 5001 2760 5055; x_wconf 90' lang='lat' dir='ltr'><strong>in</strong></span> <span class='ocrx_word' id='word_1_782' title='bbox 2787 5000 2877 5053; x_wconf 79' lang='lat' dir='ltr'><strong>bis</strong></span> <span class='ocrx_word' id='word_1_783' title='bbox 2920 5001 3056 5054; x_wconf 89' lang='lat' dir='ltr'><strong>locis</strong></span> <span class='ocrx_word' id='word_1_784' title='bbox 3093 4999 3349 5069; x_wconf 88' lang='lat' dir='ltr'><strong>oppidum</strong></span> <span class='ocrx_word' id='word_1_785' title='bbox 3397 4998 3620 5055; x_wconf 86' lang='lat' dir='ltr'><strong>nomine</strong></span> <span class='ocrx_word' id='word_1_786' title='bbox 3650 4999 3825 5056; x_wconf 85' lang='lat' dir='ltr'><strong>ilieri-</strong></span> 
     </span>
    </p>
   </div>
   <div class='ocr_carea' id='block_1_108' title="bbox 2227 5091 3830 5162">
    <p class='ocr_par' dir='ltr' id='par_1_108' title="bbox 2227 5091 3830 5162">
     <span class='ocr_line' id='line_1_108' title="bbox 2227 5091 3830 5162; baseline 0.001 -15"><span class='ocrx_word' id='word_1_787' title='bbox 2227 5091 2354 5158; x_wconf 87' lang='lat' dir='ltr'><strong>cbo,</strong></span> <span class='ocrx_word' id='word_1_788' title='bbox 2385 5091 2553 5149; x_wconf 86' lang='lat' dir='ltr'><strong>muris</strong></span> <span class='ocrx_word' id='word_1_789' title='bbox 2591 5091 2946 5147; x_wconf 86' lang='lat' dir='ltr'><strong>validissimis</strong></span> <span class='ocrx_word' id='word_1_790' title='bbox 2993 5092 3283 5157; x_wconf 89' lang='lat' dir='ltr'><strong>munitum,</strong></span> <span class='ocrx_word' id='word_1_791' title='bbox 3319 5106 3500 5162; x_wconf 90' lang='lat' dir='ltr'><strong>neque</strong></span> <span class='ocrx_word' id='word_1_792' title='bbox 3548 5105 3830 5162; x_wconf 40' lang='lat' dir='ltr'><strong>expugnae</strong></span> 
     </span>
    </p>
   </div>
   <div class='ocr_carea' id='block_1_109' title="bbox 2229 5181 3824 5254">
    <p class='ocr_par' dir='ltr' id='par_1_109' title="bbox 2229 5181 3824 5254">
     <span class='ocr_line' id='line_1_109' title="bbox 2229 5181 3824 5254; baseline -0.001 -14"><span class='ocrx_word' id='word_1_793' title='bbox 2229 5186 2358 5240; x_wconf 85' lang='lat' dir='ltr'><strong>t‘ioni</strong></span> <span class='ocrx_word' id='word_1_794' title='bbox 2391 5200 2565 5254; x_wconf 84' lang='lat' dir='ltr'><strong>neque</strong></span> <span class='ocrx_word' id='word_1_795' title='bbox 2605 5183 2871 5238; x_wconf 87' lang='lat' dir='ltr'><strong>obsidioni</strong></span> <span class='ocrx_word' id='word_1_796' title='bbox 2903 5182 3097 5248; x_wconf 76' lang='lat' dir='ltr'><strong>facite;</strong></span> <span class='ocrx_word' id='word_1_797' title='bbox 3128 5182 3220 5238; x_wconf 90' lang='lat' dir='ltr'><strong>sed</strong></span> <span class='ocrx_word' id='word_1_798' title='bbox 3251 5181 3409 5239; x_wconf 88' lang='lat' dir='ltr'><strong>Iesus</strong></span> <span class='ocrx_word' id='word_1_799' title='bbox 3439 5183 3673 5238; x_wconf 90' lang='lat' dir='ltr'><strong>Domino</strong></span> <span class='ocrx_word' id='word_1_800' title='bbox 3711 5183 3824 5238; x_wconf 84' lang='lat' dir='ltr'><strong>frc-</strong></span> 
     </span>
    </p>
   </div>
   <div class='ocr_carea' id='block_1_110' title="bbox 2221 5275 3822 5348">
    <p class='ocr_par' dir='ltr' id='par_1_110' title="bbox 2221 5275 3822 5348">
     <span class='ocr_line' id='line_1_110' title="bbox 2221 5275 3822 5348; baseline 0.001 -17"><span class='ocrx_word' id='word_1_801' title='bbox 2221 5287 2334 5342; x_wconf 88' lang='lat' dir='ltr'><strong>tus,</strong></span> <span class='ocrx_word' id='word_1_802' title='bbox 2369 5294 2474 5330; x_wconf 85' lang='lat' dir='ltr'><strong>non</strong></span> <span class='ocrx_word' id='word_1_803' title='bbox 2507 5277 2671 5330; x_wconf 87' lang='lat' dir='ltr'><strong>armis</strong></span> <span class='ocrx_word' id='word_1_804' title='bbox 2705 5284 2799 5329; x_wconf 84' lang='lat' dir='ltr'><strong>aut</strong></span> <span class='ocrx_word' id='word_1_805' title='bbox 2839 5276 3083 5345; x_wconf 88' lang='lat' dir='ltr'><strong>viribus,</strong></span> <span class='ocrx_word' id='word_1_806' title='bbox 3122 5277 3314 5333; x_wconf 83' lang='lat' dir='ltr'><strong>urbem</strong></span> <span class='ocrx_word' id='word_1_807' title='bbox 3355 5291 3647 5348; x_wconf 79' lang='lat' dir='ltr'><strong>aggressus</strong></span> <span class='ocrx_word' id='word_1_808' title='bbox 3691 5275 3822 5333; x_wconf 87' lang='lat' dir='ltr'><strong>ferri</strong></span> 
     </span>
    </p>
   </div>
   <div class='ocr_carea' id='block_1_111' title="bbox 2223 5370 3815 5442">
    <p class='ocr_par' dir='ltr' id='par_1_111' title="bbox 2223 5370 3815 5442">
     <span class='ocr_line' id='line_1_111' title="bbox 2223 5370 3815 5442; baseline -0.001 -16"><span class='ocrx_word' id='word_1_809' title='bbox 2223 5386 2404 5428; x_wconf 89' lang='lat' dir='ltr'><strong>arcam</strong></span> <span class='ocrx_word' id='word_1_810' title='bbox 2434 5372 2529 5426; x_wconf 88' lang='lat' dir='ltr'><strong>Dei</strong></span> <span class='ocrx_word' id='word_1_811' title='bbox 2571 5371 2714 5426; x_wconf 89' lang='lat' dir='ltr'><strong>circa</strong></span> <span class='ocrx_word' id='word_1_812' title='bbox 2749 5385 2934 5426; x_wconf 89' lang='lat' dir='ltr'><strong>muros</strong></span> <span class='ocrx_word' id='word_1_813' title='bbox 2959 5371 3136 5442; x_wconf 84' lang='lat' dir='ltr'><strong>jubet,</strong></span> <span class='ocrx_word' id='word_1_814' title='bbox 3167 5372 3588 5440; x_wconf 83' lang='lat' dir='ltr'><strong>sacerdotesque</strong></span> <span class='ocrx_word' id='word_1_815' title='bbox 3617 5370 3815 5441; x_wconf 66' lang='lat' dir='ltr'><strong>praeire</strong></span> 
     </span>
    </p>
   </div>
   <div class='ocr_carea' id='block_1_112' title="bbox 2222 5465 3819 5538">
    <p class='ocr_par' dir='ltr' id='par_1_112' title="bbox 2222 5465 3819 5538">
     <span class='ocr_line' id='line_1_112' title="bbox 2222 5465 3819 5538; baseline 0.001 -19"><span class='ocrx_word' id='word_1_816' title='bbox 2222 5482 2430 5527; x_wconf 86' lang='lat' dir='ltr'><strong>aream.</strong></span> <span class='ocrx_word' id='word_1_817' title='bbox 2457 5474 2513 5522; x_wconf 87' lang='lat' dir='ltr'><strong>et</strong></span> <span class='ocrx_word' id='word_1_818' title='bbox 2539 5465 2664 5521; x_wconf 85' lang='lat' dir='ltr'><strong>tuba</strong></span> <span class='ocrx_word' id='word_1_819' title='bbox 2689 5467 3027 5523; x_wconf 76' lang='lat' dir='ltr'><strong>cancrez-Scd</strong></span> <span class='ocrx_word' id='word_1_820' title='bbox 3055 5481 3176 5522; x_wconf 87' lang='lat' dir='ltr'><strong>cum</strong></span> <span class='ocrx_word' id='word_1_821' title='bbox 3204 5483 3332 5522; x_wconf 89' lang='lat' dir='ltr'><strong>arca</strong></span> <span class='ocrx_word' id='word_1_822' title='bbox 3358 5467 3561 5538; x_wconf 87' lang='lat' dir='ltr'><strong>septies</strong></span> <span class='ocrx_word' id='word_1_823' title='bbox 3581 5469 3819 5522; x_wconf 78' lang='lat' dir='ltr'><strong>circum-&#39;-</strong></span> 
     </span>
    </p>
   </div>
   <div class='ocr_carea' id='block_1_113' title="bbox 520 5551 3818 5628">
    <p class='ocr_par' dir='ltr' id='par_1_113' title="bbox 520 5551 3818 5628">
     <span class='ocr_line' id='line_1_113' title="bbox 520 5551 3818 5628; baseline -0 -15"><span class='ocrx_word' id='word_1_824' title='bbox 520 5558 700 5613; x_wconf 65' lang='grc' dir='ltr'>λιιι-οη</span> <span class='ocrx_word' id='word_1_825' title='bbox 732 5565 849 5611; x_wconf 87' lang='lat' dir='ltr'><strong>orta</strong></span> <span class='ocrx_word' id='word_1_826' title='bbox 881 5553 1078 5609; x_wconf 80' lang='lat' dir='ltr'><strong>seditio</strong></span> <span class='ocrx_word' id='word_1_827' title='bbox 1103 5562 1204 5616; x_wconf 84' lang='lat' dir='ltr'><strong>est,</strong></span> <span class='ocrx_word' id='word_1_828' title='bbox 1246 5551 1382 5607; x_wconf 86' lang='lat' dir='ltr'><strong>adeo</strong></span> <span class='ocrx_word' id='word_1_829' title='bbox 1405 5561 1466 5607; x_wconf 88' lang='lat' dir='ltr'><strong>ut</strong></span> <span class='ocrx_word' id='word_1_830' title='bbox 1497 5554 1912 5609; x_wconf 86' lang='lat' dir='ltr'><strong>tabernaculum</strong></span> <span class='ocrx_word' id='word_1_831' title='bbox 1944 5553 2117 5627; x_wconf 78' lang='lat' dir='ltr'><strong>(quod</strong></span> <span class='ocrx_word' id='word_1_832' title='bbox 2213 5557 2327 5613; x_wconf 79' lang='lat' dir='ltr'><strong>lata</strong></span> <span class='ocrx_word' id='word_1_833' title='bbox 2367 5566 2534 5623; x_wconf 89' lang='lat' dir='ltr'><strong>esset,</strong></span> <span class='ocrx_word' id='word_1_834' title='bbox 2582 5559 2726 5613; x_wconf 82' lang='lat' dir='ltr'><strong>muri</strong></span> <span class='ocrx_word' id='word_1_835' title='bbox 2773 5574 2836 5613; x_wconf 83' lang='lat' dir='ltr'><strong>ac</strong></span> <span class='ocrx_word' id='word_1_836' title='bbox 2881 5569 3067 5614; x_wconf 89' lang='lat' dir='ltr'><strong>turres</strong></span> <span class='ocrx_word' id='word_1_837' title='bbox 3115 5559 3491 5625; x_wconf 84' lang='lat' dir='ltr'><strong>conciderunt,</strong></span> <span class='ocrx_word' id='word_1_838' title='bbox 3541 5557 3818 5628; x_wconf 71' lang='lat' dir='ltr'><strong>direptum</strong></span> 
     </span>
    </p>
   </div>
   <div class='ocr_carea' id='block_1_114' title="bbox 514 5643 2113 5718">
    <p class='ocr_par' dir='ltr' id='par_1_114' title="bbox 514 5643 2113 5718">
     <span class='ocr_line' id='line_1_114' title="bbox 514 5643 2113 5718; baseline 0.001 -13"><span class='ocrx_word' id='word_1_839' title='bbox 514 5661 633 5705; x_wconf 85' lang='lat' dir='ltr'><strong>erat</strong></span> <span class='ocrx_word' id='word_1_840' title='bbox 661 5648 816 5704; x_wconf 88' lang='lat' dir='ltr'><strong>nefas</strong></span> <span class='ocrx_word' id='word_1_841' title='bbox 861 5647 962 5702; x_wconf 88' lang='lat' dir='ltr'><strong>nisi</strong></span> <span class='ocrx_word' id='word_1_842' title='bbox 996 5643 1378 5700; x_wconf 77' lang='lat' dir='ltr'><strong>sacerdotibus</strong></span> <span class='ocrx_word' id='word_1_843' title='bbox 1419 5643 1674 5716; x_wconf 83' lang='lat' dir='ltr'><strong>introire)</strong></span> <span class='ocrx_word' id='word_1_844' title='bbox 1698 5646 2113 5718; x_wconf 74' lang='lat' dir='ltr'><strong>irrumperent:</strong></span> 
     </span>
    </p>
   </div>
   <div class='ocr_carea' id='block_1_115' title="bbox 505 5736 2114 5816">
    <p class='ocr_par' dir='ltr' id='par_1_115' title="bbox 505 5736 2114 5816">
     <span class='ocr_line' id='line_1_115' title="bbox 505 5736 2114 5816; baseline 0.006 -24"><span class='ocrx_word' id='word_1_845' title='bbox 505 5746 628 5816; x_wconf 80' lang='lat' dir='ltr'><strong>tum</strong></span> <span class='ocrx_word' id='word_1_846' title='bbox 659 5753 793 5798; x_wconf 80' lang='lat' dir='ltr'><strong>vero</strong></span> <span class='ocrx_word' id='word_1_847' title='bbox 819 5736 1142 5796; x_wconf 81' lang='lat' dir='ltr'><strong>catervatim</strong></span> <span class='ocrx_word' id='word_1_848' title='bbox 1163 5736 1225 5794; x_wconf 87' lang='lat' dir='ltr'><strong>in</strong></span> <span class='ocrx_word' id='word_1_849' title='bbox 1257 5751 1354 5794; x_wconf 88' lang='lat' dir='ltr'><strong>eos</strong></span> <span class='ocrx_word' id='word_1_850' title='bbox 1381 5748 1628 5811; x_wconf 78' lang='lat' dir='ltr'><strong>grassata</strong></span> <span class='ocrx_word' id='word_1_851' title='bbox 1660 5753 1811 5796; x_wconf 88' lang='lat' dir='ltr'><strong>mors</strong></span> <span class='ocrx_word' id='word_1_852' title='bbox 1839 5750 1944 5809; x_wconf 84' lang='lat' dir='ltr'><strong>est,</strong></span> <span class='ocrx_word' id='word_1_853' title='bbox 1999 5759 2114 5802; x_wconf 83' lang='lat' dir='ltr'><strong>ino-</strong></span> 
     </span>
    </p>
   </div>
   <div class='ocr_carea' id='block_1_116' title="bbox 2218 5649 3819 5724">
    <p class='ocr_par' dir='ltr' id='par_1_116' title="bbox 2218 5649 3819 5724">
     <span class='ocr_line' id='line_1_116' title="bbox 2218 5649 3819 5724; baseline -0.002 -16"><span class='ocrx_word' id='word_1_854' title='bbox 2218 5651 2478 5724; x_wconf 85' lang='lat' dir='ltr'><strong>Oppidum</strong></span> <span class='ocrx_word' id='word_1_855' title='bbox 2510 5661 2673 5723; x_wconf 86' lang='lat' dir='ltr'><strong>atque</strong></span> <span class='ocrx_word' id='word_1_856' title='bbox 2701 5653 3008 5707; x_wconf 88' lang='lat' dir='ltr'><strong>incensum.</strong></span> <span class='ocrx_word' id='word_1_857' title='bbox 3031 5650 3169 5704; x_wconf 86' lang='lat' dir='ltr'><strong>Tum</strong></span> <span class='ocrx_word' id='word_1_858' title='bbox 3199 5649 3360 5705; x_wconf 77' lang='lat' dir='ltr'><strong>Iesus</strong></span> <span class='ocrx_word' id='word_1_859' title='bbox 3385 5650 3681 5706; x_wconf 88' lang='lat' dir='ltr'><strong>Dominum</strong></span> <span class='ocrx_word' id='word_1_860' title='bbox 3709 5662 3819 5704; x_wconf 90' lang='lat' dir='ltr'><strong>tra-</strong></span> 
     </span>
    </p>
   </div>
   <div class='ocr_carea' id='block_1_117' title="bbox 2217 5737 3820 5816">
    <p class='ocr_par' dir='ltr' id='par_1_117' title="bbox 2217 5737 3820 5816">
     <span class='ocr_line' id='line_1_117' title="bbox 2217 5737 3820 5816; baseline -0.002 -13"><span class='ocrx_word' id='word_1_861' title='bbox 2217 5737 2433 5803; x_wconf 84' lang='lat' dir='ltr'><strong>ditur...</strong></span> <span class='ocrx_word' id='word_1_862' title='bbox 2461 5746 2596 5804; x_wconf 86' lang='lat' dir='ltr'><strong>inde</strong></span> <span class='ocrx_word' id='word_1_863' title='bbox 2624 5746 2886 5816; x_wconf 80' lang='lat' dir='ltr'><strong>adversus</strong></span> <span class='ocrx_word' id='word_1_864' title='bbox 2919 5744 3024 5802; x_wconf 85' lang='lat' dir='ltr'><strong>Gai</strong></span> <span class='ocrx_word' id='word_1_865' title='bbox 3063 5742 3261 5801; x_wconf 83' lang='lat' dir='ltr'><strong>ductus</strong></span> <span class='ocrx_word' id='word_1_866' title='bbox 3303 5744 3577 5802; x_wconf 86' lang='lat' dir='ltr'><strong>exercitus</strong></span> <span class='ocrx_word' id='word_1_867' title='bbox 3616 5762 3628 5798; x_wconf 89' lang='lat'><strong>:</strong></span> <span class='ocrx_word' id='word_1_868' title='bbox 3673 5743 3820 5800; x_wconf 85' lang='lat' dir='ltr'><strong>loca-</strong></span> 
     </span>
    </p>
   </div>
   <div class='ocr_carea' id='block_1_118' title="bbox 3801 5833 3815 5858">
    <p class='ocr_par' dir='ltr' id='par_1_118' title="bbox 3801 5833 3815 5858">
     <span class='ocr_line' id='line_1_118' title="bbox 3801 5833 3815 5858; baseline 0 0"><span class='ocrx_word' id='word_1_869' title='bbox 3801 5833 3815 5858; x_wconf 77' lang='grc'><strong><em>&gt;</em></strong></span> 
     </span>
    </p>
   </div>
  </div>
