4194 6192
411 223 512 282 509

1632 211 1953 288 HISTORIA
1999 206 2247 288 sagax.
2290 210 2420 290 LIB.
2461 211 2504 269 l.

3618 230 3724 310 uo

405 343 591 412 tisque
618 355 650 406 a
683 347 834 410 tergo
867 336 1023 394 urbis
1050 335 1286 404 insidiis,
1310 336 1470 404 Iesus
1511 346 1719 390 metum
1751 333 2014 396 simulans
2041 335 2091 394 A
2120 328 2280 395 εοιθι,
2316 344 2528 385 morum
2561 327 2980 404 disciplinaeque
3011 333 3327 406 Immemor.
3369 341 3723 412 matrimonia

406 443 564 504 terga
579 431 740 487 boSti
771 429 919 486 dedit
947 448 960 484 :
988 445 1099 500 quo
1129 430 1268 496 viso,
1297 429 1386 504 qui
1418 428 1472 482 in
1503 427 1704 500 oppido
1734 436 1892 482 erant
1917 441 2012 498 pa-

407 525 657 581 tentibus
690 524 860 596 portis
879 519 1209 578 cedentibus
1242 523 1468 587 instare.
1504 521 1580 576 Ita
1613 521 1666 574 hi
1707 521 1798 593 qui
1834 520 1887 574 in
1928 519 2012 572 in-

406 619 566 684 sidiis
622 616 876 683 fuerant,
927 631 1155 681 vacuam
1205 617 1396 671 urbem
1460 630 1658 686 cepere
1708 631 1721 668 :
1777 614 2014 682 cmsique

407 727 606 766 omnes
637 711 840 782 absque
877 709 1038 764 ullius
1068 707 1288 781 effugio,
1322 724 1422 764 rex
1454 715 1648 780 captus
1689 721 2015 777 summoque

411 804 682 878 supplicio
706 799 955 868 aﬁ‘ectus.
1808 865 1813 870 ,

485 895 672 963 XXIII,
703 895 859 968 Quod
890 896 978 950 ubi
1005 893 1314 951 vicinarum
1347 894 1592 968 gentium
1623 895 1844 964 regibus
1867 908 2018 948 com-

407 1001 624 1062 pertum
666 965 769 1058 est,
821 990 873 1043 in
922 989 1124 1044 bellum
1176 965 1498 1068 conspirant
1547 987 1809 1054 Hebraeos
1846 987 2014 1043 armis

407 1084 711 1158 depellere.
750 1099 937 1152 verum
978 1082 1320 1149 Gabaonitae,
1366 1097 1498 1164 gens
1541 1080 1722 1136 valida
1772 1097 1837 1135 ex
1884 1081 2017 1134 urbe

407 1179 692 1252 opulenta,
725 1177 873 1242 ultro
903 1191 964 1232 se
989 1174 1234 1232 Hebrieis
1268 1174 1559 1244 dederunt,
1587 1174 1736 1244 jussa
1773 1173 2015 1228 facturos

411 1261 739 1342 pollicentes
771 1287 786 1323 :
815 1270 1134 1338 receptique
1164 1269 1214 1322 in
1251 1267 1448 1332 ﬁdem;
1476 1279 1533 1321 ut
1562 1267 1706 1337 ligna
1732 1276 1786 1322 et
1815 1281 2017 1336 aquam

410 1365 795 1434 conveherent
836 1364 1185 1440 imperatum.
1222 1361 1330 1418 Sed
1378 1360 1598 1433 regibus
1645 1360 2015 1446 proximarum

413 1459 626 1524 urbium
651 1454 859 1524 deditio
890 1441 1078 1524 eorum
1109 1457 1219 1509 iras
1245 1454 1581 1524 conciverat.
1614 1441 1801 1524 Itaque
1829 1454 2018 1507 admo-

415 1554 484 1608 tis
537 1550 733 1628 copiis,
775 1550 1037 1620 oppidum
1085 1566 1272 1604 cornm
1318 1549 1541 1604 Gabaon
1585 1549 1828 1608 nomine.
1870 1548 2020 1602 obsi-

416 1646 579 1701 dione
610 1642 1042 1716 circumsismnt.
1093 1643 1255 1716 lgitur
1307 1641 1585 1716 oppidani,
1645 1643 1812 1696 arctis
1854 1641 2017 1695 rebus

2119 434 2186 474 ex
2239 420 2401 476 victis
2450 435 2748 488 assumere,
2804 423 3174 497 paulatimque
3222 437 3482 485 externos
3537 449 3718 489 mores

2120 516 2360 583 trahere,
2402 533 2466 572 ac
2499 535 2624 574 tnox
2657 519 2889 590 profano
2933 521 3040 574 ritu
3072 521 3234 588 idolis
3275 524 3591 581 sacriﬁcare
3630 543 3724 583 oc~

2117 610 2470 678 empitzadeo
2501 619 2697 667 cuncta
2731 629 2850 684 cum
2875 617 3117 672 externis
3148 618 3386 672 societas
3410 620 3721 689 perniciosa

2117 712 2223 756 est.
2253 700 2386 768 Quae
2419 703 2561 757 Deus
2608 705 2768 776 longe
2802 715 2931 764 ante
2965 711 3328 781 prospiciens,
3362 712 3564 768 salubri
3613 713 3722 770 He-

2119 795 2298 848 brazos
2327 810 2598 874 responso
2631 795 2988 876 instruxerat,
3020 801 3267 858 devictas
3296 813 3493 876 gentes
3539 816 3594 860 ut
3639 807 3723 861 in-

2119 869 2670 951 ternecioni‘darent;
2702 888 2798 948 sed
2825 873 3200 964 plebscupida
3236 869 3578 964 do—minandi,
3616 899 3722 953 im-

2120 991 2316 1048 perare
2363 977 2524 1032 victis
2577 992 2701 1033 cum
2758 983 3003 1051 pernicie
3058 987 3318 1056 malebat.
3382 988 3548 1060 Igitur
3596 1007 3721 1048 cum

2119 1073 2317 1129 relicto
2350 1073 2461 1127 Deo
2489 1072 2632 1127 idola
2656 1075 2925 1144 colerent,
2959 1078 3210 1138 destituti
3239 1083 3425 1139 divino
3453 1087 3660 1142 auxilio
3693 1104 3723 1144 a

2122 1181 2249 1234 rege
2311 1165 2720 1236 Mesopotamia:
2778 1171 2938 1225 evicti
2995 1181 3050 1228 et
3108 1174 3362 1246 subacti,
3415 1195 3509 1244 vni
3567 1182 3723 1236 annis

2121 1259 2492 1328 captivitatem
2545 1261 2921 1331 pependerunt
2963 1283 2975 1320 :
3017 1266 3192 1323 donec
3246 1268 3538 1327 Gothoniel
3584 1273 3724 1330 duce

2121 1351 2175 1405 in
2205 1351 2512 1408 libertatem
2536 1337 2774 1418 restituti
2800 1373 2897 1430 per
2920 1359 3320 1432 quinquaginta
3344 1379 3516 1420 annos
3541 1381 3723 1428 rerum

2122 1445 2280 1514 potiti
2313 1455 2462 1513 sunt.
2499 1447 2847 1523 Rursumque
2877 1456 3116 1527 corrupti
3151 1456 3327 1527 long:e
3371 1460 3518 1528 pacis
3550 1461 3720 1528 malo,

2121 1539 2284 1595 idolis
2317 1540 2632 1598 litaverunt.
2662 1543 2891 1616 Moxque
2920 1545 3111 1612 aderat
3139 1563 3297 1622 poena
3326 1541 3679 1621 peccantibus
3707 1574 3721 1608 :

2121 1632 2192 1700 ab
2218 1632 2406 1702 Eglom
2435 1635 2583 1690 enim
2615 1649 2747 1706 rege
2788 1637 3152 1706 Moabitarum
3199 1642 3429 1712 devicti,
3463 1644 3728 1701 duodevi-

419 1737 554 1803 suis,
584 1739 804 1790 nuntios
835 1737 900 1809 ad
929 1735 1113 1804 .Iesum
1140 1735 1380 1803 mittunt,
1410 1734 1651 1790 obsessis
1685 1734 1762 1788 uti
1795 1750 2018 1789 snccur-
2049 1727 2094 1800 Β
2123 1723 2263 1809 simi
2318 1727 2479 1780 annis
2531 1731 2866 1797 servierunt,
2919 1731 3097 1802 donec
3145 1735 3405 1804 Ῐηειίηειμ
3462 1738 3557 1793 Dei
3608 1741 3723 1795 AOd

420 1839 584 1892 reret.
618 1829 696 1884 Ita
724 1829 816 1884 ille
847 1836 1118 1886 maturato
1150 1829 1349 1883 itinere
1381 1825 1795 1900 inopinantibus
1823 1841 2016 1908 super,-

420 1925 601 1994 venit,
648 1937 901 1994 cazsaquc
951 1921 1019 1976 ad
1073 1920 1506 1977 internecionem
1554 1921 1725 1976 multa
1778 1919 2017 1986 hostium

419 2017 611 2072 millia.
643 2014 780 2070 Cum
818 2015 936 2070 dies
973 2014 1250 2070 caedentes
1281 2014 1561 2079 deﬁceret,
1599 2029 1814 2084 noxque
1859 2014 2020 2069 vietis

424 2112 603 2166 futura
635 2109 893 2180 praesidio
914 2109 1221 2177 videretur,
1248 2109 1441 2164 merito
1471 2108 1594 2163 ﬁdei
1620 2108 1724 2176 dux
1758 2108 2021 2174 Hebraeus

431 2189 645 2261 noctem
675 2205 902 2260 avertit:
931 2203 1050 2260 dies
1082 2201 1475 2274 perseveravit.
1499 2203 1572 2257 Ita
1607 2203 1812 2260 nullum
1844 2203 2017 2256 hosti-

429 2301 528 2355 bus
568 2299 822 2370 effugium
869 2298 1008 2366 fuit;
1047 2298 1288 2370 quinque
1337 2313 1489 2368 rcges
1538 2298 1704 2370 capti,
1751 2298 2020 2352 interiecti

421 2402 580 2457 sunt;
613 2392 805 2447 eodem
840 2392 1050 2464 impetu
1098 2393 1292 2446 vicina:
1319 2406 1537 2462 qucque
1579 2392 1744 2446 urbes
1788 2391 2020 2462 imperio

422 2487 674 2553 adjectzn,
727 2469 991 2562 regesque
1038 2501 1225 2541 earum
1281 2488 1572 2562 perempti.
1621 2485 1844 2553 Verum,
1892 2489 2020 2558 quia

424 2579 603 2646 omnia
632 2581 746 2633 haec
787 2580 840 2635 in
875 2579 1125 2635 ordinem
1161 2579 1414 2654 persequi
1445 2595 1551 2634 non
1582 2581 1678 2636 t'uit
1708 2579 2018 2648 consilium,

427 2673 554 2726 dum
581 2672 832 2728 brevitati
862 2673 1182 2739 studemus,
1228 2671 1280 2726 id
1322 2673 1484 2728 modo
1520 2673 1894 2728 annotandum
1927 2689 2022 2728 cu-

428 2765 685 2834 ravimus,
720 2781 788 2820 xx
826 2773 878 2832 et
926 2782 1122 2821 novem
1170 2781 1335 2837 regna
1386 2766 1618 2836 imperio
1662 2766 2018 2821 Hebraeorum

426 2837 691 2932 subjecta,
723 2875 959 2930 quorum
991 2870 1130 2916 terra
1176 2876 1271 2931 per
1310 2860 1563 2915 undecim
1604 2860 1778 2915 tribus
1819 2861 2020 2916 viritim

427 2949 715 3005 distributa
745 2959 848 3005 est.
871 2949 1078 3008 Levitis
1099 2952 1248 3007 enim
1270 2953 1321 3007 in
1343 2953 1705 3008 sacerdotium
1729 2955 2024 3024 assumptis

430 3043 572 3102 nulla
599 3045 778 3116 portio
805 3048 956 3113 data,
987 3062 1094 3117 quo
1126 3046 1356 3106 liberius
1390 3047 1658 3104 servirent
1689 3047 1822 3103 Deo.
1856 3048 2023 3119 Equi-

2125 1807 2308 1888 regem
2362 1818 2598 1885 hostium
2651 1821 2780 1877 dolo
2827 1826 3144 1904 interemit,
3199 1840 3595 1904 contractoque
3637 1845 3726 1888 tu-

2123 1911 2418 1965 multuario
2480 1915 2726 1969 exercitu
2801 1916 3116 1976 libertatem
3177 1923 3347 1978 armis
3401 1926 3720 1984 vindicavit.

2123 2000 2268 2057 Idem
2322 2019 2422 2075 per
2477 2022 2618 2063 Lxxx
2665 2024 2841 2066 annos
2897 2013 2948 2066 in
2999 2029 3136 2082 pace
3184 2015 3428 2090 Hebraeis
3481 2023 3723 2092 praefuit.

2121 2096 2259 2166 Huic
2297 2085 2545 2172 Semigar
2577 2105 2845 2158 successit
2875 2123 2888 2158 ;
2930 2105 3129 2180 hicque
3161 2108 3427 2188 adversus
3471 2114 3723 2188 allaphy-

2122 2190 2204 2246 los
2234 2207 2585 2263 congressus,
2618 2198 2862 2253 secundo
2895 2209 3094 2272 eventu
3126 2203 3376 2277 praelium
3408 2206 3554 2262 fecit.
3589 2208 3726 2272 Rur-

2121 2297 2352 2354 sumque
2382 2288 2643 2342 llebr.eos
2673 2299 2951 2346 sectantes
2982 2292 3129 2366 idola
3163 2312 3259 2368 rex
3288 2298 3724 2370 Chananteoruni

2121 2373 2281 2431 Jabin
2330 2379 2553 2434 nomine
2595 2383 2934 2454 subjugavit,
2983 2389 3476 2463 gravissimamque
3525 2393 3576 2449 in
3630 2412 3729 2464 eos

2124 2486 2220 2542 per
2250 2489 2319 2526 xx
2349 2488 2522 2529 annos
2554 2475 2980 2536 dominationem
2999 2467 3288 2550 exercuit,
3321 2486 3497 2556 donec
3537 2490 3725 2560 pristi-

2125 2582 2255 2620 num
2303 2567 2553 2624 Debbora
2594 2572 2790 2627 mulier
2828 2584 3029 2630 statum
3081 2577 3320 2634 reddidit
3361 2583 3538 2638 :adeo
3591 2586 3726 2641 nihil

2124 2659 2240 2727 spei
2293 2662 2344 2714 in
2395 2676 2590 2717 eorum
2641 2665 2871 2722 ducibus
2919 2679 3057 2737 erat,
3116 2681 3171 2728 ut
3221 2675 3471 2732 muliebri
3519 2681 3726 2736 auxilio

2123 2748 2582 2820 defenderentur;
2617 2772 2947 2830 quamquam
2979 2763 3097 2819 hinc
3143 2767 3196 2820 in
3240 2776 3424 2838 typum
3457 2770 3727 2828 Ecclesia:

2125 2845 2298 2901 forma
2329 2852 2610 2918 prtemissa
2645 2851 2736 2936 sit,
2772 2837 2929 2924 cujus
2956 2860 3163 2913 auxilio
3196 2863 3482 2934 captivitas
3517 2881 3603 2922 est
3628 2869 3725 2934 de-

2127 2940 2302 3009 pulsa.
2359 2941 2472 2998 Sub
2517 2943 2618 3000 bac
2663 2947 2804 3016 duce
2847 2951 2930 3006 vel
2968 2951 3155 3022 judice
3202 2973 3271 3013 xi.
3319 2960 3478 3014 annis
3512 2961 3727 3022 llcbl‘u'i

2128 3031 2368 3089 fuerunt.
2410 3035 2760 3110 Rursumque
2804 3042 2874 3098 ob
2914 3035 3134 3116 peccata
3165 3047 3475 3108 Madianitis
3517 3057 3725 3132 traditi,

427 3136 545 3193 dem
579 3113 682 3192 hoc
709 3113 1024 3208 exemplum
1057 3153 1164 3193 non
1195 3142 1392 3194 tacitus
1423 3139 1804 3210 praeterierim,
1837 3140 2024 3211 legen-
2053 3113 2098 3177 (ἶ
2129 3125 2268 3182 ἀυΓο
2317 3130 2553 3202 Πυρετίο
2603 3132 2966 3212 habebantur:
3022 3141 3321 3217 afﬂiclique
3367 3149 3511 3205 111³10
3553 3154 3730 3208 seri/i-

425 3229 660 3300 dumqne
699 3230 965 3286 ministris
1003 3231 1360 3294 ecclesiarum
1402 3217 1640 3288 libenter
1668 3233 2021 3304 ingesserint;

424 3307 627 3378 etenim
663 3323 921 3394 przecepti
954 3323 1116 3395 hujus
1160 3342 1269 3380 non
1314 3326 1488 3381 solum
1521 3327 1896 3393 immemores,
1927 3325 2024 3395 sed

428 3417 590 3470 etiam
621 3416 792 3486 ignari
829 3419 957 3474 mihi
992 3418 1244 3474 videntur
1273 3437 1286 3472 :
1323 3429 1469 3475 tanta
1499 3419 1600 3476 hoc
1633 3433 1878 3494 tempore
1908 3421 2026 3476 ani-

431 3521 554 3559 mos
582 3521 769 3570 eorum
801 3507 1029 3576 habendi
1057 3509 1254 3582 cupido
1280 3511 1444 3568 veluti
1478 3514 1634 3568 tabes
1656 3513 1898 3571 incessit.
1937 3513 2024 3568 ln-

433 3601 592 3656 biant
643 3603 1089 3672 possessionibus,
1139 3605 1341 3678 praedia
1384 3606 1657 3674 excolunt,
1700 3622 1833 3662 auro
1874 3608 2026 3664 incu-

429 3692 582 3760 bant,
606 3702 794 3758 emunt
815 3689 1411 3770 venduntque,qn;estui
1443 3715 1538 3769 per
1559 3699 1738 3756 omnia
1766 3699 1984 3755 student
2009 3717 2024 3754 :

427 3795 483 3851 at
519 3785 566 3840 si
598 3785 691 3868 qui
728 3788 971 3844 melioris
1017 3789 1280 3861 propositi
1323 3791 1596 3862 videntur,
1635 3809 1808 3864 neque
1854 3794 2029 3864 possi-

425 3880 620 3936 dentes
650 3897 828 3968 neque
857 3885 1198 3955 negotiantes
1239 3886 1410 3970 (quod
1454 3897 1537 3942 est
1571 3888 1745 3943 multo
1788 3887 2027 3962 turpius)

430 3972 684 4030 sedentes
710 3990 937 4030 munera
968 3987 1307 4049 exspectant,
1337 3988 1494 4050 atque
1521 3997 1684 4037 omne
1708 3982 1834 4037 vitae
1862 3981 2029 4037 decus

435 4066 683 4122 mercede
734 4077 1051 4138 corruptum
1112 4069 1347 4136 habent,
1405 4072 1534 4127 dum
1585 4075 1739 4144 quasi
1779 4076 2028 4143 venalem

429 4159 731 4232 praeferunt
786 4164 1163 4221 sanctitatem.
1223 4165 1334 4222 Sed
1393 4168 1608 4239 longius
1659 4184 1822 4239 quam
1879 4169 2030 4226 volui

429 4265 682 4322 egressus
710 4267 856 4320 sum,
889 4254 1015 4310 dum
1048 4271 1135 4312 me
1165 4268 1479 4328 temporum
1513 4270 1836 4315 nostrorum
1879 4263 2031 4333 piget

432 4343 739 4414 tardetque:
767 4345 834 4400 ad
866 4347 1144 4417 inceptum
1178 4349 1366 4405 redeo.
1396 4350 1675 4421 Igitur,~ut
1701 4368 1867 4422 supra
1892 4352 2027 4420 dixi,

430 4435 606 4490 diviso
637 4451 731 4507 per
759 4439 933 4494 tribus
973 4443 1196 4510 captivo
1224 4443 1347 4498 solo
1378 4458 1511 4514 pace
1551 4460 1767 4500 summa
1806 4444 2028 4500 Hebraei

435 4500 871 4599 perfruebantur,
914 4500 1162 4589 ﬁnitimis
1207 4534 1349 4590 bello
1378 4500 1625 4604 ierritis,
1661 4545 1742 4592 tot
1777 4500 2108 4596 victoriisD

438 4622 648 4680 nobiles
706 4626 874 4681 armis
934 4629 1155 4684 nemine
1224 4630 1462 4686 audente
1525 4639 1760 4689 tentare.
1823 4633 2029 4704 Eodem

439 4721 612 4770 tractu
657 4717 788 4773 Iesu
839 4730 1089 4777 mortuus
1143 4731 1247 4788 est,
1296 4739 1441 4779 anno
1491 4727 1670 4781 {etatis
1717 4727 1930 4781 decimo
1977 4737 2034 4785 et

438 4810 773 4876 centesimo;
801 4811 872 4867 de
916 4812 1132 4884 imperii
1165 4825 1345 4872 autem
1379 4817 1500 4886 ejus
1545 4827 1793 4888 tempore
1839 4835 2030 4891 parum

435 4897 641 4957 deﬁnio
670 4919 684 4956 :
719 4904 977 4976 frequens
1007 4917 1187 4964 tamen
1214 4909 1401 4992 opinio
1433 4921 1520 4966 est
1564 4928 1635 4966 xx
1673 4922 1729 4967 et
1759 4929 1831 4968 vn
1870 4915 2032 4971 annis

438 5008 561 5050 eum
595 4996 839 5055 Hebraeis
877 5001 1196 5070 praafuisse;
1223 5005 1364 5074 quod
1407 5005 1450 5060 si
1499 5005 1572 5061 ita
1615 5017 1719 5074 cst,
1765 5023 1794 5062 a
1845 5009 2032 5064 numdi

423 5083 664 5140 exordio
711 5086 764 5142 in
806 5101 1093 5144 excessum
1143 5091 1261 5170 ejus
1309 5091 1437 5147 anui
1481 5102 1610 5150 sunt
1636 5087 2028 5154 ιιῖιοοοοωιχχ

438 5185 496 5230 et
520 5192 624 5232 ιιιι.

511 5269 704 5326 XXIV.
733 5270 861 5327 Iesu
888 5283 1102 5330 mortuo
1126 5277 1359 5345 p0pulus
1386 5277 1504 5333 sine
1533 5277 1672 5334 duce
1695 5281 1914 5351 agebat.
1939 5282 2035 5338 sed

437 5375 564 5415 eam
589 5363 852 5421 adversus
872 5353 1218 5423 Cbanan.ros
1240 5369 1551 5425 bellandum
1575 5383 1746 5441 esset,
1772 5361 1880 5429 dux
1906 5375 2035 5433 belli

439 5453 608 5512 ludas
655 5467 972 5529 assumptus
1028 5473 1133 5518 εει.
1195 5461 1362 5533 Hujus
1415 5463 1578 5519 ductu
1634 5481 1721 5520 res
1773 5482 2038 5538 prospere

441 5559 608 5619 gesta:
636 5569 651 5606 :
683 5553 831 5608 domi
865 5555 1188 5627 militiaeque
1221 5572 1496 5612 summum
1537 5561 1711 5615 otium
1754 5580 1766 5614 :
1803 5564 2037 5633 populus

443 5651 537 5696 aut
577 5645 820 5702 subactis
851 5658 943 5702 aut
987 5664 1084 5717 per
1121 5648 1454 5706 deditionem
1497 5654 1743 5721 acceptis
1785 5655 2037 5722 gentibus

449 5733 812 5806 imperitabat.
863 5737 1012 5808 Inde,
1049 5749 1108 5796 ut
1151 5757 1368 5814 semper
1412 5742 1529 5800 ﬁeri
1571 5746 1828 5810 secundis
1871 5747 2037 5818 rebus

2133 3224 2262 3278 tutis
2304 3225 2549 3282 divinum
2582 3230 2843 3286 auxilium
2887 3227 3340 3310 imploravernut.
3385 3243 3459 3313 lta
3506 3262 3728 3319 semper

2130 3315 2185 3372 in
2233 3321 2490 3377 secundis
2538 3325 2723 3408 rebus,
2770 3327 3121 3400 immemores
3169 3336 3474 3408 caelestium
3523 3315 3731 3398 beneﬁ-

2129 3411 2366 3482 ciorum,
2399 3415 2560 3471 idolis
2587 3421 3000 3504 snppliCabant;
3029 3425 3082 3481 in
3111 3427 3378 3504 adversis,
3414 3433 3543 3496 Deo.
3572 3435 3730 3493 Unde

2130 3520 2252 3560 cum
2295 3517 2553 3582 reputare
2599 3513 2652 3566 in
2691 3516 2874 3570 animo
2916 3501 3091 3588 soleo,
3135 3501 3391 3596 populum
3442 3536 3519 3580 tot
3561 3529 3730 3584 bene—

2131 3599 2268 3654 ﬁciis
2322 3601 2420 3656 Dei
2474 3602 2808 3674 obligatum,
2867 3617 2942 3662 tot
3002 3611 3250 3669 cladibus
3297 3629 3418 3671 cum
3479 3629 3732 3689 peccaret

2131 3693 2460 3759 coercitum,
2487 3705 2892 3784 expertumque
2930 3709 2984 3754 et
3021 3703 3450 3774 misericordiam
3483 3719 3539 3764 et
3574 3727 3734 3768 sevc-

2133 3783 2350 3842 ritatem
2384 3785 2506 3853 Dei,
2541 3783 2881 3859 nequaquam
2915 3795 3298 3866 emendatum;
3333 3807 3391 3853 et
3420 3815 3544 3855 cum
3585 3819 3730 3859 sem—

2133 3893 2230 3948 per
2257 3879 2468 3937 veniam
2498 3869 2705 3936 erroris
2735 3883 3026 3954 acciperet,
3056 3873 3566 3962 semperpeccasse
3608 3907 3734 3968 post

2136 3973 2386 4038 veniam;
2436 3970 2573 4027 nihil
2624 3973 2823 4046 mirum
2869 3977 3044 4033 videri
3099 3990 3300 4051 potest,
3341 3981 3616 4043 Christum
3663 3991 3734 4049 ab

2137 4061 2220 4115 his
2268 4079 2378 4118 non
2436 4080 2558 4119 esse
2603 4078 2908 4141 receptum,
2962 4087 3084 4128 cum
3126 4071 3239 4144 jam
3291 4077 3416 4144 inde
3461 4081 3530 4134 ab
3576 4081 3733 4142 initio

2137 4156 2298 4213 toties
2331 4158 2383 4213 in
2420 4159 2650 4216 Domino
2690 4164 2923 4220 rebelles
2953 4164 3440 4240 deprehendantur
3483 4193 3496 4228 :
3530 4180 3733 4250 magis-

2133 4269 2241 4326 que
2273 4253 2468 4309 mirum
2498 4266 2604 4325 est,
2638 4257 2752 4324 illis
2788 4274 3008 4332 semper
3046 4266 3401 4336 peccantibus
3433 4286 3731 4342 numquam

2139 4347 2256 4416 Dei,
2301 4349 2344 4403 si
2389 4349 2608 4420 quando
2647 4367 2773 4407 eum
2814 4353 3287 4432 imploraverunt,
3336 4361 3578 4428 deluisse
3621 4367 3733 4423 cle-

2138 4451 2419 4496 incutiam.

2207 4531 2375 4589 XXV.
2407 4533 2578 4611 Igitur
2602 4549 2726 4591 cum
2755 4538 2856 4605 eis,
2894 4549 2953 4594 ut
2983 4557 3149 4614 supra
3183 4547 3492 4616 retulimus,
3523 4551 3729 4608 Madia-

2137 4625 2262 4679 niue
2294 4625 2730 4700 dominarentur,
2773 4636 3029 4691 conversi
3072 4635 3140 4704 ad
3185 4637 3472 4698 Dominum
3518 4647 3732 4702 miseri«

2135 4718 2375 4775 cordiam
2409 4721 2627 4776 solitam
2660 4721 2990 4800 ﬂagitantes,
3033 4727 3487 4799 impetraverunt.
3518 4737 3649 4792 Erat
3675 4741 3734 4798 in

2137 4813 2381 4868 Hebrazis
2396 4813 2617 4869 Gedeon
2637 4815 2853 4886 quidam
2879 4819 3120 4887 nomine,
3149 4821 3230 4876 vir
3249 4825 3430 4892 justus
3453 4837 3507 4881 et
3528 4827 3732 4906 chartis

2141 4906 2366 4960 Domino
2388 4917 2787 4979 acceptusque;
2822 4909 2947 4965 huic
2974 4914 3205 4984 angelus
3235 4915 3301 4982 de
3315 4932 3510 5002 campo
3537 4911 3734 4998 messis

2139 5000 2362 5055 domum
2389 5005 2689 5056 revertenti
2722 5006 2933 5072 asﬁtit:
2962 5005 3270 5090 Dominus,
3301 5000 3493 5094 inquit,
3530 5027 3731 5090 tecum,

2142 5103 2334 5165 potens
2355 5093 2406 5148 in
2438 5096 2661 5153 virtute.
2688 5100 2760 5154 At
2789 5099 2880 5155 ille
2911 5115 3045 5157 voce
3077 5103 3294 5175 humili,
3327 5093 3432 5166 non
3452 5128 3576 5171 esse
3599 5116 3651 5171 in
3675 5131 3736 5180 se

2141 5173 2433 5245 Dominum
2486 5192 2879 5263 ingemiscebat
2918 5197 3236 5267 :siquidem
3279 5173 3422 5274 quod
3473 5173 3735 5281 populum

2143 5285 2428 5354 captivitas
2475 5297 2769 5360 premeret,
2808 5291 3177 5365 virtutumque
3225 5300 3462 5370 Domini,
3509 5307 3597 5378 qui
3640 5322 3736 5362 eos

2143 5376 2212 5432 de
2245 5387 2383 5433 terra
2415 5377 2635 5451 Egypti
2669 5382 2962 5452 eduxerat,
2990 5385 3128 5446 ﬂens
3151 5376 3561 5462 retordabatur.
3599 5398 3738 5462 Tum

2141 5472 2371 5543 angelus
2404 5491 2416 5526 :
2452 5473 2616 5542 Vade,
2656 5476 2853 5562 inquit,
2899 5479 2951 5535 in
2999 5483 3105 5539 hoc
3135 5488 3331 5558 spiritu
3375 5507 3481 5562 quo
3523 5496 3738 5556 locutus

2143 5581 2222 5629 es,
2269 5575 2324 5620 ct
2366 5569 2623 5638 p0pulum
2666 5553 2734 5626 de
2770 5574 3080 5647 captivitate
3125 5553 3296 5649 eripe.
3341 5553 3433 5650 Ille
3474 5601 3602 5639 vero
3643 5553 3738 5644 ab;-

2143 5674 2331 5727 nuere,
2374 5675 2433 5714 se
2474 5661 2721 5719 infractis
2761 5679 2983 5736 suorum
3012 5670 3236 5742 viribus,
3271 5688 3392 5738 cum
3428 5675 3542 5746 ipse
3574 5680 3740 5736 mini-

2144 5763 2265 5805 mus
2307 5761 2484 5821 esset,
2525 5763 2732 5812 tantum
2777 5772 2912 5828 onus
2934 5759 3244 5838 suscipere;
3275 5775 3523 5838 perstare
3551 5780 3746 5833 contra
