4200 6180
485 250 584 313 III

1846 236 2136 303 SULPICII
2174 240 2426 301 SEVERI

3683 232 3789 295 ΗΞ

483 372 734 442 angelus,
774 369 855 426 Ne
890 368 1167 425 dubitaret
1199 380 1360 437 posse
1399 363 1518 419 ﬁeri
1544 379 1666 435 qua:
1709 362 1971 418 Dominus
2002 361 2083 416 lo-
2113 360 2161 421 A
2188 362 2381 419 dolore
2404 360 2699 417 conscissis
2730 359 3000 426 vestibus,
3044 357 3251 415 indicat
3280 356 3407 413 ﬁlim
3448 356 3558 412 voti
3596 371 3792 413 neces-

483 466 773 537 quebatur.
820 462 1072 519 Perfecto
1114 459 1279 530 igitur
1320 456 1617 521 sacriﬁcio,
1655 456 1945 525 dirutaque
1990 469 2084 508 ara

482 572 645 627 quam
684 554 863 609 Baalis
906 553 1054 608 idolo
1085 550 1391 605 Madianita:
1434 556 1814 615 sacraverant,
1846 545 1915 600 ad
1955 560 2085 600 suos

483 647 785 720 profectus,
810 654 992 702 castra
1021 643 1219 698 castris
1246 640 1488 696 hostium
1517 639 1768 695 contulit.
1816 637 1930 693 Sed
1972 636 2083 692 Ma-

484 742 707 797 dianitis
730 742 894 797 etiam
920 754 1055 808 gens
1082 736 1341 793 Amalech
1365 751 1425 791 se
1443 735 1834 806 conjunxerat;
1859 731 2083 789 Gedeon

487 852 619 892 vero
674 850 780 889 non
837 832 1075 903 amplius
1129 847 1292 903 quam
1339 831 1407 885 ad
1456 830 1674 901 triginta
1723 837 1780 884 et
1826 842 1865 883 ιι
1913 826 2082 882 millia

484 928 785 986 exercitum
841 934 1149 998 paraverat.
1190 924 1298 981 Sed
1351 922 1667 995 priusquam
1721 919 2078 989 confligeret,

480 1028 627 1083 Deus
655 1026 722 1081 ad
754 1041 878 1081 eum
922 1024 1137 1079 locutus
1165 1030 1269 1088 est,
1309 1019 1543 1075 Nimiam
1573 1032 1695 1075 esse
1727 1017 1867 1072 hanc
1898 1013 2082 1071 multi-

477 1120 749 1188 tudinem,
783 1136 943 1192 quam
968 1119 1020 1173 in
1050 1116 1301 1188 praelium
1331 1114 1495 1170 vellet
1521 1112 1753 1168 educere
1780 1128 1792 1163 :
1824 1108 2082 1164 Hebraeos

481 1232 583 1285 pro
626 1216 786 1270 solita
834 1211 1066 1286 perﬁdia
1104 1220 1359 1267 eventum
1411 1224 1605 1279 pugnae
1651 1222 1759 1261 non
1810 1204 1942 1269 Deo,
1986 1199 2081 1255 sed

478 1312 666 1366 virtuti
697 1325 808 1366 suae
838 1308 1061 1362 daturos
1095 1325 1107 1361 :
1140 1307 1321 1375 itaque
1347 1303 1504 1357 daret
1548 1298 1861 1355 volentibus
1898 1295 2081 1350 disce-

480 1405 645 1463 dendi
696 1411 1053 1474 petestatem;
1083 1398 1225 1470 quod
1257 1397 1347 1452 ubi
1390 1395 1591 1466 populo
1619 1392 1976 1461 divulgatum,
2010 1402 2079 1441 xx

478 1509 534 1556 et
566 1516 602 1554 ιι
622 1511 669 1554 Μ
693 1515 723 1554 a
754 1497 953 1552 castris
978 1502 1349 1550 recesserunt.
1384 1490 1489 1545 Sed
1519 1506 1587 1544 ex
1617 1504 1647 1542 x
1678 1486 1918 1541 millibus
1957 1498 2079 1554 qua:

475 1591 821 1656 resederunt,
852 1588 1163 1643 admonitus
1186 1601 1214 1638 a
1239 1583 1493 1649 Domino,
1520 1597 1626 1635 non
1658 1578 1893 1648 amplius
1916 1590 2078 1647 quam

475 1692 755 1740 trecentos
807 1681 979 1735 tenuit
1021 1698 1034 1734 :
1085 1678 1333 1747 reliquos
1390 1676 1459 1729 ab
1510 1672 1681 1729 armis
1725 1670 1953 1726 dimisit.
2000 1667 2078 1721 Ita

2188 457 2424 511 sitatem.
2458 455 2529 511 At
2556 454 2680 521 illa,
2710 469 2817 510 non
2847 453 3085 509 feminea
3113 452 3457 520 constantia,
3493 451 3631 506 mori
3678 466 3784 505 non

2188 563 2470 615 recusans,
2508 547 2647 603 duos
2675 556 2883 602 tantum
2916 557 3099 602 tamen
3128 561 3347 603 menses
3394 546 3519 601 vitae
3548 545 3785 617 spatium

2185 642 2345 711 petit,
2395 648 2457 696 ut
2486 641 2726 711 mquales
2771 655 2899 696 suas
2930 640 3081 710 prius
3112 639 3367 694 videret:
3393 638 3597 707 quibus
3646 637 3787 693 actis

2188 735 2333 789 ultro
2375 733 2442 789 ad
2488 742 2702 806 patrem
2753 732 2916 800 redit,
2961 743 3259 801 votumque
3314 731 3541 786 Domino
3580 730 3782 786 reddit.

2186 825 2343 897 Jepta
2387 827 2753 898 principatum
2805 841 2903 882 sex
2954 826 3117 880 anuis
3151 823 3345 879 tenuit.
3382 823 3517 879 Huic
3564 822 3785 878 Esebon

2185 918 2472 985 successit,
2496 929 2550 974 et
2582 918 2906 990 tranquillis
2935 917 3101 974 rebus
3126 926 3321 973 exacto
3350 915 3601 986 imperio,
3635 930 3785 973 anno

2186 1015 2420 1083 septimo
2466 1012 3011 1083 decessitzpostque
3039 1028 3164 1068 eum
3214 1011 3377 1066 Allon
3427 1008 3784 1067 Zabnlouites

2184 1109 2345 1165 annis
2369 1124 2421 1174 x,
2458 1108 2699 1177 itemque
2728 1106 2920 1162 Abdon
2947 1106 3105 1161 annis
3139 1121 3231 1161 vin
3264 1120 3448 1160 rerum
3485 1103 3662 1174 potiti,
3690 1120 3786 1174 pa-

2184 1201 2262 1256 cis
2312 1208 2563 1271 tempore
2601 1198 2734 1254 nihil
2787 1198 2933 1271 quod
2988 1198 3215 1253 historia
3268 1197 3611 1268 loqueretur,
3665 1195 3781 1252 edi-

2184 1294 2407 1350 derunt.

2258 1387 2472 1443 XXVII.
2515 1389 2749 1444 Rursum
2780 1388 3039 1444 Israelita:
3075 1386 3143 1442 ad
3187 1386 3331 1442 idola
3368 1385 3647 1452 conversi,
3693 1385 3779 1441 di-

2183 1484 2309 1539 vino
2353 1483 2597 1539 destituti
2627 1483 2902 1554 praesidio,
2950 1481 3180 1551 subjecti
3210 1476 3530 1552 allOphylis,
3575 1494 3672 1548 per
3713 1494 3783 1534 xL

2183 1577 2517 1648 captivitatis
2576 1592 2752 1631 annos
2807 1590 2997 1646 paruas
3041 1574 3288 1644 perﬁdiae
3376 1572 3776 1642 pependerunt.

2183 1669 2256 1724 Ea
2288 1676 2615 1740 tempestate
2668 1668 2942 1739 Sampson
2976 1677 3140 1722 natus
3179 1666 3434 1722 traditur.
3464 1665 3638 1735 Hujus
3665 1679 3781 1718 ma-

475 1776 654 1833 media
684 1774 864 1847 vigilia
893 1782 1069 1829 castra
1102 1770 1346 1826 hostium
1379 1771 1686 1839 ingressus,
1713 1763 1884 1834 jussis
1907 1760 2081 1816 omni-
2108 1761 2157 1822 B
2187 1771 2267 1817 ter
2296 1761 2387 1816 diu
2416 1762 2642 1829 sterilis,
2691 1762 2950 1832 angelum
2991 1760 3156 1827 vidit;
3206 1759 3529 1829 dictumque
3562 1758 3611 1812 ei
3655 1764 3777 1812 est:

474 1870 578 1926 bus
617 1869 742 1923 tuba
772 1881 987 1932 canere,
1026 1878 1281 1935 magnum
1326 1872 1590 1916 terrorem
1635 1856 1855 1928 injecit;
1899 1870 2075 1923 neque

473 1959 729 2030 cuiquam
781 1956 1075 2012 resistendi
1129 1956 1347 2008 animus
1402 1951 1501 2006 fuit
1535 1969 1547 2005 :
1579 1949 1725 2019 turpi
1777 1948 1917 2018 fuga,
1969 1962 2074 2017 qua

471 2054 703 2123 quisque
732 2050 929 2121 potuit,
965 2046 1195 2116 dilapsi;
1236 2045 1355 2113 sed,
1388 2044 1801 2100 occurrentibus
1828 2041 1976 2097 omni
2005 2056 2071 2096 ex

468 2156 629 2215 parte
677 2141 938 2208 Hebraeis,
975 2140 1180 2211 passim
1214 2136 1486 2208 fugientes
1522 2136 1750 2201 cadunt;
1784 2150 1938 2205 reges
1968 2134 2073 2190 Ge-

469 2235 613 2292 deou
640 2244 962 2306 persecutus
991 2232 1131 2287 ultra
1154 2229 1474 2293 Iordanem,
1498 2228 1925 2297 comprehensos
1949 2227 2068 2283 neci

467 2328 640 2385 dedit.
677 2329 751 2383 Ea
782 2342 959 2399 pugna
1001 2334 1221 2381 centum
1247 2333 1303 2380 et
1334 2341 1405 2379 xx
1438 2340 1475 2379 ιι
1503 2339 1567 2379 ex
1612 2322 1863 2378 hostibus
1902 2336 2066 2388 caesa,

468 2440 539 2480 xv
583 2432 742 2494 capta
792 2422 1103 2477 traduntur.
1157 2418 1308 2474 Tunc
1351 2432 1625 2473 consensu
1673 2416 1918 2471 omnium
1960 2414 2069 2470 Ge-

466 2519 628 2575 deoni
649 2560 664 2583 ,
689 2526 747 2571 ut
775 2516 1031 2587 princeps
1064 2514 1245 2585 populi
1276 2521 1444 2573 esset,
1473 2511 1711 2566 delatum
1745 2525 1760 2565 :
1791 2507 1935 2580 quod
1979 2508 2068 2563 ille

466 2620 815 2683 aspernatus,
840 2609 1114 2665 communi
1137 2608 1262 2678 jure
1288 2622 1411 2662 cum
1434 2605 1649 2661 civibus
1671 2606 1878 2671 vivere,
1907 2618 2065 2675 quam

464 2721 709 2778 praeesse
740 2706 854 2761 suis
883 2703 1093 2758 maluit.

538 2797 733 2853 XXVI.
775 2796 1013 2867 Depulsa
1084 2795 1245 2866 igitur
1294 2794 1631 2866 captivitate,
1679 2808 1798 2863 qua:
1850 2800 2067 2862 septem

463 2906 638 2947 annos
669 2891 927 2961 pepulum
960 2889 1331 2954 continuerat,
1370 2902 1473 2957 pax
1508 2902 1603 2955 per
1634 2901 1701 2940 xi.
1739 2899 1913 2939 annos
1942 2883 2062 2937 luit.

460 2985 572 3043 Sed
598 2983 858 3040 defuncto
877 2981 1124 3045 Gedeon,
1156 2981 1296 3035 ﬁlius
1325 2981 1444 3050 ejus
1474 2977 1814 3043 Abimelech,
1845 2991 1912 3032 ex
1937 2990 2069 3031 con-

462 3079 658 3135 cubina
682 3088 857 3144 ortus,
887 3075 1146 3131 fratribus
1170 3072 1533 3143 interemptis,
1559 3070 1815 3142 pessimis
1839 3070 2067 3137 quibus-

461 3190 571 3244 que
598 3172 1074 3228 consentientibus
1103 3178 1160 3224 et
1191 3170 1429 3222 maxime
1457 3166 1828 3222 Sichimorum
1864 3164 2065 3233 princi-
2090 3155 2134 3217 C

462 3266 625 3337 pibus
672 3278 898 3333 Operam
943 3263 996 3317 ei
1038 3260 1384 3323 navantibus,
1440 3273 1671 3329 regnum
1724 3256 2063 3326 occupavit:

460 3358 623 3428 isque
649 3353 946 3411 discordiis
972 3353 1237 3409 civilibus
1268 3353 1567 3417 exercitus,
1611 3366 1735 3405 cum
1766 3363 1893 3404 suos
1921 3349 2068 3404 bello
2116 3350 2117 3353 “

461 3458 766 3522 premeret,
798 3447 997 3504 turrim
1022 3446 1338 3518 quamdam,
1373 3446 1429 3500 in
1463 3460 1624 3514 quam
1654 3459 1713 3500 se
1739 3444 1942 3499 amisso
1973 3459 2068 3514 op-

461 3545 594 3618 pido
637 3543 915 3615 fugientes
981 3548 1336 3612 receperant,
1385 3552 1700 3608 expugnare
1750 3551 2066 3607 aggressus,

463 3640 593 3697 dum
642 3638 922 3695 incautius
967 3636 1139 3702 subit,
1188 3649 1321 3690 saxo
1361 3649 1391 3688 a
1435 3633 1666 3689 muliere
1699 3631 1842 3687 ictus
1882 3631 2065 3701 periit,

460 3747 584 3788 cum
629 3731 863 3787 triennio
918 3729 1214 3802 imperium
1272 3725 1560 3782 tenuisset.
1616 3724 1753 3779 Huic
1805 3723 2072 3779 successit

464 3826 666 3894 Tbola,
721 3824 815 3895 qui
846 3824 1065 3879 duobus
1095 3830 1150 3877 et
1193 3837 1269 3877 xx
1302 3822 1461 3874 annis
1514 3832 1685 3889 regno
1727 3816 1932 3887 potitus
1961 3826 2065 3871 est.

454 3919 596 3978 Post
630 3922 775 3975 hunc
805 3918 923 3973 Iair
954 3917 1079 3984 fuit,
1130 3915 1378 3986 quicum
1427 3928 1584 3985 aeque
1631 3910 1823 3984 viginti
1848 3920 1903 3966 et
1931 3909 2068 3964 duos

464 4026 642 4067 annos
684 4010 1055 4080 principatum
1082 4006 1433 4069 obtinuisset,
1479 4004 1710 4074 populus
1741 4002 1935 4058 relicto
1958 4000 2067 4055 Do-

462 4104 617 4159 mino
650 4100 811 4157 idolis
842 4115 904 4155 se
936 4098 1272 4169 mancipavit
1298 4115 1311 4152 :
1341 4096 1521 4167 obque
1551 4095 1605 4150 id
1638 4094 1903 4150 Israelita:
1934 4092 2065 4146 sub-

464 4200 572 4255 acti
613 4207 743 4254 sunt
781 4196 850 4252 ab
889 4194 1190 4266 allophylis
1242 4202 1299 4248 et
1344 4190 1703 4255 Ammonitis,
1744 4188 1961 4256 duoque
2000 4184 2067 4240 de

464 4309 536 4349 xx
567 4292 730 4347 annis
764 4289 869 4345 sub
896 4302 1090 4344 eorum
1124 4285 1353 4357 imperio
1385 4284 1624 4340 fuerunt.
1657 4280 1775 4349 Quo
1825 4287 2069 4348 tempore

466 4386 549 4443 eis
574 4385 869 4441 Dominum
898 4379 1284 4437 invocantibus
1314 4377 1561 4434 divinum
1594 4373 1811 4429 scilicet
1836 4386 2067 4440 respon-

463 4495 586 4537 sum
632 4476 905 4533 redditum
950 4482 1083 4530 est:
1124 4472 1434 4528 Simulacra
1476 4469 1660 4540 potius
1704 4467 2062 4520 invocarent:

2180 1856 2319 1912 Vino
2367 1866 2421 1913 et
2460 1857 2633 1912 sicera
2688 1868 2851 1927 atque
2906 1855 3199 1911 immundis
3240 1855 3586 1909 abstineret:
3635 1854 3777 1919 fore,

2179 1951 2255 2005 uti
2284 1965 2510 2019 puerum
2557 1949 2740 2005 ederet
2787 1949 3054 2005 libertatis
3107 1947 3374 2002 vindicem
3428 1956 3482 2002 et
3536 1945 3776 2001 hostium

2179 2045 2435 2101 ultorem.
2473 2046 2550 2100 Ita
2577 2044 2772 2101 mulier
2801 2045 2960 2100 enixa
2990 2058 3241 2115 puerum,
3265 2043 3537 2112 Sampson
3565 2055 3775 2096 nomen

2174 2141 2223 2196 ei
2273 2140 2489 2196 indidit.
2542 2141 2591 2195 Is
2637 2142 2854 2196 intonso
2885 2140 3085 2210 capite,
3140 2140 3291 2193 mira:
3324 2137 3548 2192 virtutis
3603 2134 3777 2191 fuisse

2176 2234 2408 2289 traditur
2438 2251 2451 2288 :
2487 2233 2620 2290 adeo
2650 2242 2708 2289 ut
2738 2235 2957 2290 leonem
3008 2231 3062 2287 in
3095 2232 3178 2286 via
3211 2230 3429 2287 obvium
3461 2244 3624 2283 manu
3654 2227 3773 2282 dis-

2174 2337 2445 2398 cerperet.
2493 2328 2727 2384 Uxorem
2773 2344 2839 2383 ex
2891 2324 3185 2397 allapbylis
3234 2324 3456 2389 habuit;
3494 2338 3616 2391 qua:
3647 2338 3771 2377 eum

2163 2424 2398 2479 absente
2440 2423 2556 2477 viro
2587 2423 2641 2477 in
2673 2422 2897 2477 alterius
2947 2419 3355 2475 matrimonium
3389 2417 3766 2480 convenisset,

2173 2518 2364 2574 dolore
2390 2516 2593 2588 erepta:
2621 2516 2870 2587 conjugis
2897 2515 3199 2587 perniciem
3241 2512 3391 2584 genti
3421 2510 3643 2565 molitus
3686 2514 3772 2564 est

2172 2610 2377 2684 (fretus
2428 2611 2654 2667 Domino
2702 2620 2755 2665 et
2804 2608 3033 2676 viribus,
3084 2608 3266 2680 palam
3318 2606 3560 2662 victores
3611 2602 3767 2659 clade

2172 2703 2478 2775 afﬁciebat)
2508 2722 2519 2758 :
2546 2720 2642 2759 ccc
2671 2702 2944 2773 siquidem
2996 2701 3253 2773 vulpibus
3279 2700 3476 2770 captis,
3508 2698 3768 2753 ardentes

2172 2797 2453 2867 lampades
2500 2813 2685 2851 earum
2735 2796 2962 2867 illigavit
2998 2794 3219 2862 caudis,
3264 2802 3431 2865 atque
3479 2808 3575 2848 eas
3625 2791 3770 2862 agris

2172 2889 2407 2945 hostium
2459 2889 2686 2945 immisit
2716 2907 2727 2942 :
2761 2905 2824 2945 ac
2851 2898 2962 2944 tum
3017 2888 3158 2944 forte
3207 2887 3442 2942 maturis
3493 2885 3769 2942 messibus

2171 2984 2328 3040 facile
2356 2984 2667 3039 incendium
2698 2983 2819 3050 fuit,
2854 2982 3135 3054 vineaeque
3158 2991 3213 3037 et
3234 2983 3507 3037 olivarum
3540 2983 3767 3037 arbores

2171 3086 2402 3130 exustae.
2436 3074 2639 3130 Grandi
2669 3074 3075 3147 allophylorum
3105 3074 3282 3130 exitio
3308 3074 3551 3143 abrepta:
3581 3074 3768 3129 uxoris

2170 3171 2429 3241 injuriam
2461 3171 2605 3225 ultus
2634 3170 2924 3225 videbatur
2953 3184 3095 3239 :quo
3126 3168 3322 3224 dolore
3349 3168 3611 3240 allopliyli
3643 3183 3767 3238 per-

2172 3262 2339 3330 moti,
2382 3264 2667 3319 mulierem
2709 3264 2842 3317 tanti
2888 3262 3020 3317 mali
3072 3276 3294 3316 causam
3342 3278 3466 3317 cum
3507 3260 3670 3316 domo
3711 3270 3767 3317 et

2171 3363 2322 3426 patre
2353 3356 2606 3411 incendio
2636 3354 3243 3425 consumpserunt.Sed
3274 3356 3542 3425 Sampson
3574 3369 3765 3425 parum

2170 3462 2229 3503 se
2257 3447 2590 3503 vindicatum
2627 3458 2803 3513 ratus,
2847 3463 3048 3518 urgere
3096 3447 3353 3503 omnibus
3404 3446 3767 3503 incommodis

2172 3542 2456 3612 prolanam
2488 3550 2705 3613 gentem
2736 3556 2844 3597 non
2875 3540 3183 3596 desinebat.
3210 3541 3348 3597 Tum
3378 3540 3643 3610 compulsi
3670 3540 3767 3597 Ju-

2169 3632 2295 3703 daei,
2329 3635 2573 3690 vinctum
2604 3650 2728 3691 eum
2753 3634 3048 3707 allophylis
3077 3634 3443 3691 tradiderunt.
3462 3635 3570 3691 Sed
3595 3635 3768 3689 tradi-

2173 3736 2280 3796 tus,
2341 3730 2519 3798 ruptis
2578 3728 2828 3795 vinculis,
2895 3737 3115 3798 arrepto
3190 3742 3315 3782 osse
3389 3726 3550 3792 asini,
3620 3727 3766 3798 quod

2170 3836 2329 3877 casus
2358 3822 2522 3877 telum
2556 3821 2804 3886 dederat,
2838 3820 2990 3875 mille
3027 3835 3097 3875 ex
3146 3819 3398 3876 hostibus
3445 3821 3762 3890 prostravit.

2170 3914 2588 3985 Ingravescente
2636 3925 2818 3969 autem
2867 3921 3005 3969 testu
3049 3928 3171 3970 cum
3205 3914 3298 3970 siti
3342 3914 3572 3971 affectus
3594 3924 3763 3984 esset,

2170 4005 2420 4059 invocato
2468 4004 2719 4071 Domino,
2771 4020 2840 4061 ex
2883 4021 3010 4063 esse
3090 4006 3236 4078 quod
3303 4023 3467 4064 manu
3521 4012 3762 4077 tenebat,

2169 4112 2307 4169 aqua
2336 4098 2509 4154 ﬂuxit.

2242 4191 2478 4249 XXVIII.
2521 4195 2598 4251 Ea
2652 4205 2979 4268 tempestate
3027 4197 3297 4271 Sampson
3347 4199 3593 4258 Hebraeis
3621 4217 3763 4273 prte—

2171 4299 2308 4356 erat,
2357 4289 2651 4362 allophylis
2700 4292 2863 4348 unius
2911 4292 3113 4350 virtute
3141 4293 3387 4351 domitis.
3442 4296 3609 4365 Igitur
3634 4296 3768 4353 insi-

2169 4381 2383 4438 diantes
2413 4384 2540 4438 vita:
2570 4383 2709 4453 ejus,
2737 4401 2838 4441 nec
2865 4386 3042 4456 palam
3077 4403 3200 4443 eum
3228 4396 3441 4445 tentare
3480 4388 3764 4457 audentes,

2172 4490 2400 4532 uxorem
2449 4477 2591 4547 ejus,
2633 4495 2794 4549 quam
2841 4479 2937 4535 ille
2961 4490 3151 4552 postea
3182 4492 3495 4553 acceperat,
3528 4483 3758 4552 pecunia

467 4588 661 4630 senon
707 4572 852 4627 ultra
902 4566 1340 4625 misericordiam
1385 4563 1619 4635 ingratis
1671 4559 2061 4631 prmstiturum.

2174 4579 2553 4639 corrumpunt,
2600 4570 2857 4629 virtutem
2906 4573 3008 4628 viri
3052 4574 3132 4629 uti
3176 4573 3456 4645 proderet.
3509 4575 3606 4630 Illa
3637 4592 3765 4633 eum

470 4667 541 4723 Λι
586 4664 666 4721 illi
698 4663 893 4719 ﬁentes
940 4661 1154 4732 culpam
1207 4657 1393 4722 fateri,
1440 4663 1496 4711 et
1542 4652 1755 4725 precari
1814 4651 2067 4717 veniam;

464 4760 806 4831 abjeetisque
828 4756 990 4812 idolis
1024 4756 1195 4811 Deum
1228 4751 1611 4823 implorantes,
1658 4756 1910 4817 negatam
1941 4745 2071 4801 licet

462 4850 905 4909 misericordiam
937 4850 1398 4919 impetraverunt.
1425 4841 1602 4913 Igitur
1625 4839 1786 4911 Jepta
1817 4840 1959 4895 duce
2004 4839 2071 4895 ad

463 4948 783 5004 libertatem
856 4944 1024 4998 armis
1092 4938 1477 4997 vindicandam
1550 4933 1869 5007 frequentes
1933 4950 2067 4991 eon-

461 5043 729 5106 veniunt;
784 5038 965 5095 missis
1009 5034 1165 5106 prius
1210 5033 1281 5088 ad
1330 5030 1567 5088 Ammon
1614 5046 1800 5102 regem
1851 5028 2066 5101 legatis,

465 5144 533 5193 ut
570 5135 769 5191 finibus
800 5133 917 5189 suis
956 5138 1273 5193 contentus,
1307 5126 1454 5183 bello
1505 5124 1831 5180 abstineret.
1862 5130 1924 5177 At
1974 5122 2070 5178 ille

463 5231 720 5303 prmlium
755 5242 862 5283 non
893 5226 1165 5290 abnuens,
1197 5219 1376 5276 aciem
1405 5217 1685 5274 instruxit.
1720 5216 1858 5271 Tum
1890 5215 2068 5286 Jepta,

462 5329 624 5400 prius
655 5340 820 5399 quam
848 5321 1067 5392 signum
1099 5332 1294 5389 pugnae
1322 5314 1568 5377 daretur,
1602 5310 1815 5366 vovisse
1842 5309 2062 5375 dicitur,

463 5423 509 5478 si
545 5435 807 5493 prospere
837 5423 1155 5488 pugnasset,
1187 5425 1310 5469 eum
1353 5407 1448 5479 qui
1478 5406 1585 5463 sibi
1626 5408 1836 5476 primus
1876 5419 2067 5461 rever-

457 5520 597 5573 tenti
627 5516 821 5572 obvius
847 5512 1069 5575 fuisset,
1102 5506 1340 5562 hostiam
1367 5502 1483 5557 Deo
1505 5500 1766 5557 dandum.
1802 5499 1876 5552 lta
1906 5498 2068 5552 victis

454 5611 736 5676 hostibus,
780 5621 904 5663 cum
954 5604 1180 5659 domum
1228 5596 1458 5664 rediret,
1505 5594 1618 5650 ﬁlia
1657 5594 1709 5650 ei
1740 5592 1954 5648 obviam
1985 5593 2063 5659 ﬁt,

460 5719 582 5773 qua:
624 5705 1169 5783 patrem‘exeeptura
1217 5692 1509 5757 victorem,
1542 5702 1667 5745 cum
1711 5686 1984 5760 tympanis
2013 5694 2070 5744 et

461 5794 648 5853 choris
700 5795 841 5864 laeta.
859 5796 1225 5864 processerat.
1274 5784 1412 5842 Tum
1440 5784 1599 5857 Jepta
1643 5792 2064 5851 consternatus,

2169 4660 2541 4719 blandimento
2594 4665 2854 4723 muliebri
2900 4682 3177 4739 aggressa,
3210 4669 3304 4724 diu
3350 4668 3664 4725 eludentem
3712 4679 3768 4727 et

2172 4757 2401 4813 multum
2430 4768 2780 4816 cunctantem
2811 4763 3053 4833 perpulit
3081 4771 3138 4819 ut
3164 4764 3457 4833 indicaret,
3513 4765 3568 4821 in
3600 4766 3770 4822 crini-

2171 4851 2275 4907 bus
2298 4852 2489 4923 capitis
2510 4854 2769 4909 virtutem
2790 4869 2946 4911 suam
2968 4857 3298 4914 subsistere.
3324 4858 3447 4913 Mox
3468 4857 3767 4916 dormienti

2174 4944 2451 5011 insidiata,
2499 4948 2704 5002 crinem
2735 4947 2857 5017 ejus
2885 4947 3131 5015 abstulit,
3166 4958 3330 5019 atque
3358 4950 3432 5005 ita
3469 4966 3592 5007 eum
3622 4951 3763 5008 allo-

2173 5039 2353 5113 phylis
2415 5039 2684 5096 tradidit:
2726 5056 2850 5096 nam
2896 5058 3044 5113 smpe
3095 5044 3249 5115 prius
3302 5044 3561 5101 traditum
3615 5061 3768 5101 eom-

2175 5133 2516 5204 prehendere
2549 5134 2935 5206 nequiverant.
2993 5135 3131 5192 Tum
3163 5136 3269 5206 illi,
3318 5137 3534 5195 effossis
3563 5139 3765 5206 oculis,

2172 5228 2416 5283 vinctum
2451 5227 2815 5297 compedibus
2845 5228 2899 5282 in
2933 5243 3213 5286 carcerem
3241 5232 3626 5303 conjecerunt.
3657 5230 3767 5288 Sed

2170 5321 2350 5391 epatio
2376 5321 2640 5390 temporis
2667 5322 2884 5377 accisus
2914 5322 3100 5380 crines
3126 5340 3406 5395 crescere,
3435 5333 3493 5382 et
3520 5341 3645 5381 cum
3688 5326 3769 5382 eis

2168 5412 2347 5469 virtus
2370 5414 2553 5470 redire
2580 5426 2901 5485 oecceperat
2926 5432 2940 5470 :
2962 5419 3188 5489 jamque
3219 5419 3490 5487 Sampson
3513 5419 3768 5476 conscius

2170 5507 2378 5579 recepti
2408 5509 2650 5578 roboris,
2677 5523 2892 5581 tempus
2927 5514 3090 5568 modo
3114 5515 3282 5583 justa:
3328 5515 3557 5569 ultionis
3595 5529 3768 5583 oppe-

2168 5600 2441 5657 riebatur.
2499 5602 2634 5659 Erat
2678 5604 2983 5676 aIIOphylis
3038 5606 3231 5671 moris,
3266 5621 3392 5661 cum
3446 5608 3566 5663 dies
3594 5606 3770 5664 festos

2169 5706 2422 5765 agerent,
2456 5694 2727 5766 Sampson
2758 5698 2911 5767 quasi
2937 5698 2990 5752 in
3037 5714 3293 5769 pompam
3324 5699 3601 5771 publicam
3636 5717 3769 5772 pro-

2168 5784 2403 5856 ducere,
2453 5797 2615 5859 capto
2668 5789 3027 5849 insultantes.
3073 5791 3286 5869 Itavdie
3334 5794 3597 5867 quodam,
3641 5810 3769 5852 cum
