4194 6192
364 314 468 369 H3

1590 314 1913 373 HISTORIA
1956 315 2207 377 SACRA.
2247 320 2381 379 LIB.
2424 323 2460 380 I.

3577 330 3681 392 ιιι

361 428 655 501 publicum
687 429 903 500 epulum
934 429 989 484 in
1019 428 1289 485 honorem
1320 429 1453 487 idoli
1484 428 1786 497 dedissent,
1812 430 1970 489 Sam-
1996 436 2047 498 Α
2074 446 2170 491 aut
2211 436 2349 493 (luce
2389 437 2523 507 ullo,
2558 442 2782 512 proprio
2824 441 3053 499 arbitrio
3096 443 3415 516 agebantur.
3448 445 3568 503 Heli
3595 462 3683 503 sa-

361 534 508 591 pson
538 521 795 577 exhiberi
828 521 1026 590 jubent
1052 538 1063 574 :
1092 522 1355 592 templum
1390 531 1601 589 autem,
1636 522 1689 576 in
1722 537 1830 591 quo
1854 538 1972 577 om-

362 612 455 668 nis
541 616 776 685 papulus
841 628 1145 684 omnesque
1215 613 1621 686 allophylurum
1689 616 1974 686 principes

363 708 760 779 epulabantur,
834 707 1049 762 duabus
1112 707 1405 763 subnixum
1469 710 1743 763 columnis
1820 707 1975 762 mirae

362 798 767 871 magnitudinis
813 808 957 855 erat.
1004 799 1315 854 Productus
1351 800 1645 870 Sampson,
1678 800 1825 854 inter
1873 814 1971 854 co-

365 894 582 949 lumnas
611 892 918 948 statuitur:
953 902 1069 949 tum
1106 892 1198 948 ille
1229 903 1480 963 tempore
1521 903 1766 964 arrepto,
1814 892 1972 947 invo-

362 997 484 1043 cato
539 989 693 1058 prius
741 988 1001 1057 Domino,
1051 989 1345 1045 columnas
1394 990 1646 1060 disjecit;
1702 990 1973 1059 turbaque

362 1081 542 1138 omnis
593 1083 753 1138 ruina
786 1083 984 1138 domus
1014 1083 1209 1139 obruta
1234 1100 1248 1150 ;
1276 1085 1398 1155 ipse
1420 1100 1544 1141 cum
1574 1085 1829 1141 hostibus
1861 1101 1969 1140 non

360 1178 568 1232 inultus
600 1176 889 1243 occubuit,
919 1192 1042 1233 cum
1073 1195 1142 1233 xx
1170 1180 1331 1233 annis
1362 1180 1604 1235 Hebraeis
1637 1180 1967 1250 praefuisset.

366 1272 506 1328 Huic
553 1271 891 1327 Simmicbar
939 1273 1227 1339 successit,
1275 1273 1344 1328 de
1391 1290 1501 1345 quo
1554 1274 1691 1328 nihil
1737 1273 1975 1344 amplius

366 1364 656 1437 Scriptura
695 1363 973 1435 prodidit:
1009 1380 1133 1419 nam
1170 1380 1355 1437 neque
1389 1365 1555 1421 ﬁnem
1592 1366 1813 1435 imperii
1852 1365 1974 1436 ejus

365 1458 574 1529 reperi,
620 1468 677 1513 et
716 1457 889 1515 fuisse
936 1460 1197 1531 populum
1227 1461 1350 1516 sine
1373 1460 1513 1516 duce
1548 1461 1806 1525 invenio;
1845 1460 1970 1516 ideo

366 1568 493 1608 cum
526 1552 800 1608 adversus
831 1552 1117 1623 Benjamin
1166 1554 1367 1609 tribum
1404 1554 1565 1609 civile
1606 1553 1813 1609 bellum
1846 1554 1969 1619 fuit,

366 1646 536 1702 Judas
586 1647 956 1718 temporarius
1013 1647 1120 1701 dux
1171 1647 1301 1702 belli
1352 1657 1671 1718 assumptus
1720 1659 1824 1704 est.
1863 1646 1972 1703 Sed

370 1740 645 1812 plerique,
691 1742 783 1811 qui
832 1742 900 1797 de
950 1742 1287 1813 temporibus
1334 1745 1700 1812 scripserunt,
1757 1758 1965 1809 annum

2076 532 2272 587 cerdos
2303 525 2423 588 erat
2454 553 2465 589 :
2498 534 2601 591 sub
2630 535 2735 593 hoc
2762 537 2983 593 Samuel
3012 549 3170 595 natus
3200 550 3304 596 est.
3338 541 3477 599 Huic
3528 552 3682 613 pater

2075 622 2301 691 Elcana,
2347 635 2522 682 mater
2562 629 2738 683 Anna.
2772 630 2897 686 Hmc
2926 632 3017 687 diu
3046 634 3287 701 sterilis,
3322 650 3445 690 cum
3478 651 3679 692 conce-

2074 725 2225 787 ptum
2253 733 2279 770 a
2309 718 2423 774 Deo
2452 729 2684 790 peteret,
2709 723 2925 779 vovisse
2956 725 3207 792 traditur,
3241 727 3286 781 si
3314 743 3448 796 puer
3480 743 3679 784 nasce-

2075 821 2245 878 retur,
2280 814 2605 868 sacrandum
2641 816 2895 871 Domino.
2918 817 2997 871 Ita
3026 822 3245 874 enixam
3278 836 3506 889 puerum
3560 822 3681 878 Heli

2074 905 2344 961 sacerdoti
2378 906 2623 963 tradidit.
2660 909 2803 975 Mox,
2855 924 2979 965 cum
3008 911 3365 979 adolevisset,
3415 914 3679 969 Dominus

2076 998 2140 1053 ad
2174 1015 2295 1054 eum
2330 1000 2543 1056 locutus
2574 1010 2678 1068 est,
2713 1002 2835 1057 Heli
2866 1004 3139 1058 sacerdoti
3172 1004 3305 1059 iram
3348 1006 3680 1062 denuntians

2076 1091 2147 1145 ob
2177 1093 2305 1147 vitia
2334 1092 2595 1162 ﬁliorum,
2628 1096 2718 1167 qui
2741 1097 3109 1152 sacerdotium
3135 1098 3309 1168 patris
3332 1100 3385 1154 in
3409 1110 3678 1169 qumstum

2076 1198 2376 1255 verterant,
2403 1206 2628 1246 munera
2656 1206 2686 1245 a
2708 1189 3145 1248 sacriﬁcantibus
3166 1193 3468 1263 exigentes,
3493 1209 3677 1264 qnam-

2076 1299 2236 1354 quam
2283 1283 2602 1353 plerumque
2647 1298 2742 1339 eos
2795 1294 2949 1354 pater
3000 1283 3313 1356 increpasse
3362 1285 3675 1341 referatur:

2077 1376 2171 1431 sed
2217 1375 2386 1431 levior
2431 1376 2741 1447 objurgatio
2792 1390 2901 1430 non
2958 1377 3301 1431 satisfecerat
3348 1377 3672 1449 disciplina.

2079 1468 2244 1539 Igitur
2297 1468 2591 1541 allophylis
2642 1470 2693 1524 in
2760 1469 3011 1525 Judznam
3068 1470 3407 1525 irruentibus
3463 1472 3676 1526 obviam

2078 1561 2233 1616 itum.
2288 1562 2393 1617 Sed
2443 1565 2575 1618 victi
2624 1563 2843 1619 Hebraei
2889 1575 3084 1636 parant
3126 1566 3299 1621 aciem
3344 1567 3673 1623 restituere:

2076 1669 2261 1709 arcam
2295 1655 2501 1710 Domini
2534 1672 2722 1712 secum
2758 1658 2811 1712 in
2866 1674 3097 1729 pugnam
3150 1659 3409 1726 efferunt,
3461 1670 3514 1715 et
3547 1675 3673 1715 cunt

2076 1764 2139 1804 ea
2173 1748 2266 1803 ﬁlii
2291 1750 2595 1805 sacerdotis
2624 1750 2896 1820 prodeunt
2930 1752 3089 1823 :qnia
3123 1753 3238 1823 ipse
3267 1755 3425 1807 annis
3461 1754 3677 1825 gravior

370 1850 531 1889 unum
564 1834 793 1902 imperia
834 1835 952 1905 ejus
994 1845 1395 1891 annotaverunt
1416 1855 1427 1889 :
1449 1837 1700 1908 plerique
1737 1837 1814 1891 ita
1846 1852 1970 1892 eum
2005 1837 2051 1897 B
2080 1840 2375 1895 luminibus
2396 1841 2649 1897 obductis
2672 1843 2990 1899 satisfacere
3010 1843 3191 1899 ofﬁcio
3221 1845 3676 1916 nequiverat.Sed

370 1930 783 2001 praeterierunt,
840 1940 897 1985 ut
951 1941 1075 2001 post
1125 1932 1396 2003 Sampson
1453 1932 1570 1988 Heli
1626 1932 1973 1988 sacerdotem

368 2022 784 2090 subjunxerint.
820 2022 929 2079 Nos
958 2040 1083 2079 eam
1116 2034 1330 2094 rem,ut
1372 2041 1573 2096 parum
1606 2036 1974 2096 compertam,

372 2116 427 2170 in
458 2116 646 2172 medio
672 2117 1070 2189 relinquemus.

447 2209 645 2266 XXIX.
687 2211 794 2266 Per
825 2212 939 2267 hzec
970 2221 1220 2282 tempora
1249 2214 1440 2281 civile,
1473 2222 1533 2268 ut
1565 2213 1829 2281 diximus,
1861 2213 1978 2269 bel-

378 2305 494 2361 lum
525 2317 807 2361 exarserat
846 2324 861 2362 :
895 2322 1061 2364 causa
1108 2319 1293 2365 autem
1344 2317 1527 2363 motus
1562 2308 1679 2363 haec
1710 2308 1833 2363 fuit.
1868 2308 1975 2364 Le-

372 2402 511 2456 vites
554 2401 773 2471 quidam
813 2417 935 2458 cum
984 2403 1291 2459 concubina
1338 2404 1444 2459 iter
1481 2402 1709 2470 faciens,
1743 2414 1978 2476 urgente

375 2504 531 2548 noete
553 2495 895 2563 compulsus,
932 2494 986 2550 in
1018 2494 1222 2566 Oppido
1250 2494 1452 2564 Gabaa,
1502 2496 1649 2567 quod
1679 2497 1748 2552 ab
1778 2496 1978 2566 Benja—

376 2587 524 2645 mitis
556 2589 926 2656 incolebatur,
950 2601 1285 2646 secesserat.
1318 2591 1455 2646 Cum
1486 2606 1610 2647 eum
1655 2606 1825 2647 senex
1856 2590 1975 2662 qui-

377 2682 502 2737 dam
531 2683 771 2753 hospitio
800 2683 1037 2754 benigne
1057 2685 1364 2755 recepisset
1389 2727 1404 2752 ,
1425 2685 1658 2755 juvenes
1686 2701 1752 2740 ex
1776 2684 1978 2756 oppido

380 2774 649 2846 hospitem
699 2778 1147 2843 circumsistunt,
1193 2788 1389 2848 stupro
1442 2794 1565 2834 eum
1598 2778 1841 2833 subdere
1887 2793 1981 2847 pa—

376 2882 584 2925 rantes.
615 2870 845 2925 Multum
872 2885 900 2923 a
931 2886 1065 2926 sene
1084 2872 1364 2942 increpiti,
1387 2886 1644 2941 aegreque
1668 2871 1976 2934 exhortati,

379 2962 585 3019 vicario
603 2962 822 3018 demum
846 2963 1170 3019 concubinae
1192 2965 1316 3033 ejus
1337 2979 1572 3035 corpore
1603 2964 1655 3018 in
1681 2963 1975 3018 ludibrium

381 3063 629 3126 accepto,
677 3055 906 3112 advena:
954 3063 1323 3127 pepercerunt
1376 3074 1388 3106 :
1439 3056 1763 3126 illusamque
1813 3063 1980 3110 nocte

380 3159 510 3219 tota,
557 3160 783 3221 postero
812 3151 901 3207 die
930 3152 1309 3208 reddiderunt.
1345 3152 1452 3209 Sed
1504 3153 1597 3207 illa
1629 3150 1843 3222 (stupri
1895 3152 1977 3205 in.

374 3244 533 3313 juria,
585 3261 653 3299 an
706 3243 1059 3310 verecundia,
1118 3233 1309 3312 parum
1363 3244 1616 3316 deﬁnio)
1671 3245 1794 3298 viso
1851 3237 2044 3297 viroC

377 3339 615 3394 animam
666 3338 893 3395 efflavit.
943 3338 1083 3394 Tum
1116 3338 1312 3394 Levita
1362 3340 1415 3394 in
1448 3339 1827 3394 testimonium
1867 3339 1974 3393 diri

376 3431 660 3499 facinoris,
690 3434 930 3488 membra
955 3432 1078 3503 ejus
1107 3434 1159 3487 in
1192 3432 1489 3489 duodecim
1524 3434 1755 3489 discissa
1787 3441 1975 3504 partes

380 3540 480 3595 per
525 3523 815 3579 duodecim
863 3525 1035 3582 tribus
1069 3526 1239 3592 misit,
1291 3542 1404 3598 quo
1436 3528 1748 3597 promptius
1779 3541 1977 3583 omnes

381 3620 514 3676 facti
547 3619 755 3676 invidia
777 3632 1149 3680 commoveret
1181 3642 1194 3679 :
1227 3625 1375 3696 quod
1406 3626 1498 3679 ubi
1540 3627 1798 3681 omnibus
1828 3641 1976 3680 com-

378 3722 623 3784 pertum,
658 3714 907 3771 undecim
936 3717 1166 3788 reliqua:
1192 3717 1369 3772 tribus
1396 3717 1663 3773 adversus
1688 3717 1977 3788 Benjatnin

377 3807 430 3863 in
459 3807 665 3863 bellum
696 3811 1032 3880 conspirant.
1062 3810 1202 3866 Huic
1231 3811 1374 3867 bello
1394 3810 1587 3877 Judas,
1620 3820 1677 3867 ut
1701 3812 1971 3877 diximus,

378 3901 488 3956 dux
515 3903 645 3956 fuit:
670 3903 769 3958 sed
793 3903 1010 3961 duobus
1040 3905 1251 3974 prmliis
1281 3904 1424 3960 male
1448 3914 1779 3975 pugnatum;
1812 3904 1977 3960 tertio

378 3996 601 4052 demum
631 3997 958 4068 Benjamita:
978 3998 1131 4065 victi,
1160 3999 1397 4070 caesique
1419 3998 1485 4053 ad
1519 3998 1972 4054 internecionem.

379 4090 459 4146 Ita
488 4106 784 4161 paucorum
832 4092 1016 4147 scelus
1056 4092 1281 4162 publico
1336 4092 1508 4147 exitio
1541 4092 1816 4161 punitum.
1847 4090 1976 4147 H330

378 4199 594 4255 quoque
623 4184 877 4241 Iudicum
903 4185 1184 4240 volumine
1214 4185 1589 4239 continentur.
1623 4184 1829 4254 Regum
1854 4184 1978 4238 libri

379 4286 703 4346 sequuntur.
757 4277 863 4332 Sed
911 4277 1045 4331 mihi
1097 4293 1370 4332 annorum
1406 4276 1655 4332 ordinem
1685 4286 1741 4330 et
1778 4276 1977 4331 seriem

383 4381 688 4442 temporum
743 4372 1121 4443 persequenti,
1169 4388 1361 4442 parum
1410 4371 1728 4425 continuata
1763 4370 1980 4426 videtur

382 4464 807 4528 historiaznam,
838 4481 960 4520 cum
996 4474 1121 4535 post
1151 4464 1422 4533 Sampson
1451 4462 1700 4517 Iudicem
1730 4462 1982 4531 Semigar

385 4560 569 4627 fuerit,
606 4561 880 4632 pauloque
913 4571 1038 4629 post
1069 4558 1300 4613 historia
1351 4557 1667 4627 consignet,
1721 4556 1980 4626 populum

384 4656 504 4710 sine
543 4656 817 4724 judicihus
848 4656 1059 4725 egisse;
1116 4652 1240 4708 Ileli
1286 4652 1455 4707 etiam
1512 4649 1774 4705 sacerdos
1821 4649 1979 4704 libris
2006 4638 2061 4697 D

388 4748 698 4820 Regnorum
749 4748 920 4804 fuisse
968 4746 1246 4803 referatur
1280 4763 1292 4799 :
1323 4745 1421 4800 sed
1476 4758 1623 4809 cum,
1675 4752 1805 4812 quot
1849 4743 1979 4797 anni

387 4846 525 4899 inter
569 4845 683 4900 Heli
732 4854 789 4899 et
814 4845 1082 4912 Sampson
1132 4840 1360 4907 fuerint,
1416 4838 1645 4892 minime
1693 4835 1980 4905 Scriptura

387 4937 730 5007 prodiderit:
762 4936 923 4991 video
954 4935 1122 4990 medii
1171 4932 1429 5004 quiddam
1473 4930 1646 4986 fuisse
1692 4928 1980 4999 temporis,

383 5031 529 5102 quod
556 5031 771 5086 laboret
798 5030 1072 5101 ambiguo.
1118 5026 1396 5083 Caeterum
1428 5042 1457 5079 a
1491 5026 1580 5082 die
1617 5026 1812 5080 martis
1852 5024 1982 5080 Iesu

387 5141 557 5196 usque
596 5126 650 5180 in
701 5126 754 5180 id
809 5134 1024 5195 tempus
1080 5138 1188 5193 quo
1233 5123 1501 5191 Sampson
1551 5119 1845 5175 defunctus
1872 5128 1978 5186 est,

389 5231 759 5276 numerantur
786 5221 912 5275 anni
943 5234 1074 5276 cccc
1102 5227 1158 5274 et
1185 5233 1277 5274 nx
1308 5232 1373 5271 :a
1397 5216 1583 5271 mundi
1606 5223 1787 5270 autem
1822 5229 1985 5269 exor-

388 5313 482 5369 dio
532 5312 663 5369 anni
712 5313 780 5371 iiTi
822 5328 917 5369 ccc
947 5324 1002 5368 et
1033 5327 1125 5379 ιιι,
1158 5324 1485 5381 quamquam
1543 5309 1611 5363 ab
1642 5307 1744 5362 bac
1776 5321 1987 5377 suppuo

392 5409 598 5464 latione
650 5416 842 5462 nostra
891 5415 1123 5461 caeteros
1173 5403 1503 5482 discordare
1546 5417 1652 5457 non
1706 5400 1985 5456 nesciam:

391 5502 488 5559 sed
522 5502 659 5557 mihi
686 5499 945 5557 conscius
978 5514 1122 5563 sum,
1158 5514 1246 5553 me
1286 5513 1393 5552 non
1428 5496 1705 5551 incuriose
1727 5494 1989 5549 latentem

396 5612 659 5650 annorum
709 5594 961 5650 ordinem
1004 5592 1330 5663 protulisse,
1375 5590 1549 5644 donec
1606 5589 1658 5643 in
1711 5588 1826 5667 hzec
1856 5598 1991 5643 tem-

397 5704 535 5761 pora
564 5689 750 5757 incidi,
805 5688 875 5745 de
899 5688 1098 5759 quibus
1127 5678 1381 5742 dubitare
1439 5698 1526 5739 me
1584 5683 1780 5739 fateor.
1834 5683 1989 5739 Nunc

395 5782 601 5854 reliqua
629 5797 918 5853 exsequar.

465 5864 636 5931 XXX.
680 5872 869 5939 Igitur.
913 5882 972 5927 ut
997 5886 1163 5931 stmra
1187 5874 1371 5929 retuli.
1402 5868 1619 5927 Ilehrtei
1651 5870 1769 5925 sine
1811 5868 1991 5935 judirc

2078 1933 2170 1988 ubi
2197 1949 2325 1989 arca
2357 1934 2408 1989 in
2438 1946 2789 2005 conspectum
2816 1936 3053 1991 hostium
3079 1937 3309 1993 deducta
3343 1949 3450 2006 est,
3478 1940 3681 2010 majes-

2080 2037 2189 2084 tate
2220 2028 2451 2100 quadam
2485 2031 2776 2101 praesentis
2806 2031 3023 2086 Domini
3056 2034 3252 2098 territi,
3289 2033 3472 2104 fugam
3522 2049 3681 2105 para-

2079 2123 2659 2193 bantzassumptaque
2702 2138 2918 2178 rursum
2952 2126 3287 2193 constantia,
3315 2134 3371 2181 et
3408 2141 3516 2181 non
3558 2126 3678 2182 sine

2079 2216 2309 2271 Domino
2358 2217 2578 2272 mutatis
2611 2217 2828 2283 animis,
2879 2218 3011 2273 totis
3060 2216 3269 2271 viribus
3316 2230 3675 2274 concurrunt.

2080 2311 2220 2368 Victi
2253 2312 2466 2368 Ilehrmi
2494 2330 2504 2365 :
2532 2327 2656 2367 arca
2684 2312 2933 2382 capitur:
2961 2311 3056 2366 ﬁlii
3104 2312 3411 2368 sacerdotis
3456 2314 3675 2369 cadunt.

2080 2404 2201 2461 Heli
2229 2405 2411 2461 delato
2439 2404 2506 2460 ad
2538 2420 2598 2460 se
2631 2405 2759 2459 mali
2783 2405 2976 2458 nuntio
3004 2412 3411 2471 consternatus,
3439 2404 3679 2459 animam

2082 2499 2402 2569 exspiravit,
2452 2513 2575 2553 cum
2608 2512 2706 2568 per
2736 2511 2910 2553 annos
2966 2513 3037 2552 xx
3086 2496 3457 2553 sacerdotium
3503 2496 3681 2552 admi—

2084 2590 2389 2647 nistrasset.

2155 2683 2349 2740 XXXI.
2397 2685 2645 2742 Victores
2672 2686 2914 2742 secundo
2946 2686 3134 2757 praelia
3166 2686 3447 2758 allophyli,
3492 2700 3677 2742 arcam

2085 2778 2179 2839 Dei
2230 2797 2351 2854 qua:
2406 2782 2460 2837 in
2507 2790 2835 2852 potestatem
2892 2792 3119 2837 venerat
3191 2797 3406 2849 eorum,
3477 2782 3681 2853 oppido

2082 2879 2262 2935 Azmo
2307 2878 2358 2933 in
2409 2879 2671 2949 templum
2719 2877 2904 2947 Dagon
2941 2878 3269 2933 intulerunt.
3317 2876 3425 2932 Sed
3457 2879 3679 2933 simula—

2084 2986 2240 3027 crum
2270 2971 2506 3026 daemoni
2536 2970 2804 3038 dicatum,
2837 2969 2930 3023 ubi
2963 2983 3089 3023 arca
3118 2970 3267 3024 illata
3298 2978 3402 3037 est,
3430 2970 3680 3026 corruit:

2084 3081 2319 3137 cumque
2345 3064 2547 3120 idolum
2598 3065 2721 3119 loco
2780 3063 3180 3131 restituisseut,
3225 3072 3389 3120 nocte
3440 3065 3686 3121 insecuta

2085 3160 2421 3230 discerptum
2470 3165 2575 3214 est.
2617 3157 2749 3213 Inde
2792 3172 2973 3212 mures
3001 3172 3096 3227 per
3142 3172 3358 3213 omnem
3399 3160 3685 3230 regionem

2080 3254 2282 3321 exorti,
2316 3252 2491 3307 noxiis
2524 3250 2803 3307 morsibus
2830 3256 2997 3305 multa
3027 3250 3313 3307 hominum
3338 3252 3509 3307 millia
3529 3251 3682 3309 letho

2079 3347 2307 3403 dabant.
2336 3346 2456 3414 Quo
2488 3346 2635 3399 malo
2662 3344 2933 3415 compulsi
2966 3344 3169 3410 Azotii,
3202 3345 3270 3400 ad
3296 3345 3683 3401 declinandam

2079 3442 2480 3503 calamitatem,
2504 3454 2692 3494 arcam
2725 3438 2823 3494 Dei
2857 3437 2924 3493 ad
2954 3437 3213 3493 Gethteos
3244 3439 3677 3504 transtulerunt;

2078 3536 2174 3607 qni
2199 3550 2321 3589 cum
2350 3532 2518 3587 simili
2550 3531 2706 3587 clade
2736 3531 3111 3598 afficerentur,
3148 3532 3199 3585 in
3224 3531 3486 3602 Oppidum
3513 3530 3684 3586 Asca-

2082 3626 2402 3681 Iouensium
2435 3639 2622 3679 arcam
2677 3632 3129 3679 transvexerunt.
3167 3622 3264 3677 His
3313 3638 3480 3689 vero,
3512 3624 3683 3678 advo-

2080 3719 2218 3774 catis
2290 3716 2470 3787 gentis
2537 3714 2655 3785 ejus
2732 3713 3092 3783 primoribus,
3168 3714 3467 3769 consilium
3553 3714 3680 3782 fuit,

2080 3828 2262 3869 arcam
2299 3809 2515 3866 Domini
2564 3808 2819 3863 Hebraeis
2867 3808 3153 3873 reddere;
3184 3808 3257 3861 ita
3283 3823 3351 3862 ex
3403 3807 3681 3863 sententia

2081 3906 2394 3977 principum
2445 3916 2824 3973 augttrumque
2872 3909 2929 3955 et.
2975 3899 3346 3966 sacerdotum,
3422 3899 3680 3971 imposita

2082 3997 2334 4054 vehiculo
2381 3996 2569 4050 multis
2611 4009 2736 4048 cum
2786 3992 3113 4048 muneribus
3161 3993 3481 4047 remittitur.
3543 3992 3686 4048 Illud

2083 4090 2357 4156 mirabile,
2384 4088 2535 4161 quod
2564 4103 2688 4143 cum
2722 4087 2879 4142 oneri
2926 4086 3095 4142 boves
3122 4085 3360 4141 feminas
3406 4086 3683 4157 subjecis-

2081 4195 2228 4251 sent,
2263 4184 2578 4254 vitulosque
2601 4197 2789 4237 earum
2817 4181 2966 4236 domi
2991 4180 3377 4246 retinuissent,
3404 4179 3508 4237 iter
3530 4181 3682 4236 nullo

2082 4280 2222 4336 duce
2250 4281 2303 4335 in
2329 4277 2573 4334 Judtcam
2604 4275 2839 4347 pecudes
2863 4275 3211 4339 direxerunt,
3243 4290 3352 4328 non
3384 4281 3683 4329 revocante

2084 4376 2279 4433 affectu
2314 4376 2455 4431 fetus
2487 4373 2663 4428 relicti
2698 4390 2711 4426 :
2741 4372 2899 4442 cujus
2930 4371 3009 4426 rei
3034 4368 3298 4425 miraculo
3330 4369 3505 4440 reguli
3537 4368 3675 4424 allo-

2082 4471 2378 4542 phylorum
2413 4484 2586 4539 usque
2616 4468 2668 4522 in
2702 4468 2837 4522 lines
2866 4465 3221 4521 Hebrzrorum
3249 4480 3434 4520 arcam
3478 4464 3681 4529 secuti,

2085 4564 2406 4634 religiosum
2460 4560 2701 4615 ofﬁcium
2775 4559 3173 4628 praestiterunt.
3233 4556 3409 4613 Judaei
3469 4566 3681 4622 autem,

2087 4657 2176 4712 ubi
2231 4654 2425 4711 referri
2474 4668 2656 4708 arcam
2714 4651 2993 4716 viderunt,
3050 4650 3307 4705 certatim
3360 4664 3425 4704 ex
3473 4647 3679 4718 oppido

2087 4747 2394 4804 Betbsamis
2440 4761 2565 4801 cum
2611 4744 2812 4815 gaudio
2861 4742 3080 4797 obviam
3135 4757 3318 4807 ruere,
3390 4740 3680 4806 festinare,

2086 4841 2389 4904 exsultare,
2412 4848 2601 4910 grates
2626 4838 2860 4892 Domino
2884 4835 3112 4892 referre.
3141 4835 3266 4890 Ilon
3294 4833 3525 4898 Levita),
3549 4846 3690 4904 quo-

2089 4952 2208 4991 rum
2242 4934 2344 4989 hoc
2375 4934 2649 5004 negotium
2677 4941 2815 4997 erat,
2847 4930 3174 4987 sacrificium
3224 4929 3338 4984 Deo
3378 4928 3687 4995 celebrant,

2088 5028 2391 5099 bovesque
2420 5041 2514 5082 eas
2552 5041 2677 5097 quae
2723 5040 2905 5079 arcam
2956 5023 3328 5090 adduxerant,
3374 5022 3688 5078 immolant.

2092 5123 2201 5180 Sed
2234 5124 2287 5178 in
2317 5122 2521 5193 oppido
2549 5120 2695 5192 quod
2727 5134 2890 5191 supra
2916 5119 3181 5184 diximus,
3214 5118 3389 5174 teneri
3416 5133 3543 5175 arca
3579 5134 3692 5175 non

2095 5218 2319 5287 potuit:
2356 5216 2543 5287 itaque
2570 5214 2773 5286 passim
2832 5213 2929 5269 Dei
2962 5222 3101 5268 nutu
3154 5227 3253 5283 per
3293 5221 3462 5268 totam
3498 5213 3693 5269 urbem

2097 5310 2368 5365 saevitum.
2418 5308 2562 5365 Area
2598 5308 2653 5363 in
2694 5305 3076 5362 Cariathiaritn
3121 5305 3384 5377 Oppidum
3431 5306 3694 5361 translata

2104 5413 2211 5471 est,
2244 5402 2429 5472 ibique
2458 5417 2559 5473 per
2579 5400 2775 5471 viginti
2804 5413 2982 5455 annos
3000 5398 3119 5453 fttit.

2184 5493 2403 5551 XXXII.
2448 5493 2526 5549 Ea
2558 5501 2887 5564 tempestate
2914 5491 3136 5547 Samuel
3170 5488 3427 5546 sacerdos
3455 5486 3702 5543 Hebrzcis

2106 5598 2374 5658 praeerat;
2430 5587 2631 5659 quietis
2678 5602 2706 5641 a
2752 5586 2897 5642 bello
2919 5585 3083 5641 rebus
3110 5583 3342 5656 populus
3370 5583 3426 5636 in
3458 5578 3572 5633 otio
3601 5579 3701 5636 de-

2101 5682 2266 5753 gebat
2293 5698 2307 5747 ;
2340 5696 2441 5751 pax
2463 5680 2664 5736 deinde
2693 5678 3097 5750 aIIOphylorum
3128 5675 3432 5744 irruptione
3455 5672 3695 5729 turbata.

2102 5773 2529 5845 Trepidantibus
2558 5774 2768 5829 cunctis
2790 5772 2858 5827 ob
2895 5769 3302 5842 conscientiam,
3331 5769 3568 5838 peccati,
3597 5768 3697 5831 Sae

2112 5867 2281 5931 muel,
2318 5880 2457 5921 exesa
2506 5865 2659 5932 prius
2709 5865 2909 5918 hostia.
2954 5856 3185 5915 Domino
3244 5859 3414 5915 fretus
3467 5873 3594 5920 suos
3644 5862 3696 5915 fit
