4200 6180
488 353 596 418 145

1849 338 2139 412 sumen
2173 341 2433 410 ‘Ssvsttt

3693 349 3799 410 116

489 477 739 548 prndium
787 475 1010 542 eduxit;
1047 476 1332 546 primoque
1377 472 1586 542 impetu
1621 469 1757 528 fusis
1797 469 2082 538 hostibus,
2116 491 2162 548 Α
2196 470 2284 524 ubi
2319 471 2428 540 regi
2459 485 2523 524 ex
2564 459 2776 524 Domini
2806 469 2882 524 ira
2909 477 3249 540 compertum
3281 479 3382 534 est,
3425 477 3661 525 mortem
3713 471 3794 524 af-

493 569 719 624 victoria
746 585 912 640 penes
944 563 1202 623 Hebraeos
1232 566 1406 622 stetit.
1436 563 1547 620 Sed
1591 565 1773 620 hostili
1810 572 1957 618 metu
2000 579 2089 618 re-

491 673 662 727 moto,
689 663 944 718 secundis
975 659 1398 731 tranquillisque
1426 659 1611 725 rebus,
1643 657 1917 725 corruptis
1949 671 2084 710 con-

488 755 626 810 siliis
670 755 855 824 (more
903 754 1072 825 vulgi,
1119 753 1206 806 cui
1240 753 1535 826 praesentia
1579 745 1820 819 fastidio,
1868 753 2082 805 insueta

493 845 766 902 desiderio
793 859 912 900 sunt
939 847 958 918 )
990 845 1200 917 regium
1231 860 1459 907 nomen,
1497 845 1714 900 cunctis
1739 847 1856 899 fere
1897 842 2088 897 liberis

491 939 743 1008 gentibus
773 954 992 1009 semper
1021 939 1283 1004 invisum,
1314 939 1546 1010 populus
1578 937 1948 1002 desiderabat,
1981 937 2089 1007 pla.

490 1045 670 1100 neque
699 1045 806 1083 non
839 1031 958 1084 sine
983 1031 1236 1101 exemplo
1266 1031 1524 1084 amentia:
1554 1030 1892 1100 pr;eoptabat
1920 1028 2090 1083 liber-

491 1133 660 1178 tatem
684 1121 909 1176 servitio
941 1132 1176 1178 mutare.
1208 1122 1377 1194 igitur
1421 1122 1744 1190 frequentes
1774 1119 2086 1176 Satnnclem

490 1216 938 1282 circumsistunt,
970 1225 1048 1278 ut,
1078 1217 1201 1286 quia
1237 1217 1348 1288 jam
1395 1217 1510 1287 ipse
1557 1218 1855 1282 senuisset,
1905 1229 2087 1286 regem

495 1309 571 1362 eis
597 1309 982 1364 constitueret.
1012 1308 1196 1365 Atille
1225 1307 1460 1382 placide,
1481 1305 1686 1364 salubri
1716 1311 1988 1377 oratione,
2020 1309 2088 1363 ab

490 1400 680 1453 insana
700 1401 981 1455 voluntate
1005 1401 1340 1471 detorquere
1368 1399 1586 1472 plebem
1615 1399 2087 1455 :domiuationem

488 1495 699 1565 regiam
747 1503 804 1550 et
846 1495 1078 1564 superba
1131 1495 1356 1564 imperia
1413 1509 1737 1564 exponere:
1775 1493 2088 1549 libertatem

491 1586 776 1651 extollere,
813 1585 1133 1641 servitutem
1191 1586 1451 1641 detestari
1484 1605 1495 1641 :
1525 1595 1804 1656 postremo
1847 1586 2087 1640 divinam

491 1679 573 1735 eis
605 1679 736 1734 iram
769 1681 1120 1744 denuntiare,
1159 1679 1429 1750 siquidem
1472 1680 1723 1735 homines
1757 1687 1936 1735 mente
1966 1693 2091 1734 cor-

491 1773 663 1843 rupti,
693 1773 865 1826 Deum
901 1788 1082 1844 regem
1109 1771 1398 1839 habentes,
1422 1785 1605 1843 regem
1633 1772 1734 1826 sibi
1767 1787 1833 1826 ex
1857 1771 2091 1826 homini-

2200 564 2286 619 iici
2317 563 2480 618 lilium
2507 563 2672 634 jussit
2704 581 2716 616 :
2745 565 2838 619 sed
2872 563 3055 634 pepuli
3086 564 3288 618 auxilio
3318 561 3386 619 ab
3417 563 3586 620 exitio
3610 565 3794 620 vindi-

2196 668 2349 713 catus
2392 667 2492 712 est.
2524 657 2600 712 Ea
2632 666 2952 726 tempestate
3004 657 3221 713 Samuel
3267 673 3295 711 a
3323 657 3558 714 Domino
3617 658 3795 713 moni-

2197 757 2304 812 ius,
2341 765 2521 821 regem
2549 749 2701 814 adiit,
2730 750 2912 804 verbis
2946 749 3158 804 Domini
3195 749 3476 817 nuntians,
3536 751 3611 806 uti
3649 751 3796 822 genti

2197 840 2443 905 Amalec,
2479 858 2600 913 quae
2642 842 2773 896 olim
2811 841 3069 896 llcbiaeos
3117 857 3185 897 ex
3232 841 3467 914 [Egypto
3511 844 3800 898 venientes

2199 935 2432 988 transitu
2463 933 2842 1005 prohibuerat,
2873 933 3072 988 bellum
3110 929 3326 989 inferret
3353 949 3368 999 ;
3396 933 3580 989 addito
3630 935 3800 989 inter-

2197 1027 2365 1091 dicto,
2403 1025 2621 1096 nequid
2653 1041 2717 1080 ex
2748 1025 2941 1096 spoliis
2977 1025 3317 1080 devictorum
3358 1026 3793 1097 concupisceret.

2199 1119 2274 1174 lta
2319 1119 2373 1173 in
2419 1123 2553 1175 lines
2582 1119 2820 1174 hostium
2852 1117 3050 1174 ductus
3092 1121 3392 1183 exercitus,
3431 1134 3526 1172 rcx
3577 1125 3795 1189 captus,

2195 1230 2329 1286 gens
2356 1215 2598 1270 subacta.
2631 1214 2764 1270 Saul
2800 1214 2972 1268 victus
3002 1213 3198 1283 prasdrc
3230 1212 3626 1282 magnitudine,
3653 1225 3800 1282 prze-

2196 1310 2336 1380 cepti
2386 1307 2550 1364 divini
2585 1309 2896 1372 innnemor,
2929 1317 3084 1376 capta
3117 1305 3325 1361 servari
3366 1313 3417 1359 et
3471 1303 3597 1359 ferri
3621 1303 3796 1374 jubet.

2195 1403 2316 1470 Quo
2345 1403 2487 1457 facto
2510 1401 2750 1456 oli'ensus
2780 1399 3067 1463 Dominus,
3101 1397 3415 1453 Sam‘uelem
3455 1393 3753 1467 alloquitur
3781 1415 3794 1452 :

2198 1497 2472 1552 Poenitere
2503 1510 2582 1561 se,
2612 1491 2753 1564 quod
2783 1491 2906 1548 Saul
2941 1507 3123 1563 regem
3149 1489 3519 1545 constituerit.

2271 1581 2510 1643 XXXIV.
2545 1587 2755 1641 Dictutu
2785 1585 3042 1640 sacerdos
3072 1586 3186 1654 regi
3221 1583 3411 1639 refert.
3443 1571 3566 1638 Mox
3614 1595 3640 1635 a
3690 1581 3801 1636 Do-

2197 1673 2346 1737 mino
2369 1685 2626 1746 monitus,
2656 1680 2820 1734 David
2853 1679 3020 1750 regali
3067 1687 3342 1749 unguento
3373 1678 3586 1748 perlinit
3609 1719 3625 1744 ,
3681 1689 3804 1747 par-

2195 1793 2321 1830 vum
2375 1777 2671 1830 etiat'nnum
2701 1790 2958 1846 puerum,
3000 1771 3100 1827 sub
3141 1783 3292 1842 patre
3315 1783 3592 1842 agentem,
3619 1781 3802 1840 pasto.

491 1865 594 1918 bus
641 1863 964 1933 lingilarcnl.
1019 1863 1114 1918 His
1163 1875 1327 1934 atque
1371 1864 1493 1917 aliis
1529 1862 1839 1916 istiusmodi
1891 1863 2088 1916 frustra
2122 1876 2169 1936 Β
2196 1886 2308 1924 rem
2328 1867 2531 1932 ovium,
2555 1874 2832 1922 assuetum
2851 1866 3051 1934 sacpius
3073 1863 3281 1920 cithara
3308 1865 3637 1919 caneremb
3657 1862 3802 1933 quod

489 1955 674 2020 dictis,
708 1965 830 2009 cum
862 1957 1093 2024 populus
1126 1956 1181 2009 in
1213 1955 1485 2008 sententia
1515 1962 1925 2024 perseveraret,
1979 1953 2093 2006 Do-

490 2049 701 2103 minum
750 2050 982 2103 Consulit
1021 2067 1035 2104 :
1079 2050 1170 2117 qui
1220 2059 1506 2118 pertnotus
1576 2045 1828 2103 vecordia
1885 2047 2093 2102 insantc

490 2141 694 2210 gentis,
749 2137 884 2195 nihil
950 2139 1242 2195 adversum
1292 2151 1351 2195 se
1401 2139 1712 2210 petentibus
1781 2138 2089 2209 negandum

495 2233 802 2303 respondit.

568 2317 805 2383 XXXIII.
849 2325 1016 2398 lgit'ur
1047 2319 1198 2394 Saul,
1233 2325 1560 2381 sacerdotali
1597 2325 1745 2396 prius
1774 2339 1800 2378 a
1834 2324 2094 2381 Samnele

495 2431 774 2491 unguento
807 2422 1077 2492 perfusus,
1111 2438 1202 2476 rex
1231 2424 1564 2477 constitutus
1590 2430 1694 2476 est.
1721 2419 1822 2476 llic
1845 2435 1910 2476 cx
1943 2419 2094 2476 tribu

495 2511 806 2583 Benjamin,
835 2511 927 2569 Cis
961 2524 1110 2584 patre
1139 2524 1316 2581 ortus,
1364 2514 1646 2569 modestus
1674 2513 1866 2579 animi,
1915 2512 2090 2568 forma

495 2608 784 2663 excellenti
812 2619 962 2670 erat;
990 2615 1048 2660 ut
1076 2608 1272 2662 merito
1295 2609 1540 2678 dignitas
1568 2609 1818 2680 corporis
1837 2607 2091 2680 dignitati

496 2698 660 2768 regite
713 2699 1050 2754 conveniret.
1108 2693 1215 2755 Sed
1267 2699 1534 2770 principio
1589 2702 1739 2770 regni
1793 2698 1956 2771 hujus
1994 2701 2094 2756 ali-

427 2813 430 2816 ~
494 2803 691 2863 quanta
725 2795 793 2849 ab
823 2807 890 2848 eo
921 2809 1046 2864 pars
1080 2794 1259 2865 populi
1288 2794 1618 2858 desciverat,
1643 2805 1837 2865 parere
1861 2795 2094 2865 imperio

496 2889 769 2952 abnuens,
793 2902 960 2958 seque
993 2887 1320 2942 Ammonitis
1342 2887 1732 2957 conjunxcrat.
1763 2886 1964 2942 Verum
1993 2889 2094 2939 hos

499 2978 626 3033 Saul
682 2979 912 3048 impigre
961 2977 1112 3033 ultus
1166 2989 1294 3033 est:
1338 2980 1575 3048 victique
1607 2977 1818 3045 hostes,
1859 2988 1912 3032 et
1940 2979 2095 3033 venia

499 3071 744 3127 llehrazis
774 3074 928 3134 data;
960 3082 1071 3125 tum
1106 3072 1234 3126 Saul
1268 3075 1464 3126 itcralo
1518 3085 1545 3123 a
1592 3070 1846 3124 Samucle
1893 3080 2096 3124 unctus

497 3165 753 3217 traditur.
783 3161 914 3216 inde
938 3164 1344 3233 allophylorum
1377 3161 1683 3232 irruptione
1707 3173 1861 3216 atrox
1889 3162 2092 3216 bellum

2200 1973 2384 2032 postea
2408 1977 2435 2015 a
2464 1960 2632 2016 Saule
2661 1969 2992 2029 assumptus.
3020 1961 3163 2012 inter
3187 1959 3471 2012 ministros
3502 1956 3684 2027 regios
3715 1957 3805 2011 ha-

2198 2053 2445 2109 bebatur.
2488 2051 2603 2120 Qua
2634 2061 2960 2122 tempestate
3009 2049 3299 2121 allophylis
3345 2059 3508 2121 atque
3561 2047 3807 2104 llebrasis

2194 2146 2341 2201 bello
2369 2145 2756 2216 ﬂagrantibus,
2804 2160 2927 2200 cum
2973 2161 3038 2199 ex
3071 2145 3301 2199 adverso
3343 2143 3490 2199 acies
3521 2143 3802 2198 constitis-

2197 2247 2340 2303 sent,
2368 2229 2586 2296 Goliath
2610 2239 2828 2310 quidam
2861 2254 2928 2294 ex
2958 2237 3274 2310 allophylis,
3301 2238 3385 2293 vir
3413 2240 3567 2294 tnirze
3593 2239 3803 2309 magni-

2199 2332 2402 2388 tudinis
2445 2342 2502 2389 et
2553 2331 2798 2398 roboris,
2831 2345 3053 2386 suorum
3090 2331 3313 2386 ordines
3348 2338 3801 2402 praetergressus,

2197 2423 2470 2481 ferocibus
2502 2424 2682 2480 verbis
2715 2425 2913 2492 probra
2943 2426 2997 2478 in
3020 2423 3207 2478 hostes
3230 2423 3441 2493 jaciens
3473 2423 3802 2494 singularem

2199 2534 2430 2590 pugnam
2480 2518 2678 2574 ciebat.
2726 2518 2864 2573 Tum
2915 2533 3010 2572 rex
3066 2533 3258 2588 magna
3306 2519 3531 2588 prmmia
3577 2529 3632 2574 et
3674 2517 3803 2573 lilia:

2200 2613 2417 2682 nuptias
2445 2609 2733 2680 deSpoudit
2755 2653 2770 2680 ,
2803 2611 2849 2664 si
2881 2611 3001 2679 quis
3030 2613 3379 2680 provocantis
3421 2611 3591 2680 spolia
3647 2619 3800 2667 retu-

2198 2704 2354 2758 lisset
2385 2723 2396 2757 :
2428 2703 2522 2758 sed
2552 2717 2709 2757 nemo
2745 2719 2808 2756 ex
2844 2713 2995 2756 tanto
3031 2703 3243 2773 agmine
3291 2701 3514 2773 aggredi
3542 2702 3795 2758 audebat.

2199 2795 2368 2865 Igitur
2395 2793 2564 2850 David
2595 2796 2896 2850 etiamnum
2933 2810 3088 2863 puer,
3121 2805 3315 2863 pugna!
3343 2808 3404 2848 se
3439 2793 3631 2846 obtulit
3664 2809 3678 2847 :
3709 2810 3798 2849 rc-

2195 2890 2462 2960 jectisquc
2509 2889 2698 2955 armis,
2747 2890 2944 2958 quibus
2994 2887 3205 2942 infirma
3253 2895 3388 2941 :ctas
3441 2888 3795 2955 graVabatur,

2198 2979 2348 3052 virga
2380 2991 2587 3034 tantum
2621 2989 2669 3033 et
2713 2983 2951 3048 quinque
2991 2979 3265 3048 lapidibus
3299 2981 3553 3046 sumptis,
3575 2979 3629 3033 in
3660 2991 3800 3048 prm-

2202 3074 2330 3127 lium
2372 3073 2677 3140 processit:
2709 3073 2991 3141 primoque
3037 3073 3166 3132 ictu,
3199 3073 3366 3124 misso
3406 3070 3569 3124 funda
3597 3068 3796 3140 lapide,

2199 3165 2535 3238 allophylum
2584 3165 2815 3236 perculit
2848 3183 2860 3216 :
2894 3175 3056 3234 caput
3084 3165 3207 3219 victi
3241 3175 3295 3220 et
3324 3167 3498 3234 Spolia
3531 3165 3752 3220 abstulit
3783 3185 3795 3220 :

501 3264 774 3307 exortum.
807 3255 1010 3309 Locum
1035 3256 1296 3309 exercitui
1327 3257 1392 3307 ad
1422 3254 1862 3308 convenientium
1891 3255 2019 3309 Saul
2040 3257 2091 3307 iit
2122 3265 2168 3328 ρ
2199 3261 2435 3330 gladium
2468 3269 2649 3328 postea
2680 3258 2733 3313 in
2764 3258 3027 3329 templum
3059 3257 3277 3328 posuit;
3306 3257 3565 3331 allopbyli
3614 3269 3798 3314 autem

500 3347 740 3417 Calgalis
771 3349 1132 3401 constituerat
1169 3364 1182 3402 :
1215 3355 1274 3400 et
1312 3357 1435 3400 cum
1469 3359 1564 3414 per
1606 3355 1815 3413 septem
1842 3348 1966 3400 dies
1997 3347 2098 3402 Sa-

498 3438 732 3492 ntneletu
755 3441 1036 3509 opperitus
1050 3449 1218 3503 esset,
1241 3447 1297 3493 ut
1319 3435 1644 3493 sacriliciuut
1671 3440 1896 3493 Domino
1920 3441 2092 3506 ﬂeret;

502 3531 753 3584 tardante
781 3530 900 3596 illo,
931 3539 1055 3584 tutu
1085 3531 1322 3600 populus
1344 3527 1710 3595 dilaberetur,
1735 3531 1922 3586 illicita
1957 3543 2092 3600 prmo

498 3631 809 3691 sumpttotte
863 3637 954 3676 rex
1009 3625 1076 3676 ad
1127 3625 1301 3678 vicerit
1358 3623 1663 3677 sacerdotis
1715 3623 2092 3677 holocaustum

499 3711 716 3771 obtulit.
742 3715 1081 3785 multumque
1097 3730 1128 3769 a
1146 3715 1403 3771 Saniitele
1426 3716 1742 3786 increpitus,
1771 3727 1890 3771 sera
1908 3730 2100 3785 pecca-

499 3824 610 3864 ltttn
644 3813 967 3882 ptBuiteutia
1017 3808 1308 3865 nitebatur.
1359 3810 1530 3880 Igitur
1580 3823 1643 3864 ex
1679 3817 1906 3880 peccato
1953 3811 2097 3878 regis

501 3917 680 3960 metus
719 3907 936 3961 omnem
989 3906 1290 3961 exercitum
1345 3907 1664 3976 pervaserat
1693 3923 1705 3958 :
1733 3915 1914 3960 castra
1959 3904 2093 3958 bos-

500 3998 636 4053 tium
684 4001 824 4052 haud
871 4001 1036 4068 longe
1080 4001 1183 4052 sita
1237 4013 1478 4068 przesens
1511 3999 1814 4067 periculum
1843 3997 2097 4052 ostende-

499 4091 670 4145 bant:
696 4104 874 4161 neque
901 4091 1155 4161 cuiquam
1189 4091 1423 4146 exeundi
1469 4091 1524 4146 in
1556 4092 1804 4162 praelium
1849 4092 2095 4144 animus:

506 4183 687 4254 plures
713 4184 970 4255 lacrgmas
993 4183 1051 4240 ei
1077 4185 1319 4239 latebras
1353 4185 1692 4254 petiverant;
1723 4199 1850 4237 nam
1899 4192 2102 4252 praeter

500 4273 925 4334 imbecillitatem
969 4276 1302 4342 animorum,
1355 4279 1449 4349 qui
1482 4279 1717 4333 alienum
1757 4283 1875 4332 asc
1917 4275 2097 4330 Domi-

503 4387 631 4428 num
675 4371 874 4428 delicto
905 4373 1052 4443 regis
1089 4372 1524 4438 arbitrabantur,
1555 4372 1610 4426 in
1661 4371 1895 4426 maxima
1925 4369 2101 4424 ferra-

504 4476 818 4522 mentorum
882 4465 1065 4536 inopia
1109 4457 1391 4520 exercitus
1438 4475 1588 4531 erat;
1623 4466 1766 4520 adeo
1819 4473 1876 4519 ut
1901 4473 2102 4535 praeter

502 4559 630 4614 Saul
661 4569 711 4612 et
731 4557 1006 4613 Jonathan
1032 4557 1204 4612 illium
1239 4559 1378 4628 ejus,
1403 4574 1564 4613 nemo
1586 4557 1825 4626 gladium
1855 4567 1951 4612 aut
1982 4558 2102 4612 lan-

2197 3367 2389 3409 omnes
2414 3353 2465 3408 in
2501 3353 2679 3424 fugam
2709 3357 2883 3419 versi,
2931 3353 3213 3408 victoriam
3251 3369 3600 3410 concessere.
3629 3353 3738 3410 Sed
3764 3367 3800 3410 e

2199 3443 2393 3520 praelio
2424 3450 2682 3509 reversis.
2733 3445 2934 3501 multus
2963 3446 3106 3501 circa
3143 3445 3314 3501 David
3341 3448 3497 3502 lavor
3539 3447 3802 3503 invidiam

2197 3541 2342 3611 regis
2367 3540 2693 3594 accendt-rat
2715 3558 2725 3592 :
2751 3540 2953 3593 timens
2977 3550 3159 3594 autem
3187 3540 3299 3593 iam
3329 3555 3513 3594 carum
3545 3541 3805 3596 omnibus

2197 3645 2318 3686 Clllll
2349 3631 2552 3685 invidia
2579 3638 2637 3684 et
2680 3629 2920 3700 pernicie
2949 3644 3172 3693 necare,
3216 3631 3319 3682 sub
3363 3630 3546 3698 specie
3575 3633 3806 3689 honoris

2198 3725 2475 3791 objectare
2497 3737 2621 3778 eum
2648 3723 2901 3793 periculis
2929 3724 3136 3775 statuit.
3163 3721 3240 3774 Ae
3267 3723 3499 3790 primum
3517 3723 3802 3778 tribunum

2198 3831 2321 3872 eum
2353 3816 2577 3882 fecerat,
2625 3825 2683 3869 ut
2717 3829 2829 3868 rem
2858 3813 3110 3868 bellicam
3140 3820 3397 3877 curaret;
3422 3811 3572 3878 inde,
3597 3827 3725 3868 cum
3748 3819 3800 3870 ei

2199 3909 2362 3962 ﬁliam
2396 3906 2808 3977 spopondisset,
2837 3905 2996 3958 iidem
3028 3903 3222 3973 fregit,
3253 3905 3667 3974 eamqueaiteri
3697 3915 3805 3963 tra~

2197 3999 2352 4053 didit.
2391 3998 2510 4053 Mox
2552 3997 2660 4051 lilia
2703 3997 2846 4066 regis
2873 4003 3004 4050 natu
3036 3995 3237 4062 minor,
3281 3993 3523 4051 Melchol
3557 4001 3801 4065 nomine,

2199 4101 2385 4144 amore
2427 4088 2592 4144 David
2625 4088 2859 4159 ﬂagrare
2897 4097 3206 4159 ocemperat
3239 4104 3254 4154 ;
3287 4090 3450 4160 igitur
3489 4094 3802 4162 nuptiarum

2201 4184 2319 4253 ejus
2354 4183 2661 4238 istiusmodi
2712 4182 3080 4238 conditionem
3141 4185 3399 4253 praponit
3433 4201 3445 4238 :
3478 4187 3523 4240 si
3583 4201 3801 4242 centum

2203 4277 2464 4348 praeputia
2495 4278 2660 4332 David
2700 4293 2767 4332 ex
2798 4277 3044 4333 hostibus
3073 4277 3380 4344 retulisset,
3411 4281 3612 4350 regiam
3644 4282 3806 4352 virgi—

2205 4383 2328 4426 nem
2359 4371 2708 4425 matrimonio
2729 4370 2877 4425 illius
2911 4385 3194 4426 cessuram
3225 4391 3239 4428 :
3265 4377 3519 4446 sperabat
3541 4375 3685 4430 enim
3713 4375 3804 4446 ju-

2205 4473 2397 4518 venem
2449 4465 2753 4534 periculosa
2796 4463 3084 4521 audentem
3136 4466 3296 4524 facile
3347 4470 3664 4540 periturum.
3694 4469 3803 4524 Sed

2205 4558 2364 4628 longe
2394 4560 2549 4614 aliter
2581 4574 2644 4613 ac
2665 4568 2814 4612 ratus
2839 4569 2978 4626 erat,
3009 4563 3189 4616 evenit
3221 4579 3234 4614 :
3268 4578 3392 4618 nam
3427 4575 3481 4617 ut
3507 4577 3804 4632 proposue-

502 4665 657 4706 ceam
707 4649 962 4706 habuisse
1002 4651 1291 4706 tradatur:
1325 4665 1452 4705 nam
1505 4651 1763 4721 allophyli
1811 4651 2098 4720 superiore
2125 4655 2307 4716 Drut,
2341 4651 2574 4720 impigre
2608 4651 2773 4705 David
2822 4661 3040 4706 centum
3093 4655 3352 4726 prmputizt
3395 4670 3460 4710 ex
3511 4655 3806 4726 allophylis

503 4740 652 4798 bello
691 4743 928 4798 victores
995 4753 1152 4797 uSum
1217 4742 1465 4799 Hebrteis
1525 4743 1872 4810 ademerant,
1927 4755 2104 4812 neque

501 4837 756 4906 cuiquam
781 4835 1106 4892 conficiendi
1131 4836 1220 4890 teli
1242 4834 1428 4892 bellici
1453 4844 1547 4890 aut
1569 4837 1756 4892 rustiCi
1778 4838 2100 4892 ferramenti

501 4937 753 4998 potestas
782 4929 978 4984 fuerat.
1008 4928 1179 4999 Igitur
1203 4928 1438 4984 Jonatha
1467 4929 1658 4984 audaci
1687 4930 1951 4994 consilio,
1980 4930 2101 4985 solo

2205 4743 2421 4810 retulit;
2456 4754 2620 4814 atque
2653 4744 2726 4799 ita
2764 4747 2910 4816 regis
2947 4745 3114 4801 tiliam
3146 4749 3198 4802 in
3248 4749 3656 4803 matrimonium
3707 4763 3804 4804 ac-

2203 4837 2370 4906 cepit.

2275 4931 2490 4986 XXXV.
2524 4930 2820 4988 Crescebat
2845 4929 2898 4988 in
2925 4932 3044 4988 dies
3083 4931 3139 4988 in
3174 4949 3297 4989 eum
3323 4935 3467 5006 regis
3495 4935 3679 4990 odium
3704 4935 3796 4990 sti-

505 5025 778 5093 armigero
808 5038 908 5078 suo
939 5024 1140 5078 comite
1177 5031 1356 5079 castra
1389 5023 1629 5079 hostium
1665 5023 1972 5095 ingressus,
2022 5025 2104 5079 vi-
2200 5024 2443 5078 inulante
2469 5025 2672 5078 invidia
2707 5028 2867 5096 :quia
2898 5026 3072 5081 bonos
3113 5041 3340 5095 semper
3363 5028 3495 5082 mali
3530 5029 3802 5085 insectan-

506 5116 641 5184 ginti
670 5114 784 5170 fere
811 5123 876 5170 ex
910 5115 1160 5171 hostibus
1181 5116 1548 5188 interemptis,
1581 5117 1899 5172 universum
1945 5131 2106 5173 exer-
2203 5127 2322 5184 tur;
2345 5119 2512 5188 igitur
2539 5117 2802 5172 ministris
2833 5128 2888 5173 et
2913 5117 3163 5174 Jonathre
3187 5119 3302 5174 tilio
3333 5123 3655 5191 imperavit,
3681 5123 3803 5178 vita:

495 5210 676 5262 ‘citntn
721 5209 940 5265 terrore
980 5211 1318 5280 perculerat.
1371 5210 1506 5264 Tum
1540 5221 1672 5266 vero
1711 5218 1844 5266 nutu
1903 5210 1995 5265 Dei
2045 5211 2100 5267 in
2197 5211 2324 5280 eius
2349 5220 2411 5265 ut
2434 5211 2659 5266 insidias
2690 5212 3096 5280 pararent.Sed
3123 5213 3380 5270 Jonatbae
3418 5230 3582 5270 carus
3609 5231 3804 5284 accep-

505 5301 691 5373 l’ugam
720 5303 892 5364 versi,
927 5316 1034 5358 non
1061 5303 1308 5374 imperia;
1328 5304 1580 5374 exsequi,
1614 5311 1720 5357 non
1752 5303 1976 5358 ordines
2005 5303 2106 5358 ob-

504 5409 747 5458 servare,
791 5409 954 5447 omne
984 5393 1300 5462 przesidium
1328 5397 1385 5448 in
1417 5393 1648 5464 pedibus
1673 5395 1922 5451 habere:
1954 5395 2099 5464 quod

502 5489 591 5542 ubi
619 5487 745 5544 Saul
773 5488 1177 5556 animadvertit,
1201 5488 1315 5543 suis
1337 5499 1568 5558 propere
1587 5488 1798 5545 eductis
1823 5483 2100 5560 fugientes

503 5590 843 5647 persecutas,
875 5579 1101 5634 victoria
1131 5582 1336 5645 potitus
1365 5590 1469 5635 est.
1504 5580 1582 5634 Eo
1607 5578 1700 5634 die
1735 5591 1832 5634 rex
1862 5579 2102 5636 edixisse

506 5674 760 5737 traditur,
815 5691 882 5730 ne
919 5675 1066 5745 quis,
1116 5676 1218 5729 nisi
1264 5674 1528 5730 confectis
1591 5673 1865 5740 noctibus,
1918 5675 2102 5731 cibum

508 5773 729 5832 caperet
762 5768 897 5823 :sed
949 5767 1179 5822 Jonatha
1235 5769 1638 5824 interdictionis
1700 5769 1818 5838 ejus
1868 5770 2102 5839 inscius,

508 5852 631 5908 favo
661 5865 898 5926 reperto,
951 5861 1118 5913 tincto
1168 5860 1378 5932 spiculo
1419 5861 1532 5916 'tnel
1562 5861 1960 5934 degustaverat.
1993 5861 2101 5916 Sed

2195 5312 2394 5374 tuaque
2409 5306 2520 5372 jam
2547 5303 2671 5358 inde
2697 5304 3010 5374 aprincipio
3033 5305 3200 5361 David
3233 5307 3412 5362 fuerat
3446 5325 3460 5364 :
3497 5310 3676 5378 itaque
3708 5325 3804 5364 rex

2202 5395 2503 5466 increpitus
2528 5412 2558 5450 a
2591 5397 2724 5462 lilio,
2752 5409 3039 5454 cruentum
3067 5401 3359 5476 imperium
3382 5403 3666 5470 repressit.
3697 5404 3806 5460 Sed

2205 5504 2311 5543 non
2345 5489 2434 5544 diu
2461 5490 2728 5546 maiiboni
2749 5503 2907 5559 sunt;
2945 5509 3069 5548 nam
3087 5510 3210 5549 cum
3241 5495 3431 5564 spiritu
3459 5497 3806 5554 errorisSaul

2205 5581 2564 5650 aflligeretur,
2599 5585 2759 5655 eique
2801 5585 2971 5640 David
3004 5587 3287 5641 assisteret
3310 5587 3522 5643 cithara
3555 5591 3810 5646 laboran-

2205 5685 2316 5730 tem
2349 5675 2648 5742 deliniens,
2705 5677 2892 5732 lancea
2925 5693 3048 5732 eum
3081 5678 3245 5733 ferire
3276 5690 3507 5736 conatus
3533 5693 3651 5749 est,
3701 5685 3808 5740 nisi

2205 5767 2298 5823 ille
2329 5768 2583 5822 lethalem
2614 5770 2778 5824 ictum
2805 5784 3036 5840 propere
3063 5771 3409 5830 declinasset.
3457 5775 3670 5834 Exinde
3695 5777 3809 5848 jam

2209 5877 2315 5917 non
2343 5861 2697 5947 occulte,_sed
2731 5864 2904 5931 palam
2935 5865 2983 5919 ei
3014 5880 3204 5929 necem
3231 5867 3459 5940 parabat
3489 5884 3502 5922 :
3536 5883 3638 5930 nec
3663 5869 3807 5931 ultra
