4194 6192
428 242 532 309 H1

1655 244 1978 308 HISTORIA
2015 248 2267 312 BACRA.
2310 255 2440 315 LIB.
2480 260 2522 317 Ι.

3634 268 3741 333 HG

425 368 487 419 se
513 359 688 418 David
717 360 828 433 regi
854 358 1109 416 credidit.
1140 359 1221 417 Ac
1258 360 1496 431 primum
1539 360 1772 432 rugiens,
1798 362 1888 417 .ad
1934 361 2035 417 Sa-
2062 365 2106 427 Α
2138 364 2266 422 dote
2288 378 2469 436 natus,
2502 369 2794 428 admodum
2823 386 2990 430 senex
3023 375 3330 434 sacerdotio
3349 378 3567 438 iunctus
3602 382 3747 439 rele-

426 456 672 512 muelem
697 469 756 509 se
796 451 1030 508 contulit
1059 468 1072 506 :
1104 451 1232 507 inde
1263 451 1330 506 ad
1364 450 1679 507 Abimelech
1701 492 1715 518 ,
1751 464 2032 521 postremo

429 547 500 603 ad
533 562 716 617 regem
745 544 903 600 Moab
927 542 1209 614 confugit;
1246 557 1371 599 mox
1402 558 1503 614 per
1552 543 1667 599 Gad
1715 542 2030 613 prophetam

427 641 693 705 monitus,
726 640 777 693 in
804 648 999 693 terram
1043 637 1198 691 .ludtc
1231 652 1532 707 regressus,
1575 637 1700 691 vitae
1728 636 2031 705 periculum

426 736 583 791 adiit.
613 735 684 789 Ea
716 740 1039 802 tempestate
1067 731 1194 787 Saul
1226 730 1541 786 Ahimelcch
1577 729 1916 785 sacerdotem
1949 730 2031 784 itt-

428 827 668 892 teremit,
697 825 841 895 quod
878 824 1047 878 David
1078 822 1381 893 recepisset
1408 838 1421 877 :
1449 831 1648 878 etcum
1671 836 1739 875 ex
1768 819 2032 876 ministris

423 920 587 990 regiis
620 933 783 974 nemo
823 918 876 973 in
920 916 1265 972 sacerdotem
1297 931 1491 971 manus
1540 914 1743 971 inferre
1768 914 2028 983 auderet,

423 1013 570 1083 Doeg
612 1012 786 1083 Syrus
824 1018 1113 1067 cruentum
1167 1011 1538 1065 ministerium
1589 1018 1883 1064 exsecutus
1923 1017 2026 1063 est.

422 1103 552 1160 Post
575 1104 627 1159 id
649 1104 819 1159 David
844 1104 1124 1158 desertum
1149 1104 1324 1173 petiit.
1352 1103 1485 1157 Illuc
1508 1117 1726 1173 quoque
1755 1117 1881 1157 cum
1901 1102 2029 1157 Saul

423 1205 742 1269 persecutus
770 1205 856 1251 est
879 1213 893 1251 :
919 1197 1014 1251 sed
1042 1196 1189 1250 inani
1229 1210 1397 1265 opera
1430 1194 1550 1265 ejus
1575 1194 1802 1249 exitium
1831 1194 2025 1249 mulie-

422 1290 603 1353 hatur,
649 1304 809 1359 quem
845 1289 1111 1343 Dominus
1157 1286 1499 1358 protegebat.
1536 1286 1667 1341 Erat
1714 1288 1769 1341 in
1810 1286 2029 1341 deserto

420 1385 681 1454 spelunca
707 1392 867 1439 vasto
887 1398 1106 1438 recessu
1128 1391 1338 1452 patens,
1366 1382 1422 1436 in
1450 1381 1605 1451 hujus
1636 1382 1899 1436 interiora
1926 1381 2028 1435 Da-

423 1476 511 1529 vid
539 1491 600 1529 se
625 1477 959 1544 conjecerat.
1004 1474 1135 1530 Saul
1166 1474 1415 1529 nesciens
1464 1474 1518 1529 in
1549 1474 1725 1544 primo
1754 1475 2026 1543 spelunca:

420 1568 568 1629 aditu
603 1569 887 1625 reficiendi
919 1570 1165 1640 corporis
1213 1571 1388 1638 gratia
1436 1578 1810 1637 successerat,
1842 1568 2026 1638 ibique

422 1674 614 1716 somno
641 1670 832 1729 captus
863 1661 1261 1731 rcquiescehat;
1287 1661 1434 1731 quod
1458 1661 1547 1715 ulti
1582 1661 1751 1716 David
1779 1661 2024 1716 animad-

2137 468 2310 515 ratur.
2332 461 2380 517 A
2404 465 2680 520 nonnullis
2702 474 2885 522 tamen
2907 469 2996 539 qui
3021 469 3087 525 de
3113 471 3451 541 temporibus
3474 473 3741 545 scripsere

2138 553 2287 623 (quia
2315 570 2447 611 vere
2469 557 2604 612 nihil
2625 558 2694 615 de
2715 561 2833 630 ejus
2856 562 3013 617 annis
3036 574 3191 617 sacra
3222 562 3447 619 historia
3478 566 3743 640 signavit)

2136 661 2239 701 Lxx
2267 649 2426 704 annis
2466 651 2752 721 praefuisse
2784 655 2981 724 populo
3015 655 3257 711 refertur
3288 674 3300 709 :
3328 656 3426 712 sed
3453 659 3598 715 unde
3619 659 3740 717 hac

2134 741 2427 796 auctoritas
2456 738 2621 797 fuerit
2651 756 2951 814 assumpta,
2985 761 3090 801 non
3124 750 3323 818 reperi.
3351 750 3460 806 Nos
3488 752 3543 805 in
3585 759 3735 809 tanta

2134 829 2337 886 erroris
2394 835 2588 904 copia,
2653 833 3051 893 Chronicorum
3100 843 3507 898 annotationem
3560 845 3736 900 secuti

2138 923 2283 993 (quia
2306 938 2426 981 eam
2454 941 2522 983 ex
2563 927 2953 1000 Apostolorum
2998 932 3253 999 Actibus,
3303 935 3444 990 sicut
3487 938 3740 1006 superius

2133 1020 2575 1089 memoravimus,
2605 1022 2904 1093 profectam
2942 1026 3295 1098 arbitramur)
3321 1030 3632 1086 Samuelem
3680 1040 3739 1088 et

2131 1110 2353 1166 Saulem
2383 1128 2451 1169 x1.
2478 1128 2653 1171 annos
2686 1117 3050 1188 principatum
3072 1118 3254 1189 egisse
3280 1119 3587 1178 referimus.

2204 1206 2471 1263 XXXVII.
2506 1210 2636 1265 Saul
2666 1220 2972 1283 perempto,
3003 1213 3172 1268 David
3205 1216 3257 1268 in
3287 1222 3432 1270 terra
3476 1215 3730 1290 allophy-

2130 1298 2332 1365 lorum,
2359 1302 2569 1370 perlato
2591 1302 2657 1357 ad
2682 1318 2741 1359 se
2756 1305 2950 1359 mortis
2963 1304 3083 1374 ejus
3106 1306 3321 1372 nuntio,
3348 1308 3488 1363 miro
3516 1309 3734 1378 pictatis

2129 1394 2382 1464 exemplo
2395 1394 2611 1450 ﬂevisse
2631 1398 2883 1453 traditur.
2914 1398 3050 1454 Tum
3074 1398 3331 1455 Chebron
3355 1399 3562 1456 Iudaee
3578 1405 3737 1474 oppi-

2129 1486 2256 1540 dum
2290 1486 2464 1557 petiit.
2496 1487 2572 1543 lbi
2604 1505 2818 1545 rursum
2849 1491 3021 1561 regali
3066 1500 3347 1562 unguento
3390 1492 3587 1560 illitus,
3633 1509 3731 1550 rex

2128 1580 2435 1649 appellatus
2456 1591 2539 1637 est
2564 1600 2576 1634 :
2607 1584 2702 1637 sed
2736 1583 2943 1652 Abner,
2973 1585 3063 1654 qui
3089 1587 3346 1656 magister
3368 1586 3575 1641 militias
3601 1586 3732 1643 Saul

2131 1673 2274 1742 regis
2304 1671 2501 1742 fuerat,
2530 1685 2715 1745 spreto
2744 1676 2935 1743 David,
2960 1676 3137 1733 Isbaal
3168 1679 3310 1748 regis
3329 1683 3412 1734 sui
3441 1679 3613 1734 lilium
3646 1694 3732 1736 re.

419 1754 616 1817 vertit,
649 1752 991 1807 hortantibus
1020 1751 1235 1808 cunctis
1284 1762 1342 1806 ιιι
1383 1754 1795 1823 upportttnitate
1836 1763 2011 1810 utere-

2126 1780 2246 1835 gem
2273 1768 2576 1822 constituit.
2600 1767 2823 1823 Crebris
2842 1768 3042 1825 deinde
3063 1770 3271 1839 procliis
3286 1771 3430 1825 inter
3444 1770 3613 1827 duces
3638 1785 3730 1828 re-

418 1853 530 1911 tur,
575 1846 842 1901 abstinuit
883 1845 1028 1916 regis
1079 1846 1619 1916 exitio:diploidem
1672 1855 1854 1902 tamen
1904 1847 2022 1918 ejus

414 1939 660 1994 abstulit.
702 1938 824 1994 Mox
849 1954 1125 2010 egressus,
1157 1949 1275 1995 tuto
1299 1940 1514 1994 eminus
1542 1941 1664 1996 loco
1692 1954 1722 1993 a
1752 1948 1905 2011 tergo
1936 1957 2023 1996 re-

414 2049 538 2104 gem
560 2035 826 2090 allocutus
846 2047 951 2100 eSt,
982 2049 1082 2088 sua
1113 2036 1165 2089 in
1193 2035 1347 2089 illum
1378 2049 1821 2090 commemorans
1850 2036 2019 2091 bene-

414 2129 558 2194 licia,
584 2129 651 2184 Ut
682 2144 826 2199 saepe
856 2146 949 2199 pro
979 2146 1149 2201 regno
1199 2131 1317 2201 ejus
1348 2142 1515 2201 caput
1544 2133 1802 2201 periculis
1835 2132 2021 2202 objec-

414 2233 605 2289 tasset,
631 2235 798 2293 utque
824 2233 1104 2296 postremo
1150 2227 1405 2295 praesenti
1452 2235 1700 2295 tempore
1723 2242 1754 2280 a
1791 2227 2020 2283 Domino

407 2319 511 2374 sibi
544 2319 801 2374 traditum
850 2321 1167 2378 interimere
1198 2322 1483 2377 noluisset.
1515 2322 1594 2376 Ad
1636 2322 1752 2377 haec
1801 2323 2015 2394 culpam

404 2410 538 2467 Saul
568 2412 731 2467 l‘ateri
750 2454 763 2479 ,
793 2415 1009 2468 veniam
1055 2414 1295 2483 precari,
1329 2415 1595 2487 lacrymas
1625 2414 1875 2481 fundere,
1905 2418 2018 2486 pie-

405 2512 566 2558 tatem
584 2504 750 2559 David
769 2508 1056 2571 extollere,
1085 2508 1341 2562 malitiam
1358 2523 1509 2561 suatu
1536 2508 1719 2563 iucusa
1731 2525 1810 2575 re,
1833 2525 2013 2580 regem

402 2612 528 2651 eum
555 2609 611 2653 et
638 2597 805 2655 lilium
825 2600 1129 2671 appellans.
1162 2602 1395 2657 Tantum
1424 2617 1493 2658 ex
1522 2604 1688 2658 feroci
1719 2602 1812 2658 illo
1830 2605 2014 2658 animo

406 2700 688 2757 mutatum,
710 2693 969 2748 crederes
997 2694 1128 2748 nihil
1146 2695 1288 2749 ultra
1310 2696 1372 2749 ad
1385 2710 1603 2750 versum
1627 2711 1887 2766 generum
1916 2712 2013 2751 au-

401 2785 619 2842 Surum.
638 2786 749 2843 Sed
769 2788 961 2855 David,
983 2789 1076 2858 qui
1091 2789 1329 2860 penitius
1354 2790 1633 2860 ingenium
1657 2791 1781 2845 mali
1799 2802 2011 2860 specta-

403 2890 514 2935 tum
542 2882 832 2938 haberetet
846 2883 1151 2953 cognitum,
1182 2884 1315 2938 nihil
1344 2887 1455 2956 regi
1480 2885 1812 2940 credendum
1836 2893 2007 2952 ratus,

404 2976 543 3029 intra
572 2992 813 3032 cremum
834 2993 896 3033 se
924 2979 1256 3034 continebat.
1282 2979 1413 3034 Saul
1445 2995 1639 3036 vecors
1669 2982 1859 3047 animi,
1883 2981 2008 3050 quia

402 3069 905 3139 comprehendendi
946 3086 1209 3141 generum
1247 3080 1489 3141 potestas
1519 3091 1625 3128 non
1659 3082 1794 3140 erat,
1840 3075 2006 3129 tiliam

2122 1873 2250 1928 gum
2267 1873 2593 1914 concursum
2619 1879 2633 1915 :
2651 1861 2835 1930 pulsus
2853 1861 3038 1916 Abner
3053 1862 3281 1931 stepius;
3307 1862 3530 1919 fratrem
3548 1873 3730 1920 tamen

2122 1946 2276 2011 Joah,
2301 1950 2390 2019 qui
2416 1964 2481 2005 ex
2520 1960 2676 2020 parte
2716 1951 2888 2007 David
2926 1953 3191 2009 exercitui
3227 1962 3489 2023 praerat,
3518 1955 3731 2028 fugiens

2123 2043 2355 2111 peremit
2377 2057 2391 2107 ;
2411 2057 2520 2113 quo
2547 2043 2737 2099 dolore
2766 2052 2953 2115 postea
2982 2044 3143 2111 Jonb,
3176 2060 3299 2100 cum
3329 2061 3391 2101 se
3419 2046 3607 2103 Abner
3626 2047 3731 2102 Da.

2120 2134 2210 2187 vid
2243 2134 2359 2204 regi
2382 2135 2646 2202 dedisset,
2668 2137 2903 2208 jugulari
2922 2152 3044 2193 eum
3072 2139 3334 2209 prmcepit
3363 2154 3471 2194 non
3497 2140 3615 2195 sine
3630 2139 3730 2197 do-

2119 2224 2237 2281 lore
2260 2226 2422 2297 regis,
2439 2227 2595 2297 cujus
2609 2227 2771 2283 ﬁdem
2784 2238 3192 2285 cruentaverat.
3225 2230 3329 2285 Per
3349 2229 3492 2287 idem
3518 2242 3730 2301 tempus

2119 2331 2311 2372 omnes
2360 2321 2473 2374 iere
2509 2329 2637 2374 natu
2670 2321 2913 2391 majores
2964 2322 3317 2378 Hebraeorum
3351 2324 3575 2392 publico
3598 2338 3729 2381 cort-

2117 2425 2282 2465 sensu
2325 2427 2552 2482 regnum
2596 2414 2646 2467 ei
2677 2414 2845 2469 totius
2881 2414 3065 2485 gentis
3102 2414 3446 2481 detulerunt;
3477 2432 3601 2472 nam
3632 2432 3729 2487 per

2118 2514 2327 2574 septem
2372 2520 2547 2561 annos
2597 2508 2649 2560 in
2682 2506 2939 2563 Chebron
2992 2517 3203 2564 tantum
3250 2520 3595 2581 regnaverat.
3648 2512 3727 2566 Ita

2117 2599 2279 2651 tertio
2303 2613 2395 2652 rex
2423 2601 2665 2669 ungitur,
2693 2614 2965 2656 annorum
2981 2602 3207 2657 circiter
3234 2618 3377 2659 xxx:
3404 2604 3727 2676 Allophyloa

2115 2689 2168 2744 in
2198 2704 2423 2759 regnum
2446 2690 2719 2746 irruentes
2742 2692 3000 2748 secundis
3024 2694 3228 2764 prteliis
3243 2696 3465 2765 repulit.
3485 2694 3561 2750 Ea
3586 2707 3724 2752 tem-

2117 2790 2325 2850 pcstate
2348 2797 2529 2837 arcam
2558 2782 2811 2852 Domini,
2844 2801 2964 2853 qum
3000 2785 3052 2838 in
3081 2785 3465 2856 Cariatbjarim
3499 2787 3723 2857 Oppido,

2114 2886 2173 2930 ut
2200 2890 2363 2946 supra
2396 2876 2705 2944 retulimus,
2732 2884 2882 2943 erat,
2912 2878 2963 2931 in
2989 2876 3120 2933 Sion
3154 2880 3464 2934 transtulit:
3487 2894 3724 2952 cumque

2114 2970 2387 3026 :ediﬁcare
2420 2971 2649 3027 Domino
2679 2973 2939 3043 templum
2981 2974 3037 3028 iu
3079 2974 3265 3030 animo
3290 2974 3551 3043 haberet,
3583 2978 3723 3032 divi-

2112 3080 2239 3119 num
2264 3065 2312 3120 ei
2345 3079 2670 3135 responsum
2710 3064 3012 3131 redditum,
3046 3064 3254 3122 Semini
3284 3066 3433 3125 illius
3459 3069 3511 3123 id
3541 3082 3723 3125 reset~

401 3177 552 3216 suam
586 3163 818 3219 Melcltol
848 3165 1040 3231 David,
1092 3174 1152 3220 ut
1194 3180 1356 3235 supra
1408 3169 1713 3236 retulimus,
1747 3178 2002 3241 nuptam,

2115 3158 2248 3213 vari.
2284 3158 2440 3212 Bello
2461 3158 2661 3213 deinde
2689 3156 2998 3230 allophylos
3021 3158 3265 3227 domuit,
3298 3160 3568 3216 Moabitae
3592 3162 3723 3217 sub-

402 3254 634 3326 Phaltim
665 3258 883 3312 cuidam
924 3259 975 3313 in
1008 3257 1420 3313 matrimonium
1451 3259 1622 3314 dedit.

471 3349 720 3404 XXXVI.
746 3351 916 3406 David
938 3351 1002 3405 ad
1027 3352 1338 3423 all0phylos
1370 3354 1633 3424 confugit.
1670 3353 1744 3407 Ea
1772 3362 2008 3425 tempes-

403 3451 517 3496 tate
550 3442 770 3497 Samuel
800 3444 939 3499 diem
955 3443 1169 3499 iunctus
1191 3455 1295 3499 est.
1322 3444 1450 3500 Saul
1475 3445 1772 3517 allophylis
1804 3446 2003 3500 bellum

404 3534 771 3589 inferentibus
793 3536 1071 3592 Domiuttm
1102 3538 1364 3604 consulit,
1396 3538 1711 3608 nullumque
1740 3547 1822 3593 est
1846 3540 1894 3594 ei
1922 3553 2007 3595 rc-

397 3642 664 3697 Sponsum
687 3628 1122 3684 redditumJ‘um
1155 3644 1253 3699 per
1274 3632 1584 3694 mulierem,
1611 3636 1768 3700 cujus
1797 3632 2001 3687 viscera

397 3718 628 3787 spiritus
647 3720 1206 3789 errorisitnplevcrot,
1238 3720 1545 3777 Samuelem
1572 3732 1856 3777 evocatum
1875 3738 2006 3778 con-

398 3811 551 3865 sulit.
570 3811 784 3867 Dictum
809 3814 859 3867 ei
893 3813 963 3868 ab
987 3829 1053 3869 eo
1066 3823 1169 3880 est,
1201 3821 1422 3885 postero
1446 3815 1595 3869 illum
1628 3815 1719 3869 die
1744 3828 1868 3870 cum
1893 3816 2006 3871 lilio

398 3904 598 3959 victum
630 3906 700 3959 ah
722 3906 1015 3978 allophylis
1049 3908 1099 3961 in
1139 3908 1328 3975 prmiio
1361 3923 1636 3963 casurum.
1668 3909 1832 3979 Igitur
1873 3910 2007 3965 allo-

400 3997 545 4067 phyli
569 4000 766 4052 castris
794 4000 848 4051 in
878 3998 1062 4053 Ιὶοςιίιὶ
1088 4000 1207 4053 solo
1232 4002 1441 4070 positis,
1473 4009 1695 4071 postero
1725 4002 1815 4056 die
1830 4003 2002 4057 aciem

397 4091 698 4157 instruunt,
728 4092 895 4147 David
928 4102 1110 4147 tamen
1142 4109 1209 4147 ex
1239 4095 1435 4148 castris
1457 4096 1685 4150 remisso
1718 4114 1731 4150 :
1759 4095 1882 4165 quia
1909 4109 2005 4167 pa-

400 4201 518 4240 rum
544 4185 891 4239 crediderant
916 4187 1017 4239 sibi
1039 4187 1189 4240 illum
1207 4187 1493 4242 adversum
1523 4200 1654 4242 suos
1680 4186 1844 4241 fidum
1863 4186 2001 4242 fore.

382 4274 501 4331 'Scd
531 4288 787 4333 conserto
821 4279 1035 4347 prmIiO,
1069 4279 1278 4333 Hebraei
1306 4279 1443 4334 fusi:
1472 4280 1564 4333 filii
1585 4281 1729 4349 regis
1750 4279 1957 4335 cadunt
1989 4298 2001 4333 :

397 4369 521 4423 Saul
549 4384 694 4440 equo
714 4370 991 4441 delapsus,
1036 4388 1104 4427 ne
1134 4374 1288 4426 vivus
1325 4373 1376 4425 iu
1410 4381 1734 4442 potestatem
1766 4373 2001 4428 hostium

400 4466 630 4531 veniret,
659 4464 841 4535 gladio
870 4482 968 4522 suo
1007 4468 1270 4522 incubuit.
1307 4468 1383 4522 De
1413 4478 1574 4523 :utate
1627 4470 1839 4539 imperii
1883 4469 2003 4540 ojus

2106 3252 2335 3323 jugavit,
2361 3252 2572 3323 Syriam
2596 3252 2831 3322 subegit,
2878 3252 3320 3322 stipendiumque
3347 3253 3397 3308 ei
3427 3254 3718 3324 imposuit;

2109 3344 2227 3399 auri
2251 3354 2414 3415 atque
2443 3346 2569 3399 aeris
2597 3361 2661 3399 ex
2693 3344 3220 3415 prmdaimmensum
3257 3347 3477 3402 modum
3504 3348 3715 3403 retulit.

2111 3437 2320 3492 Bellum
2344 3438 2543 3493 deinde
2566 3438 2854 3495 adversum
2885 3441 3228 3495 Ammonitas
3248 3455 3317 3495 ex
3357 3441 3553 3511 injuria
3571 3440 3716 3499 Cha-

2110 3546 2219 3583 nun
2249 3532 2393 3600 regis
2413 3545 2599 3585 eorum
2625 3539 2897 3585 exortum.
2922 3533 3074 3604 Syris
3091 3532 3273 3587 denuo
3298 3533 3715 3600 rebellantibus,

2108 3623 2199 3693 qui
2232 3637 2355 3676 cum
2389 3622 2715 3678 Ammonitis
2748 3624 2801 3677 itt
2831 3624 3033 3678 bellum
3067 3624 3516 3693 conjuraverant,
3546 3625 3716 3682 David

2107 3731 2376 3769 summam
2406 3731 2590 3770 rerum
2632 3715 2769 3770 Joab
2818 3717 3049 3787 principi
3091 3717 3301 3772 militia:
3341 3719 3711 3787 permiserat:

2107 3811 2223 3881 ipse
2262 3827 2289 3864 a
2331 3810 2474 3865 bello
2512 3820 2752 3866 remotus
2775 3850 2789 3877 ,
2833 3812 2974 3865 intra
3025 3811 3363 3867 Hierusalem
3400 3825 3713 3868 commora-

2108 3904 2285 3959 batur.

2180 3994 2466 4051 XXXVIII.
2483 3995 2601 4064 Qua
2615 4004 2939 4066 tempestate
2952 3996 3225 4053 Bersaben
3241 3999 3535 4068 quamdam
3553 3998 3710 4053 mirae

2107 4088 2365 4144 feminam
2408 4088 2830 4159 pulchritudinis
2876 4099 3065 4162 stupro
3116 4102 3454 4161 compertam
3497 4091 3709 4147 habuit.

2109 4184 2235 4239 ch
2263 4186 2359 4239 viri
2391 4184 2671 4254 cujusdam
2714 4200 2874 4249 uxor,
2924 4186 3015 4256 qui
3057 4193 3169 4239 tum
3219 4186 3273 4240 in
3315 4185 3511 4240 castris
3550 4195 3706 4251 erat,

2108 4277 2275 4333 fuisse
2294 4278 2549 4332 traditur.
2572 4276 2727 4333 Ilttnc
2750 4278 2914 4332 David
2948 4278 3136 4348 iniquo
3159 4293 3354 4349 pugnae
3381 4277 3502 4333 loco
3523 4277 3710 4347 objec-

2109 4384 2221 4425 tum
2249 4371 2518 4439 hostibus,
2562 4371 2997 4428 interficiendum
3026 4375 3375 4427 curavitzita
3415 4371 3707 4427 mulierem

2107 4465 2457 4518 matrimonio
2492 4479 2743 4531 vacuam,
2786 4464 2881 4520 sed
2923 4466 3036 4535 jam
3064 4479 3135 4521 ex
3180 4472 3370 4534 stupro
3402 4464 3704 4535 gravidam,

403 4571 587 4628 parum
618 4572 771 4613 certa
813 4563 1200 4630 comperimus,
1232 4562 1334 4616 nisi
1361 4563 1501 4632 quod
1529 4564 1579 4616 in
1613 4563 1839 4617 Actibus
1860 4562 2005 4633 Apo-
2033 4572 2081 4632 ι)
2109 4571 2339 4611 numero
2383 4571 2611 4612 uxorum
2654 4558 2986 4628 aggregat'it.
3028 4556 3165 4613 Tum
3194 4573 3294 4627 per
3329 4556 3541 4613 Hatltart
3580 4572 3709 4626 pr».

402 4650 664 4704 stolarum
696 4664 768 4707 ιι
791 4666 967 4706 annos
1007 4666 1269 4722 regnasse
1314 4653 1491 4707 dictus
1522 4665 1641 4719 est;
1672 4669 2001 4725 quamquam

400 4758 499 4813 ego
524 4746 761 4799 arbitror
791 4757 901 4799 tum
954 4762 981 4800 a
1019 4747 1208 4813 Paulo,
1247 4750 1400 4818 cujus
1442 4749 1529 4803 illa
1560 4751 1874 4817 pracdicatio
1918 4764 2003 4806 re-

398 4836 592 4904 fertur,
624 4839 792 4892 etiam
824 4840 1096 4895 Samuelis
1123 4856 1297 4895 annos
1325 4844 1427 4897 sub
1473 4844 1621 4913 regis
1654 4843 1812 4898 istius
1839 4852 2000 4900 :etale

398 4940 733 4987 numeratus.
769 4932 1020 5002 Plerique
1049 4942 1227 4989 tamen
1254 4935 1345 5005 qui
1388 4935 1459 4991 de
1502 4936 1841 5004 temporibus
1866 4937 2003 4991 scri-

402 5033 781 5090 pserunt,xxx
812 5039 937 5079 eum
967 5039 1419 5095 annosregnasse
1442 5039 1881 5081 aunotavertlnt:
1911 5031 1997 5082 cui

399 5117 640 5184 opinioni
675 5133 1015 5189 nequaquam
1043 5121 1390 5185 accedimus;
1427 5137 1549 5175 nam
1578 5137 1639 5176 ca
1672 5130 1997 5193 tempestate

397 5223 500 5278 qua
539 5209 750 5264 Domini
786 5224 912 5264 area
939 5210 994 5265 in
1018 5210 1400 5283 Catiatltjarim
1431 5213 1692 5283 oppidum
1741 5214 1996 5269 translata

398 5315 512 5366 est,
539 5304 775 5359 necdum
816 5321 1047 5376 regnare
1089 5307 1214 5362 Saul
1244 5318 1484 5376 eruperat
1516 5325 1530 5362 :
1560 5306 1794 5362 refertur
1813 5316 1995 5363 autem

401 5412 497 5465 per
553 5396 720 5451 David
759 5414 941 5467 regem
993 5414 1057 5453 ex
1108 5398 1205 5455 illo
1252 5400 1453 5469 oppido
1480 5416 1660 5454 arcam
1691 5402 1996 5466 sublatam,

401 5503 520 5542 cum
553 5506 649 5559 per
677 5506 743 5543 xx
772 5505 945 5544 annos
971 5490 1047 5545 ibi
1071 5493 1413 5546 constitisset
1432 5508 1447 5555 ;
1466 5508 1756 5563 ergo,cum
1782 5493 1916 5548 intra
1943 5493 1995 5549 id

404 5589 616 5648 tempus
643 5581 773 5638 Saul
805 5586 1117 5653 regnaverit
1139 5593 1303 5655 atque
1337 5586 1667 5651 decesserit,
1712 5601 1875 5656 parvo
1901 5588 1996 5643 ad-

407 5675 624 5728 modum
686 5676 864 5744 spatio
910 5678 1087 5732 tenuit
1136 5676 1444 5747 imperium.
1481 5679 1681 5733 Eadem
1732 5680 1888 5736 nobis
1933 5680 2001 5736 de

410 5769 743 5845 corporibus
777 5768 1047 5832 Samuelis
1082 5770 1280 5843 caligo,
1311 5780 1368 5826 ut
1403 5771 1493 5841 qui
1521 5786 1644 5828 cum
1676 5772 1793 5833 Heli
1824 5789 2005 5830 sacer-

2107 4649 2327 4721 phetatn
2356 4651 2600 4720 graviter
2630 4650 2953 4719 increpitus,
2980 4650 3111 4705 licet
3137 4652 3325 4721 agnito
3348 4664 3564 4714 erm,
3610 4664 3706 4703 oa-

2102 4742 2449 4813 Stigationem
2480 4742 2690 4797 Domini
2740 4757 2846 4797 non
2885 4740 3075 4812 eﬂugit
3106 4760 3119 4796 :
3149 4756 3383 4809 namque
3422 4740 3594 4796 filium
3633 4752 3705 4799 ea

2104 4834 2306 4890 furtivo
2349 4834 2444 4890 illo
2468 4834 2759 4890 concubitu
2786 4833 2993 4889 editum
3028 4848 3228 4904 paucos
3260 4843 3384 4903 post
3418 4833 3540 4889 dies
3568 4831 3705 4891 ami-

2102 4927 2206 4993 sit,
2240 4927 2512 4996 multaque
2543 4928 2596 4983 in
2625 4927 2846 4981 domum
2878 4926 3247 4997 familiamque
3260 4925 3381 4996 ejus
3409 4940 3705 4983 exsecran-

2104 5022 2170 5076 da
2200 5020 2531 5086 acciderunt;
2551 5020 2616 5075 ad
2641 5030 2951 5075 extremum
2976 5020 3213 5075 Absalon
3246 5020 3387 5074 filius
3409 5019 3526 5089 ejus
3550 5033 3703 5081 arma

2105 5114 2268 5183 impia
2299 5114 2558 5169 adversus
2580 5123 2786 5183 patrem
2819 5114 3059 5179 sustulit,
3086 5128 3255 5183 regno
3277 5126 3401 5169 eum
3425 5114 3702 5185 depellere

2102 5208 2349 5278 cupiens.
2377 5208 2658 5263 Adversus
2687 5209 2828 5265 hunc
2849 5208 2986 5263 Joab
3012 5208 3132 5265 acie
3161 5206 3426 5276 ctinﬂlxit,
3454 5207 3703 5265 admoni-

2102 5312 2189 5358 tus
2219 5317 2249 5357 a
2273 5317 2421 5372 rege,
2456 5310 2515 5356 ut
2540 5303 2684 5357 vieto
2713 5312 2965 5373 parceret
2997 5320 3009 5355 :
3042 5302 3139 5357 sed
3170 5302 3287 5372 ille,
3311 5314 3497 5373 spreto
3522 5302 3700 5367 impe-

2101 5396 2209 5463 rio,
2239 5384 2618 5467 parrici‘diales
2646 5404 2875 5452 conatus
2904 5394 3053 5454 ferro
3074 5397 3221 5453 ultus
3250 5404 3355 5453 est.
3388 5394 3611 5451 Flebilis
3633 5407 3697 5453 ea

2102 5492 2326 5547 victoria
2367 5491 2532 5546 fuisse
2558 5491 2669 5561 regi
2695 5490 2925 5545 traditur
2952 5508 2966 5544 :
3000 5498 3148 5545 tanta
3180 5490 3234 5546 in
3262 5503 3329 5544 eo
3360 5488 3531 5557 pictas
3556 5494 3699 5552 erat,

2103 5585 2342 5641 utetiam
2370 5582 2651 5654 parricidae
2677 5582 2790 5639 ﬁlio
2817 5583 3021 5653 ignosci
3052 5580 3305 5637 voluerit.
3333 5578 3429 5634 Vix
3454 5577 3557 5633 hoc
3588 5578 3699 5633 bel-

2106 5680 2215 5733 lum
2264 5678 2590 5734 exStiuctutn
2641 5677 2945 5743 videbatur,
2993 5674 3138 5731 aliud
3184 5685 3399 5729 rursum
3442 5679 3699 5729 exortum

2104 5773 2295 5830 Sabma
2345 5773 2579 5843 quodam
2621 5772 2776 5837 duce,
2830 5771 2922 5843 qui
2958 5768 3267 5841 pessimum
3310 5778 3585 5840 quemque
3628 5767 3696 5825 ad
