4194 6192
449 260 551 318 119

1798 251 2089 313 SULPICII
2130 253 2383 313 SEVERI

3652 251 3762 311 120

438 386 590 430 arma
618 372 944 428 incitaverat
972 390 985 427 :
1013 371 1108 427 sed
1149 384 1380 441 propere
1431 378 1609 425 motus
1645 369 1825 425 omnis
1871 378 2051 425 morte
2079 366 2134 428 Α
2161 370 2322 426 lassis
2350 383 2643 435 annorum,
2675 384 2836 440 quam
2863 367 3119 440 amplius,
3149 370 3479 425 annotarim.
3511 367 3619 427 Sed
3652 384 3763 429 non

442 466 599 522 ducis
624 480 935 537 repressus.
970 463 1171 519 Crebra
1194 462 1394 518 deinde
1435 462 1698 518 adversus
1743 462 2049 534 allopltylos

444 560 613 616 David
669 561 854 630 praelia
901 556 1141 614 secundo
1190 567 1389 611 eventu
1439 556 1627 612 habuit
1670 574 1684 610 :
1731 557 2049 625 cunctisque

443 654 593 710 bello
630 653 874 717 domitis,
896 659 954 707 et
979 660 1085 704 tam
1115 651 1320 705 exteris
1342 666 1501 720 quam
1532 649 1849 707 domesticis
1888 650 2049 707 moti-

444 748 547 805 bus
578 748 931 817 compressis,
966 745 1416 801 florentissimnm
1455 761 1679 815 regnum
1712 746 1763 801 in
1790 736 1925 813 pace
1947 746 2046 801 ha-

442 843 626 898 bebat.
656 841 793 896 Tum
815 857 939 896 eum
965 841 1145 895 subita
1162 841 1360 910 cupido
1382 840 1629 904 incessit,
1653 840 1720 895 ad
1746 840 2049 897 metiendas

443 934 656 1004 imperii
708 934 873 1000 vires,
910 934 1163 1004 populum
1200 948 1466 988 censere:
1503 934 1573 987 ita
1611 948 1639 986 a
1677 932 1813 988 Joab
1840 932 2047 988 militite

445 1027 703 1095 magistro
728 1026 911 1081 decies
934 1036 1161 1081 centena
1192 1034 1245 1081 et
1273 1035 1513 1080 trecenta
1536 1025 1734 1079 civium
1764 1025 1938 1079 millia
1965 1024 2047 1079 di-

446 1126 748 1181 numerata.
788 1119 954 1189 llujus
984 1134 1105 1173 eum
1140 1118 1266 1173 facti
1314 1134 1437 1173 mox
1471 1118 2042 1189 piguitpmnituitqtte,

444 1215 655 1268 veniam
680 1230 710 1269 a
737 1214 963 1268 Domino
994 1222 1206 1284 petens,
1232 1227 1329 1267 cur
1352 1212 1403 1266 in
1428 1212 1478 1266 id
1507 1210 1718 1266 animos
1738 1210 2044 1279 extulisset,

443 1317 500 1360 ut
531 1306 681 1376 regni
714 1306 796 1362 sui
817 1307 1111 1375 potentiam
1128 1320 1191 1360 ex
1207 1320 1429 1359 suorum
1459 1304 1637 1374 potius
1672 1303 2043 1368 multitudine,

439 1416 603 1470 quam
625 1416 689 1454 ex
716 1399 899 1454 favore
930 1397 1116 1452 divino
1143 1398 1465 1452 aestimaret.
1495 1396 1681 1465 Itaque
1728 1396 1928 1450 missus
1976 1394 2045 1449 ad

442 1511 564 1549 eum
609 1495 863 1563 angelus,
897 1492 1095 1545 trinam
1143 1492 1190 1545 ei
1226 1505 1442 1560 poenam
1491 1488 1812 1557 denuntiat,
1848 1489 2046 1559 datque

444 1590 726 1647 arbitrium
753 1604 912 1643 unam
934 1587 1167 1658 eligendi
1187 1604 1199 1639 :
1218 1586 1311 1643 sed
1337 1585 1612 1656 proposita
1635 1584 1852 1639 triennii
1881 1583 2059 1651 fame,

444 1685 607 1739 trium
636 1683 902 1738 mensium
933 1681 1077 1750 fuga,
1112 1687 1288 1735 morte
1320 1679 1516 1744 tridui;
1552 1678 1730 1749 fugam
1765 1686 1819 1731 et
1849 1678 2044 1732 famem

2149 465 2339 521 dubito
2370 465 2718 522 librariorum
2751 466 2933 536 potius
2956 465 3311 537 negligentia,
3341 468 3649 538 prmsertim
3681 476 3765 525 tot.

2147 562 2258 631 jam
2290 562 2504 617 smculis
2548 560 3041 627 intercedentibus,
3083 561 3369 618 veritatem
3417 560 3593 619 fuisse
3638 578 3764 619 cor-

2151 663 2385 725 ruptam,
2413 671 2575 727 quam
2607 664 2665 709 ut
2700 653 2964 725 propheta
3010 655 3287 711 erraverit
3319 674 3331 708 :
3371 656 3514 712 sicut
3554 656 3609 712 in
3658 656 3765 715 hoc

2152 748 2268 819 ipso
2291 758 2479 803 nostro
2503 750 2766 818 epusculo
2785 750 3027 804 futurum
3047 749 3344 813 credimus,
3369 760 3424 804 ut
3446 751 3765 809 describen-

2153 842 2284 896 tittm
2314 843 2545 906 incuria,
2572 858 2693 912 quae
2722 857 2828 896 non
2854 844 3130 897 incuriose
3148 856 3176 895 a
3200 841 3358 898 nobis
3379 852 3507 898 sunt
3526 842 3763 915 digesta,

2152 934 2427 989 vitientur.
2460 933 2629 1005 Igitur
2656 934 2915 989 Salomon
2942 943 3179 1004 coeptum
3213 935 3399 1006 templi
3431 950 3568 1006 opus
3608 936 3765 1008 vige-

2150 1028 2289 1081 simo
2317 1042 2462 1082 anno
2491 1028 2774 1097 explicuit.
2801 1026 3094 1082 Celebrato
3124 1027 3325 1083 deinde
3361 1027 3561 1085 ibidem
3590 1030 3765 1086 sacri-

2150 1118 2298 1185 ficio,
2331 1119 2587 1190 dictaque
2617 1120 2905 1185 oratione,
2941 1134 3049 1191 qua
3092 1121 3350 1191 populum
3388 1121 3765 1193 templumque

2148 1211 2461 1277 benedixit,
2490 1212 2754 1267 Dominus
2776 1211 2841 1267 ad
2882 1228 3006 1268 eum
3035 1213 3251 1268 locutus
3281 1220 3399 1279 est,
3433 1213 3767 1271 denuntians

2150 1305 2296 1372 fore,
2326 1307 2370 1361 si
2400 1307 2618 1378 quando
2647 1317 3048 1377 peccassentac
3068 1306 3357 1362 Dominum
3389 1308 3764 1379 reliquissent,

2151 1401 2413 1470 templum
2444 1400 2578 1456 illud
2608 1402 2728 1457 solo
2759 1401 3109 1473 mquandum.
3140 1403 3284 1473 quod
3309 1401 3635 1473 jampridem
3668 1404 3767 1458 im-

2150 1496 2351 1562 pletum
2375 1494 2642 1560 videmus,
2672 1502 2727 1551 et
2760 1509 2887 1549 mox
3037 1509 3345 1550 connexum
3396 1510 3583 1551 rerum
3607 1495 3765 1551 ordi-

2150 1602 2273 1643 nem
2314 1603 2671 1659 exponemus.
2723 1587 2937 1645 Interea
2989 1588 3246 1646 Salomon
3292 1586 3495 1644 ﬂorens
3538 1589 3763 1660 opibus,

2150 1683 2391 1737 omnium
2420 1684 2512 1753 qui
2543 1698 2806 1754 umquam
2839 1684 3056 1739 fuerant
3089 1699 3272 1754 regum
3296 1683 3623 1751 ditissimus,
3653 1686 3766 1755 qui-

442 1776 776 1840 detestatus,
825 1783 1057 1829 mortem
1108 1773 1269 1843 elegit
1304 1788 1318 1825 :
1362 1782 1746 1841 momentoque
1786 1771 2047 1840 temporis
2079 1766 2124 1826 Β
2151 1791 2255 1846 que
2278 1792 2499 1845 semper
2528 1777 2662 1833 ordo
2690 1792 2874 1833 rerum
2915 1786 3020 1843 est,
3053 1777 3122 1831 ab
3148 1777 3343 1847 opibus
3381 1778 3433 1832 in
3477 1778 3662 1832 luxum
3710 1786 3768 1835 et

444 1885 545 1924 Lxx
570 1867 733 1923 millia
763 1867 1007 1921 virorum
1040 1866 1317 1920 interiere.
1354 1864 1488 1918 Tum
1520 1863 1690 1918 David
1723 1862 1912 1919 videns
1945 1878 2045 1917 an-

440 1960 641 2029 gelum,
673 1959 832 2028 cujus
845 1958 1061 2012 dextera
1080 1957 1311 2026 populus
1335 1955 1810 2026 prosterncbatur,
1834 1954 2048 2009 veniam

443 2051 680 2122 precari,
714 2064 881 2120 seque
909 2063 1075 2103 unum
1125 2064 1225 2118 pro
1270 2047 1525 2102 omnibus
1554 2062 1731 2115 poenae
1757 2046 1999 2116 objicere
2033 2065 2045 2099 :

444 2162 505 2201 se
537 2146 754 2216 dignum
787 2143 977 2209 exilio,
1004 2142 1129 2212 quia
1181 2142 1297 2210 ipse
1344 2148 1648 2210 peccasset.
1678 2139 1754 2194 Ita
1794 2154 2047 2195 aversum

446 2238 626 2310 plebis
648 2237 997 2307 supplicium.
1034 2233 1205 2289 David
1232 2234 1283 2289 in
1312 2234 1454 2301 loco,
1486 2234 1538 2288 in
1560 2248 1667 2304 quo
1689 2232 1944 2304 angelum
1973 2233 2050 2286 vi-

445 2332 623 2397 derat,
653 2346 800 2385 aram
824 2328 1057 2383 Domino
1086 2327 1303 2382 statuit.
1328 2326 1447 2381 llon
1480 2326 1639 2390 annis
1662 2334 1717 2381 et
1749 2325 1941 2381 morbo
1971 2327 2053 2380 in-

445 2424 695 2489 fractior,
718 2422 1070 2478 Salomonem
1106 2419 1298 2487 filium,
1330 2435 1397 2475 ex
1428 2418 1695 2475 Bersabee
1720 2419 1863 2475 Uriae
1886 2435 2052 2476 uxore

446 2524 802 2585 susceptum,
852 2528 1229 2569 successorem
1257 2511 1416 2583 regni
1444 2513 1750 2568 constituit.
1790 2512 1839 2567 Is
1882 2514 2053 2583 regali

443 2619 723 2680 unguento
749 2622 843 2677 per
865 2606 1044 2663 Sadoc
1070 2605 1411 2661 sacerdotem
1431 2612 1658 2671 unctus,
1689 2612 1843 2675 patre
1868 2605 2049 2661 adhuc

443 2702 703 2757 incolumi
753 2717 851 2757 rex
893 2701 1214 2771 appellatus.
1249 2699 1441 2767 David,
1476 2714 1599 2755 cum
1627 2707 1913 2769 regnasset
1949 2714 2052 2754 an-

451 2808 552 2851 nos
573 2811 643 2849 x1.
656 2793 948 2849 defunctus
974 2802 1082 2849 est.

518 2888 769 2943 XXXIX.
803 2888 1064 2945 Salomon
1122 2888 1277 2941 initio
1315 2887 1467 2958 regni
1520 2888 1713 2942 urbem
1746 2902 1901 2941 muro
1930 2886 2053 2960 .cir-

446 2982 746 3038 cumdedit.
779 2981 920 3037 Huic
962 2997 1059 3052 per
1086 2995 1343 3051 soporem
1383 2989 1565 3036 astare
1596 2980 1859 3035 Dominus
1905 2980 2054 3035 visus

444 3085 550 3141 est,
580 3075 803 3145 petendi
825 3090 949 3145 quae
978 3074 1146 3130 vellet
1195 3073 1442 3129 tribuens
1496 3074 1794 3143 optionem.
1819 3072 1927 3128 Sed
1960 3073 2052 3128 ille

2154 1870 2282 1924 vitia
2329 1870 2609 1940 delapsus,
2658 1884 2781 1925 cum
2828 1869 3121 1925 adversum
3166 1869 3513 1926 interdictum
3570 1869 3666 1924 Dei
3696 1884 3763 1925 ex

2152 1963 2473 2034 alienigenis
2498 1963 2747 2034 conjugia
2775 1964 3123 2033 sumpsisset,
3156 1972 3210 2018 et
3246 1962 3356 2033 jam
3389 1962 3765 2034 septingentas

2154 2071 2357 2111 uxores
2386 2064 2441 2111 et
2493 2064 2768 2111 trecentas
2819 2055 3156 2111 concubinas
3205 2055 3449 2122 haberet,
3500 2054 3663 2119 idola,
3683 2054 3767 2111 eis

2154 2148 2263 2202 ritu
2313 2149 2555 2217 gentium
2615 2162 2860 2216 suarum,
2912 2148 3110 2218 quibus
3160 2146 3405 2214 litarent,
3460 2146 3762 2203 constituit.

2154 2240 2366 2308 Quibus
2397 2241 2561 2298 rebus
2611 2256 2837 2297 aversus
2885 2241 3174 2307 Dominus,
3223 2242 3462 2313 graviter
3496 2241 3767 2312 increpito

2157 2346 2370 2403 pmnam
2394 2332 2757 2400 denuntiavit,
2789 2331 2909 2388 fore
2931 2343 2990 2387 ut
3019 2348 3244 2403 regnum
3278 2347 3345 2388 ex
3376 2343 3531 2403 parte
3560 2331 3767 2401 majore

2154 2425 2468 2498 ademptum
2520 2426 2666 2493 filio,
2707 2441 2868 2483 servo
2898 2425 3043 2481 illius
3075 2424 3414 2491 traderetur;
3480 2424 3644 2496 idque
3692 2425 3765 2480 ita

2154 2522 2374 2580 accidit.

2227 2615 2359 2672 XLI.
2385 2614 2521 2670 Nam
2557 2612 2818 2670 defuncto
2849 2611 3142 2669 Salomone
3190 2625 3333 2668 anno
3373 2610 3583 2681 imperii
3630 2624 3763 2680 qua-

2156 2708 2489 2780 dragesimo,
2530 2721 2651 2761 cum
2680 2704 2924 2761 Roboam
2969 2704 3111 2758 filius
3140 2717 3285 2757 anno
3315 2701 3494 2757 aetatis
3522 2709 3679 2758 sexto
3710 2708 3768 2757 et

2156 2801 2369 2858 decimo
2400 2814 2624 2868 regnum
2650 2797 2881 2867 patrium
2913 2803 3101 2851 tenere
3129 2794 3407 2864 coepisset,
3427 2808 3553 2863 pars
3578 2792 3762 2864 p0puli

2157 2892 2226 2949 ab
2266 2906 2332 2946 eo
2363 2890 2571 2945 offensa
2598 2889 2852 2945 discedit.
2882 2887 3097 2944 Etenim
3125 2904 3248 2944 cum
3298 2886 3471 2942 laxari
3515 2885 3621 2943 sibi
3667 2887 3765 2940 sti-

2158 2984 2412 3055 pendium
2468 2982 2830 3055 poposcisset,
2878 2980 3022 3052 quod
3071 2980 3329 3037 Salomon
3384 2979 3764 3050 gravissimum

2159 3079 2521 3147 imposuerat;
2558 3074 2854 3145 repudiatis
2884 3075 3138 3145 precibus
3160 3072 3495 3144 supplicum,
3524 3072 3765 3127 favorem

450 3182 561 3224 non
587 3168 731 3222 aliud
756 3168 858 3222 sibi
882 3182 1044 3238 quam
1066 3167 1393 3235 sapientiam
1412 3166 1531 3221 dari
1553 3167 1821 3236 poposcit.
1839 3166 2048 3237 reliqua
2079 3146 2126 3209 (ἶ
2159 3146 2425 3227 universae
2453 3170 2627 3239 plebis
2652 3178 2957 3224 averterat:
2979 3168 3162 3238 itaque
3183 3183 3459 3224 consensu
3481 3168 3756 3236 omnium,

447 3266 629 3318 omnia
661 3263 809 3333 parvi
832 3263 1131 3318 mstimans.
1152 3261 1229 3315 Ita
1248 3275 1445 3316 somno
1461 3262 1751 3327 excitatus,
1783 3277 1907 3315 cum
1924 3269 2051 3316 ante

447 3358 746 3414 sacrarium
777 3354 1349 3432 Domini-constitisset
1366 3394 1382 3421 ,
1404 3354 1623 3409 indultae
1644 3354 1745 3409 sibi
1764 3370 1794 3409 a
1820 3353 2052 3409 Domino

447 3454 736 3524 sapientia:
761 3452 1157 3507 documentum
1184 3448 1351 3504 dedit.
1377 3449 1619 3520 Namque
1646 3449 1766 3503 dua:
1798 3450 2055 3505 mulieres

448 3560 555 3600 una
583 3545 637 3599 in
665 3544 828 3599 domo
859 3542 1203 3598 diversantes
1235 3557 1357 3596 cum
1390 3541 1582 3597 eodem
1624 3551 1870 3611 tempore
1922 3556 2055 3611 pue-

443 3652 535 3694 ros
565 3636 899 3703 edidissent,
950 3646 1111 3706 atque
1139 3651 1207 3691 ex
1236 3636 1319 3691 his
1340 3635 1480 3689 alter
1505 3644 1626 3706 post
1658 3634 1803 3691 diem
1838 3635 2053 3689 tertium

444 3742 605 3787 nocte
623 3732 861 3796 obisset;
883 3736 1059 3785 mater
1081 3728 1321 3784 defuncti
1345 3743 1540 3785 somno
1559 3728 2053 3783 alteriusinsidiata

442 3833 718 3879 mortuum
750 3837 908 3877 suum
954 3822 1274 3892 supposuit,
1308 3820 1581 3876 viventem
1632 3820 1877 3875 abstulit.
1926 3819 2057 3876 Inde

447 3920 591 3972 inter
615 3932 707 3972 eas
729 3917 799 3971 de
818 3930 991 3985 puero
1012 3913 1332 3979 altercatio;
1362 3921 1641 3983 postremo
1663 3927 1753 3967 res
1781 3912 1847 3967 ad
1873 3928 2056 3983 regem

445 4007 915 4066 delatazdifficilis
945 4007 1137 4076 judicii
1169 4004 1442 4061 absolutio
1471 4007 1618 4060 inter
1647 4014 1929 4075 negantes,
1963 4004 2056 4060 ubi

446 4104 607 4160 testis
635 4104 845 4157 deerat.
875 4100 1015 4155 Tum
1047 4099 1305 4154 Salomon
1328 4098 1531 4153 divinae
1552 4097 1833 4167 sapientia:
1861 4113 2056 4154 mune-

448 4214 510 4253 re
544 4196 735 4266 pcrimi
759 4209 1010 4264 puerum,
1036 4206 1343 4263 corpusque
1368 4191 1484 4261 ejus
1510 4190 1679 4246 dividi
1712 4192 1854 4246 inter
1885 4191 2059 4246 ambi-

448 4299 641 4361 gentes
659 4288 820 4360 jubet
838 4305 850 4342 :
868 4301 1101 4357 cumque
1122 4301 1228 4340 una
1243 4300 1428 4339 earum
1443 4284 1651 4355 judicio
1668 4285 2054 4355 acquievisset,

451 4383 557 4437 alia
591 4398 723 4437 vero
754 4381 952 4437 cedere
999 4380 1183 4450 potius
1235 4393 1403 4450 puero
1435 4394 1597 4450 quam
1649 4378 1890 4450 discerpi
1933 4394 2055 4435 eum

453 4476 675 4541 mallet;
701 4476 960 4531 Salomon
982 4489 1049 4530 ex
1068 4473 1264 4529 affectu
1288 4473 1503 4529 feminm
1527 4474 1668 4529 hanc
1682 4490 1813 4530 vere
1826 4482 2053 4529 matrem

448 4584 571 4627 esse
599 4571 948 4637 coniectans,
978 4583 1210 4640 puerum
1254 4568 1333 4623 illi
1380 4568 1742 4639 adjudicavit,
1796 4584 1904 4624 non
1937 4570 2055 4625 sine
2084 4541 2138 4601 D

448 4667 923 4722 circumstantium
956 4664 1318 4720 admiratione
1348 4664 1651 4735 :siquidem
1674 4664 1934 4720 latentem
1964 4679 2057 4719 ve-

448 4760 661 4815 ritatem
695 4758 983 4829 prudentia
1029 4758 1363 4828 protulisset.
1392 4757 1485 4811 -Ita
1532 4758 1584 4811 in
1637 4757 2054 4812 admirationem

448 4853 656 4921 ingenii
683 4853 1093 4923 prudentiaeque
1137 4852 1254 4920 ejus
1290 4865 1449 4921 reges
1475 4850 1778 4905 vicinarum
1809 4852 2055 4921 gentium

451 4944 744 5000 amicitiam
776 4945 845 4998 ah
882 4959 949 4999 co
979 4942 1260 5015 foedusque
1298 4942 1528 5014 petiere,
1578 4943 1750 5013 parati
1786 4943 2051 5013 imperata

453 5038 652 5093 facere.

528 5131 638 5188 XL.
672 5132 837 5200 Queis
867 5130 1063 5203 opibus
1092 5129 1352 5196 confisus,
1378 5129 1641 5199 templum
1688 5129 1917 5184 Domino
1960 5130 2061 5184 im-

452 5230 629 5284 mensi
647 5227 834 5298 operis
852 5226 1035 5283 facere
1062 5239 1376 5297 aggressus,
1408 5227 1612 5294 paratis
1645 5238 1738 5294 per
1762 5225 2056 5279 triennium

447 5326 765 5397 impendiis,
798 5332 996 5396 quarto
1029 5323 1139 5378 fere
1182 5321 1394 5391 imperii
1434 5333 1577 5375 anno
1606 5320 1839 5390 primum
1868 5317 2063 5373 funda-

453 5429 695 5475 mentum
716 5419 871 5488 jecit,
915 5432 945 5471 a
971 5415 1314 5486 profectione
1338 5412 1691 5468 Hebraeorum
1722 5426 1788 5467 ex
1819 5410 2057 5483 Egypto

449 5531 595 5571 anno
632 5515 749 5571 fere
785 5521 977 5567 octavo
1017 5520 1077 5565 et
1116 5509 1451 5579 octogesimo
1480 5517 1535 5563 et
1572 5506 2053 5576 quingentesimo:

450 5608 577 5664 licet
601 5610 744 5664 libro
765 5607 1076 5677 Regnorum
1108 5603 1270 5659 tertio
1298 5615 1506 5658 ccccxt.
1525 5599 1691 5656 fuisse
1714 5597 2054 5673 referantur;

452 5701 596 5772 quod
654 5714 996 5772 nequaquam
1040 5697 1297 5754 convenit
1340 5714 1352 5748 :
1392 5692 1661 5765 siquidem
1704 5707 1804 5762 per
1851 5690 2053 5748 seriem

450 5794 701 5866 superius
723 5798 1177 5865 comprehensam
1205 5792 1423 5855 facilius
1452 5788 1635 5855 fuerit,
1666 5795 1724 5843 nt
1748 5788 1927 5844 minus
1951 5786 2053 5844 fer—

2156 3263 2444 3333 imperium
2473 3260 2539 3316 ad
2594 3261 2915 3316 llieroboam
2949 3259 3214 3317 defertur.
3261 3260 3313 3315 Is
3349 3260 3535 3317 medio
3558 3276 3763 3333 genere

2158 3366 2332 3421 ortus,
2367 3354 2696 3425 aliquamdiu
2725 3353 3009 3409 Salomoni
3037 3355 3361 3411 servitutem
3395 3354 3763 3429 pependerat:

2159 3449 2251 3505 sed
2276 3464 2397 3504 cum
2443 3449 2493 3504 ei
2525 3463 2789 3518 responso
2838 3446 3024 3503 Achiae
3070 3448 3354 3519 propheta:
3396 3464 3626 3521 regnum
3658 3448 3768 3505 He-

2158 3541 2433 3597 braeorum
2496 3539 2877 3595 annuntiatum
2940 3540 3332 3611 comperisset,
3390 3555 3587 3596 necare
3641 3554 3767 3596 eum

2160 3635 2298 3691 clam
2320 3634 2719 3700 destinaverat;
2752 3650 2861 3706 quo
2889 3636 2980 3691 ille
3004 3646 3151 3693 metu
3178 3635 3231 3690 in
3255 3634 3552 3705 Egyptum
3573 3635 3768 3690 confu-

2161 3730 2273 3800 git:
2305 3730 2487 3799 ibique
2513 3744 2683 3784 uxore
2721 3738 2941 3799 accepta
2990 3744 3055 3783 ex
3099 3730 3267 3797 stirpe
3304 3727 3450 3796 regia
3476 3767 3492 3793 ,
3545 3727 3765 3796 cegnita

2162 3821 2379 3875 demum
2404 3820 2717 3876 Salomonis
2738 3830 2915 3875 morte
2931 3820 2981 3874 in
3002 3819 3171 3873 solum
3199 3819 3432 3889 patrium
3456 3834 3764 3890 regressus,

2165 3913 2441 3968 voluntate
2473 3912 2679 3982 populi,
2715 3922 2773 3966 ut
2798 3926 2960 3983 supra
2990 3911 3298 3977 retulimus,
3329 3912 3563 3982 sumpsit
3592 3912 3765 3984 impe-

2163 4006 2325 4062 rium.
2377 4006 2553 4061 Penes
2586 4002 2828 4059 Roboam
2872 4013 3052 4061 tamen
3107 4004 3227 4060 dum
3272 4005 3471 4071 tribus,
3527 4004 3681 4061 Judre
3715 4016 3769 4061 et

2164 4097 2469 4169 Benjamin,
2499 4097 2816 4153 resederant
2846 4117 2859 4152 :
2884 4114 2949 4154 ex
2983 4098 3067 4153 his
3097 4099 3167 4155 ad
3196 4108 3443 4157 trecenta
3477 4101 3643 4156 millia
3675 4116 3768 4172 pa-

2163 4194 2305 4247 ravit
2331 4190 2654 4247 exercitum.
2686 4189 2931 4261 Curaque
2973 4192 3118 4247 acies
3143 4202 3617 4263 promoverentur,
3650 4208 3769 4249 ver-

2164 4284 2248 4341 bis
2282 4286 2377 4341 Dei
2425 4285 2653 4356 populus
2697 4284 3045 4350 admonetur,
3091 4286 3276 4355 praelio
3326 4286 3670 4343 abstineret:
3701 4301 3799 4341 ex'

2164 4392 2265 4433 suo
2299 4389 2429 4432 nutu
2463 4378 2788 4434 llieroboam
2841 4393 3071 4449 regnum
3116 4381 3411 4450 accepisse.
3447 4380 3525 4435 Ita
3574 4389 3761 4450 spreto

2166 4470 2308 4541 regis
2335 4470 2564 4540 imperio
2584 4510 2599 4534 ,
2625 4469 2902 4527 exercitus
2922 4471 3194 4542 dilapsus,
3230 4472 3559 4529 llieroboam
3592 4473 3766 4544 impe-

2166 4565 2302 4619 rium
2343 4564 2689 4619 invaluerat:
2723 4564 2820 4619 sed
2867 4581 2990 4620 cum
3040 4564 3476 4636 Hierosolymam
3522 4566 3770 4623 Roboam

2168 4658 2459 4724 obtineret,
2486 4657 2579 4713 ubi
2611 4659 2812 4728 templo
2846 4674 2877 4713 a
2908 4660 3200 4715 Salomone
3238 4650 3381 4714 facto
3420 4661 3653 4729 populus
3681 4675 3771 4717 sa-

2167 4751 2414 4809 crificare
2439 4752 2665 4808 Domino
2686 4762 3079 4818 consueverat;
3108 4753 3313 4808 veritus
3330 4753 3675 4822 llieroboam,
3702 4770 3775 4813 ne

2166 4845 2233 4900 ab
2258 4859 2324 4900 eo
2347 4844 2556 4916 plebem
2588 4846 2782 4915 religio
2831 4855 3139 4912 averteret,
3172 4847 3360 4901 statuit
3400 4847 3613 4905 animos
3652 4847 3772 4918 ejus

2166 4939 2559 5008 superstitione
2584 4953 2874 5009 occupare.
2898 4937 3084 5010 Itaque
3106 4955 3325 4995 vaccam
3345 4955 3566 4997 auream
3587 4942 3641 4996 in
3671 4942 3773 4998 Be-

2169 5030 2315 5097 thel,
2356 5032 2580 5087 alteram
2613 5032 2754 5102 apud
2787 5032 2901 5087 Dan
2931 5034 3245 5100 constituit,
3289 5034 3490 5106 quibus
3536 5038 3774 5107 populus

2169 5128 2349 5183 litaret
2383 5144 2395 5180 :
2428 5126 2876 5196 sacerdotesque,
2905 5128 3109 5183 omissa
3144 5128 3273 5185 Levi
3314 5130 3492 5197 tribu,
3520 5146 3586 5186 ex
3616 5132 3772 5201 plebe

2167 5220 2422 5276 instituit.
2455 5220 2692 5275 Invisum
2725 5220 2959 5277 Domino
2981 5219 3243 5292 flagitium
3258 5223 3623 5294 expostulatio
3642 5238 3773 5280 con-

2167 5323 2373 5371 secuta.
2425 5313 2630 5370 Crebra
2655 5313 2855 5370 deinde
2902 5315 3045 5371 inter
3095 5331 3253 5389 reges
3316 5317 3501 5389 praelia
3543 5335 3559 5373 :
3606 5317 3773 5375 dubio

2167 5419 2362 5466 eventu
2394 5424 2621 5480 regnum
2641 5407 2986 5466 obtinebant.
3010 5409 3259 5467 Iloboam
3291 5412 3525 5483 septimo
3546 5422 3603 5469 et
3622 5411 3772 5468 deci-

2164 5517 2252 5558 mo
2283 5501 2499 5570 imperii
2530 5516 2673 5556 anno
2697 5512 2915 5570 exacto,
2939 5501 3051 5557 vita
3073 5502 3290 5559 functus
3317 5515 3421 5560 est.

2235 5593 2399 5649 XLII.
2450 5594 2505 5649 In
2548 5594 2709 5665 hujus
2753 5596 2937 5650 locum
2986 5594 3127 5649 Abiu
3181 5594 3326 5651 ﬁlius
3371 5598 3491 5667 ejus
3542 5612 3773 5671 regnum

2162 5687 2561 5760 Hierosolymae
2584 5704 2677 5744 sex
2707 5702 2881 5744 annos
2912 5686 3126 5753 tenuit;
3174 5690 3422 5759 quamvis
3453 5690 3507 5745 in
3540 5691 3773 5748 Chroni-

2164 5781 2243 5837 cis
2277 5782 2513 5839 triennio
2540 5794 2795 5847 regnasse
2838 5777 3124 5837 referatur.
3160 5781 3296 5839 Huic
3336 5782 3443 5840 Asa
3475 5782 3618 5842 ﬁlius
3648 5766 3773 5839 ene;
