4200 6180
389 301 485 362 121

1611 303 1935 364 HISTORIA
1974 305 2225 367 SACRA.
2264 308 2394 368 LIB.
2437 310 2475 370 l.

3596 324 3703 380 ω

382 419 577 485 cessit,
612 434 642 475 a
682 420 848 477 David
877 420 1101 494 quintus
1130 419 1242 478 fere
1265 462 1282 490 ,
1322 420 1522 492 quippe
1572 420 1815 494 abnepos
1844 424 1986 495 ejus.
2018 427 2073 490 Α
2097 424 2197 482 bus
2224 441 2352 483 cccc
2380 427 2494 485 fere
2521 435 2635 485 ett.
2662 429 2803 486 inter
2834 444 2930 488 eos
2958 431 3085 488 inde
3106 440 3226 489 orla
3254 442 3339 491 est
3367 434 3650 496 altercatio
3683 456 3700 496 :

383 512 511 569 Fuit
550 514 837 585 religiosus
880 515 1095 571 Domini
1144 514 1323 571 cultor
1354 534 1367 570 :
1401 530 1633 587 namque
1658 516 1853 574 deletis
1878 522 1989 578 aris

2094 517 2209 573 Elia
2259 519 2545 576 Dominum
2580 521 2947 592 praedicante,
2998 524 3075 580 illi
3119 526 3535 597 superstitiones
3574 544 3702 588 suas

382 606 635 678 lucisque
664 607 957 675 idolorum,
992 610 1229 680 vestigia
1259 619 1498 681 paterna:
1528 613 1766 684 perﬁdia:
1806 624 1991 671 suslu-
2091 612 2440 680 asserebant;
2473 625 2749 685 POSH‘emO
2777 616 2980 687 Ριθευξῐ
3008 617 3125 675 ﬁeri
3159 619 3458 690 pericvlllm
3485 665 3500 691 ,
3529 632 3623 693 ιιι,
3650 625 3698 681 Si

382 700 471 768 Iit,
499 700 673 757 foedus
701 717 823 757 cum
852 718 983 775 rege
1009 703 1183 775 Syria:
1208 704 1449 761 ﬁrmavit
1473 724 1485 761 :
1506 707 1625 778 ejus
1647 709 1850 765 auxilio
1864 710 1988 765 Ilie-

382 794 567 851 rebate
597 812 824 867 regnum
855 840 870 866 ,
903 798 1047 869 quod
1096 809 1207 854 tum
1251 815 1279 854 a
1320 799 1432 855 ﬁlio
1459 803 1747 859 tenebatur
1771 845 1787 871 ,
1818 805 1985 861 multa

380 889 534 944 clade
554 890 756 956 affecit;
785 908 851 948 ac
879 908 1026 965 saepe
1056 895 1215 951 victis
1242 895 1488 952 hostibus
1528 898 1763 969 praedam
1805 915 1871 956 ex
1900 901 1982 955 vi-

376 985 545 1039 ctoria
586 987 804 1042 retulit.
834 987 964 1044 Post
994 1006 1159 1045 unum
1189 1000 1241 1046 el
1273 990 1751 1063 quadragesimum
1778 1010 1980 1050 annum

374 1093 517 1151 :eger
544 1080 780 1152 pedibus
811 1082 1072 1139 decessit.
1107 1084 1243 1141 Iluic
1273 1086 1470 1157 triplex
1500 1098 1781 1160 peccatum
1814 1090 1982 1146 ascri-

372 1173 559 1232 bitur:
593 1192 803 1244 unum,
853 1179 999 1249 quod
1044 1181 1310 1237 societate
1340 1184 1483 1254 regis
1527 1183 1699 1255 Syria:
1750 1184 1979 1239 nimium

372 1265 611 1322 conlisus
652 1266 725 1322 sit
758 1285 771 1320 :
803 1267 1037 1324 alterum
1062 1312 1078 1339 ,
1112 1270 1253 1342 quod
1290 1272 1606 1343 prophetam
1637 1273 1849 1329 Domini
1877 1274 1981 1330 hoc

373 1359 547 1430 ipsum
600 1360 979 1432 increpantem
1035 1365 1087 1419 in
1135 1366 1348 1420 vincula
1401 1367 1637 1436 conjecit
1683 1384 1696 1420 :
1739 1368 1975 1433 tertium,

368 1454 498 1523 quia
521 1454 574 1509 in
607 1455 808 1526 pedum
836 1456 1024 1514 dolore
1053 1459 1355 1516 remedium
1384 1475 1492 1517 non
1523 1476 1552 1515 a
1581 1462 1813 1519 Domino
1835 1505 1849 1529 ,
1880 1464 1975 1519 sed

369 1561 399 1601 a
429 1548 657 1604 medicis
678 1553 1002 1620 speraverit.
1052 1552 1159 1609 Sed
1189 1554 1345 1611 initio
1371 1556 1520 1627 regni
1553 1555 1715 1628 hujus
1736 1598 1751 1624 ,
1785 1557 1977 1615 Hiero-

366 1639 527 1696 boam
561 1657 659 1698 rex
695 1643 884 1699 decem
943 1645 1182 1701 tribuum
1236 1646 1523 1704 defunctus
1569 1658 1688 1717 est;
1746 1666 1972 1721 regnum

366 1730 557 1789 Nadab
582 1736 695 1791 ﬁlio
732 1736 970 1809 reliquit.
1016 1738 1066 1793 Is
1106 1740 1264 1796 malis
1294 1742 1552 1811 operibus
1577 1784 1590 1808 ,
1634 1752 1690 1799 et
1718 1752 1826 1799 tam
1856 1746 1971 1800 suis

2091 704 2244 774 cujus
2266 720 2463 762 caesam
2508 708 2739 763 hostiam
2770 709 2969 766 missus
2993 711 3140 768 ctelo
3168 714 3305 785 ignis
3344 716 3689 787 absumeret,

2088 808 2207 854 rata
2238 811 2383 856 esset
2414 802 2605 873 religio
2633 819 2753 873 quae
2790 805 3047 860 virtutem
3080 806 3367 863 edidisset.
3400 808 3476 864 Ila
3507 824 3693 865 sacer-

2089 894 2243 950 dotes
2274 897 2459 951 occiso
2483 897 2651 953 vitulo
2681 898 2804 952 Baal
2839 898 3045 955 idolum
3091 904 3344 959 invocare
3370 913 3653 975 cmperunt
3679 921 3694 963 :

2087 988 2397 1063 frustraque
2420 993 2769 1062 consumptis
2798 994 3235 1051 invocationibus
3262 997 3693 1054 imbecillitatem

2084 1086 2288 1143 domini
2324 1089 2406 1145 sui
2441 1090 2604 1146 tacite
2649 1090 2984 1147 fatebantur.
3032 1091 3170 1148 Tum
3217 1109 3346 1150 vero
3379 1093 3527 1150 Elias
3562 1096 3691 1151 irri-

2083 1181 2219 1238 dens
2261 1198 2378 1250 eos,
2409 1184 2488 1241 Ne
2514 1184 2679 1253 forte,
2714 1186 2915 1256 inquit,
2950 1186 3189 1242 dormiat
3225 1188 3496 1244 :clamate
3526 1188 3693 1244 vehe-

2083 1277 2339 1342 mentius,
2394 1286 2452 1331 ut
2491 1292 2687 1333 somno
2717 1294 2825 1344 quo
2858 1288 3074 1333 tenetur
3099 1278 3340 1350 evigilet.
3395 1280 3689 1335 Enimvero

2081 1367 2266 1424 miseri
2295 1368 2627 1440 trepidantes
2658 1383 2934 1434 mussare,
2962 1378 3017 1424 et
3050 1381 3230 1426 tamen
3259 1371 3513 1441 quidnam
3542 1372 3690 1429 Elias

2082 1460 2322 1517 facturus
2370 1471 2517 1519 esset
2563 1473 2901 1532 exspectare.
2946 1462 3139 1519 Atille
3187 1477 3391 1519 cazsum
3450 1464 3684 1520 vitulum

2078 1555 2357 1628 imposuit,
2390 1573 2512 1612 cum
2545 1558 2693 1627 prius
2718 1560 3016 1614 sacrarium
3061 1574 3198 1630 aqua
3229 1559 3507 1631 opplesset
3540 1579 3554 1616 :
3598 1562 3683 1616 in-

2075 1659 2376 1722 vocatoquc
2402 1652 2653 1717 Domino,
2678 1654 3123 1724 exspectantibus
3153 1658 3364 1712 cunctis
3383 1656 3524 1727 ignis
3540 1656 3684 1713 caelo

2074 1743 2332 1816 delapsus
2360 1762 2555 1817 aquam
2604 1762 2725 1803 cum
2777 1746 2951 1802 hostia
2982 1748 3307 1820 absumpsit.
3356 1749 3495 1806 Tum
3548 1765 3681 1807 vero

365 1841 529 1897 quam
583 1831 826 1899 paternis
856 1833 1072 1888 meritis
1119 1833 1330 1890 invisus
1372 1836 1641 1904 Domino,
1686 1853 1793 1894 non
1827 1840 1964 1895 ultra
1998 1821 2045 1882 Β
2074 1836 2306 1907 pepulus
2357 1838 2475 1891 solo
2526 1847 2733 1892 stratus
2763 1838 3051 1895 Dominum
3098 1840 3299 1909 fateri,
3347 1841 3493 1898 idola
3521 1858 3684 1901 exse-

363 1919 645 1977 biennium
675 1938 843 1994 regno
889 1925 1094 1995 potitus
1132 1935 1247 1992 est,
1280 1928 1597 2001 privataque
1625 1930 1855 2002 imperio
1885 1932 1966 1987 in-

362 2014 525 2087 digna
556 2018 865 2089 progenies.
902 2020 1129 2077 Baasam
1161 2022 1351 2078 Aehite
1393 2023 1566 2079 ﬁlium
1592 2041 1965 2083 successorem

363 2107 578 2176 habuit,
605 2127 759 2181 atque
786 2127 815 2166 a
845 2112 1076 2169 Domino
1095 2115 1524 2183 alienissimum;
1554 2118 1708 2189 isque
1737 2130 1892 2175 sexto
1912 2129 1966 2175 et

363 2201 635 2273 vigesimo
683 2205 892 2275 imperii
939 2221 1083 2264 anno
1127 2208 1417 2265 defunctus
1467 2220 1572 2266 est.
1597 2211 1845 2284 Regnum
1897 2214 1965 2271 ad

360 2299 523 2355 Elam
567 2301 737 2357 lilium
787 2304 1132 2371 devolutum,
1166 2320 1267 2360 nec
1298 2306 1436 2361 ultra
1468 2307 1745 2363 biennium
1786 2317 1966 2365 relen-

360 2405 515 2459 lum;
565 2411 804 2467 namque
849 2414 972 2454 eum
1005 2399 1223 2456 Zambri
1264 2401 1515 2472 princeps
1560 2402 1802 2473 cquilutn
1833 2418 1966 2474 epu-

335 2488 560 2543 '|antem
593 2488 894 2557 interfecit,
919 2506 1258 2563 regnumque
1279 2494 1569 2564 occupavit
1598 2512 1612 2549 :
1639 2495 1720 2550 vir
1736 2496 1964 2567 perinde

357 2583 410 2637 in
444 2582 732 2638 Dominum
756 2592 921 2655 atque
952 2584 1202 2643 homines
1229 2588 1449 2658 impius.
1479 2589 1565 2644 Ab
1586 2590 1691 2646 hoc
1718 2605 1845 2661 pars
1870 2605 1962 2660 po-

358 2678 471 2748 puli
502 2680 767 2745 secessit;
812 2680 1047 2736 Thamni
1091 2681 1304 2738 cuidam
1335 2684 1545 2755 regium
1577 2699 1774 2741 nomen
1812 2685 1963 2741 dela-

358 2779 495 2838 tum,
525 2772 621 2827 sed
651 2772 868 2828 Zambri
900 2784 1029 2829 ante
1070 2778 1213 2830 hunc
1261 2772 1470 2846 septem
1521 2792 1695 2832 annos
1742 2786 1799 2832 et
1834 2792 1957 2833 cum

358 2864 547 2920 eodem
590 2866 881 2923 duodecim
925 2869 1192 2939 regnavit.
1246 2869 1316 2925 At
1345 2871 1398 2926 in
1433 2878 1584 2941 parte
1608 2872 1779 2928 tribus
1806 2872 1958 2927 Iuda:

358 2956 464 3013 Asa
494 2968 709 3015 mortuo
732 3002 748 3025 ,
777 2959 1039 3032 Iusaphat
1064 2961 1211 3018 ﬁlius
1238 2963 1355 3032 ejus
1383 2980 1613 3035 regnare
1636 2966 1801 3036 coepit
1827 3007 1842 3033 ,
1874 2966 1956 3021 vir

356 3053 628 3124 religiosis
656 3054 947 3111 virtutibus
994 3056 1194 3111 merito
1231 3057 1431 3113 clarus.
1486 3057 1537 3113 Is
1580 3073 1703 3113 cum
1748 3057 1955 3114 Iambri

356 3160 542 3217 pacem
573 3147 793 3212 habuit;
825 3148 1118 3205 defunctus
1149 3158 1232 3206 est
1256 3159 1437 3207 autem
1460 3195 1474 3219 ,
1517 3152 1957 3223 cum{regnasset

356 3253 526 3295 annos
552 3256 586 3294 γ
614 3250 670 3297 ει
696 3257 791 3296 ις.

425 3335 613 3391 XLIII.
633 3337 1031 3408 llujusimperii
1052 3347 1297 3407 tempore
1320 3337 1531 3404 Achab,
1554 3338 1765 3395 Iatnbri
1787 3340 1950 3409 ﬁlius,

356 3443 451 3485 rex
480 3429 671 3484 decem
704 3431 938 3486 tribuum
969 3430 1072 3485 fuit
1093 3472 1108 3497 ,
1156 3432 1296 3487 ultra
1346 3448 1540 3489 omnes
1582 3434 1634 3490 in
1664 3434 1953 3490 Dominum

357 3518 560 3589 impius
589 3538 603 3573 :
645 3535 877 3591 namque
913 3521 1133 3579 Iezabel
1161 3522 1269 3578 ﬁlia
1300 3524 1454 3580 Basw
1482 3525 1629 3596 regis
1657 3541 1723 3581 ex
1752 3524 1956 3583 Sidone

357 3611 417 3667 in
445 3613 801 3668 matrimonio
846 3626 1065 3686 accepta
1112 3616 1260 3671 Baali
1306 3617 1456 3672 idolo
1497 3633 1647 3674 aram
1696 3619 1955 3689 lucosque

350 3706 658 3773 constituit,
684 3716 741 3762 et
766 3708 1062 3779 prephelas
1096 3709 1307 3766 Domini
1332 3711 1644 3767 interemit:
1678 3728 1787 3783 quo
1820 3722 1957 3769 lem-

352 3813 483 3871 pore
526 3798 674 3855 Elias
711 3802 978 3871 propheta
1009 3806 1256 3859 oratione
1285 3804 1482 3859 coelum
1527 3804 1833 3870 conclusit,
1885 3819 1956 3861 ne

352 3891 591 3963 pluviam
622 3900 788 3949 terra:
818 3893 1008 3962 daret;
1042 3893 1203 3965 idque
1230 3896 1345 3965 regi
1374 3894 1758 3962 denuntiavit,
1790 3904 1850 3951 ut
1894 3910 1956 3953 se

353 3984 554 4056 impius
576 4000 792 4042 causam
825 3987 953 4042 mali
986 4001 1107 4043 esse
1132 3998 1511 4058 cognosceret.
1536 3988 1703 4059 Igitur
1723 4002 1953 4058 suspen-

352 4078 431 4133 sis
451 4078 593 4135 clnlo
613 4079 771 4150 aquis
792 4094 917 4135 cum
942 4079 1058 4135 loca
1083 4081 1265 4136 omnia
1286 4081 1480 4136 adusta
1506 4080 1642 4136 solis
1664 4080 1953 4137 ardoribus

353 4186 459 4228 non
491 4172 697 4228 victum
729 4171 1046 4230 hominibus
1072 4215 1086 4239 ,
1135 4188 1241 4229 non
1274 4174 1531 4243 pabulum
1565 4174 1830 4243 jnmentis
1856 4174 1951 4230 da-

350 4273 503 4331 rent;
556 4266 674 4335 ipse
717 4280 778 4321 se
806 4266 947 4321 intra
979 4264 1283 4336 periculum
1316 4265 1476 4321 famis
1516 4265 1785 4335 propheta
1820 4281 1953 4322 con-

349 4358 608 4414 eluserat.
643 4356 721 4412 Ea
754 4367 1079 4429 tempestate
1100 4372 1224 4414 cunt
1249 4374 1494 4415 eremum
1518 4359 1800 4429 petiisset;
1830 4372 1953 4414 cur-

351 4449 430 4504 vis
452 4449 636 4504 cibum
663 4449 1100 4506 ministrantibus
1125 4451 1259 4506 vixit
1286 4491 1302 4517 ,
1334 4465 1529 4522 aquam
1560 4459 1776 4507 torrens
1826 4465 1950 4521 pro-

351 4542 546 4609 ximus,
578 4542 754 4599 donec
779 4546 942 4608 aruit,
983 4545 1155 4601 dedit.
1208 4545 1338 4601 Inde
1366 4546 1677 4602 admonitus
1706 4561 1737 4600 a
1765 4546 1949 4601 Domi-

2073 1932 2215 1987 crari
2241 1947 2255 1985 :
2291 1940 2567 2001 postremo
2598 1932 2733 1987 Eli:e
2760 1932 2914 2005 jussu
2947 1934 3158 2004 profani
3190 1935 3505 1993 sacerdotes
3530 1953 3683 1995 com-

2074 2023 2331 2092 prehensi
2362 2024 2693 2094 deductique
2713 2024 2779 2080 ad
2810 2034 3132 2090 torrentem,
3164 2028 3345 2082 necati
3376 2038 3523 2083 sunt.
3568 2028 3681 2085 Re-

2070 2115 2325 2173 deuntem
2366 2117 2493 2174 inde
2533 2134 2714 2190 regem
2744 2118 3012 2190 propheta
3053 2133 3381 2192 prosecutus
3426 2132 3509 2179 est
3542 2124 3678 2181 :sed

2069 2226 2195 2267 cum
2226 2212 2276 2268 ei
2304 2212 2526 2269 Iezabel
2570 2213 2716 2284 regis
2752 2228 2889 2268 uxor
2915 2214 3041 2269 vita:
3086 2215 3390 2286 perieulum
3434 2226 3676 2287 pararet,

2069 2304 2137 2361 ad
2187 2306 2480 2360 remotiora
2530 2305 2779 2361 secessit.
2830 2304 2909 2361 lbi
2943 2322 3067 2362 eum
3116 2307 3380 2363 Dominus
3406 2307 3680 2364 allocutus

2068 2406 2173 2465 est,
2198 2407 2407 2469 septem
2442 2399 2614 2453 millia
2645 2398 2887 2454 virorum
2911 2414 3034 2455 esse
3064 2398 3243 2456 adhuc
3272 2402 3633 2472 pronuntians
3654 2444 3671 2472 ,

2068 2492 2157 2563 qui
2187 2507 2247 2548 se
2270 2492 2428 2547 idolis
2452 2506 2558 2547 non
2591 2492 2871 2549 dedissent
2901 2511 2913 2547 :
2939 2495 3137 2548 mirum
3172 2493 3225 2548 id
3254 2494 3386 2550 Elite
3411 2495 3511 2549 l'uit
3537 2537 3551 2563 ,
3582 2495 3676 2566 qui

2067 2585 2243 2640 solum
2270 2602 2330 2642 se
2360 2602 2391 2640 a
2411 2586 2698 2656 sacrilegio
2726 2588 3021 2643 immunem
3045 2602 3169 2644 esse
3196 2587 3525 2644 crediderat.

2139 2678 2324 2734 XLIV.
2350 2679 2425 2733 Ea
2456 2672 2778 2750 tempestate
2800 2680 2988 2735 Achab
3018 2696 3113 2736 rex
3136 2680 3408 2738 Samaria:
3453 2682 3667 2737 vineam

2066 2770 2349 2826 Nabuthazi
2390 2771 2762 2827 adhaerentem
2800 2774 2902 2828 sibi
2939 2774 3295 2843 concupivit;
3341 2790 3503 2846 quam
3545 2790 3671 2830 cum

2062 2863 2157 2920 ille
2204 2864 2257 2921 ei
2288 2863 2526 2920 vendere
2566 2865 2870 2931 noluisset,
2916 2865 3058 2920 dolis
3087 2865 3306 2921 Iezabel
3348 2866 3671 2923 interfectus

2060 2965 2183 3013 est:
2218 2957 2289 3012 ita
2318 2956 2510 3012 Achab
2535 2959 2694 3013 vinea
2728 2959 2932 3028 potitus
2959 2961 3217 3029 est,[cum
3258 2966 3443 3012 tamen
3486 2958 3673 3013 Nabu-

2063 3049 2187 3106 thzei
2241 3061 2473 3107 mortem
2531 3050 2774 3107 doluisse
2830 3052 3114 3108 referatur.
3169 3052 3290 3107 Mox
3348 3068 3446 3122 per
3491 3052 3667 3109 Eliam

2062 3146 2228 3200 verbo
2256 3145 2471 3203 Domini
2501 3147 2823 3217 increpitus,
2852 3146 3144 3217 agnitoque
3183 3145 3412 3203 crimine
3442 3189 3457 3213 ,
3488 3147 3674 3205 cilicio

1984 3220 2030 3284 C
2062 3237 2283 3294 indutus
2322 3240 2500 3311 egisse
2540 3240 2915 3311 paenitentiam
2952 3239 3206 3307 traditur,
3249 3256 3357 3311 quo
3396 3240 3538 3300 facto
3568 3242 3673 3299 im-

2060 3331 2357 3386 minentem
2400 3346 2613 3401 plenam
2636 3332 2852 3387 avertit.
2881 3330 3128 3403 Namque
3158 3348 3254 3387 rex
3274 3333 3449 3406 Syriae
3473 3350 3669 3406 magno

2058 3438 2183 3480 cum
2215 3425 2482 3492 exercitu,
2514 3425 2731 3481 duobus
2760 3435 2813 3481 et
2842 3426 3062 3496 triginta
3092 3425 3315 3497 regibus
3346 3427 3402 3481 in
3433 3427 3667 3483 societa-

2059 3523 2169 3572 tem
2218 3517 2349 3573 belli
2396 3518 2663 3585 adscitis,
2712 3518 2853 3574 ﬁnes
2881 3518 3145 3576 Samaria:
3175 3519 3489 3591 ingressus,
3538 3537 3663 3579 cum

2057 3624 2188 3682 rege
2228 3611 2420 3667 urbem
2462 3611 2716 3668 obsidere
2742 3613 2931 3682 erepit.
2962 3614 3143 3670 Arctis
3182 3613 3383 3670 deinde
3411 3615 3670 3672 obsesso-

2057 3718 2177 3759 rum
2222 3703 2421 3771 rebus,
2462 3704 2557 3759 dat
2585 3704 2716 3761 belli
2741 3705 3131 3762 conditiones:
3174 3707 3231 3762 Si
3259 3722 3453 3763 aurum
3492 3716 3553 3763 et
3579 3722 3672 3762 ar-

2055 3805 2279 3868 gentum
2311 3806 2367 3852 et
2392 3797 2627 3853 feminas
2651 3798 3034 3865 tradidissent,
3069 3800 3184 3855 fore
3214 3799 3290 3854 uti
3319 3802 3442 3855 vitae
3471 3815 3665 3858 eorum

2058 3898 2343 3961 parceret;
2398 3889 2492 3945 sed
2542 3898 2648 3945 tam
2707 3890 2925 3961 injustis
2962 3891 3369 3947 conditionibus
3416 3900 3665 3950 extrema

2055 3984 2265 4055 perpeti
2290 3984 2462 4040 satius
2488 3986 2686 4040 visum.
2717 3985 2790 4041 Et
2810 3999 2935 4041 cum
2957 3987 3067 4056 jam
3096 3986 3343 4043 omnium
3372 3986 3662 4058 desperata

2055 4086 2204 4134 esset
2240 4078 2408 4145 salus,
2439 4078 2706 4149 propheta
2734 4093 2765 4134 a
2794 4079 3029 4135 Domino
3058 4079 3261 4137 missus
3290 4095 3475 4153 regem
3505 4080 3617 4137 adit
3647 4102 3661 4141 :

2055 4174 2309 4230 hortatur
2358 4183 2418 4230 ut
2464 4174 2520 4229 in
2563 4173 2810 4243 przelium
2834 4185 3017 4244 exeat,
3074 4184 3429 4232 cunctantem
3476 4175 3667 4232 multis

2054 4267 2342 4323 conﬁrmat
2360 4284 2375 4321 :
2393 4268 2466 4322 ila
2491 4266 2783 4337 eruptione
2807 4269 2971 4332 laeta,
2998 4269 3101 4324 fusi
3127 4268 3313 4325 hostes
3328 4270 3661 4341 copiosaque

2053 4360 2238 4431 praeda
2256 4370 2490 4430 reperta.
2522 4358 2629 4416 Sed
2653 4368 2773 4429 post
2801 4375 3000 4415 annum
3031 4362 3300 4430 reparatis
3329 4360 3536 4416 viribus
3558 4359 3661 4432 Sy-

2054 4466 2146 4507 rus
2187 4451 2239 4506 in
2269 4450 2569 4508 Samariam
2594 4466 2900 4523 regressus,
2931 4463 3211 4524 acceptam
3239 4452 3451 4509 cladem
3485 4453 3655 4509 ullum

2053 4545 2133 4600 ire
2154 4546 2408 4615 cupiens,
2439 4560 2658 4600 rursum
2689 4544 2864 4600 victus
2892 4554 2998 4612 est,
3028 4560 3095 4600 eo
3126 4546 3317 4617 praalio
3346 4560 3450 4601 cxx
3484 4545 3655 4602 millia

348 4651 420 4691 no
456 4638 701 4708 Sarepta‘.
730 4638 994 4709 oppidum
1038 4641 1193 4710 petiit
1225 4658 1239 4696 :
1284 4639 1351 4695 ad
1391 4640 1679 4696 mulierem
1726 4641 1945 4697 viduam
1975 4620 2029 4681 Ι)
2053 4637 2315 4711 Syrorum
2365 4639 2660 4695 interiere:
2697 4638 2810 4709 regi
2839 4638 2993 4694 venia
3024 4637 3149 4693 data
3183 4656 3197 4692 :
3227 4653 3454 4709 regnum
3503 4639 3553 4694 ei
3600 4648 3657 4695 et

346 4730 607 4795 divertit;
637 4746 871 4802 cumque
895 4732 965 4787 ab
990 4748 1053 4788 ea
1083 4734 1333 4789 esuriens
1359 4734 1541 4789 cibum
1572 4744 1782 4804 peteret
1805 4775 1821 4799 ,
1853 4733 1945 4787 illa

345 4825 595 4889 causari,
628 4840 734 4880 non
773 4840 898 4880 esse
942 4825 1047 4880 sibi
1082 4826 1186 4881 nisi
1214 4826 1473 4897 pugillum
1506 4826 1665 4882 farris
1692 4838 1746 4882 et
1777 4826 1948 4896 pusil-

345 4918 455 4972 lum
485 4918 591 4973 olei
628 4936 638 4971 :
680 4934 794 4989 quo
822 4920 1111 4989 absumpto
1142 4936 1244 4975 una
1277 4935 1400 4976 cum
1430 4919 1555 4975 ﬁliis
1588 4929 1820 4975 mortem
1850 4937 1944 4975 ex-

342 5021 638 5084 spectaret.
658 5011 765 5068 Sed
786 5029 911 5069 cum
936 5014 1085 5070 Elias
1114 5014 1299 5071 verbis
1324 5014 1421 5070 Dei
1454 5014 1816 5085 polliceretur
1847 5030 1945 5070 nec

342 5103 590 5176 bydriam
621 5104 785 5170 farre,
817 5120 919 5161 nec
953 5122 1047 5161 vas
1086 5107 1209 5162 oleo
1236 5121 1361 5164 esse
1396 5107 1749 5163 minuendum
1776 5125 1790 5172 ;
1822 5124 1940 5162 mu-

340 5200 440 5253 lier
475 5199 724 5269 poscenti
755 5198 920 5257 ﬁdem
953 5215 1061 5255 non
1089 5210 1341 5257 cunctata
1372 5200 1654 5272 praphelze
1694 5200 1940 5269 credere,

340 5294 734 5363 promissorum
764 5294 927 5350 ﬁdem
958 5304 1251 5351 consecuta
1281 5304 1400 5362 est;
1431 5296 1699 5367 siquidem
1745 5297 1944 5352 divinis

339 5387 695 5444 incrementis
723 5397 930 5444 tantum
958 5399 1297 5445 accresceret
1322 5432 1336 5455 ,
1386 5398 1650 5458 quantum
1700 5390 1942 5459 quotidie

338 5481 685 5536 detrahebat.
732 5480 936 5537 Eodem
985 5492 1233 5552 tempore
1259 5481 1505 5552 ejusdem
1545 5480 1723 5537 vidule
1769 5481 1939 5539 ﬁlium

340 5582 610 5628 mortuum
640 5573 787 5629 Elias
810 5574 863 5629 in
896 5575 1062 5630 vitam
1092 5574 1334 5630 reduxit.
1358 5572 1498 5630 Tum
1538 5576 1694 5644 jussu
1720 5575 1939 5632 Domini
1998 5608 1999 5611 η

341 5682 524 5738 regem
565 5668 738 5735 adiit,
769 5670 1210 5741 exprobratoque
1247 5669 1297 5726 ei
1329 5668 1619 5740 sacrilegio
1641 5711 1657 5737 ,
1691 5671 1943 5741 poposcit

341 5761 409 5815 ad
436 5775 499 5816 se
525 5775 742 5819 omnem
767 5762 1029 5849 populum
1053 5763 1373 5836 congregari
1396 5780 1409 5819 ε
1438 5762 1530 5833 qui
1552 5777 1676 5819 cum
1709 5777 1940 5849 propere

340 5851 706 5925 vbuvenitset,
740 5854 930 5915 accitis
960 5848 1226 5917 tdotorum
1257 5864 1322 5916 ac
1363 5854 1608 5918 lucorum
1638 5855 1938 5915 sacerdotis

2054 4733 2319 4802 pristinus
2345 4742 2519 4787 status
2548 4746 2866 4788 concessus.
2911 4732 3049 4788 Tum
3077 4732 3266 4789 Achab
3295 4732 3476 4787 verbis
3502 4731 3594 4787 Dei
3622 4747 3654 4788 a

2053 4823 2313 4894 propheta
2342 4824 2667 4894 increpitus,
2696 4840 2794 4879 cur
2821 4825 3026 4880 abusus
3048 4824 3233 4879 divino
3255 4839 3483 4881 munere
3510 4823 3654 4881 hosti

2049 4918 2151 4975 sibi
2186 4918 2385 4973 tradito
2411 4919 2767 4989 pepercisset.
2810 4918 2978 4990 Igitur
3004 4917 3176 4990 Syrus
3206 4928 3327 4988 post
3354 4918 3649 4975 triennium

2047 5010 2253 5066 bellum
2277 5009 2525 5066 Hebraeis
2551 5011 2725 5065 intulit
2750 5010 3069 5066 :adversum
3103 5010 3249 5067 hunc
3273 5010 3460 5067 Achab
3489 5026 3653 5082 pseu-

2048 5101 2513 5174 d0prophetarum
2580 5104 2814 5173 impulsu
2890 5104 2944 5158 in
2993 5104 3259 5173 {praelium
3320 5104 3650 5174 descendit,

2046 5206 2236 5270 spreto
2286 5198 2512 5255 Michaca
2570 5197 2832 5268 pr0pheta
2879 5208 2936 5254 et
2984 5199 3037 5253 in
3089 5199 3307 5254 vincula
3362 5201 3649 5272 conjecto,

2045 5295 2188 5366 quod
2215 5294 2264 5351 ei
2288 5293 2621 5350 exitiabilem
2650 5292 2768 5347 fore
2791 5306 3022 5362 pugnam
3064 5291 3463 5362 denuntiasset,
3489 5296 3558 5350 ita
3579 5308 3647 5348 eo

2046 5386 2237 5457 przelio
2286 5386 2473 5441 Achab
2522 5383 2843 5441 interfectus
2884 5382 3133 5441 Ochozite
3185 5386 3299 5442 tilio
3358 5385 3643 5458 imperium

2047 5476 2289 5548 reliquit.

2120 5568 2283 5628 XLV.
2331 5570 2380 5625 Is
2409 5584 2552 5642 aeger
2573 5584 2805 5641 corpore
2837 5586 2959 5628 cum
2984 5587 3049 5627 ex
3082 5572 3377 5640 ministris,
3410 5571 3499 5643 qui
3527 5570 3646 5626 ido-

2030 5663 2157 5719 lum
2204 5679 2303 5733 pro
2354 5664 2527 5721 salute
2575 5663 2694 5735 ejus
2724 5665 3116 5732 consulerent,
3167 5664 3445 5728 misisset;
3496 5661 3647 5723 Elias

2045 5774 2076 5815 a
2107 5759 2221 5814 Deo
2248 5759 2488 5817 monitus
2516 5759 2737 5817 obviam
2759 5774 2819 5815 se
2844 5760 2928 5816 eis
2965 5758 3164 5816 obtulit
3184 5798 3201 5825 ,
3233 5758 3647 5832 increpitosque

2046 5846 2357 5915 renuntiare
2382 5852 2494 5928 regi
2520 5851 2711 5927 jubet.
2760 5863 2988 5908 mortem
3036 5846 3155 5922 ejus
3198 5857 3644 5915 connectituramt
