4200 6180
464 340 570 398 ίὲδ

1828 334 2117 399 SULPICII
2156 330 2405 399 SEVERI

3663 320 3767 399 Ωιι

464 459 601 515 Tum
646 474 735 514 rex
770 448 1158 531 comprehendi
1188 474 1310 513 eum
1362 470 1425 512 ac
1456 454 1648 512 deduci
1680 448 1748 513 ad
1780 472 1838 513 se
1862 446 2017 530 jubet
2049 475 2062 511 :
2092 458 2145 518 Α
2173 471 2293 513 nem
2319 464 2624 529 temporum
2652 457 2900 528 persequi
2933 455 3133 528 placet,
3159 454 3558 513 Chronicorum
3585 465 3768 512 aucto-

466 550 562 610 sed
595 552 766 620 miSSi,
797 548 1005 610 caelesti
1035 556 1159 626 igne
1182 552 1476 621 absumpti.
1515 551 1626 610 llex
1652 593 1666 617 ,
1713 560 1769 606 ut
1800 551 2065 622 propheta

471 645 819 717 praedixerat,
855 647 993 699 ohiit
1025 665 1037 700 :
1078 642 1344 701 successit
1371 653 1551 700 autem
1580 643 1760 700 .Ioram
1809 644 1856 699 ei
1904 643 2068 699 frater

472 740 613 809 ejus,
650 738 803 808 isque
834 734 1121 791 duodecim
1151 738 1308 790 annis
1335 734 1569 806 imperio
1616 735 1814 807 potitus
1843 744 1947 792 est.
1998 734 2068 791 At

471 834 528 889 in
558 840 711 901 parte
751 829 977 885 duarmu
1032 830 1271 885 tribuum
1328 828 1593 903 Josaphat
1642 837 1769 901 rege
1815 826 2070 885 defuncto

473 924 657 981 .Ioram
708 920 851 979 iilius
880 940 1106 990 regnum
1159 922 1335 978 tenuit
1379 938 1553 977 annos
1581 921 1975 993 duodeviginti.
2021 921 2069 977 Is

473 1015 662 1075 Achab
689 1014 851 1072 filiam
880 1032 1107 1072 uxorem
1134 1014 1341 1081 habuit,
1368 1029 1559 1071 socero
1580 1030 1739 1087 quam
1768 1016 1903 1086 patri
1945 1028 2069 1087 pro-

475 1110 613 1181 pior.
646 1109 777 1164 Post
810 1111 951 1165 hunc
992 1108 1262 1164 Ochozias
1308 1109 1449 1163 filius
1503 1108 1789 1178 imperium
1841 1105 2070 1177 adeptus

474 1212 595 1259 est:
627 1203 729 1257 hoc
758 1215 1021 1274 regnante
1067 1202 1219 1257 Elias
1260 1203 1550 1258 translatus
1575 1200 1828 1257 refertur.
1864 1200 2069 1256 Eodem

477 1306 723 1367 tempore
750 1297 977 1352 Elismus
1002 1294 1299 1368 discipulus
1322 1296 1441 1365 ejus
1471 1294 1652 1349 multis
1683 1296 1852 1366 signis
1882 1301 2073 1363 potens

477 1391 719 1454 exsritit,
774 1406 898 1461 quae
938 1391 1120 1445 omnia
1165 1391 1374 1445 notiora
1414 1400 1540 1445 sunt
1582 1402 1747 1460 quam
1789 1390 1846 1443 ut
1885 1397 2076 1443 nostro

478 1484 623 1557 styio
652 1495 847 1553 egeant
874 1502 887 1539 :
920 1485 987 1538 ab
1013 1498 1079 1539 eo
1110 1483 1285 1539 vidua:
1316 1483 1461 1538 filius
1484 1482 1859 1547 resuscitatus,
1893 1489 1947 1535 et
1974 1478 2078 1551 Sy-

480 1594 574 1633 rus
609 1579 753 1648 lepra
786 1589 1063 1650 purgatus,
1088 1591 1141 1633 et
1169 1578 1327 1633 famis
1352 1586 1597 1648 tempore
1626 1576 1870 1630 omnium
1895 1590 2078 1629 rerum

482 1673 637 1743 copia
695 1672 888 1743 fugatis
941 1672 1187 1728 hostibus
1243 1673 1453 1727 invecta
1483 1713 1498 1737 ,
1544 1683 1598 1726 et
1641 1672 1692 1725 in
1734 1685 1887 1725 usum
1916 1670 2076 1724 trium

481 1768 821 1821 exercituum
853 1780 1004 1837 aquae
1035 1765 1297 1836 prmhitm,
1330 1774 1381 1819 ct
1414 1764 1481 1819 de
1511 1766 1706 1833 exiguo
1750 1761 1854 1817 olei
1889 1762 2082 1816 immo-

2173 549 2317 607 ritati
2350 552 2705 607 accessimus.

2244 640 2455 699 XLVII.
2492 642 2662 715 Igitur
2690 641 2952 697 Amassize
2983 641 3109 696 Ozia
3142 640 3284 695 Illius
3309 640 3575 696 successit
3601 657 3614 707 ;
3646 654 3769 696 nam

2172 739 2223 793 in
2256 747 2409 808 parte
2440 737 2627 793 decem
2680 736 2913 791 tribuum
2952 733 3081 791 .Ioas
3133 734 3277 791 diem
3332 735 3543 789 functus
3587 733 3770 789 Joram

2176 830 2287 885 (illo
2317 831 2496 886 locum
2531 830 2733 886 fecerat
2779 846 2792 885 :
2843 838 3075 901 postque
3119 830 3263 884 hunc
3309 827 3607 905 Zacharias
3654 827 3773 899 ejus

2177 924 2320 979 filius
2347 924 2619 994 regnavit.
2655 924 2855 979 llorum
2891 918 2988 978 nos
3020 937 3269 992 regnum,
3304 924 3657 992 onmimnque
3685 921 3774 991 qui

2176 1017 2228 1072 iu
2263 1027 2416 1087 parte
2447 1012 2635 1071 decem
2668 1015 2904 1071 tribuum
2936 1012 3199 1071 Samaria:
3249 1014 3585 1085 prmfuerunt
3609 1053 3625 1079 ,
3680 1024 3776 1067 an.

2177 1109 2415 1166 notanda
2448 1125 2569 1165 esse
2603 1120 2848 1179 tempora
2896 1124 3001 1163 non
3036 1108 3342 1177 putavimus
3372 1125 3385 1162 :
3428 1106 3553 1177 quia
3592 1104 3778 1161 brevi‘

2180 1202 2273 1258 tati
2303 1202 2609 1269 studentes,
2641 1200 2910 1272 superﬂua
2947 1201 3232 1255 omisimus
3264 1218 3277 1253 :
3328 1210 3382 1255 et
3412 1198 3476 1253 ad
3517 1196 3782 1269 cognitio-

2180 1313 2301 1351 nem
2349 1304 2650 1366 temporum
2702 1293 2821 1365 ejus
2869 1295 3208 1366 potissimum
3244 1293 3413 1364 partis
3451 1306 3623 1347 annos
3655 1305 3778 1346 crc-

2179 1392 2357 1447 dimns
2378 1390 2787 1462 persequendos
2819 1432 2835 1458 ,
2864 1404 2987 1461 quae
3026 1388 3078 1443 in
3107 1388 3479 1457 captivitatem
3510 1383 3781 1457 posterius

2181 1486 2409 1539 abducta
2447 1483 2711 1554 prolixius
2766 1491 2983 1553 tempus
3033 1481 3086 1536 in
3135 1496 3308 1559 regno
3356 1478 3562 1534 habuit.
3613 1477 3782 1548 igitur

2180 1576 2338 1633 Ozias
2369 1590 2590 1647 regnum
2620 1574 2774 1631 Iuda:
2803 1574 3033 1645 adeptus
3078 1575 3409 1643 praacipuam
3454 1586 3639 1626 curam
3673 1570 3781 1625 θοι

2185 1671 2315 1726 mini
2358 1668 2720 1741 cognoscendi
2766 1669 2991 1735 habuit,
3019 1666 3284 1725 Zacharia
3316 1664 3580 1738 prepheta
3610 1664 3780 1734 pluri-

2185 1780 2330 1820 mum
2364 1778 2494 1820 usus
2521 1764 2539 1836 (
2566 1763 2754 1819 Esaias
2785 1764 2947 1818 etiam
2982 1762 3081 1818 sub
3130 1762 3233 1817 hoc
3266 1762 3499 1831 primum
3544 1757 3782 1828 praphe-

481 1857 618 1914 dicis
665 1860 1019 1914 incrementis
1064 1860 1300 1914 solutum
1344 1856 1589 1913 mulieris
1618 1855 1861 1912 debitum
1892 1867 1945 1909 et
1979 1855 2077 1924 ipsi
2110 1855 2157 1915 B
2188 1870 2328 1915 tasse
2358 1857 2637 1930 traditur),
2666 1872 2776 1930 qtto
2804 1856 3002 1913 merito
3053 1855 3330 1928 prosperis
3375 1852 3665 1910 eventibus
3692 1848 3788 1906 ad-

480 1952 759 2009 Sufitciens
784 1954 995 2009 vivendi
1020 1954 1323 2008 substantia
1348 1953 1493 2007 data.
1524 1950 1693 2022 Hujus
1719 1951 2076 2021 temporibus,

486 2056 541 2100 ut
572 2047 830 2112 diximus,
859 2045 1121 2103 Ochnzias
1150 2047 1377 2101 duarmn
1408 2045 1644 2099 tribuum
1675 2052 1791 2099 erat
1820 2059 1954 2110 rex;
1987 2041 2080 2099 de-

484 2153 600 2195 cem
644 2155 771 2193 vero
801 2138 986 2194 .Ioratn
1018 2181 1034 2205 ,
1067 2146 1126 2193 ut
1168 2152 1329 2209 supra
1367 2138 1650 2193 retulimus
1676 2182 1689 2203 ,
1731 2136 2031 2206 imperabat
2067 2153 2081 2192 :

480 2233 731 2302 interque
772 2246 866 2287 eos
892 2230 1071 2289 ftedus
1115 2234 1320 2296 ictum;
1364 2246 1486 2285 nam
1521 2239 1579 2285 et
1622 2228 1887 2284 adversus
1913 2228 2083 2300 Syros

480 2324 685 2396 junctis
742 2323 950 2380 viribus
994 2324 1278 2390 hellatum,
1329 2333 1384 2379 et
1424 2322 1708 2378 adversum
1757 2321 1936 2387 .Iehu,
1993 2318 2085 2391 qui

491 2430 589 2489 per
643 2417 965 2490 prophetam
1012 2420 1064 2472 in
1122 2433 1305 2489 regem
1357 2417 1543 2472 decem
1605 2416 1839 2470 tribuum
1892 2428 2086 2470 unctus

488 2509 687 2576 fuerat,
738 2511 943 2580 pariter
982 2508 1035 2567 in
1084 2510 1331 2582 praelium
1368 2510 1612 2581 egressi,
1666 2509 1858 2565 eadem
1907 2523 2085 2579 pugna

491 2604 769 2659 interiere.

563 2692 750 2749 XLVI.
799 2692 905 2751 Sed
961 2709 1188 2766 regnum
1244 2692 1427 2749 Joram
1467 2692 1605 2749 .Iehu
1656 2692 1849 2749 tenuit.
1907 2688 2088 2747 Posito

487 2785 723 2845 Ochozia
754 2788 806 2843 in
830 2788 1017 2844 Iudaea
1049 2804 1195 2859 rege,
1223 2788 1313 2859 qui
1347 2803 1452 2843 uno
1474 2804 1616 2843 anno
1634 2787 2091 2859 regnavit,mater

491 2882 610 2950 ejus
636 2881 890 2937 Gotholia
939 2882 1222 2954 imperium
1271 2883 1556 2952 occupavit
1600 2882 1853 2951 adempto
1902 2878 2088 2951 nepoti

493 2974 750 3046 imperio,
782 2978 947 3032 etiam
977 2986 1089 3031 tum
1120 2991 1285 3046 parvo
1314 2990 1488 3047 puero
1514 3017 1529 3041 ,
1580 2976 1664 3031 cui
1712 2970 1839 3030 Joas
1888 2987 2091 3028 nomen

491 3067 633 3123 fuit:
667 3067 762 3123 sed
812 3068 941 3123 huic
970 3068 1038 3122 ab
1067 3069 1182 3123 avia
1230 3075 1557 3137 prtereptum
1596 3066 1884 3134 imperium
1914 3107 1928 3131 ,
1970 3071 2091 3133 post

490 3170 616 3213 octo
645 3161 759 3214 fere
790 3174 962 3213 annos
988 3176 1084 3229 per
1112 3159 1467 3215 Sacerdotem
1501 3168 1554 3213 et
1584 3156 1838 3228 populum
1865 3156 2089 3228 depulsa

493 3255 617 3307 avia
651 3254 941 3309 redditum.
978 3253 1075 3308 Hic
1099 3253 1251 3308 initio
1274 3253 1423 3324 regni
1455 3250 1968 3307 observantissimus
2007 3249 2091 3304 di-
2117 3252 2155 3309 (ἶ

498 3347 605 3400 vini
634 3347 814 3400 cultus
831 3345 955 3412 fuit,
978 3347 1293 3417 magnisque
1321 3347 1624 3415 sumptibus
1653 3345 1911 3412 templum
1933 3354 2093 3399 exor-

496 3439 647 3493 navit
679 3456 689 3490 :
720 3450 841 3508 post
884 3438 1199 3492 adulatione
1230 3438 1530 3508 principum
1557 3436 1892 3506 depravatus
1912 3479 1926 3501 ,
1958 3435 2090 3490 ado-

497 3541 757 3599 ratusque
789 3530 857 3586 al)
888 3529 987 3598 eis,
1020 3530 1114 3585 Dei
1141 3530 1273 3585 iram
1308 3532 1525 3585 meruit.
1554 3540 1783 3598 namque
1808 3529 1858 3585 ei
1893 3526 2093 3583 Azairci

496 3630 587 3677 rex
619 3624 791 3695 Syria:
824 3622 1025 3679 bellum
1066 3624 1250 3678 intulit
1285 3641 1299 3678 :
1334 3623 1718 3693 iuclinatlsque
1750 3621 1915 3677 rebus
1941 3622 2089 3687 suis,

493 3728 627 3771 auro
656 3717 839 3785 templi
871 3733 1056 3787 pacem
1081 3717 1332 3783 redemit,
1356 3732 1454 3771 nec
1473 3727 1649 3771 tamen
1673 3731 1735 3771 ea
1760 3718 1963 3785 potitus
1986 3720 2092 3782 est,

496 3810 621 3868 facti
655 3812 855 3868 invidia
877 3828 905 3868 a
936 3813 1052 3867 suis
1092 3812 1414 3867 interfectus
1443 3825 1587 3866 anno
1616 3811 1825 3882 imperii
1858 3808 2095 3881 quadra-

497 3910 730 3972 gesimo.
763 3906 899 3961 Huic
929 3907 1178 3962 Amassia
1210 3905 1353 3960 illius
1392 3904 1677 3961 successit.
1723 3903 1793 3959 At
1843 3905 1893 3957 in
1941 3908 2095 3973 parte

497 3992 686 4051 decem
712 3997 946 4051 tribuum
966 3995 1221 4051 defuncto
1242 3996 1379 4052 .Iehu
1403 3995 1634 4051 .Iuachas
1654 3995 1799 4051 ﬁlius
1826 3996 1943 4067 ejus
1973 4010 2095 4065 reg-

493 4092 661 4156 navit,
692 4091 899 4147 invisus
935 4090 1048 4145 Deo
1090 4092 1251 4145 malis
1279 4091 1562 4160 operibus,
1600 4092 1669 4146 ob
1698 4105 1819 4161 qua:
1864 4098 2089 4157 regnum

497 4186 615 4255 ejus
644 4182 799 4257 Syris
830 4184 1028 4254 prmdze
1069 4183 1207 4251 fuit,
1256 4184 1429 4239 donec
1460 4184 1552 4241 Dei
1592 4184 1964 4240 IniseriCordia
1997 4182 2096 4238 de-

497 4278 669 4351 pulsis
698 4276 952 4335 hostibus
982 4277 1267 4346 pristinum
1294 4278 1501 4335 habere
1538 4287 1737 4333 statum
1783 4285 2089 4346 «cperunt.

497 4372 733 4427 Jo‘achas
779 4370 922 4426 diem
955 4372 1170 4426 functus
1204 4370 1320 4427 .Ioze
1349 4371 1463 4427 filio
1498 4371 1722 4441 reliquit
1749 4385 1996 4440 regnum.
2042 4367 2097 4425 Is

498 4464 761 4518 Amassite
789 4465 902 4533 regi
936 4464 1167 4518 duarum
1196 4464 1435 4519 tribuum
1468 4463 1628 4519 civile
1651 4462 1853 4519 bellum
1887 4461 2091 4526 intulit,

500 4554 839 4626 victoriaque
869 4556 1070 4624 potitus
1094 4553 1316 4610 multam
1344 4556 1580 4625 praedam
1605 4555 1657 4609 in
1686 4570 1909 4624 regnum
1936 4566 2093 4609 suum

2187 1966 2380 2006 versus
2414 1951 2673 2006 finitimos
2720 1950 2859 2005 bella
2904 1949 3096 2019 gessit.
3142 1946 3350 2003 Arabas
3380 1946 3542 2001 etiam
3564 1942 3784 1998 devicit.

2184 2043 2411 2114 Jamque
2440 2040 2733 2115 Egyptnm
2770 2050 2987 2097 terrore
3020 2041 3253 2095 nominis
3281 2040 3360 2093 sui
3392 2043 3749 2091 concusserat
3773 2077 3788 2102 ,

2186 2136 2469 2207 elatusque
2499 2135 2754 2191 secundis
2786 2134 2953 2190 rebus
2984 2132 3172 2189 illicita
3208 2145 3567 2202 praesumens,
3602 2129 3792 2185 incen-

2188 2246 2305 2285 sum
2336 2230 2449 2285 Deo
2477 2229 2675 2284 obtulit
2707 2248 2718 2283 :
2750 2229 2895 2299 quod
2924 2228 3059 2283 solis
3098 2226 3281 2282 facere
3306 2224 3684 2282 sacerdotibus
3712 2225 3793 2280 ias

2189 2330 2325 2380 erat.
2350 2323 2533 2394 Itaque
2563 2340 2684 2378 cum
2720 2338 2815 2393 per
2841 2323 3089 2378 Azariam
3124 2320 3463 2376 sacerdotem
3496 2318 3793 2388 increpitus

2188 2432 2255 2473 eo
2286 2418 2408 2471 luco
2437 2415 2709 2472 decedere
2734 2428 3028 2485 cogeretur
3051 2459 3065 2482 ,
3101 2422 3267 2485 atque
3298 2414 3349 2468 in
3393 2414 3527 2467 iram
3558 2413 3794 2467 exarsis-

2191 2517 2294 2574 set,
2324 2507 2471 2580 Iepra
2502 2506 2753 2578 cppletus
2781 2506 3017 2561 decessit
3051 2521 3189 2575 :quo
3209 2504 3402 2560 morbo
3430 2503 3659 2559 aﬂ'ectus
3683 2504 3794 2559 vita

2193 2602 2407 2657 functus
2436 2610 2541 2667 est,
2585 2616 2707 2655 cutn
2739 2605 3025 2669 regnasset
3065 2612 3237 2652 annos
3277 2599 3416 2652 duos
3442 2604 3499 2652 et
3527 2596 3794 2665 quinqua-

2190 2699 2358 2770 ginta.
2406 2697 2650 2767 Regnum
2684 2695 2807 2751 inde
2831 2694 3043 2750 Joatha:
3076 2695 3187 2749 tilio
3210 2694 3402 2749 datum
3438 2711 3449 2746 :
3497 2693 3652 2763 isque
3701 2690 3795 2745 ad-

2194 2794 2410 2847 modum
2445 2802 2663 2846 sanctns
2706 2789 2874 2845 fuisse
2908 2788 3173 2852 traditur,
3220 2800 3596 2859 prospereque
3624 2787 3796 2855 impe-

2194 2887 2331 2940 rium
2389 2884 2835 2939 administravit:
2883 2891 3099 2953 gentem
3154 2882 3587 2937 Ammonitarum
3643 2880 3791 2934 bello

2193 2980 2386 3034 victam
2418 2977 2745 3049 stipendium
2776 2988 3037 3048 praestare
3063 2977 3244 3046 coegit
3276 2993 3289 3029 :
3325 2975 3583 3043 regnavit
3610 2984 3794 3028 autem

2193 3074 2349 3127 annis
2379 3088 2469 3125 xvr
2500 3070 2787 3141 eidemque
2815 3069 2998 3127 Achaz
3028 3069 3172 3125 ﬁlius
3203 3069 3488 3123 successit.

2263 3163 2496 3220 XLVIII.
2536 3164 2784 3219 Celebris
2814 3164 2956 3217 circa
2991 3163 3107 3216 hzec
3137 3170 3386 3232 tempora
3426 3158 3791 3215 Ninivitarum

2198 3258 2330 3313 fides
2360 3256 2612 3312 traditur.
2640 3255 2697 3310 Id
2734 3257 3017 3325 Oppidum,
3053 3255 3184 3308 olim
3224 3254 3292 3308 ab
3322 3253 3494 3308 Assur
3522 3252 3650 3309 Sent
3684 3251 3800 3306 filio

2196 3351 2472 3405 conditura
2501 3392 2514 3413 ,
2561 3357 2726 3419 caput
2775 3350 2925 3419 regni
2969 3348 3319 3419 Assyriorum
3365 3347 3499 3410 fuit,
3543 3346 3797 3413 frequens

2199 3457 2309 3499 tum
2344 3445 2702 3499 incolentium
2734 3444 3080 3499 multitudine
3105 3485 3119 3507 ,
3153 3443 3306 3498 alens
3353 3444 3592 3497 virorum
3630 3439 3801 3495 millia

2195 3552 2225 3594 c
2257 3546 2313 3593 et
2339 3551 2428 3605 xx,
2458 3544 2638 3607 atque,
2674 3544 2735 3590 ut
2764 3537 2818 3590 in
2851 3549 3047 3606 magno
3069 3536 3290 3607 populo,
3319 3535 3605 3589 abundans
3633 3531 3796 3586 vitiis.

2196 3629 2363 3697 Queis
2402 3632 2542 3685 licus
2588 3640 2769 3685 motus
2798 3627 2989 3684 Jonam
3025 3629 3342 3698 prophetam
3388 3643 3454 3681 ex
3486 3626 3673 3680 Iudaea
3717 3624 3802 3679 ire

2199 3724 2484 3794 praecepit,
2534 3736 2595 3776 ac
2625 3722 2949 3775 denuntiare
2985 3721 3105 3774 urbi
3143 3719 3413 3773 excidium
3438 3759 3451 3782 ,
3485 3720 3620 3771 sicut
3661 3714 3799 3769 olim

2195 3818 2430 3872 Sodoma
2460 3824 2514 3869 et
2536 3813 2836 3870 Gomorrha
2869 3814 3065 3866 divinis
3106 3810 3316 3882 ignibus
3345 3810 3797 3881 conflagrassent.

2195 3908 2396 3965 Verum
2418 3907 2651 3979 prophet
2672 3904 3102 3974 aprredlcationis
3131 3903 3286 3958 istius
3314 3904 3676 3958 ministerium
3703 3905 3803 3961 de«

2196 4008 2452 4064 trectans,
2479 4014 2585 4053 non
2614 3997 2981 4061 contumacia,
3007 3996 3101 4051 sed
3130 3996 3472 4065 prtcscientia
3518 4011 3623 4066 qua
3644 3999 3768 4054 vide

2196 4094 2286 4148 bat
2316 4091 2599 4146 Dominum
2639 4090 2961 4160 paenitentia
3001 4091 3183 4160 populi
3220 4091 3574 4159 placandum,
3620 4094 3798 4147 navim

2193 4201 2314 4258 qua:
2344 4185 2504 4255 longe
2530 4185 2745 4240 diversa
2800 4185 3021 4253 regione
3068 4183 3309 4238 Tharsos
3350 4185 3609 4253 petebat,
3665 4201 3801 4240 cun-

2194 4278 2426 4335 scendit.
2454 4278 2585 4340 Sed.
2615 4276 2706 4334 ubi
2735 4277 2787 4332 in
2818 4278 2985 4331 altum
3021 4286 3359 4347 processum,
3385 4290 3563 4331 natum
3591 4278 3799 4332 smvitia

2197 4374 2363 4431 maris
2392 4373 2680 4441 compulsi,
2713 4370 2960 4441 quisnam
2990 4379 3134 4425 esset
3162 4369 3290 4424 mali
3318 4384 3480 4424 causa
3512 4380 3661 4425 sorte
3704 4382 3800 4425 ex.

2197 4469 2502 4539 ploravere.
2534 4466 2671 4521 Cum
2701 4478 2866 4533 super
2908 4463 3101 4518 Jonam
3147 4476 3267 4517 sors
3305 4461 3630 4527 decidisset,
3666 4474 3803 4517 tam.

2198 4576 2356 4633 quam
2389 4560 2653 4628 piaculum
2685 4559 3022 4627 tempestatis
3058 4557 3110 4611 in
3144 4554 3471 4625 profundum
3527 4554 3801 4624 projectus

497 4646 763 4703 convertit
789 4665 803 4711 ;
840 4647 1000 4719 idque
1033 4652 1295 4703 Amassiae
1321 4650 1392 4703 ob
1411 4650 1671 4703 delictum
1700 4647 1965 4703 accidisse
1992 4659 2099 4702 tra-
2128 4644 2174 4705 D
2203 4663 2285 4708 est
2317 4670 2330 4705 :
2355 4660 2722 4720 exveptusque
2748 4662 2777 4703 a
2822 4661 2967 4713 ceto,
2995 4649 3207 4702 marino
3245 4656 3507 4711 monstro,
3547 4660 3611 4700 ac
3635 4644 3805 4699 devo-

500 4738 684 4794 ditur:
716 4740 984 4811 siquidem
1016 4739 1372 4796 Idumaeorum
1404 4740 1539 4795 fines
1563 4742 1739 4795 victor
1776 4740 2051 4810 ingressus
2077 4778 2091 4806 ,

501 4832 640 4887 idola
674 4834 850 4903 gentis
900 4833 1017 4904 ejus
1073 4843 1462 4905 assumpserat.
1518 4832 1617 4889 iiic
1675 4844 1868 4888 novem
1923 4846 2096 4888 annos

502 4941 759 4995 regnasse
797 4927 1076 4992 scribitur,
1111 4937 1371 4997 quantum
1409 4928 1460 4980 iu
1488 4927 1642 4982 libris
1672 4927 1979 4998 Regnorum
2008 4940 2098 4983 re-

498 5022 615 5090 peri
646 5037 659 5073 :
695 5021 786 5076 sed
817 5024 868 5074 in
904 5020 1351 5091 Paralipomenis,
1394 5032 1555 5093 atque
1583 5025 1743 5077 etiam
1778 5025 1831 5076 in
1860 5020 2096 5077 Chroni.

499 5114 600 5177 cis,
632 5129 828 5170 novem
870 5124 923 5169 ct
967 5115 1159 5186 viginti
1186 5131 1357 5170 annos
1388 5115 1677 5185 imperium
1715 5116 1956 5169 tenuisse
1999 5129 2094 5168 an-

502 5217 750 5263 notatum
793 5216 918 5274 est;
967 5222 1028 5264 ea
1075 5209 1331 5263 nimirum
1363 5208 1412 5262 id
1444 5208 1811 5277 persuadente
1840 5207 2055 5263 ratione
2078 5247 2095 5274 ,

501 5310 621 5373 qu:c
648 5302 700 5356 in
747 5301 830 5355 his
861 5301 1166 5371 Regnorum
1212 5300 1370 5355 libris
1412 5300 1576 5355 facile
1607 5301 1838 5369 perspici
1895 5306 2097 5368 potest.

500 5393 684 5449 .Ioram
719 5395 864 5448 cnim
895 5410 989 5449 rex
1020 5396 1208 5449 decem
1238 5395 1475 5449 tribuum
1504 5402 1698 5448 octavo
1720 5407 1861 5448 anno
1887 5390 2104 5462 impeﬁi

2197 4755 2490 4815 ratus,post
2518 4743 2755 4797 triduum
2782 4740 2893 4796 fere
2912 4740 3273 4795 Ninivitarum
3300 4737 3574 4794 littoribus
3594 4737 3805 4805 electus

2192 4840 2342 4910 jussa
2373 4837 2624 4905 praedicat
2664 4853 2677 4892 :
2702 4832 2900 4891 Urbem
2918 4834 3128 4888 scilicet
3144 4833 3215 4887 ob
3245 4839 3464 4900 peccata
3494 4830 3676 4900 populi
3706 4828 3805 4883 tri-

2200 4932 2308 4985 duo
2336 4930 2650 4999 perituram.
2706 4925 2874 4998 Igitur
2914 4940 3021 4979 non
3061 4924 3472 4979 dissimulanter
3496 4966 3510 4989 ,
3560 4933 3620 4976 ut
3668 4921 3803 4975 olim

2200 5021 2477 5085 Sodomis,
2507 5019 2688 5073 audita
2722 5026 2805 5073 est
2846 5033 2949 5072 vox
2980 5016 3265 5087 Propheta:
3298 5034 3310 5068 :
3340 5030 3403 5070 ac
3429 5015 3614 5072 statim
3649 5015 3805 5083 jussu

2201 5115 2345 5185 regis
2366 5113 2725 5182 exemploque
2748 5110 2978 5182 populus
3014 5110 3300 5165 universus
3319 5149 3333 5173 ,
3363 5110 3493 5180 quin
3525 5119 3581 5163 et
3612 5123 3806 5163 recens

2205 5210 2314 5264 nati
2340 5252 2354 5272 ,
2393 5209 2517 5262 cibo
2546 5216 2780 5277 potuque
2816 5203 3156 5259 abstineatur
3189 5218 3202 5257 τ
3244 5206 3491 5273 jumenta
3534 5201 3717 5257 itidem
3748 5213 3808 5257 et

2202 5303 2405 5358 diversi
2434 5301 2648 5371 generis
2684 5299 2936 5355 animalia
2979 5298 3259 5367 compulsa
3300 5296 3446 5351 fame
3482 5310 3545 5350 ac
3591 5295 3677 5349 siti
3730 5296 3807 5349 Ian

2203 5399 2557 5450 mentantium
2580 5394 2814 5462 speciem
2846 5404 2970 5445 cum
3005 5390 3314 5446 hominibus
3345 5388 3682 5459 praebebant.
3726 5388 3805 5443 Im

504 5490 769 5544 Amassire
798 5488 1033 5543 traditur
1070 5505 1299 5559 regnare
1325 5489 1875 5557 cmpisse,uuumque
1897 5495 2118 5556 ctqua-
2208 5486 2495 5543 imminens
2537 5487 2738 5540 malum
2786 5499 3058 5540 aversum.
3107 5485 3259 5539 Jonas
3288 5482 3428 5553 apud
3472 5482 3643 5537 Deum
3675 5496 3809 5535 con-

504 5583 752 5653 dragiuta
782 5597 958 5635 annos
982 5582 1266 5651 imperium
1293 5580 1534 5635 tenuisse
1560 5598 1574 5633 :
1602 5588 1861 5649 regnante
1877 5578 2101 5633 demum

508 5675 635 5732 Ozia
670 5677 931 5731 Amassizc
961 5677 1094 5737 filio,
1125 5684 1318 5746 quarto
1347 5675 1556 5743 imperii
1590 5676 1708 5744 ejus
1740 5689 1881 5729 anno
1911 5672 2105 5728 defun-

509 5775 632 5820 ctus
663 5781 744 5821 est
770 5786 783 5831 ;
809 5785 910 5837 qua
943 5770 1150 5822 ratione
1180 5766 1367 5834 ‘viginti
1398 5778 1451 5821 et
1492 5782 1685 5823 novem
1712 5784 1883 5823 annos
1914 5768 2105 5822 Amas-

510 5860 609 5917 site
639 5858 834 5915 cﬂ'ecit.
870 5860 1052 5931 itaque
1080 5876 1181 5916 nos
1215 5859 1317 5916 hoc
1346 5860 1521 5936 ipsum
1554 5862 1747 5932 secuti,
1778 5864 1903 5937 quia
1934 5862 2103 5919 ratio-

2206 5584 2479 5651 querenti,
2506 5580 2651 5652 quod
2675 5580 2808 5636 fides
2837 5578 2995 5633 dictis
3023 5592 3133 5631 non
3150 5576 3435 5643 adfuisset,
3456 5589 3807 5646 responsum.

2208 5674 2604 5731 Pmniteutibus
2638 5674 2848 5729 veniam
2874 5670 3179 5738 negarinon
3211 5684 3392 5739 posse.

2282 5766 2472 5823 XLIX.
2510 5768 2578 5822 At
2600 5768 2651 5820 in
2682 5762 2924 5820 Samaria
2946 5761 3262 5817 Zachariam
3290 5775 3475 5830 regem
3515 5759 3808 5814 admodum

2212 5860 2459 5930 impium,
2480 5874 2640 5930 quem
2658 5856 2909 5931 superius
2936 5870 3191 5928 regnasse
3217 5855 3656 5929 memoravimus,
3687 5852 3809 5911 Sel-
