4194 6192
409 293 516 352 tas
1633 291 1954 358 HISTORIA
1995 289 2241 360 SACRA.
2284 291 2416 361 LIB.
2461 305 2499 361 ι.
3622 275 3738 366 ηδ’

404 420 456 476 la
484 409 706 491 quidam
738 417 1388 490 interemit,regnumque
1411 419 1692 493 occupavit
1725 439 1738 476 :
1773 420 2023 493 idemque
2053 429 2095 488 Α
2130 421 2358 493 periculi
2408 421 2561 480 fore:
2596 421 2842 480 divinum
2885 434 3062 478 autem
3115 423 3370 478 auxilium
3418 405 3526 479 non
3573 423 3731 481 defu-

403 513 584 568 hlanae
601 509 836 579 insidiis,
859 514 1110 582 exemplo
1137 513 1259 570 facti
1283 514 1386 582 sui,
1413 513 1574 585 perit.
1599 507 1753 570 Mane
1766 525 2011 586 ereptum
2119 525 2320 572 turutn.

402 603 576 660 Sella:
605 601 896 676 imperium
923 607 1116 668 tenuit,
1145 604 1364 675 ﬁlioque
1388 595 1564 661 Parhe
1595 605 1840 677 reliquit:
1862 623 2014 662 enm-
2188 599 2274 662 LI.
2307 607 2420 664 Nec
2463 603 2635 666 multo
2664 621 2789 682 post
2817 600 3097 668 Tharacas
3129 624 3228 667 rex
3263 607 3583 682 Ethiopum
3633 621 3723 667 re-

402 697 534 753 dem
560 713 688 754 vero
721 697 898 754 Pache
928 698 1145 769 quidam
1180 699 1422 770 ejusdem
1455 701 1691 756 nominis
1714 701 2008 770 interemit,
2116 717 2280 772 gnmn
2313 697 2662 773 Assyriorum
2697 703 2902 757 invadit
2934 721 2946 755 :
2976 718 3082 774 quo
3108 701 3303 758 nttntio
3345 695 3720 759 Sennachcrib

401 803 744 860 regnumque
772 792 1093 861 occupavit;
1122 805 1244 845 mox
1280 791 1349 846 ab
1381 792 1518 848 Osee
1553 803 1886 864 peremptus,
1920 809 2013 850 eo-
2114 791 2181 846 ad
2213 807 2306 846 sua
2343 792 2539 848 tuenda
2568 807 2888 859 cunversus,
2917 794 3155 849 fremens
3177 801 3231 850 et
3254 793 3565 862 clamitans,
3589 787 3713 850 Vic-

403 879 526 934 dem
555 880 766 935 scelere
790 896 900 952 quo
933 892 1306 952 as~umpserat
1345 883 1658 956 imperium,
1681 883 1880 942 amisit.
1913 886 2011 944 IIic
2117 885 2224 941 tori
2252 885 2352 940 sibi
2394 885 2672 941 victoriam
2717 887 2852 958 eripi
2882 931 2895 954 ,
2928 887 3130 943 bellum
3161 887 3384 955 omisit,
3419 889 3601 944 missis
3644 887 3712 944 ad

401 973 544 1027 ultra
583 989 778 1029 omnes
813 989 972 1046 reges
1017 977 1330 1048 Superiores
1373 979 1599 1050 impius,
1651 996 1864 1052 poenam
1906 982 2007 1038 sibi
2115 971 2405 1033 Eaechiam
2439 979 2631 1034 litteris
2655 994 2776 1033 cum
2808 980 3095 1034 verborum
3118 980 3468 1037 contumeliis
3492 977 3707 1036 denun-

401 1072 829 1136 perpetuamque
846 1067 994 1138 genti
1022 1068 1392 1139 captivitatem
1417 1087 1446 1125 a
1467 1073 1578 1128 Deo
1601 1073 1831 1138 meruit;
1858 1089 2008 1129 nam-
2115 1071 2276 1138 tians,
2308 1087 2366 1127 se
2397 1071 2562 1142 paulo
2589 1081 2708 1141 post
2738 1071 2905 1128 rebus
2926 1068 3074 1127 domi
3107 1075 3427 1142 compositis
3457 1073 3525 1128 ad
3556 1073 3710 1130 exci-

401 1173 506 1225 que
535 1159 586 1215 ei
614 1157 998 1215 Salmanassar
1027 1177 1122 1217 rex
1161 1161 1506 1235 Assyriorum
1547 1155 1729 1220 intulit
1771 1165 2004 1234 bellum,

402 1256 715 1328 victumque
749 1257 1094 1316 tributarium
1123 1261 1223 1316 sibi
1259 1261 1459 1318 eITecit.
1489 1263 1595 1319 Sed
1626 1279 1745 1319 cum
1783 1265 2008 1321 occultis

402 1349 650 1403 consiliis
673 1349 1032 1407 rebellionem
1071 1365 1321 1422 pararet,
1353 1370 1650 1427 regemque
1681 1355 2004 1426 EthiOpum

400 1443 493 1512 qui
517 1452 628 1496 tum
655 1443 951 1515 Egyptum
981 1445 1282 1512 obtinebat,
1316 1448 1367 1502 in
1399 1449 1660 1504 auxilium
1689 1451 2002 1520 accerserit,

403 1531 564 1602 idque
598 1532 976 1592 Salmanassar
1013 1541 1392 1610 comperisset,
1426 1541 1703 1612 perpetuis
1730 1557 1852 1598 eum
1882 1541 2004 1596 vin-

400 1625 538 1679 culis
565 1627 619 1680 in
653 1641 928 1682 carcerem
959 1631 1191 1700 coniecit
1213 1674 1228 1699 ,
1286 1629 1589 1704 urbemque
1623 1633 1823 1689 excidit
1861 1647 1874 1686 :
1909 1647 2006 1702 po-

401 1716 590 1787 pulum
614 1720 924 1774 universum
961 1725 1015 1776 in
1043 1736 1270 1792 regnum
1303 1739 1462 1779 suum
1491 1724 1736 1787 abduxit,
1765 1725 2003 1797 Assyriis

2111 1163 2258 1220 dium
2303 1164 2506 1220 Judaeze
2534 1175 2747 1220 mature
2778 1163 3104 1221 rediturum.
3138 1165 3245 1221 Sed
3281 1164 3418 1221 nihil
3449 1164 3534 1220 Itis
3580 1167 3712 1222 Eze-

2110 1256 2263 1312 chias
2292 1266 2470 1311 motus
2495 1269 2681 1312 orasse
2711 1255 2998 1312 Dominum
3030 1258 3286 1324 traditur,
3322 1272 3388 1312 ne
3417 1258 3557 1314 hanc
3587 1267 3706 1313 tan-

2111 1358 2218 1403 tatn
2249 1348 2484 1404 hominis
2514 1349 2858 1404 insolentiam
2887 1349 3113 1403 inultam
3144 1353 3349 1405 sineret
3377 1365 3392 1405 :
3418 1352 3488 1406 ita
3517 1353 3708 1406 eadem

2110 1443 2269 1497 nocte
2315 1443 2553 1512 Angelus
2587 1451 2765 1496 castra
2805 1442 3154 1515 Assyriorum
3190 1458 3504 1513 aggressus,
3540 1445 3708 1498 multa

2108 1535 2390 1590 hominum
2423 1531 2590 1589 millia
2622 1527 3072 1599 lethodedit;rex
3097 1534 3338 1606 trepidus
3371 1535 3422 1590 in
3447 1535 3705 1605 oppidum

2105 1628 2336 1685 Niniven
2364 1629 2630 1700 confugit,
2665 1629 2846 1701 ibique
2879 1645 2906 1682 a
2953 1629 3080 1685 ﬁliis
3109 1629 3435 1686 interfectus
3479 1631 3704 1701 dignum

2106 1737 2165 1779 se
2198 1723 2402 1780 exitum
2453 1721 2594 1778 tulit.
2644 1724 2750 1778 Per
2796 1722 2940 1779 idem
2984 1733 3200 1794 tempus
3253 1715 3514 1781 Ezechias
3563 1741 3708 1797 :rgor

399 1811 456 1864 in
491 1808 670 1866 hostili
713 1813 832 1867 solo
860 1812 925 1868 ad
951 1811 1255 1871 custodiam
1291 1819 1482 1887 positis
1515 1811 1744 1889 (exinde
1781 1833 1842 1873 ea
1882 1833 2004 1889 pars
2037 1831 2084 1892 Β
2111 1829 2363 1886 corpore,
2399 1809 2592 1871 morbo
2615 1809 2960 1872 incubuerat.
2993 1815 3238 1884 Cumque
3278 1809 3465 1872 Esaias
3492 1817 3540 1872 ei
3579 1832 3708 1873 ver-

402 1905 646 1960 Samaria
677 1909 949 1979 appellata
981 1927 995 1965 :
1023 1911 1167 1981 quod
1198 1909 1380 1984 lingua
1404 1913 1749 1984 Assyriorum
1769 1914 2004 1969 custodes

401 1991 701 2054 Samaritas
738 1991 995 2073 vocant),
1031 2017 1094 2058 ex
1139 2001 1338 2074 quibus
1381 2006 1624 2076 plerique
1655 2005 1864 2060 divinas
1907 2019 2003 2060 ce-

404 2093 679 2146 remonias
709 2099 1035 2165 receperunt
1077 2095 1300 2168 reliquis
1347 2096 1398 2151 in
1445 2111 1633 2152 errore
1686 2097 2005 2165 gentilitatis

403 2185 902 2254 perseverantibus.
933 2187 1046 2244 Hoc
1093 2187 1238 2244 bello
1277 2187 1476 2244 Tobias
1522 2190 1576 2244 in
1631 2189 2004 2258 captivitatem

404 2277 600 2333 ductus
631 2287 733 2334 est.
773 2274 844 2334 At
881 2281 931 2333 in
974 2291 1126 2352 parte
1171 2282 1400 2337 duarum
1435 2282 1671 2337 tribuum
1703 2297 1796 2336 rex
1825 2278 2007 2337 Achaz

399 2373 472 2426 οι)
503 2374 837 2441 impietatem
870 2374 1083 2430 invisus
1123 2373 1261 2444 Deo,
1291 2391 1417 2431 cum
1451 2375 1805 2431 ﬁnitimorum
1848 2371 2007 2432 bellis

404 2481 549 2536 saepe
581 2479 944 2538 premeretur,
969 2467 1100 2525 deos
1133 2473 1372 2541 gentium
1404 2469 1590 2525 colere
1627 2471 1898 2534 decrevit,
1926 2468 2006 2524 ni-

407 2559 605 2614 mirum
659 2561 786 2632 quia
842 2573 1033 2617 eorum
1083 2562 1572 2618 auxilio'victores
1625 2561 2009 2633 frequentibus

410 2655 611 2723 praeliis
639 2649 980 2711 exstitissent
1007 2673 1022 2710 :
1051 2653 1125 2712 ita
1155 2655 1210 2711 in
1257 2653 1364 2711 hoc
1393 2656 1615 2712 nefaria:
1666 2658 1864 2711 mentis
1891 2656 2008 2724 pia-

410 2747 535 2802 culo
585 2745 731 2804 diem
768 2747 991 2804 functus
1037 2758 1152 2818 est,
1213 2764 1334 2804 cum
1385 2757 1474 2803 th
1526 2745 1681 2805 annis
1731 2747 1786 2802 in
1839 2755 2011 2816 regno

411 2841 623 2896 fuisset.

482 2933 546 2989 L.
591 2931 727 2989 IIuic
751 2917 1014 2989 Ezechias
1042 2928 1182 2989 Illius
1210 2936 1496 3000 successit,
1525 2935 1759 2988 multum
1793 2930 2012 3004 paterni

414 3025 693 3081 dissimilis
747 3025 955 3098 ingenii
999 3043 1010 3080 :
1064 3042 1302 3098 namque
1353 3029 1509 3081 initio
1553 3027 1703 3097 regni
1753 3026 2010 3097 popuiutu

413 3119 836 3190 sacerdotesque
887 3121 954 3175 ad
1020 3120 1115 3176 Dei
1157 3123 1364 3175 cultum
1414 3120 1734 3177 cohortatus
1763 3162 1777 3185 ,
1830 3120 2012 3175 multis

2109 1909 2233 1964 bum
2280 1903 2496 1963 Domini
2529 1908 2931 1971 annuntiasset,
2979 1907 3104 1962 vitae
3144 1907 3264 1978 ejus
3297 1910 3456 1964 ﬁnem
3487 1910 3709 1978 adesse,

2108 2002 2268 2056 ﬂesse
2308 2013 2405 2055 rex
2439 1997 2700 2066 traditur,
2746 1999 2817 2054 Ita
2849 2015 2918 2054 xv
2945 2013 3119 2055 annos
3162 2001 3440 2072 prorogari
3491 2001 3591 2056 sibi
3638 1999 3705 2057 ad

2109 2093 2273 2150 vitam
2305 2093 2507 2150 meruit
2542 2112 2555 2148 :
2604 2093 2803 2164 quibus
2852 2096 3123 2164 peractis,
3173 2109 3317 2151 nOuo
3348 2105 3400 2150 et
3444 2095 3709 2167 vigesimo

2111 2187 2325 2257 imperii
2366 2200 2511 2240 anno
2555 2184 2832 2252 decessit,
2866 2195 3092 2255 regnum
3141 2179 3391 2241 Manasse
3420 2179 3536 2242 ﬁlio
3572 2185 3710 2242 reli-

2108 2279 2242 2351 quit.
2277 2277 2327 2332 Is
2356 2295 2383 2332 a
2419 2291 2572 2349 patre
2596 2278 2828 2334 multum
2857 2278 3223 2349 degenerans,
3253 2277 3446 2334 relicto
3475 2276 3710 2335 Domino

2109 2373 2352 2427 culturas
2389 2369 2586 2442 impias
2638 2373 2891 2426 exercuit
2931 2389 2945 2426 :
2991 2373 3062 2426 ob
3087 2371 3230 2441 quod
3277 2371 3328 2427 in
3381 2381 3706 2443 pctcstatem

2109 2463 2459 2537 Assyriorum
2483 2459 2736 2528 traditus,
2769 2462 2917 2519 malo
2939 2474 3165 2518 coactus
3195 2465 3413 2533 agnovit
3436 2479 3705 2532 errorem,

2113 2561 2481 2632 populumque
2507 2560 2825 2614 adhortatus
2852 2561 2960 2626 est,
2995 2557 3071 2613 uti
3099 2558 3308 2614 relictis
3330 2559 3490 2614 idolis
3520 2559 3707 2613 Domi-

2111 2671 2245 2712 num
2295 2653 2564 2711 colerent.
2600 2652 2742 2710 Nihil
2791 2665 2928 2712 sane
2951 2655 3174 2727 dignum
3203 2657 3464 2712 memoria
3488 2657 3660 2729 gessit
3693 2675 3706 2712 ε

2113 2747 2357 2817 regnavit
2403 2755 2582 2800 autem
2615 2761 2790 2802 annos
2831 2757 2864 2800 v
2911 2757 2966 2802 ot
3016 2765 3071 2805 ι..
3103 2747 3280 2805 Amon
3324 2748 3523 2806 deinde
3567 2749 3711 2806 ﬁlius

2112 2843 2228 2913 ejus
2252 2855 2477 2911 regnum
2506 2840 2736 2910 adeptus
2765 2851 2870 2908 est,
2904 2855 3003 2896 nec
3034 2841 3174 2895 ultra
3206 2841 3484 2896 biennium
3513 2858 3580 2898 eo
3609 2857 3706 2912 po-

2113 2935 2243 2990 tittts
2276 2945 2398 2988 est:
2430 2944 2672 3004 paternae
2701 2931 3002 3002 impietatis
3033 2932 3214 2987 hatres
3236 2973 3252 2999 ,
3296 2933 3507 2987 Domini
3541 2931 3715 3002 negli-

2112 3045 2269 3100 gens,
2288 3044 2511 3083 suorum
2539 3027 2750 3082 insidiis
2774 3028 3182 3082 circumventus
3211 3027 3394 3098 periit,
3413 3026 3479 3080 ad
3502 3025 3706 3082 Josiam

2118 3123 2282 3177 ﬁlium
2309 3124 2594 3193 imperium
2627 3119 2961 3176 devolutum.

410 3212 687 3269 disseruit.
735 3214 803 3270 Ut
837 3216 1152 3285 frequenter
1179 3215 1429 3284 castigati
1459 3227 1487 3266 a
1519 3213 1773 3279 Domino,
1805 3217 2008 3284 smptus
2036 3219 2080 3282 C
2186 3214 2292 3270 LII.
2339 3215 2390 3270 Is
2419 3214 2712 3270 admodum
2742 3212 3033 3284 religiosus
3067 3211 3238 3268 fuisse
3271 3212 3522 3278 traditur,
3567 3227 3716 3267 sum-

410 3319 598 3362 essent
647 3311 1079 3365 misericordiam
1146 3310 1424 3364 consecuti
1471 3323 1486 3365 :
1558 3320 1616 3363 ut
1673 3317 2010 3378 postremum

413 3399 605 3454 decem
639 3401 810 3455 tribus
846 3403 898 3456 in
929 3403 1305 3472 captivitatem
1355 3417 1533 3470 nuper
1557 3402 1804 3455 adducta:
1832 3395 2009 3455 sacrié

419 3492 548 3556 legii
585 3505 775 3560 pmnas
804 3493 1164 3548 dissolverent
1195 3511 1207 3547 ε
1239 3493 1541 3548 curandum
1573 3495 1651 3546 eis
1677 3494 1870 3546 sedulo
1894 3534 1907 3557 ,
1943 3508 2010 3546 ne

417 3583 614 3636 eadem
653 3584 762 3652 pati
801 3595 1130 3639 mereantur.
1162 3584 1240 3639 Ita
1270 3585 1550 3640 conversis
1577 3585 1643 3638 ad
1682 3584 2010 3651 religionem

414 3677 658 3728 omnium
691 3677 902 3742 animis,
941 3677 1136 3732 levitas
1167 3677 1588 3745 sacerdotesque
1617 3690 1806 3729 omnes
1833 3675 1899 3728 ad
1922 3689 2011 3729 ce-

414 3767 670 3822 lebranda
715 3770 1010 3822 secundum
1053 3769 1227 3839 legem
1259 3768 1528 3824 sacriﬁcia
1569 3767 1879 3822 ordinavit:
1919 3782 2011 3822 ce-

419 3864 728 3933 lebrarique
759 3865 966 3920 Pascha
992 3867 1246 3932 instituit,
1277 3866 1421 3938 quod
1446 3867 1557 3936 jam
1587 3866 1801 3935 pridem
1829 3861 2012 3922 fuerat

417 3957 712 4022 omissum;
741 3972 979 4028 cumque
1009 3959 1126 4014 dies
1165 3961 1334 4015 festus
1375 3959 1613 4023 adesset,
1645 3958 1881 4014 dimissis
1915 3971 2011 4027 per

417 4063 631 4104 omnem
667 4059 866 4105 terram
896 4053 1098 4106 nuntiis
1126 4070 1137 4104 :
1170 4061 1471 4106 conventus
1506 4051 1651 4105 diem
1685 4050 1894 4104 edixit:
1927 4059 2007 4114 ut,

413 4143 457 4196 si
483 4141 605 4210 quis
633 4153 752 4211 post
784 4143 1167 4199 abductiouetn
1191 4144 1382 4199 decem
1409 4145 1643 4198 tribuum
1675 4144 1727 4197 in
1763 4143 2008 4200 Samaria

413 4233 790 4301 resedissent,
835 4237 906 4292 ad
956 4237 1207 4293 solemne
1245 4251 1466 4294 sacrum
1500 4236 1901 4292 convenirent;
1936 4238 2009 4296 ita

410 4329 859 4401 Irequeutixsim
894 4339 1169 4388 conventu
1217 4332 1337 4388 dies
1369 4346 1534 4386 sacer
1558 4329 1777 4400 publica
1820 4329 2008 4388 laetitia

407 4435 660 4491 exactus,
693 4426 857 4496 lngo
877 4437 1003 4496 post
1031 4426 1331 4482 intervallo
1358 4426 1627 4496 religione
1647 4426 1892 4496 legitima
1913 4441 2012 4495 per

413 4519 700 4574 Suebiam
743 4521 1020 4576 restituta.
1073 4520 1195 4576 Pari
1224 4520 1424 4577 deinde
1463 4520 1734 4576 industria
1777 4535 1882 4590 qua
1925 4519 2010 4574 di-

2118 3323 2311 3379 maque
2337 3321 2471 3363 cura
2502 3307 2685 3362 divina
2709 3307 3148 3369 administrasse,
3180 3305 3399 3361 Helchia
3427 3303 3712 3362 sacerdote

2115 3417 2241 3456 usus
2283 3401 2447 3457 bene.
2481 3401 2527 3454 Is
2553 3415 2674 3456 cum
2721 3403 2771 3453 in
2807 3399 3009 3470 templo
3034 3399 3233 3454 librum
3261 3398 3413 3453 verbl
3449 3399 3540 3452 Dei
3574 3399 3711 3453 scri-

2117 3509 2288 3564 ptum,
2318 3501 2599 3563 repertum
2633 3504 2660 3547 a
2707 3493 2994 3548 sacerdote
3038 3492 3286 3562 legisset,
3319 3505 3426 3562 quo
3467 3491 3715 3546 contine-

2112 3591 2293 3652 batur,
2339 3590 2625 3644 Hebr-mam
2663 3600 2887 3659 gentem
2917 3589 2989 3643 ob
3034 3589 3255 3642 crebras
3303 3587 3618 3655 itnpietates.
3657 3594 3716 3639 et

2107 3685 2393 3753 sacrilegia
2417 3682 2705 3739 delendam
2728 3699 2742 3747 ;
2779 3684 2880 3752 piis
2902 3682 2966 3736 ad
2997 3681 3166 3734 Deum
3197 3681 3449 3749 precibus
3472 3679 3712 3746 ﬂetuque

2107 3779 2220 3852 jugi
2273 3777 2644 3831 iuuniucntem
2691 3774 2898 3828 cladem
2949 3774 3167 3827 avertit.
3201 3772 3354 3840 Quod
3389 3771 3478 3826 ubi
3534 3769 3712 3824 indul-

2113 3883 2227 3928 tum
2257 3871 2358 3927 sibi
2377 3881 2474 3941 par
2503 3855 2730 3926 Iioldam
2763 3868 3158 3937 pmphetissam
3189 3865 3481 3935 comperit,
3503 3865 3711 3934 majore

2113 3980 2268 4030 cura,
2303 3972 2490 4033 utpote
2519 3962 2793 4031 obligatus
2823 3960 3022 4014 divinis
3045 3958 3352 4021 beneﬁciis,
3379 3957 3582 4012 cultum
3613 3956 3711 4012 Dei

2113 4058 2379 4115 exercuit.
2417 4055 2583 4126 Igitur
2611 4069 2741 4108 vasa
2786 4055 2968 4108 omnia
3018 4052 3352 4106 anteriurum
3385 4066 3571 4120 regum
3621 4065 3712 4104 su-

2115 4150 2526 4222 perstitionibus
2572 4148 2733 4202 idolis
2763 4155 3084 4201 consecrata
3133 4145 3428 4208 cremavit;
3479 4157 3712 4212 namque

2113 4259 2181 4299 eo
2207 4242 2420 4312 profani
2446 4241 2584 4296 ritus
2611 4240 2980 4304 invulnerant,
3007 4248 3066 4292 ut
3091 4236 3195 4292 soli
3222 4251 3285 4292 ac
3327 4237 3466 4294 luna
3495 4235 3712 4290 divinos

2115 4339 2353 4394 honores
2380 4337 2597 4402 darent,
2628 4335 2946 4405 eisdemque
2974 4333 3138 4389 etiam
3165 4347 3232 4387 ex
3269 4330 3503 4386 utetallis
3525 4342 3710 4384 sacra-

2115 4433 2196 4486 ria
2225 4429 2562 4486 aediﬁcarent
2585 4446 2600 4484 :
2625 4427 2826 4498 quibus
2855 4425 3036 4481 Josias
3063 4423 3116 4480 in
3141 4423 3422 4494 pulverem
3452 4420 3710 4486 redactis,

2112 4523 2432 4580 sacerdotes
2484 4535 2700 4592 quoque
2755 4519 3106 4590 profanarum
3151 4517 3348 4574 aedium
3409 4514 3706 4570 interfecit.

417 4612 538 4664 vina
565 4622 893 4678 curaverat,
921 4623 1040 4668 rem
1085 4611 1338 4668 bellicam
1383 4611 1784 4669 adtuinistravit
1811 4653 1826 4680 ,
1871 4611 2009 4666 allo-
2039 4615 2092 4677 D
2117 4616 2224 4671 Sed
2254 4630 2322 4671 ne
2351 4613 2620 4684 sepulcris
2665 4612 2888 4682 quidem
2919 4609 3212 4679 impiorum
3261 4608 3537 4678 pepercit:
3563 4604 3709 4676 quod

413 4705 718 4777 phylosque
765 4705 1141 4777 frequentibus
1172 4708 1378 4777 puellis
1423 4708 1713 4774 contudit,
1756 4706 1932 4761 detrec
1959 4705 2013 4761 ei

417 4797 790 4854 Sevmaeherib
820 4814 914 4854 rex
946 4798 1296 4870 Assyriorum
1328 4799 1531 4855 bellum
1567 4799 1769 4854 intulit.
1817 4799 2012 4869 Magno

407 4907 539 4948 cum
585 4895 841 4949 exercitu
889 4894 1030 4949 ﬁnes
1078 4893 1198 4964 ejus
1247 4894 1554 4964 ingressus,
1600 4895 1819 4965 lateque
1865 4895 2012 4965 agris

416 4987 666 5053 vastatis,
699 4986 854 5041 nullo
882 4985 1184 5043 obsistente
1227 4987 1380 5042 urbis
1415 4987 1810 5044 ohsisidionem
1843 5001 2009 5059 urge—

407 5077 505 5132 bat
531 5095 546 5132 :
578 5077 847 5134 Ezechias
870 5081 1015 5134 enim
1046 5079 1394 5136 multitudine
1425 5079 1672 5147 interior,
1708 5095 1814 5135 non
1843 5095 2012 5136 ausus

413 5185 631 5225 manum
657 5185 974 5240 conserere,
1009 5171 1181 5228 muris
1202 5188 1263 5230 se
1294 5174 1570 5230 tuebatur.
1604 5171 1722 5228 Rex
1754 5174 2012 5244 Assyrius

415 5264 586 5332 portis
607 5264 915 5332 adsultans,
943 5265 1182 5321 minitari
1220 5266 1518 5332 excidium,
1547 5265 1880 5323 deditionem
1910 5267 2012 5321 im—

415 5373 607 5427 perare
643 5377 659 5413 :
703 5359 995 5414 Ezechiam
1036 5360 1234 5417 [rustra
1273 5361 1387 5417 Deo
1436 5361 1715 5417 conﬁdere
1758 5378 1770 5414 :
1820 5375 1880 5414 se
1917 5360 2009 5414 Dei

411 5461 546 5506 nutu
570 5453 753 5522 potius
778 5467 926 5507 arma
949 5455 1248 5524 sumpsisse
1274 5472 1286 5508 :
1316 5457 1581 5511 victorem
1611 5453 1852 5509 onmium
1877 5469 2011 5524 gen-

416 5544 574 5609 tium,
605 5558 920 5601 eversorem
953 5545 1214 5603 Samaria:
1243 5547 1404 5618 ell'ugi
1437 5562 1545 5602 non
1579 5561 1770 5617 posse,
1805 5545 1860 5602 ni
1885 5560 2006 5604 tua-.-

417 5645 536 5690 tura
565 5638 846 5695 deditione
892 5640 1115 5698 sibimet
1141 5642 1528 5701 consuluisset.
1575 5641 1631 5698 In
1677 5643 1783 5696 hoc
1827 5656 2007 5700 rerum

417 5735 562 5783 statu
591 5729 1000 5791 EzechiasDoo
1021 5731 1219 5798 fretus,
1253 5733 1470 5792 Esaiam
1511 5733 1834 5806 prophetam
1877 5749 2008 5794 con-

413 5821 566 5892 sntit,
612 5825 842 5898 ejusque
891 5839 1160 5898 responso
1210 5827 1494 5895 edocetur,
1546 5827 1688 5888 Nihil
1741 5844 1807 5883 ex
1849 5827 2006 5890 hoste

2116 4709 2246 4765 olim
2285 4707 2611 4777 praedictum
2641 4721 2672 4759 α
2704 4704 2966 4776 propheta
2992 4743 3008 4769 ,
3053 4703 3334 4773 impletum
3365 4698 3710 4756 animadver-

2113 4819 2234 4859 sum
2283 4811 2386 4857 est.
2443 4799 2613 4870 Hujus
2659 4811 2854 4855 octavo
2901 4805 2960 4852 et
3012 4797 3227 4851 decimo
3293 4791 3503 4863 imperii
3565 4803 3710 4847 anno

2115 4897 2322 4955 Pascha
2375 4894 2737 4951 celebratum.
2773 4893 2904 4946 Post
2952 4891 3248 4947 triennium
3300 4887 3416 4942 fere
3447 4885 3710 4942 adversus

2111 4991 2332 5048 Necbao
2375 5005 2564 5062 regem
2616 4989 2873 5061 lEgypti,
2905 4987 2997 5056 qui
3039 4986 3240 5042 bellum
3288 4983 3526 5054 Assyriis
3574 4981 3711 5038 inte-

2113 5085 2310 5158 rebat,
2363 5086 2415 5138 in
2474 5083 2718 5154 prwlium
2758 5095 3051 5152 egressus,
3101 5081 3416 5150 priusquam
3463 5077 3606 5132 inter
3648 5089 3711 5132 se

2113 5179 2262 5234 acies
2309 5184 2747 5241 concurrerent,
2797 5176 2996 5242 sagitta
3050 5173 3190 5226 ictus
3237 5183 3319 5226 est
3357 5188 3370 5223 :
3418 5184 3594 5240 exque
3641 5183 3710 5223 eo

2113 5270 2345 5326 vulnere
2385 5269 2438 5323 iu
2468 5268 2658 5323 urbem
2691 5267 2896 5322 relatus
2920 5304 2936 5332 ,
2966 5264 3245 5331 decessit,
3277 5279 3402 5320 cum
3429 5269 3710 5332 regnasset

2111 5377 2284 5419 annos
2311 5378 2328 5417 ι
2357 5372 2407 5416 et
2435 5377 2526 5416 xx.
2771 5359 2774 5361 ’
3150 5417 3152 5419 ν

2188 5453 2322 5511 LIII.
2350 5453 2587 5510 Joachas
2611 5450 2737 5508 inde
2765 5450 2910 5506 ﬁlius
2939 5449 3058 5522 ejus
3085 5464 3310 5521 riguum
3337 5447 3584 5516 adeptus,
3615 5440 3712 5498 tri-

2119 5553 2222 5606 bus
2247 5546 2524 5603 mensibus
2557 5545 2752 5610 tenuit,
2797 5543 3095 5614 captivitati
3127 5543 3197 5596 ob
3231 5541 3558 5608 impietatem
3588 5533 3714 5596 des?

2118 5641 2364 5697 tinatus:
2397 5653 2636 5710 namque
2679 5653 2802 5694 eum
2848 5637 3064 5694 Necltao
3109 5651 3202 5689 rex
3245 5631 3465 5701 [Egypti
3507 5629 3711 5694 victum

2113 5743 2445 5804 captumque
2486 5731 2662 5798 duxit,
2705 5745 2810 5788 nec
2841 5731 3016 5788 multo
3059 5736 3183 5796 post
3212 5726 3267 5778 in
3297 5721 3528 5778 vinculis
3573 5721 3717 5806 dictu

2121 5826 2341 5887 functus
2366 5834 2473 5880 est.
2496 5824 2700 5886 Juda-is
2723 5823 3058 5898 stipendium
3086 5828 3325 5878 annuum
3351 5817 3674 5894 imperatum
3701 5829 3718 5876 :
