4194 6192
448 268 558 327 η’]

1807 264 2103 325 SULPICII
2139 263 2401 323 SEVERI

3658 271 3767 330 I28

443 401 543 445 rex
572 386 651 444 eis
679 385 949 443 Eliachim
989 386 1219 444 arbitrio
1262 385 1487 442 victoris
1510 384 1692 453 datus,
1722 384 1814 456 qui
1859 392 2048 454 postea
2082 386 2127 445 Α
2155 397 2323 438 nosor
2367 382 2577 440 bellum
2611 384 2831 454 intulit,
2881 386 3338 458 compulsumque
3387 388 3530 444 intra
3580 403 3770 445 muros

452 481 742 537 immutato
770 481 989 536 nomine
1014 478 1267 536 Joachim
1290 478 1559 533 vocitatus
1584 488 1689 533 est.
1719 477 1815 532 llic
1834 474 2057 532 Joachae

454 574 659 641 frater,
697 571 863 629 Josia:
892 572 1033 628 Illius
1065 572 1197 641 fuit,
1246 571 1401 627 fratri
1429 585 1591 642 quam
1624 571 1763 641 patri
1798 570 2055 642 propior,

455 666 746 738 sacrilegio
773 667 982 722 invisus
1010 665 1146 722 Deo.
1182 664 1355 735 Igitur
1380 680 1503 721 cum
1530 665 1642 735 regi
1672 663 1929 736 Egyptio
1960 679 2058 734 pa—

454 768 625 827 reret,
668 760 871 830 quippe
915 758 1002 813 cui
1052 758 1316 813 tributum
1348 757 1654 829 penderet,
1702 756 2062 812 Nabuchodo-

456 866 623 908 nosor
651 866 747 906 rex
777 850 1107 922 Babylonius
1145 850 1393 907 Judazam
1435 862 1637 907 terram
1666 852 1957 923 occupavit
1978 868 2064 907 ar—

457 948 601 1013 mis,
633 952 690 1000 et
738 960 834 1017 per
884 944 1179 1001 triennium
1226 945 1350 1016 jure
1378 946 1509 1001 belli
1557 946 1734 1001 vietor
1779 947 2061 1017 possedit:

458 1037 663 1097 etenim
693 1038 926 1094 cedente
959 1040 1070 1108 jam
1120 1054 1249 1111 rege
1288 1038 1541 1111 Egypti,
1574 1039 2065 1110 detcrtninatisque

454 1134 600 1188 inter
627 1146 724 1187 eos
754 1132 970 1200 imperii
1003 1131 1205 1187 ﬁnibus
1242 1142 1596 1198 convenerat,
1627 1131 1847 1187 Iudaeos
1866 1131 1934 1187 ad
1964 1131 2064 1185 Ba-

462 1223 719 1296 bylonem
753 1225 1054 1295 pertinere.
1084 1225 1163 1279 Ita
1191 1240 1314 1280 cum
1365 1224 1638 1293 Joacbim,
1671 1226 1876 1280 exactis
1904 1226 1956 1279 in
1982 1240 2069 1280 re-

460 1332 570 1389 gno
598 1318 756 1377 annis
784 1319 1057 1386 undecim,
1096 1319 1210 1373 filio
1234 1318 1480 1387 ejusdem
1510 1319 1749 1373 nominis
1782 1318 1957 1373 locum
1989 1318 2070 1374 fe-

463 1410 652 1477 cisset,
682 1411 838 1481 isque
866 1412 1011 1481 regis
1057 1410 1341 1483 Babylonii
1375 1412 1430 1466 in
1483 1426 1544 1466 se
1578 1412 1712 1466 iram
1745 1411 2072 1467 concitasset

466 1501 607 1575 {Deo
640 1501 893 1557 nimirum
925 1513 1143 1573 agente,
1176 1501 1264 1557 cui
1301 1503 1654 1559 constitutum
1683 1511 1801 1559 erat
1826 1502 2070 1558 Iudaeam

464 1603 684 1665 gentem
714 1596 1012 1665 captivitati
1044 1608 1097 1652 et
1121 1596 1485 1653 internecioni
1508 1596 1685 1668 dare),
1708 1594 2073 1653 Nabuchodo-

466 1702 635 1744 nosor
664 1688 1099 1761 Hierosolymam
1124 1706 1247 1746 cum
1272 1693 1518 1747 exercitu
1548 1692 1850 1761 ingressus,
1877 1691 2071 1746 urbem

2162 477 2457 549 confugere
2508 480 2744 535 triennio
2776 480 3010 537 obsedit.
3041 481 3160 549 Qua
3206 489 3534 553 tempestate
3582 481 3772 539 Hiere-

2164 573 2326 627 miam
2370 574 2693 644 prophetam
2720 614 2736 641 ,
2782 574 2872 647 qui
2918 574 3033 644 jam
3074 574 3275 644 saepius
3321 573 3608 629 imminere
3654 573 3773 631 urbi

2163 665 2532 737 captivitatem
2562 668 3035 737 pronuntiaverat,
3078 668 3361 733 consulit,
3411 667 3458 723 si
3488 667 3617 739 quid
3654 667 3775 737 Spei

2166 760 2393 815 forsitan
2423 768 2757 828 superesset.
2793 760 2902 816 Sed
2946 760 3037 815 ille
3066 760 3311 818 caelestis
3353 760 3449 815 ira:
3482 774 3592 815 non
3622 761 3775 831 igua-

2166 870 2283 922 rus,
2314 855 2505 910 eadem
2538 856 2740 925 smpins
2769 857 3132 925 interrogatus
3174 852 3493 925 respondit,
3523 854 3627 924 ipsi
3659 855 3776 926 regi

2168 948 2460 1020 specialem
2495 964 2711 1019 poenam
2758 948 3112 1004 denuntians.
3143 948 3281 1003 Tum
3313 962 3444 1002 vero
3470 947 3774 1003 Sedechias

2170 1044 2222 1098 in
2254 1048 2388 1098 iram
2432 1044 2699 1105 excitatus
2723 1086 2738 1111 ,
2775 1044 2915 1099 trudi
2949 1042 3271 1115 prophetam
3303 1044 3355 1098 in
3388 1058 3663 1099 carcerem
3690 1044 3776 1114 ju-

2169 1139 2263 1193 bet
2289 1155 2300 1191 :
2330 1152 2563 1209 moxque
2583 1153 2709 1193 eum
2732 1138 2974 1194 crudelis
2994 1138 3121 1193 facti
3154 1138 3346 1208 piguit;
3376 1138 3474 1193 sed
3501 1137 3776 1194 obsisten-

2172 1233 2316 1289 tibus
2367 1232 2681 1288 Judtcorum
2732 1232 3109 1303 principibus,
3157 1232 3357 1303 quibus
3407 1232 3521 1303 jam
3571 1232 3699 1288 inde
3746 1247 3777 1287 a

2170 1328 2439 1398 principio
2472 1328 2640 1383 moris
2665 1329 2841 1384 fuerat
2868 1330 3045 1384 bonos
3072 1343 3346 1399 premere,
3380 1328 3666 1384 absolvere
3693 1328 3774 1385 in-

2173 1429 2459 1474 nocentem
2486 1436 2591 1474 non
2610 1430 2694 1475 εει
2718 1434 2899 1475 ausus.
2928 1420 3128 1476 Iisdem
3154 1420 3503 1491 cogentibus,
3522 1421 3574 1475 itt
3598 1421 3776 1477 lacum

2174 1512 2425 1568 immensi
2459 1512 2711 1578 profundi
2739 1554 2754 1579 ,
2785 1528 3051 1584 caenoque
3095 1528 3159 1569 ac
3189 1512 3469 1581 sordibus,
3502 1525 3663 1584 atque
3709 1528 3778 1569 ex

2175 1621 2241 1662 eo
2270 1605 2536 1661 exitiabili
2585 1604 2760 1661 fetore
2805 1605 3114 1672 horridum,
3164 1604 3442 1660 demissus
3467 1614 3584 1669 est,
3619 1614 3677 1659 ut
3705 1618 3777 1660 ne

2177 1698 2410 1769 simplici
2443 1698 2662 1770 quidem
2688 1708 2868 1755 morte
2894 1699 3220 1769 ex5piraret.
3252 1696 3358 1753 Sed
3392 1712 3489 1752 rex
3520 1698 3650 1752 licet
3676 1696 3778 1751 im-

464 1796 760 1853 murosque
786 1798 848 1838 ac
882 1788 1140 1856 templum
1171 1786 1290 1842 solo
1320 1788 1554 1842 stravit:
1588 1788 1705 1842 auri
1744 1787 2071 1843 immensum
2105 1784 2149 1845 Β
2180 1791 2302 1861 pius
2323 1832 2336 1854 ,
2363 1790 2643 1860 aliquanto
2692 1801 2874 1845 tamen
2921 1789 3300 1845 sacerdotibus
3350 1788 3537 1843 mitior
3563 1830 3577 1855 ,
3619 1787 3779 1845 educi

464 1876 711 1943 modum,
742 1886 796 1933 et
819 1892 972 1933 sacra
998 1890 1321 1936 ornamenta
1353 1881 1436 1936 vel
1471 1881 1687 1951 publica
1715 1881 1799 1937 vel
1829 1882 2069 1952 privata,

465 1970 809 2042 puberesque
832 1988 1023 2028 omnes
1045 1973 1217 2028 virilis
1247 1988 1310 2029 ac
1336 1973 1622 2029 muliebris
1647 1989 1811 2030 sexus
1835 1984 2074 2029 transtu-

462 2064 528 2120 lit
552 2105 568 2127 ,
600 2064 807 2120 relictis
830 2109 843 2133 ,
888 2081 1125 2137 quorum
1154 2066 1507 2122 imbecillitas
1536 2076 1627 2122 aut
1670 2076 1805 2123 tetas
1851 2066 2072 2122 fastidio

466 2156 768 2213 victoribus
812 2158 934 2213 fuit.
983 2158 1117 2227 Quae
1162 2159 1340 2225 turba,
1374 2159 1586 2216 inutilis
1632 2160 1880 2226 servitio,
1914 2174 2075 2216 exer-

468 2251 659 2308 cendis
682 2252 1039 2324 colendisque
1064 2254 1234 2325 agris,
1268 2270 1335 2310 ne
1364 2255 1631 2310 incultum
1671 2264 1819 2311 esset
1851 2256 2024 2310 solum
2055 2297 2069 2321 ,

468 2344 727 2416 deputata
767 2362 781 2400 :
838 2345 1158 2416 eisdemque
1201 2362 1298 2403 rex
1342 2346 1642 2403 Sedechias
1697 2348 2023 2419 praepositus
2053 2388 2068 2415 ,

466 2440 740 2513 ademptis
773 2442 981 2498 viribus
1009 2443 1158 2498 inani
1187 2452 1396 2498 tantum
1426 2443 1619 2499 umbra
1655 2442 1796 2514 regii
1838 2442 2072 2498 nominis

469 2549 753 2592 concessa.
790 2535 896 2593 Sed
928 2535 1175 2593 Juacbim
1210 2537 1384 2593 tribus
1413 2538 1693 2593 mensibus
1724 2546 1942 2607 tempus
1973 2537 2072 2591 im-

472 2628 608 2699 perii
644 2628 849 2684 habuit.
891 2627 942 2684 Is
968 2643 1092 2685 cuin
1130 2629 1330 2699 populo
1363 2628 1720 2701 Babyloniam
1751 2629 2069 2696 translatus,

472 2729 529 2777 et
572 2720 624 2776 in
658 2736 942 2778 carcerem
970 2721 1258 2793 conjectus
1286 2731 1390 2778 est.
1424 2722 1787 2793 Trigesimum
1821 2731 1943 2793 post
1972 2736 2069 2776 an-

474 2829 604 2868 num
635 2814 892 2880 emissus,
920 2822 1084 2885 atque
1120 2830 1150 2870 a
1192 2830 1319 2886 rege
1366 2815 1418 2869 in
1448 2815 1743 2869 amicitiam
1773 2798 2069 2885 receptus“,

463 2919 761 2975 mensaque
802 2914 857 2961 et
880 2907 1126 2962 consiliis
1151 2906 1534 2977 participatus,
1567 2922 1674 2963 non
1706 2908 1828 2963 sine
1869 2907 2072 2963 solatio

467 2995 711 3068 depulsae
736 2998 1065 3055 calamitatis
1093 2999 1352 3055 decessit.

540 3090 674 3148 LIV.
717 3092 930 3149 Interea
964 3094 1261 3152 Sedechias
1287 3112 1382 3153 rex
1410 3098 1585 3152 turba:
1619 3097 1847 3165 inutilis,
1882 3112 2072 3168 quam-

2179 1882 2500 1953 prophetam
2535 1883 2603 1938 de
2632 1884 2749 1938 lacu
2778 1894 2831 1938 et
2856 1882 3098 1939 carceris
3124 1880 3384 1937 custodia:
3425 1880 3577 1937 reddi
3600 1880 3773 1951 jubet.

2177 1974 2392 2031 Interea
2428 1976 2685 2032 obsessos
2737 1976 2820 2031 vis
2860 1974 3101 2030 hostium
3142 1983 3198 2030 et
3233 1974 3458 2043 penuria
3502 1972 3775 2045 urgebat:

2177 2069 2629 2139 consumptisque
2659 2067 2912 2124 omnibus
2941 2084 3064 2138 quae
3094 2067 3273 2123 mandi
3298 2073 3571 2136 poterant,
3601 2064 3778 2121 fames

2178 2164 2503 2218 invalnerat.
2552 2163 2631 2218 Ita
2674 2161 2904 2218 defessis
2954 2160 3135 2217 inedia
3162 2159 3569 2227 defensoribus,
3616 2159 3777 2229 oppi-

2177 2256 2306 2312 dum
2335 2266 2552 2327 captnm
2597 2256 2994 2327 incensumque
3024 2272 3036 2307 :
3071 2269 3190 2320 rex,
3227 2264 3285 2308 ut
3316 2252 3578 2323 prOpheta
3623 2251 3779 2307 dixe-

2176 2361 2282 2419 rat,
2312 2350 2526 2406 effossis
2569 2350 2764 2416 oculis,
2815 2348 3170 2421 Babyloniam
3201 2346 3539 2401 translatus:
3587 2344 3778 2399 Hiere-

2176 2445 2313 2500 mias
2356 2444 2734 2524 misericordia
2783 2442 2967 2497 hostili
3014 2455 3237 2497 carcere
3279 2445 3591 2509 exemptus.
3638 2434 3776 2491 Cum

2175 2554 2301 2594 eum
2332 2537 2688 2593 Nabuzardan
2718 2536 2969 2608 princeps
2999 2534 3183 2605 regius
3208 2533 3485 2602 captivum
3517 2546 3640 2587 cum
3668 2544 3778 2585 ca:-

2175 2633 2309 2689 teris
2333 2633 2557 2689 duceret
2589 2674 2603 2699 ,
2645 2631 2824 2687 delata
2852 2629 2955 2685 sibi
2990 2630 3217 2700 optione
3246 2629 3316 2684 ab
3362 2642 3464 2694 eo,
3495 2634 3677 2681 utrum
3717 2623 3775 2679 in

2175 2728 2296 2784 solo
2325 2727 2501 2799 patrio
2530 2726 2754 2781 deserto
2803 2723 3160 2793 desolataque
3201 2720 3537 2786 subsistere,
3568 2733 3635 2773 an
3685 2734 3772 2773 se-

2174 2836 2297 2877 cum
2328 2820 2479 2875 abire
2507 2821 2559 2874 in
2591 2817 2819 2873 summis
2856 2816 3160 2871 honoribus
3190 2814 3375 2879 vellet,
3417 2812 3668 2869 residere
3720 2812 3777 2868 in

2174 2914 2349 2986 patria
2396 2913 2608 2967 maluit.
2654 2910 3197 2978 Nabuchodonosor,
3251 2908 3486 2964 abducto
3532 2906 3773 2978 populo,

2174 3007 2408 3064 residuis
2431 3006 2589 3079 (quos
2622 3004 2746 3061 belli
2772 3003 3013 3059 conditio
3042 3002 3131 3059 vel
3160 3001 3356 3073 praedae
3380 3000 3657 3055 fastidium
3689 3014 3776 3056 re-

2174 3098 2347 3169 linqui
2373 3113 2402 3152 a
2434 3096 2732 3152 victoribus
2761 3094 2988 3167 fecerat)
3010 3093 3296 3150 Godoliam
3317 3090 3566 3163 ejusdem
3596 3088 3776 3160 gentis

468 3200 632 3256 quam
664 3186 786 3242 sine
816 3188 1043 3257 viribus,
1080 3189 1247 3245 infido
1278 3190 1500 3261 ingenio
1531 3201 1587 3246 et
1612 3192 1707 3247 Dei
1739 3192 2030 3247 immemor
2055 3235 2069 3259 ,
2102 3179 2147 3244 C
2180 3189 2508 3261 pra'posuit,
2536 3188 2744 3258 absque
2773 3186 2884 3241 ullo
2912 3187 3113 3256 ittsigni
3139 3187 3290 3258 regio
3313 3196 3404 3240 aut
3433 3184 3646 3254 imperil
3679 3198 3778 3237 nn-

466 3280 557 3350 qui
583 3295 691 3335 non
728 3280 1057 3353 intelligeret
1081 3285 1450 3354 captivitatem
1482 3284 1553 3339 ob
1580 3285 1778 3340 delicta
1807 3288 1982 3356 gentis
2016 3287 2073 3341 il-

466 3373 629 3429 latam
648 3415 663 3441 ,
697 3371 989 3445 postremis
1017 3376 1257 3448 denique
1289 3378 1449 3433 malis
1473 3378 1696 3434 debitus
1722 3420 1737 3442 ,
1780 3379 1925 3450 regis
1953 3380 2073 3434 ani-

472 3480 617 3522 mum
651 3466 899 3524 ofl‘endit.
944 3466 1020 3523 Ita
1049 3470 1098 3524 ei
1130 3479 1252 3540 post
1279 3484 1477 3526 novem
1508 3485 1683 3526 annos
1712 3469 2074 3527 Nabuchodo-

2178 3285 2377 3340 mine:
2435 3282 2560 3353 quia
2619 3296 2859 3353 praeesse
2911 3280 3099 3353 paucis
3142 3290 3199 3337 et
3246 3277 3579 3335 calamitosis
3627 3277 3775 3333 nulla

2178 3376 2414 3451 dignitas
2444 3386 2585 3433 erat.

472 3615 3774 3644 W

1576 3848 1926 3932 LIBER
2002 3844 2665 3933 SECUNDUS.

1961 4042 2295 4060 ψ

550 4246 592 4302 l.
652 4244 1001 4317 Captivitatis
1054 4255 1298 4315 tempora
1353 4248 1750 4319 prophetarum
1803 4247 2077 4303 vaticiniis

477 4349 643 4410 atque
670 4339 887 4395 actibus
940 4340 1206 4396 illustrata
1254 4350 1409 4408 sunt,
1445 4343 1793 4413 maximeque
1837 4341 2079 4397 Danielis

479 4434 694 4505 egregia
723 4434 792 4489 ad
822 4436 1253 4489 conservandam
1281 4437 1458 4506 legem
1486 4436 1916 4505 perseverantia,
1946 4435 2077 4490 etin

478 4529 826 4586 absolutione
851 4528 1120 4585 Susanna:
1149 4528 1335 4584 divino
1377 4529 1631 4595 consilio,
1660 4532 1987 4601 caeterisque
2014 4529 2083 4584 ab

479 4638 546 4679 eo
589 4623 759 4694 gestis
784 4663 799 4688 ,
841 4637 963 4693 qum
1009 4621 1205 4678 ordine
1244 4637 1659 4694 persequemur.
1691 4621 1790 4677 Hic
1822 4622 1923 4678 sub
1954 4637 2084 4692 rege

480 4716 731 4772 Joachim
778 4727 973 4787 captus
1015 4714 1397 4787 deductusque
1435 4716 1790 4788 Babyloniam
1818 4756 1834 4782 ,
1878 4730 2082 4787 parvus

480 4810 772 4866 admodum
823 4826 998 4881 puer:
1032 4820 1221 4881 postea
1254 4810 1324 4867 ob
1356 4811 1684 4881 elegantiam
1714 4810 1895 4865 vultus
1941 4811 2084 4866 inter

483 4902 768 4961 ministros
788 4906 969 4974 regios
990 4914 1324 4974 assumptus,
1351 4920 1567 4972 unaque
1586 4920 1708 4960 cum
1730 4920 1796 4961 eo
1815 4905 2079 4972 Ananias,

486 4999 673 5054 Misael
718 5007 773 5053 et
820 5001 1060 5056 Azarias.
1096 5000 1203 5056 Sed
1242 5016 1364 5056 cum
1403 5016 1499 5056 eos
1538 5016 1633 5057 rex
1672 5001 2084 5057 delicatioribus

479 5091 617 5147 cibis
650 5093 831 5147 curari
887 5096 1240 5165 praecepisset
1264 5139 1277 5162 ,
1313 5096 1475 5165 idque
1514 5096 1790 5166 Asphanac
1834 5097 2084 5151 eunucho

482 5187 686 5256 negotii
705 5187 967 5255 dedisset,
998 5191 1187 5246 Daniel
1216 5202 1561 5260 paternarum
1594 5192 1946 5248 traditionum
1973 5208 2084 5249 me-

484 5294 625 5349 mor,
652 5297 719 5337 ne
746 5296 810 5336 ex
855 5297 1040 5337 mensa
1075 5285 1220 5354 regis
1249 5285 1531 5354 gentilium
1550 5285 1687 5340 cibis
1712 5288 2084 5357 participaret,

484 5375 738 5445 poposcit
775 5374 844 5429 ab
888 5376 1164 5443 eunucho,
1213 5386 1269 5432 ιιι
1313 5377 1686 5448 leguminibus
1711 5388 1919 5434 tantum
1962 5390 2082 5435 ute-

484 5480 693 5523 rentur.
718 5466 994 5525 Causaute
1022 5470 1315 5541 Asphane,
1350 5486 1419 5527 ne
1463 5471 1866 5527 dissimulatum
1913 5473 2085 5542 impe-

481 5559 621 5615 rium
653 5561 798 5631 regis
827 5573 1189 5619 consecutura
1217 5563 1421 5619 macies
1447 5564 1728 5634 proderet,
1764 5563 1949 5620 Daniel
1975 5563 2083 5618 Do-

482 5653 634 5709 mino
655 5653 826 5713 fretus
856 5656 1169 5727 pollicetur,
1198 5656 1422 5728 majoris
1445 5656 1663 5713 decoris
1691 5658 1795 5713 sibi
1813 5658 1990 5713 vultus
2014 5673 2083 5715 ex

483 5743 856 5814 leguminibus
912 5764 1072 5818 quam
1121 5763 1189 5805 ex
1241 5749 1381 5806 cibis
1420 5749 1598 5821 regiis
1656 5751 1804 5817 fore;
1840 5751 2083 5823 fidesque

475 5826 643 5891 (lictis
673 5834 865 5903 adfuit,
894 5838 969 5896 ita
1012 5849 1073 5899 ut
1112 5840 1337 5901 minime
1364 5853 1555 5901 eorum
1591 5839 1766 5903 vultus
1798 5848 2083 5915 comparat

2182 4250 2322 4310 biles
2352 4251 2707 4317 haberentur,
2738 4248 2829 4320 qui
2855 4244 3232 4317 imperialibus
3262 4240 3556 4312 impendiis
3588 4252 3784 4309 procu—

2181 4349 2467 4404 rabantur.
2499 4344 2670 4416 Igitur
2699 4359 2728 4398 a
2751 4356 2880 4413 rege
2918 4340 2973 4395 in
3002 4339 3215 4394 honore
3240 4345 3296 4392 et
3325 4335 3498 4403 gratia
3530 4329 3783 4395 adhibiti,

2186 4441 2474 4515 prudentia
2499 4449 2556 4496 et
2583 4436 2870 4508 disciplina
2896 4434 3046 4489 brevi
3076 4430 3327 4486 omnibus
3353 4427 3498 4498 regis
3526 4424 3789 4497 proximis

2187 4536 2430 4592 antelati.
2459 4534 2561 4589 Per
2583 4532 2725 4587 idem
2751 4539 2968 4598 tempus
2994 4526 3245 4580 Susanna
3273 4522 3518 4593 quaedam
3539 4517 3786 4575 Joachim

2191 4639 2381 4701 nupta,
2438 4636 2700 4699 spectata:
2745 4622 2946 4679 femina
2997 4617 3441 4692 pulchritudinis,
3490 4631 3521 4670 a
3573 4615 3790 4669 duobus

2191 4719 2524 4794 presbyteris
2545 4717 2807 4789 appetita,
2821 4730 2945 4770 cum
2963 4712 3255 4783 impudicis
3270 4724 3377 4765 non
3393 4706 3785 4777 acquievisset,

2187 4817 2327 4873 falso
2364 4814 2595 4870 crimine
2643 4809 2975 4865 incessitur:
3008 4804 3204 4862 iisdem
3256 4794 3593 4873 presbyteris
3639 4798 3790 4855 defe-

2185 4911 2455 4974 rentibus,
2486 4909 2539 4962 in
2572 4906 2796 4963 remotis
2822 4902 2958 4958 locis
2995 4900 3425 4954 adolescentem.
3447 4909 3571 4949 cum
3598 4908 3663 4949 ea
3692 4893 3789 4948 de-

2186 5006 2540 5078 prehensum,
2573 4999 2669 5056 sed
2700 4997 2854 5053 illum
2884 4992 3110 5066 juvenili
3144 4990 3427 5045 alacritate
3451 5003 3641 5043 senum
3674 5001 3787 5041 ma-

2187 5115 2289 5154 nus
2320 5096 2595 5167 effugisse.
2640 5092 2718 5147 Ita
2752 5085 3087 5160 presbyteris
3134 5083 3272 5139 ﬁdes
3318 5081 3501 5137 habita
3538 5099 3551 5137 :
3577 5078 3788 5151 judicio

2187 5193 2374 5266 pOpuli
2406 5192 2659 5248 Susanna
2705 5186 3015 5241 damnatur.
3048 5182 3181 5249 Quae
3211 5192 3334 5236 cum
3380 5175 3680 5234 secundum
3712 5174 3791 5230 le-

2187 5304 2307 5359 gem
2356 5287 2423 5341 ad
2470 5283 2797 5355 supplicium
2846 5279 3161 5344 duceretur,
3220 5275 3409 5329 Daniel
3460 5283 3571 5327 tum
3615 5284 3791 5326 annos

2190 5390 2349 5435 natus
2377 5394 2475 5444 xu,
2510 5374 2789 5445 increpitis
2817 5371 3024 5428 .Iudzels
3053 5368 3195 5441 quod
3235 5369 3585 5422 innocentem
3625 5363 3788 5419 morti

2189 5472 2489 5537 dedissent,
2536 5469 2802 5526 reducere
2853 5480 2970 5521 eam
3020 5465 3075 5518 in
3122 5460 3414 5531 judicium,
3457 5470 3789 5525 causamque

2188 5566 2368 5622 denuo
2397 5563 2572 5619 audiri
2618 5561 2877 5634 postulat.
2914 5556 3211 5613 Enimvero
3250 5551 3543 5607 multitudo
3571 5549 3790 5605 Iudaeo-

2190 5674 2310 5715 rum
2354 5673 2475 5729 qua:
2507 5667 2617 5712 tum
2648 5655 2855 5718 aderat,
2902 5665 3015 5705 non
3043 5648 3160 5703 sine
3190 5646 3423 5700 Domino
3465 5641 3787 5697 existimans

2190 5765 2420 5824 puerum
2434 5755 2762 5816 contemptae
2775 5741 3007 5799 tctatula:
3030 5741 3083 5795 in
3111 5739 3254 5824 hanc
3266 5735 3640 5824 constantiam
3660 5745 3787 5824 pros

2191 5808 2424 5902 futuisse,
2460 5808 3104 5901 favore-accommodato,
3136 5822 3191 5885 In
3232 5819 3521 5887 concilium
3551 5808 3783 5885 reverita
