4200 6180
383 282 487 341 129

1575 281 1903 341 HISTORIA
1942 277 2193 342 SACRA.
2236 278 2365 342 LIB.
2411 285 2476 343 II.

3546 344 3561 361 .
3591 305 3697 364 I30

378 412 489 458 tur.
519 401 692 456 luitur
713 395 1212 471 denuojudicium:
1233 397 1466 467 Danieli,
1496 407 1553 454 ut
1582 399 1724 457 inter
1754 401 1991 471 majores
2019 412 2073 472 Α
2098 410 2193 456 aut
2222 403 2519 459 rebellibus
2550 416 2876 477 occupatum
2906 451 2919 474 ,
2978 422 3071 467 aut
3100 412 3426 472 dedentibus
3474 433 3701 491 semper

382 510 519 554 natu
548 496 836 564 rcsidcret,
864 493 1330 575 deiatumrlgitur
1356 494 1602 565 separari
1639 503 1986 552 accusatores

377 595 575 668 jubet:
601 612 880 669 unumque
905 611 972 653 ex
1003 597 1085 652 eis
1112 595 1433 667 interrogat,
1460 595 1562 651 sub
1584 593 1740 664 cujus
1767 593 1986 665 generis

375 692 579 747 arbore
605 689 909 746 adulteram
953 688 1431 759 deprehendisset.
1481 688 1562 744 Ex
1595 687 1861 743 varietate
1897 702 1987 743 re—

377 784 570 853 Sponsi
590 783 798 839 falsitas
816 782 1165 852 deprehensa
1192 799 1207 838 :
1238 783 1485 839 Susanna
1512 783 1763 839 absoluta
1789 798 1803 835 :
1830 795 1986 852 pres-

376 876 558 950 byteri
584 920 599 945 ,
627 880 720 951 qui
752 878 1031 935 innocenti
1078 878 1384 949 periculum
1412 887 1773 947 creaverant,
1804 878 1984 950 capite

380 972 640 1030 damnati.

448 1067 513 1124 ll.
554 1066 632 1123 Ea
679 1076 1013 1139 tempestate
1055 1068 1567 1125 Nabuchodonosor
1597 1067 1873 1125 somnium
1904 1067 1980 1123 vi-

375 1163 457 1220 dit
504 1163 770 1235 mysterio
801 1163 1109 1219 futurorum
1141 1164 1393 1220 mirabile
1415 1206 1429 1230 ,
1461 1164 1620 1233 cujus
1658 1164 1986 1234 interpreta-

379 1258 587 1314 tionem
615 1273 782 1330 quum
812 1274 907 1328 per
928 1274 990 1314 se
1018 1274 1126 1313 non
1155 1265 1343 1330 posset
1360 1257 1639 1323 evolvere,
1667 1256 1891 1312 adscitis
1913 1255 1981 1312 ad

377 1349 844 1419 interpretandum
868 1347 1165 1417 Chaldaeis,
1199 1350 1291 1419 qui
1326 1349 1551 1420 magicis
1576 1349 1783 1404 artibus
1808 1348 1981 1404 extis-

373 1460 481 1517 que
512 1445 818 1500 hostiarum
860 1445 1003 1501 scire
1040 1444 1256 1501 occulta
1279 1452 1335 1500 et
1358 1445 1538 1500 futura
1572 1444 1874 1514 praecinere
1904 1442 1983 1497 vi-

373 1538 643 1596 debantur
668 1558 682 1595 :
715 1554 862 1605 mox,
897 1540 1105 1595 veritus
1133 1555 1202 1595 ne
1229 1554 1387 1595 more
1408 1539 1687 1594 hominum
1720 1554 1828 1594 non
1851 1553 1979 1594 vera

370 1632 466 1687 sed
499 1632 700 1702 placita
748 1633 859 1702 regi
890 1647 957 1687 ex
1004 1633 1219 1688 somnio
1251 1632 1663 1701 coniectarent,
1698 1632 1811 1686 visa
1852 1646 1979 1702 sup-

370 1725 583 1797 primit,
640 1725 1004 1795 poposcitquc
1044 1724 1115 1781 ab
1143 1726 1247 1791 eis,
1284 1734 1364 1793 ut,
1397 1724 1445 1779 si
1473 1740 1602 1780 vera
1634 1725 1688 1779 in
1726 1725 1809 1779 his
1838 1724 1978 1779 divi-

2091 498 2239 566 pacis
2286 499 2473 570 specie
2506 500 2766 558 traditum
2798 513 3047 572 constat;
3100 510 3547 580 exercitibusque
3595 530 3695 570 no-

2087 591 2213 646 stris
2234 633 2247 658 ,
2299 592 2528 650 urbibus
2558 604 2725 666 atque
2765 599 3072 666 provinciis
3102 601 3400 671 permistas
3432 605 3694 664 barbaras

2087 683 2363 749 nationes,
2396 693 2451 740 et
2482 687 2760 758 praecipue
2786 688 3007 746 Judaeos
3034 691 3181 749 inter
3205 710 3306 750 nos
3335 696 3561 769 degere,
3594 713 3697 755 nec

2088 783 2271 830 tamen
2301 776 2354 830 in
2387 791 2571 832 mores
2602 787 2822 835 nostros
2855 783 3117 852 transire,
3165 786 3473 844 videamus.
3517 789 3695 862 Atque

2086 864 2205 922 haec
2245 882 2369 923 esse
2400 878 2683 939 postrema
2714 882 2964 943 tempora
3011 876 3291 947 propheta:
3319 881 3646 939 annuntiant
3676 900 3691 938 :

2087 959 2141 1015 in
2181 960 2365 1030 lapide
2394 977 2527 1017 vero
2554 963 2674 1019 sine
2706 965 2963 1021 manibus
2991 966 3240 1025 abscisso
3264 1012 3280 1039 ,
3313 972 3405 1043 qui
3445 987 3643 1030 aurum
3670 1016 3687 1041 ,

2085 1064 2373 1124 argentum
2401 1065 2457 1112 et
2486 1055 2693 1112 ferrum
2743 1067 3061 1131 testumque
3107 1064 3453 1132 comminuit,
3485 1065 3693 1126 Christi

2084 1147 2314 1220 figuram
2345 1165 2489 1207 esse.
2533 1152 2586 1207 Is
2616 1152 2763 1209 enim
2806 1170 2915 1209 non
2948 1156 3270 1215 conditione
3312 1156 3548 1217 humana
3576 1163 3694 1220 edi—

2085 1254 2171 1300 tus
2201 1246 2491 1317 (siquidem
2522 1263 2629 1303 non
2660 1264 2729 1303 ex
2760 1250 3045 1307 voluntate
3076 1252 3202 1320 viri,
3233 1255 3330 1310 sed
3360 1272 3426 1312 ex
3458 1256 3571 1314 Deo
3596 1274 3694 1315 na-
3747 1270 3753 1278 ‘

2082 1344 2171 1393 tus
2188 1344 2299 1408 est)
2325 1340 2587 1396 mundum
2620 1340 2807 1409 istum,
2832 1342 2884 1398 in
2908 1359 3017 1415 quo
3039 1354 3168 1400 sunt
3190 1362 3363 1418 regna
3394 1358 3688 1421 terrarum,

2082 1445 2137 1485 in
2169 1431 2400 1487 nihilum
2440 1432 2686 1504 rediget,
2720 1450 3061 1506 regnumque
3107 1436 3255 1494 aliud
3305 1439 3688 1513 incorruptum

2082 1532 2245 1595 atque
2276 1535 2637 1598 perpetuum,
2692 1528 2746 1583 id
2784 1539 2868 1585 est
2912 1530 3157 1588 futurum
3204 1535 3468 1591 saxulum
3496 1579 3510 1604 ,
3544 1539 3689 1608 quod

2080 1622 2287 1675 sanctis
2310 1631 2560 1690 paratum
2588 1633 2692 1690 est,
2722 1625 3073 1682 conﬁrmabit
3100 1645 3114 1682 :
3146 1627 3215 1684 de
3237 1645 3344 1700 quo
3372 1646 3482 1687 uno
3511 1631 3692 1690 adhuc

2081 1713 2447 1782 quorumdam
2492 1715 2629 1771 ﬁdes
2662 1717 2716 1772 in
2749 1718 3006 1790 ambiguo
3051 1729 3141 1776 est
3162 1763 3176 1787 ,
3206 1738 3315 1779 non
3346 1727 3686 1785 credendum

373 1818 528 1871 natio
574 1828 741 1881 esset,
769 1818 1041 1873 somnium
1073 1817 1253 1888 ipsum
1293 1818 1397 1873 sibi
1424 1817 1711 1874 dicerent:
1744 1825 1855 1873 tum
1886 1817 1981 1872 de-

2089 1804 2153 1859 de
2186 1806 2405 1874 futuris,
2438 1822 2561 1863 cum
2605 1809 2674 1865 de
2719 1812 3017 1881 praeteritis
3063 1816 3479 1875 convincantur.
3524 1821 3690 1893 Igitur

373 1928 523 1968 mum
575 1910 1016 1981 interpretationi
1068 1925 1257 1967 eorum
1304 1911 1642 1966 crediturum
1671 1951 1686 1976 ,
1738 1911 1783 1965 si
1831 1911 1980 1980 prius

372 2003 717 2062 enuntianda
759 2004 1030 2060 somnium
1069 2004 1202 2059 artis
1239 2003 1543 2076 periculum
1587 2003 1870 2058 iecissent.
1900 2002 1981 2058 Illi

374 2112 511 2154 vero
540 2107 745 2152 tantam
775 2097 976 2153 molem
1007 2096 1333 2162 abnuentes,
1364 2112 1471 2152 non
1500 2110 1623 2152 esse
1646 2096 1700 2151 id
1728 2095 1981 2155 humana:

379 2191 505 2261 opis
536 2190 954 2245 conﬁtebantur.
984 2189 1100 2245 Rex
1128 2198 1329 2255 motus,
1362 2189 1511 2260 quod
1538 2189 1671 2245 falsa
1702 2189 1981 2245 divinandi

378 2282 724 2354 professione
751 2283 998 2340 homines
1044 2284 1325 2340 erroribus
1373 2283 1689 2349 illuderent,
1736 2299 1861 2339 cum
1890 2298 1981 2338 as-

378 2374 525 2431 tricti
558 2377 811 2446 praesenti
843 2376 1066 2447 negotio
1094 2376 1230 2431 nihil
1275 2375 1418 2432 scire
1454 2392 1515 2433 se
1542 2375 1978 2432 conﬁterentur:

380 2466 452 2523 ita
483 2469 665 2524 edicto
685 2469 833 2541 regis
855 2470 909 2525 in
935 2485 1031 2525 eos
1060 2468 1532 2537 animadversum,
1555 2469 1844 2541 palamque
1865 2485 1984 2525 om-

383 2577 481 2618 nes
523 2561 683 2634 hujus
726 2563 864 2618 artis
907 2563 1412 2620 interﬁciebantur.
1446 2562 1600 2630 Quod
1649 2562 1739 2617 ubi
1770 2561 1985 2617 Danieli

384 2666 745 2729 compertum,
798 2659 947 2729 regis
978 2657 1295 2729 proximum
1341 2657 1617 2729 appellat:
1650 2655 1984 2712 enuntiatio-

387 2766 515 2807 nem
543 2749 738 2806 somnii
760 2751 1381 2821 intcrpretationcmque
1403 2750 1522 2819 ejus
1544 2749 1851 2820 pollicetur.
1877 2748 1985 2804 Res

384 2843 456 2899 ad
482 2858 664 2914 regem
690 2843 937 2900 defertur
963 2861 976 2897 :
1006 2842 1197 2899 Daniel
1244 2842 1580 2908 accersitur;
1611 2842 1720 2912 jam
1744 2841 1986 2897 revelato

387 2936 490 2992 sibi
519 2951 611 3007 per
636 2936 927 2992 Dominum
955 2934 1240 3008 mysterio,
1273 2934 1411 2989 visio
1443 2933 1587 3004 regis
1613 2934 1867 3000 refertur,
1897 2948 1987 2989 so-

390 3030 647 3100 lutioque.
679 3029 788 3087 Sed
818 3046 909 3087 res
954 3029 1214 3101 postulat,
1250 3040 1309 3085 ut
1338 3028 1483 3100 regis
1513 3028 1784 3084 somnium
1813 3037 1869 3084 et
1898 3028 1983 3083 in-

389 3125 833 3195 terpretationem
883 3124 1169 3195 prophetae
1216 3132 1274 3179 et
1316 3124 1762 3193 consequentium
1823 3104 2027 3179 ﬁdem'

387 3231 747 3287 exponamus.
783 3217 1006 3273 Viderat
1034 3232 1130 3273 rex
1166 3231 1260 3287 per
1289 3231 1544 3287 soporem
1568 3216 1861 3287 imaginem
1890 3231 1984 3271 ca-
2011 3195 2057 3258 (ἶ

388 3312 498 3383 pite
540 3328 710 3369 aureo
736 3311 1087 3380 brachiisque
1116 3310 1419 3382 argenteis,
1452 3317 1643 3366 ventre
1686 3319 1740 3365 et
1765 3309 1990 3364 femori-

386 3403 489 3460 bus
514 3405 672 3461 mreis
698 3446 713 3471 ,
766 3404 1021 3460 cruribus
1061 3403 1253 3459 ferreis
1278 3443 1295 3469 ,
1341 3417 1461 3473 quae
1490 3403 1545 3458 in
1582 3402 1749 3473 pedes
1792 3401 1986 3471 partim

388 3497 628 3565 ferreos,
655 3498 849 3569 partim
880 3498 1077 3566 ﬁctiles
1106 3496 1411 3569 desinebat.
1458 3495 1564 3552 Sed
1593 3496 1795 3552 ferrum
1824 3505 1989 3565 atque

393 3600 595 3649 testum
625 3591 767 3647 inter
812 3590 1095 3647 confusum
1140 3590 1293 3646 coire
1335 3604 1444 3645 non
1493 3596 1725 3659 poterat.
1756 3587 1841 3643 Ad
1889 3603 1985 3643 ex-

394 3692 669 3751 tremum,
718 3683 1002 3755 imaginem
1054 3684 1193 3755 lapis
1240 3682 1360 3740 sine
1410 3681 1663 3737 manibus
1709 3681 1988 3738 abscissus

388 3779 742 3849 proterebat:
776 3778 1111 3849 redactaque
1139 3777 1321 3835 omnia
1371 3777 1425 3833 in
1458 3776 1771 3848 pulverem,
1818 3783 1988 3832 vento

386 3871 591 3929 ablata.

458 3967 548 4023 III.
589 3965 757 4037 Igitur
784 3967 1091 4025 secundum
1142 3968 1427 4041 prophetae
1477 3966 1987 4039 interpretationem

389 4060 572 4131 imago
621 4060 733 4116 visa
788 4060 1015 4131 ﬁguram
1074 4060 1260 4115 mundi
1314 4061 1502 4132 gerit:
1554 4069 1716 4131 caput
1763 4074 1988 4116 aureum

388 4152 768 4209 Chaldaeorum
800 4153 1094 4225 imperium
1123 4162 1208 4209 est
1238 4170 1252 4207 :
1286 4152 1553 4224 siquidem
1581 4152 1633 4207 id
1671 4153 1906 4223 primum
1937 4160 1993 4208 et

389 4249 863 4320 opulentissimum
892 4247 1064 4304 fuisse
1089 4247 1425 4318 accepimus.
1452 4247 1737 4315 Peetus,et
1763 4245 1989 4302 brachia

386 4350 649 4414 argentea
671 4340 973 4398 secundum
1003 4357 1229 4413 regnum
1250 4340 1583 4397 annuntiant
1608 4357 1622 4395 :
1644 4339 1821 4412 Cyrus
1839 4341 1988 4397 enim

392 4436 547 4491 victis
588 4433 862 4490 Chaldaeis
914 4443 1078 4506 atque
1122 4433 1296 4490 Medis
1351 4434 1643 4504 imperium
1690 4432 1758 4488 ad
1789 4432 1991 4489 Persas

393 4535 642 4592 contulit.
674 4535 731 4590 In
780 4544 972 4591 ventre
1013 4548 1159 4589 aereo
1189 4532 1411 4588 tertium
1459 4547 1687 4602 regnum
1734 4530 1988 4605 portendi

395 4630 809 4700 pronuntiatur;
860 4628 1021 4699 idque
1071 4627 1354 4698 impletum
1395 4625 1688 4682 videmus:
1719 4624 1987 4694 siquidem

395 4721 704 4779 Alexander
725 4732 977 4792 ereptum
1004 4720 1187 4776 Persis
1212 4718 1498 4788 imperium
1524 4716 1855 4789 Macedoniae
1872 4716 1990 4772 vin-

394 4815 620 4871 dicavit.
646 4814 818 4871 Crura
848 4814 1028 4871 ferrea
1057 4813 1349 4885 imperium
1376 4819 1654 4884 quartum,
1682 4810 1844 4882 idque
1873 4809 1987 4864 Ro-

393 4924 640 4975 manum,
687 4908 1034 4979 intelligitur,
1083 4906 1338 4963 omnibus
1366 4915 1493 4962 ante
1542 4905 1724 4976 regnis
1764 4903 1991 4960 validis-

390 5004 615 5059 simum.
648 5002 823 5059 Pedes
842 5016 974 5058 vero
997 5000 1197 5073 partim
1230 4999 1416 5068 ferrei,
1445 4998 1640 5071 partim
1664 4998 1879 5067 ﬁctiles,
1908 4996 1990 5053 di-

392 5095 693 5152 videndum
722 5109 847 5152 esse
869 5095 1177 5150 Romanum
1208 5108 1459 5165 regnum,
1488 5090 1563 5147 ita
1597 5100 1656 5147 ut
1697 5106 1990 5161 numquam

389 5190 539 5246 inter
566 5205 628 5245 se
668 5198 859 5257 coeat,
892 5187 1279 5260 praeﬁgurant;
1324 5185 1469 5257 quod
1513 5200 1668 5256 teque
1705 5185 1991 5256 impletum

390 5294 524 5342 est:
579 5285 854 5356 siquidem
894 5284 1007 5355 jam
1052 5299 1161 5340 non
1211 5282 1281 5338 ab
1328 5297 1437 5338 uno
1467 5282 1836 5352 imperatore,
1892 5279 1991 5336 sed

390 5381 556 5437 etiam
586 5394 619 5435 a
648 5378 921 5450 pluribus,
954 5393 1282 5449 semperque
1307 5376 1451 5432 inter
1478 5391 1539 5433 se
1566 5375 1733 5430 armis
1753 5383 1849 5429 aut
1878 5383 1992 5429 stu-

391 5472 500 5528 diis
525 5470 984 5529 dissentientibus
1013 5486 1102 5526 res
1138 5470 1381 5525 Romana
1422 5467 1859 5523 administratur.
1890 5466 1994 5521 De.

394 5566 561 5635 nique
587 5566 935 5622 commisceri
981 5573 1183 5621 testum
1234 5573 1400 5633 atque
1442 5562 1649 5617 ferrum
1698 5576 1993 5633 numquam

395 5659 543 5714 inter
582 5674 640 5715 se
666 5668 960 5716 coeuntem
989 5658 1303 5725 materiam,
1327 5654 1745 5712 commistiones
1771 5652 1996 5709 humani

391 5751 618 5824 generis
656 5752 852 5809 futura:
881 5769 911 5808 a
940 5768 999 5809 se
1031 5753 1267 5809 invicem
1297 5749 1636 5808 dissidentes
1682 5747 1999 5820 signiﬁcan-

395 5854 530 5907 tur:
560 5847 833 5921 siquidem
860 5848 1171 5906 Bomanum
1203 5850 1382 5907 solum
1410 5844 1481 5904 ab
1502 5843 1714 5905 exteris
1743 5844 2001 5917 gentibus

2085 1896 2279 1951 Daniel
2304 1900 2494 1955 multis
2520 1916 2549 1953 a
2584 1917 2713 1972 rege
2741 1907 3067 1963 muneribus
3097 1908 3358 1977 donatus,
3396 1915 3689 1983 praefectus

2085 1989 2399 2063 Babylonia:
2439 2002 2604 2065 atque
2644 1997 2793 2051 omni
2827 1998 3079 2069 imperio,
3113 2001 3170 2057 in
3197 2004 3429 2060 summis
3462 2006 3687 2064 honori-

2084 2082 2185 2139 bus
2233 2084 2567 2154 habebatur;
2598 2088 2721 2160 ejus
2758 2089 3020 2162 suffragio
3064 2095 3327 2165 Ananias,
3373 2098 3604 2157 Azarias
3631 2113 3689 2160 et

2084 2176 2273 2234 Misael
2304 2179 2373 2235 ad
2403 2196 2671 2238 summam
2714 2199 2870 2255 aeque
2912 2186 3239 2258 dignitatem
3266 2200 3323 2247 et
3353 2200 3686 2263 potestatem

2086 2272 2348 2340 provecti.
2384 2272 2592 2330 Eodem
2624 2274 2742 2332 fere
2784 2286 3033 2349 tempore
3075 2283 3340 2350 praeclara
3370 2284 3685 2346 Ezechielis

2084 2365 2371 2436 prophetia
2394 2369 2883 2438 exstitit,revelato
2909 2376 2959 2429 ei
2990 2373 3302 2434 futurorum
3330 2390 3387 2436 et
3405 2396 3690 2441 resurrec-

2088 2461 2255 2518 tionis
2301 2468 2565 2538 mysterio
2591 2486 2603 2521 :
2631 2478 2809 2527 exstat
2840 2471 2985 2529 liber
3014 2476 3197 2548 magni
3228 2480 3435 2550 operis,
3464 2490 3519 2539 et
3558 2498 3686 2541 cum

2085 2570 2214 2611 cura
2246 2557 2529 2629 legendus.

2158 2649 2352 2744 IY._At
2378 2655 2431 2708 in
2479 2652 2689 2725 Judzea,
2722 2658 2808 2713 cui
2833 2668 2958 2729 post
2978 2662 3252 2720 excidium
3291 2666 3689 2744 Hierosolyma:

2087 2740 2375 2837 Codoliam
2425 2748 2777 2817 praepositum
2833 2766 2997 2823 supra
3043 2760 3491 2830 memoravimus,
3542 2740 3690 2837 aegre

2088 2835 2328 2894 ferentes
2373 2836 2553 2895 Judaei
2603 2843 2908 2914 principem
2939 2847 3043 2902 sibi
3092 2864 3160 2905 ex
3192 2853 3366 2923 stirpe
3396 2870 3503 2912 non
3541 2835 3690 2929 regia

2088 2929 2315 2984 arbitrio
2365 2932 2589 2988 victoris
2642 2934 2852 3003 datum,
2907 2938 3100 2996 Ismael
3149 2943 3383 3014 quodam
3433 2947 3572 3005 duce
3634 2959 3692 3007 et

2089 3024 2425 3082 concitatore
2468 3027 2720 3085 nefanda:
2754 3031 3181 3103 conjurationis,
3232 3039 3515 3111 dispositis
3561 3060 3687 3103 eum

2090 3116 2145 3171 in
2195 3119 2446 3175 convivio
2495 3120 2711 3178 insidiis
2759 3138 3127 3195 peremerunt.
3182 3132 3254 3187 At
3291 3132 3346 3189 hi
3387 3135 3480 3206 qui
3532 3148 3689 3196 extra

2091 3212 2308 3267 noxiam
2336 3212 2576 3282 fuerant,
2628 3216 2798 3274 ultum
2853 3219 2933 3276 ire
2971 3220 3182 3279 facinus
3212 3226 3517 3297 cupientes,
3564 3245 3693 3301 pro-

2090 3318 2220 3373 pere
2244 3304 2537 3361 adversum
2568 3306 2763 3364 Ismael
2796 3325 2945 3366 arma
2989 3314 3249 3383 capiunt;
3295 3318 3395 3374 sed
3419 3319 3530 3386 ille,
3562 3325 3690 3394 quia

2089 3398 2344 3469 cognovit
2383 3400 2610 3456 exitium
2658 3402 2767 3459 sibi
2817 3404 3131 3475 imminere,
3185 3409 3377 3468 relicto
3444 3415 3694 3473 exercitu

2087 3507 2249 3562 quem
2295 3502 2670 3564 contraxerat,
2721 3514 2826 3553 non
2863 3501 3101 3571 amplius
3143 3518 3303 3572 quam
3347 3513 3475 3563 octo
3517 3510 3690 3566 comi-

2090 3586 2331 3643 tantibus
2376 3588 2445 3643 ad
2510 3591 2856 3647 Ammonitas
2915 3594 3177 3666 confugit.
3234 3597 3403 3670 Igitur
3430 3601 3693 3673 populum

2090 3680 2408 3736 universum
2454 3690 2632 3738 metus
2678 3694 3019 3754 pervaserat,
3070 3703 3139 3742 ne
3183 3705 3481 3760 paucorum
3512 3696 3694 3753 scelus

2089 3773 2333 3828 omnium
2389 3774 2559 3831 exitio
2612 3792 2708 3833 rex
2754 3777 3082 3851 Babylonius
3128 3782 3304 3839 ultum
3354 3786 3505 3843 iret:
3563 3805 3689 3846 nam

2089 3874 2287 3937 praeter
2325 3866 2616 3924 Godoliam
2657 3870 2856 3927 inultos
2891 3887 2961 3929 ex
3008 3871 3281 3932 Chaldaeis
3325 3892 3449 3935 cum
3492 3896 3561 3937 eo
3602 3882 3691 3940 in-

2091 3958 2441 4015 terfecerant.
2499 3960 2687 4032 Itaque
2758 3964 3051 4022 causiiium
3096 3969 3289 4025 ineunt
3337 3971 3581 4043 fugiendi
3635 3976 3690 4035 in

2090 4049 2410 4123 Egyptum.
2444 4052 2552 4110 Sed
2580 4053 2732 4124 prius
2760 4055 3093 4115 Hieremiam
3121 4060 3436 4132 frequentes
3465 4066 3692 4137 adeunt,

2090 4145 2441 4201 sciscitantes
2471 4144 2714 4203 divinum
2746 4164 3108 4221 responsum;
3160 4163 3215 4210 at
3241 4155 3333 4213 ille
3379 4158 3562 4216 verbis
3597 4162 3693 4221 Dei

2092 4241 2380 4299 universos
2410 4242 2659 4301 hortari:
2702 4245 2762 4302 In
2808 4248 2925 4305 solo
2955 4253 3134 4321 patrio
3180 4267 3506 4314 manerent:
3555 4261 3603 4317 si
3635 4262 3690 4320 id

2091 4335 2371 4405 fecissent,
2416 4338 2510 4395 Dei
2562 4341 2816 4408 praesidio
2866 4345 3117 4413 tuendos,
3161 4348 3482 4423 nullumque
3511 4371 3540 4410 a
3585 4354 3691 4413 Ba-

2093 4430 2332 4501 byloniis
2384 4434 2687 4503 periculum
2726 4434 2888 4492 fore:
2922 4438 3007 4493 siu
3059 4439 3357 4513 Egyptum
3400 4456 3690 4517 peterent,

2096 4538 2286 4581 omnes
2317 4524 2392 4582 ibi
2438 4526 2583 4583 ferro
2612 4542 2676 4584 ac
2714 4528 2857 4585 fame
2889 4529 3223 4606 diversoque
3254 4538 3449 4594 mortis
3491 4556 3696 4613 genere

2096 4617 2390 4688 perituros.
2425 4618 2535 4676 Sed
2591 4620 2767 4691 plebs,
2821 4632 3044 4682 assueto
3098 4628 3263 4696 malo,
3315 4631 3559 4693 insolens
3598 4652 3697 4705 pa-

2098 4711 2252 4768 rendi
2295 4713 2608 4770 salubribus
2645 4716 2893 4774 consiliis
2921 4728 2977 4775 et
3003 4720 3197 4779 divino
3217 4723 3471 4796 imperio,
3509 4731 3694 4800 profe-

2096 4813 2182 4863 cta
2211 4816 2297 4863 est
2344 4806 2399 4863 in
2444 4808 2783 4882 Egyptum;
2834 4812 2965 4882 quid
3012 4814 3083 4871 de
3107 4830 3173 4873 ea
3227 4826 3418 4888 postea
3484 4833 3694 4894 actum,

2096 4905 2268 4960 sacris
2292 4904 2491 4961 litteris
2516 4905 2728 4973 siletur,
2758 4908 2917 4965 nobis
2940 4908 3076 4965 nihil
3101 4924 3462 4985 compertum.

2175 4998 2237 5054 V.
2267 4998 2381 5055 Hoc
2424 5008 2601 5056 tractu
2654 5010 2966 5073 temporum
3012 5003 3520 5069 Nabuchodonosor
3577 5014 3695 5072 ela-

2098 5100 2184 5148 tus
2214 5092 2379 5148 rebus
2427 5093 2683 5151 secundis
2725 5104 2959 5153 statuam
3008 5098 3111 5156 sibi
3160 5115 3383 5159 auream
3416 5105 3697 5167 immensa:

2098 5183 2486 5255 magnitudinis
2530 5186 2734 5257 posuit,
2763 5188 3090 5261 adorarique
3124 5206 3245 5249 eam
3276 5204 3334 5251 nt
3369 5213 3585 5257 sacram
3613 5201 3699 5259 ef-

2097 5276 2276 5349 figiem
2310 5279 2609 5350 praecepit;
2663 5280 2806 5350 quod
2859 5297 2983 5337 cum
3027 5286 3283 5342 certatim
3330 5290 3402 5347 ab
3442 5294 3698 5349 omnibus

2097 5369 2443 5445 (depravatis
2510 5372 2823 5431 adulatione
2895 5377 3139 5434 omnium
3196 5382 3434 5455 animis)
3494 5386 3694 5454 ﬁeret,

2096 5466 2362 5536 Ananias,
2414 5466 2637 5524 Azarias
2692 5477 2751 5525 et
2791 5470 2975 5527 Misael
3019 5474 3249 5544 profano
3296 5477 3478 5533 ofﬁcio
3527 5478 3700 5534 absti-

2101 5568 2355 5629 nuerunt,
2411 5576 2521 5617 non
2573 5561 2893 5633 ignorantes
2949 5563 3216 5624 honorem
3264 5567 3406 5624 hunc
3453 5569 3553 5625 soli
3584 5569 3702 5629 Deo

2100 5654 2367 5712 debitum.
2420 5656 2586 5728 Igitur
2632 5657 2710 5714 rei
2740 5672 2811 5714 ex
2840 5659 3021 5715 edicto
3059 5663 3205 5734 regis
3242 5663 3652 5722 constituuntur
3687 5684 3701 5723 :

2104 5754 2490 5825 propositaque
2515 5753 2595 5810 eis
2624 5752 2872 5810 conditio
2894 5770 3177 5824 pmuarum
3206 5754 3406 5814 ardens
3427 5760 3705 5830 caminus,

2105 5855 2166 5907 ut
2187 5846 2443 5920 praesenti
2476 5856 2624 5905 metu
2663 5845 2897 5904 adorare
2924 5855 3160 5910 statuam
3199 5862 3553 5923 cogerentur.
3603 5852 3711 5919 Ve-
