4200 6180
531 213 623 275 ibi

1956 206 2250 287 summa
2290 205 2545 278 SEVERI

3738 217 3841 282 152

526 322 663 383 rutn'
700 328 772 383 illi
824 328 1079 385 devorari
1131 328 1371 399 ignibus,
1434 341 1594 396 quam
1659 326 1931 396 piaculum
1987 340 2135 380 com-
2162 327 2213 387 Α
2242 333 2597 380 consecutum
2628 332 2714 381 est
2746 342 2761 380 :
2795 339 2916 380 nam
2947 325 3136 393 eadem
3168 333 3329 383 nocte
3351 326 3639 384 Bulthasar
3674 330 3845 385 inter-

527 424 765 488 mittere,
815 423 1147 478 maluerunt.
1197 421 1383 489 Itaque
1435 419 1600 473 vincti
1656 418 1885 490 pedibus
1934 418 1985 472 in
2016 433 2131 472 meo

525 516 644 571 dias
697 517 940 571 flammas
992 516 1384 585 conjiciuntur.
1438 513 1544 569 Sed
1597 512 1876 567 ministros
1923 511 2131 567 infandi

527 608 729 677 aperis,
758 607 887 662 dum
938 606 1237 677 promptius
1287 605 1574 660 damnatos
1621 605 1672 659 in
1708 605 1884 674 ignem
1917 604 2132 687 prepel-

528 701 664 767 lunt,
720 700 937 757 ﬂamma
990 700 1300 755 absorbuit:
1357 700 1616 755 llebricos
1667 698 1886 771 (mirum
1956 698 2127 765 dictu,

529 806 585 850 et
641 794 958 851 incredibile
1020 810 1127 849 non
1183 793 1522 861 visentibus)
1570 793 1708 863 ignis
1772 808 1881 847 non
1930 792 2127 860 attigit,

523 903 693 957 quum
721 903 752 943 a
779 888 1153 959 spectantibus
1194 886 1611 942 deambulantes
1642 885 1696 940 in
1735 884 1949 940 camino
1981 884 2127 955 psal-

526 995 675 1034 mum
702 980 813 1036 Deo
854 979 1037 1035 dicere
1064 991 1426 1035 cernerentur
1453 996 1466 1033 :
1504 980 1759 1047 visusque
1790 992 1911 1033 cum
1938 978 2020 1030 his
2049 977 2131 1030 in-

526 1082 611 1129 ter
652 1076 830 1146 ignem
862 1086 1090 1147 quartus
1119 1078 1303 1145 Specie
1333 1073 1536 1144 angeli,
1569 1087 1733 1143 quem
1766 1070 2130 1125 Nabuchodo-

524 1184 689 1223 nosor
744 1170 963 1240 propius
1014 1170 1273 1235 intuitus,
1311 1168 1480 1223 lilium
1530 1167 1625 1223 Dei
1656 1182 1716 1223 se
1769 1165 1973 1221 vidisse
1999 1180 2129 1219 con-

516 1262 702 1317 fes-sus
750 1275 850 1317 est.
890 1262 1027 1317 Tum
1077 1279 1168 1317 rex
1223 1261 1367 1316 haud
1411 1260 1609 1317 dubius
1663 1260 1903 1313 divinam
1960 1260 2011 1313 in
2067 1271 2129 1313 rc

524 1354 782 1422 praesenti
815 1353 984 1408 fuisse
1016 1355 1299 1415 virtutem,
1335 1354 1515 1408 missis
1570 1368 1667 1423 per
1695 1366 1860 1406 omne
1898 1362 2126 1420 regnum
2186 1402 2193 1405 ,

526 1463 686 1505 suum
715 1449 928 1514 edictis,
957 1447 1085 1503 facti
1133 1447 1454 1502 miraculum
1496 1446 1873 1518 provulgavit;
1910 1442 2127 1498 confos-

528 1556 625 1597 sus
652 1541 755 1595 soli
811 1541 920 1596 Deo
948 1540 1211 1597 honorem
1241 1540 1618 1595 deferendum.
1652 1537 1763 1593 Nec
1793 1538 1963 1591 multo
2008 1544 2128 1606 post

530 1648 629 1687 rex
682 1634 897 1701 objecto
952 1632 1055 1688 sibi
1107 1633 1345 1699 soumlo,
1394 1647 1519 1686 mox
1580 1646 1712 1685 voce
1768 1630 1929 1685 etiam
1985 1629 2126 1683 caelo

2240 415 2323 483 iit,
2383 432 2721 488 regnumque
2760 417 2879 488 ejus
2934 418 3127 473 Darius
3177 418 3398 475 natione
3441 420 3630 476 Medus
3684 437 3846 479 occu-

2239 508 2405 581 pavit.
2452 510 2728 565 Danielum
2776 511 2970 565 illustri
3024 509 3280 580 opinione
3336 523 3676 583 compertum
3725 516 3847 570 uni—

2224 616 2397 657 verso
2425 604 2655 674 imperio
2686 602 3004 677 prmposuit,
3036 614 3259 659 secutus
3286 607 3629 675 superiorum
3656 623 3844 679 regum

2232 694 2538 765 judicium:
2574 712 2696 751 nam
2739 706 2795 752 et
2815 696 3323 752 Nabuchodonosor
3347 713 3475 754 eum
3509 713 3681 770 regno
3710 715 3848 770 pra:-

2236 788 2460 856 fecerat,
2513 798 2569 843 et
2615 790 2898 843 Balthasar
2944 800 3095 844 veste
3123 804 3395 860 purpurea
3446 801 3501 846 et
3532 800 3726 863 torque
3751 808 3849 849 au-

2234 893 2333 935 reo
2361 879 2645 944 donatum,
2680 882 2899 936 tertium
2930 882 3080 953 regni
3113 885 3414 953 principem
3462 887 3844 942 constituerat.

2308 972 2421 1027 Vll.
2482 973 2646 1044 Igitur
2696 974 2751 1028 hi
2803 977 2893 1045 qui
2944 991 3047 1028 una
3081 989 3204 1029 cum
3237 990 3310 1032 eo
3354 992 3533 1032 rerum
3596 990 3848 1049 potentes

2235 1074 2413 1131 erant,
2462 1068 2723 1137 exagitati
2772 1066 2999 1135 invidia,
3030 1068 3173 1139 quod
3207 1070 3289 1124 eis
3337 1060 3637 1141 alienigena
3673 1073 3848 1143 capti-

2231 1171 2317 1211 vos
2342 1159 2519 1228 gentis
2560 1158 2750 1214 fuisset
2801 1168 3067 1231 aequatus,
3098 1175 3281 1231 regem
3325 1161 3680 1233 depravatum
3709 1166 3848 1219 adu~

2232 1246 2439 1305 latione
2468 1251 2831 1321 coiitpellunt,
2863 1260 2922 1307 ut
2948 1252 3050 1317 sibi
3080 1252 3269 1308 diebus
3300 1256 3573 1325 proximis
3604 1256 3845 1326 triginta,

2235 1341 2401 1398 divini
2456 1344 2693 1400 honores
2753 1346 3045 1412 darentur,
3101 1362 3278 1417 neque
3344 1351 3596 1420 cuiquam
3658 1351 3846 1406 liceret

2238 1435 2525 1491 Dominum
2556 1436 2659 1493 nisi
2688 1452 2870 1508 regem
2903 1440 3134 1509 precari.
3170 1439 3355 1497 Facile
3409 1442 3461 1496 id
3522 1442 3682 1497 Dario
3715 1458 3845 1512 porr

2230 1543 2481 1597 suasum,
2539 1533 2773 1589 stultitia
2808 1550 2994 1604 regum
3050 1538 3317 1603 omnium,
3367 1537 3459 1608 qui
3510 1538 3614 1593 sibi
3658 1538 3844 1593 divina

2236 1625 2534 1685 vindicant.
2593 1625 2765 1696 Igitur
2815 1626 3004 1684 Daniel
3048 1642 3160 1684 non
3212 1629 3367 1685 rudis
3415 1645 3594 1701 neque
3635 1630 3843 1687 inscius

522 1726 724 1781 emissa
770 1725 1102 1792 admonitus,
1145 1732 1413 1795 potestate
1465 1725 1610 1795 regia
1667 1723 1901 1793 objecta,
1962 1731 2126 1792 atque
2164 1740 2206 1809 Β
2238 1720 2349 1775 Deo
2397 1735 2587 1790 preces
2626 1736 2736 1776 non
2767 1720 2973 1777 homini
3006 1723 3357 1788 deferendas,
3403 1739 3529 1780 reus
3556 1724 3846 1782 constitui-

527 1818 596 1872 ab
646 1819 794 1873 omni
848 1819 1265 1874 conversatione
1324 1820 1561 1873 humana
1621 1828 1885 1883 remotus,
1943 1816 2127 1872 herbis

528 1918 736 1963 tantum
770 1914 930 1964 vitam
957 1912 1238 1966 sustinens
1258 1911 1436 1979 egisse
1470 1911 1843 1976 paenitentiam
1870 1906 2123 1972 traditur;

528 2014 803 2059 scrvotum
862 2005 909 2058 ei
967 2012 1101 2058 nutu
1161 2003 1258 2057 Dei
1306 2003 1619 2071 imperium,
1666 2001 1840 2056 donec
1905 2001 2128 2069 impleto

525 2107 793 2164 tempore,
851 2096 1035 2165 agnito
1065 2095 1288 2150 demum
1338 2096 1468 2161 Deo,
1525 2104 1650 2164 post
1698 2103 1906 2162 septem
1956 2105 2129 2146 annos

524 2201 583 2245 et
611 2203 778 2258 regno
804 2197 859 2242 et
907 2188 1071 2241 statui
1105 2187 1335 2256 pristino
1367 2188 1649 2242 restitutus
1696 2194 1799 2240 est.
1858 2183 1957 2239 llic
2009 2189 2131 2252 post

523 2280 841 2347 devictum,
901 2289 958 2335 ut
1015 2294 1181 2349 supra
1232 2278 1492 2344 diximus,
1548 2277 1910 2341 Sedechiam,
1964 2290 2128 2346 quem

526 2374 800 2443 captivum
850 2373 1182 2444 Babylonem
1226 2372 1529 2438 transtulit,
1582 2383 1840 2440 regnasse
1896 2368 2129 2423 traditur

532 2481 706 2521 annos
757 2481 807 2523 vr
861 2477 916 2521 et
962 2481 1057 2533 xx,
1091 2480 1418 2535 quamquam
1449 2464 1501 2519 id
1554 2480 1666 2519 non
1722 2464 1774 2518 in
1820 2463 1985 2518 Sacra
2030 2461 2128 2516 lli-

520 2561 690 2615 storia
738 2559 1001 2630 scriptum
1058 2559 1354 2613 invenerim
1391 2574 1405 2609 :
1439 2558 1536 2612 sed
1588 2556 1729 2612 forte
1777 2555 2003 2621 accidit,
2073 2562 2134 2609 ut

522 2653 654 2719 dum
686 2654 853 2708 multa
885 2652 1222 2719 evolverem,
1276 2652 1681 2708 annotationem
1736 2650 1876 2705 hanc
1898 2650 2010 2721 jam
2043 2653 2128 2705 in-

524 2752 795 2820 terpolato
848 2765 943 2821 per
989 2757 1205 2806 atatem
1235 2748 1421 2804 libello
1464 2749 1589 2804 sine
1619 2748 1862 2803 auctoris
1908 2748 2131 2803 nomine

527 2848 847 2917 reperirem,
908 2847 958 2900 in
1020 2861 1127 2915 quo
1170 2860 1355 2915 regum
1404 2844 1830 2915 Babyloniorqu
1885 2853 2127 2912 tempora

518 2940 994 2995 continebantur:
1044 2953 1209 3008 quam
1270 2938 1707 3008 praetereundam
1764 2953 1869 2990 non
1924 2934 2125 3005 putavi,

523 3033 795 3104 siquidem
839 3042 895 3089 et
920 3031 1208 3087 Chronic-is
1257 3032 1619 3096 consentiret,
1652 3040 1708 3085 et
1731 3031 1800 3084 ita
1855 3028 2001 3084 illius
2032 3044 2131 3083 no-

2232 1824 2345 1878 tur,
2378 1816 2558 1870 edicto
2581 1815 2725 1886 regis
2752 1831 2859 1871 non
2903 1816 3155 1886 paruisse
3180 1836 3194 1870 :
3225 1818 3569 1889 multumque
3593 1818 3839 1875 abnuen-

2234 1913 2288 1960 te
2339 1904 2522 1971 Dario,
2568 1907 2657 1962 cui
2705 1906 2906 1963 chorus
2950 1918 3320 1980 acceptusque
3363 1925 3588 1979 semper
3637 1909 3838 1978 fuerat,

2238 1997 2511 2068 principes
2558 2000 2862 2069 pervicere,
2893 2010 2953 2059 ut
2992 2002 3048 2056 in
3079 2003 3258 2058 lacum
3289 2003 3709 2068 demitteretur;
3740 2004 3838 2060 sed

2234 2090 2456 2160 objecto
2496 2091 2691 2148 bestiis
2722 2093 2929 2148 nullum
2987 2096 3289 2165 periculum
3338 2096 3459 2152 fuit.
3510 2097 3662 2165 Quod
3712 2114 3838 2154 cum

2236 2200 2332 2239 res
2362 2186 2746 2256 comperisset,
2776 2198 3126 2244 accusatores
3141 2191 3395 2261 deputari
3426 2191 3673 2246 leonibus
3701 2207 3838 2262 prte-

2234 2280 2398 2350 cepit,
2429 2281 2519 2351 qui
2554 2298 2659 2336 non
2707 2281 2871 2338 simili
2895 2285 3150 2355 exemplo
3194 2280 3462 2355 perludeti
3492 2295 3619 2341 sunt
3653 2304 3665 2339 :
3711 2302 3834 2343 nam

2231 2375 2494 2427 continuo
2517 2374 2760 2429 olevorati
2792 2376 3025 2432 ferarum
3061 2378 3257 2433 famem
3287 2380 3668 2448 ettpleverunt.
3731 2381 3835 2434 Da-

2234 2465 2339 2519 niel
2384 2466 2566 2521 clarus
2615 2476 2767 2535 ante,
2821 2470 3027 2525 clarior
3071 2470 3260 2527 haberi
3313 2472 3505 2543 cespit.
3551 2473 3666 2530 Rex
3693 2477 3835 2530 anti-

2233 2568 2399 2628 quato
2421 2561 2604 2617 edicto
2632 2578 2752 2631 suo,
2802 2580 2999 2620 novum
3046 2568 3365 2636 proposuit:
3422 2568 3646 2624 Relictis
3677 2584 3835 2625 θηο-

2234 2652 2388 2706 ribus
2444 2668 2507 2707 ac
2533 2656 3018 2725 superstitionibus
3046 2657 3216 2715 Deum
3249 2660 3485 2717 Danielis
3513 2662 3830 2717 colendum.

2236 2741 2463 2798 Exstant
2510 2745 2678 2801 etiam
2713 2744 2953 2803 visiones
2980 2749 3125 2818 ejus,
3154 2751 3351 2820 quibus
3380 2755 3831 2821 consequentium

2233 2831 2564 2892 saeculorum
2618 2840 2864 2896 ordinem
2897 2843 3178 2908 revelavlt,
3210 2859 3478 2899 annorum
3518 2846 3684 2901 etiam
3733 2862 3834 2902 nu-

2236 2947 2443 2986 merum
2490 2932 2829 3003 complexus,
2889 2934 3031 2990 intra
3084 2953 3249 3006 quem
3317 2939 3638 3005 Christum,
3693 2942 3832 2997 sicut

2232 3024 2431 3077 factum
2480 3033 2588 3090 est,
2631 3024 3021 3082 descensurum
3070 3028 3142 3083 ad
3199 3041 3377 3086 terras
3434 3033 3831 3102 monuittinvit,

525 3129 608 3184 bis
637 3129 775 3184 ratio
829 3127 1146 3197 quadraret,
1198 3135 1254 3179 ut
1312 3140 1407 3195 per
1432 3123 1680 3178 ordinem
1724 3137 1934 3191 regum,
1991 3136 2124 3191 quo-
2155 3132 2199 3207 ρ
2234 3122 2631 3187 venturumque
2650 3119 3053 3175 Antechristum
3076 3122 3363 3180 manifeste
3387 3126 3829 3196 exposuit.Quod

508 3236 645 3277 rum
693 3232 939 3290 tempora
995 3218 1333 3281 continebat,
1384 3230 1553 3285 usque
1612 3213 1665 3268 in
1720 3214 1956 3284 primum
1995 3214 2125 3285 Cyri

520 3314 667 3384 regis
711 3326 913 3367 artuum
942 3327 1043 3366 ιιι
1077 3324 1249 3364 annos
1297 3308 1403 3380 (tot
1432 3310 1577 3363 enim
1613 3323 1708 3376 per
1763 3320 1971 3360 sacram
2005 3306 2125 3361 llis-

413 3420 420 3427 ’
523 3407 720 3459 toriam
772 3403 1144 3473 aceptivitate
1192 3416 1365 3471 usque
1412 3400 1479 3454 ad
1523 3400 1725 3470 Cyrum
1776 3396 1945 3453 fuisse
1992 3396 2126 3453 refe-

526 3498 742 3565 runtur,
768 3494 1042 3565 impleret.

597 3588 684 3643 Vl.
720 3588 847 3643 l’ost
887 3585 1411 3652 Nabuchodonosor,
1461 3584 1605 3640 ﬁlius
1630 3584 1751 3655 ejus
1780 3598 2006 3655 regnum
2039 3591 2125 3639 cst

518 3682 771 3753 adeptus,
823 3697 985 3753 quem
1036 3682 1091 3736 in
1133 3680 1418 3735 Chroitieis
1474 3678 1895 3734 Evilmarodech
1955 3679 2124 3734 fuisse

521 3776 816 3831 vocitatum
888 3776 1089 3845 reperi.
1158 3774 1255 3829 llic
1308 3772 1635 3831 duodecimo
1701 3773 1913 3842 imperii
1978 3786 2123 3827 anno

518 3869 668 3924 diem
716 3868 934 3924 functus
976 3866 1128 3923 fratri
1185 3868 1408 3934 minori,
1463 3868 1553 3936 qui
1609 3865 1895 3920 BaithaSar
1944 3864 2123 3921 dictus

516 3974 629 4028 est,
681 3963 862 4017 locum
914 3961 1061 4016 fecit.
1116 3960 1167 4015 ls
1212 3975 1337 4015 cum
1380 3969 1573 4028 quarto
1622 3968 1677 4013 et
1716 3958 1929 4013 decimo
1976 3974 2121 4014 anno

524 4057 799 4130 publicum
838 4056 1057 4127 epulum
1105 4053 1442 4125 principibus
1472 4067 1535 4109 ac
1572 4052 1844 4123 praefectis
1884 4053 1997 4108 suis
2024 4055 2121 4107 da-

520 4162 626 4218 ret,
651 4165 810 4205 sacra
840 4163 986 4214 vasa,
1027 4163 1151 4219 quae
1200 4163 1295 4217 per
1331 4145 1838 4202 Nabuchodonosor
1866 4144 1936 4201 de
1981 4154 2118 4201 tem-

514 4246 609 4317 plo
640 4243 1034 4313 Hierosolyma;
1075 4241 1278 4306 ablata,
1318 4256 1415 4296 nec
1446 4240 1500 4294 in
1549 4239 1761 4311 regales
1793 4254 1922 4295 usus
1962 4255 2119 4295 usur-

518 4348 644 4411 pata
680 4337 780 4394 sed
811 4335 1093 4392 recondita
1125 4335 1178 4390 in
1210 4334 1483 4390 thesauris
1512 4334 1868 4398 habebantur,
1906 4332 2118 4403 profer-

516 4435 561 4489 ri
615 4434 925 4502 imperavit.
978 4429 1114 4491 Cum
1181 4429 1267 4483 his
1341 4444 1436 4499 per
1484 4428 1669 4483 luxum
1714 4443 1778 4484 ac
1840 4427 2113 4483 licentiam

2232 3207 2276 3261 si
2311 3208 2435 3277 quis
2474 3208 2773 3265 studiosior
2803 3213 2929 3280 erit,
2961 3216 3165 3270 rectius
3209 3216 3282 3271 ibi
3332 3221 3620 3289 qumsitum
3672 3235 3833 3291 repe-

2230 3302 2333 3355 riet
2365 3303 2564 3358 :nobis
2603 3305 2944 3375 propositum
2985 3318 3073 3364 est
3102 3324 3287 3364 rerum
3328 3320 3534 3366 tantum
3578 3313 3828 3371 ordinem

2228 3403 2545 3453 contexere.
2579 3394 2777 3453 Darius
2805 3397 3182 3472 duodeviginti
3212 3417 3388 3459 annos
3428 3420 3685 3476 regnasse
3711 3415 3830 3463 tra-

2228 3485 2396 3551 ditur,
2424 3503 2531 3558 qua
2556 3497 2880 3561 tempestate
2901 3494 3170 3565 Astyages
3192 3496 3363 3552 Medis
3394 3501 3724 3568 imperabat.

2302 3579 2440 3636 Vlll.
2496 3581 2650 3638 Hunc
2695 3584 2914 3657 Cyrus,
2972 3602 3036 3643 ex
3085 3586 3194 3644 filia
3250 3605 3422 3660 nepos
3473 3593 3614 3663 ejus,
3662 3608 3828 3665 regno

2226 3676 2439 3746 expulit
2466 3676 2757 3733 Persarum
2807 3696 2938 3737 usus
2962 3682 3162 3737 arntis:
3203 3682 3345 3737 unde
3369 3698 3583 3738 summa
3616 3686 3829 3756 imperii

2225 3769 2294 3824 ad
2323 3769 2518 3825 Persas
2564 3773 2828 3829 translata
2860 3782 2963 3827 est.
3000 3773 3281 3843 Babylonii
3323 3789 3538 3845 quoque
3567 3776 3620 3831 in
3676 3789 3830 3845 pote-

2226 3873 2421 3918 statcm
2474 3864 2844 3935 ditionemque
2891 3866 3010 3935 ejus
3050 3881 3393 3922 concessere.
3453 3867 3619 3939 Igitur
3672 3871 3832 3929 initio

2224 3957 2404 4025 regni,
2453 3956 2751 4028 pr0positis
2804 3957 3017 4027 publica
3061 3958 3279 4027 edictis,
3353 3960 3449 4015 dat
3500 3970 3827 4031 potestatem

2221 4049 2427 4106 ludatis
2457 4050 2512 4105 in
2544 4053 2721 4113 solum
2755 4054 2990 4123 patrium
3021 4053 3287 4111 redeundi
3315 4073 3329 4111 ε
3358 4071 3513 4111 sacra
3543 4060 3707 4115 etiam
3734 4076 3828 4114 va-

2221 4159 2302 4210 sa,
2355 4159 2479 4215 qua:
2531 4144 3039 4203 Nabuchodonosor
3091 4148 3390 4219 detemplo
3430 4148 3827 4223 Hierosolyma:

2219 4237 2543 4306 abstulerat,
2589 4238 2845 4295 reddidit.
2876 4240 3064 4311 itaque
3114 4242 3273 4312 pauci
3326 4252 3436 4297 tum
3481 4244 3535 4298 in
3578 4242 3823 4300 Judnam

2222 4333 2453 4401 regressi
2481 4350 2493 4386 ι
2524 4333 2744 4390 ueteris
2780 4332 3045 4389 redeundi
3090 4336 3331 4403 animus,
3361 4352 3430 4392 an
3465 4336 3695 4393 facultas
3722 4337 3823 4393 de-

2221 4422 2428 4493 fuerit,
2488 4440 2678 4495 parum
2737 4427 3128 4497 comperimus.
3180 4427 3312 4483 Erat
3364 4444 3428 4483 ea
3494 4437 3824 4500 “lepestam

519 4527 715 4598 regalis
754 4523 993 4582 convivii
1040 4524 1350 4593 promiscue
1385 4535 1580 4577 omnes
1614 4520 1786 4575 virilis
1832 4534 1895 4573 ac
1923 4519 2115 4574 mulie—
2138 4531 2191 4601 υ
2219 4518 2360 4586 apud
2388 4516 2721 4589 Babylonios
2740 4518 2853 4574 Beli
2882 4520 3249 4591 antiquissimi
3272 4522 3435 4593 regis,
3465 4522 3626 4593 cujus
3654 4523 3821 4579 etiam

500 4621 629 4681 bris
643 4634 829 4686 sexus,
852 4631 1056 4673 uxores
1068 4614 1500 4684 concubinasque
1519 4613 1641 4683 ejus
1662 4622 1966 4677 uterentur,
1986 4611 2114 4668 sub-

514 4716 593 4771 ito
637 4730 737 4771 rex
778 4714 831 4769 in
866 4713 1078 4784 pariete
1103 4708 1374 4781 conspicit
1398 4706 1603 4778 digitos
1624 4706 1932 4761 scribentes
1959 4719 2111 4760 :cer-

512 4809 890 4877 ucbanturqne
905 4807 961 4862 in
983 4819 1198 4861 versum
1224 4802 1402 4858 decue
1430 4799 1624 4855 littera:
1646 4815 1660 4864 ;
1682 4798 1780 4855 sed
1800 4797 1898 4868 qui
1930 4805 2113 4867 posset

512 4906 713 4976 scripta
749 4905 928 4972 legere
955 4916 1066 4961 non
1094 4896 1491 4969 reperiebatur.
1521 4894 1687 4965 igitur
1722 4908 1818 4949 rex
1850 4892 2115 4963 perterri-

510 5011 601 5055 tus
632 5011 817 5068 magos
856 5003 916 5051 et
941 4993 1232 5048 Chaldteos
1254 4991 1488 5053 advocat
1516 5007 1531 5044 :
1574 4988 1771 5059 intibus
1815 4987 2112 5043 mussitan-

513 5094 658 5151 tibus
694 5106 796 5146 ncc
838 5089 1133 5162 quidquam
1178 5085 1655 5157 respondentibus,
1700 5081 2109 5154 regina‘regem

512 5187 815 5243 admonet:
868 5182 1011 5237 Esse
1052 5178 1341 5251 quemdam
1381 5177 1691 5243 Hebraeum,
1720 5174 1908 5230 Daniel
1936 5173 2112 5229 nomi-

508 5296 602 5347 ne,
628 5278 724 5351 qui
768 5276 898 5332 olim
940 5271 1442 5328 Nabuchodonosor
1462 5268 1663 5328 occulti
1688 5268 1930 5340 mystcrii
1958 5282 2111 5323 sont.

506 5375 659 5430 nium
708 5370 1028 5434 revelasset,
1069 5366 1184 5437 jam
1230 5374 1343 5420 tum
1390 5363 1463 5418 ob
1494 5362 2111 5429 illustremsapientlam

509 5467 739 5524 summis
771 5464 1067 5518 honoribus
1096 5459 1381 5516 donatum.
1434 5456 1622 5524 Itaque
1648 5456 1855 5510 accitus
1895 5452 2106 5518 Daniel,

509 5560 743 5633 perlegit
790 5558 1331 5624 inter-protentaque:
1371 5549 1455 5605 Ob
1507 5547 1768 5603 delican
1811 5545 1976 5615 regis,
2017 5543 2112 5615 qui

508 5669 664 5709 sacra
691 5652 806 5705 Deo
840 5664 967 5702 vasa
1018 5654 1358 5708 temerasset,
1388 5642 1492 5712 ipsi
1524 5639 1757 5701 exitium
1804 5638 2109 5705 imminere,

511 5756 850 5813 regnumque
887 5740 1007 5811 ejus
1045 5736 1215 5793 Hodie
1240 5750 1309 5792 ac
1338 5734 1520 5792 versis
1559 5730 1781 5802 datum;
1802 5730 1947 5804 quod
1980 5745 2109 5798 me;

2222 4609 2482 4681 Virgilius
2523 4611 2791 4678 meminit,
2842 4628 2911 4667 cx
2953 4628 3064 4677 tere
3108 4613 3485 4681 simulacrum,
3536 4616 3683 4685 quod
3727 4631 3824 4683 su-

2218 4706 2543 4774 perstitione
2588 4707 2871 4763 hominum
2930 4718 3315 4765 consecratum
3372 4708 3549 4782 Cyrus
3598 4725 3822 4782 quoque

2218 4798 2451 4859 adorare
2504 4809 2626 4858 erat
2668 4800 2887 4867 solitus,
2930 4802 3236 4857 antistitum
3280 4802 3405 4873 ejus
3433 4802 3563 4859 dolo
3598 4802 3818 4871 illusus,

2215 4890 2308 4959 qui
2341 4890 2486 4946 vesci
2536 4891 2775 4963 effigiem
2818 4894 2970 4948 illam
3001 4903 3165 4964 atque
3212 4904 3402 4965 potare
3448 4895 3816 4964 afﬁrmabant,

2214 4995 2341 5041 cum
2370 4983 2624 5039 diurnam
2658 4985 3099 5055 pensitationem,
3131 5003 3252 5058 qum
3280 4990 3428 5045 idolo
3456 4988 3819 5057 inferebatur,

2211 5075 2356 5139 dum
2410 5077 2515 5148 ipsi
2564 5078 2933 5141 abemuerent.
2994 5080 3164 5151 Igitur
3190 5082 3392 5153 Cyrus,
3430 5099 3563 5140 cum
3594 5084 3821 5142 Battiele

2218 5167 2558 5233 familiariter
2602 5180 2871 5239 uteretur,
2926 5173 3130 5242 quaerit
3178 5173 3250 5229 ab
3313 5190 3401 5243 eo,
3434 5190 3537 5231 cur
3595 5176 3823 5231 simula-

2214 5277 2371 5319 crum
2422 5280 2531 5319 non
2572 5264 2850 5332 aderaret,
2902 5280 3025 5321 cum
3052 5266 3405 5333 manifestum
3452 5269 3691 5325 viventis
3716 5269 3820 5327 Dei

2216 5364 2367 5412 esset
2411 5355 2698 5423 indiciue,
2752 5357 3094 5417 absumcutis
3128 5375 3193 5417 ea
3231 5377 3355 5432 qua:
3405 5362 3819 5420 inferebantur?

2222 5448 2409 5505 Daniel
2460 5449 2651 5506 ridens
2703 5450 2941 5507 hominis
2987 5467 3255 5521 errorem,
3296 5470 3503 5527 negem
3550 5456 3602 5511 id
3652 5470 3820 5526 posse

2219 5544 2361 5611 fieri,
2418 5553 2477 5601 ut
2520 5560 2596 5601 tes
2647 5545 2800 5612 illud,
2850 5547 2905 5602 id
2928 5554 3017 5603 est
3036 5547 3195 5603 bruta
3238 5550 3520 5617 materias,
3539 5551 3667 5606 cibo
3699 5560 3822 5608 ute-

2218 5647 2371 5694 retur
2420 5648 2515 5695 aut
2554 5650 2707 5712 potu.
2762 5642 2944 5701 Acciri
3000 5657 3135 5713 ergo
3188 5659 3283 5699 rex
3310 5646 3624 5702 sacerdotes
3663 5646 3821 5717 jubet

2219 5728 2370 5802 (nam
2416 5730 2532 5801 fore
2560 5731 2631 5788 ad
2686 5731 3033 5804 septuaginta
3080 5733 3264 5808 erasit)
3313 5735 3667 5811 adhibitoque
3719 5750 3819 5801 eos
