4200 6180
376 207 484 305 ιιι

1593 197 1915 276 HISTORIA
1958 197 2206 280 $503.59
2247 197 2382 281 Μθο
2421 198 2487 262 ¹¹ο

3590 199 3697 279 ἰδέ

376 299 590 390 terrore
632 318 946 394 increpitat,
994 317 1128 396 Quis
1161 300 1404 396 impensa
1453 331 1822 387 consumeret,
1866 333 1988 380 cum
2017 321 2074 390 Α
2097 333 2294 392 gnasse
2326 319 2558 385 traditur
2592 331 2956 392 :quamquam
2987 317 3039 371 in
3065 316 3342 394 plerisque
3369 295 3696 394 exemplari-

377 415 579 478 Daniei
631 416 714 471 vir
765 413 1051 488 prudentia
1105 412 1337 490 insignis
1369 410 1590 476 minime
1619 413 1669 466 id
1714 413 1781 468 ab
1811 413 1993 467 insen-

375 511 527 565 sibili
565 510 857 564 simulacro
905 522 1064 578 posse
1110 495 1240 561 ﬁeri
1270 500 1663 570 contenderet?
1713 503 1852 560 Tum
1912 504 1993 559 illi

378 605 578 660 euntisi
603 611 796 682 parato
832 603 982 668 dolo,
1019 599 1221 654 inferre
1247 608 1303 653 et
1330 599 1608 670 obsignari
1656 615 1684 652 a
1711 613 1838 669 rege
1859 607 1996 652 tem-

385 697 534 768 plum
587 694 921 768 deposcunt;
965 690 1064 768 uti,
1118 691 1220 746 nisi
1258 693 1445 759 omnia
1487 700 1708 766 postero
1758 689 1846 744 die
1896 689 1995 744 ab-

384 799 598 857 sumpta
641 770 1206 856 deprehenderentur,
1262 793 1436 840 morte
1483 798 1672 863 pinnas
1725 781 1998 852 persolve-

385 893 554 940 rent:
597 882 726 943 dum
794 880 986 936 eadem
1038 879 1279 936 conditio
1327 879 1537 936 Dauieli
1585 887 1850 958 maneret.
1893 876 1999 940 lla-

383 992 488 1050 que
539 974 700 1047 signo
773 975 919 1048 regis
947 973 1226 1050 templum
1283 971 1627 1042 obsignatur,
1677 985 1799 1024 cum
1849 970 2000 1044 prius

381 1068 570 1124 Daniel
648 1065 1034 1122 sacerdotibus
1107 1064 1294 1120 insciis
1383 1063 1750 1134 pavimentum
1815 1064 2000 1117 cinere

381 1159 729 1230 aspcrsisset,
779 1166 836 1214 ut
869 1157 1261 1213 introeuntium
1292 1154 1539 1210 occultos
1565 1155 1740 1216 aditus
1773 1153 1998 1223 vestigia

383 1255 700 1327 proderent.
747 1253 916 1324 igitur
957 1261 1175 1323 postero
1225 1249 1315 1306 die
1342 1265 1435 1306 rex
1479 1248 1746 1319 templum
1795 1247 2002 1317 ingres-

385 1365 477 1406 sus
505 1346 894 1402 animadvertit
935 1347 1225 1414 absumpta
1251 1357 1373 1413 qua:
1413 1341 1558 1398 idolo
1591 1341 1791 1412 appetii
1824 1341 2003 1410 jusse-

384 1449 490 1496 rat.
535 1439 674 1494 Tum
734 1437 924 1493 Daniel
967 1435 1238 1492 occultam
1287 1433 1532 1496 fraudem
1581 1432 1826 1510 vestigiis
1875 1446 2002 1504 pro-

386 1531 641 1588 dentibus
667 1540 921 1586 rcserat:
970 1527 1300 1585 Sacerdotes
1330 1542 1451 1581 cum
1487 1525 1747 1580 uxoribus
1793 1532 1849 1578 et
1877 1523 2004 1576 filiis

385 1626 620 1692 suﬂosso
672 1622 945 1678 foramine
994 1623 1274 1692 ingressos
1324 1634 1390 1674 ea
1417 1632 1540 1690 quae
1573 1617 1719 1672 idolo
1755 1615 2003 1686 apposita

2095 410 2197 467 bus
2225 411 2408 482 viginti
2459 420 2512 465 et
2544 410 2782 482 quinque
2827 408 3234 480 aunosimperii
3262 407 3382 478 ejus
3416 407 3582 464 fuisse
3606 423 3699 464 re-

2099 505 2235 572 peri.
2284 503 2419 558 Huic
2464 505 2728 558 successit
2774 504 3131 567 Artaxerxes,
3163 502 3318 573 cujus
3357 517 3516 574 supra
3549 517 3702 556 men-

2099 597 2301 651 tionem
2355 594 2609 656 fecimus.
2667 594 2769 650 ilic
2816 609 2939 658 cum
2995 595 3230 651 inhiberi
3285 594 3702 650 a-dilicalinnem

2101 690 2250 744 urbis
2303 688 2505 754 Judma:
2557 688 2856 762 templique
2898 689 3174 764 jussisset,
3211 703 3534 760 suspensum
3565 703 3704 762 opus

2099 796 2275 852 usque
2325 783 2379 838 in
2426 781 2723 847 secundum
2777 781 2920 848 Darii
2984 784 3129 854 regis
3172 797 3375 844 annum
3418 782 3700 858 pependit.

2104 875 2209 930 Sed
2247 885 2303 930 ut
2334 892 2504 950 usque
2534 875 2602 936 ad
2631 892 2752 930 cum
2788 885 3089 944 temporum
3119 875 3256 930 ordo
3282 890 3564 932 connexus
3587 876 3655 929 sit
3688 892 3704 943 ;

2102 973 2436 1026 Artaxerxes
2492 972 2743 1046 regnavit
2787 985 2960 1026 annos
3016 987 3179 1024 unum
3224 979 3278 1026 et
3323 969 3705 1044 quadraginta,

2102 1059 2319 1126 Xerxes
2359 1061 2571 1119 duobus
2607 1062 2909 1131 mensibus,
2960 1069 3189 1134 postque
3238 1078 3360 1122 eum
3401 1061 3706 1118 Sucdianus

2103 1164 2312 1226 septem
2345 1155 2626 1218 mensibus
2649 1156 2765 1210 luit.
2963 1137 2968 1140 ’

2176 1246 2244 1302 X.
2273 1247 2464 1306 Darius
2484 1248 2706 1313 deinde,
2732 1248 2834 1305 sub
2857 1265 2962 1318 quo
2987 1250 3244 1326 templum
3264 1258 3349 1304 est
3372 1249 3706 1316 restitutum,

2107 1354 2334 1414 regnum
2385 1340 2617 1419 adeptus
2662 1350 2766 1407 est,
2822 1341 2906 1395 cui
2962 1341 3147 1396 Ochus
3175 1349 3287 1396 tum
3319 1355 3514 1396 nomen
3567 1351 3706 1402 erat.

2107 1433 2206 1490 ilic
2245 1448 2367 1490 cum
2401 1449 2464 1489 ex
2524 1433 2773 1490 Hebrwis
2807 1443 2921 1494 tres
2951 1434 3328 1494 adolescentes
3358 1445 3614 1510 spectata:
3650 1435 3710 1488 li-

2107 1525 2193 1580 dei
2218 1529 2467 1598 corporis
2497 1527 2756 1582 custodes
2790 1527 3036 1593 haberet,
3071 1543 3321 1598 unusque
3370 1543 3437 1584 ex
3473 1527 3559 1582 his
3591 1544 3714 1598 pitt-

2108 1619 2308 1675 dentite
2357 1620 2686 1677 documento
2745 1619 3161 1676 admirationem
3209 1603 3354 1696 regis
3383 1621 3436 1686 in
3485 1636 3544 1676 se
3582 1635 3714 1682 con-

386 1719 608 1776 fuerant
636 1715 956 1772 devorasse.
995 1712 1077 1768 ita
1106 1726 1298 1768 omnes
1326 1712 1481 1780 jussu
1508 1710 1649 1780 regis
1679 1706 1997 1764 interfecti:
2032 1716 2081 1786 Β
2109 1716 2403 1779 vertisset;
2446 1713 2624 1768 delata
2671 1715 2771 1768 sibi
2829 1716 3050 1784 optione
3081 1713 3326 1785 petendi,
3361 1715 3404 1767 si
3440 1714 3570 1790 quid
3599 1714 3716 1770 ani-

390 1813 656 1883 templum
687 1824 750 1865 ac
799 1805 1148 1863 simulacrum
1205 1803 1412 1858 ilanieli
1457 1803 1510 1858 in
1543 1808 1866 1883 potestatem
1902 1800 2000 1854 da-

392 1881 528 1971 tum,
560 1914 720 1975 atque
747 1901 978 1957 arbitrio
999 1900 1117 1969 ejus
1144 1898 1406 1953 dirutum.
1551 1881 1554 1884 ’

464 1998 556 2054 IX.
599 1997 818 2053 interea
869 1993 1068 2059 Judaii,
1117 2006 1256 2064 quos
1306 2006 1372 2046 ex
1445 1988 1714 2059 permissu
1768 1985 1893 2059 Cyri
1947 1987 2004 2042 in

393 2091 626 2164 patriam
674 2100 958 2159 regressos
1013 2098 1178 2155 supra
1225 2079 1672 2146 memoravimus,
1721 2079 1910 2135 urbem
1943 2093 2008 2134 ac

398 2183 664 2254 templum
706 2182 997 2236 restituere
1049 2175 1313 2248 aggressi,
1347 2183 1405 2229 ut
1451 2174 1612 2246 pauet
1664 2182 1829 2242 atque
1883 2172 2007 2225 ino-

399 2294 518 2352 pes,
575 2290 765 2348 parum
809 2274 1204 2346 proficiebant;
1236 2270 1412 2325 donec
1439 2266 1738 2324 centesimo
1769 2264 1885 2320 fere
1914 2277 2010 2319 an—

395 2388 491 2437 no,
520 2372 824 2426 Artaxerxe
873 2382 1004 2438 rege
1030 2363 1217 2420 Persis
1244 2362 1623 2432 imperitante,
1654 2375 1754 2431 per
1785 2373 1881 2413 eos
1919 2371 2011 2425 qui

397 2463 535 2520 locis
563 2467 838 2532 praeerant
867 2459 938 2513 ab
984 2455 1305 2512 azdilicando
1337 2462 1466 2509 sunt
1495 2450 1769 2507 deterriti.
1804 2448 2010 2505 etenim

401 2567 511 2614 tum
543 2555 705 2628 Syria
747 2562 911 2624 atque
941 2549 1123 2605 omnis
1153 2548 1338 2604 .ludaea
1371 2547 1472 2602 sub
1498 2545 1790 2601 Persarum
1837 2543 2009 2610 impe-

399 2652 481 2704 rio
528 2663 627 2718 per
668 2645 1020 2718 magistratus
1058 2656 1122 2697 ac
1161 2638 1426 2711 praesides
1468 2638 1782 2708 regebatur.
1842 2633 2014 2703 igitur

404 2739 492 2795 bis
541 2739 829 2794 consilium
883 2735 984 2790 fuit
1036 2733 1150 2806 regi
1206 2729 1498 2786 Artaxerxi
1570 2726 1838 2791 scribe-re,
1894 2723 2012 2778 Non

404 2844 659 2904 Oportere
689 2829 896 2885 ludatis
922 2824 1285 2882 restituendas
1307 2821 1462 2877 urbis
1491 2835 1603 2875 suae
1629 2819 1842 2889 copiam
1869 2815 2012 2882 dari,

407 2941 475 2982 ne
504 2940 606 2996 pro
634 2918 949 2980 contumaci
1002 2917 1241 2987 ingenio,
1296 2913 1592 2983 resumptis
1636 2910 1862 2978 viribus,
1893 2907 2018 2964 aliis

407 3019 662 3091 gentibus
695 3017 972 3085 imperare
1001 3010 1150 3066 soliti
1200 3022 1312 3063 non
1335 3013 1675 3075 paterentur
1704 3002 1806 3058 sub
1835 3001 2018 3056 alieno

2109 1821 2200 1861 mo
2229 1807 2596 1885 concepisset,
2649 1808 3012 1882 ingemiscens
3046 1809 3231 1878 patriae
3265 1808 3456 1876 ruinis,
3501 1808 3714 1882 copiam

2109 1901 2465 1975 restituendae
2510 1901 2660 1958 urbis
2717 1905 2985 1980 poposcit,
3043 1904 3352 1981 meruitque
3391 1919 3419 1958 a
3460 1918 3609 1972 rege,
3660 1910 3721 1956 ut

2111 1997 2424 2069 subregulis
2473 2012 2536 2052 ac
2585 1996 2908 2076 praesidibus
2940 1997 3259 2070 imperaret,
3303 2007 3360 2064 ut
3408 1996 3723 2052 aediﬁcatio-

2115 2109 2237 2150 nem
2275 2108 2447 2158 sacrae
2497 2091 2626 2152 tedis
2656 2091 2896 2164 praebitis
2953 2092 3243 2170 impendiis
3283 2100 3598 2168 maturaret.
3643 2089 3721 2154 ita

2111 2183 2378 2260 templum
2431 2183 2789 2255 quadriennio
2842 2195 3312 2252 consummatum,
3380 2195 3537 2240 sexto
3598 2195 3722 2256 post

2115 2292 2258 2331 anno
2312 2292 2470 2356 quam
2520 2277 2714 2340 Darius
2743 2293 2969 2352 regnare
2997 2289 3237 2352 cmperat
3271 2295 3282 2331 :
3330 2278 3489 2350 idque
3519 2277 3721 2333 Jnda-is

2117 2370 2251 2429 satis
2301 2369 2474 2427 visum
2506 2388 2520 2424 :
2550 2381 2605 2426 et
2653 2372 2777 2452 quia
2810 2388 3017 2452 magna:
3048 2373 3208 2428 molis
3254 2385 3369 2429 erat
3403 2373 3589 2436 urbem
3637 2389 3724 2429 re-

2117 2463 2368 2530 Stituere,
2427 2465 2588 2519 difﬁsi
2637 2465 2863 2536 viribus,
2914 2482 3051 2538 npus
3080 2468 3232 2531 multi
3265 2467 3468 2540 laboris
3520 2469 3724 2544 incipi:-

2118 2569 2180 2614 re
2222 2572 2327 2610 non
2364 2557 2502 2618 ausi,
2550 2558 2750 2628 templo
2781 2558 3218 2620 continebantur.
3263 2557 3367 2616 Per
3414 2561 3555 2617 idem
3590 2572 3725 2622 tem-

2120 2661 2221 2726 pus
2249 2647 2451 2704 Esdras
2483 2648 2663 2703 scriba
2695 2650 2830 2725 legis
2849 2651 3180 2728 postviginti
3219 2652 3333 2708 fere
3358 2668 3530 2708 annos
3561 2668 3723 2730 quam

2121 2738 2387 2813 templum
2423 2739 2601 2802 fuerat
2631 2755 3090 2818 consummatum,
3125 2743 3382 2800 defuncto
3401 2745 3513 2822 jam
3541 2747 3723 2816 Dario,

2120 2832 2212 2910 qui
2264 2848 2429 2887 unum
2485 2833 2552 2888 de
2599 2835 2786 2905 viginti
2841 2837 3002 2918 amnis
3036 2854 3216 2902 rerum
3274 2839 3451 2894 fuerat
3498 2843 3724 2914 potitus,

2121 2926 2391 3002 permissu
2438 2924 2756 2996 Artaxerxis
2817 2931 3063 2998 secundi,
3116 2947 3221 2985 nou
3264 2932 3408 2992 illitis
3446 2934 3534 3004 qui
3587 2923 3728 2996 inter

2120 3016 2260 3072 duos
2287 3017 2499 3076 Xerxes
2529 3019 2653 3088 fuit,
2686 3019 2784 3078 sed
2815 3018 2976 3092 hujus
3006 3023 3097 3094 qui
3141 3025 3303 3080 Dario
3330 3023 3480 3080 Ocho
3512 3039 3728 3088 succes-

410 3110 640 3181 imperio
688 3107 910 3178 degere.
953 3102 1031 3157 Ita
1079 3099 1495 3170 comprobatus
1536 3111 1668 3167 rege
1721 3093 2018 3165 praesidum

2128 3118 2296 3176 serat,
2354 3109 2650 3184 Babylonia
2705 3093 3038 3183 profecms,
3072 3115 3336 3190 multique
3376 3132 3499 3173 eum
3555 3105 3730 3180 secuti

408 3201 639 3261 consitio
661 3200 940 3271 prohibita
987 3194 1139 3250 urbis
1169 3193 1484 3259 aedificatio,
1518 3203 1697 3260 usque
1744 3188 1797 3242 in
1827 3202 2024 3242 secun-

411 3300 538 3356 dum
585 3296 743 3352 Darii
793 3293 937 3364 regis
961 3306 1164 3346 annum
1212 3289 1380 3342 dilata
1403 3285 1643 3342 est.8ed
1691 3283 1797 3339 hoc
1845 3289 2022 3337 tractu

415 3404 725 3462 temporum
775 3390 869 3457 qui
928 3400 1084 3455 reges
1119 3381 1302 3438 Persis
1347 3377 1775 3449 imperaverint,
1830 3375 2026 3430 inseri-

415 3501 567 3550 mus,
616 3498 726 3553 quo
757 3479 963 3535 facilius
1017 3489 1285 3531 annorum
1315 3473 1489 3530 series
1519 3472 1573 3526 in
1601 3469 1853 3526 ordinem
1893 3483 2027 3523 eon-

421 3587 573 3636 texta
626 3574 915 3647 prodatur.
960 3573 1091 3628 Post
1123 3570 1345 3625 Darium
1401 3566 1636 3632 Medum,
1687 3579 1852 3635 quem
1890 3564 2028 3616 duo-

420 3672 683 3744 deviginti
704 3683 877 3724 annos
924 3680 1183 3737 regnasse
1209 3661 1660 3734 signiﬁcavimus,
1699 3659 1878 3729 Cyrus
1915 3669 2028 3708 uno

421 3777 475 3823 ct
510 3765 734 3837 triginta
766 3760 925 3816 annis
965 3774 1144 3816 rerum
1173 3757 1378 3827 potitus
1407 3762 1490 3810 est
1521 3770 1534 3806 :
1573 3751 1795 3822 Scythis
1825 3747 2027 3804 bellum

423 3858 666 3915 inferens
697 3857 753 3911 i
786 3854 977 3926 prmiio
1005 3850 1224 3917 cecidit,
1274 3847 1521 3904 secundo
1563 3859 1710 3898 anno
1742 3848 2028 3912 postquam

424 3951 755 4021 Tarquini-us
792 3947 1077 4018 Superbus
1121 3943 1312 3998 Romae
1339 3953 1571 4011 regnare
1597 3943 1864 4006 coeperat.
1889 3935 2032 4004 Cyro

428 4047 725 4119 Cambyses
771 4043 912 4099 illius
951 4043 1072 4111 ejus
1109 4036 1401 4102 successit,
1447 4033 1805 4105 regnavitqne
1859 4043 2035 4084 annos

431 4157 644 4198 norem.
697 4141 797 4195 Hic
831 4153 955 4194 cum
998 4133 1291 4205 Egyptum
1321 4141 1486 4200 atque
1533 4126 1870 4196 Ethiopiam
1921 4122 2037 4176 bei-

431 4235 481 4291 io
503 4241 779 4306 premeret
824 4239 878 4286 et
917 4228 1247 4297 subegisset,
1299 4222 1584 4292 victorque
1627 4221 1685 4273 in
1723 4217 1925 4272 Persas
1951 4229 2039 4269 re-

435 4335 763 4390 verteretur,
791 4337 924 4379 casu
948 4336 1011 4376 se
1041 4321 1221 4389 ipsum
1250 4315 1576 4382 vulneravit,
1605 4328 1675 4369 ex
1714 4324 1895 4380 eoque
1925 4309 2038 4364 ictu

437 4421 616 4493 periit.
660 4418 793 4472 Post
841 4415 1002 4486 lmjus
1046 4419 1284 4469 mortem
1313 4408 1452 4479 Magi
1479 4407 1590 4462 duo
1629 4406 1830 4461 fratres
1863 4403 2042 4458 natio-

2132 3199 2564 3273 ilierosoiymam
2597 3217 2932 3272 pervenere;
2967 3220 3086 3260 rasa
3112 3221 3332 3280 quoque
3377 3207 3577 3282 diversi
3598 3226 3733 3288 ope-

2130 3292 2207 3346 ris
2257 3301 2313 3346 et
2361 3294 2524 3358 dona,
2583 3311 2705 3364 qua:
2747 3312 2843 3352 rex
2892 3298 3098 3376 templo
3147 3298 3242 3354 Del
3309 3303 3554 3376 miserat,
3609 3319 3733 3362 cum

2128 3383 2422 3439 duodecim
2476 3381 2697 3443 levitis:
2762 3391 2850 3443 vix
2901 3391 3048 3445 enim
3097 3390 3188 3447 hic
3243 3409 3501 3450 numerus
3548 3396 3733 3460 exilia

2131 3477 2275 3532 tribu
2319 3491 2566 3549 repertus
2619 3481 2870 3546 traditur.
2906 3482 2956 3540 Is
3000 3501 3122 3540 cum
3155 3486 3613 3558 deprehendisset
3633 3489 3735 3550 Ju-

2131 3567 2284 3624 dicos
2328 3572 2612 3641 gentilium
2654 3575 2945 3631 connubiis
2986 3579 3297 3645 permistos,
3333 3581 3518 3640 multis
3558 3583 3733 3641 inere-

2133 3661 2275 3731 pitos
2328 3664 2644 3719 renuntiare
2693 3666 3000 3723 istiusmodi
3048 3673 3432 3739 matrimoniis,
3484 3690 3548 3730 ac
3592 3675 3735 3732 filios

2133 3769 2205 3810 ex
2256 3755 2344 3811 itis
2401 3768 2686 3827 susceptos
2742 3761 2957 3816 extrudi
3011 3764 3204 3832 jubet:
3260 3782 3557 3840 ornncsqne
3589 3769 3736 3824 dicto

2133 3861 2369 3917 paruere
2411 3867 2426 3905 :
2457 3862 2718 3922 purgatus
2747 3855 2979 3926 populus
3011 3857 3209 3912 veteris
3250 3857 3384 3929 legis
3417 3861 3577 3922 ritum
3613 3878 3738 3940 age-

2133 3941 2248 3996 bat.
2291 3941 2564 3997 Caetcrum
2598 3943 2823 4014 Esdram
2878 3946 3012 4003 nihil
3063 3965 3230 4020 super
3279 3951 3572 4012 reﬁcienda
3605 3958 3738 4014 urbe

2135 4039 2315 4108 rgisse
2337 4040 2621 4108 comperio
2653 4057 2666 4092 :
2699 4041 2886 4107 credo,
2922 4046 3187 4119 potiorem
3219 4061 3404 4118 curam
3450 4059 3601 4114 ratus
3628 4052 3742 4126 ple-

2137 4130 2260 4186 bem
2292 4135 2560 4206 corruptis
2582 4135 2824 4191 moribus
2856 4135 3170 4208 reformare.

2211 4225 2302 4281 XI.
2337 4227 2468 4282 Erat
2494 4243 2555 4282 ea
2583 4238 2905 4300 tempestate
2927 4233 3072 4310 apud
3098 4235 3452 4310 Babyloniam
3494 4239 3750 4306 Neemtas

2141 4319 2396 4374 minister
2423 4322 2633 4392 regius,
2662 4332 2823 4393 gente
2844 4324 3084 4400 Judarus,
3110 4327 3400 4396 Artaxerxi
3430 4335 3626 4391 merito
3648 4337 3749 4400 ob.

2145 4413 2465 4483 scquiorum
2495 4414 2878 4472 eharissimus.
2903 4417 2952 4477 is
2975 4418 3196 4480 Judazos
3221 4437 3601 4498 percontatus,
3625 4431 3748 4508 quis

437 4487 506 4569 ne
536 4511 680 4569 Medi
701 4524 918 4565 menses
956 4511 1168 4577 septem
1194 4503 1490 4558 Persarum
1517 4515 1747 4594 regnum
1779 4497 2044 4594 Lobtinue-
2151 4517 2394 4577 palen”,
2441 4509 2593 4564 urbis
2619 4518 2795 4570 sums
2830 4524 2976 4568 esset
2995 4557 3009 4584 ’
3049 4515 3138 4580 ubi
3171 4487 3438 4594 cémpem
3467 4521 3520 4576 in
3554 4487 3747 4590 maxim

439 4613 586 4661 runt.
620 4604 703 4659 Ad
737 4605 838 4657 hos
870 4595 1283 4656 interﬁciendos
1305 4602 1516 4664 septem
1548 4589 1870 4648 nobilissimi
1910 4589 2047 4643 Per-

439 4717 520 4756 ει
563 4697 1013 4768 coniuraverunt,
1077 4705 1311 4764 quorum
1367 4688 1627 4759 princeps
1697 4683 1798 4738 fuit
1854 4683 2048 4737 Darius

445 4790 730 4863 Hystaspis
799 4788 966 4853 ﬁlius,
1021 4793 1182 4840 natus
1236 4797 1307 4839 ex
1372 4781 1542 4836 fratre
1592 4777 1841 4849 patruele
1889 4774 2048 4848 Cyri,

445 4885 798 4955 omniumque
829 4895 1111 4938 consensu
1153 4892 1386 4948 regnum
1413 4875 1466 4930 ei
1493 4874 1735 4931 delatum
1761 4889 1776 4927 ε
1801 4871 2052 4942 regnavit

445 4996 621 5038 annos
642 4996 741 5035 sex
768 4988 825 5034 et
855 4978 1104 5047 triginta.
1135 4973 1236 5029 llic
1275 4979 1404 5027 ante
1433 4971 1856 5040 qumlrienniurn
1885 4984 2048 5039 quam

446 5074 763 5139 decederet,
793 5071 940 5142 apud
980 5067 1358 5124 Marathonam
1387 5064 1651 5136 pugnavit
1692 5061 2054 5119 celeberrimo

443 5166 661 5224 Graecis
681 5163 1056 5232 Romanisque
1083 5157 1331 5216 historiis
1353 5157 1572 5228 praeiio.
1613 5153 1670 5209 id
1693 5163 1905 5226 gestum
1935 5165 2057 5223 post

451 5255 1014 5315 Roman-conditam
1067 5268 1214 5308 anno
1251 5252 1367 5307 fere
1403 5248 1794 5309 ducentesimo
1811 5256 1872 5303 et
1895 5260 2057 5302 sexa-

447 5355 688 5427 gesimo,
721 5350 998 5406 Ilaecrino
1044 5355 1106 5407 et
1151 5343 1436 5415 Augur-ine
1453 5341 1802 5407 eonsttlibus,
1859 5340 2059 5396 abhinc

445 5460 654 5510 annos,
691 5445 742 5498 si
774 5455 954 5498 tamen
997 5437 1350 5508 investigatio
1377 5435 1748 5492 Romanorum
1767 5435 2057 5490 consilium

454 5556 562 5598 non
595 5539 816 5605 fefellit,
843 5554 897 5593 ra
931 5552 1034 5594 ccc
1060 5549 1214 5590 Lux
1241 5543 1300 5588 et
1346 5545 1442 5585 νηί
1465 5548 1484 5584 τ
1511 5543 1680 5585 omne
1728 5531 1876 5587 enim
1924 5540 2061 5586 tem-

459 5641 562 5701 pus
606 5633 664 5688 in
713 5633 1037 5690 Stiiiconem
1091 5626 1374 5686 consulem
1419 5623 1623 5680 direxi.
1670 5624 1805 5680 Post
1843 5624 2062 5680 Darium

467 5723 673 5783 Xerses
743 5727 884 5793 fuit,
945 5725 1102 5794 isque
1167 5735 1337 5779 unum
1386 5727 1450 5774 et
1495 5716 1691 5789 viginti
1749 5732 1924 5775 annos
1971 5732 2062 5776 rc-

2151 4599 2326 4655 ruinis
2369 4601 2556 4670 jacere
2599 4602 2830 4672 patriam
2860 4646 2874 4670 ,
2911 4605 3040 4660 tntis
3069 4607 3319 4664 sensibus
3348 4613 3707 4679 conturbatus
3731 4656 3748 4682 ,

2153 4707 2278 4747 cum
2324 4694 2528 4764 gemitu
2573 4695 2866 4766 multisque
2914 4697 3172 4772 iacrymis
3225 4717 3415 4759 orasse
3460 4705 3527 4768 ad
3577 4705 3748 4782 Deum

2157 4783 2414 4852 traditur,
2467 4785 2667 4842 delicta
2708 4787 2892 4858 gentis
2937 4803 3050 4844 suae
3097 4802 3393 4872 reputans,
3443 4797 3758 4868 misericor-

2157 4877 2416 4950 diamque
2456 4878 2698 4935 divinam
2741 4880 3068 4956 efﬂagitans.
3113 4885 3285 4960 igitur
3327 4905 3448 4946 cum
3495 4907 3618 4956 eum
3659 4881 3756 4962 rex

2155 4971 2306 5026 inter
2333 4971 2527 5041 epulas
2550 4981 2806 5030 maestum
2831 4987 2982 5031 extra
3007 4977 3228 5044 solitum
3254 4963 3760 5060 animadvertisset,

2158 5061 2415 5142 poposcit
2462 5065 2534 5121 ab
2586 5081 2654 5122 eo
2705 5081 2926 5124 causam
2983 5068 3234 5134 dolorum
3298 5086 3357 5132 ut
3407 5095 3756 5158 exponeret;

2158 5165 2274 5213 tum
2329 5158 2421 5215 ille
2472 5159 2702 5216 adversa
2751 5165 2929 5234 gentis
2980 5180 3094 5220 suae
3149 5177 3204 5224 et
3260 5171 3476 5238 ruinam
3523 5176 3761 5252 civitatis

2160 5253 2364 5311 deflere
2389 5297 2402 5321 ,
2435 5267 2556 5326 quae
2594 5255 2706 5326 jam
2739 5273 2834 5327 per
2861 5274 3034 5315 annos
3065 5259 3180 5318 fere
3222 5263 3490 5332 ducentos
3520 5283 3574 5334 et
3603 5272 3762 5343 quin:

2163 5347 2419 5422 quaginta
2450 5348 2570 5404 solo
2607 5358 2812 5414 strata,
2844 5353 3108 5410 malorum
3154 5358 3556 5434 testimonium,
3603 5378 3762 5442 spec-

2163 5443 2407 5496 taculum
2465 5443 2707 5500 inimicis
2768 5447 3091 5526 praeberet:
3139 5449 3292 5506 daret
3344 5453 3448 5518 sibi
3498 5457 3659 5520 eundi
3701 5469 3769 5522 et

2167 5535 2523 5630 restituenda:
2548 5539 2666 5608 ejus
2696 5548 3049 5610 potestatem.
3097 5545 3282 5601 Paruit
3325 5563 3415 5615 res
3449 5551 3552 5630 piis
3581 5526 3763 5621 preci.-

2163 5625 2290 5694 bus,
2322 5629 2619 5699 statimque
2649 5647 2770 5685 eum
2802 5649 2924 5689 cum
2955 5635 3213 5708 praesidio
3244 5625 3511 5718 equitum,
3544 5659 3652 5715 quo
3685 5657 3772 5710 tu.-

2171 5724 2278 5779 tius
2299 5724 2405 5781 iter
2426 5731 2630 5796 ageret,
2665 5723 2892 5794 dimisit,
2919 5728 3060 5791 datis
3087 5731 3154 5785 ad
3184 5737 3453 5802 praetores
3483 5719 3766 5824 epistolis,
